|j|☆dibs
|j|☆sassy ylay
|t:|1639702149
|gametype|singles
|player|p1|dibs|burglar-gen1|1340
|player|p2|sassy ylay|clown|1325
|teamsize|p1|6
|teamsize|p2|6
|gen|8
|tier|[Gen 8] PU
|rated|
|rule|Sleep Clause Mod: Limit one foe put to sleep
|rule|Species Clause: Limit one of each Pokémon
|rule|OHKO Clause: OHKO moves are banned
|rule|Evasion Moves Clause: Evasion moves are banned
|rule|Endless Battle Clause: Forcing endless battles is banned
|rule|HP Percentage Mod: HP is shown in percentages
|rule|Dynamax Clause: You cannot dynamax
|clearpoke
|poke|p1|Archeops, M|
|poke|p1|Lanturn, F|
|poke|p1|Vikavolt, F|
|poke|p1|Exeggutor, F|
|poke|p1|Ferroseed, M|
|poke|p1|Mesprit|
|poke|p2|Drifblim, M|
|poke|p2|Ribombee, F|
|poke|p2|Ferroseed, M|
|poke|p2|Regirock|
|poke|p2|Cryogonal|
|poke|p2|Flapple, F|
|teampreview
|
|t:|1639702163
|start
|switch|p1a: Vikavolt|Vikavolt, F|100/100
|switch|p2a: Flapple|Flapple, F|100/100
|turn|1
|
|t:|1639702167
|move|p2a: Flapple|U-turn|p1a: Vikavolt
|-damage|p1a: Vikavolt|74/100
|
|t:|1639702169
|switch|p2a: Cryogonal|Cryogonal|100/100|[from]move: U-turn
|move|p1a: Vikavolt|Bug Buzz|p2a: Cryogonal
|-damage|p2a: Cryogonal|56/100
|
|upkeep
|turn|2
|
|t:|1639702183
|move|p2a: Cryogonal|Toxic|p1a: Vikavolt
|-status|p1a: Vikavolt|tox
|move|p1a: Vikavolt|Roost|p1a: Vikavolt
|-heal|p1a: Vikavolt|100/100 tox
|-singleturn|p1a: Vikavolt|move: Roost
|
|-damage|p1a: Vikavolt|94/100 tox|[from] psn
|upkeep
|turn|3
|
|t:|1639702186
|switch|p1a: Ferroseed|Ferroseed, M|100/100
|move|p2a: Cryogonal|Recover|p2a: Cryogonal
|-heal|p2a: Cryogonal|100/100
|
|upkeep
|turn|4
|
|t:|1639702196
|switch|p2a: Ferroseed|Ferroseed, M|100/100
|move|p1a: Ferroseed|Stealth Rock|p2a: Ferroseed
|-sidestart|p2: sassy ylay|move: Stealth Rock
|
|upkeep
|turn|5
|
|t:|1639702202
|move|p2a: Ferroseed|Spikes|p1a: Ferroseed
|-sidestart|p1: dibs|Spikes
|move|p1a: Ferroseed|Spikes|p2a: Ferroseed
|-sidestart|p2: sassy ylay|Spikes
|
|upkeep
|turn|6
|
|t:|1639702204
|move|p1a: Ferroseed|Spikes|p2a: Ferroseed
|-sidestart|p2: sassy ylay|Spikes
|move|p2a: Ferroseed|Spikes|p1a: Ferroseed
|-sidestart|p1: dibs|Spikes
|
|upkeep
|turn|7
|
|t:|1639702207
|move|p1a: Ferroseed|Spikes|p2a: Ferroseed
|-sidestart|p2: sassy ylay|Spikes
|move|p2a: Ferroseed|Spikes|p1a: Ferroseed
|-sidestart|p1: dibs|Spikes
|
|upkeep
|turn|8
|
|t:|1639702210
|move|p1a: Ferroseed|Leech Seed|p2a: Ferroseed
|-immune|p2a: Ferroseed
|move|p2a: Ferroseed|Toxic|p1a: Ferroseed|[miss]
|-miss|p2a: Ferroseed|p1a: Ferroseed
|
|upkeep
|turn|9
|
|t:|1639702217
|move|p1a: Ferroseed|Stealth Rock||[still]
|-fail|p1a: Ferroseed
|move|p2a: Ferroseed|Toxic|p1a: Ferroseed
|-immune|p1a: Ferroseed
|
|upkeep
|turn|10
|
|t:|1639702222
|move|p2a: Ferroseed|Spikes||[still]
|-fail|p2a: Ferroseed
|move|p1a: Ferroseed|Leech Seed|p2a: Ferroseed
|-immune|p2a: Ferroseed
|
|upkeep
|turn|11
|
|t:|1639702225
|switch|p2a: Drifblim|Drifblim, M|100/100
|move|p1a: Ferroseed|Stealth Rock||[still]
|-fail|p1a: Ferroseed
|
|upkeep
|turn|12
|
|t:|1639702231
|move|p2a: Drifblim|Will-O-Wisp|p1a: Ferroseed
|-status|p1a: Ferroseed|brn
|move|p1a: Ferroseed|Gyro Ball|p2a: Drifblim
|-crit|p2a: Drifblim
|-damage|p2a: Drifblim|78/100
|
|-damage|p1a: Ferroseed|94/100 brn|[from] brn
|upkeep
|turn|13
|
|t:|1639702237
|switch|p2a: Ferroseed|Ferroseed, M|100/100
|-damage|p2a: Ferroseed|75/100|[from] Spikes
|-damage|p2a: Ferroseed|69/100|[from] Stealth Rock
|switch|p1a: Vikavolt|Vikavolt, F|94/100 tox
|
|-damage|p1a: Vikavolt|88/100 tox|[from] psn
|upkeep
|turn|14
|
|t:|1639702242
|switch|p2a: Cryogonal|Cryogonal|100/100
|move|p1a: Vikavolt|Bug Buzz|p2a: Cryogonal
|-damage|p2a: Cryogonal|61/100
|
|-damage|p1a: Vikavolt|76/100 tox|[from] psn
|upkeep
|turn|15
|
|t:|1639702249
|switch|p1a: Archeops|Archeops, M|100/100
|move|p2a: Cryogonal|Rapid Spin|p1a: Archeops
|-resisted|p1a: Archeops
|-damage|p1a: Archeops|96/100
|-boost|p2a: Cryogonal|spe|1
|-sideend|p2: sassy ylay|Spikes|[from] move: Rapid Spin|[of] p2a: Cryogonal
|-sideend|p2: sassy ylay|Stealth Rock|[from] move: Rapid Spin|[of] p2a: Cryogonal
|
|upkeep
|turn|16
|
|t:|1639702254
|move|p2a: Cryogonal|Ice Beam|p1a: Archeops
|-supereffective|p1a: Archeops
|-damage|p1a: Archeops|1/100
|-status|p1a: Archeops|frz
|cant|p1a: Archeops|frz
|
|upkeep
|turn|17
|-message|dibs forfeited.
|
|win|sassy ylay
|raw|dibs's rating: 1340 &rarr; <strong>1319</strong><br />(-21 for losing)
|raw|sassy ylay's rating: 1325 &rarr; <strong>1346</strong><br />(+21 for winning)
|l|☆dibs
