|j|☆CaterpieTwaterpie
|j|☆yassy slay
|t:|1655743687
|gametype|singles
|player|p1|CaterpieTwaterpie|clown|1349
|player|p2|yassy slay|clown|1501
|teamsize|p1|6
|teamsize|p2|6
|gen|8
|tier|[Gen 8] PU
|rated|
|rule|Sleep Clause Mod: Limit one foe put to sleep
|rule|Species Clause: Limit one of each Pokémon
|rule|OHKO Clause: OHKO moves are banned
|rule|Evasion Moves Clause: Evasion moves are banned
|rule|Endless Battle Clause: Forcing endless battles is banned
|rule|HP Percentage Mod: HP is shown in percentages
|rule|Dynamax Clause: You cannot dynamax
|clearpoke
|poke|p1|Comfey, F|
|poke|p1|Corsola, M|
|poke|p1|Weezing, F|
|poke|p1|Emolga, F|
|poke|p1|Trevenant, F|
|poke|p1|Gallade, M|
|poke|p2|Lycanroc, F|
|poke|p2|Flapple, F|
|poke|p2|Silvally-*|
|poke|p2|Accelgor, M|
|poke|p2|Sawk, M|
|poke|p2|Cursola, F|
|teampreview
|
|t:|1655743705
|start
|switch|p1a: sponge|Corsola, M|100/100
|switch|p2a: Lycanroc|Lycanroc, F|100/100
|turn|1
|
|t:|1655743709
|move|p2a: Lycanroc|Taunt|p1a: sponge
|-start|p1a: sponge|move: Taunt
|move|p1a: sponge|Scald|p2a: Lycanroc
|-supereffective|p2a: Lycanroc
|-damage|p2a: Lycanroc|35/100
|-status|p2a: Lycanroc|brn
|
|-damage|p2a: Lycanroc|28/100 brn|[from] brn
|upkeep
|turn|2
|
|t:|1655743716
|move|p2a: Lycanroc|Stealth Rock|p1a: sponge
|-sidestart|p1: CaterpieTwaterpie|move: Stealth Rock
|move|p1a: sponge|Scald|p2a: Lycanroc
|-supereffective|p2a: Lycanroc
|-damage|p2a: Lycanroc|0 fnt
|faint|p2a: Lycanroc
|
|upkeep
|
|t:|1655743724
|switch|p2a: Accelgor|Accelgor, M|100/100
|turn|3
|
|t:|1655743728
|switch|p1a: Arbortion|Trevenant, F|100/100
|-damage|p1a: Arbortion|88/100|[from] Stealth Rock
|move|p2a: Accelgor|Focus Blast|p1a: Arbortion
|-immune|p1a: Arbortion
|
|upkeep
|turn|4
|
|t:|1655743735
|switch|p2a: Sawk|Sawk, M|100/100
|move|p1a: Arbortion|Poltergeist|p2a: Sawk
|-activate|p2a: Sawk|move: Poltergeist|Heavy Ball
|-damage|p2a: Sawk|24/100
|
|upkeep
|turn|5
|
|t:|1655743751
|switch|p1a: SwallowMyComfey|Comfey, F|100/100
|-damage|p1a: SwallowMyComfey|88/100|[from] Stealth Rock
|move|p2a: Sawk|Knock Off|p1a: SwallowMyComfey
|-resisted|p1a: SwallowMyComfey
|-damage|p1a: SwallowMyComfey|71/100
|-enditem|p1a: SwallowMyComfey|Big Root|[from] move: Knock Off|[of] p2a: Sawk
|
|upkeep
|turn|6
|
|t:|1655743757
|switch|p2a: Silvally|Silvally-Poison|100/100
|move|p1a: SwallowMyComfey|Draining Kiss|p2a: Silvally
|-resisted|p2a: Silvally
|-damage|p2a: Silvally|91/100
|-heal|p1a: SwallowMyComfey|78/100|[from] drain|[of] p2a: Silvally
|
|upkeep
|turn|7
|
|t:|1655743763
|switch|p1a: Dot Cotton (RIP)|Weezing, F|100/100
|-damage|p1a: Dot Cotton (RIP)|88/100|[from] Stealth Rock
|move|p2a: Silvally|Work Up|p2a: Silvally
|-boost|p2a: Silvally|atk|1
|-boost|p2a: Silvally|spa|1
|
|upkeep
|turn|8
|
|t:|1655743769
|move|p2a: Silvally|Flamethrower|p1a: Dot Cotton (RIP)
|-damage|p1a: Dot Cotton (RIP)|44/100
|move|p1a: Dot Cotton (RIP)|Pain Split|p2a: Silvally
|-sethp|p2a: Silvally|66/100|[from] move: Pain Split|[silent]
|-sethp|p1a: Dot Cotton (RIP)|70/100|[from] move: Pain Split
|
|upkeep
|turn|9
|
|t:|1655743774
|move|p2a: Silvally|Flamethrower|p1a: Dot Cotton (RIP)
|-damage|p1a: Dot Cotton (RIP)|27/100
|move|p1a: Dot Cotton (RIP)|Fire Blast|p2a: Silvally
|-damage|p2a: Silvally|24/100
|-damage|p1a: Dot Cotton (RIP)|17/100|[from] item: Life Orb
|
|upkeep
|turn|10
|
|t:|1655743785
|move|p2a: Silvally|Flamethrower|p1a: Dot Cotton (RIP)
|-damage|p1a: Dot Cotton (RIP)|0 fnt
|faint|p1a: Dot Cotton (RIP)
|
|upkeep
|
|t:|1655743803
|switch|p1a: Gallaids|Gallade, M|100/100
|-damage|p1a: Gallaids|94/100|[from] Stealth Rock
|turn|11
|
|t:|1655743808
|move|p1a: Gallaids|Zen Headbutt|p2a: Silvally
|-supereffective|p2a: Silvally
|-damage|p2a: Silvally|0 fnt
|faint|p2a: Silvally
|
|upkeep
|
|t:|1655743816
|switch|p2a: Cursola|Cursola, F|100/100
|turn|12
|
|t:|1655743827
|move|p1a: Gallaids|Zen Headbutt|p2a: Cursola
|-damage|p2a: Cursola|4/100
|-ability|p2a: Cursola|Weak Armor|boost
|-unboost|p2a: Cursola|def|1
|-boost|p2a: Cursola|spe|2
|move|p2a: Cursola|Shadow Ball|p1a: Gallaids
|-supereffective|p1a: Gallaids
|-damage|p1a: Gallaids|0 fnt
|faint|p1a: Gallaids
|
|upkeep
|
|t:|1655743837
|switch|p1a: SwallowMyComfey|Comfey, F|78/100
|-damage|p1a: SwallowMyComfey|66/100|[from] Stealth Rock
|turn|13
|
|t:|1655743844
|move|p1a: SwallowMyComfey|Draining Kiss|p2a: Cursola
|-damage|p2a: Cursola|0 fnt
|-heal|p1a: SwallowMyComfey|68/100|[from] drain|[of] p2a: Cursola
|faint|p2a: Cursola
|
|upkeep
|
|t:|1655743846
|switch|p2a: Accelgor|Accelgor, M|100/100
|turn|14
|
|t:|1655743849
|switch|p1a: Pachimaruchu|Emolga, F|100/100
|move|p2a: Accelgor|Final Gambit|p1a: Pachimaruchu
|-damage|p1a: Pachimaruchu|0 fnt
|faint|p2a: Accelgor
|faint|p1a: Pachimaruchu
|
|upkeep
|
|t:|1655743854
|switch|p2a: Flapple|Flapple, F|100/100
|switch|p1a: Arbortion|Trevenant, F|88/100
|-damage|p1a: Arbortion|76/100|[from] Stealth Rock
|turn|15
|
|t:|1655743858
|move|p1a: Arbortion|Endure|p1a: Arbortion
|-singleturn|p1a: Arbortion|move: Endure
|move|p2a: Flapple|Substitute|p2a: Flapple
|-start|p2a: Flapple|Substitute
|-damage|p2a: Flapple|75/100
|
|upkeep
|turn|16
|
|t:|1655743868
|switch|p1a: sponge|Corsola, M|100/100
|-damage|p1a: sponge|88/100|[from] Stealth Rock
|move|p2a: Flapple|Dragon Dance|p2a: Flapple
|-boost|p2a: Flapple|atk|1
|-boost|p2a: Flapple|spe|1
|
|upkeep
|turn|17
|
|t:|1655743871
|move|p2a: Flapple|Grav Apple|p1a: sponge
|-supereffective|p1a: sponge
|-enditem|p1a: sponge|Rindo Berry|[eat]
|-enditem|p1a: sponge|Rindo Berry|[weaken]
|-damage|p1a: sponge|0 fnt
|faint|p1a: sponge
|
|upkeep
|j| Haffling
|
|t:|1655743873
|switch|p1a: Arbortion|Trevenant, F|76/100
|-damage|p1a: Arbortion|63/100|[from] Stealth Rock
|turn|18
|
|t:|1655743879
|move|p2a: Flapple|Acrobatics|p1a: Arbortion
|-supereffective|p1a: Arbortion
|-damage|p1a: Arbortion|4/100
|move|p1a: Arbortion|Poltergeist|p2a: Flapple
|-activate|p2a: Flapple|move: Poltergeist|Liechi Berry
|-end|p2a: Flapple|Substitute
|
|upkeep
|turn|19
|-enditem|p1a: Arbortion|Custap Berry|[eat]
|-activate|p1a: Arbortion|item: Custap Berry|[consumed]
|
|t:|1655743885
|move|p1a: Arbortion|Poltergeist|p2a: Flapple
|-activate|p2a: Flapple|move: Poltergeist|Liechi Berry
|-damage|p2a: Flapple|0 fnt
|faint|p2a: Flapple
|
|-item|p1a: Arbortion|Custap Berry|[from] ability: Harvest
|upkeep
|
|t:|1655743889
|switch|p2a: Sawk|Sawk, M|24/100
|turn|20
|-enditem|p1a: Arbortion|Custap Berry|[eat]
|-activate|p1a: Arbortion|item: Custap Berry|[consumed]
|
|t:|1655743893
|move|p1a: Arbortion|Seed Bomb|p2a: Sawk
|-damage|p2a: Sawk|0 fnt
|faint|p2a: Sawk
|
|win|CaterpieTwaterpie
|raw|CaterpieTwaterpie's rating: 1349 &rarr; <strong>1377</strong><br />(+28 for winning)
|raw|yassy slay's rating: 1501 &rarr; <strong>1473</strong><br />(-28 for losing)
|c|☆yassy slay|gg
