|raw|<div class="broadcast-blue"><strong>This battle is required to be public due to a player having a name starting with 'pult4s3'.</div>
|j|☆Elisplash
|j|☆PULT4S3 Prod
|t:|1661920032
|gametype|singles
|player|p1|Elisplash|1|1202
|player|p2|PULT4S3 Prod|falkner-gen2|1189
|teamsize|p1|6
|teamsize|p2|6
|gen|8
|tier|[Gen 8] PU
|rated|
|rule|Sleep Clause Mod: Limit one foe put to sleep
|rule|Species Clause: Limit one of each Pokémon
|rule|OHKO Clause: OHKO moves are banned
|rule|Evasion Items Clause: Evasion items are banned
|rule|Evasion Moves Clause: Evasion moves are banned
|rule|Endless Battle Clause: Forcing endless battles is banned
|rule|HP Percentage Mod: HP is shown in percentages
|rule|Dynamax Clause: You cannot dynamax
|clearpoke
|poke|p1|Aromatisse, M|
|poke|p1|Weezing, M|
|poke|p1|Articuno-Galar|
|poke|p1|Sandaconda, M|
|poke|p1|Hitmonlee, M|
|poke|p1|Persian-Alola, M|
|poke|p2|Archeops, F|
|poke|p2|Frosmoth, F|
|poke|p2|Scrafty, F|
|poke|p2|Vikavolt, M|
|poke|p2|Druddigon, F|
|poke|p2|Doublade, F|
|teampreview
|
|t:|1661920044
|start
|switch|p1a: Persian|Persian-Alola, M|100/100
|switch|p2a: Druddigon|Druddigon, F|100/100
|turn|1
|
|t:|1661920047
|move|p1a: Persian|Taunt|p2a: Druddigon
|-start|p2a: Druddigon|move: Taunt
|cant|p2a: Druddigon|move: Taunt|Glare
|
|upkeep
|turn|2
|
|t:|1661920055
|switch|p2a: Scrafty|Scrafty, F|100/100
|move|p1a: Persian|Parting Shot|p2a: Scrafty
|-unboost|p2a: Scrafty|atk|1
|-unboost|p2a: Scrafty|spa|1
|
|t:|1661920063
|switch|p1a: Hitmonlee|Hitmonlee, M|100/100|[from]move: Parting Shot
|
|upkeep
|turn|3
|
|t:|1661920068
|switch|p2a: Druddigon|Druddigon, F|100/100
|move|p1a: Hitmonlee|Close Combat|p2a: Druddigon
|-damage|p2a: Druddigon|30/100
|-unboost|p1a: Hitmonlee|def|1
|-unboost|p1a: Hitmonlee|spd|1
|-damage|p1a: Hitmonlee|88/100|[from] ability: Rough Skin|[of] p2a: Druddigon
|
|upkeep
|turn|4
|
|t:|1661920074
|switch|p2a: Doublade|Doublade, F|100/100
|move|p1a: Hitmonlee|Close Combat|p2a: Doublade
|-immune|p2a: Doublade
|
|upkeep
|turn|5
|
|t:|1661920079
|switch|p1a: Persian|Persian-Alola, M|100/100
|switch|p2a: Druddigon|Druddigon, F|30/100
|
|upkeep
|turn|6
|
|t:|1661920086
|switch|p2a: Scrafty|Scrafty, F|100/100
|move|p1a: Persian|Taunt|p2a: Scrafty
|-start|p2a: Scrafty|move: Taunt
|
|upkeep
|turn|7
|
|t:|1661920089
|move|p1a: Persian|Parting Shot|p2a: Scrafty
|-unboost|p2a: Scrafty|atk|1
|-unboost|p2a: Scrafty|spa|1
|
|t:|1661920097
|switch|p1a: Sandaconda|Sandaconda, M|100/100|[from]move: Parting Shot
|move|p2a: Scrafty|Knock Off|p1a: Sandaconda
|-damage|p1a: Sandaconda|81/100
|-enditem|p1a: Sandaconda|Leftovers|[from] move: Knock Off|[of] p2a: Scrafty
|
|upkeep
|turn|8
|
|t:|1661920103
|switch|p2a: Druddigon|Druddigon, F|30/100
|move|p1a: Sandaconda|Coil|p1a: Sandaconda
|-boost|p1a: Sandaconda|atk|1
|-boost|p1a: Sandaconda|def|1
|-boost|p1a: Sandaconda|accuracy|1
|
|upkeep
|turn|9
|
|t:|1661920109
|move|p2a: Druddigon|Glare|p1a: Sandaconda
|-status|p1a: Sandaconda|par
|cant|p1a: Sandaconda|par
|
|upkeep
|turn|10
|
|t:|1661920112
|move|p2a: Druddigon|Taunt|p1a: Sandaconda
|-start|p1a: Sandaconda|move: Taunt
|cant|p1a: Sandaconda|move: Taunt|Coil
|
|-activate|p1a: Sandaconda|ability: Shed Skin
|-curestatus|p1a: Sandaconda|par|[msg]
|upkeep
|turn|11
|
|t:|1661920114
|move|p2a: Druddigon|Glare|p1a: Sandaconda
|-status|p1a: Sandaconda|par
|move|p1a: Sandaconda|Earthquake|p2a: Druddigon
|-damage|p2a: Druddigon|0 fnt
|faint|p2a: Druddigon
|
|upkeep
|
|t:|1661920119
|switch|p2a: Vikavolt|Vikavolt, M|100/100
|turn|12
|
|t:|1661920123
|move|p2a: Vikavolt|Bug Buzz|p1a: Sandaconda
|-damage|p1a: Sandaconda|16/100 par
|-enditem|p2a: Vikavolt|Throat Spray
|-boost|p2a: Vikavolt|spa|1|[from] item: Throat Spray
|move|p1a: Sandaconda|Stone Edge|p2a: Vikavolt
|-supereffective|p2a: Vikavolt
|-damage|p2a: Vikavolt|0 fnt
|faint|p2a: Vikavolt
|
|-end|p1a: Sandaconda|move: Taunt
|upkeep
|
|t:|1661920127
|switch|p2a: Scrafty|Scrafty, F|100/100
|turn|13
|
|t:|1661920133
|switch|p1a: Persian|Persian-Alola, M|100/100
|move|p2a: Scrafty|Knock Off|p1a: Persian
|-resisted|p1a: Persian
|-damage|p1a: Persian|86/100
|-enditem|p1a: Persian|Leftovers|[from] move: Knock Off|[of] p2a: Scrafty
|
|upkeep
|turn|14
|
|t:|1661920140
|move|p1a: Persian|Knock Off|p2a: Scrafty
|-resisted|p2a: Scrafty
|-damage|p2a: Scrafty|94/100
|-enditem|p2a: Scrafty|Roseli Berry|[from] move: Knock Off|[of] p1a: Persian
|move|p2a: Scrafty|Dragon Dance|p2a: Scrafty
|-boost|p2a: Scrafty|atk|1
|-boost|p2a: Scrafty|spe|1
|
|upkeep
|turn|15
|
|t:|1661920147
|move|p1a: Persian|Taunt|p2a: Scrafty
|-start|p2a: Scrafty|move: Taunt
|move|p2a: Scrafty|Poison Jab|p1a: Persian
|-damage|p1a: Persian|61/100
|-status|p1a: Persian|psn
|
|-damage|p1a: Persian|49/100 psn|[from] psn
|upkeep
|turn|16
|
|t:|1661920152
|move|p1a: Persian|Parting Shot|p2a: Scrafty
|-unboost|p2a: Scrafty|atk|1
|-unboost|p2a: Scrafty|spa|1
|
|t:|1661920158
|switch|p1a: Hitmonlee|Hitmonlee, M|88/100|[from]move: Parting Shot
|move|p2a: Scrafty|Knock Off|p1a: Hitmonlee
|-resisted|p1a: Hitmonlee
|-damage|p1a: Hitmonlee|45/100
|-enditem|p1a: Hitmonlee|Assault Vest|[from] move: Knock Off|[of] p2a: Scrafty
|
|upkeep
|turn|17
|
|t:|1661920164
|switch|p2a: Doublade|Doublade, F|100/100
|move|p1a: Hitmonlee|Close Combat|p2a: Doublade
|-immune|p2a: Doublade
|
|upkeep
|turn|18
|
|t:|1661920171
|switch|p1a: Weezing|Weezing, M|100/100
|move|p2a: Doublade|Shadow Claw|p1a: Weezing
|-damage|p1a: Weezing|71/100
|
|-heal|p1a: Weezing|77/100|[from] item: Black Sludge
|upkeep
|turn|19
|
|t:|1661920177
|switch|p2a: Archeops|Archeops, F|100/100
|move|p1a: Weezing|Fire Blast|p2a: Archeops
|-resisted|p2a: Archeops
|-damage|p2a: Archeops|73/100
|
|-heal|p1a: Weezing|83/100|[from] item: Black Sludge
|upkeep
|turn|20
|
|t:|1661920182
|move|p2a: Archeops|Meteor Beam||[still]
|-prepare|p2a: Archeops|Meteor Beam
|-boost|p2a: Archeops|spa|1
|-enditem|p2a: Archeops|Power Herb
|-anim|p2a: Archeops|Meteor Beam|p1a: Weezing
|-damage|p1a: Weezing|0 fnt
|faint|p1a: Weezing
|
|upkeep
|inactive|Battle timer is ON: inactive players will automatically lose when time's up. (requested by PULT4S3 Prod)
|
|t:|1661920198
|switch|p1a: Persian|Persian-Alola, M|49/100 psn
|turn|21
|
|t:|1661920202
|move|p1a: Persian|Parting Shot|p2a: Archeops
|-unboost|p2a: Archeops|atk|1
|-unboost|p2a: Archeops|spa|1
|
|t:|1661920206
|switch|p1a: Sandaconda|Sandaconda, M|16/100 par|[from]move: Parting Shot
|move|p2a: Archeops|Air Slash|p1a: Sandaconda
|-damage|p1a: Sandaconda|0 fnt
|faint|p1a: Sandaconda
|
|upkeep
|
|t:|1661920219
|switch|p1a: Persian|Persian-Alola, M|49/100 psn
|turn|22
|
|t:|1661920225
|move|p1a: Persian|Parting Shot|p2a: Archeops
|-unboost|p2a: Archeops|atk|1
|-unboost|p2a: Archeops|spa|1
|
|t:|1661920228
|switch|p1a: Aromatisse|Aromatisse, M|100/100|[from]move: Parting Shot
|move|p2a: Archeops|Meteor Beam||[still]
|-prepare|p2a: Archeops|Meteor Beam
|-boost|p2a: Archeops|spa|1
|
|upkeep
|turn|23
|
|t:|1661920238
|move|p1a: Aromatisse|Protect|p1a: Aromatisse
|-singleturn|p1a: Aromatisse|Protect
|move|p2a: Archeops|Meteor Beam|p1a: Aromatisse|[from]lockedmove
|-activate|p1a: Aromatisse|move: Protect
|
|upkeep
|turn|24
|
|t:|1661920245
|switch|p2a: Doublade|Doublade, F|100/100
|move|p1a: Aromatisse|Moonblast|p2a: Doublade
|-resisted|p2a: Doublade
|-damage|p2a: Doublade|82/100
|
|upkeep
|turn|25
|
|t:|1661920257
|switch|p1a: Articuno|Articuno-Galar|100/100
|move|p2a: Doublade|Swords Dance|p2a: Doublade
|-boost|p2a: Doublade|atk|2
|
|upkeep
|turn|26
|
|t:|1661920262
|move|p2a: Doublade|Shadow Sneak|p1a: Articuno
|-supereffective|p1a: Articuno
|-damage|p1a: Articuno|6/100
|move|p1a: Articuno|Shadow Ball|p2a: Doublade
|-supereffective|p2a: Doublade
|-damage|p2a: Doublade|8/100
|-unboost|p2a: Doublade|spd|1
|-damage|p1a: Articuno|0 fnt|[from] item: Life Orb
|faint|p1a: Articuno
|
|upkeep
|
|t:|1661920274
|switch|p1a: Persian|Persian-Alola, M|49/100 psn
|turn|27
|
|t:|1661920278
|move|p2a: Doublade|Shadow Sneak|p1a: Persian
|-resisted|p1a: Persian
|-damage|p1a: Persian|33/100 psn
|move|p1a: Persian|Foul Play|p2a: Doublade
|-supereffective|p2a: Doublade
|-crit|p2a: Doublade
|-damage|p2a: Doublade|0 fnt
|faint|p2a: Doublade
|
|-damage|p1a: Persian|21/100 psn|[from] psn
|upkeep
|
|t:|1661920285
|switch|p2a: Scrafty|Scrafty, F|94/100
|turn|28
|
|t:|1661920290
|move|p1a: Persian|Parting Shot|p2a: Scrafty
|-unboost|p2a: Scrafty|atk|1
|-unboost|p2a: Scrafty|spa|1
|
|t:|1661920293
|switch|p1a: Hitmonlee|Hitmonlee, M|45/100|[from]move: Parting Shot
|move|p2a: Scrafty|Poison Jab|p1a: Hitmonlee
|-damage|p1a: Hitmonlee|13/100
|
|upkeep
|turn|29
|
|t:|1661920299
|move|p1a: Hitmonlee|Close Combat|p2a: Scrafty
|-supereffective|p2a: Scrafty
|-damage|p2a: Scrafty|0 fnt
|-unboost|p1a: Hitmonlee|def|1
|-unboost|p1a: Hitmonlee|spd|1
|faint|p2a: Scrafty
|
|upkeep
|
|t:|1661920301
|switch|p2a: Archeops|Archeops, F|73/100
|turn|30
|
|t:|1661920313
|move|p1a: Hitmonlee|Bullet Punch|p2a: Archeops
|-supereffective|p2a: Archeops
|-damage|p2a: Archeops|32/100
|move|p2a: Archeops|Air Slash|p1a: Hitmonlee
|-supereffective|p1a: Hitmonlee
|-damage|p1a: Hitmonlee|0 fnt
|faint|p1a: Hitmonlee
|
|upkeep
|
|t:|1661920317
|switch|p1a: Persian|Persian-Alola, M|21/100 psn
|turn|31
|
|t:|1661920321
|move|p1a: Persian|Foul Play|p2a: Archeops
|-damage|p2a: Archeops|0 fnt
|faint|p2a: Archeops
|
|-damage|p1a: Persian|9/100 psn|[from] psn
|upkeep
|
|t:|1661920323
|switch|p2a: Frosmoth|Frosmoth, F|100/100
|turn|32
|
|t:|1661920328
|move|p1a: Persian|Taunt|p2a: Frosmoth
|-start|p2a: Frosmoth|move: Taunt
|cant|p2a: Frosmoth|move: Taunt|Quiver Dance
|
|-damage|p1a: Persian|0 fnt|[from] psn
|faint|p1a: Persian
|upkeep
|
|t:|1661920330
|switch|p1a: Aromatisse|Aromatisse, M|100/100
|turn|33
|
|t:|1661920335
|move|p2a: Frosmoth|Ice Beam|p1a: Aromatisse
|-damage|p1a: Aromatisse|68/100
|move|p1a: Aromatisse|Toxic|p2a: Frosmoth
|-status|p2a: Frosmoth|tox
|
|-heal|p1a: Aromatisse|75/100|[from] item: Leftovers
|-damage|p2a: Frosmoth|94/100 tox|[from] psn
|upkeep
|turn|34
|
|t:|1661920341
|move|p2a: Frosmoth|Ice Beam|p1a: Aromatisse
|-damage|p1a: Aromatisse|43/100
|move|p1a: Aromatisse|Moonblast|p2a: Frosmoth
|-crit|p2a: Frosmoth
|-damage|p2a: Frosmoth|63/100 tox
|
|-heal|p1a: Aromatisse|50/100|[from] item: Leftovers
|-damage|p2a: Frosmoth|51/100 tox|[from] psn
|-end|p2a: Frosmoth|move: Taunt
|upkeep
|turn|35
|
|t:|1661920345
|move|p2a: Frosmoth|Quiver Dance|p2a: Frosmoth
|-boost|p2a: Frosmoth|spa|1
|-boost|p2a: Frosmoth|spd|1
|-boost|p2a: Frosmoth|spe|1
|move|p1a: Aromatisse|Wish|p1a: Aromatisse
|
|-heal|p1a: Aromatisse|56/100|[from] item: Leftovers
|-damage|p2a: Frosmoth|33/100 tox|[from] psn
|upkeep
|turn|36
|
|t:|1661920350
|move|p1a: Aromatisse|Protect|p1a: Aromatisse
|-singleturn|p1a: Aromatisse|Protect
|move|p2a: Frosmoth|Quiver Dance|p2a: Frosmoth
|-boost|p2a: Frosmoth|spa|1
|-boost|p2a: Frosmoth|spd|1
|-boost|p2a: Frosmoth|spe|1
|
|-heal|p1a: Aromatisse|100/100|[from] move: Wish|[wisher] Aromatisse
|-damage|p2a: Frosmoth|9/100 tox|[from] psn
|upkeep
|turn|37
|
|t:|1661920355
|move|p2a: Frosmoth|Giga Drain|p1a: Aromatisse
|-damage|p1a: Aromatisse|66/100
|-heal|p2a: Frosmoth|34/100 tox|[from] drain|[of] p1a: Aromatisse
|move|p1a: Aromatisse|Moonblast|p2a: Frosmoth
|-damage|p2a: Frosmoth|24/100 tox
|-unboost|p2a: Frosmoth|spa|1
|
|-heal|p1a: Aromatisse|72/100|[from] item: Leftovers
|-damage|p2a: Frosmoth|0 fnt|[from] psn
|faint|p2a: Frosmoth
|
|win|Elisplash
|upkeep
|raw|Elisplash's rating: 1202 &rarr; <strong>1226</strong><br />(+24 for winning)
|raw|PULT4S3 Prod's rating: 1189 &rarr; <strong>1165</strong><br />(-24 for losing)
|l|☆PULT4S3 Prod
|c|☆Elisplash|Gg
