|j|☆zoowi
|j|☆cornelia street
|t:|1656631548
|gametype|singles
|player|p1|zoowi|burglar-gen2|
|player|p2|cornelia street|#uuplxsisters|
|teamsize|p1|6
|teamsize|p2|6
|gen|8
|tier|[Gen 8] PU
|rated|Tournament battle
|rule|Sleep Clause Mod: Limit one foe put to sleep
|rule|Species Clause: Limit one of each Pokémon
|rule|OHKO Clause: OHKO moves are banned
|rule|Evasion Moves Clause: Evasion moves are banned
|rule|Endless Battle Clause: Forcing endless battles is banned
|rule|HP Percentage Mod: HP is shown in percentages
|rule|Dynamax Clause: You cannot dynamax
|clearpoke
|poke|p1|Accelgor, M|
|poke|p1|Ferroseed, F|
|poke|p1|Jellicent, F|
|poke|p1|Regirock|
|poke|p1|Ribombee, M|
|poke|p1|Scrafty, M|
|poke|p2|Kabutops, F|
|poke|p2|Uxie|
|poke|p2|Scyther, F|
|poke|p2|Sandaconda, F|
|poke|p2|Perrserker, M|
|poke|p2|Lycanroc, F|
|teampreview
|inactive|Battle timer is ON: inactive players will automatically lose when time's up. (requested by cornelia street)
|
|t:|1656631567
|start
|switch|p1a: Accelgor|Accelgor, M|100/100
|switch|p2a: is it cold|Kabutops, F|100/100
|turn|1
|
|t:|1656631573
|move|p1a: Accelgor|Focus Blast|p2a: is it cold
|-supereffective|p2a: is it cold
|-enditem|p2a: is it cold|Focus Sash
|-damage|p2a: is it cold|1/100
|move|p2a: is it cold|Stone Edge|p1a: Accelgor
|-supereffective|p1a: Accelgor
|-damage|p1a: Accelgor|0 fnt
|faint|p1a: Accelgor
|
|upkeep
|
|t:|1656631583
|switch|p1a: Ribombee|Ribombee, M|100/100
|turn|2
|
|t:|1656631586
|switch|p2a: ponyboy|Perrserker, M|100/100
|move|p1a: Ribombee|Moonblast|p2a: ponyboy
|-resisted|p2a: ponyboy
|-damage|p2a: ponyboy|86/100
|-unboost|p2a: ponyboy|spa|1
|
|upkeep
|turn|3
|
|t:|1656631592
|switch|p1a: Jellicent|Jellicent, F|100/100
|move|p2a: ponyboy|U-turn|p1a: Jellicent
|-resisted|p1a: Jellicent
|-damage|p1a: Jellicent|91/100
|
|t:|1656631597
|switch|p2a: is it cold|Kabutops, F|1/100|[from]move: U-turn
|
|upkeep
|turn|4
|
|t:|1656631600
|move|p2a: is it cold|Stealth Rock|p1a: Jellicent
|-sidestart|p1: zoowi|move: Stealth Rock
|move|p1a: Jellicent|Hex|p2a: is it cold
|-crit|p2a: is it cold
|-damage|p2a: is it cold|0 fnt
|faint|p2a: is it cold
|
|upkeep
|
|t:|1656631608
|switch|p2a: faceshopping|Sandaconda, F|100/100
|turn|5
|
|t:|1656631622
|switch|p1a: Ferroseed|Ferroseed, F|100/100
|-damage|p1a: Ferroseed|94/100|[from] Stealth Rock
|move|p2a: faceshopping|Coil|p2a: faceshopping
|-boost|p2a: faceshopping|atk|1
|-boost|p2a: faceshopping|def|1
|-boost|p2a: faceshopping|accuracy|1
|
|upkeep
|turn|6
|
|t:|1656631625
|move|p2a: faceshopping|Earthquake|p1a: Ferroseed
|-damage|p1a: Ferroseed|57/100
|move|p1a: Ferroseed|Leech Seed|p2a: faceshopping
|-start|p2a: faceshopping|move: Leech Seed
|
|-damage|p2a: faceshopping|88/100|[from] Leech Seed|[of] p1a: Ferroseed
|-heal|p1a: Ferroseed|69/100|[silent]
|upkeep
|turn|7
|
|t:|1656631637
|move|p1a: Ferroseed|Protect|p1a: Ferroseed
|-singleturn|p1a: Ferroseed|Protect
|move|p2a: faceshopping|Coil|p2a: faceshopping
|-boost|p2a: faceshopping|atk|1
|-boost|p2a: faceshopping|def|1
|-boost|p2a: faceshopping|accuracy|1
|
|-heal|p2a: faceshopping|94/100|[from] item: Leftovers
|-damage|p2a: faceshopping|82/100|[from] Leech Seed|[of] p1a: Ferroseed
|-heal|p1a: Ferroseed|81/100|[silent]
|upkeep
|turn|8
|j|+Jungle Fox
|
|t:|1656631647
|switch|p1a: Jellicent|Jellicent, F|91/100
|-damage|p1a: Jellicent|79/100|[from] Stealth Rock
|move|p2a: faceshopping|Earthquake|p1a: Jellicent
|-damage|p1a: Jellicent|13/100
|
|-heal|p2a: faceshopping|88/100|[from] item: Leftovers
|-damage|p2a: faceshopping|76/100|[from] Leech Seed|[of] p1a: Jellicent
|-heal|p1a: Jellicent|22/100|[silent]
|upkeep
|turn|9
|
|t:|1656631653
|move|p2a: faceshopping|Scale Shot|p1a: Jellicent
|-crit|p1a: Jellicent
|-damage|p1a: Jellicent|3/100
|-damage|p1a: Jellicent|0 fnt
|-start|p2a: faceshopping|Disable|Scale Shot|[from] ability: Cursed Body|[of] p1a: Jellicent
|faint|p1a: Jellicent
|-hitcount|p1: Jellicent|2
|-unboost|p2a: faceshopping|def|1
|-boost|p2a: faceshopping|spe|1
|
|-heal|p2a: faceshopping|82/100|[from] item: Leftovers
|upkeep
|
|t:|1656631659
|switch|p1a: Ferroseed|Ferroseed, F|81/100
|-damage|p1a: Ferroseed|75/100|[from] Stealth Rock
|turn|10
|
|t:|1656631662
|move|p1a: Ferroseed|Protect|p1a: Ferroseed
|-singleturn|p1a: Ferroseed|Protect
|move|p2a: faceshopping|Earthquake|p1a: Ferroseed
|-activate|p1a: Ferroseed|move: Protect
|
|-heal|p2a: faceshopping|88/100|[from] item: Leftovers
|-damage|p2a: faceshopping|75/100|[from] Leech Seed|[of] p1a: Ferroseed
|-heal|p1a: Ferroseed|87/100|[silent]
|upkeep
|turn|11
|
|t:|1656631664
|move|p2a: faceshopping|Earthquake|p1a: Ferroseed
|-damage|p1a: Ferroseed|33/100
|move|p1a: Ferroseed|Gyro Ball|p2a: faceshopping
|-damage|p2a: faceshopping|55/100
|
|-heal|p2a: faceshopping|61/100|[from] item: Leftovers
|-damage|p2a: faceshopping|49/100|[from] Leech Seed|[of] p1a: Ferroseed
|-heal|p1a: Ferroseed|45/100|[silent]
|upkeep
|turn|12
|
|t:|1656631669
|move|p2a: faceshopping|Earthquake|p1a: Ferroseed
|-damage|p1a: Ferroseed|0 fnt
|faint|p1a: Ferroseed
|
|-heal|p2a: faceshopping|55/100|[from] item: Leftovers
|-end|p2a: faceshopping|Disable
|upkeep
|
|t:|1656631673
|switch|p1a: Regirock|Regirock|100/100
|-damage|p1a: Regirock|88/100|[from] Stealth Rock
|turn|13
|
|t:|1656631680
|move|p2a: faceshopping|Earthquake|p1a: Regirock
|-supereffective|p1a: Regirock
|-damage|p1a: Regirock|12/100
|move|p1a: Regirock|Stealth Rock|p2a: faceshopping
|-sidestart|p2: cornelia street|move: Stealth Rock
|
|-heal|p2a: faceshopping|61/100|[from] item: Leftovers
|-heal|p1a: Regirock|18/100|[from] item: Leftovers
|-damage|p2a: faceshopping|49/100|[from] Leech Seed|[of] p1a: Regirock
|-heal|p1a: Regirock|27/100|[silent]
|upkeep
|turn|14
|
|t:|1656631684
|move|p2a: faceshopping|Earthquake|p1a: Regirock
|-supereffective|p1a: Regirock
|-damage|p1a: Regirock|0 fnt
|faint|p1a: Regirock
|
|-heal|p2a: faceshopping|55/100|[from] item: Leftovers
|upkeep
|
|t:|1656631687
|switch|p1a: Scrafty|Scrafty, M|100/100
|-damage|p1a: Scrafty|95/100|[from] Stealth Rock
|turn|15
|
|t:|1656631691
|move|p2a: faceshopping|Earthquake|p1a: Scrafty
|-damage|p1a: Scrafty|12/100
|move|p1a: Scrafty|Rest|p1a: Scrafty
|-status|p1a: Scrafty|slp|[from] move: Rest
|-heal|p1a: Scrafty|100/100 slp|[silent]
|
|-heal|p2a: faceshopping|60/100|[from] item: Leftovers
|-damage|p2a: faceshopping|48/100|[from] Leech Seed|[of] p1a: Scrafty
|upkeep
|turn|16
|
|t:|1656631695
|switch|p1a: Ribombee|Ribombee, M|100/100
|move|p2a: faceshopping|Earthquake|p1a: Ribombee
|-resisted|p1a: Ribombee
|-damage|p1a: Ribombee|7/100
|
|-heal|p2a: faceshopping|54/100|[from] item: Leftovers
|-damage|p2a: faceshopping|42/100|[from] Leech Seed|[of] p1a: Ribombee
|-heal|p1a: Ribombee|21/100|[silent]
|upkeep
|turn|17
|
|t:|1656631698
|move|p2a: faceshopping|Earthquake|p1a: Ribombee
|-resisted|p1a: Ribombee
|-damage|p1a: Ribombee|0 fnt
|faint|p1a: Ribombee
|
|-heal|p2a: faceshopping|48/100|[from] item: Leftovers
|upkeep
|
|t:|1656631701
|switch|p1a: Scrafty|Scrafty, M|100/100 slp
|-damage|p1a: Scrafty|95/100 slp|[from] Stealth Rock
|turn|18
|
|t:|1656631703
|move|p2a: faceshopping|Earthquake|p1a: Scrafty
|-damage|p1a: Scrafty|6/100 slp
|cant|p1a: Scrafty|slp
|
|-heal|p2a: faceshopping|54/100|[from] item: Leftovers
|-heal|p1a: Scrafty|12/100 slp|[from] item: Leftovers
|-damage|p2a: faceshopping|42/100|[from] Leech Seed|[of] p1a: Scrafty
|-heal|p1a: Scrafty|23/100 slp|[silent]
|upkeep
|turn|19
|
|t:|1656631705
|move|p2a: faceshopping|Earthquake|p1a: Scrafty
|-damage|p1a: Scrafty|0 fnt
|faint|p1a: Scrafty
|
|win|cornelia street
|n|☆zoowi|zoowi
|n|☆cornelia street|corneliastreet
|n| Jungle Fox|junglefox
|l|☆zoowi
