|j|☆an archaeologist
|j|☆Frogforfun
|t:|1635371695
|gametype|singles
|player|p1|an archaeologist|ruinmaniac|1279
|player|p2|Frogforfun|volkner|1512
|teamsize|p1|6
|teamsize|p2|6
|gen|8
|tier|[Gen 8] PU
|rated|
|rule|Sleep Clause Mod: Limit one foe put to sleep
|rule|Species Clause: Limit one of each Pokémon
|rule|OHKO Clause: OHKO moves are banned
|rule|Evasion Moves Clause: Evasion moves are banned
|rule|Endless Battle Clause: Forcing endless battles is banned
|rule|HP Percentage Mod: HP is shown in percentages
|rule|Dynamax Clause: You cannot dynamax
|clearpoke
|poke|p1|Weezing, M|
|poke|p1|Hitmonlee, M|
|poke|p1|Charizard, M|
|poke|p1|Scyther, F|
|poke|p1|Rapidash, M|
|poke|p1|Jolteon, M|
|poke|p2|Charizard, M|
|poke|p2|Liepard, F|
|poke|p2|Uxie|
|poke|p2|Shiftry, M|
|poke|p2|Leafeon, M|
|poke|p2|Exeggutor, M|
|teampreview
|
|t:|1635371716
|start
|switch|p1a: Weezing|Weezing, M|100/100
|switch|p2a: Teleport|Uxie|100/100
|turn|1
|
|t:|1635371734
|switch|p1a: Scyther|Scyther, F, shiny|100/100
|move|p2a: Teleport|Sunny Day|p2a: Teleport
|-weather|SunnyDay
|
|-weather|SunnyDay|[upkeep]
|upkeep
|turn|2
|
|t:|1635371741
|move|p1a: Scyther|U-turn|p2a: Teleport
|-supereffective|p2a: Teleport
|-damage|p2a: Teleport|64/100
|
|t:|1635371745
|switch|p1a: Rapidash|Rapidash, M|100/100|[from]move: U-turn
|move|p2a: Teleport|U-turn|p1a: Rapidash
|-resisted|p1a: Rapidash
|-damage|p1a: Rapidash|91/100
|
|t:|1635371752
|switch|p2a: Knockoff|Shiftry, M|100/100|[from]move: U-turn
|
|-weather|SunnyDay|[upkeep]
|upkeep
|turn|3
|
|t:|1635371757
|move|p2a: Knockoff|Knock Off|p1a: Rapidash
|-damage|p1a: Rapidash|0 fnt
|-enditem|p1a: Rapidash|Assault Vest|[from] move: Knock Off|[of] p2a: Knockoff
|faint|p1a: Rapidash
|-damage|p2a: Knockoff|91/100|[from] item: Life Orb
|
|-weather|SunnyDay|[upkeep]
|upkeep
|
|t:|1635371764
|switch|p1a: Weezing|Weezing, M|100/100
|turn|4
|
|t:|1635371771
|switch|p2a: Fireblast|Charizard, M|100/100
|move|p1a: Weezing|Toxic Spikes|p2a: Fireblast
|-sidestart|p2: Frogforfun|move: Toxic Spikes
|
|-weather|SunnyDay|[upkeep]
|-damage|p2a: Fireblast|88/100|[from] ability: Solar Power|[of] p2a: Fireblast
|upkeep
|turn|5
|
|t:|1635371777
|move|p2a: Fireblast|Weather Ball|p1a: Weezing
|-damage|p1a: Weezing|0 fnt
|faint|p1a: Weezing
|
|-weather|SunnyDay|[upkeep]
|-damage|p2a: Fireblast|76/100|[from] ability: Solar Power|[of] p2a: Fireblast
|upkeep
|
|t:|1635371783
|switch|p1a: Jolteon|Jolteon, M|100/100
|turn|6
|j| EtymonLegomenon
|
|t:|1635371793
|move|p1a: Jolteon|Volt Switch|p2a: Fireblast
|-supereffective|p2a: Fireblast
|-damage|p2a: Fireblast|0 fnt
|faint|p2a: Fireblast
|
|t:|1635371797
|switch|p1a: Scyther|Scyther, F, shiny|100/100|[from]move: Volt Switch
|
|-weather|SunnyDay|[upkeep]
|upkeep
|
|t:|1635371815
|switch|p2a: SolarBlade|Leafeon, M|100/100
|-status|p2a: SolarBlade|psn
|turn|7
|
|t:|1635371821
|move|p2a: SolarBlade|Knock Off|p1a: Scyther
|-damage|p1a: Scyther|29/100
|-enditem|p1a: Scyther|Choice Scarf|[from] move: Knock Off|[of] p2a: SolarBlade
|move|p1a: Scyther|U-turn|p2a: SolarBlade
|-supereffective|p2a: SolarBlade
|-damage|p2a: SolarBlade|40/100 psn
|
|t:|1635371827
|switch|p1a: Hitmonlee|Hitmonlee, M|100/100|[from]move: U-turn
|
|-weather|SunnyDay|[upkeep]
|-damage|p2a: SolarBlade|28/100 psn|[from] psn
|upkeep
|turn|8
|
|t:|1635371835
|move|p1a: Hitmonlee|Fake Out|p2a: SolarBlade
|-enditem|p1a: Hitmonlee|Normal Gem|[from] gem
|-damage|p2a: SolarBlade|9/100 psn
|cant|p2a: SolarBlade|flinch
|
|-weather|none
|-damage|p2a: SolarBlade|0 fnt|[from] psn
|faint|p2a: SolarBlade
|upkeep
|j| Somalia
|l| Somalia
|j| Parvi
|
|t:|1635371853
|switch|p2a: Teleport|Uxie|64/100
|turn|9
|inactive|Battle timer is ON: inactive players will automatically lose when time's up. (requested by an archaeologist)
|
|t:|1635371859
|move|p1a: Hitmonlee|Knock Off|p2a: Teleport
|-supereffective|p2a: Teleport
|-damage|p2a: Teleport|20/100
|-enditem|p2a: Teleport|Heat Rock|[from] move: Knock Off|[of] p1a: Hitmonlee
|move|p2a: Teleport|Sunny Day|p2a: Teleport
|-weather|SunnyDay
|
|-weather|SunnyDay|[upkeep]
|upkeep
|turn|10
|
|t:|1635371866
|move|p1a: Hitmonlee|Knock Off|p2a: Teleport
|-supereffective|p2a: Teleport
|-damage|p2a: Teleport|0 fnt
|faint|p2a: Teleport
|
|-weather|SunnyDay|[upkeep]
|upkeep
|
|t:|1635371873
|switch|p2a: Knockoff|Shiftry, M|91/100
|-status|p2a: Knockoff|psn
|turn|11
|
|t:|1635371877
|move|p1a: Hitmonlee|High Jump Kick|p2a: Knockoff
|-supereffective|p2a: Knockoff
|-damage|p2a: Knockoff|0 fnt
|faint|p2a: Knockoff
|
|-weather|SunnyDay|[upkeep]
|upkeep
|-message|Frogforfun forfeited.
|
|win|an archaeologist
|raw|an archaeologist's rating: 1279 &rarr; <strong>1319</strong><br />(+40 for winning)
|raw|Frogforfun's rating: 1512 &rarr; <strong>1480</strong><br />(-32 for losing)
|l|☆Frogforfun
|l|☆an archaeologist
|l| Parvi
|c| EtymonLegomenon|that was cool
|c| EtymonLegomenon|okay BYE
