|j|☆JoJo Reference #11
|j|☆bassy gay
|t:|1666739400
|gametype|singles
|player|p1|JoJo Reference #11|102|1361
|player|p2|bassy gay|2|1576
|teamsize|p1|6
|teamsize|p2|6
|gen|8
|tier|[Gen 8] PU
|rated|
|rule|Sleep Clause Mod: Limit one foe put to sleep
|rule|Species Clause: Limit one of each Pokémon
|rule|OHKO Clause: OHKO moves are banned
|rule|Evasion Items Clause: Evasion items are banned
|rule|Evasion Moves Clause: Evasion moves are banned
|rule|Endless Battle Clause: Forcing endless battles is banned
|rule|HP Percentage Mod: HP is shown in percentages
|rule|Dynamax Clause: You cannot dynamax
|clearpoke
|poke|p1|Jellicent, M|
|poke|p1|Aurorus, F|
|poke|p1|Silvally-*|
|poke|p1|Scrafty, F|
|poke|p1|Garbodor, F|
|poke|p1|Lycanroc, F|
|poke|p2|Silvally-*|
|poke|p2|Gourgeist-*, M|
|poke|p2|Comfey, M|
|poke|p2|Flapple, M|
|poke|p2|Gigalith, M|
|poke|p2|Golduck, F|
|teampreview
|
|t:|1666739435
|start
|switch|p1a: Lycanroc|Lycanroc, F|100/100
|switch|p2a: Flapple|Flapple, M|100/100
|turn|1
|
|t:|1666739444
|move|p1a: Lycanroc|Stealth Rock|p2a: Flapple
|-sidestart|p2: bassy gay|move: Stealth Rock
|move|p2a: Flapple|Grav Apple|p1a: Lycanroc
|-supereffective|p1a: Lycanroc
|-enditem|p1a: Lycanroc|Focus Sash
|-damage|p1a: Lycanroc|1/100
|-unboost|p1a: Lycanroc|def|1
|-damage|p2a: Flapple|91/100|[from] item: Life Orb
|
|upkeep
|turn|2
|
|t:|1666739448
|switch|p2a: Gourgeist|Gourgeist-Super, M|100/100
|-damage|p2a: Gourgeist|88/100|[from] Stealth Rock
|move|p1a: Lycanroc|Accelerock|p2a: Gourgeist
|-damage|p2a: Gourgeist|75/100
|
|upkeep
|turn|3
|
|t:|1666739450
|move|p1a: Lycanroc|Accelerock|p2a: Gourgeist
|-damage|p2a: Gourgeist|61/100
|move|p2a: Gourgeist|Shadow Sneak|p1a: Lycanroc
|-damage|p1a: Lycanroc|0 fnt
|faint|p1a: Lycanroc
|
|upkeep
|
|t:|1666739453
|switch|p1a: Garbodor|Garbodor, F|100/100
|turn|4
|
|t:|1666739464
|move|p1a: Garbodor|Gunk Shot|p2a: Gourgeist
|-damage|p2a: Gourgeist|3/100
|-damage|p1a: Garbodor|91/100|[from] item: Life Orb
|move|p2a: Gourgeist|Synthesis|p2a: Gourgeist
|-heal|p2a: Gourgeist|53/100
|
|upkeep
|turn|5
|
|t:|1666739469
|switch|p2a: Silvally|Silvally-Steel|100/100
|-damage|p2a: Silvally|94/100|[from] Stealth Rock
|move|p1a: Garbodor|Gunk Shot|p2a: Silvally
|-immune|p2a: Silvally
|
|upkeep
|turn|6
|
|t:|1666739493
|move|p2a: Silvally|Multi-Attack|p1a: Garbodor
|-damage|p1a: Garbodor|17/100
|move|p1a: Garbodor|Stomping Tantrum|p2a: Silvally
|-supereffective|p2a: Silvally
|-damage|p2a: Silvally|0 fnt
|faint|p2a: Silvally
|-damage|p1a: Garbodor|7/100|[from] item: Life Orb
|
|upkeep
|
|t:|1666739527
|switch|p2a: Gourgeist|Gourgeist-Super, M|53/100
|-damage|p2a: Gourgeist|41/100|[from] Stealth Rock
|-item|p1a: Garbodor|Life Orb|[from] ability: Frisk|[of] p2a: Gourgeist|[identify]
|turn|7
|
|t:|1666739538
|move|p2a: Gourgeist|Shadow Sneak|p1a: Garbodor
|-damage|p1a: Garbodor|0 fnt
|faint|p1a: Garbodor
|
|upkeep
|
|t:|1666739548
|switch|p1a: Aurorus|Aurorus, F|100/100
|-weather|Hail|[from] ability: Snow Warning|[of] p1a: Aurorus
|turn|8
|
|t:|1666739573
|switch|p2a: Gigalith|Gigalith, M|100/100
|-damage|p2a: Gigalith|88/100|[from] Stealth Rock
|-weather|Sandstorm|[from] ability: Sand Stream|[of] p2a: Gigalith
|move|p1a: Aurorus|Blizzard|p2a: Gigalith
|-damage|p2a: Gigalith|63/100
|
|-weather|Sandstorm|[upkeep]
|-heal|p2a: Gigalith|69/100|[from] item: Leftovers
|upkeep
|turn|9
|
|t:|1666739577
|switch|p1a: Scrafty|Scrafty, F|100/100
|move|p2a: Gigalith|Rock Blast|p1a: Scrafty
|-resisted|p1a: Scrafty
|-damage|p1a: Scrafty|94/100
|-resisted|p1a: Scrafty
|-damage|p1a: Scrafty|88/100
|-resisted|p1a: Scrafty
|-damage|p1a: Scrafty|82/100
|-hitcount|p1a: Scrafty|3
|
|-weather|Sandstorm|[upkeep]
|-damage|p1a: Scrafty|76/100|[from] Sandstorm
|-heal|p2a: Gigalith|75/100|[from] item: Leftovers
|upkeep
|turn|10
|
|t:|1666739586
|switch|p2a: Comfey|Comfey, M|100/100
|-damage|p2a: Comfey|88/100|[from] Stealth Rock
|move|p1a: Scrafty|Substitute|p1a: Scrafty
|-start|p1a: Scrafty|Substitute
|-damage|p1a: Scrafty|51/100
|
|-weather|Sandstorm|[upkeep]
|-damage|p2a: Comfey|82/100|[from] Sandstorm
|-damage|p1a: Scrafty|45/100|[from] Sandstorm
|upkeep
|turn|11
|
|t:|1666739591
|switch|p2a: Golduck|Golduck, F|100/100
|-damage|p2a: Golduck|88/100|[from] Stealth Rock
|-ability|p2a: Golduck|Cloud Nine
|move|p1a: Scrafty|Knock Off|p2a: Golduck
|-crit|p2a: Golduck
|-damage|p2a: Golduck|39/100
|-enditem|p2a: Golduck|Leftovers|[from] move: Knock Off|[of] p1a: Scrafty
|
|-weather|Sandstorm|[upkeep]
|upkeep
|turn|12
|
|t:|1666739594
|move|p2a: Golduck|Rest|p2a: Golduck
|-status|p2a: Golduck|slp|[from] move: Rest
|-heal|p2a: Golduck|100/100 slp|[silent]
|move|p1a: Scrafty|Dragon Dance|p1a: Scrafty
|-boost|p1a: Scrafty|atk|1
|-boost|p1a: Scrafty|spe|1
|
|-weather|none
|upkeep
|turn|13
|
|t:|1666739596
|move|p1a: Scrafty|Dragon Dance|p1a: Scrafty
|-boost|p1a: Scrafty|atk|1
|-boost|p1a: Scrafty|spe|1
|cant|p2a: Golduck|slp
|move|p2a: Golduck|Sleep Talk|p2a: Golduck
|move|p2a: Golduck|Calm Mind|p2a: Golduck|[from]move: Sleep Talk
|-boost|p2a: Golduck|spa|1
|-boost|p2a: Golduck|spd|1
|
|upkeep
|turn|14
|
|t:|1666739600
|move|p1a: Scrafty|Close Combat|p2a: Golduck
|-damage|p2a: Golduck|12/100 slp
|-unboost|p1a: Scrafty|def|1
|-unboost|p1a: Scrafty|spd|1
|cant|p2a: Golduck|slp
|move|p2a: Golduck|Sleep Talk|p2a: Golduck
|move|p2a: Golduck|Rest||[from]move: Sleep Talk|[still]
|-fail|p2a: Golduck
|
|upkeep
|turn|15
|
|t:|1666739605
|move|p1a: Scrafty|Close Combat|p2a: Golduck
|-crit|p2a: Golduck
|-damage|p2a: Golduck|0 fnt
|-unboost|p1a: Scrafty|def|1
|-unboost|p1a: Scrafty|spd|1
|faint|p2a: Golduck
|-ability|p1a: Scrafty|Moxie|boost
|-boost|p1a: Scrafty|atk|1
|
|upkeep
|
|t:|1666739610
|switch|p2a: Gourgeist|Gourgeist-Super, M|41/100
|-damage|p2a: Gourgeist|29/100|[from] Stealth Rock
|-item|p1a: Scrafty|Lum Berry|[from] ability: Frisk|[of] p2a: Gourgeist|[identify]
|turn|16
|
|t:|1666739612
|move|p2a: Gourgeist|Shadow Sneak|p1a: Scrafty
|-resisted|p1a: Scrafty
|-activate|p1a: Scrafty|move: Substitute|[damage]
|move|p1a: Scrafty|Knock Off|p2a: Gourgeist
|-supereffective|p2a: Gourgeist
|-damage|p2a: Gourgeist|0 fnt
|faint|p2a: Gourgeist
|-ability|p1a: Scrafty|Moxie|boost
|-boost|p1a: Scrafty|atk|1
|
|upkeep
|
|t:|1666739627
|switch|p2a: Flapple|Flapple, M|91/100
|-damage|p2a: Flapple|78/100|[from] Stealth Rock
|turn|17
|
|t:|1666739631
|move|p2a: Flapple|Sucker Punch||[still]
|-fail|p2a: Flapple
|move|p1a: Scrafty|Dragon Dance|p1a: Scrafty
|-boost|p1a: Scrafty|atk|1
|-boost|p1a: Scrafty|spe|1
|
|upkeep
|turn|18
|
|t:|1666739633
|move|p2a: Flapple|Sucker Punch|p1a: Scrafty
|-resisted|p1a: Scrafty
|-end|p1a: Scrafty|Substitute
|-damage|p2a: Flapple|68/100|[from] item: Life Orb
|move|p1a: Scrafty|Close Combat|p2a: Flapple
|-damage|p2a: Flapple|0 fnt
|-unboost|p1a: Scrafty|def|1
|-unboost|p1a: Scrafty|spd|1
|faint|p2a: Flapple
|-ability|p1a: Scrafty|Moxie|boost
|-boost|p1a: Scrafty|atk|1
|
|upkeep
|
|t:|1666739636
|switch|p2a: Comfey|Comfey, M|82/100
|-damage|p2a: Comfey|70/100|[from] Stealth Rock
|turn|19
|
|t:|1666739639
|switch|p1a: Silvally|Silvally-Fairy|100/100
|move|p2a: Comfey|Draining Kiss|p1a: Silvally
|-damage|p1a: Silvally|70/100
|-heal|p2a: Comfey|99/100|[from] drain|[of] p1a: Silvally
|-damage|p2a: Comfey|89/100|[from] item: Life Orb
|
|upkeep
|turn|20
|
|t:|1666739647
|move|p2a: Comfey|Draining Kiss|p1a: Silvally
|-damage|p1a: Silvally|39/100
|-heal|p2a: Comfey|100/100|[from] drain|[of] p1a: Silvally
|-damage|p2a: Comfey|91/100|[from] item: Life Orb
|move|p1a: Silvally|Multi-Attack|p2a: Comfey
|-damage|p2a: Comfey|28/100
|
|upkeep
|turn|21
|
|t:|1666739652
|switch|p2a: Gigalith|Gigalith, M|75/100
|-damage|p2a: Gigalith|63/100|[from] Stealth Rock
|-weather|Sandstorm|[from] ability: Sand Stream|[of] p2a: Gigalith
|move|p1a: Silvally|Multi-Attack|p2a: Gigalith
|-damage|p2a: Gigalith|26/100
|
|-weather|Sandstorm|[upkeep]
|-damage|p1a: Silvally|33/100|[from] Sandstorm
|-heal|p2a: Gigalith|32/100|[from] item: Leftovers
|upkeep
|turn|22
|
|t:|1666739655
|move|p1a: Silvally|Multi-Attack|p2a: Gigalith
|-damage|p2a: Gigalith|0 fnt
|faint|p2a: Gigalith
|
|-weather|Sandstorm|[upkeep]
|-damage|p1a: Silvally|27/100|[from] Sandstorm
|upkeep
|
|t:|1666739656
|switch|p2a: Comfey|Comfey, M|28/100
|-damage|p2a: Comfey|16/100|[from] Stealth Rock
|turn|23
|
|t:|1666739659
|move|p2a: Comfey|Draining Kiss|p1a: Silvally
|-damage|p1a: Silvally|0 fnt
|-heal|p2a: Comfey|41/100|[from] drain|[of] p1a: Silvally
|faint|p1a: Silvally
|-damage|p2a: Comfey|31/100|[from] item: Life Orb
|
|-weather|Sandstorm|[upkeep]
|-damage|p2a: Comfey|25/100|[from] Sandstorm
|upkeep
|
|t:|1666739665
|switch|p1a: Aurorus|Aurorus, F|100/100
|-weather|Hail|[from] ability: Snow Warning|[of] p1a: Aurorus
|turn|24
|
|t:|1666739669
|move|p2a: Comfey|Giga Drain|p1a: Aurorus
|-supereffective|p1a: Aurorus
|-damage|p1a: Aurorus|48/100
|-heal|p2a: Comfey|64/100|[from] drain|[of] p1a: Aurorus
|-damage|p2a: Comfey|54/100|[from] item: Life Orb
|move|p1a: Aurorus|Blizzard|p2a: Comfey
|-damage|p2a: Comfey|0 fnt
|faint|p2a: Comfey
|
|win|JoJo Reference #11
|raw|JoJo Reference #11's rating: 1361 &rarr; <strong>1392</strong><br />(+31 for winning)
|raw|bassy gay's rating: 1576 &rarr; <strong>1545</strong><br />(-31 for losing)
|c|☆JoJo Reference #11|gg
|c|☆bassy gay|gg
|l|☆bassy gay
||Ladder isn't responding, score probably updated but might not have (Request timeout).
