|j|☆ayo bb
|j|☆tgbm
|player|p1|ayo bb|101|1368
|player|p2|tgbm|2|1225
|teamsize|p1|6
|teamsize|p2|6
|gametype|singles
|gen|8
|tier|[Gen 8] PU
|rated|
|clearpoke
|poke|p1|Meowstic-F, F|
|poke|p1|Liepard, M|
|poke|p1|Silvally-*|
|poke|p1|Delibird, F|
|poke|p1|Fraxure, F|
|poke|p1|Basculin, F|
|poke|p2|Sinistea-Antique|
|poke|p2|Mawile, F|
|poke|p2|Vibrava, M|
|poke|p2|Lapras, F|
|poke|p2|Pincurchin, M|
|poke|p2|Shellder, F|
|rule|Sleep Clause Mod: Limit one foe put to sleep
|rule|Species Clause: Limit one of each Pokémon
|rule|OHKO Clause: OHKO moves are banned
|rule|Evasion Moves Clause: Evasion moves are banned
|rule|Endless Battle Clause: Forcing endless battles is banned
|rule|HP Percentage Mod: HP is shown in percentages
|rule|Dynamax Clause: You cannot dynamax
|teampreview
|inactive|Battle timer is ON: inactive players will automatically lose when time's up. (requested by tgbm)
|
|start
|switch|p1a: Delibird|Delibird, F|100/100
|switch|p2a: Mawile|Mawile, F|100/100
|-ability|p2a: Mawile|Intimidate|boost
|-unboost|p1a: Delibird|atk|1
|turn|1
|
|move|p1a: Delibird|Spikes|p2a: Mawile
|-sidestart|p2: tgbm|Spikes
|move|p2a: Mawile|Knock Off|p1a: Delibird
|-damage|p1a: Delibird|29/100
|-enditem|p1a: Delibird|Focus Sash|[from] move: Knock Off|[of] p2a: Mawile
|
|upkeep
|turn|2
|
|move|p1a: Delibird|Spikes|p2a: Mawile
|-sidestart|p2: tgbm|Spikes
|move|p2a: Mawile|Knock Off|p1a: Delibird
|-damage|p1a: Delibird|0 fnt
|faint|p1a: Delibird
|
|upkeep
|
|switch|p1a: Silvally|Silvally-Fighting|100/100
|turn|3
|
|switch|p2a: Vibrava|Vibrava, M|100/100
|move|p1a: Silvally|Swords Dance|p1a: Silvally
|-boost|p1a: Silvally|atk|2
|
|upkeep
|turn|4
|
|move|p1a: Silvally|U-turn|p2a: Vibrava
|-damage|p2a: Vibrava|52/100
|
|switch|p1a: Meowstic|Meowstic-F, F|100/100|[from]move: U-turn
|move|p2a: Vibrava|Defog|p1a: Meowstic
|-unboost|p1a: Meowstic|evasion|1
|-ability|p1a: Meowstic|Competitive
|-boost|p1a: Meowstic|spa|2
|-sideend|p2: tgbm|Spikes|[from] move: Defog|[of] p2a: Vibrava
|
|upkeep
|turn|5
|
|move|p1a: Meowstic|Psyshock|p2a: Vibrava
|-damage|p2a: Vibrava|0 fnt
|faint|p2a: Vibrava
|
|upkeep
|
|switch|p2a: Mawile|Mawile, F|100/100
|-ability|p2a: Mawile|Intimidate|boost
|-unboost|p1a: Meowstic|atk|1
|-ability|p1a: Meowstic|Competitive
|-boost|p1a: Meowstic|spa|2
|turn|6
|
|move|p1a: Meowstic|Thunderbolt|p2a: Mawile
|-damage|p2a: Mawile|0 fnt
|faint|p2a: Mawile
|
|upkeep
|
|switch|p2a: Sinistea|Sinistea-Antique|100/100
|turn|7
|
|move|p1a: Meowstic|Substitute|p1a: Meowstic
|-start|p1a: Meowstic|Substitute
|-damage|p1a: Meowstic|76/100
|move|p2a: Sinistea|Shell Smash|p2a: Sinistea
|-unboost|p2a: Sinistea|def|1
|-unboost|p2a: Sinistea|spd|1
|-boost|p2a: Sinistea|atk|2
|-boost|p2a: Sinistea|spa|2
|-boost|p2a: Sinistea|spe|2
|
|upkeep
|turn|8
|
|move|p2a: Sinistea|Shadow Ball|p1a: Meowstic
|-supereffective|p1a: Meowstic
|-end|p1a: Meowstic|Substitute
|move|p1a: Meowstic|Substitute|p1a: Meowstic
|-start|p1a: Meowstic|Substitute
|-damage|p1a: Meowstic|51/100
|
|upkeep
|turn|9
|
|move|p2a: Sinistea|Shadow Ball|p1a: Meowstic
|-supereffective|p1a: Meowstic
|-end|p1a: Meowstic|Substitute
|move|p1a: Meowstic|Substitute|p1a: Meowstic
|-start|p1a: Meowstic|Substitute
|-damage|p1a: Meowstic|26/100
|
|upkeep
|turn|10
|
|move|p2a: Sinistea|Shadow Ball|p1a: Meowstic
|-supereffective|p1a: Meowstic
|-end|p1a: Meowstic|Substitute
|move|p1a: Meowstic|Substitute|p1a: Meowstic
|-start|p1a: Meowstic|Substitute
|-damage|p1a: Meowstic|1/100
|-enditem|p1a: Meowstic|Salac Berry|[eat]
|-boost|p1a: Meowstic|spe|1|[from] item: Salac Berry
|
|upkeep
|turn|11
|
|move|p1a: Meowstic|Psyshock|p2a: Sinistea
|-enditem|p2a: Sinistea|Focus Sash
|-damage|p2a: Sinistea|1/100
|move|p2a: Sinistea|Shadow Ball|p1a: Meowstic
|-supereffective|p1a: Meowstic
|-end|p1a: Meowstic|Substitute
|
|upkeep
|turn|12
|
|move|p1a: Meowstic|Psyshock|p2a: Sinistea
|-damage|p2a: Sinistea|0 fnt
|faint|p2a: Sinistea
|
|upkeep
|-message|tgbm forfeited.
|
|win|ayo bb
|l|☆tgbm
|raw|ayo bb's rating: 1368 &rarr; <strong>1379</strong><br />(+11 for winning)
|raw|tgbm's rating: 1192 &rarr; <strong>1179</strong><br />(-13 for losing)
