|j|☆do u happy
|j|☆Suwa_yriafelc
|player|p1|do u happy|rocketgrunt|
|player|p2|Suwa_yriafelc|pokemonranger-gen4|
|teamsize|p1|6
|teamsize|p2|6
|gametype|singles
|gen|8
|tier|[Gen 8] PU
|clearpoke
|poke|p1|Dubwool, M|
|poke|p1|Cosmoem|
|poke|p1|Porygon2|
|poke|p1|Scyther, M|
|poke|p1|Kadabra, M|
|poke|p1|Basculin, F|
|poke|p2|Scyther, M|
|poke|p2|Porygon2|
|poke|p2|Raboot, M|
|poke|p2|Dusclops, M|
|poke|p2|Seaking, M|
|poke|p2|Mareanie, M|
|rule|Sleep Clause Mod: Limit one foe put to sleep
|rule|Species Clause: Limit one of each Pokémon
|rule|OHKO Clause: OHKO moves are banned
|rule|Evasion Moves Clause: Evasion moves are banned
|rule|Endless Battle Clause: Forcing endless battles is banned
|rule|HP Percentage Mod: HP is shown in percentages
|rule|Dynamax Clause: You cannot dynamax
|teampreview
|
|start
|switch|p1a: Basculin|Basculin, F|100/100
|switch|p2a: Raboot|Raboot, M|100/100
|turn|1
|
|switch|p2a: Mareanie|Mareanie, M|100/100
|move|p1a: Basculin|Flip Turn|p2a: Mareanie
|-resisted|p2a: Mareanie
|-damage|p2a: Mareanie|87/100
|
|switch|p1a: Cosmoem|Cosmoem|100/100|[from]move: Flip Turn
|
|upkeep
|turn|2
|
|move|p2a: Mareanie|Knock Off|p1a: Cosmoem
|-supereffective|p1a: Cosmoem
|-damage|p1a: Cosmoem|82/100
|-enditem|p1a: Cosmoem|Leftovers|[from] move: Knock Off|[of] p2a: Mareanie
|move|p1a: Cosmoem|Stealth Rock|p2a: Mareanie
|-sidestart|p2: Suwa_yriafelc|move: Stealth Rock
|
|upkeep
|turn|3
|
|switch|p2a: Scyther|Scyther, M|100/100
|move|p1a: Cosmoem|Substitute|p1a: Cosmoem
|-start|p1a: Cosmoem|Substitute
|-damage|p1a: Cosmoem|57/100
|
|upkeep
|turn|4
|
|move|p2a: Scyther|Dual Wingbeat|p1a: Cosmoem
|-activate|p1a: Cosmoem|move: Substitute|[damage]
|-end|p1a: Cosmoem|Substitute
|-hitcount|p1a: Cosmoem|2
|move|p1a: Cosmoem|Cosmic Power|p1a: Cosmoem
|-boost|p1a: Cosmoem|def|1
|-boost|p1a: Cosmoem|spd|1
|
|upkeep
|turn|5
|
|move|p2a: Scyther|Dual Wingbeat|p1a: Cosmoem
|-damage|p1a: Cosmoem|43/100
|-damage|p1a: Cosmoem|28/100
|-hitcount|p1a: Cosmoem|2
|move|p1a: Cosmoem|Body Press|p2a: Scyther
|-resisted|p2a: Scyther
|-damage|p2a: Scyther|82/100
|
|upkeep
|turn|6
|
|move|p2a: Scyther|Defog|p1a: Cosmoem
|-unboost|p1a: Cosmoem|evasion|1
|-sideend|p2: Suwa_yriafelc|Stealth Rock|[from] move: Defog|[of] p2a: Scyther
|move|p1a: Cosmoem|Cosmic Power|p1a: Cosmoem
|-boost|p1a: Cosmoem|def|1
|-boost|p1a: Cosmoem|spd|1
|
|upkeep
|turn|7
|
|move|p2a: Scyther|Dual Wingbeat|p1a: Cosmoem
|-damage|p1a: Cosmoem|17/100
|-damage|p1a: Cosmoem|7/100
|-hitcount|p1a: Cosmoem|2
|move|p1a: Cosmoem|Body Press|p2a: Scyther
|-resisted|p2a: Scyther
|-crit|p2a: Scyther
|-damage|p2a: Scyther|49/100
|
|upkeep
|turn|8
|
|move|p2a: Scyther|U-turn|p1a: Cosmoem
|-supereffective|p1a: Cosmoem
|-damage|p1a: Cosmoem|0 fnt
|faint|p1a: Cosmoem
|
|switch|p2a: Mareanie|Mareanie, M|100/100|[from]move: U-turn
|
|upkeep
|
|switch|p1a: Dubwool|Dubwool, M|100/100
|turn|9
|
|move|p1a: Dubwool|Substitute|p1a: Dubwool
|-start|p1a: Dubwool|Substitute
|-damage|p1a: Dubwool|75/100
|move|p2a: Mareanie|Knock Off|p1a: Dubwool
|-activate|p1a: Dubwool|move: Substitute|[damage]
|
|-heal|p1a: Dubwool|82/100|[from] item: Leftovers
|upkeep
|turn|10
|
|switch|p2a: Dusclops|Dusclops, M|100/100
|-ability|p2a: Dusclops|Pressure
|move|p1a: Dubwool|Cotton Guard|p1a: Dubwool
|-boost|p1a: Dubwool|def|3
|
|-heal|p1a: Dubwool|88/100|[from] item: Leftovers
|upkeep
|turn|11
|
|move|p1a: Dubwool|Cotton Guard|p1a: Dubwool
|-boost|p1a: Dubwool|def|3
|move|p2a: Dusclops|Seismic Toss|p1a: Dubwool
|-end|p1a: Dubwool|Substitute
|
|-heal|p1a: Dubwool|94/100|[from] item: Leftovers
|upkeep
|turn|12
|
|move|p1a: Dubwool|Payback|p2a: Dusclops
|-supereffective|p2a: Dusclops
|-damage|p2a: Dusclops|89/100
|move|p2a: Dusclops|Seismic Toss|p1a: Dubwool
|-damage|p1a: Dubwool|65/100
|
|-heal|p1a: Dubwool|71/100|[from] item: Leftovers
|upkeep
|turn|13
|
|move|p1a: Dubwool|Payback|p2a: Dusclops
|-supereffective|p2a: Dusclops
|-damage|p2a: Dusclops|76/100
|move|p2a: Dusclops|Seismic Toss|p1a: Dubwool
|-damage|p1a: Dubwool|42/100
|
|-heal|p1a: Dubwool|48/100|[from] item: Leftovers
|upkeep
|turn|14
|-message|do u happy forfeited.
|
|win|Suwa_yriafelc
|l|☆do u happy
