|raw|<div class="broadcast-blue"><strong>This battle is required to be public due to a player having a name starting with 'pult94d'.</div>
|j|☆PULT94d Mix
|j|☆srwak
|t:|1628713221
|gametype|singles
|player|p1|PULT94d Mix|parasollady|1223
|player|p2|srwak|pokefan-gen4|1371
|teamsize|p1|6
|teamsize|p2|6
|gen|8
|tier|[Gen 8] PU
|rated|
|rule|Sleep Clause Mod: Limit one foe put to sleep
|rule|Species Clause: Limit one of each Pokémon
|rule|OHKO Clause: OHKO moves are banned
|rule|Evasion Moves Clause: Evasion moves are banned
|rule|Endless Battle Clause: Forcing endless battles is banned
|rule|HP Percentage Mod: HP is shown in percentages
|rule|Dynamax Clause: You cannot dynamax
|clearpoke
|poke|p1|Articuno-Galar|
|poke|p1|Silvally-*|
|poke|p1|Lanturn, F|
|poke|p1|Stunfisk-Galar, M|
|poke|p1|Whimsicott, F|
|poke|p1|Passimian, F|
|poke|p2|Tsareena, F|
|poke|p2|Wishiwashi, F|
|poke|p2|Morpeko, M|
|poke|p2|Archeops, M|
|poke|p2|Vikavolt, F|
|poke|p2|Bouffalant, M|
|teampreview
|
|t:|1628713228
|start
|switch|p1a: Articuno|Articuno-Galar|100/100
|switch|p2a: Archeops|Archeops, M|100/100
|turn|1
|
|t:|1628713236
|switch|p1a: Stunfisk|Stunfisk-Galar, M|100/100
|move|p2a: Archeops|Stone Edge|p1a: Stunfisk
|-resisted|p1a: Stunfisk
|-damage|p1a: Stunfisk|88/100
|
|-heal|p1a: Stunfisk|95/100|[from] item: Leftovers
|upkeep
|turn|2
|
|t:|1628713245
|switch|p2a: Tsareena|Tsareena, F|100/100
|move|p1a: Stunfisk|Stealth Rock|p2a: Tsareena
|-sidestart|p2: srwak|move: Stealth Rock
|
|-heal|p1a: Stunfisk|100/100|[from] item: Leftovers
|upkeep
|turn|3
|
|t:|1628713257
|switch|p1a: Articuno|Articuno-Galar|100/100
|move|p2a: Tsareena|Knock Off|p1a: Articuno
|-supereffective|p1a: Articuno
|-damage|p1a: Articuno|10/100
|-enditem|p1a: Articuno|Heavy-Duty Boots|[from] move: Knock Off|[of] p2a: Tsareena
|
|upkeep
|turn|4
|
|t:|1628713264
|move|p1a: Articuno|Hurricane|p2a: Tsareena|[miss]
|-miss|p1a: Articuno|p2a: Tsareena
|move|p2a: Tsareena|Rapid Spin|p1a: Articuno
|-damage|p1a: Articuno|0 fnt
|-boost|p2a: Tsareena|spe|1
|-sideend|p2: srwak|Stealth Rock|[from] move: Rapid Spin|[of] p2a: Tsareena
|faint|p1a: Articuno
|
|upkeep
|
|t:|1628713273
|switch|p1a: Silvally|Silvally-Ghost|100/100
|turn|5
|
|t:|1628713279
|move|p1a: Silvally|Flame Charge|p2a: Tsareena
|-supereffective|p2a: Tsareena
|-damage|p2a: Tsareena|72/100
|-boost|p1a: Silvally|spe|1
|move|p2a: Tsareena|Power Whip|p1a: Silvally
|-damage|p1a: Silvally|28/100
|
|upkeep
|turn|6
|
|t:|1628713291
|move|p1a: Silvally|Multi-Attack|p2a: Tsareena
|-damage|p2a: Tsareena|20/100
|-enditem|p2a: Tsareena|Sitrus Berry|[eat]
|-heal|p2a: Tsareena|45/100|[from] item: Sitrus Berry
|move|p2a: Tsareena|Knock Off|p1a: Silvally
|-supereffective|p1a: Silvally
|-damage|p1a: Silvally|0 fnt
|faint|p1a: Silvally
|
|upkeep
|-message|PULT94d Mix forfeited.
|
|win|srwak
|raw|PULT94d Mix's rating: 1223 &rarr; <strong>1208</strong><br />(-15 for losing)
|raw|srwak's rating: 1371 &rarr; <strong>1383</strong><br />(+12 for winning)
|l|☆PULT94d Mix
||Ladder isn't responding, score probably updated but might not have (Request timeout).
