|j|☆CaspaRuskoYo
|j|☆slumpedonthefloor
|t:|1602523309
|player|p1|CaspaRuskoYo|1|
|player|p2|slumpedonthefloor|2|
|teamsize|p1|6
|teamsize|p2|6
|gametype|singles
|gen|8
|tier|[Gen 8] PU
|rated|Tournament battle
|clearpoke
|poke|p1|Throh, M|
|poke|p1|Jolteon, F|
|poke|p1|Cramorant, F|
|poke|p1|Kangaskhan, F|
|poke|p1|Corsola-Galar, M|
|poke|p1|Silvally-*|
|poke|p2|Heatmor, M|
|poke|p2|Appletun, M|
|poke|p2|Drednaw, F|
|poke|p2|Dusknoir, M|
|poke|p2|Mawile, F|
|poke|p2|Mr. Mime-Galar, M|
|rule|Sleep Clause Mod: Limit one foe put to sleep
|rule|Species Clause: Limit one of each Pokémon
|rule|OHKO Clause: OHKO moves are banned
|rule|Evasion Moves Clause: Evasion moves are banned
|rule|Endless Battle Clause: Forcing endless battles is banned
|rule|HP Percentage Mod: HP is shown in percentages
|rule|Dynamax Clause: You cannot dynamax
|teampreview
|inactive|Battle timer is ON: inactive players will automatically lose when time's up. (requested by CaspaRuskoYo)
|j| Metamonogatari
|j| Freshgarchomp
|
|t:|1602523328
|start
|switch|p1a: Jolteon|Jolteon, F|100/100
|switch|p2a: Heatmor|Heatmor, M|100/100
|turn|1
|
|t:|1602523332
|move|p1a: Jolteon|Volt Switch|p2a: Heatmor
|-damage|p2a: Heatmor|62/100
|
|t:|1602523335
|switch|p1a: Kangaskhan|Kangaskhan, F|100/100|[from]move: Volt Switch
|move|p2a: Heatmor|Fire Blast|p1a: Kangaskhan
|-damage|p1a: Kangaskhan|55/100
|
|upkeep
|turn|2
|
|t:|1602523343
|switch|p2a: Mawile|Mawile, F|100/100
|-ability|p2a: Mawile|Intimidate|boost
|-immune|p1a: Kangaskhan|[from] ability: Scrappy
|move|p1a: Kangaskhan|Drain Punch|p2a: Mawile
|-damage|p2a: Mawile|76/100
|-heal|p1a: Kangaskhan|64/100|[from] drain|[of] p2a: Mawile
|
|-heal|p2a: Mawile|82/100|[from] item: Leftovers
|upkeep
|turn|3
|
|t:|1602523350
|switch|p1a: Corsola|Corsola-Galar, M|100/100
|move|p2a: Mawile|Stealth Rock|p1a: Corsola
|-sidestart|p1: CaspaRuskoYo|move: Stealth Rock
|
|-heal|p2a: Mawile|88/100|[from] item: Leftovers
|upkeep
|turn|4
|
|t:|1602523354
|move|p2a: Mawile|Toxic|p1a: Corsola|[miss]
|-miss|p2a: Mawile|p1a: Corsola
|move|p1a: Corsola|Stealth Rock|p2a: Mawile
|-sidestart|p2: slumpedonthefloor|move: Stealth Rock
|
|-heal|p2a: Mawile|94/100|[from] item: Leftovers
|upkeep
|turn|5
|
|t:|1602523363
|switch|p1a: Silvally|Silvally-Poison|100/100
|-damage|p1a: Silvally|88/100|[from] Stealth Rock
|move|p2a: Mawile|Knock Off|p1a: Silvally
|-damage|p1a: Silvally|76/100
|
|-heal|p2a: Mawile|99/100|[from] item: Leftovers
|upkeep
|turn|6
|
|t:|1602523372
|switch|p2a: Drednaw|Drednaw, F|100/100
|-damage|p2a: Drednaw|88/100|[from] Stealth Rock
|move|p1a: Silvally|Flamethrower|p2a: Drednaw
|-resisted|p2a: Drednaw
|-damage|p2a: Drednaw|78/100
|
|upkeep
|turn|7
|
|t:|1602523383
|switch|p1a: Corsola|Corsola-Galar, M|100/100
|-damage|p1a: Corsola|88/100|[from] Stealth Rock
|move|p2a: Drednaw|Stone Edge|p1a: Corsola
|-damage|p1a: Corsola|62/100
|
|upkeep
|turn|8
|
|t:|1602523392
|switch|p2a: Mawile|Mawile, F|99/100
|-damage|p2a: Mawile|94/100|[from] Stealth Rock
|-ability|p2a: Mawile|Intimidate|boost
|-unboost|p1a: Corsola|atk|1
|move|p1a: Corsola|Strength Sap|p2a: Mawile
|-unboost|p2a: Mawile|atk|1
|-heal|p1a: Corsola|100/100
|
|-heal|p2a: Mawile|99/100|[from] item: Leftovers
|upkeep
|turn|9
|
|t:|1602523400
|switch|p1a: Silvally|Silvally-Poison|76/100
|-damage|p1a: Silvally|64/100|[from] Stealth Rock
|move|p2a: Mawile|Knock Off|p1a: Silvally
|-damage|p1a: Silvally|56/100
|
|-heal|p2a: Mawile|100/100|[from] item: Leftovers
|upkeep
|turn|10
|j| PichuFlash
|
|t:|1602523409
|switch|p2a: Dusknoir|Dusknoir, M|100/100
|-damage|p2a: Dusknoir|88/100|[from] Stealth Rock
|-item|p1a: Silvally|Poison Memory|[from] ability: Frisk|[of] p2a: Dusknoir|[identify]
|move|p1a: Silvally|Parting Shot|p2a: Dusknoir
|-unboost|p2a: Dusknoir|atk|1
|-unboost|p2a: Dusknoir|spa|1
|
|t:|1602523414
|switch|p1a: Throh|Throh, M|100/100|[from]move: Parting Shot
|-damage|p1a: Throh|94/100|[from] Stealth Rock
|
|-heal|p1a: Throh|100/100|[from] item: Leftovers
|upkeep
|turn|11
|
|t:|1602523423
|switch|p2a: Mawile|Mawile, F|100/100
|-damage|p2a: Mawile|95/100|[from] Stealth Rock
|-ability|p2a: Mawile|Intimidate|boost
|-unboost|p1a: Throh|atk|1
|move|p1a: Throh|Substitute|p1a: Throh
|-start|p1a: Throh|Substitute
|-damage|p1a: Throh|76/100
|
|-heal|p2a: Mawile|100/100|[from] item: Leftovers
|-heal|p1a: Throh|82/100|[from] item: Leftovers
|upkeep
|turn|12
|
|t:|1602523434
|switch|p2a: Appletun|Appletun, M|100/100
|-damage|p2a: Appletun|88/100|[from] Stealth Rock
|move|p1a: Throh|Bulk Up|p1a: Throh
|-boost|p1a: Throh|atk|1
|-boost|p1a: Throh|def|1
|
|-heal|p1a: Throh|88/100|[from] item: Leftovers
|upkeep
|turn|13
|
|t:|1602523438
|move|p2a: Appletun|Apple Acid|p1a: Throh
|-end|p1a: Throh|Substitute
|move|p1a: Throh|Bulk Up|p1a: Throh
|-boost|p1a: Throh|atk|1
|-boost|p1a: Throh|def|1
|
|-heal|p1a: Throh|94/100|[from] item: Leftovers
|upkeep
|turn|14
|j| Kingcat007
|
|t:|1602523446
|move|p2a: Appletun|Apple Acid|p1a: Throh
|-damage|p1a: Throh|59/100
|-unboost|p1a: Throh|spd|1
|move|p1a: Throh|Knock Off|p2a: Appletun
|-damage|p2a: Appletun|39/100
|-enditem|p2a: Appletun|Eject Pack|[from] move: Knock Off|[of] p1a: Throh
|
|-heal|p1a: Throh|65/100|[from] item: Leftovers
|upkeep
|turn|15
|j| clorodulce
|
|t:|1602523458
|switch|p1a: Silvally|Silvally-Poison|56/100
|-damage|p1a: Silvally|44/100|[from] Stealth Rock
|move|p2a: Appletun|Draco Meteor|p1a: Silvally
|-damage|p1a: Silvally|0 fnt
|-unboost|p2a: Appletun|spa|2
|faint|p1a: Silvally
|
|upkeep
|
|t:|1602523463
|switch|p1a: Kangaskhan|Kangaskhan, F|64/100
|-damage|p1a: Kangaskhan|51/100|[from] Stealth Rock
|turn|16
|j| Glock pop
|
|t:|1602523469
|move|p1a: Kangaskhan|Ice Punch|p2a: Appletun
|-supereffective|p2a: Appletun
|-damage|p2a: Appletun|0 fnt
|faint|p2a: Appletun
|
|upkeep
|l| Kingcat007
|l| Glock pop
|
|t:|1602523484
|switch|p2a: Mr. Mime|Mr. Mime-Galar, M|100/100
|turn|17
|
|t:|1602523488
|move|p1a: Kangaskhan|Sucker Punch|p2a: Mr. Mime
|-supereffective|p2a: Mr. Mime
|-damage|p2a: Mr. Mime|24/100
|move|p2a: Mr. Mime|Focus Blast|p1a: Kangaskhan
|-supereffective|p1a: Kangaskhan
|-damage|p1a: Kangaskhan|11/100
|
|upkeep
|turn|18
|
|t:|1602523497
|switch|p2a: Mawile|Mawile, F|100/100
|-damage|p2a: Mawile|95/100|[from] Stealth Rock
|-ability|p2a: Mawile|Intimidate|boost
|-immune|p1a: Kangaskhan|[from] ability: Scrappy
|move|p1a: Kangaskhan|Sucker Punch||[still]
|-fail|p1a: Kangaskhan
|
|-heal|p2a: Mawile|100/100|[from] item: Leftovers
|upkeep
|turn|19
|
|t:|1602523501
|move|p1a: Kangaskhan|Drain Punch|p2a: Mawile
|-damage|p2a: Mawile|74/100
|-heal|p1a: Kangaskhan|21/100|[from] drain|[of] p2a: Mawile
|move|p2a: Mawile|Knock Off|p1a: Kangaskhan
|-damage|p1a: Kangaskhan|3/100
|-enditem|p1a: Kangaskhan|Assault Vest|[from] move: Knock Off|[of] p2a: Mawile
|
|-heal|p2a: Mawile|80/100|[from] item: Leftovers
|upkeep
|turn|20
|
|t:|1602523514
|switch|p1a: Throh|Throh, M|65/100
|-damage|p1a: Throh|59/100|[from] Stealth Rock
|move|p2a: Mawile|Knock Off|p1a: Throh
|-resisted|p1a: Throh
|-damage|p1a: Throh|50/100
|-enditem|p1a: Throh|Leftovers|[from] move: Knock Off|[of] p2a: Mawile
|
|-heal|p2a: Mawile|86/100|[from] item: Leftovers
|upkeep
|turn|21
|
|t:|1602523526
|switch|p2a: Dusknoir|Dusknoir, M|88/100
|-damage|p2a: Dusknoir|76/100|[from] Stealth Rock
|move|p1a: Throh|Knock Off|p2a: Dusknoir
|-supereffective|p2a: Dusknoir
|-damage|p2a: Dusknoir|13/100
|-enditem|p2a: Dusknoir|Assault Vest|[from] move: Knock Off|[of] p1a: Throh
|
|upkeep
|turn|22
|
|t:|1602523532
|move|p2a: Dusknoir|Poltergeist||[still]
|-fail|p2a: Dusknoir
|move|p1a: Throh|Knock Off|p2a: Dusknoir
|-supereffective|p2a: Dusknoir
|-damage|p2a: Dusknoir|0 fnt
|faint|p2a: Dusknoir
|
|upkeep
|
|t:|1602523539
|switch|p2a: Heatmor|Heatmor, M|62/100
|-damage|p2a: Heatmor|37/100|[from] Stealth Rock
|turn|23
|
|t:|1602523547
|switch|p1a: Kangaskhan|Kangaskhan, F|3/100
|-damage|p1a: Kangaskhan|0 fnt|[from] Stealth Rock
|faint|p1a: Kangaskhan
|move|p2a: Heatmor|Fire Blast|p1: Kangaskhan|[notarget]
|-fail|p2a: Heatmor
|
|upkeep
|
|t:|1602523549
|switch|p1a: Cramorant|Cramorant, F|100/100
|turn|24
|
|t:|1602523553
|switch|p2a: Mawile|Mawile, F|86/100
|-damage|p2a: Mawile|80/100|[from] Stealth Rock
|-ability|p2a: Mawile|Intimidate|boost
|-unboost|p1a: Cramorant|atk|1
|move|p1a: Cramorant|Surf|p2a: Mawile
|-formechange|p1a: Cramorant|Cramorant-Gulping|
|-damage|p2a: Mawile|49/100
|
|-heal|p2a: Mawile|55/100|[from] item: Leftovers
|upkeep
|turn|25
|
|t:|1602523558
|move|p1a: Cramorant|Surf|p2a: Mawile
|-damage|p2a: Mawile|22/100
|move|p2a: Mawile|Toxic|p1a: Cramorant
|-status|p1a: Cramorant|tox
|
|-heal|p2a: Mawile|28/100|[from] item: Leftovers
|-damage|p1a: Cramorant|94/100 tox|[from] psn
|upkeep
|turn|26
|
|t:|1602523563
|move|p1a: Cramorant|Surf|p2a: Mawile
|-damage|p2a: Mawile|0 fnt
|faint|p2a: Mawile
|
|-damage|p1a: Cramorant|82/100 tox|[from] psn
|upkeep
|
|t:|1602523572
|switch|p2a: Mr. Mime|Mr. Mime-Galar, M|24/100
|turn|27
|
|t:|1602523577
|switch|p1a: Corsola|Corsola-Galar, M|100/100
|-damage|p1a: Corsola|88/100|[from] Stealth Rock
|move|p2a: Mr. Mime|Rapid Spin|p1a: Corsola
|-immune|p1a: Corsola
|
|upkeep
|turn|28
|
|t:|1602523581
|move|p2a: Mr. Mime|Nasty Plot|p2a: Mr. Mime
|-boost|p2a: Mr. Mime|spa|2
|move|p1a: Corsola|Night Shade|p2a: Mr. Mime
|-damage|p2a: Mr. Mime|0 fnt
|faint|p2a: Mr. Mime
|
|upkeep
|
|t:|1602523584
|switch|p2a: Heatmor|Heatmor, M|37/100
|-damage|p2a: Heatmor|12/100|[from] Stealth Rock
|turn|29
|
|t:|1602523593
|switch|p1a: Throh|Throh, M|50/100
|-damage|p1a: Throh|44/100|[from] Stealth Rock
|move|p2a: Heatmor|Fire Blast|p1a: Throh
|-damage|p1a: Throh|0 fnt
|faint|p1a: Throh
|
|upkeep
|
|t:|1602523597
|switch|p1a: Jolteon|Jolteon, F|100/100
|turn|30
|
|t:|1602523600
|move|p1a: Jolteon|Shadow Ball|p2a: Heatmor
|-damage|p2a: Heatmor|0 fnt
|faint|p2a: Heatmor
|
|upkeep
|
|t:|1602523602
|switch|p2a: Drednaw|Drednaw, F|78/100
|-damage|p2a: Drednaw|66/100|[from] Stealth Rock
|turn|31
|
|t:|1602523605
|move|p2a: Drednaw|Stone Edge|p1a: Jolteon
|-damage|p1a: Jolteon|32/100
|move|p1a: Jolteon|Volt Switch|p2a: Drednaw
|-supereffective|p2a: Drednaw
|-damage|p2a: Drednaw|0 fnt
|faint|p2a: Drednaw
|
|win|CaspaRuskoYo
