|j|☆Haffling test
|j|☆cafay sukray
|t:|1659086076
|gametype|singles
|player|p1|Haffling test|cyrus|1444
|player|p2|cafay sukray|swimmer-gen4dp|1595
|teamsize|p1|6
|teamsize|p2|6
|gen|8
|tier|[Gen 8] PU
|rated|
|rule|Sleep Clause Mod: Limit one foe put to sleep
|rule|Species Clause: Limit one of each Pokémon
|rule|OHKO Clause: OHKO moves are banned
|rule|Evasion Moves Clause: Evasion moves are banned
|rule|Endless Battle Clause: Forcing endless battles is banned
|rule|HP Percentage Mod: HP is shown in percentages
|rule|Dynamax Clause: You cannot dynamax
|clearpoke
|poke|p1|Togedemaru, M|
|poke|p1|Weezing, F|
|poke|p1|Sandaconda, M|
|poke|p1|Wishiwashi, M|
|poke|p1|Charizard, F|
|poke|p1|Whimsicott, F|
|poke|p2|Charizard, M|
|poke|p2|Jellicent, F|
|poke|p2|Magneton|
|poke|p2|Abomasnow, F|
|poke|p2|Sandaconda, F|
|poke|p2|Kabutops, F|
|teampreview
|j| erzonio
|l| erzonio
|
|t:|1659086115
|start
|switch|p1a: Whimsicott|Whimsicott, F|100/100
|switch|p2a: Jellicent|Jellicent, F|100/100
|turn|1
|
|t:|1659086124
|switch|p2a: Charizard|Charizard, M|100/100
|move|p1a: Whimsicott|Energy Ball|p2a: Charizard
|-resisted|p2a: Charizard
|-damage|p2a: Charizard|83/100
|
|upkeep
|turn|2
|
|t:|1659086128
|switch|p1a: Wishiwashi|Wishiwashi, M|100/100
|-formechange|p1a: Wishiwashi|Wishiwashi-School||[from] ability: Schooling
|move|p2a: Charizard|Toxic|p1a: Wishiwashi
|-status|p1a: Wishiwashi|tox
|
|-damage|p1a: Wishiwashi|94/100 tox|[from] psn
|upkeep
|turn|3
|
|t:|1659086137
|switch|p2a: Magneton|Magneton|100/100
|move|p1a: Wishiwashi|U-turn|p2a: Magneton
|-resisted|p2a: Magneton
|-damage|p2a: Magneton|84/100
|
|t:|1659086141
|switch|p1a: Togedemaru|Togedemaru, M|100/100|[from]move: U-turn
|
|upkeep
|turn|4
|j| td1
|
|t:|1659086152
|move|p2a: Magneton|Tri Attack|p1a: Togedemaru
|-resisted|p1a: Togedemaru
|-damage|p1a: Togedemaru|82/100
|move|p1a: Togedemaru|U-turn|p2a: Magneton
|-resisted|p2a: Magneton
|-damage|p2a: Magneton|72/100
|
|t:|1659086159
|switch|p1a: Charizard|Charizard, F|100/100|[from]move: U-turn
|
|upkeep
|turn|5
|
|t:|1659086165
|switch|p1a: Whimsicott|Whimsicott, F|100/100
|switch|p2a: Kabutops|Kabutops, F|100/100
|
|upkeep
|turn|6
|
|t:|1659086171
|switch|p2a: Magneton|Magneton|72/100
|move|p1a: Whimsicott|Switcheroo|p2a: Magneton
|-activate|p1a: Whimsicott|move: Trick|[of] p2a: Magneton
|-item|p2a: Magneton|Choice Specs|[from] move: Switcheroo
|-item|p1a: Whimsicott|Choice Specs|[from] move: Switcheroo
|
|upkeep
|turn|7
|
|t:|1659086185
|switch|p1a: Togedemaru|Togedemaru, M|82/100
|switch|p2a: Charizard|Charizard, M|83/100
|
|-heal|p1a: Togedemaru|88/100|[from] item: Leftovers
|upkeep
|turn|8
|
|t:|1659086194
|switch|p2a: Jellicent|Jellicent, F|100/100
|move|p1a: Togedemaru|Spiky Shield||[still]
|-fail|p1a: Togedemaru
|
|-heal|p1a: Togedemaru|94/100|[from] item: Leftovers
|upkeep
|turn|9
|
|t:|1659086211
|switch|p2a: Sandaconda|Sandaconda, F|100/100
|move|p1a: Togedemaru|Spiky Shield||[still]
|-fail|p1a: Togedemaru
|
|-heal|p1a: Togedemaru|99/100|[from] item: Leftovers
|upkeep
|turn|10
|
|t:|1659086218
|switch|p1a: Sandaconda|Sandaconda, M|100/100
|move|p2a: Sandaconda|Stealth Rock|p1a: Sandaconda
|-sidestart|p1: Haffling test|move: Stealth Rock
|
|upkeep
|turn|11
|
|t:|1659086221
|switch|p2a: Abomasnow|Abomasnow, F|100/100
|-weather|Hail|[from] ability: Snow Warning|[of] p2a: Abomasnow
|move|p1a: Sandaconda|Stealth Rock|p2a: Abomasnow
|-sidestart|p2: cafay sukray|move: Stealth Rock
|
|-weather|Hail|[upkeep]
|-damage|p1a: Sandaconda|94/100|[from] Hail
|upkeep
|turn|12
|
|t:|1659086227
|switch|p1a: Togedemaru|Togedemaru, M|99/100
|-damage|p1a: Togedemaru|94/100|[from] Stealth Rock
|move|p2a: Abomasnow|Earth Power|p1a: Togedemaru
|-supereffective|p1a: Togedemaru
|-damage|p1a: Togedemaru|0 fnt
|faint|p1a: Togedemaru
|
|-weather|Hail|[upkeep]
|upkeep
|
|t:|1659086231
|switch|p1a: Charizard|Charizard, F|100/100
|turn|13
|
|t:|1659086243
|switch|p2a: Kabutops|Kabutops, F|100/100
|-damage|p2a: Kabutops|88/100|[from] Stealth Rock
|move|p1a: Charizard|Defog|p2a: Kabutops
|-unboost|p2a: Kabutops|evasion|1
|-sideend|p2: cafay sukray|Stealth Rock|[from] move: Defog|[of] p1a: Charizard
|-sideend|p1: Haffling test|Stealth Rock|[from] move: Defog|[of] p1a: Charizard
|
|-weather|Hail|[upkeep]
|-damage|p1a: Charizard|94/100|[from] Hail
|-damage|p2a: Kabutops|82/100|[from] Hail
|-heal|p2a: Kabutops|88/100|[from] item: Leftovers
|upkeep
|turn|14
|
|t:|1659086249
|switch|p1a: Weezing|Weezing, F|100/100
|-ability|p1a: Weezing|Neutralizing Gas
|move|p2a: Kabutops|Flip Turn|p1a: Weezing
|-damage|p1a: Weezing|83/100
|
|t:|1659086252
|switch|p2a: Jellicent|Jellicent, F|100/100|[from]move: Flip Turn
|
|-weather|Hail|[upkeep]
|-damage|p2a: Jellicent|94/100|[from] Hail
|-damage|p1a: Weezing|77/100|[from] Hail
|-heal|p1a: Weezing|83/100|[from] item: Black Sludge
|upkeep
|turn|15
|j| cnino
|c|☆Haffling test|yea i hate that fucking tops man
|c|☆Haffling test|gg
|
|t:|1659086273
|move|p2a: Jellicent|Shadow Ball|p1a: Weezing
|-damage|p1a: Weezing|17/100
|-unboost|p1a: Weezing|spd|1
|move|p1a: Weezing|Toxic Spikes|p2a: Jellicent
|-sidestart|p2: cafay sukray|move: Toxic Spikes
|
|-weather|none
|-heal|p1a: Weezing|23/100|[from] item: Black Sludge
|upkeep
|turn|16
|c|☆cafay sukray|tops ?
|c|☆Haffling test|ka
|c|☆cafay sukray|what
|c|☆Haffling test|bu
|c|☆cafay sukray|oh
|c|☆Haffling test|tops
|
|t:|1659086300
|-end|p1a: Weezing|ability: Neutralizing Gas
|switch|p1a: Wishiwashi|Wishiwashi, M|94/100 tox
|-formechange|p1a: Wishiwashi|Wishiwashi-School||[from] ability: Schooling
|move|p2a: Jellicent|Shadow Ball|p1a: Wishiwashi
|-damage|p1a: Wishiwashi|62/100 tox
|
|-heal|p1a: Wishiwashi|68/100 tox|[from] item: Leftovers
|-damage|p1a: Wishiwashi|62/100 tox|[from] psn
|upkeep
|turn|17
|
|t:|1659086307
|move|p2a: Jellicent|Shadow Ball|p1a: Wishiwashi
|-damage|p1a: Wishiwashi|30/100 tox
|move|p1a: Wishiwashi|Rest|p1a: Wishiwashi
|-status|p1a: Wishiwashi|slp|[from] move: Rest
|-heal|p1a: Wishiwashi|100/100 slp|[silent]
|
|upkeep
|turn|18
|
|t:|1659086310
|move|p2a: Jellicent|Shadow Ball|p1a: Wishiwashi
|-damage|p1a: Wishiwashi|70/100 slp
|cant|p1a: Wishiwashi|slp
|move|p1a: Wishiwashi|Sleep Talk|p1a: Wishiwashi
|move|p1a: Wishiwashi|Scald|p2a: Jellicent|[from]move: Sleep Talk
|-heal|p2a: Jellicent|100/100|[from] ability: Water Absorb|[of] p1a: Wishiwashi
|
|-heal|p1a: Wishiwashi|76/100 slp|[from] item: Leftovers
|upkeep
|turn|19
|
|t:|1659086314
|move|p2a: Jellicent|Shadow Ball|p1a: Wishiwashi
|-damage|p1a: Wishiwashi|45/100 slp
|cant|p1a: Wishiwashi|slp
|move|p1a: Wishiwashi|Sleep Talk|p1a: Wishiwashi
|move|p1a: Wishiwashi|Rest||[from]move: Sleep Talk|[still]
|-fail|p1a: Wishiwashi
|
|-heal|p1a: Wishiwashi|51/100 slp|[from] item: Leftovers
|upkeep
|turn|20
|
|t:|1659086318
|move|p2a: Jellicent|Shadow Ball|p1a: Wishiwashi
|-crit|p1a: Wishiwashi
|-damage|p1a: Wishiwashi|7/100 slp
|-unboost|p1a: Wishiwashi|spd|1
|-curestatus|p1a: Wishiwashi|slp|[msg]
|move|p1a: Wishiwashi|Rest|p1a: Wishiwashi
|-status|p1a: Wishiwashi|slp|[from] move: Rest
|-heal|p1a: Wishiwashi|100/100 slp|[silent]
|
|upkeep
|turn|21
|
|t:|1659086324
|move|p2a: Jellicent|Shadow Ball|p1a: Wishiwashi
|-damage|p1a: Wishiwashi|56/100 slp
|cant|p1a: Wishiwashi|slp
|move|p1a: Wishiwashi|Sleep Talk|p1a: Wishiwashi
|move|p1a: Wishiwashi|U-turn|p2a: Jellicent|[from]move: Sleep Talk
|-resisted|p2a: Jellicent
|-damage|p2a: Jellicent|87/100
|
|t:|1659086328
|switch|p1a: Whimsicott|Whimsicott, F|100/100|[from]move: U-turn
|
|upkeep
|turn|22
|
|t:|1659086336
|switch|p2a: Magneton|Magneton|72/100
|move|p1a: Whimsicott|Energy Ball|p2a: Magneton
|-resisted|p2a: Magneton
|-damage|p2a: Magneton|28/100
|
|upkeep
|turn|23
|
|t:|1659086344
|switch|p2a: Charizard|Charizard, M|83/100
|move|p1a: Whimsicott|Energy Ball|p2a: Charizard
|-resisted|p2a: Charizard
|-damage|p2a: Charizard|67/100
|
|upkeep
|turn|24
|
|t:|1659086351
|switch|p1a: Wishiwashi|Wishiwashi, M|56/100 slp
|-formechange|p1a: Wishiwashi|Wishiwashi-School||[from] ability: Schooling
|switch|p2a: Abomasnow|Abomasnow, F|100/100
|-status|p2a: Abomasnow|psn
|-weather|Hail|[from] ability: Snow Warning|[of] p2a: Abomasnow
|
|-weather|Hail|[upkeep]
|-damage|p1a: Wishiwashi|50/100 slp|[from] Hail
|-heal|p1a: Wishiwashi|56/100 slp|[from] item: Leftovers
|-damage|p2a: Abomasnow|88/100 psn|[from] psn
|upkeep
|turn|25
|
|t:|1659086358
|switch|p1a: Weezing|Weezing, F|23/100
|-ability|p1a: Weezing|Neutralizing Gas
|move|p2a: Abomasnow|Giga Drain|p1a: Weezing
|-resisted|p1a: Weezing
|-damage|p1a: Weezing|0 fnt
|-heal|p2a: Abomasnow|99/100 psn|[from] drain|[of] p1a: Weezing
|faint|p1a: Weezing
|-end|p1a: Weezing|ability: Neutralizing Gas
|
|-weather|Hail|[upkeep]
|-damage|p2a: Abomasnow|87/100 psn|[from] psn
|upkeep
|
|t:|1659086363
|switch|p1a: Whimsicott|Whimsicott, F|100/100
|turn|26
|
|t:|1659086379
|switch|p2a: Magneton|Magneton|28/100
|move|p1a: Whimsicott|Moonblast|p2a: Magneton
|-resisted|p2a: Magneton
|-damage|p2a: Magneton|0 fnt
|faint|p2a: Magneton
|
|-weather|Hail|[upkeep]
|-damage|p1a: Whimsicott|94/100|[from] Hail
|upkeep
|
|t:|1659086383
|switch|p2a: Charizard|Charizard, M|67/100
|turn|27
|
|t:|1659086388
|switch|p1a: Wishiwashi|Wishiwashi, M|56/100 slp
|-formechange|p1a: Wishiwashi|Wishiwashi-School||[from] ability: Schooling
|move|p2a: Charizard|Roost|p2a: Charizard
|-heal|p2a: Charizard|100/100
|-singleturn|p2a: Charizard|move: Roost
|
|-weather|Hail|[upkeep]
|-damage|p2a: Charizard|94/100|[from] Hail
|-damage|p1a: Wishiwashi|50/100 slp|[from] Hail
|-heal|p1a: Wishiwashi|56/100 slp|[from] item: Leftovers
|upkeep
|turn|28
|
|t:|1659086401
|switch|p2a: Sandaconda|Sandaconda, F|100/100
|-status|p2a: Sandaconda|psn
|cant|p1a: Wishiwashi|slp
|move|p1a: Wishiwashi|Sleep Talk|p1a: Wishiwashi
|move|p1a: Wishiwashi|Scald|p2a: Sandaconda|[from]move: Sleep Talk
|-supereffective|p2a: Sandaconda
|-damage|p2a: Sandaconda|0 fnt
|faint|p2a: Sandaconda
|
|-weather|none
|-heal|p1a: Wishiwashi|62/100 slp|[from] item: Leftovers
|upkeep
|c|☆cafay sukray|oof
|
|t:|1659086407
|switch|p2a: Abomasnow|Abomasnow, F|87/100 psn
|-weather|Hail|[from] ability: Snow Warning|[of] p2a: Abomasnow
|turn|29
|l| cnino
|
|t:|1659086414
|switch|p1a: Charizard|Charizard, F|94/100
|move|p2a: Abomasnow|Leaf Storm|p1a: Charizard
|-resisted|p1a: Charizard
|-damage|p1a: Charizard|70/100
|-unboost|p2a: Abomasnow|spa|2
|
|-weather|Hail|[upkeep]
|-damage|p1a: Charizard|64/100|[from] Hail
|-damage|p2a: Abomasnow|75/100 psn|[from] psn
|upkeep
|turn|30
|
|t:|1659086420
|switch|p1a: Sandaconda|Sandaconda, M|94/100
|switch|p2a: Kabutops|Kabutops, F|88/100
|-status|p2a: Kabutops|psn
|
|-weather|Hail|[upkeep]
|-damage|p1a: Sandaconda|88/100|[from] Hail
|-damage|p2a: Kabutops|82/100 psn|[from] Hail
|-heal|p2a: Kabutops|88/100 psn|[from] item: Leftovers
|-damage|p2a: Kabutops|76/100 psn|[from] psn
|upkeep
|turn|31
|
|t:|1659086440
|move|p1a: Sandaconda|Earthquake|p2a: Kabutops
|-supereffective|p2a: Kabutops
|-damage|p2a: Kabutops|7/100 psn
|move|p2a: Kabutops|Rapid Spin|p1a: Sandaconda
|-damage|p1a: Sandaconda|81/100
|-boost|p2a: Kabutops|spe|1
|-damage|p2a: Kabutops|0 fnt|[from] item: Rocky Helmet|[of] p1a: Sandaconda
|faint|p2a: Kabutops
|
|-weather|Hail|[upkeep]
|-damage|p1a: Sandaconda|75/100|[from] Hail
|upkeep
|
|t:|1659086445
|switch|p2a: Jellicent|Jellicent, F|87/100
|-status|p2a: Jellicent|psn
|turn|32
|
|t:|1659086467
|move|p2a: Jellicent|Shadow Ball|p1a: Sandaconda
|-damage|p1a: Sandaconda|17/100
|move|p1a: Sandaconda|Stealth Rock|p2a: Jellicent
|-sidestart|p2: cafay sukray|move: Stealth Rock
|
|-weather|Hail|[upkeep]
|-damage|p2a: Jellicent|81/100 psn|[from] Hail
|-damage|p1a: Sandaconda|11/100|[from] Hail
|-damage|p2a: Jellicent|69/100 psn|[from] psn
|upkeep
|turn|33
|c|☆cafay sukray|guess i was not faster
|c|☆Haffling test|then what?
|c|☆cafay sukray|sanda
|c|☆Haffling test|like i dont have a good switch in to spout here
|
|t:|1659086530
|move|p2a: Jellicent|Shadow Ball|p1a: Sandaconda
|-damage|p1a: Sandaconda|0 fnt
|faint|p1a: Sandaconda
|
|-weather|none
|-damage|p2a: Jellicent|56/100 psn|[from] psn
|upkeep
|
|t:|1659086537
|switch|p1a: Wishiwashi|Wishiwashi, M|62/100 slp
|-formechange|p1a: Wishiwashi|Wishiwashi-School||[from] ability: Schooling
|turn|34
|c|☆cafay sukray|to shadowball not spout
|c|☆Haffling test|that 2
|c|☆cafay sukray|i need to not be toxiced to beat wish with wishi
|
|t:|1659086580
|move|p2a: Jellicent|Shadow Ball|p1a: Wishiwashi
|-damage|p1a: Wishiwashi|32/100 slp
|-curestatus|p1a: Wishiwashi|slp|[msg]
|move|p1a: Wishiwashi|Rest|p1a: Wishiwashi
|-status|p1a: Wishiwashi|slp|[from] move: Rest
|-heal|p1a: Wishiwashi|100/100 slp|[silent]
|
|-damage|p2a: Jellicent|44/100 psn|[from] psn
|upkeep
|turn|35
|
|t:|1659086586
|move|p2a: Jellicent|Shadow Ball|p1a: Wishiwashi
|-damage|p1a: Wishiwashi|66/100 slp
|cant|p1a: Wishiwashi|slp
|
|-heal|p1a: Wishiwashi|72/100 slp|[from] item: Leftovers
|-damage|p2a: Jellicent|32/100 psn|[from] psn
|upkeep
|turn|36
|
|t:|1659086591
|move|p2a: Jellicent|Shadow Ball|p1a: Wishiwashi
|-damage|p1a: Wishiwashi|40/100 slp
|-unboost|p1a: Wishiwashi|spd|1
|cant|p1a: Wishiwashi|slp
|
|-heal|p1a: Wishiwashi|46/100 slp|[from] item: Leftovers
|-damage|p2a: Jellicent|20/100 psn|[from] psn
|upkeep
|turn|37
|
|t:|1659086602
|switch|p1a: Whimsicott|Whimsicott, F|94/100
|move|p2a: Jellicent|Shadow Ball|p1a: Whimsicott
|-damage|p1a: Whimsicott|12/100
|
|-damage|p2a: Jellicent|7/100 psn|[from] psn
|upkeep
|turn|38
|
|t:|1659086656
|move|p1a: Whimsicott|Psychic|p2a: Jellicent
|-damage|p2a: Jellicent|0 fnt
|faint|p2a: Jellicent
|
|upkeep
|
|t:|1659086659
|switch|p2a: Charizard|Charizard, M|94/100
|turn|39
|
|t:|1659086666
|switch|p1a: Charizard|Charizard, F|64/100
|move|p2a: Charizard|Air Slash|p1a: Charizard
|-damage|p1a: Charizard|21/100
|
|upkeep
|turn|40
|
|t:|1659086672
|move|p1a: Charizard|Hurricane|p2a: Charizard|[miss]
|-miss|p1a: Charizard|p2a: Charizard
|move|p2a: Charizard|Air Slash|p1a: Charizard
|-damage|p1a: Charizard|0 fnt
|faint|p1a: Charizard
|
|upkeep
|
|t:|1659086674
|switch|p1a: Wishiwashi|Wishiwashi, M|46/100 slp
|-formechange|p1a: Wishiwashi|Wishiwashi-School||[from] ability: Schooling
|turn|41
|
|t:|1659086710
|switch|p2a: Abomasnow|Abomasnow, F|75/100 psn
|-damage|p2a: Abomasnow|50/100 psn|[from] Stealth Rock
|-weather|Hail|[from] ability: Snow Warning|[of] p2a: Abomasnow
|-curestatus|p1a: Wishiwashi|slp|[msg]
|move|p1a: Wishiwashi|Rest|p1a: Wishiwashi
|-status|p1a: Wishiwashi|slp|[from] move: Rest
|-heal|p1a: Wishiwashi|100/100 slp|[silent]
|
|-weather|Hail|[upkeep]
|-damage|p1a: Wishiwashi|94/100 slp|[from] Hail
|-heal|p1a: Wishiwashi|100/100 slp|[from] item: Leftovers
|-damage|p2a: Abomasnow|37/100 psn|[from] psn
|upkeep
|turn|42
|
|t:|1659086721
|switch|p1a: Whimsicott|Whimsicott, F|12/100
|move|p2a: Abomasnow|Leaf Storm|p1a: Whimsicott
|-resisted|p1a: Whimsicott
|-damage|p1a: Whimsicott|0 fnt
|-unboost|p2a: Abomasnow|spa|2
|faint|p1a: Whimsicott
|
|-weather|Hail|[upkeep]
|-damage|p2a: Abomasnow|25/100 psn|[from] psn
|upkeep
|
|t:|1659086726
|switch|p1a: Wishiwashi|Wishiwashi, M|100/100 slp
|-formechange|p1a: Wishiwashi|Wishiwashi-School||[from] ability: Schooling
|turn|43
|
|t:|1659086730
|move|p2a: Abomasnow|Leaf Storm|p1a: Wishiwashi
|-supereffective|p1a: Wishiwashi
|-damage|p1a: Wishiwashi|47/100 slp
|-unboost|p2a: Abomasnow|spa|2
|cant|p1a: Wishiwashi|slp
|move|p1a: Wishiwashi|Sleep Talk|p1a: Wishiwashi
|move|p1a: Wishiwashi|Scald|p2a: Abomasnow|[from]move: Sleep Talk
|-resisted|p2a: Abomasnow
|-damage|p2a: Abomasnow|4/100 psn
|
|-weather|Hail|[upkeep]
|-damage|p1a: Wishiwashi|41/100 slp|[from] Hail
|-heal|p1a: Wishiwashi|47/100 slp|[from] item: Leftovers
|-damage|p2a: Abomasnow|0 fnt|[from] psn
|faint|p2a: Abomasnow
|upkeep
|
|t:|1659086734
|switch|p2a: Charizard|Charizard, M|94/100
|turn|44
|
|t:|1659086737
|move|p2a: Charizard|Air Slash|p1a: Wishiwashi
|-damage|p1a: Wishiwashi|22/100 slp
|cant|p1a: Wishiwashi|slp
|move|p1a: Wishiwashi|Sleep Talk|p1a: Wishiwashi
|move|p1a: Wishiwashi|Scald|p2a: Charizard|[from]move: Sleep Talk
|-supereffective|p2a: Charizard
|-damage|p2a: Charizard|0 fnt
|faint|p2a: Charizard
|
|win|Haffling test
|raw|Haffling test's rating: 1444 &rarr; <strong>1472</strong><br />(+28 for winning)
|raw|cafay sukray's rating: 1595 &rarr; <strong>1567</strong><br />(-28 for losing)
|c|☆Haffling test|dang
|c|☆Haffling test|really didnt think i could bring that back
|c|☆cafay sukray|luck can bring anything back
|c|☆cafay sukray|gg
|l|☆cafay sukray
|c|☆Haffling test|ig
||Ladder isn't responding, score probably updated but might not have (Request timeout).
|c|☆Haffling test|gg
|l| td1
