|j|☆Dorkman590
|j|☆EpicBibarel
|t:|1638990437
|gametype|singles
|player|p1|Dorkman590|1|1222
|player|p2|EpicBibarel|camper|1324
|teamsize|p1|6
|teamsize|p2|6
|gen|8
|tier|[Gen 8] PU
|rated|
|rule|Sleep Clause Mod: Limit one foe put to sleep
|rule|Species Clause: Limit one of each Pokémon
|rule|OHKO Clause: OHKO moves are banned
|rule|Evasion Moves Clause: Evasion moves are banned
|rule|Endless Battle Clause: Forcing endless battles is banned
|rule|HP Percentage Mod: HP is shown in percentages
|rule|Dynamax Clause: You cannot dynamax
|clearpoke
|poke|p1|Beheeyem, M|
|poke|p1|Weezing, F|
|poke|p1|Morpeko, F|
|poke|p1|Hitmontop, M|
|poke|p1|Claydol|
|poke|p1|Manectric, M|
|poke|p2|Shuckle, M|
|poke|p2|Articuno-Galar|
|poke|p2|Morpeko, F|
|poke|p2|Silvally-*|
|poke|p2|Ribombee, M|
|poke|p2|Lycanroc, M|
|teampreview
|
|t:|1638990445
|start
|switch|p1a: Tapu GayGay|Beheeyem, M|100/100
|switch|p2a: Shuckle|Shuckle, M|100/100
|turn|1
|
|t:|1638990450
|move|p1a: Tapu GayGay|Psyshock|p2a: Shuckle
|-damage|p2a: Shuckle|57/100
|move|p2a: Shuckle|Sticky Web|p1a: Tapu GayGay
|-sidestart|p1: Dorkman590|move: Sticky Web
|
|upkeep
|turn|2
|
|t:|1638990456
|switch|p1a: Um...Moses|Claydol|100/100
|move|p2a: Shuckle|Stealth Rock|p1a: Um...Moses
|-sidestart|p1: Dorkman590|move: Stealth Rock
|
|upkeep
|turn|3
|
|t:|1638990460
|switch|p2a: Silvally|Silvally-Ghost|100/100
|move|p1a: Um...Moses|Rapid Spin|p2a: Silvally
|-immune|p2a: Silvally
|
|upkeep
|turn|4
|j| Urusius
|
|t:|1638990466
|switch|p1a: Detroit|Weezing, F|100/100
|-damage|p1a: Detroit|88/100|[from] Stealth Rock
|move|p2a: Silvally|Swords Dance|p2a: Silvally
|-boost|p2a: Silvally|atk|2
|
|upkeep
|turn|5
|
|t:|1638990469
|switch|p2a: Articuno|Articuno-Galar|100/100
|move|p1a: Detroit|Will-O-Wisp|p2a: Articuno
|-status|p2a: Articuno|brn
|
|-damage|p2a: Articuno|94/100 brn|[from] brn
|upkeep
|turn|6
|
|t:|1638990473
|switch|p1a: Um...Moses|Claydol|100/100
|-damage|p1a: Um...Moses|94/100|[from] Stealth Rock
|move|p2a: Articuno|Freezing Glare|p1a: Um...Moses
|-resisted|p1a: Um...Moses
|-damage|p1a: Um...Moses|67/100
|
|-heal|p1a: Um...Moses|73/100|[from] item: Leftovers
|-damage|p2a: Articuno|88/100 brn|[from] brn
|upkeep
|turn|7
|c| Urusius|Tiens tiens
|
|t:|1638990478
|switch|p2a: Shuckle|Shuckle, M|57/100
|move|p1a: Um...Moses|Stealth Rock|p2a: Shuckle
|-sidestart|p2: EpicBibarel|move: Stealth Rock
|
|-heal|p1a: Um...Moses|79/100|[from] item: Leftovers
|upkeep
|turn|8
|c| Urusius|Regardez qui voilà
|
|t:|1638990483
|switch|p2a: Silvally|Silvally-Ghost|100/100
|-damage|p2a: Silvally|88/100|[from] Stealth Rock
|move|p1a: Um...Moses|Rapid Spin|p2a: Silvally
|-immune|p2a: Silvally
|
|-heal|p1a: Um...Moses|86/100|[from] item: Leftovers
|upkeep
|turn|9
|c|☆EpicBibarel|??
|
|t:|1638990495
|switch|p2a: Articuno|Articuno-Galar|88/100 brn
|-damage|p2a: Articuno|63/100 brn|[from] Stealth Rock
|switch|p1a: Detroit|Weezing, F|88/100
|-damage|p1a: Detroit|76/100|[from] Stealth Rock
|
|-damage|p2a: Articuno|57/100 brn|[from] brn
|upkeep
|turn|10
|c| Urusius|Ouais vazy fait genre
|c| Urusius|Mdr
|
|t:|1638990504
|switch|p1a: Mixed Race Chippy|Morpeko, F|100/100
|-activate|p1a: Mixed Race Chippy|move: Sticky Web
|-unboost|p1a: Mixed Race Chippy|spe|1
|-damage|p1a: Mixed Race Chippy|88/100|[from] Stealth Rock
|move|p2a: Articuno|Hurricane|p1a: Mixed Race Chippy
|-resisted|p1a: Mixed Race Chippy
|-damage|p1a: Mixed Race Chippy|4/100
|
|-damage|p2a: Articuno|51/100 brn|[from] brn
|-formechange|p1a: Mixed Race Chippy|Morpeko-Hangry||[from] ability: Hunger Switch
|upkeep
|turn|11
|c|☆EpicBibarel|who r u
|
|t:|1638990510
|move|p2a: Articuno|Hurricane|p1a: Mixed Race Chippy
|-resisted|p1a: Mixed Race Chippy
|-damage|p1a: Mixed Race Chippy|0 fnt
|faint|p1a: Mixed Race Chippy
|
|-damage|p2a: Articuno|44/100 brn|[from] brn
|upkeep
|
|t:|1638990514
|switch|p1a: Um...Moses|Claydol|86/100
|-damage|p1a: Um...Moses|79/100|[from] Stealth Rock
|turn|12
|c| Urusius|Tkt je vais garder le secret
|
|t:|1638990517
|switch|p2a: Silvally|Silvally-Ghost|88/100
|-damage|p2a: Silvally|76/100|[from] Stealth Rock
|move|p1a: Um...Moses|Teleport|p1a: Um...Moses
|
|t:|1638990526
|switch|p1a: Pinhead|Manectric, M|100/100|[from]move: Teleport
|-activate|p1a: Pinhead|move: Sticky Web
|-unboost|p1a: Pinhead|spe|1
|-damage|p1a: Pinhead|88/100|[from] Stealth Rock
|
|upkeep
|turn|13
|
|t:|1638990531
|switch|p2a: Shuckle|Shuckle, M|57/100
|-damage|p2a: Shuckle|32/100|[from] Stealth Rock
|move|p1a: Pinhead|Thunderbolt|p2a: Shuckle
|-damage|p2a: Shuckle|10/100
|
|upkeep
|turn|14
|
|t:|1638990533
|move|p1a: Pinhead|Thunderbolt|p2a: Shuckle
|-damage|p2a: Shuckle|0 fnt
|faint|p2a: Shuckle
|
|upkeep
|
|t:|1638990537
|switch|p2a: Morpeko|Morpeko, F|100/100
|turn|15
|
|t:|1638990540
|switch|p1a: Detroit|Weezing, F|76/100
|-damage|p1a: Detroit|64/100|[from] Stealth Rock
|move|p2a: Morpeko|Rapid Spin|p1a: Detroit
|-damage|p1a: Detroit|54/100
|-boost|p2a: Morpeko|spe|1
|-damage|p2a: Morpeko|84/100|[from] item: Rocky Helmet|[of] p1a: Detroit
|-sideend|p2: EpicBibarel|Stealth Rock|[from] move: Rapid Spin|[of] p2a: Morpeko
|
|-formechange|p2a: Morpeko|Morpeko-Hangry||[from] ability: Hunger Switch
|upkeep
|turn|16
|
|t:|1638990547
|move|p2a: Morpeko|Taunt|p1a: Detroit
|-start|p1a: Detroit|move: Taunt
|move|p1a: Detroit|Sludge Bomb|p2a: Morpeko
|-damage|p2a: Morpeko|28/100
|-status|p2a: Morpeko|psn
|
|-damage|p2a: Morpeko|15/100 psn|[from] psn
|-formechange|p2a: Morpeko|Morpeko||[from] ability: Hunger Switch
|upkeep
|turn|17
|
|t:|1638990550
|move|p2a: Morpeko|Aura Wheel|p1a: Detroit
|-damage|p1a: Detroit|25/100
|-boost|p2a: Morpeko|spe|1
|move|p1a: Detroit|Sludge Bomb|p2a: Morpeko
|-damage|p2a: Morpeko|0 fnt
|faint|p2a: Morpeko
|
|upkeep
|
|t:|1638990568
|switch|p2a: Articuno|Articuno-Galar|44/100 brn
|turn|18
|
|t:|1638990571
|switch|p1a: Um...Moses|Claydol|79/100
|-damage|p1a: Um...Moses|73/100|[from] Stealth Rock
|move|p2a: Articuno|Freezing Glare|p1a: Um...Moses
|-resisted|p1a: Um...Moses
|-damage|p1a: Um...Moses|50/100
|
|-heal|p1a: Um...Moses|56/100|[from] item: Leftovers
|-damage|p2a: Articuno|38/100 brn|[from] brn
|upkeep
|turn|19
|
|t:|1638990575
|switch|p2a: Silvally|Silvally-Ghost|76/100
|move|p1a: Um...Moses|Scorching Sands|p2a: Silvally
|-damage|p2a: Silvally|55/100
|
|-heal|p1a: Um...Moses|62/100|[from] item: Leftovers
|upkeep
|turn|20
|
|t:|1638990578
|move|p2a: Silvally|Swords Dance|p2a: Silvally
|-boost|p2a: Silvally|atk|2
|move|p1a: Um...Moses|Scorching Sands|p2a: Silvally
|-damage|p2a: Silvally|34/100
|
|-heal|p1a: Um...Moses|68/100|[from] item: Leftovers
|upkeep
|turn|21
|
|t:|1638990584
|switch|p1a: Detroit|Weezing, F|25/100
|-damage|p1a: Detroit|13/100|[from] Stealth Rock
|move|p2a: Silvally|Multi-Attack|p1a: Detroit
|-damage|p1a: Detroit|0 fnt
|-damage|p2a: Silvally|17/100|[from] item: Rocky Helmet|[of] p1a: Detroit
|faint|p1a: Detroit
|
|upkeep
|
|t:|1638990591
|switch|p1a: Pinhead|Manectric, M|88/100
|-damage|p1a: Pinhead|76/100|[from] Stealth Rock
|-activate|p1a: Pinhead|move: Sticky Web
|-unboost|p1a: Pinhead|spe|1
|turn|22
|
|t:|1638990598
|move|p1a: Pinhead|Volt Switch|p2a: Silvally
|-damage|p2a: Silvally|0 fnt
|faint|p2a: Silvally
|
|t:|1638990604
|switch|p1a: Tapu GayGay|Beheeyem, M|100/100|[from]move: Volt Switch
|-damage|p1a: Tapu GayGay|88/100|[from] Stealth Rock
|-activate|p1a: Tapu GayGay|move: Sticky Web
|-unboost|p1a: Tapu GayGay|spe|1
|
|upkeep
|
|t:|1638990607
|switch|p2a: Ribombee|Ribombee, M|100/100
|turn|23
|
|t:|1638990611
|move|p2a: Ribombee|Bug Buzz|p1a: Tapu GayGay
|-supereffective|p1a: Tapu GayGay
|-damage|p1a: Tapu GayGay|0 fnt
|faint|p1a: Tapu GayGay
|
|upkeep
|
|t:|1638990614
|switch|p1a: Crazy Trog|Hitmontop, M|100/100
|-damage|p1a: Crazy Trog|94/100|[from] Stealth Rock
|-activate|p1a: Crazy Trog|move: Sticky Web
|-unboost|p1a: Crazy Trog|spe|1
|turn|24
|
|t:|1638990618
|switch|p2a: Lycanroc|Lycanroc, M|100/100
|move|p1a: Crazy Trog|Triple Axel|p2a: Lycanroc
|-damage|p2a: Lycanroc|79/100
|-crit|p2a: Lycanroc
|-damage|p2a: Lycanroc|14/100
|-damage|p2a: Lycanroc|0 fnt
|faint|p2a: Lycanroc
|-hitcount|p2: Lycanroc|3
|-damage|p1a: Crazy Trog|84/100|[from] item: Life Orb
|
|upkeep
|
|t:|1638990625
|switch|p2a: Ribombee|Ribombee, M|100/100
|turn|25
|
|t:|1638990628
|switch|p1a: Um...Moses|Claydol|68/100
|-damage|p1a: Um...Moses|62/100|[from] Stealth Rock
|move|p2a: Ribombee|Moonblast|p1a: Um...Moses
|-damage|p1a: Um...Moses|19/100
|
|-heal|p1a: Um...Moses|26/100|[from] item: Leftovers
|upkeep
|turn|26
|
|t:|1638990635
|move|p2a: Ribombee|Moonblast|p1a: Um...Moses
|-damage|p1a: Um...Moses|0 fnt
|faint|p1a: Um...Moses
|
|upkeep
|
|t:|1638990637
|switch|p1a: Pinhead|Manectric, M|76/100
|-damage|p1a: Pinhead|63/100|[from] Stealth Rock
|-activate|p1a: Pinhead|move: Sticky Web
|-unboost|p1a: Pinhead|spe|1
|turn|27
|
|t:|1638990638
|move|p2a: Ribombee|Moonblast|p1a: Pinhead
|-crit|p1a: Pinhead
|-damage|p1a: Pinhead|0 fnt
|faint|p1a: Pinhead
|
|upkeep
|-message|Dorkman590 forfeited.
|
|win|EpicBibarel
|raw|Dorkman590's rating: 1222 &rarr; <strong>1204</strong><br />(-18 for losing)
|raw|EpicBibarel's rating: 1324 &rarr; <strong>1338</strong><br />(+14 for winning)
|l|☆Dorkman590
|l|☆EpicBibarel
||Ladder isn't responding, score probably updated but might not have (Request timeout).
