|html|<div class="broadcast-blue"><strong>[Gen 8] PU is currently suspecting Vanilluxe! For information on how to participate check out the <a href="https://www.smogon.com/forums/threads/np-ss-pu-stage-10-ice-cream-vanilluxe-suspect-test.3705646/">suspect thread</a>.</strong></div>
|j|☆PUVS GamrDood69o
|j|☆PULT4C1 eifo
|t:|1660514876
|gametype|singles
|player|p1|PUVS GamrDood69o|brendan-gen3rs|1256
|player|p2|PULT4C1 eifo|youngster-gen4dp|1258
|teamsize|p1|6
|teamsize|p2|6
|gen|8
|tier|[Gen 8] PU
|rated|
|rule|Sleep Clause Mod: Limit one foe put to sleep
|rule|Species Clause: Limit one of each Pokémon
|rule|OHKO Clause: OHKO moves are banned
|rule|Evasion Items Clause: Evasion items are banned
|rule|Evasion Moves Clause: Evasion moves are banned
|rule|Endless Battle Clause: Forcing endless battles is banned
|rule|HP Percentage Mod: HP is shown in percentages
|rule|Dynamax Clause: You cannot dynamax
|clearpoke
|poke|p1|Charizard, M|
|poke|p1|Whimsicott, F|
|poke|p1|Jellicent, F|
|poke|p1|Audino, F|
|poke|p1|Doublade, M|
|poke|p1|Sandaconda, F|
|poke|p2|Gigalith, M|
|poke|p2|Scrafty, F|
|poke|p2|Scyther, F|
|poke|p2|Sandslash, M|
|poke|p2|Whimsicott, F|
|poke|p2|Lycanroc, F|
|teampreview
|l|☆PUVS GamrDood69o
|player|p1|
|j|☆PUVS GamrDood69o
|player|p1|PUVS GamrDood69o|brendan-gen3rs
|inactive|Battle timer is ON: inactive players will automatically lose when time's up. (requested by PUVS GamrDood69o)
|inactive|PULT4C1 eifo has 120 seconds left.
|
|t:|1660515012
|start
|switch|p1a: Sandaconda|Sandaconda, F|100/100
|switch|p2a: Scyther|Scyther, F|100/100
|turn|1
|
|t:|1660515031
|move|p2a: Scyther|U-turn|p1a: Sandaconda
|-damage|p1a: Sandaconda|76/100
|
|t:|1660515033
|switch|p2a: Whimsicott|Whimsicott, F|100/100|[from]move: U-turn
|move|p1a: Sandaconda|Earthquake|p2a: Whimsicott
|-resisted|p2a: Whimsicott
|-damage|p2a: Whimsicott|66/100
|
|-heal|p1a: Sandaconda|82/100|[from] item: Leftovers
|upkeep
|turn|2
|
|t:|1660515041
|switch|p1a: Audino|Audino, F|100/100
|move|p2a: Whimsicott|Switcheroo|p1a: Audino
|-activate|p2a: Whimsicott|move: Trick|[of] p1a: Audino
|-item|p1a: Audino|Choice Specs|[from] move: Switcheroo
|-item|p2a: Whimsicott|Leftovers|[from] move: Switcheroo
|
|-heal|p2a: Whimsicott|72/100|[from] item: Leftovers
|upkeep
|turn|3
|inactive|PULT4C1 eifo has 120 seconds left.
|inactive|PULT4C1 eifo has 90 seconds left.
|inactive|PULT4C1 eifo has 60 seconds left.
|
|t:|1660515153
|switch|p2a: Scrafty|Scrafty, F|100/100
|switch|p1a: Whimsicott|Whimsicott, F|100/100
|
|upkeep
|turn|4
|
|t:|1660515158
|switch|p2a: Gigalith|Gigalith, M|100/100
|-weather|Sandstorm|[from] ability: Sand Stream|[of] p2a: Gigalith
|move|p1a: Whimsicott|Moonblast|p2a: Gigalith
|-damage|p2a: Gigalith|72/100
|
|-weather|Sandstorm|[upkeep]
|-damage|p1a: Whimsicott|94/100|[from] Sandstorm
|upkeep
|turn|5
|
|t:|1660515187
|switch|p1a: Jellicent|Jellicent, F|100/100
|move|p2a: Gigalith|Stealth Rock|p1a: Jellicent
|-sidestart|p1: PUVS GamrDood69o|move: Stealth Rock
|
|-weather|Sandstorm|[upkeep]
|-damage|p1a: Jellicent|94/100|[from] Sandstorm
|upkeep
|turn|6
|
|t:|1660515197
|switch|p2a: Scrafty|Scrafty, F|100/100
|move|p1a: Jellicent|Water Spout|p2a: Scrafty
|-damage|p2a: Scrafty|9/100
|
|-weather|Sandstorm|[upkeep]
|-damage|p2a: Scrafty|3/100|[from] Sandstorm
|-damage|p1a: Jellicent|88/100|[from] Sandstorm
|upkeep
|turn|7
|inactive|PULT4C1 eifo has 30 seconds left.
|inactive|PULT4C1 eifo has 20 seconds left.
|
|t:|1660515230
|switch|p2a: Scyther|Scyther, F|100/100
|switch|p1a: Sandaconda|Sandaconda, F|82/100
|-damage|p1a: Sandaconda|76/100|[from] Stealth Rock
|
|-weather|Sandstorm|[upkeep]
|-damage|p2a: Scyther|94/100|[from] Sandstorm
|-heal|p1a: Sandaconda|82/100|[from] item: Leftovers
|upkeep
|turn|8
|inactive|PULT4C1 eifo has 30 seconds left this turn.
|inactive|PULT4C1 eifo has 20 seconds left.
|
|t:|1660515240
|move|p2a: Scyther|U-turn|p1a: Sandaconda
|-damage|p1a: Sandaconda|54/100
|inactive|PULT4C1 eifo has 25 seconds left this turn.
|inactive|PULT4C1 eifo has 20 seconds left.
|inactive|PULT4C1 eifo has 15 seconds left.
|
|t:|1660515253
|switch|p2a: Whimsicott|Whimsicott, F|72/100|[from]move: U-turn
|move|p1a: Sandaconda|Stone Edge|p2a: Whimsicott|[miss]
|-miss|p1a: Sandaconda|p2a: Whimsicott
|
|-weather|Sandstorm|[upkeep]
|-damage|p2a: Whimsicott|66/100|[from] Sandstorm
|-heal|p2a: Whimsicott|72/100|[from] item: Leftovers
|-heal|p1a: Sandaconda|60/100|[from] item: Leftovers
|upkeep
|turn|9
|inactive|PULT4C1 eifo has 25 seconds left this turn.
|inactive|PULT4C1 eifo has 20 seconds left.
|
|t:|1660515260
|switch|p2a: Sandslash|Sandslash, M|100/100
|switch|p1a: Charizard|Charizard, M|100/100
|
|-weather|Sandstorm|[upkeep]
|-damage|p1a: Charizard|94/100|[from] Sandstorm
|upkeep
|turn|10
|inactive|PULT4C1 eifo has 30 seconds left this turn.
|
|t:|1660515270
|move|p2a: Sandslash|Swords Dance|p2a: Sandslash
|-boost|p2a: Sandslash|atk|2
|move|p1a: Charizard|Fire Blast|p2a: Sandslash
|-damage|p2a: Sandslash|2/100
|
|-weather|Sandstorm|[upkeep]
|-damage|p1a: Charizard|88/100|[from] Sandstorm
|upkeep
|turn|11
|
|t:|1660515275
|switch|p1a: Doublade|Doublade, M|100/100
|-damage|p1a: Doublade|94/100|[from] Stealth Rock
|move|p2a: Sandslash|Earthquake|p1a: Doublade
|-supereffective|p1a: Doublade
|-damage|p1a: Doublade|0 fnt
|faint|p1a: Doublade
|-damage|p2a: Sandslash|0 fnt|[from] item: Life Orb
|faint|p2a: Sandslash
|
|-weather|none
|upkeep
|
|t:|1660515296
|switch|p2a: Scyther|Scyther, F|94/100
|switch|p1a: Jellicent|Jellicent, F|88/100
|-damage|p1a: Jellicent|76/100|[from] Stealth Rock
|turn|12
|
|t:|1660515304
|move|p2a: Scyther|Dual Wingbeat|p1a: Jellicent|[miss]
|-miss|p2a: Scyther|p1a: Jellicent
|move|p1a: Jellicent|Hydro Pump|p2a: Scyther
|-damage|p2a: Scyther|0 fnt
|faint|p2a: Scyther
|
|upkeep
|
|t:|1660515310
|switch|p2a: Lycanroc|Lycanroc, F|100/100
|turn|13
|
|t:|1660515317
|move|p2a: Lycanroc|Crunch|p1a: Jellicent
|-supereffective|p1a: Jellicent
|-damage|p1a: Jellicent|0 fnt
|faint|p1a: Jellicent
|-damage|p2a: Lycanroc|91/100|[from] item: Life Orb
|
|upkeep
|
|t:|1660515326
|switch|p1a: Sandaconda|Sandaconda, F|60/100
|-damage|p1a: Sandaconda|54/100|[from] Stealth Rock
|turn|14
|
|t:|1660515334
|switch|p2a: Whimsicott|Whimsicott, F|72/100
|move|p1a: Sandaconda|Earthquake|p2a: Whimsicott
|-resisted|p2a: Whimsicott
|-damage|p2a: Whimsicott|35/100
|
|-heal|p2a: Whimsicott|41/100|[from] item: Leftovers
|-heal|p1a: Sandaconda|60/100|[from] item: Leftovers
|upkeep
|turn|15
|
|t:|1660515337
|switch|p1a: Audino|Audino, F|100/100
|-damage|p1a: Audino|88/100|[from] Stealth Rock
|move|p2a: Whimsicott|Energy Ball|p1a: Audino
|-damage|p1a: Audino|68/100
|
|-heal|p2a: Whimsicott|47/100|[from] item: Leftovers
|upkeep
|turn|16
|inactive|PULT4C1 eifo has 60 seconds left.
|
|t:|1660515352
|move|p2a: Whimsicott|Energy Ball|p1a: Audino
|-damage|p1a: Audino|46/100
|move|p1a: Audino|Wish|p1a: Audino
|
|-heal|p2a: Whimsicott|53/100|[from] item: Leftovers
|upkeep
|turn|17
|inactive|PULT4C1 eifo has 60 seconds left.
|
|t:|1660515380
|switch|p1a: Whimsicott|Whimsicott, F|94/100
|-damage|p1a: Whimsicott|82/100|[from] Stealth Rock
|move|p2a: Whimsicott|Switcheroo|p1a: Whimsicott
|-activate|p2a: Whimsicott|move: Trick|[of] p1a: Whimsicott
|-item|p1a: Whimsicott|Leftovers|[from] move: Switcheroo
|-item|p2a: Whimsicott|Choice Specs|[from] move: Switcheroo
|
|-heal|p1a: Whimsicott|100/100|[from] move: Wish|[wisher] Audino
|upkeep
|turn|18
|inactive|PULT4C1 eifo has 60 seconds left.
|
|t:|1660515395
|switch|p1a: Charizard|Charizard, M|88/100
|switch|p2a: Gigalith|Gigalith, M|72/100
|-weather|Sandstorm|[from] ability: Sand Stream|[of] p2a: Gigalith
|
|-weather|Sandstorm|[upkeep]
|-damage|p1a: Charizard|82/100|[from] Sandstorm
|upkeep
|turn|19
|inactive|PULT4C1 eifo has 60 seconds left.
|
|t:|1660515412
|switch|p1a: Sandaconda|Sandaconda, F|60/100
|-damage|p1a: Sandaconda|54/100|[from] Stealth Rock
|switch|p2a: Whimsicott|Whimsicott, F|53/100
|
|-weather|Sandstorm|[upkeep]
|-damage|p2a: Whimsicott|47/100|[from] Sandstorm
|-heal|p1a: Sandaconda|60/100|[from] item: Leftovers
|upkeep
|turn|20
|inactive|PULT4C1 eifo has 60 seconds left.
|
|t:|1660515418
|switch|p1a: Charizard|Charizard, M|82/100
|move|p2a: Whimsicott|Moonblast|p1a: Charizard
|-resisted|p1a: Charizard
|-damage|p1a: Charizard|49/100
|
|-weather|Sandstorm|[upkeep]
|-damage|p2a: Whimsicott|41/100|[from] Sandstorm
|-damage|p1a: Charizard|43/100|[from] Sandstorm
|upkeep
|turn|21
|
|t:|1660515424
|switch|p2a: Lycanroc|Lycanroc, F|91/100
|move|p1a: Charizard|Defog|p2a: Lycanroc
|-unboost|p2a: Lycanroc|evasion|1
|-sideend|p1: PUVS GamrDood69o|Stealth Rock|[from] move: Defog|[of] p1a: Charizard
|
|-weather|Sandstorm|[upkeep]
|-damage|p1a: Charizard|37/100|[from] Sandstorm
|upkeep
|turn|22
|inactive|PULT4C1 eifo has 60 seconds left.
|
|t:|1660515459
|move|p2a: Lycanroc|Close Combat|p1a: Charizard
|-resisted|p1a: Charizard
|-crit|p1a: Charizard
|-damage|p1a: Charizard|0 fnt
|-unboost|p2a: Lycanroc|def|1
|-unboost|p2a: Lycanroc|spd|1
|faint|p1a: Charizard
|-damage|p2a: Lycanroc|81/100|[from] item: Life Orb
|
|-weather|Sandstorm|[upkeep]
|upkeep
|
|t:|1660515465
|switch|p1a: Whimsicott|Whimsicott, F|100/100
|turn|23
|inactive|PULT4C1 eifo has 60 seconds left.
|
|t:|1660515479
|move|p2a: Lycanroc|Stone Edge|p1a: Whimsicott
|-damage|p1a: Whimsicott|0 fnt
|faint|p1a: Whimsicott
|-damage|p2a: Lycanroc|71/100|[from] item: Life Orb
|
|-weather|Sandstorm|[upkeep]
|upkeep
|
|t:|1660515482
|switch|p1a: Sandaconda|Sandaconda, F|60/100
|turn|24
|inactive|PULT4C1 eifo has 60 seconds left.
|
|t:|1660515493
|move|p2a: Lycanroc|Close Combat|p1a: Sandaconda
|-damage|p1a: Sandaconda|17/100
|-unboost|p2a: Lycanroc|def|1
|-unboost|p2a: Lycanroc|spd|1
|-damage|p2a: Lycanroc|61/100|[from] item: Life Orb
|move|p1a: Sandaconda|Earthquake|p2a: Lycanroc
|-supereffective|p2a: Lycanroc
|-damage|p2a: Lycanroc|0 fnt
|faint|p2a: Lycanroc
|
|-weather|Sandstorm|[upkeep]
|-heal|p1a: Sandaconda|23/100|[from] item: Leftovers
|upkeep
|inactive|PULT4C1 eifo has 60 seconds left.
|
|t:|1660515504
|switch|p2a: Whimsicott|Whimsicott, F|41/100
|turn|25
|
|t:|1660515505
|switch|p1a: Audino|Audino, F|80/100
|move|p2a: Whimsicott|Energy Ball|p1a: Audino
|-damage|p1a: Audino|48/100
|
|-weather|none
|upkeep
|turn|26
|
|t:|1660515515
|move|p2a: Whimsicott|Energy Ball|p1a: Audino
|-damage|p1a: Audino|13/100
|move|p1a: Audino|Wish|p1a: Audino
|
|upkeep
|turn|27
|
|t:|1660515519
|move|p2a: Whimsicott|Energy Ball|p1a: Audino
|-damage|p1a: Audino|0 fnt
|faint|p1a: Audino
|
|upkeep
|
|t:|1660515520
|switch|p1a: Sandaconda|Sandaconda, F|23/100
|turn|28
|c|☆PULT4C1 eifo|gg
|
|t:|1660515523
|move|p2a: Whimsicott|Energy Ball|p1a: Sandaconda
|-supereffective|p1a: Sandaconda
|-damage|p1a: Sandaconda|0 fnt
|faint|p1a: Sandaconda
|
|win|PULT4C1 eifo
|raw|PUVS GamrDood69o's rating: 1256 &rarr; <strong>1231</strong><br />(-25 for losing)
|raw|PULT4C1 eifo's rating: 1262 &rarr; <strong>1287</strong><br />(+25 for winning)
|l|☆PUVS GamrDood69o
|l|☆PULT4C1 eifo
