|j|☆PlusC_6
|j|☆Auzt
|t:|1608734740
|player|p1|PlusC_6|colress|1326
|player|p2|Auzt|lucas|1252
|teamsize|p1|6
|teamsize|p2|6
|gametype|singles
|gen|8
|tier|[Gen 8] PU
|rated|
|clearpoke
|poke|p1|Galvantula, M|
|poke|p1|Indeedee-F, F|
|poke|p1|Sceptile, F|
|poke|p1|Passimian, F|
|poke|p1|Claydol|
|poke|p1|Bouffalant, M|
|poke|p2|Poliwrath, M|
|poke|p2|Golbat, F|
|poke|p2|Kangaskhan, F|
|poke|p2|Sandaconda, F|
|poke|p2|Alcremie, F|
|poke|p2|Sandslash, M|
|rule|Sleep Clause Mod: Limit one foe put to sleep
|rule|Species Clause: Limit one of each Pokémon
|rule|OHKO Clause: OHKO moves are banned
|rule|Evasion Moves Clause: Evasion moves are banned
|rule|Endless Battle Clause: Forcing endless battles is banned
|rule|HP Percentage Mod: HP is shown in percentages
|rule|Dynamax Clause: You cannot dynamax
|teampreview
|inactive|Battle timer is ON: inactive players will automatically lose when time's up. (requested by PlusC_6)
|
|t:|1608734756
|start
|switch|p1a: Galvantula|Galvantula, M|100/100
|switch|p2a: Kangaskhan|Kangaskhan, F|100/100
|turn|1
|
|t:|1608734760
|move|p1a: Galvantula|Sticky Web|p2a: Kangaskhan
|-sidestart|p2: Auzt|move: Sticky Web
|move|p2a: Kangaskhan|Double-Edge|p1a: Galvantula
|-crit|p1a: Galvantula
|-damage|p1a: Galvantula|0 fnt
|-damage|p2a: Kangaskhan|74/100|[from] Recoil
|faint|p1a: Galvantula
|
|upkeep
|
|t:|1608734766
|switch|p1a: Passimian|Passimian, F|100/100
|turn|2
|
|t:|1608734777
|switch|p2a: Sandaconda|Sandaconda, F|100/100
|-activate|p2a: Sandaconda|move: Sticky Web
|-unboost|p2a: Sandaconda|spe|1
|move|p1a: Passimian|Knock Off|p2a: Sandaconda
|-damage|p2a: Sandaconda|77/100
|-damage|p1a: Passimian|84/100|[from] item: Rocky Helmet|[of] p2a: Sandaconda
|-weather|Sandstorm|[from] ability: Sand Spit|[of] p2a: Sandaconda
|-enditem|p2a: Sandaconda|Rocky Helmet|[from] move: Knock Off|[of] p1a: Passimian
|
|-weather|Sandstorm|[upkeep]
|-damage|p1a: Passimian|78/100|[from] Sandstorm
|upkeep
|turn|3
|
|t:|1608734786
|switch|p1a: Claydol|Claydol|100/100
|move|p2a: Sandaconda|Stealth Rock|p1a: Claydol
|-sidestart|p1: PlusC_6|move: Stealth Rock
|
|-weather|Sandstorm|[upkeep]
|upkeep
|turn|4
|
|t:|1608734790
|move|p1a: Claydol|Stealth Rock|p2a: Sandaconda
|-sidestart|p2: Auzt|move: Stealth Rock
|move|p2a: Sandaconda|Glare|p1a: Claydol
|-status|p1a: Claydol|par
|
|-weather|Sandstorm|[upkeep]
|upkeep
|turn|5
|
|t:|1608734794
|switch|p2a: Sandslash|Sandslash, M|100/100
|move|p1a: Claydol|Toxic|p2a: Sandslash
|-status|p2a: Sandslash|tox
|
|-weather|Sandstorm|[upkeep]
|-damage|p2a: Sandslash|94/100 tox|[from] psn
|upkeep
|turn|6
|
|t:|1608734799
|move|p2a: Sandslash|Rapid Spin|p1a: Claydol
|-damage|p1a: Claydol|85/100 par
|-boost|p2a: Sandslash|spe|1
|-sideend|p2: Auzt|Stealth Rock|[from] move: Rapid Spin|[of] p2a: Sandslash
|-sideend|p2: Auzt|Sticky Web|[from] move: Rapid Spin|[of] p2a: Sandslash
|move|p1a: Claydol|Rapid Spin|p2a: Sandslash
|-damage|p2a: Sandslash|87/100 tox
|-boost|p1a: Claydol|spe|1
|-sideend|p1: PlusC_6|Stealth Rock|[from] move: Rapid Spin|[of] p1a: Claydol
|
|-weather|none
|-heal|p1a: Claydol|91/100 par|[from] item: Leftovers
|-damage|p2a: Sandslash|75/100 tox|[from] psn
|upkeep
|turn|7
|
|t:|1608734809
|switch|p2a: Golbat|Golbat, F|100/100
|move|p1a: Claydol|Teleport|p1a: Claydol
|
|t:|1608734814
|switch|p1a: Indeedee|Indeedee-F, F|100/100|[from]move: Teleport
|-fieldstart|move: Psychic Terrain|[from] ability: Psychic Surge|[of] p1a: Indeedee
|
|upkeep
|turn|8
|
|t:|1608734829
|switch|p2a: Sandaconda|Sandaconda, F|77/100
|move|p1a: Indeedee|Expanding Force|p2a: Sandaconda
|-damage|p2a: Sandaconda|11/100
|-weather|Sandstorm|[from] ability: Sand Spit|[of] p2a: Sandaconda
|
|-weather|Sandstorm|[upkeep]
|-damage|p1a: Indeedee|94/100|[from] Sandstorm
|upkeep
|turn|9
|
|t:|1608734842
|switch|p2a: Alcremie|Alcremie, F|100/100
|move|p1a: Indeedee|Expanding Force|p2a: Alcremie
|-damage|p2a: Alcremie|41/100
|
|-weather|Sandstorm|[upkeep]
|-damage|p1a: Indeedee|88/100|[from] Sandstorm
|-damage|p2a: Alcremie|35/100|[from] Sandstorm
|upkeep
|turn|10
|
|t:|1608734851
|switch|p2a: Sandaconda|Sandaconda, F|11/100
|move|p1a: Indeedee|Expanding Force|p2a: Sandaconda
|-damage|p2a: Sandaconda|0 fnt
|faint|p2a: Sandaconda
|
|-weather|Sandstorm|[upkeep]
|-damage|p1a: Indeedee|82/100|[from] Sandstorm
|upkeep
|
|t:|1608734853
|switch|p2a: Sandslash|Sandslash, M|75/100 tox
|turn|11
|
|t:|1608734856
|move|p2a: Sandslash|Earthquake|p1a: Indeedee
|-damage|p1a: Indeedee|0 fnt
|faint|p1a: Indeedee
|
|-weather|Sandstorm|[upkeep]
|-damage|p2a: Sandslash|69/100 tox|[from] psn
|-fieldend|move: Psychic Terrain
|upkeep
|
|t:|1608734862
|switch|p1a: Sceptile|Sceptile, F|100/100
|turn|12
|
|t:|1608734870
|switch|p2a: Golbat|Golbat, F|100/100
|move|p1a: Sceptile|Swords Dance|p1a: Sceptile
|-boost|p1a: Sceptile|atk|2
|
|-weather|none
|upkeep
|turn|13
|
|t:|1608734874
|move|p1a: Sceptile|Acrobatics|p2a: Golbat
|-damage|p2a: Golbat|72/100
|move|p2a: Golbat|Brave Bird|p1a: Sceptile
|-supereffective|p1a: Sceptile
|-damage|p1a: Sceptile|0 fnt
|-damage|p2a: Golbat|45/100|[from] Recoil
|faint|p1a: Sceptile
|
|upkeep
|
|t:|1608734880
|switch|p1a: Bouffalant|Bouffalant, M|100/100
|turn|14
|
|t:|1608734895
|switch|p2a: Sandslash|Sandslash, M|69/100 tox
|move|p1a: Bouffalant|Head Charge|p2a: Sandslash
|-damage|p2a: Sandslash|0 fnt
|-damage|p1a: Bouffalant|85/100|[from] Recoil
|faint|p2a: Sandslash
|
|upkeep
|
|t:|1608734901
|switch|p2a: Kangaskhan|Kangaskhan, F|74/100
|turn|15
|
|t:|1608734905
|move|p2a: Kangaskhan|Fake Out|p1a: Bouffalant
|-damage|p1a: Bouffalant|62/100
|cant|p1a: Bouffalant|flinch
|
|upkeep
|turn|16
|
|t:|1608734908
|move|p2a: Kangaskhan|Double-Edge|p1a: Bouffalant
|-damage|p1a: Bouffalant|0 fnt
|-damage|p2a: Kangaskhan|55/100|[from] Recoil
|faint|p1a: Bouffalant
|
|upkeep
|
|t:|1608734911
|switch|p1a: Passimian|Passimian, F|78/100
|turn|17
|
|t:|1608734932
|move|p1a: Passimian|Knock Off|p2a: Kangaskhan
|-damage|p2a: Kangaskhan|18/100
|-enditem|p2a: Kangaskhan|Silk Scarf|[from] move: Knock Off|[of] p1a: Passimian
|move|p2a: Kangaskhan|Double-Edge|p1a: Passimian
|-damage|p1a: Passimian|19/100
|-damage|p2a: Kangaskhan|0 fnt|[from] Recoil
|faint|p2a: Kangaskhan
|
|upkeep
|
|t:|1608734939
|switch|p2a: Poliwrath|Poliwrath, M|100/100
|turn|18
|
|t:|1608734945
|switch|p1a: Claydol|Claydol|91/100 par
|move|p2a: Poliwrath|Liquidation|p1a: Claydol
|-supereffective|p1a: Claydol
|-damage|p1a: Claydol|13/100 par
|
|-heal|p1a: Claydol|19/100 par|[from] item: Leftovers
|upkeep
|turn|19
|
|t:|1608734948
|move|p2a: Poliwrath|Liquidation|p1a: Claydol
|-supereffective|p1a: Claydol
|-damage|p1a: Claydol|0 fnt
|faint|p1a: Claydol
|
|upkeep
|
|t:|1608734950
|switch|p1a: Passimian|Passimian, F|19/100
|turn|20
|
|t:|1608734952
|move|p1a: Passimian|Close Combat|p2a: Poliwrath
|-crit|p2a: Poliwrath
|-damage|p2a: Poliwrath|0 fnt
|-unboost|p1a: Passimian|def|1
|-unboost|p1a: Passimian|spd|1
|faint|p2a: Poliwrath
|
|upkeep
|
|t:|1608734955
|switch|p2a: Golbat|Golbat, F|45/100
|turn|21
|
|t:|1608734958
|move|p1a: Passimian|Close Combat|p2a: Golbat
|-resisted|p2a: Golbat
|-damage|p2a: Golbat|32/100
|-unboost|p1a: Passimian|def|1
|-unboost|p1a: Passimian|spd|1
|move|p2a: Golbat|Brave Bird|p1a: Passimian
|-supereffective|p1a: Passimian
|-damage|p1a: Passimian|0 fnt
|-damage|p2a: Golbat|26/100|[from] Recoil
|faint|p1a: Passimian
|
|win|Auzt
|l|☆PlusC_6
|raw|PlusC_6's rating: 1326 &rarr; <strong>1302</strong><br />(-24 for losing)
|raw|Auzt's rating: 1253 &rarr; <strong>1283</strong><br />(+30 for winning)
