|j|☆eruza02
|j|☆panned bomb
|t:|1643155650
|gametype|singles
|player|p1|eruza02|hooligans|1367
|player|p2|panned bomb|102|1453
|teamsize|p1|6
|teamsize|p2|6
|gen|8
|tier|[Gen 8] PU
|rated|
|rule|Sleep Clause Mod: Limit one foe put to sleep
|rule|Species Clause: Limit one of each Pokémon
|rule|OHKO Clause: OHKO moves are banned
|rule|Evasion Moves Clause: Evasion moves are banned
|rule|Endless Battle Clause: Forcing endless battles is banned
|rule|HP Percentage Mod: HP is shown in percentages
|rule|Dynamax Clause: You cannot dynamax
|clearpoke
|poke|p1|Golduck, F|
|poke|p1|Druddigon, M|
|poke|p1|Jellicent, F|
|poke|p1|Klinklang|
|poke|p1|Whimsicott, M|
|poke|p1|Weezing, M|
|poke|p2|Espeon, F|
|poke|p2|Crustle, F|
|poke|p2|Sawk, M|
|poke|p2|Jynx, F|
|poke|p2|Carracosta, F|
|poke|p2|Froslass, F|
|teampreview
|
|t:|1643155662
|start
|switch|p1a: Klinklang|Klinklang|100/100
|switch|p2a: Froslass|Froslass, F|100/100
|turn|1
|
|t:|1643155670
|move|p2a: Froslass|Taunt|p1a: Klinklang
|-start|p1a: Klinklang|move: Taunt
|move|p1a: Klinklang|Gear Grind|p2a: Froslass|[miss]
|-miss|p1a: Klinklang|p2a: Froslass
|
|upkeep
|turn|2
|
|t:|1643155677
|move|p2a: Froslass|Poltergeist|p1a: Klinklang
|-activate|p1a: Klinklang|move: Poltergeist|Leftovers
|-damage|p1a: Klinklang|63/100
|move|p1a: Klinklang|Gear Grind|p2a: Froslass|[miss]
|-miss|p1a: Klinklang|p2a: Froslass
|
|-heal|p1a: Klinklang|69/100|[from] item: Leftovers
|upkeep
|turn|3
|
|t:|1643155687
|move|p2a: Froslass|Poltergeist|p1a: Klinklang
|-activate|p1a: Klinklang|move: Poltergeist|Leftovers
|-damage|p1a: Klinklang|27/100
|move|p1a: Klinklang|Gear Grind|p2a: Froslass
|-supereffective|p2a: Froslass
|-damage|p2a: Froslass|21/100
|-start|p1a: Klinklang|Disable|Gear Grind|[from] ability: Cursed Body|[of] p2a: Froslass
|-supereffective|p2a: Froslass
|-damage|p2a: Froslass|0 fnt
|faint|p2a: Froslass
|-hitcount|p2: Froslass|2
|
|-heal|p1a: Klinklang|33/100|[from] item: Leftovers
|-end|p1a: Klinklang|move: Taunt
|upkeep
|inactive|Battle timer is ON: inactive players will automatically lose when time's up. (requested by eruza02)
|
|t:|1643155709
|switch|p2a: Sawk|Sawk, M|100/100
|turn|4
|
|t:|1643155717
|switch|p1a: Weezing|Weezing, M|100/100
|move|p2a: Sawk|Knock Off|p1a: Weezing
|-damage|p1a: Weezing|64/100
|-enditem|p1a: Weezing|Choice Specs|[from] move: Knock Off|[of] p2a: Sawk
|
|upkeep
|turn|5
|
|t:|1643155726
|switch|p2a: Espeon|Espeon, F|100/100
|move|p1a: Weezing|Sludge Bomb|p2a: Espeon
|-damage|p2a: Espeon|62/100
|-status|p2a: Espeon|psn
|
|-heal|p2a: Espeon|68/100 psn|[from] item: Leftovers
|-damage|p2a: Espeon|56/100 psn|[from] psn
|upkeep
|turn|6
|
|t:|1643155738
|switch|p1a: Klinklang|Klinklang|33/100
|move|p2a: Espeon|Psychic|p1a: Klinklang
|-resisted|p1a: Klinklang
|-damage|p1a: Klinklang|10/100
|
|-heal|p2a: Espeon|62/100 psn|[from] item: Leftovers
|-heal|p1a: Klinklang|17/100|[from] item: Leftovers
|-damage|p2a: Espeon|50/100 psn|[from] psn
|upkeep
|turn|7
|
|t:|1643155750
|move|p2a: Espeon|Psychic|p1a: Klinklang
|-resisted|p1a: Klinklang
|-damage|p1a: Klinklang|0 fnt
|faint|p1a: Klinklang
|
|-heal|p2a: Espeon|56/100 psn|[from] item: Leftovers
|-damage|p2a: Espeon|44/100 psn|[from] psn
|upkeep
|
|t:|1643155759
|switch|p1a: Whimsicott|Whimsicott, M|100/100
|turn|8
|
|t:|1643155765
|move|p1a: Whimsicott|Moonblast|p2a: Espeon
|-damage|p2a: Espeon|5/100 psn
|move|p2a: Espeon|Psychic|p1a: Whimsicott
|-damage|p1a: Whimsicott|33/100
|
|-heal|p2a: Espeon|11/100 psn|[from] item: Leftovers
|-damage|p2a: Espeon|0 fnt|[from] psn
|faint|p2a: Espeon
|upkeep
|
|t:|1643155773
|switch|p2a: Sawk|Sawk, M|100/100
|turn|9
|
|t:|1643155778
|move|p1a: Whimsicott|Moonblast|p2a: Sawk
|-supereffective|p2a: Sawk
|-damage|p2a: Sawk|3/100
|move|p2a: Sawk|Poison Jab|p1a: Whimsicott
|-supereffective|p1a: Whimsicott
|-damage|p1a: Whimsicott|0 fnt
|faint|p1a: Whimsicott
|
|upkeep
|
|t:|1643155786
|switch|p1a: Druddigon|Druddigon, M|100/100
|turn|10
|
|t:|1643155792
|move|p2a: Sawk|Close Combat|p1a: Druddigon
|-damage|p1a: Druddigon|50/100
|-unboost|p2a: Sawk|def|1
|-unboost|p2a: Sawk|spd|1
|-damage|p2a: Sawk|0 fnt|[from] ability: Rough Skin|[of] p1a: Druddigon
|faint|p2a: Sawk
|move|p1a: Druddigon|Stealth Rock|p2: Sawk
|-sidestart|p2: panned bomb|move: Stealth Rock
|
|upkeep
|
|t:|1643155805
|switch|p2a: Jynx|Jynx, F|100/100
|-damage|p2a: Jynx|76/100|[from] Stealth Rock
|turn|11
|
|t:|1643155811
|move|p2a: Jynx|Ice Beam|p1a: Druddigon
|-supereffective|p1a: Druddigon
|-damage|p1a: Druddigon|0 fnt
|faint|p1a: Druddigon
|
|upkeep
|
|t:|1643155816
|switch|p1a: Jellicent|Jellicent, F|100/100
|turn|12
|
|t:|1643155820
|move|p2a: Jynx|Psyshock|p1a: Jellicent
|-damage|p1a: Jellicent|54/100
|move|p1a: Jellicent|Shadow Ball|p2a: Jynx
|-supereffective|p2a: Jynx
|-damage|p2a: Jynx|0 fnt
|faint|p2a: Jynx
|
|upkeep
|
|t:|1643155833
|switch|p2a: Crustle|Crustle, F|100/100
|-damage|p2a: Crustle|76/100|[from] Stealth Rock
|turn|13
|
|t:|1643155838
|move|p1a: Jellicent|Shadow Ball|p2a: Crustle
|-damage|p2a: Crustle|0 fnt
|faint|p2a: Crustle
|
|upkeep
|
|t:|1643155841
|switch|p2a: Carracosta|Carracosta, F|100/100
|-damage|p2a: Carracosta|88/100|[from] Stealth Rock
|turn|14
|
|t:|1643155846
|move|p1a: Jellicent|Shadow Ball|p2a: Carracosta
|-damage|p2a: Carracosta|0 fnt
|faint|p2a: Carracosta
|
|win|eruza02
|raw|eruza02's rating: 1367 &rarr; <strong>1392</strong><br />(+25 for winning)
|raw|panned bomb's rating: 1453 &rarr; <strong>1428</strong><br />(-25 for losing)
|c|☆panned bomb|GG
|c|☆eruza02|Gg
|l|☆panned bomb
||Ladder isn't responding, score probably updated but might not have (Request timeout).
