|j|☆nunnukka
|j|☆PlusC1028483
|t:|1666627326
|gametype|singles
|player|p1|nunnukka|169|
|player|p2|PlusC1028483|266|
|teamsize|p1|6
|teamsize|p2|6
|gen|8
|tier|[Gen 8] PU
|rated|Tournament battle
|rule|Sleep Clause Mod: Limit one foe put to sleep
|rule|Species Clause: Limit one of each Pokémon
|rule|OHKO Clause: OHKO moves are banned
|rule|Evasion Items Clause: Evasion items are banned
|rule|Evasion Moves Clause: Evasion moves are banned
|rule|Endless Battle Clause: Forcing endless battles is banned
|rule|HP Percentage Mod: HP is shown in percentages
|rule|Dynamax Clause: You cannot dynamax
|clearpoke
|poke|p1|Lycanroc, M|
|poke|p1|Quagsire, M|
|poke|p1|Avalugg, F|
|poke|p1|Comfey, M|
|poke|p1|Qwilfish, M|
|poke|p1|Musharna, M|
|poke|p2|Weezing, M|
|poke|p2|Magneton|
|poke|p2|Silvally-*|
|poke|p2|Gigalith, F|
|poke|p2|Gallade, M|
|poke|p2|Flapple, M|
|teampreview
|
|t:|1666627339
|start
|switch|p1a: Lycanroc|Lycanroc, M|100/100
|switch|p2a: Gallade|Gallade, M|100/100
|turn|1
|c|☆PlusC1028483|Gl!
|
|t:|1666627345
|switch|p1a: Qwilfish|Qwilfish, M|100/100
|-ability|p1a: Qwilfish|Intimidate|boost
|-unboost|p2a: Gallade|atk|1
|move|p2a: Gallade|Close Combat|p1a: Qwilfish
|-resisted|p1a: Qwilfish
|-damage|p1a: Qwilfish|75/100
|-unboost|p2a: Gallade|def|1
|-unboost|p2a: Gallade|spd|1
|-damage|p2a: Gallade|84/100|[from] item: Rocky Helmet|[of] p1a: Qwilfish
|
|upkeep
|turn|2
|
|t:|1666627353
|switch|p2a: Magneton|Magneton|100/100
|move|p1a: Qwilfish|Spikes|p2a: Magneton
|-sidestart|p2: PlusC1028483|Spikes
|
|upkeep
|turn|3
|
|t:|1666627356
|switch|p1a: Quagsire|Quagsire, M|100/100
|move|p2a: Magneton|Flash Cannon|p1a: Quagsire
|-resisted|p1a: Quagsire
|-damage|p1a: Quagsire|78/100
|
|-heal|p1a: Quagsire|84/100|[from] item: Leftovers
|upkeep
|turn|4
|
|t:|1666627363
|switch|p2a: Flapple|Flapple, M|100/100
|-damage|p2a: Flapple|88/100|[from] Spikes
|move|p1a: Quagsire|Scald|p2a: Flapple
|-resisted|p2a: Flapple
|-damage|p2a: Flapple|80/100
|
|-heal|p1a: Quagsire|90/100|[from] item: Leftovers
|upkeep
|turn|5
|
|t:|1666627370
|move|p1a: Quagsire|Protect|p1a: Quagsire
|-singleturn|p1a: Quagsire|Protect
|move|p2a: Flapple|Grav Apple|p1a: Quagsire
|-activate|p1a: Quagsire|move: Protect
|
|-heal|p1a: Quagsire|96/100|[from] item: Leftovers
|upkeep
|turn|6
|
|t:|1666627374
|switch|p1a: Avalugg|Avalugg, F|100/100
|move|p2a: Flapple|Grav Apple|p1a: Avalugg|[miss]
|-miss|p2a: Flapple|p1a: Avalugg
|
|upkeep
|turn|7
|
|t:|1666627379
|switch|p2a: Silvally|Silvally-Fairy|100/100
|-damage|p2a: Silvally|88/100|[from] Spikes
|move|p1a: Avalugg|Icicle Spear|p2a: Silvally
|-damage|p2a: Silvally|80/100
|-damage|p2a: Silvally|72/100
|-crit|p2a: Silvally
|-damage|p2a: Silvally|58/100
|-damage|p2a: Silvally|49/100
|-hitcount|p2a: Silvally|4
|
|upkeep
|turn|8
|
|t:|1666627388
|move|p2a: Silvally|Defog|p1a: Avalugg
|-unboost|p1a: Avalugg|evasion|1
|-sideend|p2: PlusC1028483|Spikes|[from] move: Defog|[of] p2a: Silvally
|move|p1a: Avalugg|Toxic|p2a: Silvally
|-status|p2a: Silvally|tox
|
|-damage|p2a: Silvally|43/100 tox|[from] psn
|upkeep
|turn|9
|
|t:|1666627393
|switch|p1a: Comfey|Comfey, M|100/100
|move|p2a: Silvally|Parting Shot|p1a: Comfey
|-unboost|p1a: Comfey|atk|1
|-unboost|p1a: Comfey|spa|1
|
|t:|1666627395
|switch|p2a: Magneton|Magneton|100/100|[from]move: Parting Shot
|
|upkeep
|turn|10
|
|t:|1666627398
|switch|p1a: Quagsire|Quagsire, M|96/100
|move|p2a: Magneton|Flash Cannon|p1a: Quagsire
|-resisted|p1a: Quagsire
|-damage|p1a: Quagsire|75/100
|
|-heal|p1a: Quagsire|81/100|[from] item: Leftovers
|upkeep
|turn|11
|
|t:|1666627406
|switch|p2a: Flapple|Flapple, M|80/100
|move|p1a: Quagsire|Toxic|p2a: Flapple
|-status|p2a: Flapple|tox
|
|-heal|p1a: Quagsire|87/100|[from] item: Leftovers
|-damage|p2a: Flapple|74/100 tox|[from] psn
|upkeep
|turn|12
|
|t:|1666627409
|move|p1a: Quagsire|Protect|p1a: Quagsire
|-singleturn|p1a: Quagsire|Protect
|move|p2a: Flapple|Grav Apple|p1a: Quagsire
|-activate|p1a: Quagsire|move: Protect
|
|-heal|p1a: Quagsire|93/100|[from] item: Leftovers
|-damage|p2a: Flapple|62/100 tox|[from] psn
|upkeep
|turn|13
|
|t:|1666627413
|switch|p1a: Avalugg|Avalugg, F|100/100
|move|p2a: Flapple|Grav Apple|p1a: Avalugg
|-damage|p1a: Avalugg|69/100
|-unboost|p1a: Avalugg|def|1
|-damage|p2a: Flapple|52/100 tox|[from] item: Life Orb
|
|-damage|p2a: Flapple|34/100 tox|[from] psn
|upkeep
|turn|14
|
|t:|1666627417
|switch|p2a: Gallade|Gallade, M|84/100
|move|p1a: Avalugg|Recover|p1a: Avalugg
|-heal|p1a: Avalugg|100/100
|
|upkeep
|turn|15
|
|t:|1666627422
|switch|p1a: Qwilfish|Qwilfish, M|75/100
|-ability|p1a: Qwilfish|Intimidate|boost
|-unboost|p2a: Gallade|atk|1
|move|p2a: Gallade|Psycho Cut|p1a: Qwilfish
|-supereffective|p1a: Qwilfish
|-damage|p1a: Qwilfish|19/100
|
|upkeep
|turn|16
|
|t:|1666627428
|switch|p1a: Avalugg|Avalugg, F|100/100
|move|p2a: Gallade|Psycho Cut|p1a: Avalugg
|-damage|p1a: Avalugg|90/100
|
|upkeep
|turn|17
|
|t:|1666627434
|switch|p2a: Magneton|Magneton|100/100
|move|p1a: Avalugg|Icicle Spear|p2a: Magneton
|-resisted|p2a: Magneton
|-damage|p2a: Magneton|96/100
|-resisted|p2a: Magneton
|-damage|p2a: Magneton|91/100
|-resisted|p2a: Magneton
|-damage|p2a: Magneton|86/100
|-hitcount|p2a: Magneton|3
|
|upkeep
|turn|18
|
|t:|1666627437
|switch|p2a: Flapple|Flapple, M|34/100 tox
|switch|p1a: Quagsire|Quagsire, M|93/100
|
|-heal|p1a: Quagsire|99/100|[from] item: Leftovers
|-damage|p2a: Flapple|28/100 tox|[from] psn
|upkeep
|turn|19
|
|t:|1666627440
|move|p1a: Quagsire|Protect|p1a: Quagsire
|-singleturn|p1a: Quagsire|Protect
|move|p2a: Flapple|Grav Apple|p1a: Quagsire
|-activate|p1a: Quagsire|move: Protect
|
|-heal|p1a: Quagsire|100/100|[from] item: Leftovers
|-damage|p2a: Flapple|15/100 tox|[from] psn
|upkeep
|turn|20
|
|t:|1666627454
|switch|p1a: Avalugg|Avalugg, F|90/100
|move|p2a: Flapple|Outrage|p1a: Avalugg
|-damage|p1a: Avalugg|46/100
|-damage|p2a: Flapple|5/100 tox|[from] item: Life Orb
|
|-damage|p2a: Flapple|0 fnt|[from] psn
|faint|p2a: Flapple
|upkeep
|
|t:|1666627457
|switch|p2a: Magneton|Magneton|86/100
|turn|21
|
|t:|1666627459
|switch|p1a: Quagsire|Quagsire, M|100/100
|move|p2a: Magneton|Flash Cannon|p1a: Quagsire
|-resisted|p1a: Quagsire
|-damage|p1a: Quagsire|76/100
|
|-heal|p1a: Quagsire|82/100|[from] item: Leftovers
|upkeep
|turn|22
|
|t:|1666627467
|switch|p2a: Gigalith|Gigalith, F|100/100
|-weather|Sandstorm|[from] ability: Sand Stream|[of] p2a: Gigalith
|move|p1a: Quagsire|Scald|p2a: Gigalith
|-supereffective|p2a: Gigalith
|-damage|p2a: Gigalith|81/100
|-status|p2a: Gigalith|brn
|
|-weather|Sandstorm|[upkeep]
|-heal|p1a: Quagsire|88/100|[from] item: Leftovers
|-heal|p2a: Gigalith|87/100 brn|[from] item: Leftovers
|-damage|p2a: Gigalith|81/100 brn|[from] brn
|upkeep
|turn|23
|
|t:|1666627477
|switch|p1a: Avalugg|Avalugg, F|46/100
|move|p2a: Gigalith|Stealth Rock|p1a: Avalugg
|-sidestart|p1: nunnukka|move: Stealth Rock
|
|-weather|Sandstorm|[upkeep]
|-damage|p1a: Avalugg|40/100|[from] Sandstorm
|-heal|p2a: Gigalith|87/100 brn|[from] item: Leftovers
|-damage|p2a: Gigalith|81/100 brn|[from] brn
|upkeep
|turn|24
|
|t:|1666627480
|move|p1a: Avalugg|Recover|p1a: Avalugg
|-heal|p1a: Avalugg|90/100
|move|p2a: Gigalith|Rock Blast|p1a: Avalugg
|-supereffective|p1a: Avalugg
|-damage|p1a: Avalugg|84/100
|-supereffective|p1a: Avalugg
|-damage|p1a: Avalugg|80/100
|-supereffective|p1a: Avalugg
|-damage|p1a: Avalugg|75/100
|-hitcount|p1a: Avalugg|3
|
|-weather|Sandstorm|[upkeep]
|-damage|p1a: Avalugg|69/100|[from] Sandstorm
|-heal|p2a: Gigalith|87/100 brn|[from] item: Leftovers
|-damage|p2a: Gigalith|81/100 brn|[from] brn
|upkeep
|turn|25
|
|t:|1666627482
|move|p1a: Avalugg|Rapid Spin|p2a: Gigalith
|-resisted|p2a: Gigalith
|-damage|p2a: Gigalith|76/100 brn
|-boost|p1a: Avalugg|spe|1
|-sideend|p1: nunnukka|Stealth Rock|[from] move: Rapid Spin|[of] p1a: Avalugg
|move|p2a: Gigalith|Toxic|p1a: Avalugg
|-status|p1a: Avalugg|tox
|
|-weather|Sandstorm|[upkeep]
|-damage|p1a: Avalugg|63/100 tox|[from] Sandstorm
|-heal|p2a: Gigalith|82/100 brn|[from] item: Leftovers
|-damage|p1a: Avalugg|56/100 tox|[from] psn
|-damage|p2a: Gigalith|76/100 brn|[from] brn
|upkeep
|turn|26
|
|t:|1666627485
|move|p1a: Avalugg|Recover|p1a: Avalugg
|-heal|p1a: Avalugg|100/100 tox
|move|p2a: Gigalith|Stealth Rock|p1a: Avalugg
|-sidestart|p1: nunnukka|move: Stealth Rock
|
|-weather|none
|-heal|p2a: Gigalith|82/100 brn|[from] item: Leftovers
|-damage|p1a: Avalugg|88/100 tox|[from] psn
|-damage|p2a: Gigalith|76/100 brn|[from] brn
|upkeep
|turn|27
|
|t:|1666627487
|move|p1a: Avalugg|Rapid Spin|p2a: Gigalith
|-resisted|p2a: Gigalith
|-damage|p2a: Gigalith|71/100 brn
|-boost|p1a: Avalugg|spe|1
|-sideend|p1: nunnukka|Stealth Rock|[from] move: Rapid Spin|[of] p1a: Avalugg
|move|p2a: Gigalith|Rock Blast|p1a: Avalugg
|-supereffective|p1a: Avalugg
|-damage|p1a: Avalugg|83/100 tox
|-supereffective|p1a: Avalugg
|-damage|p1a: Avalugg|79/100 tox
|-hitcount|p1a: Avalugg|2
|
|-heal|p2a: Gigalith|77/100 brn|[from] item: Leftovers
|-damage|p1a: Avalugg|61/100 tox|[from] psn
|-damage|p2a: Gigalith|71/100 brn|[from] brn
|upkeep
|turn|28
|
|t:|1666627491
|switch|p1a: Qwilfish|Qwilfish, M|19/100
|-ability|p1a: Qwilfish|Intimidate|boost
|-unboost|p2a: Gigalith|atk|1
|move|p2a: Gigalith|Stealth Rock|p1a: Qwilfish
|-sidestart|p1: nunnukka|move: Stealth Rock
|
|-heal|p2a: Gigalith|77/100 brn|[from] item: Leftovers
|-damage|p2a: Gigalith|71/100 brn|[from] brn
|upkeep
|turn|29
|
|t:|1666627494
|move|p1a: Qwilfish|Pain Split|p2a: Gigalith
|-sethp|p2a: Gigalith|44/100 brn|[from] move: Pain Split|[silent]
|-sethp|p1a: Qwilfish|49/100|[from] move: Pain Split
|move|p2a: Gigalith|Rock Blast|p1a: Qwilfish
|-damage|p1a: Qwilfish|45/100
|-damage|p1a: Qwilfish|41/100
|-hitcount|p1a: Qwilfish|2
|
|-heal|p2a: Gigalith|50/100 brn|[from] item: Leftovers
|-damage|p2a: Gigalith|44/100 brn|[from] brn
|upkeep
|turn|30
|
|t:|1666627501
|switch|p2a: Gallade|Gallade, M|84/100
|move|p1a: Qwilfish|Spikes|p2a: Gallade
|-sidestart|p2: PlusC1028483|Spikes
|
|upkeep
|turn|31
|
|t:|1666627505
|move|p2a: Gallade|Close Combat|p1a: Qwilfish
|-resisted|p1a: Qwilfish
|-damage|p1a: Qwilfish|3/100
|-unboost|p2a: Gallade|def|1
|-unboost|p2a: Gallade|spd|1
|-damage|p2a: Gallade|67/100|[from] item: Rocky Helmet|[of] p1a: Qwilfish
|move|p1a: Qwilfish|Scald|p2a: Gallade
|-crit|p2a: Gallade
|-damage|p2a: Gallade|26/100
|
|upkeep
|turn|32
|
|t:|1666627514
|switch|p1a: Musharna|Musharna, M|100/100
|-damage|p1a: Musharna|88/100|[from] Stealth Rock
|move|p2a: Gallade|Close Combat|p1a: Musharna
|-resisted|p1a: Musharna
|-damage|p1a: Musharna|66/100
|-unboost|p2a: Gallade|def|1
|-unboost|p2a: Gallade|spd|1
|-enditem|p1a: Musharna|Kee Berry|[eat]
|-boost|p1a: Musharna|def|1|[from] item: Kee Berry
|
|upkeep
|turn|33
|
|t:|1666627520
|switch|p2a: Magneton|Magneton|86/100
|-damage|p2a: Magneton|73/100|[from] Spikes
|move|p1a: Musharna|Calm Mind|p1a: Musharna
|-boost|p1a: Musharna|spa|1
|-boost|p1a: Musharna|spd|1
|
|upkeep
|turn|34
|
|t:|1666627523
|move|p2a: Magneton|Flash Cannon|p1a: Musharna
|-damage|p1a: Musharna|43/100
|move|p1a: Musharna|Rest|p1a: Musharna
|-status|p1a: Musharna|slp|[from] move: Rest
|-heal|p1a: Musharna|100/100 slp|[silent]
|
|upkeep
|turn|35
|
|t:|1666627528
|move|p2a: Magneton|Volt Switch|p1a: Musharna
|-damage|p1a: Musharna|81/100 slp
|
|t:|1666627530
|switch|p2a: Gallade|Gallade, M|26/100|[from]move: Volt Switch
|-damage|p2a: Gallade|14/100|[from] Spikes
|cant|p1a: Musharna|slp
|move|p1a: Musharna|Sleep Talk|p1a: Musharna
|move|p1a: Musharna|Calm Mind|p1a: Musharna|[from]move: Sleep Talk
|-boost|p1a: Musharna|spa|1
|-boost|p1a: Musharna|spd|1
|
|upkeep
|turn|36
|
|t:|1666627535
|move|p2a: Gallade|Trick|p1a: Musharna
|-activate|p2a: Gallade|move: Trick|[of] p1a: Musharna
|-item|p1a: Musharna|Choice Scarf|[from] move: Trick
|-enditem|p2a: Gallade|Choice Scarf|[silent]|[from] move: Trick
|cant|p1a: Musharna|slp
|
|upkeep
|turn|37
|
|t:|1666627542
|switch|p2a: Magneton|Magneton|73/100
|-damage|p2a: Magneton|61/100|[from] Spikes
|-curestatus|p1a: Musharna|slp|[msg]
|move|p1a: Musharna|Psychic|p2a: Magneton
|-resisted|p2a: Magneton
|-damage|p2a: Magneton|31/100
|
|upkeep
|turn|38
|
|t:|1666627544
|move|p2a: Magneton|Rest|p2a: Magneton
|-status|p2a: Magneton|slp|[from] move: Rest
|-heal|p2a: Magneton|100/100 slp|[silent]
|move|p1a: Musharna|Psychic|p2a: Magneton
|-resisted|p2a: Magneton
|-damage|p2a: Magneton|72/100 slp
|-unboost|p2a: Magneton|spd|1
|
|upkeep
|turn|39
|
|t:|1666627550
|cant|p2a: Magneton|slp
|move|p1a: Musharna|Psychic|p2a: Magneton
|-resisted|p2a: Magneton
|-damage|p2a: Magneton|22/100 slp
|
|upkeep
|turn|40
|
|t:|1666627552
|cant|p2a: Magneton|slp
|move|p1a: Musharna|Psychic|p2a: Magneton
|-resisted|p2a: Magneton
|-damage|p2a: Magneton|0 fnt
|faint|p2a: Magneton
|
|upkeep
|
|t:|1666627559
|switch|p2a: Gigalith|Gigalith, F|44/100 brn
|-damage|p2a: Gigalith|32/100 brn|[from] Spikes
|-weather|Sandstorm|[from] ability: Sand Stream|[of] p2a: Gigalith
|turn|41
|
|t:|1666627560
|move|p1a: Musharna|Psychic|p2a: Gigalith
|-damage|p2a: Gigalith|0 fnt
|faint|p2a: Gigalith
|
|-weather|Sandstorm|[upkeep]
|-damage|p1a: Musharna|75/100|[from] Sandstorm
|upkeep
|c|☆PlusC1028483|Gg
|
|t:|1666627565
|switch|p2a: Silvally|Silvally-Fairy|43/100 tox
|-damage|p2a: Silvally|31/100 tox|[from] Spikes
|turn|42
|
|t:|1666627567
|move|p2a: Silvally|Multi-Attack|p1a: Musharna
|-damage|p1a: Musharna|58/100
|move|p1a: Musharna|Psychic|p2a: Silvally
|-damage|p2a: Silvally|0 fnt
|faint|p2a: Silvally
|
|-weather|Sandstorm|[upkeep]
|-damage|p1a: Musharna|52/100|[from] Sandstorm
|upkeep
|
|t:|1666627570
|switch|p2a: Weezing|Weezing, M|100/100
|turn|43
|
|t:|1666627572
|move|p2a: Weezing|Pain Split|p1a: Musharna
|-sethp|p1a: Musharna|65/100|[from] move: Pain Split|[silent]
|-sethp|p2a: Weezing|84/100|[from] move: Pain Split
|move|p1a: Musharna|Psychic|p2a: Weezing
|-supereffective|p2a: Weezing
|-damage|p2a: Weezing|0 fnt
|faint|p2a: Weezing
|
|-weather|Sandstorm|[upkeep]
|-damage|p1a: Musharna|58/100|[from] Sandstorm
|upkeep
|
|t:|1666627575
|switch|p2a: Gallade|Gallade, M|14/100
|-damage|p2a: Gallade|2/100|[from] Spikes
|turn|44
|
|t:|1666627576
|move|p2a: Gallade|Knock Off|p1a: Musharna
|-supereffective|p1a: Musharna
|-damage|p1a: Musharna|26/100
|-enditem|p1a: Musharna|Choice Scarf|[from] move: Knock Off|[of] p2a: Gallade
|move|p1a: Musharna|Psychic|p2a: Gallade
|-damage|p2a: Gallade|0 fnt
|faint|p2a: Gallade
|
|win|nunnukka
|n|☆nunnukka|nunnukka
|n|☆PlusC1028483|plusc1028483
