|j|☆one step from eden
|j|☆Jarii
|t:|1610390943
|player|p1|one step from eden|grimsley-gen7|
|player|p2|Jarii|anabel|
|teamsize|p1|6
|teamsize|p2|6
|gametype|singles
|gen|8
|tier|[Gen 8] PU
|rated|Tournament battle
|clearpoke
|poke|p1|Articuno|
|poke|p1|Jellicent, F|
|poke|p1|Druddigon, F|
|poke|p1|Skuntank, F|
|poke|p1|Weezing, M|
|poke|p1|Togedemaru, F|
|poke|p2|Virizion|
|poke|p2|Weezing, F|
|poke|p2|Stunfisk-Galar, F|
|poke|p2|Charizard, M|
|poke|p2|Arctovish|
|poke|p2|Passimian, M|
|rule|Sleep Clause Mod: Limit one foe put to sleep
|rule|Species Clause: Limit one of each Pokémon
|rule|OHKO Clause: OHKO moves are banned
|rule|Evasion Moves Clause: Evasion moves are banned
|rule|Endless Battle Clause: Forcing endless battles is banned
|rule|HP Percentage Mod: HP is shown in percentages
|rule|Dynamax Clause: You cannot dynamax
|teampreview
|
|t:|1610390971
|start
|switch|p1a: Weezing|Weezing, M|100/100
|switch|p2a: Weezing|Weezing, F|100/100
|turn|1
|
|t:|1610390979
|move|p2a: Weezing|Will-O-Wisp|p1a: Weezing
|-status|p1a: Weezing|brn
|move|p1a: Weezing|Toxic Spikes|p2a: Weezing
|-sidestart|p2: Jarii|move: Toxic Spikes
|
|-damage|p1a: Weezing|95/100 brn|[from] brn
|upkeep
|turn|2
|
|t:|1610390988
|move|p1a: Weezing|Will-O-Wisp|p2a: Weezing
|-status|p2a: Weezing|brn
|move|p2a: Weezing|Flamethrower|p1a: Weezing
|-damage|p1a: Weezing|69/100 brn
|
|-damage|p1a: Weezing|63/100 brn|[from] brn
|-damage|p2a: Weezing|95/100 brn|[from] brn
|upkeep
|turn|3
|
|t:|1610390992
|switch|p1a: Skuntank|Skuntank, F|100/100
|move|p2a: Weezing|Flamethrower|p1a: Skuntank
|-damage|p1a: Skuntank|74/100
|
|-heal|p1a: Skuntank|80/100|[from] item: Black Sludge
|-heal|p2a: Weezing|100/100 brn|[from] item: Black Sludge
|-damage|p2a: Weezing|95/100 brn|[from] brn
|upkeep
|turn|4
|
|t:|1610391000
|switch|p2a: Charizard|Charizard, M|100/100
|move|p1a: Skuntank|Nasty Plot|p1a: Skuntank
|-boost|p1a: Skuntank|spa|2
|
|-heal|p1a: Skuntank|86/100|[from] item: Black Sludge
|upkeep
|turn|5
|
|t:|1610391008
|move|p2a: Charizard|Defog|p1a: Skuntank
|-unboost|p1a: Skuntank|evasion|1
|-sideend|p2: Jarii|Toxic Spikes|[from] move: Defog|[of] p2a: Charizard
|move|p1a: Skuntank|Dark Pulse|p2a: Charizard
|-damage|p2a: Charizard|44/100
|
|-heal|p1a: Skuntank|92/100|[from] item: Black Sludge
|upkeep
|turn|6
|j| pootiness
|
|t:|1610391015
|switch|p2a: Passimian|Passimian, M|100/100
|move|p1a: Skuntank|Fire Blast|p2a: Passimian
|-damage|p2a: Passimian|21/100
|
|-heal|p1a: Skuntank|98/100|[from] item: Black Sludge
|upkeep
|turn|7
|
|t:|1610391041
|move|p2a: Passimian|Knock Off|p1a: Skuntank
|-resisted|p1a: Skuntank
|-damage|p1a: Skuntank|77/100
|-enditem|p1a: Skuntank|Black Sludge|[from] move: Knock Off|[of] p2a: Passimian
|move|p1a: Skuntank|Fire Blast|p2a: Passimian
|-damage|p2a: Passimian|0 fnt
|faint|p2a: Passimian
|
|upkeep
|
|t:|1610391048
|switch|p2a: Stunfisk|Stunfisk-Galar, F|100/100
|turn|8
|
|t:|1610391057
|move|p1a: Skuntank|Fire Blast|p2a: Stunfisk
|-supereffective|p2a: Stunfisk
|-damage|p2a: Stunfisk|35/100
|move|p2a: Stunfisk|Earthquake|p1a: Skuntank
|-supereffective|p1a: Skuntank
|-damage|p1a: Skuntank|0 fnt
|faint|p1a: Skuntank
|
|-heal|p2a: Stunfisk|41/100|[from] item: Leftovers
|upkeep
|
|t:|1610391075
|switch|p1a: Druddigon|Druddigon, F|100/100
|-ability|p1a: Druddigon|Mold Breaker
|turn|9
|
|t:|1610391084
|move|p1a: Druddigon|Earthquake|p2a: Stunfisk
|-supereffective|p2a: Stunfisk
|-damage|p2a: Stunfisk|0 fnt
|faint|p2a: Stunfisk
|
|upkeep
|
|t:|1610391086
|switch|p2a: Arctovish|Arctovish|100/100
|turn|10
|
|t:|1610391089
|move|p1a: Druddigon|Protect|p1a: Druddigon
|-singleturn|p1a: Druddigon|Protect
|move|p2a: Arctovish|Substitute|p2a: Arctovish
|-start|p2a: Arctovish|Substitute
|-damage|p2a: Arctovish|76/100
|
|upkeep
|turn|11
|
|t:|1610391106
|move|p2a: Arctovish|Icicle Crash|p1a: Druddigon
|-supereffective|p1a: Druddigon
|-damage|p1a: Druddigon|26/100
|move|p1a: Druddigon|Earthquake|p2a: Arctovish
|-end|p2a: Arctovish|Substitute
|
|-heal|p1a: Druddigon|32/100|[from] item: Leftovers
|upkeep
|turn|12
|
|t:|1610391114
|switch|p1a: Articuno|Articuno|100/100
|-ability|p1a: Articuno|Pressure
|move|p2a: Arctovish|Freeze-Dry|p1a: Articuno
|-damage|p1a: Articuno|85/100
|
|upkeep
|turn|13
|j|+royesk
|j|@tlenit
|
|t:|1610391120
|move|p1a: Articuno|Substitute|p1a: Articuno
|-start|p1a: Articuno|Substitute
|-damage|p1a: Articuno|60/100
|move|p2a: Arctovish|Fishious Rend|p1a: Articuno
|-end|p1a: Articuno|Substitute
|
|upkeep
|turn|14
|
|t:|1610391125
|move|p1a: Articuno|Substitute|p1a: Articuno
|-start|p1a: Articuno|Substitute
|-damage|p1a: Articuno|36/100
|move|p2a: Arctovish|Fishious Rend|p1a: Articuno
|-end|p1a: Articuno|Substitute
|
|upkeep
|turn|15
|
|t:|1610391128
|move|p1a: Articuno|Roost|p1a: Articuno
|-heal|p1a: Articuno|86/100
|-singleturn|p1a: Articuno|move: Roost
|move|p2a: Arctovish|Fishious Rend|p1a: Articuno
|-damage|p1a: Articuno|45/100
|
|upkeep
|turn|16
|
|t:|1610391133
|move|p1a: Articuno|Substitute|p1a: Articuno
|-start|p1a: Articuno|Substitute
|-damage|p1a: Articuno|20/100
|move|p2a: Arctovish|Fishious Rend|p1a: Articuno
|-end|p1a: Articuno|Substitute
|
|upkeep
|turn|17
|
|t:|1610391137
|move|p1a: Articuno|Roost|p1a: Articuno
|-heal|p1a: Articuno|70/100
|-singleturn|p1a: Articuno|move: Roost
|move|p2a: Arctovish|Fishious Rend|p1a: Articuno
|-damage|p1a: Articuno|33/100
|
|upkeep
|turn|18
|
|t:|1610391142
|switch|p2a: Charizard|Charizard, M|44/100
|move|p1a: Articuno|Roost|p1a: Articuno
|-heal|p1a: Articuno|84/100
|-singleturn|p1a: Articuno|move: Roost
|
|upkeep
|turn|19
|
|t:|1610391147
|switch|p1a: Jellicent|Jellicent, F|100/100
|move|p2a: Charizard|Toxic|p1a: Jellicent
|-status|p1a: Jellicent|tox
|
|-damage|p1a: Jellicent|94/100 tox|[from] psn
|upkeep
|turn|20
|j| Mejillones21
|
|t:|1610391168
|switch|p1a: Druddigon|Druddigon, F|32/100
|-ability|p1a: Druddigon|Mold Breaker
|move|p2a: Charizard|Roost|p2a: Charizard
|-heal|p2a: Charizard|94/100
|-singleturn|p2a: Charizard|move: Roost
|
|-heal|p1a: Druddigon|38/100|[from] item: Leftovers
|upkeep
|turn|21
|
|t:|1610391173
|move|p1a: Druddigon|Protect|p1a: Druddigon
|-singleturn|p1a: Druddigon|Protect
|move|p2a: Charizard|Toxic|p1a: Druddigon
|-activate|p1a: Druddigon|move: Protect
|
|-heal|p1a: Druddigon|45/100|[from] item: Leftovers
|upkeep
|turn|22
|
|t:|1610391181
|move|p2a: Charizard|Toxic|p1a: Druddigon
|-status|p1a: Druddigon|tox
|move|p1a: Druddigon|Toxic|p2a: Charizard
|-status|p2a: Charizard|tox
|
|-heal|p1a: Druddigon|51/100 tox|[from] item: Leftovers
|-damage|p2a: Charizard|88/100 tox|[from] psn
|-damage|p1a: Druddigon|45/100 tox|[from] psn
|upkeep
|turn|23
|
|t:|1610391188
|move|p2a: Charizard|Flamethrower|p1a: Druddigon
|-resisted|p1a: Druddigon
|-damage|p1a: Druddigon|32/100 tox
|move|p1a: Druddigon|Toxic|p2a: Charizard|[miss]
|-miss|p1a: Druddigon|p2a: Charizard
|
|-heal|p1a: Druddigon|38/100 tox|[from] item: Leftovers
|-damage|p2a: Charizard|75/100 tox|[from] psn
|-damage|p1a: Druddigon|25/100 tox|[from] psn
|upkeep
|turn|24
|
|t:|1610391196
|move|p2a: Charizard|Flamethrower|p1a: Druddigon
|-resisted|p1a: Druddigon
|-damage|p1a: Druddigon|13/100 tox
|move|p1a: Druddigon|Stealth Rock|p2a: Charizard
|-sidestart|p2: Jarii|move: Stealth Rock
|
|-heal|p1a: Druddigon|19/100 tox|[from] item: Leftovers
|-damage|p2a: Charizard|57/100 tox|[from] psn
|-damage|p1a: Druddigon|0 fnt|[from] psn
|faint|p1a: Druddigon
|upkeep
|
|t:|1610391200
|switch|p1a: Togedemaru|Togedemaru, F|100/100
|turn|25
|
|t:|1610391203
|switch|p2a: Virizion|Virizion|100/100
|-damage|p2a: Virizion|94/100|[from] Stealth Rock
|move|p1a: Togedemaru|Zing Zap|p2a: Virizion
|-resisted|p2a: Virizion
|-damage|p2a: Virizion|72/100
|
|-heal|p2a: Virizion|78/100|[from] item: Leftovers
|upkeep
|turn|26
|
|t:|1610391214
|switch|p1a: Weezing|Weezing, M|63/100 brn
|switch|p2a: Charizard|Charizard, M|57/100 tox
|
|-damage|p2a: Charizard|51/100 tox|[from] psn
|-damage|p1a: Weezing|57/100 brn|[from] brn
|upkeep
|turn|27
|
|t:|1610391218
|switch|p1a: Jellicent|Jellicent, F|94/100 tox
|move|p2a: Charizard|Defog|p1a: Jellicent
|-unboost|p1a: Jellicent|evasion|1
|-sideend|p2: Jarii|Stealth Rock|[from] move: Defog|[of] p2a: Charizard
|
|-heal|p1a: Jellicent|100/100 tox|[from] item: Leftovers
|-damage|p2a: Charizard|39/100 tox|[from] psn
|-damage|p1a: Jellicent|94/100 tox|[from] psn
|upkeep
|turn|28
|
|t:|1610391231
|switch|p1a: Articuno|Articuno|84/100
|-ability|p1a: Articuno|Pressure
|move|p2a: Charizard|Roost|p2a: Charizard
|-heal|p2a: Charizard|89/100 tox
|-singleturn|p2a: Charizard|move: Roost
|
|-damage|p2a: Charizard|70/100 tox|[from] psn
|upkeep
|turn|29
|
|t:|1610391241
|switch|p1a: Jellicent|Jellicent, F|94/100 tox
|move|p2a: Charizard|Flamethrower|p1a: Jellicent
|-resisted|p1a: Jellicent
|-damage|p1a: Jellicent|81/100 tox
|
|-heal|p1a: Jellicent|87/100 tox|[from] item: Leftovers
|-damage|p2a: Charizard|46/100 tox|[from] psn
|-damage|p1a: Jellicent|81/100 tox|[from] psn
|upkeep
|turn|30
|
|t:|1610391247
|switch|p2a: Weezing|Weezing, F|95/100 brn
|move|p1a: Jellicent|Hex|p2a: Weezing
|-damage|p2a: Weezing|42/100 brn
|
|-heal|p1a: Jellicent|87/100 tox|[from] item: Leftovers
|-heal|p2a: Weezing|48/100 brn|[from] item: Black Sludge
|-damage|p1a: Jellicent|75/100 tox|[from] psn
|-damage|p2a: Weezing|42/100 brn|[from] brn
|upkeep
|turn|31
|l| pootiness
|
|t:|1610391254
|switch|p2a: Virizion|Virizion|78/100
|move|p1a: Jellicent|Hex|p2a: Virizion
|-crit|p2a: Virizion
|-damage|p2a: Virizion|53/100
|
|-heal|p2a: Virizion|59/100|[from] item: Leftovers
|-heal|p1a: Jellicent|81/100 tox|[from] item: Leftovers
|-damage|p1a: Jellicent|62/100 tox|[from] psn
|upkeep
|turn|32
|j| laevin ㋛
|
|t:|1610391263
|switch|p2a: Charizard|Charizard, M|46/100 tox
|switch|p1a: Weezing|Weezing, M|57/100 brn
|
|-damage|p2a: Charizard|40/100 tox|[from] psn
|-damage|p1a: Weezing|51/100 brn|[from] brn
|upkeep
|turn|33
|
|t:|1610391267
|switch|p2a: Virizion|Virizion|59/100
|switch|p1a: Jellicent|Jellicent, F|62/100 tox
|
|-heal|p2a: Virizion|65/100|[from] item: Leftovers
|-heal|p1a: Jellicent|69/100 tox|[from] item: Leftovers
|-damage|p1a: Jellicent|62/100 tox|[from] psn
|upkeep
|turn|34
|
|t:|1610391273
|switch|p1a: Weezing|Weezing, M|51/100 brn
|move|p2a: Virizion|Substitute|p2a: Virizion
|-start|p2a: Virizion|Substitute
|-damage|p2a: Virizion|40/100
|
|-heal|p2a: Virizion|46/100|[from] item: Leftovers
|-damage|p1a: Weezing|45/100 brn|[from] brn
|upkeep
|turn|35
|
|t:|1610391283
|move|p2a: Virizion|Close Combat|p1a: Weezing
|-resisted|p1a: Weezing
|-damage|p1a: Weezing|29/100 brn
|-unboost|p2a: Virizion|def|1
|-unboost|p2a: Virizion|spd|1
|-damage|p2a: Virizion|30/100|[from] item: Rocky Helmet|[of] p1a: Weezing
|move|p1a: Weezing|Sludge Bomb|p2a: Virizion
|-supereffective|p2a: Virizion
|-end|p2a: Virizion|Substitute
|
|-heal|p2a: Virizion|36/100|[from] item: Leftovers
|-damage|p1a: Weezing|23/100 brn|[from] brn
|upkeep
|turn|36
|
|t:|1610391291
|switch|p2a: Weezing|Weezing, F|42/100 brn
|move|p1a: Weezing|Toxic Spikes|p2a: Weezing
|-sidestart|p2: Jarii|move: Toxic Spikes
|
|-heal|p2a: Weezing|48/100 brn|[from] item: Black Sludge
|-damage|p1a: Weezing|17/100 brn|[from] brn
|-damage|p2a: Weezing|42/100 brn|[from] brn
|upkeep
|turn|37
|
|t:|1610391305
|switch|p1a: Jellicent|Jellicent, F|62/100 tox
|move|p2a: Weezing|Flamethrower|p1a: Jellicent
|-resisted|p1a: Jellicent
|-damage|p1a: Jellicent|55/100 tox
|
|-heal|p1a: Jellicent|61/100 tox|[from] item: Leftovers
|-heal|p2a: Weezing|48/100 brn|[from] item: Black Sludge
|-damage|p1a: Jellicent|55/100 tox|[from] psn
|-damage|p2a: Weezing|42/100 brn|[from] brn
|upkeep
|turn|38
|
|t:|1610391313
|switch|p2a: Charizard|Charizard, M|40/100 tox
|move|p1a: Jellicent|Hex|p2a: Charizard
|-damage|p2a: Charizard|0 fnt
|faint|p2a: Charizard
|
|-heal|p1a: Jellicent|61/100 tox|[from] item: Leftovers
|-damage|p1a: Jellicent|49/100 tox|[from] psn
|upkeep
|
|t:|1610391321
|switch|p2a: Virizion|Virizion|36/100
|-status|p2a: Virizion|psn
|turn|39
|j| MrToastD
|
|t:|1610391332
|switch|p1a: Weezing|Weezing, M|17/100 brn
|move|p2a: Virizion|Leaf Blade|p1a: Weezing
|-resisted|p1a: Weezing
|-damage|p1a: Weezing|4/100 brn
|-damage|p2a: Virizion|20/100 psn|[from] item: Rocky Helmet|[of] p1a: Weezing
|
|-heal|p2a: Virizion|26/100 psn|[from] item: Leftovers
|-damage|p2a: Virizion|14/100 psn|[from] psn
|-damage|p1a: Weezing|0 fnt|[from] brn
|faint|p1a: Weezing
|upkeep
|
|t:|1610391337
|switch|p1a: Togedemaru|Togedemaru, F|100/100
|turn|40
|
|t:|1610391340
|move|p1a: Togedemaru|Zing Zap|p2a: Virizion
|-resisted|p2a: Virizion
|-damage|p2a: Virizion|0 fnt
|faint|p2a: Virizion
|
|upkeep
|
|t:|1610391343
|switch|p2a: Weezing|Weezing, F|42/100 brn
|turn|41
|
|t:|1610391351
|switch|p1a: Articuno|Articuno|84/100
|-ability|p1a: Articuno|Pressure
|move|p2a: Weezing|Flamethrower|p1a: Articuno
|-supereffective|p1a: Articuno
|-damage|p1a: Articuno|55/100
|
|-heal|p2a: Weezing|48/100 brn|[from] item: Black Sludge
|-damage|p2a: Weezing|42/100 brn|[from] brn
|upkeep
|turn|42
|
|t:|1610391355
|move|p1a: Articuno|Freeze-Dry|p2a: Weezing
|-damage|p2a: Weezing|9/100 brn
|move|p2a: Weezing|Sludge Bomb|p1a: Articuno
|-damage|p1a: Articuno|34/100
|-status|p1a: Articuno|psn
|
|-heal|p2a: Weezing|15/100 brn|[from] item: Black Sludge
|-damage|p1a: Articuno|21/100 psn|[from] psn
|-damage|p2a: Weezing|9/100 brn|[from] brn
|upkeep
|turn|43
|
|t:|1610391361
|move|p1a: Articuno|Freeze-Dry|p2a: Weezing
|-damage|p2a: Weezing|0 fnt
|faint|p2a: Weezing
|
|-damage|p1a: Articuno|9/100 psn|[from] psn
|upkeep
|
|t:|1610391363
|switch|p2a: Arctovish|Arctovish|76/100
|turn|44
|
|t:|1610391370
|move|p1a: Articuno|Hurricane|p2a: Arctovish
|-damage|p2a: Arctovish|37/100
|move|p2a: Arctovish|Substitute|p2a: Arctovish
|-start|p2a: Arctovish|Substitute
|-damage|p2a: Arctovish|12/100
|
|-damage|p1a: Articuno|0 fnt|[from] psn
|faint|p1a: Articuno
|upkeep
|
|t:|1610391374
|switch|p1a: Togedemaru|Togedemaru, F|100/100
|turn|45
|
|t:|1610391378
|move|p1a: Togedemaru|U-turn|p2a: Arctovish
|-activate|p2a: Arctovish|move: Substitute|[damage]
|
|t:|1610391383
|switch|p1a: Jellicent|Jellicent, F|49/100 tox|[from]move: U-turn
|move|p2a: Arctovish|Freeze-Dry|p1a: Jellicent
|-supereffective|p1a: Jellicent
|-damage|p1a: Jellicent|16/100 tox
|
|-heal|p1a: Jellicent|22/100 tox|[from] item: Leftovers
|-damage|p1a: Jellicent|16/100 tox|[from] psn
|upkeep
|turn|46
|
|t:|1610391389
|move|p1a: Jellicent|Hex|p2a: Arctovish
|-end|p2a: Arctovish|Substitute
|move|p2a: Arctovish|Freeze-Dry|p1a: Jellicent
|-supereffective|p1a: Jellicent
|-crit|p1a: Jellicent
|-damage|p1a: Jellicent|0 fnt
|faint|p1a: Jellicent
|
|upkeep
|
|t:|1610391391
|switch|p1a: Togedemaru|Togedemaru, F|100/100
|turn|47
|c|☆Jarii|gg
|c|☆one step from eden|gg
|c|☆Jarii|fun one
|
|t:|1610391401
|move|p1a: Togedemaru|Zing Zap|p2a: Arctovish
|-supereffective|p2a: Arctovish
|-damage|p2a: Arctovish|0 fnt
|faint|p2a: Arctovish
|
|win|one step from eden
|n|☆one step from eden|onestepfromeden
|n|☆Jarii|jarii
|n| royesk|royesk
|n| tlenit|tlenit
|n| Mejillones21|mejillones21
|n| laevin ㋛|laevin
|n| MrToastD|mrtoastd
|l| Mejillones21
|l|☆Jarii
