|raw|<div class="broadcast-blue"><strong>This battle is required to be public due to a player having a name starting with 'pult4t2'.</div>
|j|☆PULT4T2 eifo
|j|☆PULT4T2 Prod
|t:|1661203900
|gametype|singles
|player|p1|PULT4T2 eifo|#ssdivmambas|1558
|player|p2|PULT4T2 Prod|falkner-gen2|1507
|teamsize|p1|6
|teamsize|p2|6
|gen|8
|tier|[Gen 8] PU
|rated|
|rule|Sleep Clause Mod: Limit one foe put to sleep
|rule|Species Clause: Limit one of each Pokémon
|rule|OHKO Clause: OHKO moves are banned
|rule|Evasion Items Clause: Evasion items are banned
|rule|Evasion Moves Clause: Evasion moves are banned
|rule|Endless Battle Clause: Forcing endless battles is banned
|rule|HP Percentage Mod: HP is shown in percentages
|rule|Dynamax Clause: You cannot dynamax
|clearpoke
|poke|p1|Scyther, F|
|poke|p1|Articuno-Galar|
|poke|p1|Gigalith, F|
|poke|p1|Sandslash, F|
|poke|p1|Weezing, M|
|poke|p1|Eldegoss, F|
|poke|p2|Wishiwashi, F|
|poke|p2|Scyther, M|
|poke|p2|Togedemaru, M|
|poke|p2|Sandaconda, M|
|poke|p2|Charizard, F|
|poke|p2|Regirock|
|teampreview
|c|☆PULT4T2 Prod|hey
|c|☆PULT4T2 Prod|hf
|c|☆PULT4T2 eifo|u2
|inactive|Battle timer is ON: inactive players will automatically lose when time's up. (requested by PULT4T2 Prod)
|
|t:|1661203933
|start
|switch|p1a: Weezing|Weezing, M|100/100
|switch|p2a: Wishiwashi|Wishiwashi, F|100/100
|-ability|p1a: Weezing|Neutralizing Gas
|-formechange|p2a: Wishiwashi|Wishiwashi-School||[from] ability: Schooling
|turn|1
|inactive|PULT4T2 eifo has 120 seconds left.
|
|t:|1661203968
|-end|p1a: Weezing|ability: Neutralizing Gas
|switch|p1a: Eldegoss|Eldegoss, F|100/100
|move|p2a: Wishiwashi|Scald|p1a: Eldegoss
|-resisted|p1a: Eldegoss
|-damage|p1a: Eldegoss|84/100
|-enditem|p1a: Eldegoss|Eject Button
|
|t:|1661203978
|switch|p1a: Scyther|Scyther, F|100/100
|
|upkeep
|turn|2
|
|t:|1661203981
|move|p1a: Scyther|Knock Off|p2a: Wishiwashi
|-damage|p2a: Wishiwashi|80/100
|-enditem|p2a: Wishiwashi|Leftovers|[from] move: Knock Off|[of] p1a: Scyther
|move|p2a: Wishiwashi|Scald|p1a: Scyther
|-damage|p1a: Scyther|50/100
|
|upkeep
|turn|3
|
|t:|1661203984
|move|p1a: Scyther|U-turn|p2a: Wishiwashi
|-damage|p2a: Wishiwashi|58/100
|
|t:|1661203987
|switch|p1a: Eldegoss|Eldegoss, F|100/100|[from]move: U-turn
|move|p2a: Wishiwashi|U-turn|p1a: Eldegoss
|-supereffective|p1a: Eldegoss
|-damage|p1a: Eldegoss|63/100
|
|t:|1661203990
|switch|p2a: Scyther|Scyther, M|100/100|[from]move: U-turn
|
|upkeep
|turn|4
|
|t:|1661203999
|switch|p1a: Weezing|Weezing, M|100/100
|-ability|p1a: Weezing|Neutralizing Gas
|move|p2a: Scyther|U-turn|p1a: Weezing
|-resisted|p1a: Weezing
|-damage|p1a: Weezing|90/100
|-damage|p2a: Scyther|84/100|[from] item: Rocky Helmet|[of] p1a: Weezing
|
|t:|1661204001
|switch|p2a: Wishiwashi|Wishiwashi, F|58/100|[from]move: U-turn
|-formechange|p2a: Wishiwashi|Wishiwashi-School||[from] ability: Schooling
|
|upkeep
|turn|5
|
|t:|1661204004
|-end|p1a: Weezing|ability: Neutralizing Gas
|switch|p1a: Eldegoss|Eldegoss, F|97/100
|move|p2a: Wishiwashi|Rest|p2a: Wishiwashi
|-status|p2a: Wishiwashi|slp|[from] move: Rest
|-heal|p2a: Wishiwashi|100/100 slp|[silent]
|
|upkeep
|turn|6
|
|t:|1661204019
|switch|p1a: Gigalith|Gigalith, F|100/100
|-weather|Sandstorm|[from] ability: Sand Stream|[of] p1a: Gigalith
|cant|p2a: Wishiwashi|slp
|move|p2a: Wishiwashi|Sleep Talk|p2a: Wishiwashi
|move|p2a: Wishiwashi|U-turn|p1a: Gigalith|[from]move: Sleep Talk
|-damage|p1a: Gigalith|86/100
|
|t:|1661204026
|switch|p2a: Sandaconda|Sandaconda, M|100/100|[from]move: U-turn
|
|-weather|Sandstorm|[upkeep]
|-heal|p1a: Gigalith|92/100|[from] item: Leftovers
|upkeep
|turn|7
|
|t:|1661204030
|move|p2a: Sandaconda|Earthquake|p1a: Gigalith
|-supereffective|p1a: Gigalith
|-damage|p1a: Gigalith|40/100
|move|p1a: Gigalith|Stealth Rock|p2a: Sandaconda
|-sidestart|p2: PULT4T2 Prod|move: Stealth Rock
|
|-weather|Sandstorm|[upkeep]
|-heal|p1a: Gigalith|46/100|[from] item: Leftovers
|upkeep
|turn|8
|
|t:|1661204038
|switch|p2a: Scyther|Scyther, M|84/100
|switch|p1a: Eldegoss|Eldegoss, F|100/100
|
|-weather|Sandstorm|[upkeep]
|-damage|p2a: Scyther|78/100|[from] Sandstorm
|-damage|p1a: Eldegoss|94/100|[from] Sandstorm
|upkeep
|turn|9
|
|t:|1661204043
|switch|p1a: Weezing|Weezing, M|90/100
|-ability|p1a: Weezing|Neutralizing Gas
|move|p2a: Scyther|Knock Off|p1a: Weezing
|-damage|p1a: Weezing|69/100
|-damage|p2a: Scyther|62/100|[from] item: Rocky Helmet|[of] p1a: Weezing
|-enditem|p1a: Weezing|Rocky Helmet|[from] move: Knock Off|[of] p2a: Scyther
|
|-weather|Sandstorm|[upkeep]
|-damage|p2a: Scyther|56/100|[from] Sandstorm
|-damage|p1a: Weezing|63/100|[from] Sandstorm
|upkeep
|turn|10
|j| robert punda
|
|t:|1661204054
|move|p2a: Scyther|U-turn|p1a: Weezing
|-resisted|p1a: Weezing
|-damage|p1a: Weezing|53/100
|
|t:|1661204057
|switch|p2a: Wishiwashi|Wishiwashi, F|100/100 slp|[from]move: U-turn
|-damage|p2a: Wishiwashi|88/100 slp|[from] Stealth Rock
|-formechange|p2a: Wishiwashi|Wishiwashi-School||[from] ability: Schooling
|move|p1a: Weezing|Sludge Bomb|p2a: Wishiwashi
|-damage|p2a: Wishiwashi|62/100 slp
|
|-weather|none
|upkeep
|turn|11
|l|☆PULT4T2 eifo
|inactive|PULT4T2 eifo disconnected and has a minute to reconnect!
|player|p1|
|j|+avarice
|j|☆PULT4T2 eifo
|inactive|PULT4T2 eifo reconnected and has 110 seconds left.
|player|p1|PULT4T2 eifo|#ssdivmambas
|
|t:|1661204106
|-end|p1a: Weezing|ability: Neutralizing Gas
|switch|p1a: Eldegoss|Eldegoss, F|100/100
|cant|p2a: Wishiwashi|slp
|move|p2a: Wishiwashi|Sleep Talk|p2a: Wishiwashi
|move|p2a: Wishiwashi|Scald|p1a: Eldegoss|[from]move: Sleep Talk
|-resisted|p1a: Eldegoss
|-crit|p1a: Eldegoss
|-damage|p1a: Eldegoss|75/100
|
|upkeep
|turn|12
|
|t:|1661204112
|switch|p2a: Scyther|Scyther, M|56/100
|move|p1a: Eldegoss|Giga Drain|p2a: Scyther
|-resisted|p2a: Scyther
|-damage|p2a: Scyther|47/100
|-heal|p1a: Eldegoss|78/100|[from] drain|[of] p2a: Scyther
|
|upkeep
|turn|13
|inactive|PULT4T2 eifo has 120 seconds left.
|
|t:|1661204122
|move|p2a: Scyther|U-turn|p1a: Eldegoss
|-supereffective|p1a: Eldegoss
|-damage|p1a: Eldegoss|28/100
|
|t:|1661204124
|switch|p2a: Charizard|Charizard, F|100/100|[from]move: U-turn
|move|p1a: Eldegoss|Sleep Powder|p2a: Charizard
|-status|p2a: Charizard|slp|[from] move: Sleep Powder
|
|upkeep
|turn|14
|
|t:|1661204130
|switch|p1a: Gigalith|Gigalith, F|46/100
|-weather|Sandstorm|[from] ability: Sand Stream|[of] p1a: Gigalith
|cant|p2a: Charizard|slp
|
|-weather|Sandstorm|[upkeep]
|-damage|p2a: Charizard|94/100 slp|[from] Sandstorm
|-heal|p1a: Gigalith|53/100|[from] item: Leftovers
|upkeep
|turn|15
|inactive|PULT4T2 eifo has 120 seconds left.
|
|t:|1661204172
|switch|p2a: Regirock|Regirock|100/100
|-damage|p2a: Regirock|88/100|[from] Stealth Rock
|switch|p1a: Eldegoss|Eldegoss, F|62/100
|
|-weather|Sandstorm|[upkeep]
|-damage|p1a: Eldegoss|55/100|[from] Sandstorm
|-heal|p2a: Regirock|94/100|[from] item: Leftovers
|upkeep
|turn|16
|
|t:|1661204182
|switch|p2a: Scyther|Scyther, M|47/100
|move|p1a: Eldegoss|Giga Drain|p2a: Scyther
|-resisted|p2a: Scyther
|-damage|p2a: Scyther|40/100
|-heal|p1a: Eldegoss|59/100|[from] drain|[of] p2a: Scyther
|
|-weather|Sandstorm|[upkeep]
|-damage|p2a: Scyther|34/100|[from] Sandstorm
|-damage|p1a: Eldegoss|53/100|[from] Sandstorm
|upkeep
|turn|17
|
|t:|1661204190
|switch|p1a: Sandslash|Sandslash, F|100/100
|move|p2a: Scyther|U-turn|p1a: Sandslash
|-damage|p1a: Sandslash|63/100
|
|t:|1661204195
|switch|p2a: Sandaconda|Sandaconda, M|100/100|[from]move: U-turn
|-damage|p2a: Sandaconda|94/100|[from] Stealth Rock
|
|-weather|Sandstorm|[upkeep]
|-heal|p2a: Sandaconda|100/100|[from] item: Leftovers
|upkeep
|turn|18
|
|t:|1661204209
|switch|p1a: Eldegoss|Eldegoss, F|86/100
|move|p2a: Sandaconda|Earthquake|p1a: Eldegoss
|-resisted|p1a: Eldegoss
|-damage|p1a: Eldegoss|71/100
|
|-weather|none
|upkeep
|turn|19
|
|t:|1661204223
|switch|p2a: Scyther|Scyther, M|34/100
|switch|p1a: Articuno|Articuno-Galar|100/100
|
|upkeep
|turn|20
|
|t:|1661204229
|move|p2a: Scyther|U-turn|p1a: Articuno
|-damage|p1a: Articuno|64/100
|
|t:|1661204232
|switch|p2a: Togedemaru|Togedemaru, M|100/100|[from]move: U-turn
|move|p1a: Articuno|Freezing Glare|p2a: Togedemaru
|-resisted|p2a: Togedemaru
|-damage|p2a: Togedemaru|68/100
|
|upkeep
|turn|21
|
|t:|1661204240
|move|p1a: Articuno|Freezing Glare|p2a: Togedemaru
|-resisted|p2a: Togedemaru
|-damage|p2a: Togedemaru|40/100
|move|p2a: Togedemaru|Iron Head|p1a: Articuno
|-damage|p1a: Articuno|31/100
|
|upkeep
|turn|22
|l|☆PULT4T2 eifo
|inactive|PULT4T2 eifo disconnected and has a minute to reconnect!
|player|p1|
|j|☆PULT4T2 eifo
|inactive|PULT4T2 eifo reconnected and has 140 seconds left.
|player|p1|PULT4T2 eifo|#ssdivmambas
|
|t:|1661204260
|move|p1a: Articuno|Freezing Glare|p2a: Togedemaru
|-resisted|p2a: Togedemaru
|-damage|p2a: Togedemaru|9/100
|move|p2a: Togedemaru|Wish|p2a: Togedemaru
|
|upkeep
|turn|23
|inactive|PULT4T2 eifo has 120 seconds left.
|l|☆PULT4T2 eifo
|inactive|PULT4T2 eifo disconnected and has a minute to reconnect!
|player|p1|
|j|☆PULT4T2 eifo
|inactive|PULT4T2 eifo reconnected and has 105 seconds left.
|player|p1|PULT4T2 eifo|#ssdivmambas
|
|t:|1661204311
|switch|p1a: Sandslash|Sandslash, F|63/100
|move|p2a: Togedemaru|Spiky Shield||[still]
|-fail|p2a: Togedemaru
|
|-heal|p2a: Togedemaru|59/100|[from] move: Wish|[wisher] Togedemaru
|upkeep
|turn|24
|
|t:|1661204321
|switch|p2a: Sandaconda|Sandaconda, M|100/100
|-damage|p2a: Sandaconda|94/100|[from] Stealth Rock
|move|p1a: Sandslash|Swords Dance|p1a: Sandslash
|-boost|p1a: Sandslash|atk|2
|
|-heal|p2a: Sandaconda|100/100|[from] item: Leftovers
|upkeep
|turn|25
|inactive|PULT4T2 eifo has 90 seconds left.
|
|t:|1661204357
|switch|p1a: Articuno|Articuno-Galar|31/100
|move|p2a: Sandaconda|Earthquake|p1a: Articuno
|-immune|p1a: Articuno
|
|upkeep
|turn|26
|l|☆PULT4T2 eifo
|inactive|PULT4T2 eifo disconnected and has a minute to reconnect!
|player|p1|
|j|☆PULT4T2 eifo
|inactive|PULT4T2 eifo reconnected and has 75 seconds left.
|player|p1|PULT4T2 eifo|#ssdivmambas
|inactive|PULT4T2 Prod has 120 seconds left.
|inactive|PULT4T2 eifo has 60 seconds left.
|
|t:|1661204407
|move|p1a: Articuno|Freezing Glare|p2a: Sandaconda
|-damage|p2a: Sandaconda|36/100
|move|p2a: Sandaconda|Stone Edge|p1a: Articuno
|-supereffective|p1a: Articuno
|-damage|p1a: Articuno|0 fnt
|faint|p1a: Articuno
|
|-heal|p2a: Sandaconda|42/100|[from] item: Leftovers
|upkeep
|inactive|PULT4T2 eifo has 30 seconds left.
|
|t:|1661204428
|switch|p1a: Scyther|Scyther, F|50/100
|turn|27
|
|t:|1661204431
|move|p1a: Scyther|Knock Off|p2a: Sandaconda
|-damage|p2a: Sandaconda|20/100
|-enditem|p2a: Sandaconda|Leftovers|[from] move: Knock Off|[of] p1a: Scyther
|move|p2a: Sandaconda|Rest|p2a: Sandaconda
|-status|p2a: Sandaconda|slp|[from] move: Rest
|-heal|p2a: Sandaconda|100/100 slp|[silent]
|
|upkeep
|turn|28
|
|t:|1661204444
|move|p1a: Scyther|Knock Off|p2a: Sandaconda
|-damage|p2a: Sandaconda|87/100 slp
|cant|p2a: Sandaconda|slp
|
|-activate|p2a: Sandaconda|ability: Shed Skin
|-curestatus|p2a: Sandaconda|slp|[msg]
|upkeep
|turn|29
|
|t:|1661204451
|switch|p2a: Togedemaru|Togedemaru, M|59/100
|move|p1a: Scyther|Roost|p1a: Scyther
|-heal|p1a: Scyther|99/100
|-singleturn|p1a: Scyther|move: Roost
|
|upkeep
|turn|30
|
|t:|1661204459
|move|p1a: Scyther|Knock Off|p2a: Togedemaru
|-damage|p2a: Togedemaru|13/100
|-damage|p1a: Scyther|88/100|[from] ability: Iron Barbs|[of] p2a: Togedemaru
|-enditem|p2a: Togedemaru|Heavy-Duty Boots|[from] move: Knock Off|[of] p1a: Scyther
|move|p2a: Togedemaru|U-turn|p1a: Scyther
|-resisted|p1a: Scyther
|-damage|p1a: Scyther|76/100
|
|t:|1661204461
|switch|p2a: Regirock|Regirock|94/100|[from]move: U-turn
|-damage|p2a: Regirock|82/100|[from] Stealth Rock
|
|-heal|p2a: Regirock|88/100|[from] item: Leftovers
|upkeep
|turn|31
|
|t:|1661204468
|move|p1a: Scyther|U-turn|p2a: Regirock
|-damage|p2a: Regirock|74/100
|
|t:|1661204470
|switch|p1a: Eldegoss|Eldegoss, F|100/100|[from]move: U-turn
|move|p2a: Regirock|Stealth Rock|p1a: Eldegoss
|-sidestart|p1: PULT4T2 eifo|move: Stealth Rock
|
|-heal|p2a: Regirock|80/100|[from] item: Leftovers
|upkeep
|turn|32
|
|t:|1661204473
|switch|p2a: Scyther|Scyther, M|34/100
|move|p1a: Eldegoss|Rapid Spin|p2a: Scyther
|-damage|p2a: Scyther|25/100
|-boost|p1a: Eldegoss|spe|1
|-sideend|p1: PULT4T2 eifo|Stealth Rock|[from] move: Rapid Spin|[of] p1a: Eldegoss
|
|upkeep
|turn|33
|
|t:|1661204486
|switch|p1a: Weezing|Weezing, M|53/100
|-ability|p1a: Weezing|Neutralizing Gas
|move|p2a: Scyther|Roost|p2a: Scyther
|-heal|p2a: Scyther|75/100
|-singleturn|p2a: Scyther|move: Roost
|
|upkeep
|turn|34
|
|t:|1661204494
|move|p2a: Scyther|U-turn|p1a: Weezing
|-resisted|p1a: Weezing
|-damage|p1a: Weezing|43/100
|
|t:|1661204498
|switch|p2a: Sandaconda|Sandaconda, M|87/100|[from]move: U-turn
|-damage|p2a: Sandaconda|81/100|[from] Stealth Rock
|move|p1a: Weezing|Toxic Spikes|p2a: Sandaconda
|-sidestart|p2: PULT4T2 Prod|move: Toxic Spikes
|
|upkeep
|turn|35
|inactive|PULT4T2 eifo has 90 seconds left.
|
|t:|1661204509
|switch|p2a: Charizard|Charizard, F|94/100 slp
|-end|p1a: Weezing|ability: Neutralizing Gas
|switch|p1a: Scyther|Scyther, F|76/100
|
|upkeep
|turn|36
|
|t:|1661204513
|move|p1a: Scyther|Dual Wingbeat|p2a: Charizard
|-damage|p2a: Charizard|61/100 slp
|-damage|p2a: Charizard|31/100 slp
|-hitcount|p2a: Charizard|2
|-curestatus|p2a: Charizard|slp|[msg]
|move|p2a: Charizard|Flamethrower|p1a: Scyther
|-supereffective|p1a: Scyther
|-damage|p1a: Scyther|0 fnt
|faint|p1a: Scyther
|
|upkeep
|-message|PULT4T2 eifo forfeited.
|
|win|PULT4T2 Prod
|raw|PULT4T2 eifo's rating: 1558 &rarr; <strong>1535</strong><br />(-23 for losing)
|raw|PULT4T2 Prod's rating: 1507 &rarr; <strong>1530</strong><br />(+23 for winning)
|l|☆PULT4T2 eifo
