|html|<div class="broadcast-blue"><strong>[Gen 8] PU is currently suspecting Exeggutor-Alola! For information on how to participate check out the <a href="https://www.smogon.com/forums/threads/np-pu-stage-6-hate-to-see-you-k-o-love-to-watch-you-leaf-storm.3686048/">suspect thread</a>.</strong></div>
|j|☆planet waves
|j|☆2turtle
|t:|1624056350
|gametype|singles
|player|p1|planet waves|101|
|player|p2|2turtle|hilbert-dueldisk|
|teamsize|p1|6
|teamsize|p2|6
|gen|8
|tier|[Gen 8] PU
|rated|Tournament battle
|rule|Sleep Clause Mod: Limit one foe put to sleep
|rule|Species Clause: Limit one of each Pokémon
|rule|OHKO Clause: OHKO moves are banned
|rule|Evasion Moves Clause: Evasion moves are banned
|rule|Endless Battle Clause: Forcing endless battles is banned
|rule|HP Percentage Mod: HP is shown in percentages
|rule|Dynamax Clause: You cannot dynamax
|clearpoke
|poke|p1|Whimsicott, F|
|poke|p1|Shiftry, M|
|poke|p1|Heliolisk, M|
|poke|p1|Coalossal, F|
|poke|p1|Uxie|
|poke|p1|Exeggutor-Alola, F|
|poke|p2|Ludicolo, M|
|poke|p2|Uxie|
|poke|p2|Poliwrath, F|
|poke|p2|Liepard, F|
|poke|p2|Kabutops, F|
|poke|p2|Toxicroak, M|
|teampreview
|c|☆2turtle|glhf
|j| CryoGyro
|c|☆planet waves|u2
|
|t:|1624056393
|start
|switch|p1a: Uxie|Uxie|100/100
|switch|p2a: Uxie|Uxie|100/100
|turn|1
|
|t:|1624056398
|move|p1a: Uxie|Magic Coat|p1a: Uxie
|-singleturn|p1a: Uxie|move: Magic Coat
|move|p2a: Uxie|Rain Dance|p2a: Uxie
|-weather|RainDance
|
|-weather|RainDance|[upkeep]
|upkeep
|turn|2
|
|t:|1624056402
|move|p2a: Uxie|U-turn|p1a: Uxie
|-supereffective|p1a: Uxie
|-crit|p1a: Uxie
|-damage|p1a: Uxie|78/100
|
|t:|1624056414
|switch|p2a: Kabutops|Kabutops, F|100/100|[from]move: U-turn
|move|p1a: Uxie|Sunny Day|p1a: Uxie
|-weather|SunnyDay
|
|-weather|SunnyDay|[upkeep]
|upkeep
|turn|3
|
|t:|1624056430
|move|p2a: Kabutops|Flip Turn|p1a: Uxie
|-damage|p1a: Uxie|66/100
|-damage|p2a: Kabutops|91/100|[from] item: Life Orb
|
|t:|1624056433
|switch|p2a: Uxie|Uxie|100/100|[from]move: Flip Turn
|move|p1a: Uxie|U-turn|p2a: Uxie
|-supereffective|p2a: Uxie
|-damage|p2a: Uxie|85/100
|
|t:|1624056438
|switch|p1a: Shiftry|Shiftry, M|100/100|[from]move: U-turn
|
|-weather|SunnyDay|[upkeep]
|upkeep
|turn|4
|j|+Oathkeepre
|
|t:|1624056443
|switch|p2a: Toxicroak|Toxicroak, M|100/100
|move|p1a: Shiftry|Knock Off|p2a: Toxicroak
|-resisted|p2a: Toxicroak
|-damage|p2a: Toxicroak|62/100
|-enditem|p2a: Toxicroak|Black Sludge|[from] move: Knock Off|[of] p1a: Shiftry
|
|-weather|SunnyDay|[upkeep]
|-damage|p2a: Toxicroak|49/100|[from] ability: Dry Skin|[of] p2a: Toxicroak
|upkeep
|turn|5
|
|t:|1624056449
|move|p1a: Shiftry|Solar Blade||[still]
|-prepare|p1a: Shiftry|Solar Blade
|-anim|p1a: Shiftry|Solar Blade|p2a: Toxicroak
|-resisted|p2a: Toxicroak
|-damage|p2a: Toxicroak|11/100
|move|p2a: Toxicroak|Gunk Shot|p1a: Shiftry|[miss]
|-miss|p2a: Toxicroak|p1a: Shiftry
|
|-weather|SunnyDay|[upkeep]
|-damage|p2a: Toxicroak|0 fnt|[from] ability: Dry Skin|[of] p2a: Toxicroak
|faint|p2a: Toxicroak
|upkeep
|c|☆planet waves|sry
|
|t:|1624056458
|switch|p2a: Liepard|Liepard, F|100/100
|turn|6
|c|☆2turtle|ahh my whim counter
|
|t:|1624056491
|switch|p1a: Whimsicott|Whimsicott, F|100/100
|move|p2a: Liepard|Rain Dance|p2a: Liepard
|-weather|RainDance
|
|-weather|RainDance|[upkeep]
|upkeep
|turn|7
|
|t:|1624056501
|move|p2a: Liepard|Thunder Wave|p1a: Whimsicott
|-status|p1a: Whimsicott|par
|move|p1a: Whimsicott|Encore|p2a: Liepard
|-hint|Since gen 7, Dark is immune to Prankster moves.
|-immune|p2a: Liepard
|
|-weather|RainDance|[upkeep]
|upkeep
|turn|8
|
|t:|1624056520
|switch|p1a: Heliolisk|Heliolisk, M|100/100
|move|p2a: Liepard|Encore||[still]
|-fail|p2a: Liepard
|
|-weather|RainDance|[upkeep]
|upkeep
|turn|9
|
|t:|1624056534
|switch|p2a: Uxie|Uxie|85/100
|move|p1a: Heliolisk|Volt Switch|p2a: Uxie
|-damage|p2a: Uxie|45/100
|j| pattek
|
|t:|1624056542
|switch|p1a: Shiftry|Shiftry, M|100/100|[from]move: Volt Switch
|
|-weather|RainDance|[upkeep]
|upkeep
|turn|10
|
|t:|1624056545
|move|p2a: Uxie|U-turn|p1a: Shiftry
|-supereffective|p1a: Shiftry
|-damage|p1a: Shiftry|22/100
|j| nduuvile turt
|
|t:|1624056553
|switch|p2a: Ludicolo|Ludicolo, M|100/100|[from]move: U-turn
|move|p1a: Shiftry|Knock Off|p2a: Ludicolo
|-damage|p2a: Ludicolo|21/100
|-enditem|p2a: Ludicolo|Life Orb|[from] move: Knock Off|[of] p1a: Shiftry
|
|-weather|RainDance|[upkeep]
|upkeep
|turn|11
|l| nduuvile turt
|l| pattek
|
|t:|1624056570
|switch|p1a: Coalossal|Coalossal, F|100/100
|move|p2a: Ludicolo|Ice Beam|p1a: Coalossal
|-resisted|p1a: Coalossal
|-damage|p1a: Coalossal|91/100
|
|-weather|RainDance|[upkeep]
|-heal|p1a: Coalossal|97/100|[from] item: Leftovers
|upkeep
|turn|12
|
|t:|1624056576
|move|p2a: Ludicolo|Hydro Pump|p1a: Coalossal|[miss]
|-miss|p2a: Ludicolo|p1a: Coalossal
|move|p1a: Coalossal|Spikes|p2a: Ludicolo
|-sidestart|p2: 2turtle|Spikes
|
|-weather|RainDance|[upkeep]
|-heal|p1a: Coalossal|100/100|[from] item: Leftovers
|upkeep
|turn|13
|
|t:|1624056580
|move|p2a: Ludicolo|Hydro Pump|p1a: Coalossal|[miss]
|-miss|p2a: Ludicolo|p1a: Coalossal
|move|p1a: Coalossal|Spikes|p2a: Ludicolo
|-sidestart|p2: 2turtle|Spikes
|
|-weather|none
|upkeep
|turn|14
|c|☆2turtle|well this aint good at all
|
|t:|1624056593
|move|p2a: Ludicolo|Rain Dance|p2a: Ludicolo
|-weather|RainDance
|move|p1a: Coalossal|Spikes|p2a: Ludicolo
|-sidestart|p2: 2turtle|Spikes
|
|-weather|RainDance|[upkeep]
|upkeep
|turn|15
|c|☆planet waves|shit rly be happening
|
|t:|1624056606
|move|p2a: Ludicolo|Hydro Pump|p1a: Coalossal
|-supereffective|p1a: Coalossal
|-damage|p1a: Coalossal|0 fnt
|faint|p1a: Coalossal
|
|-weather|RainDance|[upkeep]
|upkeep
|
|t:|1624056620
|switch|p1a: Whimsicott|Whimsicott, F|100/100 par
|turn|16
|
|t:|1624056623
|move|p1a: Whimsicott|Sunny Day|p1a: Whimsicott
|-weather|SunnyDay
|move|p2a: Ludicolo|Ice Beam|p1a: Whimsicott
|-supereffective|p1a: Whimsicott
|-damage|p1a: Whimsicott|34/100 par
|
|-weather|SunnyDay|[upkeep]
|upkeep
|turn|17
|
|t:|1624056637
|move|p1a: Whimsicott|Memento|p2a: Ludicolo
|-unboost|p2a: Ludicolo|atk|2
|-unboost|p2a: Ludicolo|spa|2
|faint|p1a: Whimsicott
|move|p2a: Ludicolo|Rain Dance|p2a: Ludicolo
|-weather|RainDance
|
|-weather|RainDance|[upkeep]
|upkeep
|j| UnzipsCrogre
|
|t:|1624056651
|switch|p1a: Heliolisk|Heliolisk, M|100/100
|turn|18
|
|t:|1624056658
|move|p2a: Ludicolo|Energy Ball|p1a: Heliolisk
|-damage|p1a: Heliolisk|73/100
|move|p1a: Heliolisk|Volt Switch|p2a: Ludicolo
|-damage|p2a: Ludicolo|0 fnt
|faint|p2a: Ludicolo
|
|t:|1624056666
|switch|p1a: Uxie|Uxie|66/100|[from]move: Volt Switch
|
|-weather|RainDance|[upkeep]
|upkeep
|
|t:|1624056677
|switch|p2a: Liepard|Liepard, F|100/100
|-damage|p2a: Liepard|75/100|[from] Spikes
|turn|19
|
|t:|1624056682
|move|p1a: Uxie|Magic Coat|p1a: Uxie
|-singleturn|p1a: Uxie|move: Magic Coat
|move|p2a: Liepard|Knock Off|p1a: Uxie
|-supereffective|p1a: Uxie
|-damage|p1a: Uxie|27/100
|-enditem|p1a: Uxie|Heat Rock|[from] move: Knock Off|[of] p2a: Liepard
|
|-weather|RainDance|[upkeep]
|upkeep
|turn|20
|
|t:|1624056695
|move|p2a: Liepard|Encore|p1a: Uxie
|-start|p1a: Uxie|Encore
|move|p1a: Uxie|Magic Coat|p1a: Uxie
|-singleturn|p1a: Uxie|move: Magic Coat
|
|-weather|RainDance|[upkeep]
|upkeep
|turn|21
|
|t:|1624056701
|switch|p1a: Shiftry|Shiftry, M|22/100
|move|p2a: Liepard|Knock Off|p1a: Shiftry
|-resisted|p1a: Shiftry
|-damage|p1a: Shiftry|0 fnt
|-enditem|p1a: Shiftry|Black Glasses|[from] move: Knock Off|[of] p2a: Liepard
|faint|p1a: Shiftry
|
|-weather|none
|upkeep
|
|t:|1624056708
|switch|p1a: Heliolisk|Heliolisk, M|73/100
|turn|22
|
|t:|1624056712
|move|p2a: Liepard|Rain Dance|p2a: Liepard
|-weather|RainDance
|move|p1a: Heliolisk|Thunderbolt|p2a: Liepard
|-damage|p2a: Liepard|0 fnt
|faint|p2a: Liepard
|
|-weather|RainDance|[upkeep]
|upkeep
|
|t:|1624056716
|switch|p2a: Kabutops|Kabutops, F|91/100
|-damage|p2a: Kabutops|66/100|[from] Spikes
|turn|23
|j|+keppy ㋛
|
|t:|1624056727
|move|p2a: Kabutops|Stone Edge|p1a: Heliolisk
|-crit|p1a: Heliolisk
|-damage|p1a: Heliolisk|0 fnt
|faint|p1a: Heliolisk
|-damage|p2a: Kabutops|56/100|[from] item: Life Orb
|
|-weather|RainDance|[upkeep]
|upkeep
|
|t:|1624056730
|switch|p1a: Uxie|Uxie|27/100
|turn|24
|
|t:|1624056732
|move|p2a: Kabutops|Leech Life|p1a: Uxie
|-supereffective|p1a: Uxie
|-damage|p1a: Uxie|0 fnt
|-heal|p2a: Kabutops|74/100|[from] drain|[of] p1a: Uxie
|faint|p1a: Uxie
|-damage|p2a: Kabutops|64/100|[from] item: Life Orb
|
|-weather|RainDance|[upkeep]
|upkeep
|
|t:|1624056735
|switch|p1a: Exeggutor|Exeggutor-Alola, F|100/100
|turn|25
|c|☆2turtle|hmm maybe i should have saved pard
|j|@EviGaro
|j| wyn
|
|t:|1624056810
|move|p2a: Kabutops|Leech Life|p1a: Exeggutor
|-supereffective|p1a: Exeggutor
|-damage|p1a: Exeggutor|22/100
|-heal|p2a: Kabutops|100/100|[from] drain|[of] p1a: Exeggutor
|-enditem|p1a: Exeggutor|Starf Berry|[eat]
|-boost|p1a: Exeggutor|spd|2|[from] item: Starf Berry
|-damage|p2a: Kabutops|91/100|[from] item: Life Orb
|move|p1a: Exeggutor|Giga Drain|p2a: Kabutops
|-supereffective|p2a: Kabutops
|-damage|p2a: Kabutops|0 fnt
|-heal|p1a: Exeggutor|56/100|[from] drain|[of] p2a: Kabutops
|faint|p2a: Kabutops
|
|-weather|RainDance|[upkeep]
|upkeep
|
|t:|1624056816
|switch|p2a: Uxie|Uxie|45/100
|turn|26
|
|t:|1624056819
|move|p2a: Uxie|Yawn|p1a: Exeggutor
|-start|p1a: Exeggutor|move: Yawn|[of] p2a: Uxie
|move|p1a: Exeggutor|Substitute|p1a: Exeggutor
|-start|p1a: Exeggutor|Substitute
|-damage|p1a: Exeggutor|31/100
|
|-weather|RainDance|[upkeep]
|-item|p1a: Exeggutor|Starf Berry|[from] ability: Harvest
|upkeep
|turn|27
|
|t:|1624056825
|move|p2a: Uxie|Psychic|p1a: Exeggutor
|-activate|p1a: Exeggutor|move: Substitute|[damage]
|move|p1a: Exeggutor|Giga Drain|p2a: Uxie
|-damage|p2a: Uxie|8/100
|-heal|p1a: Exeggutor|49/100|[from] drain|[of] p2a: Uxie
|
|-weather|RainDance|[upkeep]
|-end|p1a: Exeggutor|move: Yawn|[silent]
|-status|p1a: Exeggutor|slp
|upkeep
|turn|28
|j| 3randompokemon
|
|t:|1624056836
|move|p2a: Uxie|U-turn|p1a: Exeggutor
|-supereffective|p1a: Exeggutor
|-end|p1a: Exeggutor|Substitute
|
|t:|1624056838
|switch|p2a: Poliwrath|Poliwrath, F|100/100|[from]move: U-turn
|-damage|p2a: Poliwrath|75/100|[from] Spikes
|cant|p1a: Exeggutor|slp
|
|-weather|RainDance|[upkeep]
|upkeep
|turn|29
|
|t:|1624056844
|move|p2a: Poliwrath|Belly Drum|p2a: Poliwrath
|-damage|p2a: Poliwrath|25/100
|-setboost|p2a: Poliwrath|atk|6|[from] move: Belly Drum
|-enditem|p2a: Poliwrath|Salac Berry|[eat]
|-boost|p2a: Poliwrath|spe|1|[from] item: Salac Berry
|cant|p1a: Exeggutor|slp
|
|-weather|none
|upkeep
|turn|30
|
|t:|1624056847
|move|p2a: Poliwrath|Drain Punch|p1a: Exeggutor
|-damage|p1a: Exeggutor|0 fnt
|-heal|p2a: Poliwrath|51/100|[from] drain|[of] p1a: Exeggutor
|faint|p1a: Exeggutor
|
|win|2turtle
|n|☆planet waves|planetwaves
|n|☆2turtle|2turtle
|n| CryoGyro|cryogyro
|n|+Oathkeepre|oathkeepre
|n| UnzipsCrogre|unzipscrogre
|n| keppy ㋛|keppy
|n|@EviGaro|evigaro
|n| wyn|wyn
|n| 3randompokemon|3randompokemon
