|j|☆Nikorgrem
|j|☆Mia Karst
|t:|1603545272
|player|p1|Nikorgrem|clerk|1138
|player|p2|Mia Karst|lass-gen1|1266
|teamsize|p1|6
|teamsize|p2|6
|gametype|singles
|gen|8
|tier|[Gen 8] PU
|rated|
|clearpoke
|poke|p1|Unfezant, M|
|poke|p1|Falinks|
|poke|p1|Golduck, M|
|poke|p1|Crustle, M|
|poke|p1|Morpeko, M|
|poke|p1|Mr. Rime, M|
|poke|p2|Marowak, F|
|poke|p2|Alcremie, F|
|poke|p2|Klinklang|
|poke|p2|Silvally-*|
|poke|p2|Appletun, M|
|poke|p2|Mr. Mime-Galar, M|
|rule|Sleep Clause Mod: Limit one foe put to sleep
|rule|Species Clause: Limit one of each Pokémon
|rule|OHKO Clause: OHKO moves are banned
|rule|Evasion Moves Clause: Evasion moves are banned
|rule|Endless Battle Clause: Forcing endless battles is banned
|rule|HP Percentage Mod: HP is shown in percentages
|rule|Dynamax Clause: You cannot dynamax
|teampreview
|
|t:|1603545292
|start
|switch|p1a: Crustle|Crustle, M|100/100
|switch|p2a: Silvally|Silvally-Poison|100/100
|turn|1
|
|t:|1603545297
|move|p2a: Silvally|Toxic|p1a: Crustle
|-status|p1a: Crustle|tox
|move|p1a: Crustle|Earthquake|p2a: Silvally
|-supereffective|p2a: Silvally
|-damage|p2a: Silvally|34/100
|
|-damage|p1a: Crustle|94/100 tox|[from] psn
|upkeep
|turn|2
|
|t:|1603545310
|move|p2a: Silvally|U-turn|p1a: Crustle
|-damage|p1a: Crustle|81/100 tox
|-ability|p1a: Crustle|Weak Armor|boost
|-unboost|p1a: Crustle|def|1
|-boost|p1a: Crustle|spe|2
|
|t:|1603545330
|switch|p2a: Marowak|Marowak, F|100/100|[from]move: U-turn
|move|p1a: Crustle|Stealth Rock|p2a: Marowak
|-sidestart|p2: Mia Karst|move: Stealth Rock
|
|-damage|p1a: Crustle|68/100 tox|[from] psn
|upkeep
|turn|3
|
|t:|1603545340
|move|p1a: Crustle|Earthquake|p2a: Marowak
|-damage|p2a: Marowak|62/100
|move|p2a: Marowak|Knock Off|p1a: Crustle
|-damage|p1a: Crustle|0 fnt
|-enditem|p1a: Crustle|Focus Sash|[from] move: Knock Off|[of] p2a: Marowak
|faint|p1a: Crustle
|
|upkeep
|
|t:|1603545350
|switch|p1a: Golduck|Golduck, M|100/100
|turn|4
|
|t:|1603545379
|switch|p2a: Appletun|Appletun, M|100/100
|-damage|p2a: Appletun|88/100|[from] Stealth Rock
|move|p1a: Golduck|Ice Beam|p2a: Appletun
|-supereffective|p2a: Appletun
|-damage|p2a: Appletun|47/100
|
|-heal|p2a: Appletun|53/100|[from] item: Leftovers
|upkeep
|turn|5
|
|t:|1603545396
|switch|p1a: Unfezant|Unfezant, M|100/100
|move|p2a: Appletun|Recover|p2a: Appletun
|-heal|p2a: Appletun|100/100
|
|upkeep
|turn|6
|
|t:|1603545401
|switch|p2a: Klinklang|Klinklang|100/100
|-damage|p2a: Klinklang|94/100|[from] Stealth Rock
|move|p1a: Unfezant|Brave Bird|p2a: Klinklang
|-resisted|p2a: Klinklang
|-damage|p2a: Klinklang|66/100
|-damage|p1a: Unfezant|91/100|[from] Recoil
|
|-heal|p2a: Klinklang|73/100|[from] item: Leftovers
|upkeep
|turn|7
|
|t:|1603545408
|switch|p1a: Falinks|Falinks|100/100
|move|p2a: Klinklang|Toxic|p1a: Falinks|[miss]
|-miss|p2a: Klinklang|p1a: Falinks
|
|-heal|p2a: Klinklang|79/100|[from] item: Leftovers
|upkeep
|turn|8
|
|t:|1603545418
|switch|p2a: Alcremie|Alcremie, F|100/100
|-damage|p2a: Alcremie|88/100|[from] Stealth Rock
|move|p1a: Falinks|Close Combat|p2a: Alcremie
|-resisted|p2a: Alcremie
|-damage|p2a: Alcremie|67/100
|-unboost|p1a: Falinks|def|1
|-unboost|p1a: Falinks|spd|1
|
|-heal|p2a: Alcremie|73/100|[from] item: Leftovers
|upkeep
|turn|9
|
|t:|1603545479
|switch|p1a: Mr. Rime|Mr. Rime, M|100/100
|move|p2a: Alcremie|Draining Kiss|p1a: Mr. Rime
|-damage|p1a: Mr. Rime|80/100
|-heal|p2a: Alcremie|86/100|[from] drain|[of] p1a: Mr. Rime
|
|-heal|p2a: Alcremie|92/100|[from] item: Leftovers
|upkeep
|turn|10
|
|t:|1603545486
|switch|p2a: Silvally|Silvally-Poison|34/100
|-damage|p2a: Silvally|22/100|[from] Stealth Rock
|move|p1a: Mr. Rime|Psyshock|p2a: Silvally
|-supereffective|p2a: Silvally
|-damage|p2a: Silvally|0 fnt
|faint|p2a: Silvally
|
|upkeep
|
|t:|1603545492
|switch|p2a: Klinklang|Klinklang|79/100
|-damage|p2a: Klinklang|73/100|[from] Stealth Rock
|turn|11
|
|t:|1603545502
|switch|p1a: Golduck|Golduck, M|100/100
|move|p2a: Klinklang|Toxic|p1a: Golduck
|-status|p1a: Golduck|tox
|
|-heal|p2a: Klinklang|79/100|[from] item: Leftovers
|-damage|p1a: Golduck|95/100 tox|[from] psn
|upkeep
|turn|12
|
|t:|1603545507
|move|p2a: Klinklang|Protect|p2a: Klinklang
|-singleturn|p2a: Klinklang|Protect
|move|p1a: Golduck|Focus Blast|p2a: Klinklang
|-activate|p2a: Klinklang|move: Protect
|
|-heal|p2a: Klinklang|85/100|[from] item: Leftovers
|-damage|p1a: Golduck|83/100 tox|[from] psn
|upkeep
|turn|13
|
|t:|1603545516
|switch|p2a: Alcremie|Alcremie, F|92/100
|-damage|p2a: Alcremie|80/100|[from] Stealth Rock
|move|p1a: Golduck|Focus Blast|p2a: Alcremie|[miss]
|-miss|p1a: Golduck|p2a: Alcremie
|
|-heal|p2a: Alcremie|86/100|[from] item: Leftovers
|-damage|p1a: Golduck|65/100 tox|[from] psn
|upkeep
|turn|14
|
|t:|1603545529
|switch|p1a: Mr. Rime|Mr. Rime, M|80/100
|move|p2a: Alcremie|Calm Mind|p2a: Alcremie
|-boost|p2a: Alcremie|spa|1
|-boost|p2a: Alcremie|spd|1
|
|-heal|p2a: Alcremie|92/100|[from] item: Leftovers
|upkeep
|turn|15
|
|t:|1603545538
|move|p1a: Mr. Rime|Psyshock|p2a: Alcremie
|-crit|p2a: Alcremie
|-damage|p2a: Alcremie|5/100
|move|p2a: Alcremie|Acid Armor|p2a: Alcremie
|-boost|p2a: Alcremie|def|2
|
|-heal|p2a: Alcremie|11/100|[from] item: Leftovers
|upkeep
|turn|16
|
|t:|1603545543
|move|p1a: Mr. Rime|Psyshock|p2a: Alcremie
|-damage|p2a: Alcremie|0 fnt
|faint|p2a: Alcremie
|
|upkeep
|
|t:|1603545545
|switch|p2a: Klinklang|Klinklang|85/100
|-damage|p2a: Klinklang|79/100|[from] Stealth Rock
|turn|17
|
|t:|1603545555
|switch|p1a: Falinks|Falinks|100/100
|move|p2a: Klinklang|Toxic|p1a: Falinks
|-status|p1a: Falinks|tox
|
|-heal|p2a: Klinklang|85/100|[from] item: Leftovers
|-damage|p1a: Falinks|95/100 tox|[from] psn
|upkeep
|turn|18
|
|t:|1603545562
|move|p2a: Klinklang|Protect|p2a: Klinklang
|-singleturn|p2a: Klinklang|Protect
|move|p1a: Falinks|Close Combat|p2a: Klinklang
|-activate|p2a: Klinklang|move: Protect
|
|-heal|p2a: Klinklang|91/100|[from] item: Leftovers
|-damage|p1a: Falinks|83/100 tox|[from] psn
|upkeep
|turn|19
|
|t:|1603545573
|switch|p2a: Marowak|Marowak, F|62/100
|-damage|p2a: Marowak|56/100|[from] Stealth Rock
|move|p1a: Falinks|Close Combat|p2a: Marowak
|-damage|p2a: Marowak|0 fnt
|-unboost|p1a: Falinks|def|1
|-unboost|p1a: Falinks|spd|1
|faint|p2a: Marowak
|
|-damage|p1a: Falinks|65/100 tox|[from] psn
|upkeep
|
|t:|1603545576
|switch|p2a: Mr. Mime|Mr. Mime-Galar, M|100/100
|-damage|p2a: Mr. Mime|76/100|[from] Stealth Rock
|turn|20
|
|t:|1603545582
|move|p2a: Mr. Mime|Psychic|p1a: Falinks
|-supereffective|p1a: Falinks
|-damage|p1a: Falinks|0 fnt
|faint|p1a: Falinks
|
|upkeep
|
|t:|1603545588
|switch|p1a: Unfezant|Unfezant, M|91/100
|turn|21
|
|t:|1603545593
|switch|p2a: Klinklang|Klinklang|91/100
|-damage|p2a: Klinklang|85/100|[from] Stealth Rock
|move|p1a: Unfezant|Brave Bird|p2a: Klinklang
|-resisted|p2a: Klinklang
|-damage|p2a: Klinklang|58/100
|-damage|p1a: Unfezant|81/100|[from] Recoil
|
|-heal|p2a: Klinklang|64/100|[from] item: Leftovers
|upkeep
|turn|22
|
|t:|1603545601
|switch|p1a: Golduck|Golduck, M|65/100 tox
|move|p2a: Klinklang|Toxic|p1a: Golduck
|-fail|p1a: Golduck|tox
|
|-heal|p2a: Klinklang|70/100|[from] item: Leftovers
|-damage|p1a: Golduck|59/100 tox|[from] psn
|upkeep
|turn|23
|
|t:|1603545609
|move|p2a: Klinklang|Protect|p2a: Klinklang
|-singleturn|p2a: Klinklang|Protect
|move|p1a: Golduck|Rain Dance|p1a: Golduck
|-weather|RainDance
|
|-weather|RainDance|[upkeep]
|-heal|p2a: Klinklang|76/100|[from] item: Leftovers
|-damage|p1a: Golduck|47/100 tox|[from] psn
|upkeep
|turn|24
|
|t:|1603545614
|switch|p2a: Appletun|Appletun, M|100/100
|-damage|p2a: Appletun|88/100|[from] Stealth Rock
|move|p1a: Golduck|Focus Blast|p2a: Appletun
|-damage|p2a: Appletun|65/100
|-unboost|p2a: Appletun|spd|1
|
|-weather|RainDance|[upkeep]
|-heal|p2a: Appletun|71/100|[from] item: Leftovers
|-damage|p1a: Golduck|29/100 tox|[from] psn
|upkeep
|turn|25
|
|t:|1603545621
|switch|p2a: Mr. Mime|Mr. Mime-Galar, M|76/100
|-damage|p2a: Mr. Mime|51/100|[from] Stealth Rock
|move|p1a: Golduck|Ice Beam|p2a: Mr. Mime
|-resisted|p2a: Mr. Mime
|-damage|p2a: Mr. Mime|33/100
|
|-weather|RainDance|[upkeep]
|-damage|p1a: Golduck|5/100 tox|[from] psn
|upkeep
|turn|26
|
|t:|1603545633
|move|p1a: Golduck|Hydro Pump|p2a: Mr. Mime
|-damage|p2a: Mr. Mime|0 fnt
|faint|p2a: Mr. Mime
|
|-weather|RainDance|[upkeep]
|-damage|p1a: Golduck|0 fnt|[from] psn
|faint|p1a: Golduck
|upkeep
|
|t:|1603545647
|switch|p2a: Appletun|Appletun, M|71/100
|switch|p1a: Unfezant|Unfezant, M|81/100
|-damage|p2a: Appletun|58/100|[from] Stealth Rock
|turn|27
|
|t:|1603545653
|switch|p2a: Klinklang|Klinklang|76/100
|-damage|p2a: Klinklang|70/100|[from] Stealth Rock
|move|p1a: Unfezant|U-turn|p2a: Klinklang
|-resisted|p2a: Klinklang
|-damage|p2a: Klinklang|60/100
|
|t:|1603545661
|switch|p1a: Morpeko|Morpeko, M|100/100|[from]move: U-turn
|
|-weather|none
|-heal|p2a: Klinklang|66/100|[from] item: Leftovers
|-formechange|p1a: Morpeko|Morpeko-Hangry||[from] ability: Hunger Switch
|upkeep
|turn|28
|
|t:|1603545669
|move|p2a: Klinklang|Protect|p2a: Klinklang
|-singleturn|p2a: Klinklang|Protect
|move|p1a: Morpeko|Aura Wheel|p2a: Klinklang
|-activate|p2a: Klinklang|move: Protect
|
|-heal|p2a: Klinklang|72/100|[from] item: Leftovers
|-formechange|p1a: Morpeko|Morpeko||[from] ability: Hunger Switch
|upkeep
|turn|29
|
|t:|1603545674
|switch|p2a: Appletun|Appletun, M|58/100
|-damage|p2a: Appletun|46/100|[from] Stealth Rock
|move|p1a: Morpeko|Aura Wheel|p2a: Appletun
|-resisted|p2a: Appletun
|-damage|p2a: Appletun|32/100
|-boost|p1a: Morpeko|spe|1
|-damage|p1a: Morpeko|91/100|[from] item: Life Orb
|
|-heal|p2a: Appletun|38/100|[from] item: Leftovers
|-formechange|p1a: Morpeko|Morpeko-Hangry||[from] ability: Hunger Switch
|upkeep
|turn|30
|
|t:|1603545689
|move|p1a: Morpeko|Parting Shot|p2a: Appletun
|-unboost|p2a: Appletun|atk|1
|-unboost|p2a: Appletun|spa|1
|
|t:|1603545691
|switch|p1a: Mr. Rime|Mr. Rime, M|80/100|[from]move: Parting Shot
|move|p2a: Appletun|Recover|p2a: Appletun
|-heal|p2a: Appletun|88/100
|
|-heal|p2a: Appletun|94/100|[from] item: Leftovers
|upkeep
|turn|31
|
|t:|1603545699
|switch|p2a: Klinklang|Klinklang|72/100
|-damage|p2a: Klinklang|66/100|[from] Stealth Rock
|move|p1a: Mr. Rime|Ice Beam|p2a: Klinklang
|-resisted|p2a: Klinklang
|-damage|p2a: Klinklang|37/100
|
|-heal|p2a: Klinklang|43/100|[from] item: Leftovers
|upkeep
|turn|32
|
|t:|1603545711
|switch|p1a: Morpeko|Morpeko, M|91/100
|move|p2a: Klinklang|Gear Grind|p1a: Morpeko|[miss]
|-miss|p2a: Klinklang|p1a: Morpeko
|
|-heal|p2a: Klinklang|49/100|[from] item: Leftovers
|-formechange|p1a: Morpeko|Morpeko-Hangry||[from] ability: Hunger Switch
|upkeep
|turn|33
|
|t:|1603545722
|move|p2a: Klinklang|Protect|p2a: Klinklang
|-singleturn|p2a: Klinklang|Protect
|move|p1a: Morpeko|Aura Wheel|p2a: Klinklang
|-activate|p2a: Klinklang|move: Protect
|
|-heal|p2a: Klinklang|55/100|[from] item: Leftovers
|-formechange|p1a: Morpeko|Morpeko||[from] ability: Hunger Switch
|upkeep
|turn|34
|
|t:|1603545729
|switch|p2a: Appletun|Appletun, M|94/100
|-damage|p2a: Appletun|81/100|[from] Stealth Rock
|move|p1a: Morpeko|Aura Wheel|p2a: Appletun
|-resisted|p2a: Appletun
|-damage|p2a: Appletun|68/100
|-boost|p1a: Morpeko|spe|1
|-damage|p1a: Morpeko|81/100|[from] item: Life Orb
|
|-heal|p2a: Appletun|74/100|[from] item: Leftovers
|-formechange|p1a: Morpeko|Morpeko-Hangry||[from] ability: Hunger Switch
|upkeep
|turn|35
|
|t:|1603545743
|move|p1a: Morpeko|Parting Shot|p2a: Appletun
|-unboost|p2a: Appletun|atk|1
|-unboost|p2a: Appletun|spa|1
|
|t:|1603545745
|switch|p1a: Mr. Rime|Mr. Rime, M|80/100|[from]move: Parting Shot
|move|p2a: Appletun|Body Press|p1a: Mr. Rime
|-damage|p1a: Mr. Rime|59/100
|
|-heal|p2a: Appletun|80/100|[from] item: Leftovers
|upkeep
|turn|36
|
|t:|1603545751
|switch|p2a: Klinklang|Klinklang|55/100
|-damage|p2a: Klinklang|49/100|[from] Stealth Rock
|move|p1a: Mr. Rime|Focus Blast|p2a: Klinklang
|-supereffective|p2a: Klinklang
|-damage|p2a: Klinklang|0 fnt
|faint|p2a: Klinklang
|
|upkeep
|
|t:|1603545756
|switch|p2a: Appletun|Appletun, M|80/100
|-damage|p2a: Appletun|67/100|[from] Stealth Rock
|turn|37
|
|t:|1603545762
|switch|p1a: Morpeko|Morpeko, M|81/100
|move|p2a: Appletun|Iron Defense|p2a: Appletun
|-boost|p2a: Appletun|def|2
|
|-heal|p2a: Appletun|74/100|[from] item: Leftovers
|-formechange|p1a: Morpeko|Morpeko-Hangry||[from] ability: Hunger Switch
|upkeep
|turn|38
|
|t:|1603545770
|switch|p1a: Unfezant|Unfezant, M|81/100
|move|p2a: Appletun|Recover|p2a: Appletun
|-heal|p2a: Appletun|100/100
|
|upkeep
|turn|39
|
|t:|1603545776
|move|p1a: Unfezant|Toxic|p2a: Appletun
|-status|p2a: Appletun|tox
|move|p2a: Appletun|Iron Defense|p2a: Appletun
|-boost|p2a: Appletun|def|2
|
|-damage|p2a: Appletun|94/100 tox|[from] psn
|upkeep
|turn|40
|
|t:|1603545781
|switch|p1a: Morpeko|Morpeko, M|81/100
|move|p2a: Appletun|Body Press|p1a: Morpeko
|-supereffective|p1a: Morpeko
|-damage|p1a: Morpeko|0 fnt
|faint|p1a: Morpeko
|
|-heal|p2a: Appletun|100/100 tox|[from] item: Leftovers
|-damage|p2a: Appletun|88/100 tox|[from] psn
|upkeep
|
|t:|1603545793
|switch|p1a: Unfezant|Unfezant, M|81/100
|turn|41
|
|t:|1603545795
|move|p1a: Unfezant|Brave Bird|p2a: Appletun
|-supereffective|p2a: Appletun
|-damage|p2a: Appletun|49/100 tox
|-damage|p1a: Unfezant|63/100|[from] Recoil
|move|p2a: Appletun|Body Press|p1a: Unfezant
|-damage|p1a: Unfezant|4/100
|
|-heal|p2a: Appletun|55/100 tox|[from] item: Leftovers
|-damage|p2a: Appletun|36/100 tox|[from] psn
|upkeep
|turn|42
|
|t:|1603545801
|move|p1a: Unfezant|Brave Bird|p2a: Appletun
|-supereffective|p2a: Appletun
|-damage|p2a: Appletun|0 fnt
|-damage|p1a: Unfezant|0 fnt|[from] Recoil
|faint|p2a: Appletun
|faint|p1a: Unfezant
|
|win|Nikorgrem
|l|☆Mia Karst
|raw|Nikorgrem's rating: 1138 &rarr; <strong>1172</strong><br />(+34 for winning)
|raw|Mia Karst's rating: 1266 &rarr; <strong>1232</strong><br />(-34 for losing)
