|j|‽Skipkan
|j|☆Seaqueen Love
|player|p1|Skipkan|twins|1556
|player|p2|Seaqueen Love|ilima|1402
|teamsize|p1|6
|teamsize|p2|6
|gametype|singles
|gen|8
|tier|[Gen 8] PU
|rated|
|clearpoke
|poke|p1|Dubwool, M|
|poke|p1|Mareanie, F|
|poke|p1|Bronzor|
|poke|p1|Dusclops, M|
|poke|p1|Mr. Rime, M|
|poke|p1|Falinks|
|poke|p2|Vespiquen, F|
|poke|p2|Octillery, M|
|poke|p2|Klang|
|poke|p2|Mudbray, F|
|poke|p2|Ludicolo, M|
|poke|p2|Mr. Mime, M|
|rule|Sleep Clause Mod: Limit one foe put to sleep
|rule|Species Clause: Limit one of each Pokémon
|rule|OHKO Clause: OHKO moves are banned
|rule|Evasion Moves Clause: Evasion moves are banned
|rule|Endless Battle Clause: Forcing endless battles is banned
|rule|HP Percentage Mod: HP is shown in percentages
|rule|Dynamax Clause: You cannot dynamax
|teampreview
|
|start
|switch|p1a: Mareanie|Mareanie, F|100/100
|switch|p2a: Mr. Mime|Mr. Mime, M|100/100
|turn|1
|
|switch|p1a: Bronzor|Bronzor|100/100
|move|p2a: Mr. Mime|Trick|p1a: Bronzor
|-activate|p2a: Mr. Mime|move: Trick|[of] p1a: Bronzor
|-item|p1a: Bronzor|Choice Scarf|[from] move: Trick
|-item|p2a: Mr. Mime|Eviolite|[from] move: Trick
|
|upkeep
|turn|2
|
|switch|p2a: Mudbray|Mudbray, F|100/100
|move|p1a: Bronzor|Stealth Rock|p2a: Mudbray
|-sidestart|p2: Seaqueen Love|move: Stealth Rock
|
|upkeep
|turn|3
|
|switch|p1a: Mr. Rime|Mr. Rime, M|100/100
|move|p2a: Mudbray|Toxic|p1a: Mr. Rime
|-status|p1a: Mr. Rime|tox
|
|-damage|p1a: Mr. Rime|94/100 tox|[from] psn
|upkeep
|turn|4
|
|switch|p1a: Falinks|Falinks|100/100
|switch|p2a: Klang|Klang|100/100
|-damage|p2a: Klang|94/100|[from] Stealth Rock
|
|upkeep
|turn|5
|
|move|p1a: Falinks|Close Combat|p2a: Klang
|-supereffective|p2a: Klang
|-damage|p2a: Klang|0 fnt
|-unboost|p1a: Falinks|def|1
|-unboost|p1a: Falinks|spd|1
|faint|p2a: Klang
|
|upkeep
|
|switch|p2a: Vespiquen|Vespiquen, F|100/100
|-ability|p2a: Vespiquen|Pressure
|turn|6
|
|switch|p1a: Bronzor|Bronzor|100/100
|move|p2a: Vespiquen|Defog|p1a: Bronzor
|-unboost|p1a: Bronzor|evasion|1
|-sideend|p2: Seaqueen Love|Stealth Rock|[from] move: Defog|[of] p2a: Vespiquen
|
|upkeep
|turn|7
|
|switch|p2a: Octillery|Octillery, M|100/100
|move|p1a: Bronzor|Toxic|p2a: Octillery
|-status|p2a: Octillery|tox
|
|-damage|p2a: Octillery|94/100 tox|[from] psn
|upkeep
|turn|8
|
|switch|p1a: Mareanie|Mareanie, F|100/100
|move|p2a: Octillery|Psychic|p1a: Mareanie
|-supereffective|p1a: Mareanie
|-damage|p1a: Mareanie|16/100
|-damage|p2a: Octillery|85/100 tox|[from] item: Life Orb
|
|-damage|p2a: Octillery|73/100 tox|[from] psn
|upkeep
|turn|9
|
|switch|p1a: Bronzor|Bronzor|100/100
|move|p2a: Octillery|Fire Blast|p1a: Bronzor
|-supereffective|p1a: Bronzor
|-damage|p1a: Bronzor|32/100
|-damage|p2a: Octillery|63/100 tox|[from] item: Life Orb
|
|-damage|p2a: Octillery|45/100 tox|[from] psn
|upkeep
|turn|10
|
|switch|p1a: Dusclops|Dusclops, M|100/100
|-ability|p1a: Dusclops|Pressure
|move|p2a: Octillery|Hydro Pump|p1a: Dusclops|[miss]
|-miss|p2a: Octillery|p1a: Dusclops
|
|-damage|p2a: Octillery|21/100 tox|[from] psn
|upkeep
|turn|11
|
|switch|p2a: Ludicolo|Ludicolo, M|100/100
|switch|p1a: Bronzor|Bronzor|32/100
|
|upkeep
|turn|12
|
|move|p2a: Ludicolo|Hydro Pump|p1a: Bronzor
|-damage|p1a: Bronzor|0 fnt
|faint|p1a: Bronzor
|
|upkeep
|
|switch|p1a: Falinks|Falinks|100/100
|turn|13
|
|switch|p2a: Vespiquen|Vespiquen, F|100/100
|-ability|p2a: Vespiquen|Pressure
|move|p1a: Falinks|Poison Jab|p2a: Vespiquen
|-damage|p2a: Vespiquen|72/100
|
|upkeep
|turn|14
|
|switch|p1a: Mareanie|Mareanie, F|49/100
|move|p2a: Vespiquen|U-turn|p1a: Mareanie
|-resisted|p1a: Mareanie
|-damage|p1a: Mareanie|42/100
|
|switch|p2a: Octillery|Octillery, M|21/100 tox|[from]move: U-turn
|
|-damage|p2a: Octillery|15/100 tox|[from] psn
|upkeep
|turn|15
|
|switch|p2a: Ludicolo|Ludicolo, M|100/100
|switch|p1a: Dusclops|Dusclops, M|100/100
|-ability|p1a: Dusclops|Pressure
|
|upkeep
|turn|16
|
|move|p2a: Ludicolo|Knock Off|p1a: Dusclops
|-supereffective|p1a: Dusclops
|-damage|p1a: Dusclops|80/100
|-enditem|p1a: Dusclops|Eviolite|[from] move: Knock Off|[of] p2a: Ludicolo
|move|p1a: Dusclops|Toxic|p2a: Ludicolo
|-status|p2a: Ludicolo|tox
|
|-damage|p2a: Ludicolo|94/100 tox|[from] psn
|upkeep
|turn|17
|
|move|p2a: Ludicolo|Hydro Pump|p1a: Dusclops
|-damage|p1a: Dusclops|44/100
|move|p1a: Dusclops|Seismic Toss|p2a: Ludicolo
|-damage|p2a: Ludicolo|63/100 tox
|
|-damage|p2a: Ludicolo|51/100 tox|[from] psn
|upkeep
|turn|18
|
|switch|p2a: Mudbray|Mudbray, F|100/100
|move|p1a: Dusclops|Rest|p1a: Dusclops
|-status|p1a: Dusclops|slp|[from] move: Rest
|-heal|p1a: Dusclops|100/100 slp|[silent]
|
|upkeep
|turn|19
|
|move|p2a: Mudbray|Stealth Rock|p1a: Dusclops
|-sidestart|p1: Skipkan|move: Stealth Rock
|cant|p1a: Dusclops|slp
|move|p1a: Dusclops|Sleep Talk|p1a: Dusclops
|move|p1a: Dusclops|Toxic|p2a: Mudbray|[from]Sleep Talk
|-status|p2a: Mudbray|tox
|
|-damage|p2a: Mudbray|94/100 tox|[from] psn
|upkeep
|turn|20
|
|switch|p2a: Mr. Mime|Mr. Mime, M|100/100
|cant|p1a: Dusclops|slp
|move|p1a: Dusclops|Sleep Talk|p1a: Dusclops
|move|p1a: Dusclops|Seismic Toss|p2a: Mr. Mime|[from]Sleep Talk
|-damage|p2a: Mr. Mime|55/100
|
|upkeep
|turn|21
|
|move|p2a: Mr. Mime|Healing Wish|p2a: Mr. Mime
|faint|p2a: Mr. Mime
|-curestatus|p1a: Dusclops|slp|[msg]
|move|p1a: Dusclops|Seismic Toss|p2: Mr. Mime|[notarget]
|-fail|p1a: Dusclops
|
|upkeep
|
|switch|p2a: Octillery|Octillery, M|15/100 tox
|-heal|p2a: Octillery|100/100|[from] move: Healing Wish
|turn|22
|
|move|p2a: Octillery|Hydro Pump|p1a: Dusclops
|-damage|p1a: Dusclops|50/100
|-damage|p2a: Octillery|91/100|[from] item: Life Orb
|move|p1a: Dusclops|Toxic|p2a: Octillery
|-status|p2a: Octillery|tox
|
|-damage|p2a: Octillery|85/100 tox|[from] psn
|upkeep
|turn|23
|
|switch|p1a: Mr. Rime|Mr. Rime, M|94/100 tox
|move|p2a: Octillery|Fire Blast|p1a: Mr. Rime
|-supereffective|p1a: Mr. Rime
|-damage|p1a: Mr. Rime|17/100 tox
|-damage|p2a: Octillery|75/100 tox|[from] item: Life Orb
|
|-damage|p2a: Octillery|63/100 tox|[from] psn
|-damage|p1a: Mr. Rime|11/100 tox|[from] psn
|upkeep
|turn|24
|
|switch|p2a: Mudbray|Mudbray, F|94/100 tox
|move|p1a: Mr. Rime|Rapid Spin|p2a: Mudbray
|-damage|p2a: Mudbray|90/100 tox
|-boost|p1a: Mr. Rime|spe|1
|-ability|p2a: Mudbray|Stamina|boost
|-boost|p2a: Mudbray|def|1
|-sideend|p1: Skipkan|Stealth Rock|[from] move: Rapid Spin|[of] p1a: Mr. Rime
|
|-damage|p1a: Mr. Rime|0 fnt|[from] psn
|faint|p1a: Mr. Rime
|-damage|p2a: Mudbray|84/100 tox|[from] psn
|upkeep
|
|switch|p1a: Mareanie|Mareanie, F|75/100
|turn|25
|
|switch|p1a: Dubwool|Dubwool, M|100/100
|move|p2a: Mudbray|Stealth Rock|p1a: Dubwool
|-sidestart|p1: Skipkan|move: Stealth Rock
|
|-damage|p2a: Mudbray|71/100 tox|[from] psn
|upkeep
|turn|26
|
|switch|p2a: Vespiquen|Vespiquen, F|72/100
|-ability|p2a: Vespiquen|Pressure
|move|p1a: Dubwool|Cotton Guard|p1a: Dubwool
|-boost|p1a: Dubwool|def|3
|
|upkeep
|turn|27
|
|switch|p1a: Mareanie|Mareanie, F|100/100
|-damage|p1a: Mareanie|88/100|[from] Stealth Rock
|move|p2a: Vespiquen|Roost|p2a: Vespiquen
|-heal|p2a: Vespiquen|100/100
|-singleturn|p2a: Vespiquen|move: Roost
|
|upkeep
|turn|28
|
|move|p1a: Mareanie|Scald|p2a: Vespiquen
|-damage|p2a: Vespiquen|86/100
|-status|p2a: Vespiquen|brn
|move|p2a: Vespiquen|U-turn|p1a: Mareanie
|-resisted|p1a: Mareanie
|-damage|p1a: Mareanie|85/100
|
|switch|p2a: Ludicolo|Ludicolo, M|51/100 tox|[from]move: U-turn
|
|-damage|p2a: Ludicolo|44/100 tox|[from] psn
|upkeep
|turn|29
|
|switch|p1a: Dusclops|Dusclops, M|50/100
|-damage|p1a: Dusclops|37/100|[from] Stealth Rock
|-ability|p1a: Dusclops|Pressure
|move|p2a: Ludicolo|Giga Drain|p1a: Dusclops
|-damage|p1a: Dusclops|12/100
|-heal|p2a: Ludicolo|56/100 tox|[from] drain|[of] p1a: Dusclops
|
|-damage|p2a: Ludicolo|43/100 tox|[from] psn
|upkeep
|turn|30
|
|move|p2a: Ludicolo|Giga Drain|p1a: Dusclops
|-damage|p1a: Dusclops|0 fnt
|-heal|p2a: Ludicolo|48/100 tox|[from] drain|[of] p1a: Dusclops
|faint|p1a: Dusclops
|
|-damage|p2a: Ludicolo|30/100 tox|[from] psn
|upkeep
|
|switch|p1a: Dubwool|Dubwool, M|100/100
|-damage|p1a: Dubwool|88/100|[from] Stealth Rock
|turn|31
|
|switch|p2a: Vespiquen|Vespiquen, F|86/100 brn
|-ability|p2a: Vespiquen|Pressure
|move|p1a: Dubwool|Body Press|p2a: Vespiquen
|-resisted|p2a: Vespiquen
|-damage|p2a: Vespiquen|82/100 brn
|
|-heal|p1a: Dubwool|94/100|[from] item: Leftovers
|-damage|p2a: Vespiquen|76/100 brn|[from] brn
|upkeep
|turn|32
|
|switch|p1a: Falinks|Falinks|100/100
|-damage|p1a: Falinks|95/100|[from] Stealth Rock
|move|p2a: Vespiquen|Roost|p2a: Vespiquen
|-heal|p2a: Vespiquen|100/100 brn
|-singleturn|p2a: Vespiquen|move: Roost
|
|-damage|p2a: Vespiquen|94/100 brn|[from] brn
|upkeep
|turn|33
|
|switch|p2a: Mudbray|Mudbray, F|71/100 tox
|move|p1a: Falinks|Rock Slide|p2a: Mudbray
|-resisted|p2a: Mudbray
|-damage|p2a: Mudbray|60/100 tox
|-ability|p2a: Mudbray|Stamina|boost
|-boost|p2a: Mudbray|def|1
|
|-damage|p2a: Mudbray|54/100 tox|[from] psn
|upkeep
|turn|34
|
|switch|p1a: Dubwool|Dubwool, M|94/100
|-damage|p1a: Dubwool|82/100|[from] Stealth Rock
|move|p2a: Mudbray|Toxic|p1a: Dubwool
|-status|p1a: Dubwool|tox
|
|-heal|p1a: Dubwool|88/100 tox|[from] item: Leftovers
|-damage|p1a: Dubwool|82/100 tox|[from] psn
|-damage|p2a: Mudbray|41/100 tox|[from] psn
|upkeep
|turn|35
|
|switch|p1a: Falinks|Falinks|95/100
|-damage|p1a: Falinks|89/100|[from] Stealth Rock
|switch|p2a: Vespiquen|Vespiquen, F|94/100 brn
|-ability|p2a: Vespiquen|Pressure
|
|-damage|p2a: Vespiquen|88/100 brn|[from] brn
|upkeep
|turn|36
|
|switch|p2a: Mudbray|Mudbray, F|41/100 tox
|move|p1a: Falinks|Rock Slide|p2a: Mudbray
|-resisted|p2a: Mudbray
|-damage|p2a: Mudbray|31/100 tox
|-ability|p2a: Mudbray|Stamina|boost
|-boost|p2a: Mudbray|def|1
|
|-damage|p2a: Mudbray|24/100 tox|[from] psn
|upkeep
|turn|37
|
|switch|p1a: Dubwool|Dubwool, M|82/100 tox
|-damage|p1a: Dubwool|69/100 tox|[from] Stealth Rock
|move|p2a: Mudbray|Earthquake|p1a: Dubwool
|-damage|p1a: Dubwool|38/100 tox
|
|-heal|p1a: Dubwool|44/100 tox|[from] item: Leftovers
|-damage|p1a: Dubwool|38/100 tox|[from] psn
|-damage|p2a: Mudbray|12/100 tox|[from] psn
|upkeep
|turn|38
|
|switch|p2a: Vespiquen|Vespiquen, F|88/100 brn
|-ability|p2a: Vespiquen|Pressure
|move|p1a: Dubwool|Rest|p1a: Dubwool
|-status|p1a: Dubwool|slp|[from] move: Rest
|-heal|p1a: Dubwool|100/100 slp|[silent]
|
|-damage|p2a: Vespiquen|82/100 brn|[from] brn
|upkeep
|turn|39
|
|cant|p1a: Dubwool|slp
|move|p1a: Dubwool|Sleep Talk|p1a: Dubwool
|move|p1a: Dubwool|Body Press|p2a: Vespiquen|[from]Sleep Talk
|-resisted|p2a: Vespiquen
|-damage|p2a: Vespiquen|79/100 brn
|move|p2a: Vespiquen|Air Slash|p1a: Dubwool
|-damage|p1a: Dubwool|80/100 slp
|
|-heal|p1a: Dubwool|86/100 slp|[from] item: Leftovers
|-damage|p2a: Vespiquen|73/100 brn|[from] brn
|upkeep
|turn|40
|
|cant|p1a: Dubwool|slp
|move|p1a: Dubwool|Sleep Talk|p1a: Dubwool
|move|p1a: Dubwool|Body Press|p2a: Vespiquen|[from]Sleep Talk
|-resisted|p2a: Vespiquen
|-damage|p2a: Vespiquen|69/100 brn
|move|p2a: Vespiquen|Roost|p2a: Vespiquen
|-heal|p2a: Vespiquen|100/100 brn
|-singleturn|p2a: Vespiquen|move: Roost
|
|-heal|p1a: Dubwool|92/100 slp|[from] item: Leftovers
|-damage|p2a: Vespiquen|94/100 brn|[from] brn
|upkeep
|turn|41
|j| QuandoCeDroga
|
|-curestatus|p1a: Dubwool|slp|[msg]
|move|p1a: Dubwool|Cotton Guard|p1a: Dubwool
|-boost|p1a: Dubwool|def|3
|move|p2a: Vespiquen|Air Slash|p1a: Dubwool
|-damage|p1a: Dubwool|70/100
|
|-heal|p1a: Dubwool|76/100|[from] item: Leftovers
|-damage|p2a: Vespiquen|88/100 brn|[from] brn
|upkeep
|turn|42
|
|switch|p1a: Mareanie|Mareanie, F|100/100
|-damage|p1a: Mareanie|88/100|[from] Stealth Rock
|move|p2a: Vespiquen|Air Slash|p1a: Mareanie
|-damage|p1a: Mareanie|62/100
|
|-damage|p2a: Vespiquen|82/100 brn|[from] brn
|upkeep
|turn|43
|
|switch|p1a: Falinks|Falinks|89/100
|-damage|p1a: Falinks|83/100|[from] Stealth Rock
|move|p2a: Vespiquen|Air Slash|p1a: Falinks
|-supereffective|p1a: Falinks
|-damage|p1a: Falinks|14/100
|
|-damage|p2a: Vespiquen|76/100 brn|[from] brn
|upkeep
|turn|44
|
|switch|p2a: Mudbray|Mudbray, F|12/100 tox
|move|p1a: Falinks|Rock Slide|p2a: Mudbray
|-resisted|p2a: Mudbray
|-damage|p2a: Mudbray|1/100 tox
|-ability|p2a: Mudbray|Stamina|boost
|-boost|p2a: Mudbray|def|1
|
|-damage|p2a: Mudbray|0 fnt|[from] psn
|faint|p2a: Mudbray
|upkeep
|
|switch|p2a: Octillery|Octillery, M|63/100 tox
|turn|45
|
|move|p2a: Octillery|Psychic|p1a: Falinks
|-supereffective|p1a: Falinks
|-damage|p1a: Falinks|0 fnt
|-damage|p2a: Octillery|53/100 tox|[from] item: Life Orb
|faint|p1a: Falinks
|
|-damage|p2a: Octillery|47/100 tox|[from] psn
|upkeep
|
|switch|p1a: Dubwool|Dubwool, M|76/100
|-damage|p1a: Dubwool|64/100|[from] Stealth Rock
|turn|46
|
|move|p1a: Dubwool|Body Press|p2a: Octillery
|-damage|p2a: Octillery|20/100 tox
|move|p2a: Octillery|Fire Blast|p1a: Dubwool
|-damage|p1a: Dubwool|0 fnt
|-damage|p2a: Octillery|10/100 tox|[from] item: Life Orb
|faint|p1a: Dubwool
|
|-damage|p2a: Octillery|0 fnt|[from] psn
|faint|p2a: Octillery
|upkeep
|
|switch|p1a: Mareanie|Mareanie, F|95/100
|switch|p2a: Ludicolo|Ludicolo, M|30/100 tox
|-damage|p1a: Mareanie|83/100|[from] Stealth Rock
|turn|47
|
|move|p2a: Ludicolo|Giga Drain|p1a: Mareanie
|-damage|p1a: Mareanie|42/100
|-heal|p2a: Ludicolo|49/100 tox|[from] drain|[of] p1a: Mareanie
|move|p1a: Mareanie|Recover|p1a: Mareanie
|-heal|p1a: Mareanie|92/100
|
|-damage|p2a: Ludicolo|43/100 tox|[from] psn
|upkeep
|turn|48
|
|move|p2a: Ludicolo|Knock Off|p1a: Mareanie
|-damage|p1a: Mareanie|80/100
|-enditem|p1a: Mareanie|Eviolite|[from] move: Knock Off|[of] p2a: Ludicolo
|move|p1a: Mareanie|Scald|p2a: Ludicolo
|-resisted|p2a: Ludicolo
|-damage|p2a: Ludicolo|40/100 tox
|
|-damage|p2a: Ludicolo|28/100 tox|[from] psn
|upkeep
|turn|49
|
|move|p2a: Ludicolo|Giga Drain|p1a: Mareanie
|-damage|p1a: Mareanie|16/100
|-heal|p2a: Ludicolo|58/100 tox|[from] drain|[of] p1a: Mareanie
|move|p1a: Mareanie|Recover|p1a: Mareanie
|-heal|p1a: Mareanie|66/100
|
|-damage|p2a: Ludicolo|39/100 tox|[from] psn
|upkeep
|turn|50
|-message|Skipkan forfeited.
|
|win|Seaqueen Love
|l|‽Skipkan
||Ladder (probably) updated, but score could not be retrieved (Response not received).
