|j|☆ayo bb
|j|☆Fathiryxi06
|player|p1|ayo bb|266|1500
|player|p2|Fathiryxi06|youngster|1255
|teamsize|p1|6
|teamsize|p2|6
|gametype|singles
|gen|8
|tier|[Gen 8] PU
|rated|
|clearpoke
|poke|p1|Butterfree, M|
|poke|p1|Perrserker, F|
|poke|p1|Exeggutor, M|
|poke|p1|Stunfisk, F|
|poke|p1|Drifblim, M|
|poke|p1|Kangaskhan, F|
|poke|p2|Stunfisk, M|
|poke|p2|Kangaskhan, F|
|poke|p2|Hitmonchan, M|
|poke|p2|Klinklang|
|poke|p2|Appletun, F|
|poke|p2|Gothitelle, M|
|rule|Sleep Clause Mod: Limit one foe put to sleep
|rule|Species Clause: Limit one of each Pokémon
|rule|OHKO Clause: OHKO moves are banned
|rule|Evasion Moves Clause: Evasion moves are banned
|rule|Endless Battle Clause: Forcing endless battles is banned
|rule|HP Percentage Mod: HP is shown in percentages
|rule|Dynamax Clause: You cannot dynamax
|teampreview
|inactive|Battle timer is ON: inactive players will automatically lose when time's up. (requested by ayo bb)
|inactive|Fathiryxi06 has 120 seconds left.
|
|start
|switch|p1a: Exeggutor|Exeggutor, M|100/100
|switch|p2a: Stunfisk|Stunfisk, M|100/100
|turn|1
|
|switch|p2a: Appletun|Appletun, F|100/100
|move|p1a: Exeggutor|Giga Drain|p2a: Appletun
|-resisted|p2a: Appletun
|-damage|p2a: Appletun|92/100
|
|upkeep
|turn|2
|inactive|Fathiryxi06 has 120 seconds left.
|
|move|p1a: Exeggutor|Future Sight|p2a: Appletun
|-start|p1a: Exeggutor|move: Future Sight
|move|p2a: Appletun|Apple Acid|p1a: Exeggutor
|-resisted|p1a: Exeggutor
|-damage|p1a: Exeggutor|70/100
|-unboost|p1a: Exeggutor|spd|1
|
|upkeep
|turn|3
|inactive|Fathiryxi06 has 120 seconds left.
|
|switch|p1a: Butterfree|Butterfree, M|100/100
|move|p2a: Appletun|Apple Acid|p1a: Butterfree
|-resisted|p1a: Butterfree
|-damage|p1a: Butterfree|78/100
|-unboost|p1a: Butterfree|spd|1
|
|-heal|p1a: Butterfree|84/100|[from] item: Leftovers
|upkeep
|turn|4
|inactive|Fathiryxi06 has 120 seconds left.
|
|switch|p2a: Klinklang|Klinklang|100/100
|move|p1a: Butterfree|Hurricane|p2a: Klinklang
|-resisted|p2a: Klinklang
|-damage|p2a: Klinklang|67/100
|
|-end|p2a: Klinklang|move: Future Sight
|-resisted|p2a: Klinklang
|-damage|p2a: Klinklang|27/100
|-heal|p2a: Klinklang|33/100|[from] item: Leftovers
|-heal|p1a: Butterfree|91/100|[from] item: Leftovers
|upkeep
|turn|5
|inactive|Fathiryxi06 has 120 seconds left.
|inactive|ayo bb has 120 seconds left.
|
|switch|p2a: Appletun|Appletun, F|92/100
|switch|p1a: Stunfisk|Stunfisk, F|100/100
|
|upkeep
|turn|6
|inactive|Fathiryxi06 has 90 seconds left.
|
|move|p1a: Stunfisk|Stealth Rock|p2a: Appletun
|-sidestart|p2: Fathiryxi06|move: Stealth Rock
|move|p2a: Appletun|Draco Meteor|p1a: Stunfisk
|-damage|p1a: Stunfisk|28/100
|-unboost|p2a: Appletun|spa|2
|
|-heal|p1a: Stunfisk|34/100|[from] item: Leftovers
|upkeep
|turn|7
|inactive|Fathiryxi06 has 90 seconds left.
|inactive|ayo bb has 120 seconds left.
|
|switch|p1a: Exeggutor|Exeggutor, M|70/100
|move|p2a: Appletun|Draco Meteor|p1a: Exeggutor|[miss]
|-miss|p2a: Appletun|p1a: Exeggutor
|
|upkeep
|turn|8
|inactive|Fathiryxi06 has 90 seconds left.
|
|switch|p2a: Gothitelle|Gothitelle, M|100/100
|-damage|p2a: Gothitelle|88/100|[from] Stealth Rock
|move|p1a: Exeggutor|Future Sight|p2a: Gothitelle
|-start|p1a: Exeggutor|move: Future Sight
|
|upkeep
|turn|9
|
|move|p2a: Gothitelle|Cosmic Power|p2a: Gothitelle
|-boost|p2a: Gothitelle|def|1
|-boost|p2a: Gothitelle|spd|1
|move|p1a: Exeggutor|Teleport|p1a: Exeggutor
|
|switch|p1a: Butterfree|Butterfree, M|91/100|[from]move: Teleport
|
|-heal|p1a: Butterfree|97/100|[from] item: Leftovers
|upkeep
|turn|10
|
|move|p1a: Butterfree|Sleep Powder|p2a: Gothitelle
|-status|p2a: Gothitelle|slp|[from] move: Sleep Powder
|cant|p2a: Gothitelle|slp
|
|-end|p2a: Gothitelle|move: Future Sight
|-resisted|p2a: Gothitelle
|-damage|p2a: Gothitelle|73/100 slp
|-heal|p1a: Butterfree|100/100|[from] item: Leftovers
|upkeep
|turn|11
|
|move|p1a: Butterfree|Quiver Dance|p1a: Butterfree
|-boost|p1a: Butterfree|spa|1
|-boost|p1a: Butterfree|spd|1
|-boost|p1a: Butterfree|spe|1
|-curestatus|p2a: Gothitelle|slp|[msg]
|move|p2a: Gothitelle|Sleep Talk||[still]
|-fail|p2a: Gothitelle
|
|upkeep
|turn|12
|inactive|Fathiryxi06 has 60 seconds left.
|
|move|p1a: Butterfree|Hurricane|p2a: Gothitelle
|-damage|p2a: Gothitelle|30/100
|move|p2a: Gothitelle|Rest|p2a: Gothitelle
|-status|p2a: Gothitelle|slp|[from] move: Rest
|-heal|p2a: Gothitelle|100/100 slp|[silent]
|
|upkeep
|turn|13
|inactive|Fathiryxi06 has 60 seconds left.
|
|move|p1a: Butterfree|Hurricane|p2a: Gothitelle
|-damage|p2a: Gothitelle|58/100 slp
|-start|p2a: Gothitelle|confusion
|cant|p2a: Gothitelle|slp
|-activate|p2a: Gothitelle|confusion
|move|p2a: Gothitelle|Sleep Talk|p2a: Gothitelle
|move|p2a: Gothitelle|Stored Power|p1a: Butterfree|[from]Sleep Talk
|-damage|p1a: Butterfree|79/100
|
|-heal|p1a: Butterfree|85/100|[from] item: Leftovers
|upkeep
|turn|14
|inactive|Fathiryxi06 has 60 seconds left.
|
|move|p1a: Butterfree|Hurricane|p2a: Gothitelle
|-damage|p2a: Gothitelle|16/100 slp
|cant|p2a: Gothitelle|slp
|-activate|p2a: Gothitelle|confusion
|move|p2a: Gothitelle|Sleep Talk|p2a: Gothitelle
|move|p2a: Gothitelle|Cosmic Power|p2a: Gothitelle|[from]Sleep Talk
|-boost|p2a: Gothitelle|def|1
|-boost|p2a: Gothitelle|spd|1
|
|-heal|p1a: Butterfree|91/100|[from] item: Leftovers
|upkeep
|turn|15
|inactive|Fathiryxi06 has 60 seconds left.
|
|move|p1a: Butterfree|Hurricane|p2a: Gothitelle
|-damage|p2a: Gothitelle|0 fnt
|faint|p2a: Gothitelle
|
|-heal|p1a: Butterfree|97/100|[from] item: Leftovers
|upkeep
|inactive|Fathiryxi06 has 60 seconds left.
|
|switch|p2a: Kangaskhan|Kangaskhan, F|100/100
|-damage|p2a: Kangaskhan|88/100|[from] Stealth Rock
|turn|16
|
|switch|p1a: Stunfisk|Stunfisk, F|34/100
|move|p2a: Kangaskhan|Fake Out|p1a: Stunfisk
|-damage|p1a: Stunfisk|20/100
|
|-heal|p1a: Stunfisk|26/100|[from] item: Leftovers
|upkeep
|turn|17
|
|switch|p1a: Drifblim|Drifblim, M|100/100
|move|p2a: Kangaskhan|Earthquake|p1a: Drifblim
|-immune|p1a: Drifblim
|
|upkeep
|turn|18
|
|move|p2a: Kangaskhan|Rock Slide|p1a: Drifblim
|-supereffective|p1a: Drifblim
|-damage|p1a: Drifblim|42/100
|move|p1a: Drifblim|Will-O-Wisp|p2a: Kangaskhan
|-status|p2a: Kangaskhan|brn
|
|-damage|p2a: Kangaskhan|82/100 brn|[from] brn
|upkeep
|turn|19
|inactive|Fathiryxi06 has 90 seconds left.
|
|move|p2a: Kangaskhan|Double-Edge|p1a: Drifblim
|-damage|p1a: Drifblim|0 fnt
|-damage|p2a: Kangaskhan|57/100 brn|[from] ability: Aftermath|[of] p1a: Drifblim
|-damage|p2a: Kangaskhan|40/100 brn|[from] Recoil
|faint|p1a: Drifblim
|
|-damage|p2a: Kangaskhan|34/100 brn|[from] brn
|upkeep
|
|switch|p1a: Exeggutor|Exeggutor, M|70/100
|turn|20
|
|switch|p2a: Appletun|Appletun, F|92/100
|-damage|p2a: Appletun|80/100|[from] Stealth Rock
|move|p1a: Exeggutor|Future Sight|p2a: Appletun
|-start|p1a: Exeggutor|move: Future Sight
|
|upkeep
|turn|21
|inactive|Fathiryxi06 has 90 seconds left.
|inactive|ayo bb has 120 seconds left.
|
|switch|p1a: Stunfisk|Stunfisk, F|26/100
|move|p2a: Appletun|Apple Acid|p1a: Stunfisk
|-supereffective|p1a: Stunfisk
|-damage|p1a: Stunfisk|0 fnt
|faint|p1a: Stunfisk
|
|upkeep
|
|switch|p1a: Butterfree|Butterfree, M|97/100
|turn|22
|inactive|Fathiryxi06 has 90 seconds left.
|
|switch|p2a: Kangaskhan|Kangaskhan, F|34/100 brn
|-damage|p2a: Kangaskhan|22/100 brn|[from] Stealth Rock
|move|p1a: Butterfree|Quiver Dance|p1a: Butterfree
|-boost|p1a: Butterfree|spa|1
|-boost|p1a: Butterfree|spd|1
|-boost|p1a: Butterfree|spe|1
|
|-end|p2a: Kangaskhan|move: Future Sight
|-damage|p2a: Kangaskhan|0 fnt
|-heal|p1a: Butterfree|100/100|[from] item: Leftovers
|faint|p2a: Kangaskhan
|upkeep
|
|switch|p2a: Klinklang|Klinklang|33/100
|-damage|p2a: Klinklang|27/100|[from] Stealth Rock
|turn|23
|
|move|p1a: Butterfree|Hurricane|p2a: Klinklang
|-resisted|p2a: Klinklang
|-damage|p2a: Klinklang|0 fnt
|faint|p2a: Klinklang
|
|upkeep
|
|switch|p2a: Stunfisk|Stunfisk, M|100/100
|-damage|p2a: Stunfisk|94/100|[from] Stealth Rock
|turn|24
|
|move|p1a: Butterfree|Sleep Powder|p2a: Stunfisk
|-status|p2a: Stunfisk|slp|[from] move: Sleep Powder
|cant|p2a: Stunfisk|slp
|
|upkeep
|turn|25
|
|move|p1a: Butterfree|Substitute|p1a: Butterfree
|-start|p1a: Butterfree|Substitute
|-damage|p1a: Butterfree|76/100
|cant|p2a: Stunfisk|slp
|
|-heal|p1a: Butterfree|82/100|[from] item: Leftovers
|upkeep
|turn|26
|
|move|p1a: Butterfree|Quiver Dance|p1a: Butterfree
|-boost|p1a: Butterfree|spa|1
|-boost|p1a: Butterfree|spd|1
|-boost|p1a: Butterfree|spe|1
|cant|p2a: Stunfisk|slp
|
|-heal|p1a: Butterfree|88/100|[from] item: Leftovers
|upkeep
|turn|27
|
|move|p1a: Butterfree|Quiver Dance|p1a: Butterfree
|-boost|p1a: Butterfree|spa|1
|-boost|p1a: Butterfree|spd|1
|-boost|p1a: Butterfree|spe|1
|-curestatus|p2a: Stunfisk|slp|[msg]
|move|p2a: Stunfisk|Discharge|p1a: Butterfree
|-supereffective|p1a: Butterfree
|-end|p1a: Butterfree|Substitute
|
|-heal|p1a: Butterfree|94/100|[from] item: Leftovers
|upkeep
|turn|28
|inactive|Fathiryxi06 has 120 seconds left.
|
|move|p1a: Butterfree|Sleep Powder|p2a: Stunfisk
|-status|p2a: Stunfisk|slp|[from] move: Sleep Powder
|cant|p2a: Stunfisk|slp
|
|-heal|p1a: Butterfree|99/100|[from] item: Leftovers
|upkeep
|turn|29
|-message|Fathiryxi06 forfeited.
|
|win|ayo bb
|l|☆Fathiryxi06
