|raw|<div class="broadcast-blue"><strong>This battle is required to be public due to a player having a name starting with 'pult4c1'.</div>
|j|☆Barcabae
|j|☆pult4c1 shane
|t:|1660571705
|gametype|singles
|player|p1|Barcabae|102|1417
|player|p2|pult4c1 shane|veteran|1390
|teamsize|p1|6
|teamsize|p2|6
|gen|8
|tier|[Gen 8] PU
|rated|
|rule|Sleep Clause Mod: Limit one foe put to sleep
|rule|Species Clause: Limit one of each Pokémon
|rule|OHKO Clause: OHKO moves are banned
|rule|Evasion Items Clause: Evasion items are banned
|rule|Evasion Moves Clause: Evasion moves are banned
|rule|Endless Battle Clause: Forcing endless battles is banned
|rule|HP Percentage Mod: HP is shown in percentages
|rule|Dynamax Clause: You cannot dynamax
|clearpoke
|poke|p1|Basculin-Blue-Striped, M|
|poke|p1|Glaceon, F|
|poke|p1|Musharna, M|
|poke|p1|Stunfisk, M|
|poke|p1|Unfezant, M|
|poke|p1|Heatmor, F|
|poke|p2|Articuno-Galar|
|poke|p2|Cryogonal|
|poke|p2|Quagsire, F|
|poke|p2|Charizard, M|
|poke|p2|Ribombee, M|
|poke|p2|Regirock|
|teampreview
|inactive|Battle timer is ON: inactive players will automatically lose when time's up. (requested by pult4c1 shane)
|inactive|pult4c1 shane has 120 seconds left.
|
|t:|1660571744
|start
|switch|p1a: Heatmor|Heatmor, F, shiny|100/100
|switch|p2a: Quagsire|Quagsire, F|100/100
|turn|1
|
|t:|1660571752
|switch|p1a: Musharna|Musharna, M, shiny|100/100
|switch|p2a: Charizard|Charizard, M|100/100
|
|upkeep
|turn|2
|
|t:|1660571755
|move|p2a: Charizard|Toxic|p1a: Musharna
|-status|p1a: Musharna|tox
|-activate|p1a: Musharna|ability: Synchronize
|-status|p2a: Charizard|tox
|move|p1a: Musharna|Calm Mind|p1a: Musharna
|-boost|p1a: Musharna|spa|1
|-boost|p1a: Musharna|spd|1
|
|-damage|p2a: Charizard|94/100 tox|[from] psn
|-damage|p1a: Musharna|94/100 tox|[from] psn
|upkeep
|turn|3
|
|t:|1660571763
|switch|p2a: Cryogonal|Cryogonal|100/100
|move|p1a: Musharna|Heal Bell|p1a: Musharna
|-activate|p1a: Musharna|move: Heal Bell
|-curestatus|p1a: Musharna|tox|[msg]
|
|-heal|p1a: Musharna|100/100|[from] item: Leftovers
|upkeep
|turn|4
|
|t:|1660571767
|move|p2a: Cryogonal|Knock Off|p1a: Musharna
|-supereffective|p1a: Musharna
|-damage|p1a: Musharna|85/100
|-enditem|p1a: Musharna|Leftovers|[from] move: Knock Off|[of] p2a: Cryogonal
|move|p1a: Musharna|Psyshock|p2a: Cryogonal
|-damage|p2a: Cryogonal|31/100
|
|upkeep
|turn|5
|
|t:|1660571772
|switch|p2a: Quagsire|Quagsire, F|100/100
|move|p1a: Musharna|Psyshock|p2a: Quagsire
|-damage|p2a: Quagsire|81/100
|
|upkeep
|turn|6
|
|t:|1660571775
|move|p2a: Quagsire|Curse|p2a: Quagsire
|-unboost|p2a: Quagsire|spe|1
|-boost|p2a: Quagsire|atk|1
|-boost|p2a: Quagsire|def|1
|move|p1a: Musharna|Calm Mind|p1a: Musharna
|-boost|p1a: Musharna|spa|1
|-boost|p1a: Musharna|spd|1
|
|upkeep
|turn|7
|
|t:|1660571777
|switch|p1a: Glaceon|Glaceon, F, shiny|100/100
|move|p2a: Quagsire|Earthquake|p1a: Glaceon
|-crit|p1a: Glaceon
|-damage|p1a: Glaceon|27/100
|
|upkeep
|turn|8
|
|t:|1660571783
|switch|p2a: Cryogonal|Cryogonal|31/100
|move|p1a: Glaceon|Freeze-Dry|p2a: Cryogonal
|-resisted|p2a: Cryogonal
|-damage|p2a: Cryogonal|15/100
|
|upkeep
|turn|9
|
|t:|1660571788
|switch|p1a: Musharna|Musharna, M, shiny|85/100
|move|p2a: Cryogonal|Recover|p2a: Cryogonal
|-heal|p2a: Cryogonal|65/100
|
|upkeep
|turn|10
|
|t:|1660571803
|switch|p2a: Regirock|Regirock|100/100
|switch|p1a: Basculin|Basculin-Blue-Striped, M|100/100
|
|upkeep
|turn|11
|
|t:|1660571811
|move|p1a: Basculin|Liquidation|p2a: Regirock
|-supereffective|p2a: Regirock
|-damage|p2a: Regirock|46/100
|-damage|p1a: Basculin|84/100|[from] item: Rocky Helmet|[of] p2a: Regirock
|move|p2a: Regirock|Body Press|p1a: Basculin
|-damage|p1a: Basculin|7/100
|
|upkeep
|turn|12
|j| PULT4C1 riquelme
|
|t:|1660571834
|move|p1a: Basculin|Liquidation|p2a: Regirock
|-supereffective|p2a: Regirock
|-damage|p2a: Regirock|0 fnt
|-damage|p1a: Basculin|0 fnt|[from] item: Rocky Helmet|[of] p2a: Regirock
|faint|p2a: Regirock
|faint|p1a: Basculin
|
|upkeep
|j| isabela000◥▶_◀◤
|
|t:|1660571846
|switch|p1a: Heatmor|Heatmor, F, shiny|100/100
|switch|p2a: Articuno|Articuno-Galar|100/100
|turn|13
|
|t:|1660571862
|move|p2a: Articuno|Freezing Glare|p1a: Heatmor
|-damage|p1a: Heatmor|15/100
|move|p1a: Heatmor|Fire Lash|p2a: Articuno
|-damage|p2a: Articuno|55/100
|-unboost|p2a: Articuno|def|1
|-ability|p2a: Articuno|Competitive
|-boost|p2a: Articuno|spa|2
|
|upkeep
|turn|14
|
|t:|1660571871
|switch|p2a: Charizard|Charizard, M|94/100 tox
|move|p1a: Heatmor|Sucker Punch||[still]
|-fail|p1a: Heatmor
|
|-damage|p2a: Charizard|88/100 tox|[from] psn
|upkeep
|turn|15
|
|t:|1660571876
|switch|p1a: Musharna|Musharna, M, shiny|85/100
|move|p2a: Charizard|Toxic|p1a: Musharna
|-status|p1a: Musharna|tox
|-activate|p1a: Musharna|ability: Synchronize
|-fail|p2a: Charizard|tox
|
|-damage|p2a: Charizard|76/100 tox|[from] psn
|-damage|p1a: Musharna|79/100 tox|[from] psn
|upkeep
|turn|16
|j| Empoleon B
|
|t:|1660571889
|switch|p2a: Articuno|Articuno-Galar|55/100
|move|p1a: Musharna|Heal Bell|p1a: Musharna
|-activate|p1a: Musharna|move: Heal Bell
|-curestatus|p1a: Musharna|tox|[msg]
|
|upkeep
|turn|17
|l| Empoleon B
|
|t:|1660571894
|move|p2a: Articuno|Shadow Ball|p1a: Musharna
|-supereffective|p1a: Musharna
|-damage|p1a: Musharna|14/100
|move|p1a: Musharna|Calm Mind|p1a: Musharna
|-boost|p1a: Musharna|spa|1
|-boost|p1a: Musharna|spd|1
|
|upkeep
|turn|18
|
|t:|1660571902
|switch|p2a: Charizard|Charizard, M|76/100 tox
|switch|p1a: Unfezant|Unfezant, M, shiny|100/100
|
|-damage|p2a: Charizard|70/100 tox|[from] psn
|upkeep
|turn|19
|
|t:|1660571917
|move|p2a: Charizard|Flamethrower|p1a: Unfezant
|-damage|p1a: Unfezant|28/100
|-status|p1a: Unfezant|brn
|move|p1a: Unfezant|U-turn|p2a: Charizard
|-resisted|p2a: Charizard
|-damage|p2a: Charizard|66/100 tox
|-message|Barcabae forfeited.
|
|win|pult4c1 shane
|raw|Barcabae's rating: 1417 &rarr; <strong>1395</strong><br />(-22 for losing)
|raw|pult4c1 shane's rating: 1390 &rarr; <strong>1412</strong><br />(+22 for winning)
|l|☆Barcabae
||Ladder isn't responding, score probably updated but might not have (Request timeout).
|l| isabela000◥▶_◀◤
|l| PULT4C1 riquelme
|j|+eternally
|l|+eternally
|l|☆pult4c1 shane
|j|+chlo
|l|+chlo
|j| pult4c1 somalia
|l| pult4c1 somalia
|j| PULT4C1 chlo
|l| PULT4C1 chlo
|j| keelelelel
