|j|☆PULT4C1 turt
|j|☆pult4c1 shane
|t:|1660737642
|gametype|singles
|player|p1|PULT4C1 turt|lucas|1405
|player|p2|pult4c1 shane|veteran|1442
|teamsize|p1|6
|teamsize|p2|6
|gen|8
|tier|[Gen 8] PU
|rated|
|rule|Sleep Clause Mod: Limit one foe put to sleep
|rule|Species Clause: Limit one of each Pokémon
|rule|OHKO Clause: OHKO moves are banned
|rule|Evasion Items Clause: Evasion items are banned
|rule|Evasion Moves Clause: Evasion moves are banned
|rule|Endless Battle Clause: Forcing endless battles is banned
|rule|HP Percentage Mod: HP is shown in percentages
|rule|Dynamax Clause: You cannot dynamax
|clearpoke
|poke|p1|Hattrem, F|
|poke|p1|Gourgeist-*, M|
|poke|p1|Togedemaru, F|
|poke|p1|Druddigon, F|
|poke|p1|Arctovish|
|poke|p1|Ribombee, M|
|poke|p2|Sandslash, M|
|poke|p2|Gigalith, M|
|poke|p2|Eldegoss, F|
|poke|p2|Basculin, M|
|poke|p2|Scyther, F|
|poke|p2|Weezing, F|
|teampreview
|inactive|Battle timer is ON: inactive players will automatically lose when time's up. (requested by pult4c1 shane)
|inactive|PULT4C1 turt also wants the timer to be on.
|
|t:|1660737660
|start
|switch|p1a: Druddigon|Druddigon, F|100/100
|switch|p2a: Weezing|Weezing, F|100/100
|-ability|p2a: Weezing|Neutralizing Gas
|turn|1
|
|t:|1660737668
|move|p2a: Weezing|Taunt|p1a: Druddigon
|-start|p1a: Druddigon|move: Taunt
|cant|p1a: Druddigon|move: Taunt|Stealth Rock
|
|upkeep
|turn|2
|
|t:|1660737673
|move|p2a: Weezing|Toxic Spikes|p1a: Druddigon
|-sidestart|p1: PULT4C1 turt|move: Toxic Spikes
|move|p1a: Druddigon|Earthquake|p2a: Weezing
|-supereffective|p2a: Weezing
|-damage|p2a: Weezing|66/100
|
|-heal|p2a: Weezing|72/100|[from] item: Black Sludge
|upkeep
|turn|3
|
|t:|1660737679
|move|p2a: Weezing|Will-O-Wisp|p1a: Druddigon
|-status|p1a: Druddigon|brn
|move|p1a: Druddigon|Earthquake|p2a: Weezing
|-supereffective|p2a: Weezing
|-damage|p2a: Weezing|54/100
|
|-heal|p2a: Weezing|60/100|[from] item: Black Sludge
|-damage|p1a: Druddigon|94/100 brn|[from] brn
|-end|p1a: Druddigon|move: Taunt
|upkeep
|turn|4
|
|t:|1660737684
|switch|p1a: Hattrem|Hattrem, F|100/100
|-status|p1a: Hattrem|psn
|move|p2a: Weezing|Taunt|p1a: Hattrem
|-start|p1a: Hattrem|move: Taunt
|
|-heal|p2a: Weezing|66/100|[from] item: Black Sludge
|-damage|p1a: Hattrem|88/100 psn|[from] psn
|upkeep
|turn|5
|
|t:|1660737694
|-end|p2a: Weezing|ability: Neutralizing Gas
|switch|p2a: Eldegoss|Eldegoss, F|100/100
|switch|p1a: Druddigon|Druddigon, F|94/100 brn
|
|-heal|p1a: Druddigon|100/100 brn|[from] item: Leftovers
|-damage|p1a: Druddigon|94/100 brn|[from] brn
|upkeep
|turn|6
|
|t:|1660737704
|move|p2a: Eldegoss|Giga Drain|p1a: Druddigon
|-resisted|p1a: Druddigon
|-damage|p1a: Druddigon|87/100 brn
|move|p1a: Druddigon|Glare|p2a: Eldegoss
|-status|p2a: Eldegoss|par
|
|-heal|p1a: Druddigon|93/100 brn|[from] item: Leftovers
|-damage|p1a: Druddigon|87/100 brn|[from] brn
|upkeep
|turn|7
|
|t:|1660737707
|move|p1a: Druddigon|Stealth Rock|p2a: Eldegoss
|-sidestart|p2: pult4c1 shane|move: Stealth Rock
|move|p2a: Eldegoss|Aromatherapy|p2a: Eldegoss
|-activate|p2a: Eldegoss|move: Aromatherapy
|-curestatus|p2a: Eldegoss|par|[msg]
|
|-heal|p1a: Druddigon|93/100 brn|[from] item: Leftovers
|-damage|p1a: Druddigon|87/100 brn|[from] brn
|upkeep
|turn|8
|
|t:|1660737709
|move|p2a: Eldegoss|Rapid Spin|p1a: Druddigon
|-damage|p1a: Druddigon|81/100 brn
|-boost|p2a: Eldegoss|spe|1
|-damage|p2a: Eldegoss|88/100|[from] ability: Rough Skin|[of] p1a: Druddigon
|-sideend|p2: pult4c1 shane|Stealth Rock|[from] move: Rapid Spin|[of] p2a: Eldegoss
|move|p1a: Druddigon|Earthquake|p2a: Eldegoss
|-resisted|p2a: Eldegoss
|-damage|p2a: Eldegoss|82/100
|-enditem|p2a: Eldegoss|Eject Button
|
|t:|1660737715
|switch|p2a: Weezing|Weezing, F|66/100
|-ability|p2a: Weezing|Neutralizing Gas
|
|-heal|p2a: Weezing|72/100|[from] item: Black Sludge
|-heal|p1a: Druddigon|87/100 brn|[from] item: Leftovers
|-damage|p1a: Druddigon|81/100 brn|[from] brn
|upkeep
|turn|9
|
|t:|1660737719
|switch|p1a: Hattrem|Hattrem, F|88/100 psn
|move|p2a: Weezing|Taunt|p1a: Hattrem
|-start|p1a: Hattrem|move: Taunt
|
|-heal|p2a: Weezing|78/100|[from] item: Black Sludge
|-damage|p1a: Hattrem|76/100 psn|[from] psn
|upkeep
|turn|10
|
|t:|1660737723
|-end|p2a: Weezing|ability: Neutralizing Gas
|switch|p2a: Scyther|Scyther, F|100/100
|switch|p1a: Druddigon|Druddigon, F|81/100 brn
|
|-heal|p1a: Druddigon|87/100 brn|[from] item: Leftovers
|-damage|p1a: Druddigon|81/100 brn|[from] brn
|upkeep
|turn|11
|
|t:|1660737728
|move|p2a: Scyther|Knock Off|p1a: Druddigon
|-damage|p1a: Druddigon|52/100 brn
|-damage|p2a: Scyther|88/100|[from] ability: Rough Skin|[of] p1a: Druddigon
|-enditem|p1a: Druddigon|Leftovers|[from] move: Knock Off|[of] p2a: Scyther
|move|p1a: Druddigon|Stealth Rock|p2a: Scyther
|-sidestart|p2: pult4c1 shane|move: Stealth Rock
|
|-damage|p1a: Druddigon|46/100 brn|[from] brn
|upkeep
|turn|12
|
|t:|1660737736
|move|p2a: Scyther|U-turn|p1a: Druddigon
|-damage|p1a: Druddigon|11/100 brn
|-damage|p2a: Scyther|76/100|[from] ability: Rough Skin|[of] p1a: Druddigon
|
|t:|1660737738
|switch|p2a: Eldegoss|Eldegoss, F|100/100|[from]move: U-turn
|-damage|p2a: Eldegoss|88/100|[from] Stealth Rock
|move|p1a: Druddigon|Glare|p2a: Eldegoss
|-status|p2a: Eldegoss|par
|
|-damage|p1a: Druddigon|4/100 brn|[from] brn
|upkeep
|turn|13
|
|t:|1660737741
|switch|p1a: Gourgeist|Gourgeist-Small, M|100/100
|-status|p1a: Gourgeist|psn
|move|p2a: Eldegoss|Rapid Spin|p1a: Gourgeist
|-immune|p1a: Gourgeist
|
|-damage|p1a: Gourgeist|88/100 psn|[from] psn
|upkeep
|turn|14
|
|t:|1660737745
|move|p1a: Gourgeist|Power Whip|p2a: Eldegoss|[miss]
|-miss|p1a: Gourgeist|p2a: Eldegoss
|move|p2a: Eldegoss|Aromatherapy|p2a: Eldegoss
|-activate|p2a: Eldegoss|move: Aromatherapy
|-curestatus|p2a: Eldegoss|par|[msg]
|
|-damage|p1a: Gourgeist|76/100 psn|[from] psn
|upkeep
|turn|15
|
|t:|1660737748
|switch|p1a: Druddigon|Druddigon, F|4/100 brn
|move|p2a: Eldegoss|Giga Drain|p1a: Druddigon
|-resisted|p1a: Druddigon
|-damage|p1a: Druddigon|0 fnt
|-heal|p2a: Eldegoss|90/100|[from] drain|[of] p1a: Druddigon
|faint|p1a: Druddigon
|
|upkeep
|
|t:|1660737750
|switch|p1a: Arctovish|Arctovish|100/100
|-status|p1a: Arctovish|psn
|turn|16
|
|t:|1660737776
|move|p1a: Arctovish|Icicle Crash|p2a: Eldegoss
|-supereffective|p2a: Eldegoss
|-damage|p2a: Eldegoss|0 fnt
|faint|p2a: Eldegoss
|
|-damage|p1a: Arctovish|88/100 psn|[from] psn
|upkeep
|inactive|pult4c1 shane has 120 seconds left.
|
|t:|1660737788
|switch|p2a: Gigalith|Gigalith, M|100/100
|-damage|p2a: Gigalith|88/100|[from] Stealth Rock
|-weather|Sandstorm|[from] ability: Sand Stream|[of] p2a: Gigalith
|turn|17
|j| PULT4C1 Haffling
|
|t:|1660737801
|switch|p1a: Hattrem|Hattrem, F|76/100 psn
|move|p2a: Gigalith|Rock Blast|p1a: Hattrem
|-damage|p1a: Hattrem|68/100 psn
|-damage|p1a: Hattrem|59/100 psn
|-damage|p1a: Hattrem|51/100 psn
|-damage|p1a: Hattrem|43/100 psn
|-damage|p1a: Hattrem|34/100 psn
|-hitcount|p1a: Hattrem|5
|
|-weather|Sandstorm|[upkeep]
|-damage|p1a: Hattrem|28/100 psn|[from] Sandstorm
|-heal|p2a: Gigalith|94/100|[from] item: Leftovers
|-damage|p1a: Hattrem|16/100 psn|[from] psn
|upkeep
|turn|18
|
|t:|1660737818
|switch|p2a: Sandslash|Sandslash, M|100/100
|-damage|p2a: Sandslash|95/100|[from] Stealth Rock
|move|p1a: Hattrem|Rest|p1a: Hattrem
|-status|p1a: Hattrem|slp|[from] move: Rest
|-heal|p1a: Hattrem|100/100 slp|[silent]
|
|-weather|Sandstorm|[upkeep]
|-damage|p1a: Hattrem|95/100 slp|[from] Sandstorm
|upkeep
|turn|19
|
|t:|1660737824
|move|p2a: Sandslash|Swords Dance|p2a: Sandslash
|-boost|p2a: Sandslash|atk|2
|cant|p1a: Hattrem|slp
|move|p1a: Hattrem|Sleep Talk|p1a: Hattrem
|move|p1a: Hattrem|Psychic|p2a: Sandslash|[from]move: Sleep Talk
|-crit|p2a: Sandslash
|-damage|p2a: Sandslash|27/100
|
|-weather|Sandstorm|[upkeep]
|-damage|p1a: Hattrem|89/100 slp|[from] Sandstorm
|upkeep
|turn|20
|
|t:|1660737833
|move|p2a: Sandslash|Leech Life|p1a: Hattrem
|-supereffective|p1a: Hattrem
|-damage|p1a: Hattrem|0 fnt
|-heal|p2a: Sandslash|71/100|[from] drain|[of] p1a: Hattrem
|faint|p1a: Hattrem
|-damage|p2a: Sandslash|61/100|[from] item: Life Orb
|
|-weather|Sandstorm|[upkeep]
|upkeep
|
|t:|1660737838
|switch|p1a: Ribombee|Ribombee, M|100/100
|turn|21
|
|t:|1660737851
|move|p2a: Sandslash|Earthquake|p1a: Ribombee
|-resisted|p1a: Ribombee
|-crit|p1a: Ribombee
|-damage|p1a: Ribombee|0 fnt
|faint|p1a: Ribombee
|-damage|p2a: Sandslash|52/100|[from] item: Life Orb
|
|-weather|none
|upkeep
|
|t:|1660737861
|switch|p1a: Arctovish|Arctovish|88/100 psn
|turn|22
|
|t:|1660737874
|switch|p2a: Weezing|Weezing, F|78/100
|-ability|p2a: Weezing|Neutralizing Gas
|-damage|p2a: Weezing|66/100|[from] Stealth Rock
|move|p1a: Arctovish|Fishious Rend|p2a: Weezing
|-damage|p2a: Weezing|0 fnt
|faint|p2a: Weezing
|-end|p2a: Weezing|ability: Neutralizing Gas
|
|-damage|p1a: Arctovish|76/100 psn|[from] psn
|upkeep
|
|t:|1660737880
|switch|p2a: Scyther|Scyther, F|76/100
|turn|23
|
|t:|1660737884
|move|p2a: Scyther|Knock Off|p1a: Arctovish
|-damage|p1a: Arctovish|42/100 psn
|-enditem|p1a: Arctovish|Choice Band|[from] move: Knock Off|[of] p2a: Scyther
|move|p1a: Arctovish|Fishious Rend|p2a: Scyther
|-crit|p2a: Scyther
|-damage|p2a: Scyther|0 fnt
|faint|p2a: Scyther
|
|-damage|p1a: Arctovish|29/100 psn|[from] psn
|upkeep
|j|+pichus ❤
|inactive|pult4c1 shane has 120 seconds left.
|
|t:|1660737938
|switch|p2a: Basculin|Basculin, M|100/100
|-damage|p2a: Basculin|88/100|[from] Stealth Rock
|turn|24
|l|+pichus ❤
|
|t:|1660737967
|switch|p1a: Togedemaru|Togedemaru, F|100/100
|move|p2a: Basculin|Crunch|p1a: Togedemaru
|-damage|p1a: Togedemaru|65/100
|
|-heal|p1a: Togedemaru|71/100|[from] item: Leftovers
|upkeep
|turn|25
|
|t:|1660737974
|switch|p2a: Gigalith|Gigalith, M|94/100
|-damage|p2a: Gigalith|82/100|[from] Stealth Rock
|-weather|Sandstorm|[from] ability: Sand Stream|[of] p2a: Gigalith
|move|p1a: Togedemaru|Wish|p1a: Togedemaru
|
|-weather|Sandstorm|[upkeep]
|-heal|p1a: Togedemaru|77/100|[from] item: Leftovers
|-heal|p2a: Gigalith|88/100|[from] item: Leftovers
|upkeep
|turn|26
|inactive|pult4c1 shane has 120 seconds left.
|
|t:|1660737988
|move|p1a: Togedemaru|U-turn|p2a: Gigalith
|-damage|p2a: Gigalith|76/100
|
|t:|1660737992
|switch|p1a: Gourgeist|Gourgeist-Small, M|76/100 psn|[from]move: U-turn
|-item|p2a: Gigalith|Leftovers|[from] ability: Frisk|[of] p1a: Gourgeist|[identify]
|move|p2a: Gigalith|Stealth Rock|p1a: Gourgeist
|-sidestart|p1: PULT4C1 turt|move: Stealth Rock
|
|-weather|Sandstorm|[upkeep]
|-damage|p1a: Gourgeist|70/100 psn|[from] Sandstorm
|-heal|p1a: Gourgeist|100/100 psn|[from] move: Wish|[wisher] Togedemaru
|-heal|p2a: Gigalith|82/100|[from] item: Leftovers
|-damage|p1a: Gourgeist|88/100 psn|[from] psn
|upkeep
|turn|27
|
|t:|1660737999
|move|p1a: Gourgeist|Power Whip|p2a: Gigalith
|-supereffective|p2a: Gigalith
|-damage|p2a: Gigalith|8/100
|move|p2a: Gigalith|Rock Blast|p1a: Gourgeist
|-damage|p1a: Gourgeist|74/100 psn
|-damage|p1a: Gourgeist|59/100 psn
|-damage|p1a: Gourgeist|45/100 psn
|-hitcount|p1a: Gourgeist|3
|
|-weather|Sandstorm|[upkeep]
|-damage|p1a: Gourgeist|39/100 psn|[from] Sandstorm
|-heal|p2a: Gigalith|14/100|[from] item: Leftovers
|-damage|p1a: Gourgeist|26/100 psn|[from] psn
|upkeep
|turn|28
|-message|PULT4C1 turt forfeited.
|
|win|pult4c1 shane
|raw|PULT4C1 turt's rating: 1405 &rarr; <strong>1387</strong><br />(-18 for losing)
|raw|pult4c1 shane's rating: 1442 &rarr; <strong>1460</strong><br />(+18 for winning)
|l|☆PULT4C1 turt
|l|☆pult4c1 shane
|l| PULT4C1 Haffling
||Ladder isn't responding, score probably updated but might not have (Request timeout).
|j|☆pult4c1 shane
|player|p2|pult4c1 shane|veteran
