|html|<div class="broadcast-blue"><strong>[Gen 8] PU is currently suspecting Vanilluxe! For information on how to participate check out the <a href="https://www.smogon.com/forums/threads/np-ss-pu-stage-10-ice-cream-vanilluxe-suspect-test.3705646/">suspect thread</a>.</strong></div>
|raw|<div class="broadcast-blue"><strong>This battle is required to be public due to a player having a name starting with 'pult4c1'.</div>
|j|☆PULT4C1 ava
|j|☆PULT4C1 Inder
|t:|1660518119
|gametype|singles
|player|p1|PULT4C1 ava|picnicker|1307
|player|p2|PULT4C1 Inder|lyra|1352
|teamsize|p1|6
|teamsize|p2|6
|gen|8
|tier|[Gen 8] PU
|rated|
|rule|Sleep Clause Mod: Limit one foe put to sleep
|rule|Species Clause: Limit one of each Pokémon
|rule|OHKO Clause: OHKO moves are banned
|rule|Evasion Items Clause: Evasion items are banned
|rule|Evasion Moves Clause: Evasion moves are banned
|rule|Endless Battle Clause: Forcing endless battles is banned
|rule|HP Percentage Mod: HP is shown in percentages
|rule|Dynamax Clause: You cannot dynamax
|clearpoke
|poke|p1|Froslass, F|
|poke|p1|Archeops, F|
|poke|p1|Frosmoth, F|
|poke|p1|Doublade, F|
|poke|p1|Silvally-*|
|poke|p1|Carracosta, F|
|poke|p2|Doublade, M|
|poke|p2|Vikavolt, F|
|poke|p2|Archeops, M|
|poke|p2|Silvally-*|
|poke|p2|Turtonator, M|
|poke|p2|Druddigon, M|
|teampreview
|inactive|Battle timer is ON: inactive players will automatically lose when time's up. (requested by PULT4C1 Inder)
|
|t:|1660518123
|start
|switch|p1a: Froslass|Froslass, F|100/100
|switch|p2a: Druddigon|Druddigon, M|100/100
|-ability|p2a: Druddigon|Mold Breaker
|turn|1
|
|t:|1660518128
|move|p1a: Froslass|Taunt|p2a: Druddigon
|-start|p2a: Druddigon|move: Taunt
|move|p2a: Druddigon|Scale Shot|p1a: Froslass
|-damage|p1a: Froslass|85/100
|-damage|p1a: Froslass|69/100
|-start|p2a: Druddigon|Disable|Scale Shot|[from] ability: Cursed Body|[of] p1a: Froslass
|-hitcount|p1a: Froslass|2
|-unboost|p2a: Druddigon|def|1
|-boost|p2a: Druddigon|spe|1
|
|upkeep
|turn|2
|
|t:|1660518141
|move|p1a: Froslass|Spikes|p2a: Druddigon
|-sidestart|p2: PULT4C1 Inder|Spikes
|move|p2a: Druddigon|Earthquake|p1a: Froslass
|-damage|p1a: Froslass|26/100
|
|upkeep
|turn|3
|
|t:|1660518155
|move|p1a: Froslass|Spikes|p2a: Druddigon
|-sidestart|p2: PULT4C1 Inder|Spikes
|move|p2a: Druddigon|Earthquake|p1a: Froslass
|-damage|p1a: Froslass|0 fnt
|faint|p1a: Froslass
|
|-end|p2a: Druddigon|move: Taunt
|upkeep
|
|t:|1660518172
|switch|p1a: Carracosta|Carracosta, F|100/100
|turn|4
|
|t:|1660518178
|move|p2a: Druddigon|Taunt|p1a: Carracosta
|-start|p1a: Carracosta|move: Taunt
|cant|p1a: Carracosta|move: Taunt|Shell Smash
|
|-end|p2a: Druddigon|Disable
|upkeep
|turn|5
|
|t:|1660518181
|move|p2a: Druddigon|Stealth Rock|p1a: Carracosta
|-sidestart|p1: PULT4C1 ava|move: Stealth Rock
|move|p1a: Carracosta|Stone Edge|p2a: Druddigon
|-enditem|p2a: Druddigon|Focus Sash
|-damage|p2a: Druddigon|1/100
|-damage|p1a: Carracosta|91/100|[from] item: Life Orb
|
|upkeep
|turn|6
|
|t:|1660518185
|move|p1a: Carracosta|Aqua Jet|p2a: Druddigon
|-resisted|p2a: Druddigon
|-damage|p2a: Druddigon|0 fnt
|faint|p2a: Druddigon
|-damage|p1a: Carracosta|81/100|[from] item: Life Orb
|
|-end|p1a: Carracosta|move: Taunt
|upkeep
|
|t:|1660518187
|switch|p2a: Vikavolt|Vikavolt, F|100/100
|turn|7
|
|t:|1660518191
|move|p2a: Vikavolt|Thunderbolt|p1a: Carracosta
|-supereffective|p1a: Carracosta
|-damage|p1a: Carracosta|0 fnt
|faint|p1a: Carracosta
|
|upkeep
|
|t:|1660518193
|switch|p1a: Archeops|Archeops, F|100/100
|-damage|p1a: Archeops|76/100|[from] Stealth Rock
|turn|8
|
|t:|1660518206
|switch|p2a: Doublade|Doublade, M|100/100
|-damage|p2a: Doublade|84/100|[from] Spikes
|move|p1a: Archeops|Meteor Beam||[still]
|-prepare|p1a: Archeops|Meteor Beam
|-boost|p1a: Archeops|spa|1
|-enditem|p1a: Archeops|Power Herb
|-anim|p1a: Archeops|Meteor Beam|p2a: Doublade
|-resisted|p2a: Doublade
|-damage|p2a: Doublade|25/100
|
|upkeep
|turn|9
|
|t:|1660518211
|move|p1a: Archeops|Earth Power|p2a: Doublade
|-supereffective|p2a: Doublade
|-damage|p2a: Doublade|0 fnt
|faint|p2a: Doublade
|
|upkeep
|
|t:|1660518213
|switch|p2a: Vikavolt|Vikavolt, F|100/100
|turn|10
|
|t:|1660518223
|move|p1a: Archeops|Air Slash|p2a: Vikavolt
|-damage|p2a: Vikavolt|18/100
|move|p2a: Vikavolt|Agility|p2a: Vikavolt
|-boost|p2a: Vikavolt|spe|2
|
|upkeep
|turn|11
|
|t:|1660518251
|move|p2a: Vikavolt|Thunderbolt|p1a: Archeops
|-supereffective|p1a: Archeops
|-damage|p1a: Archeops|0 fnt
|faint|p1a: Archeops
|
|upkeep
|
|t:|1660518254
|switch|p1a: Frosmoth|Frosmoth, F|100/100
|turn|12
|
|t:|1660518258
|move|p2a: Vikavolt|Bug Buzz|p1a: Frosmoth
|-damage|p1a: Frosmoth|68/100
|-enditem|p2a: Vikavolt|Throat Spray
|-boost|p2a: Vikavolt|spa|1|[from] item: Throat Spray
|move|p1a: Frosmoth|Quiver Dance|p1a: Frosmoth
|-boost|p1a: Frosmoth|spa|1
|-boost|p1a: Frosmoth|spd|1
|-boost|p1a: Frosmoth|spe|1
|
|upkeep
|turn|13
|
|t:|1660518262
|move|p2a: Vikavolt|Thunderbolt|p1a: Frosmoth
|-damage|p1a: Frosmoth|32/100
|move|p1a: Frosmoth|Quiver Dance|p1a: Frosmoth
|-boost|p1a: Frosmoth|spa|1
|-boost|p1a: Frosmoth|spd|1
|-boost|p1a: Frosmoth|spe|1
|
|upkeep
|turn|14
|
|t:|1660518265
|move|p1a: Frosmoth|Ice Beam|p2a: Vikavolt
|-damage|p2a: Vikavolt|0 fnt
|faint|p2a: Vikavolt
|
|upkeep
|
|t:|1660518269
|switch|p2a: Turtonator|Turtonator, M|100/100
|turn|15
|
|t:|1660518272
|move|p1a: Frosmoth|Ice Beam|p2a: Turtonator
|-damage|p2a: Turtonator|0 fnt
|faint|p2a: Turtonator
|
|upkeep
|-message|PULT4C1 Inder forfeited.
|
|win|PULT4C1 ava
|raw|PULT4C1 ava's rating: 1307 &rarr; <strong>1330</strong><br />(+23 for winning)
|raw|PULT4C1 Inder's rating: 1352 &rarr; <strong>1329</strong><br />(-23 for losing)
|l|☆PULT4C1 Inder
|j|☆PULT4C1 Inder
|player|p2|PULT4C1 Inder|lyra
