|raw|<div class="broadcast-blue"><strong>This battle is required to be public due to a player having a name starting with 'pult72b'.</div>
|j|☆Yati426
|j|☆PULT72B hjkhj
|t:|1627655906
|gametype|singles
|player|p1|Yati426|falkner|1418
|player|p2|PULT72B hjkhj|infielder|1595
|teamsize|p1|6
|teamsize|p2|6
|gen|8
|tier|[Gen 8] PU
|rated|
|rule|Sleep Clause Mod: Limit one foe put to sleep
|rule|Species Clause: Limit one of each Pokémon
|rule|OHKO Clause: OHKO moves are banned
|rule|Evasion Moves Clause: Evasion moves are banned
|rule|Endless Battle Clause: Forcing endless battles is banned
|rule|HP Percentage Mod: HP is shown in percentages
|rule|Dynamax Clause: You cannot dynamax
|clearpoke
|poke|p1|Audino, F|
|poke|p1|Pyukumuku, F|
|poke|p1|Regice|
|poke|p1|Runerigus, M|
|poke|p1|Sandslash-Alola, F|
|poke|p1|Weezing, F|
|poke|p2|Weezing, F|
|poke|p2|Quagsire, M|
|poke|p2|Articuno|
|poke|p2|Miltank, F|
|poke|p2|Tsareena, F|
|poke|p2|Duosion, M|
|teampreview
|inactive|Battle timer is ON: inactive players will automatically lose when time's up. (requested by PULT72B hjkhj)
|j| its me agent 025
|
|t:|1627655921
|start
|switch|p1a: Regice|Regice|100/100
|switch|p2a: Weezing|Weezing, F|100/100
|-ability|p2a: Weezing|Neutralizing Gas
|turn|1
|
|t:|1627655926
|-end|p2a: Weezing|ability: Neutralizing Gas
|switch|p2a: Miltank|Miltank, F|100/100
|switch|p1a: Runerigus|Runerigus, M|100/100
|
|upkeep
|turn|2
|
|t:|1627655932
|move|p2a: Miltank|Toxic|p1a: Runerigus
|-status|p1a: Runerigus|tox
|move|p1a: Runerigus|Will-O-Wisp|p2a: Miltank
|-status|p2a: Miltank|brn
|
|-damage|p1a: Runerigus|94/100 tox|[from] psn
|-damage|p2a: Miltank|94/100 brn|[from] brn
|upkeep
|turn|3
|
|t:|1627655936
|switch|p1a: Sandslash|Sandslash-Alola, F|100/100
|move|p2a: Miltank|Stealth Rock|p1a: Sandslash
|-sidestart|p1: Yati426|move: Stealth Rock
|
|-damage|p2a: Miltank|88/100 brn|[from] brn
|upkeep
|turn|4
|
|t:|1627655939
|move|p2a: Miltank|Seismic Toss|p1a: Sandslash
|-damage|p1a: Sandslash|72/100
|move|p1a: Sandslash|Rapid Spin|p2a: Miltank
|-damage|p2a: Miltank|78/100 brn
|-boost|p1a: Sandslash|spe|1
|-sideend|p1: Yati426|Stealth Rock|[from] move: Rapid Spin|[of] p1a: Sandslash
|
|-damage|p2a: Miltank|72/100 brn|[from] brn
|upkeep
|turn|5
|
|t:|1627655943
|move|p1a: Sandslash|Knock Off|p2a: Miltank
|-damage|p2a: Miltank|54/100 brn
|-enditem|p2a: Miltank|Heavy-Duty Boots|[from] move: Knock Off|[of] p1a: Sandslash
|move|p2a: Miltank|Milk Drink|p2a: Miltank
|-heal|p2a: Miltank|100/100 brn
|
|-damage|p2a: Miltank|94/100 brn|[from] brn
|upkeep
|turn|6
|
|t:|1627655950
|move|p1a: Sandslash|Knock Off|p2a: Miltank
|-damage|p2a: Miltank|81/100 brn
|move|p2a: Miltank|Stealth Rock|p1a: Sandslash
|-sidestart|p1: Yati426|move: Stealth Rock
|
|-damage|p2a: Miltank|75/100 brn|[from] brn
|upkeep
|turn|7
|
|t:|1627655953
|move|p1a: Sandslash|Rapid Spin|p2a: Miltank
|-damage|p2a: Miltank|66/100 brn
|-boost|p1a: Sandslash|spe|1
|-sideend|p1: Yati426|Stealth Rock|[from] move: Rapid Spin|[of] p1a: Sandslash
|move|p2a: Miltank|Seismic Toss|p1a: Sandslash
|-damage|p1a: Sandslash|44/100
|
|-damage|p2a: Miltank|60/100 brn|[from] brn
|upkeep
|turn|8
|
|t:|1627655957
|move|p1a: Sandslash|Rest|p1a: Sandslash
|-status|p1a: Sandslash|slp|[from] move: Rest
|-heal|p1a: Sandslash|100/100 slp|[silent]
|move|p2a: Miltank|Milk Drink|p2a: Miltank
|-heal|p2a: Miltank|100/100 brn
|
|-damage|p2a: Miltank|94/100 brn|[from] brn
|upkeep
|turn|9
|
|t:|1627655960
|cant|p1a: Sandslash|slp
|move|p2a: Miltank|Stealth Rock|p1a: Sandslash
|-sidestart|p1: Yati426|move: Stealth Rock
|
|-damage|p2a: Miltank|88/100 brn|[from] brn
|upkeep
|turn|10
|
|t:|1627655962
|cant|p1a: Sandslash|slp
|move|p2a: Miltank|Seismic Toss|p1a: Sandslash
|-damage|p1a: Sandslash|72/100 slp
|
|-damage|p2a: Miltank|82/100 brn|[from] brn
|upkeep
|turn|11
|
|t:|1627655964
|-curestatus|p1a: Sandslash|slp|[msg]
|move|p1a: Sandslash|Rapid Spin|p2a: Miltank
|-damage|p2a: Miltank|73/100 brn
|-boost|p1a: Sandslash|spe|1
|-sideend|p1: Yati426|Stealth Rock|[from] move: Rapid Spin|[of] p1a: Sandslash
|move|p2a: Miltank|Seismic Toss|p1a: Sandslash
|-damage|p1a: Sandslash|44/100
|
|-damage|p2a: Miltank|67/100 brn|[from] brn
|upkeep
|turn|12
|
|t:|1627655967
|move|p1a: Sandslash|Rest|p1a: Sandslash
|-status|p1a: Sandslash|slp|[from] move: Rest
|-heal|p1a: Sandslash|100/100 slp|[silent]
|move|p2a: Miltank|Stealth Rock|p1a: Sandslash
|-sidestart|p1: Yati426|move: Stealth Rock
|
|-damage|p2a: Miltank|61/100 brn|[from] brn
|upkeep
|turn|13
|
|t:|1627655969
|cant|p1a: Sandslash|slp
|move|p2a: Miltank|Milk Drink|p2a: Miltank
|-heal|p2a: Miltank|100/100 brn
|
|-damage|p2a: Miltank|94/100 brn|[from] brn
|upkeep
|turn|14
|
|t:|1627655971
|cant|p1a: Sandslash|slp
|move|p2a: Miltank|Seismic Toss|p1a: Sandslash
|-damage|p1a: Sandslash|72/100 slp
|
|-damage|p2a: Miltank|88/100 brn|[from] brn
|upkeep
|turn|15
|
|t:|1627655973
|-curestatus|p1a: Sandslash|slp|[msg]
|move|p1a: Sandslash|Rapid Spin|p2a: Miltank
|-damage|p2a: Miltank|78/100 brn
|-boost|p1a: Sandslash|spe|1
|-sideend|p1: Yati426|Stealth Rock|[from] move: Rapid Spin|[of] p1a: Sandslash
|move|p2a: Miltank|Seismic Toss|p1a: Sandslash
|-damage|p1a: Sandslash|44/100
|
|-damage|p2a: Miltank|72/100 brn|[from] brn
|upkeep
|turn|16
|
|t:|1627655976
|move|p1a: Sandslash|Rest|p1a: Sandslash
|-status|p1a: Sandslash|slp|[from] move: Rest
|-heal|p1a: Sandslash|100/100 slp|[silent]
|move|p2a: Miltank|Seismic Toss|p1a: Sandslash
|-damage|p1a: Sandslash|72/100 slp
|
|-damage|p2a: Miltank|66/100 brn|[from] brn
|upkeep
|turn|17
|
|t:|1627655979
|cant|p1a: Sandslash|slp
|move|p2a: Miltank|Seismic Toss|p1a: Sandslash
|-damage|p1a: Sandslash|44/100 slp
|
|-damage|p2a: Miltank|60/100 brn|[from] brn
|upkeep
|turn|18
|
|t:|1627655981
|cant|p1a: Sandslash|slp
|move|p2a: Miltank|Stealth Rock|p1a: Sandslash
|-sidestart|p1: Yati426|move: Stealth Rock
|
|-damage|p2a: Miltank|53/100 brn|[from] brn
|upkeep
|turn|19
|
|t:|1627655984
|-curestatus|p1a: Sandslash|slp|[msg]
|move|p1a: Sandslash|Rapid Spin|p2a: Miltank
|-damage|p2a: Miltank|44/100 brn
|-boost|p1a: Sandslash|spe|1
|-sideend|p1: Yati426|Stealth Rock|[from] move: Rapid Spin|[of] p1a: Sandslash
|move|p2a: Miltank|Milk Drink|p2a: Miltank
|-heal|p2a: Miltank|94/100 brn
|
|-damage|p2a: Miltank|88/100 brn|[from] brn
|upkeep
|turn|20
|
|t:|1627655986
|move|p1a: Sandslash|Rest|p1a: Sandslash
|-status|p1a: Sandslash|slp|[from] move: Rest
|-heal|p1a: Sandslash|100/100 slp|[silent]
|move|p2a: Miltank|Stealth Rock|p1a: Sandslash
|-sidestart|p1: Yati426|move: Stealth Rock
|
|-damage|p2a: Miltank|82/100 brn|[from] brn
|upkeep
|turn|21
|
|t:|1627655993
|switch|p2a: Tsareena|Tsareena, F|100/100
|cant|p1a: Sandslash|slp
|
|upkeep
|turn|22
|
|t:|1627655996
|switch|p1a: Weezing|Weezing, F|100/100
|-ability|p1a: Weezing|Neutralizing Gas
|move|p2a: Tsareena|Knock Off|p1a: Weezing
|-damage|p1a: Weezing|84/100
|-enditem|p1a: Weezing|Heavy-Duty Boots|[from] move: Knock Off|[of] p2a: Tsareena
|
|upkeep
|turn|23
|
|t:|1627656006
|switch|p2a: Duosion|Duosion, M|100/100
|move|p1a: Weezing|Will-O-Wisp|p2a: Duosion
|-status|p2a: Duosion|brn
|
|-damage|p2a: Duosion|95/100 brn|[from] brn
|upkeep
|turn|24
|
|t:|1627656012
|-end|p1a: Weezing|ability: Neutralizing Gas
|switch|p1a: Audino|Audino, F|100/100
|-damage|p1a: Audino|88/100|[from] Stealth Rock
|move|p2a: Duosion|Psychic|p1a: Audino
|-damage|p1a: Audino|63/100
|
|-heal|p1a: Audino|69/100|[from] item: Leftovers
|upkeep
|turn|25
|
|t:|1627656017
|switch|p2a: Tsareena|Tsareena, F|100/100
|move|p1a: Audino|Heal Bell|p1a: Audino
|-activate|p1a: Audino|move: Heal Bell
|-curestatus|p1: Runerigus|tox|[msg]
|-curestatus|p1: Sandslash|slp|[msg]
|
|-heal|p1a: Audino|75/100|[from] item: Leftovers
|upkeep
|turn|26
|
|t:|1627656019
|move|p1a: Audino|Protect|p1a: Audino
|-singleturn|p1a: Audino|Protect
|move|p2a: Tsareena|Knock Off|p1a: Audino
|-activate|p1a: Audino|move: Protect
|
|-heal|p1a: Audino|81/100|[from] item: Leftovers
|upkeep
|turn|27
|
|t:|1627656023
|move|p2a: Tsareena|Knock Off|p1a: Audino
|-damage|p1a: Audino|57/100
|-enditem|p1a: Audino|Leftovers|[from] move: Knock Off|[of] p2a: Tsareena
|move|p1a: Audino|Toxic|p2a: Tsareena
|-status|p2a: Tsareena|tox
|
|-damage|p2a: Tsareena|94/100 tox|[from] psn
|upkeep
|turn|28
|
|t:|1627656028
|switch|p1a: Weezing|Weezing, F|84/100
|-ability|p1a: Weezing|Neutralizing Gas
|-damage|p1a: Weezing|72/100|[from] Stealth Rock
|move|p2a: Tsareena|Aromatherapy|p2a: Tsareena
|-activate|p2a: Tsareena|move: Aromatherapy
|-curestatus|p2a: Tsareena|tox|[msg]
|-curestatus|p2: Miltank|brn|[msg]
|-curestatus|p2: Duosion|brn|[msg]
|
|upkeep
|turn|29
|
|t:|1627656032
|switch|p2a: Duosion|Duosion, M|95/100
|move|p1a: Weezing|Will-O-Wisp|p2a: Duosion
|-status|p2a: Duosion|brn
|
|-damage|p2a: Duosion|89/100 brn|[from] brn
|upkeep
|turn|30
|
|t:|1627656035
|-end|p1a: Weezing|ability: Neutralizing Gas
|switch|p1a: Audino|Audino, F|90/100
|-damage|p1a: Audino|78/100|[from] Stealth Rock
|move|p2a: Duosion|Psychic|p1a: Audino
|-damage|p1a: Audino|51/100
|
|upkeep
|turn|31
|
|t:|1627656039
|move|p1a: Audino|Wish|p1a: Audino
|move|p2a: Duosion|Infestation|p1a: Audino
|-damage|p1a: Audino|48/100
|-activate|p1a: Audino|move: Infestation|[of] p2a: Duosion
|
|-damage|p1a: Audino|35/100|[from] move: Infestation|[partiallytrapped]
|upkeep
|turn|32
|
|t:|1627656043
|move|p1a: Audino|Protect|p1a: Audino
|-singleturn|p1a: Audino|Protect
|move|p2a: Duosion|Toxic|p1a: Audino
|-activate|p1a: Audino|move: Protect
|
|-heal|p1a: Audino|85/100|[from] move: Wish|[wisher] Audino
|-damage|p1a: Audino|73/100|[from] move: Infestation|[partiallytrapped]
|upkeep
|turn|33
|
|t:|1627656048
|move|p1a: Audino|Wish|p1a: Audino
|move|p2a: Duosion|Toxic|p1a: Audino
|-status|p1a: Audino|tox
|
|-damage|p1a: Audino|67/100 tox|[from] psn
|-damage|p1a: Audino|54/100 tox|[from] move: Infestation|[partiallytrapped]
|upkeep
|turn|34
|
|t:|1627656050
|move|p1a: Audino|Heal Bell|p1a: Audino
|-activate|p1a: Audino|move: Heal Bell
|-curestatus|p1a: Audino|tox|[msg]
|move|p2a: Duosion|Psychic|p1a: Audino
|-damage|p1a: Audino|31/100
|
|-heal|p1a: Audino|81/100|[from] move: Wish|[wisher] Audino
|-damage|p1a: Audino|69/100|[from] move: Infestation|[partiallytrapped]
|upkeep
|turn|35
|
|t:|1627656053
|move|p1a: Audino|Protect|p1a: Audino
|-singleturn|p1a: Audino|Protect
|move|p2a: Duosion|Psychic|p1a: Audino
|-activate|p1a: Audino|move: Protect
|
|-end|p1a: Audino|Infestation|[partiallytrapped]
|upkeep
|turn|36
|
|t:|1627656058
|switch|p1a: Regice|Regice|100/100
|move|p2a: Duosion|Psychic|p1a: Regice
|-damage|p1a: Regice|85/100
|
|upkeep
|turn|37
|
|t:|1627656061
|move|p1a: Regice|Block|p2a: Duosion
|-activate|p2a: Duosion|trapped
|move|p2a: Duosion|Infestation|p1a: Regice
|-damage|p1a: Regice|82/100
|-activate|p1a: Regice|move: Infestation|[of] p2a: Duosion
|
|-damage|p1a: Regice|70/100|[from] move: Infestation|[partiallytrapped]
|upkeep
|turn|38
|
|t:|1627656070
|move|p1a: Regice|Ice Beam|p2a: Duosion
|-damage|p2a: Duosion|65/100 brn
|move|p2a: Duosion|Toxic|p1a: Regice
|-status|p1a: Regice|tox
|
|-damage|p1a: Regice|64/100 tox|[from] psn
|-damage|p1a: Regice|52/100 tox|[from] move: Infestation|[partiallytrapped]
|upkeep
|turn|39
|
|t:|1627656072
|move|p1a: Regice|Rest|p1a: Regice
|-status|p1a: Regice|slp|[from] move: Rest
|-heal|p1a: Regice|100/100 slp|[silent]
|move|p2a: Duosion|Recover|p2a: Duosion
|-heal|p2a: Duosion|100/100 brn
|
|-damage|p1a: Regice|88/100 slp|[from] move: Infestation|[partiallytrapped]
|upkeep
|turn|40
|
|t:|1627656075
|cant|p1a: Regice|slp
|move|p2a: Duosion|Psychic|p1a: Regice
|-damage|p1a: Regice|74/100 slp
|
|-damage|p1a: Regice|61/100 slp|[from] move: Infestation|[partiallytrapped]
|upkeep
|turn|41
|
|t:|1627656078
|cant|p1a: Regice|slp
|move|p2a: Duosion|Psychic|p1a: Regice
|-damage|p1a: Regice|45/100 slp
|
|-damage|p1a: Regice|32/100 slp|[from] move: Infestation|[partiallytrapped]
|upkeep
|turn|42
|
|t:|1627656080
|-curestatus|p1a: Regice|slp|[msg]
|move|p1a: Regice|Rest|p1a: Regice
|-status|p1a: Regice|slp|[from] move: Rest
|-heal|p1a: Regice|100/100 slp|[silent]
|move|p2a: Duosion|Infestation|p1a: Regice
|-crit|p1a: Regice
|-damage|p1a: Regice|97/100 slp
|
|-end|p1a: Regice|Infestation|[partiallytrapped]
|upkeep
|turn|43
|
|t:|1627656084
|cant|p1a: Regice|slp
|move|p2a: Duosion|Infestation|p1a: Regice
|-damage|p1a: Regice|94/100 slp
|-activate|p1a: Regice|move: Infestation|[of] p2a: Duosion
|
|-damage|p1a: Regice|82/100 slp|[from] move: Infestation|[partiallytrapped]
|upkeep
|turn|44
|
|t:|1627656086
|cant|p1a: Regice|slp
|move|p2a: Duosion|Psychic|p1a: Regice
|-damage|p1a: Regice|68/100 slp
|
|-damage|p1a: Regice|55/100 slp|[from] move: Infestation|[partiallytrapped]
|upkeep
|turn|45
|
|t:|1627656092
|-curestatus|p1a: Regice|slp|[msg]
|move|p1a: Regice|Rest|p1a: Regice
|-status|p1a: Regice|slp|[from] move: Rest
|-heal|p1a: Regice|100/100 slp|[silent]
|move|p2a: Duosion|Psychic|p1a: Regice
|-damage|p1a: Regice|85/100 slp
|
|-damage|p1a: Regice|72/100 slp|[from] move: Infestation|[partiallytrapped]
|upkeep
|turn|46
|
|t:|1627656096
|cant|p1a: Regice|slp
|move|p2a: Duosion|Psychic|p1a: Regice
|-damage|p1a: Regice|57/100 slp
|
|-damage|p1a: Regice|44/100 slp|[from] move: Infestation|[partiallytrapped]
|upkeep
|turn|47
|
|t:|1627656098
|cant|p1a: Regice|slp
|move|p2a: Duosion|Psychic|p1a: Regice
|-damage|p1a: Regice|28/100 slp
|
|-end|p1a: Regice|Infestation|[partiallytrapped]
|upkeep
|turn|48
|
|t:|1627656100
|-curestatus|p1a: Regice|slp|[msg]
|move|p1a: Regice|Rest|p1a: Regice
|-status|p1a: Regice|slp|[from] move: Rest
|-heal|p1a: Regice|100/100 slp|[silent]
|move|p2a: Duosion|Infestation|p1a: Regice
|-damage|p1a: Regice|98/100 slp
|-activate|p1a: Regice|move: Infestation|[of] p2a: Duosion
|
|-damage|p1a: Regice|86/100 slp|[from] move: Infestation|[partiallytrapped]
|upkeep
|turn|49
|
|t:|1627656103
|cant|p1a: Regice|slp
|move|p2a: Duosion|Psychic|p1a: Regice
|-damage|p1a: Regice|71/100 slp
|
|-damage|p1a: Regice|58/100 slp|[from] move: Infestation|[partiallytrapped]
|upkeep
|turn|50
|
|t:|1627656105
|cant|p1a: Regice|slp
|move|p2a: Duosion|Psychic|p1a: Regice
|-damage|p1a: Regice|43/100 slp
|
|-damage|p1a: Regice|30/100 slp|[from] move: Infestation|[partiallytrapped]
|upkeep
|turn|51
|
|t:|1627656110
|-curestatus|p1a: Regice|slp|[msg]
|move|p1a: Regice|Rest|p1a: Regice
|-status|p1a: Regice|slp|[from] move: Rest
|-heal|p1a: Regice|100/100 slp|[silent]
|move|p2a: Duosion|Infestation|p1a: Regice
|-damage|p1a: Regice|98/100 slp
|
|-damage|p1a: Regice|86/100 slp|[from] move: Infestation|[partiallytrapped]
|upkeep
|turn|52
|
|t:|1627656113
|cant|p1a: Regice|slp
|move|p2a: Duosion|Infestation|p1a: Regice
|-damage|p1a: Regice|84/100 slp
|
|-damage|p1a: Regice|71/100 slp|[from] move: Infestation|[partiallytrapped]
|upkeep
|turn|53
|
|t:|1627656115
|cant|p1a: Regice|slp
|move|p2a: Duosion|Infestation|p1a: Regice
|-damage|p1a: Regice|69/100 slp
|
|-end|p1a: Regice|Infestation|[partiallytrapped]
|upkeep
|turn|54
|
|t:|1627656118
|-curestatus|p1a: Regice|slp|[msg]
|move|p1a: Regice|Ice Beam|p2a: Duosion
|-damage|p2a: Duosion|79/100 brn
|move|p2a: Duosion|Toxic|p1a: Regice
|-status|p1a: Regice|tox
|
|-damage|p1a: Regice|63/100 tox|[from] psn
|upkeep
|turn|55
|
|t:|1627656121
|move|p1a: Regice|Ice Beam|p2a: Duosion
|-damage|p2a: Duosion|58/100 brn
|move|p2a: Duosion|Infestation|p1a: Regice
|-damage|p1a: Regice|61/100 tox
|-activate|p1a: Regice|move: Infestation|[of] p2a: Duosion
|
|-damage|p1a: Regice|49/100 tox|[from] psn
|-damage|p1a: Regice|36/100 tox|[from] move: Infestation|[partiallytrapped]
|upkeep
|turn|56
|
|t:|1627656124
|move|p1a: Regice|Rest|p1a: Regice
|-status|p1a: Regice|slp|[from] move: Rest
|-heal|p1a: Regice|100/100 slp|[silent]
|move|p2a: Duosion|Recover|p2a: Duosion
|-heal|p2a: Duosion|100/100 brn
|
|-damage|p1a: Regice|88/100 slp|[from] move: Infestation|[partiallytrapped]
|upkeep
|turn|57
|
|t:|1627656126
|cant|p1a: Regice|slp
|move|p2a: Duosion|Infestation|p1a: Regice
|-damage|p1a: Regice|86/100 slp
|
|-damage|p1a: Regice|74/100 slp|[from] move: Infestation|[partiallytrapped]
|upkeep
|turn|58
|
|t:|1627656129
|cant|p1a: Regice|slp
|move|p2a: Duosion|Toxic||[still]
|-fail|p2a: Duosion
|
|-damage|p1a: Regice|61/100 slp|[from] move: Infestation|[partiallytrapped]
|upkeep
|turn|59
|
|t:|1627656133
|-curestatus|p1a: Regice|slp|[msg]
|move|p1a: Regice|Ice Beam|p2a: Duosion
|-damage|p2a: Duosion|80/100 brn
|move|p2a: Duosion|Infestation|p1a: Regice
|-damage|p1a: Regice|59/100
|
|-end|p1a: Regice|Infestation|[partiallytrapped]
|upkeep
|turn|60
|
|t:|1627656137
|move|p1a: Regice|Ice Beam|p2a: Duosion
|-damage|p2a: Duosion|58/100 brn
|move|p2a: Duosion|Infestation|p1a: Regice
|-damage|p1a: Regice|56/100
|-activate|p1a: Regice|move: Infestation|[of] p2a: Duosion
|
|-damage|p1a: Regice|44/100|[from] move: Infestation|[partiallytrapped]
|upkeep
|turn|61
|
|t:|1627656142
|move|p1a: Regice|Toxic||[still]
|-fail|p1a: Regice
|move|p2a: Duosion|Psychic|p1a: Regice
|-damage|p1a: Regice|28/100
|
|-damage|p1a: Regice|16/100|[from] move: Infestation|[partiallytrapped]
|upkeep
|turn|62
|
|t:|1627656144
|move|p1a: Regice|Rest|p1a: Regice
|-status|p1a: Regice|slp|[from] move: Rest
|-heal|p1a: Regice|100/100 slp|[silent]
|move|p2a: Duosion|Recover|p2a: Duosion
|-heal|p2a: Duosion|100/100 brn
|
|-damage|p1a: Regice|88/100 slp|[from] move: Infestation|[partiallytrapped]
|upkeep
|turn|63
|
|t:|1627656147
|cant|p1a: Regice|slp
|move|p2a: Duosion|Infestation|p1a: Regice
|-damage|p1a: Regice|86/100 slp
|
|-damage|p1a: Regice|73/100 slp|[from] move: Infestation|[partiallytrapped]
|upkeep
|turn|64
|
|t:|1627656150
|cant|p1a: Regice|slp
|move|p2a: Duosion|Infestation|p1a: Regice
|-damage|p1a: Regice|71/100 slp
|
|-end|p1a: Regice|Infestation|[partiallytrapped]
|upkeep
|turn|65
|
|t:|1627656158
|switch|p1a: Sandslash|Sandslash-Alola, F|100/100
|move|p2a: Duosion|Toxic|p1a: Sandslash
|-immune|p1a: Sandslash
|
|upkeep
|turn|66
|
|t:|1627656162
|switch|p2a: Weezing|Weezing, F|100/100
|-ability|p2a: Weezing|Neutralizing Gas
|move|p1a: Sandslash|Knock Off|p2a: Weezing
|-damage|p2a: Weezing|85/100
|-damage|p1a: Sandslash|84/100|[from] item: Rocky Helmet|[of] p2a: Weezing
|-enditem|p2a: Weezing|Rocky Helmet|[from] move: Knock Off|[of] p1a: Sandslash
|
|upkeep
|turn|67
|
|t:|1627656166
|switch|p1a: Audino|Audino, F|100/100
|-damage|p1a: Audino|88/100|[from] Stealth Rock
|move|p2a: Weezing|Will-O-Wisp|p1a: Audino
|-status|p1a: Audino|brn
|
|-damage|p1a: Audino|82/100 brn|[from] brn
|upkeep
|turn|68
|
|t:|1627656170
|move|p2a: Weezing|Sludge Bomb|p1a: Audino
|-damage|p1a: Audino|63/100 brn
|move|p1a: Audino|Wish|p1a: Audino
|
|-damage|p1a: Audino|57/100 brn|[from] brn
|upkeep
|turn|69
|
|t:|1627656173
|switch|p1a: Weezing|Weezing, F|72/100
|-ability|p1a: Weezing|Neutralizing Gas
|-damage|p1a: Weezing|60/100|[from] Stealth Rock
|move|p2a: Weezing|Toxic Spikes|p1a: Weezing
|-sidestart|p1: Yati426|move: Toxic Spikes
|
|-heal|p1a: Weezing|100/100|[from] move: Wish|[wisher] Audino
|upkeep
|turn|70
|
|t:|1627656178
|switch|p1a: Audino|Audino, F|57/100 brn
|-damage|p1a: Audino|45/100 brn|[from] Stealth Rock
|move|p2a: Weezing|Will-O-Wisp|p1a: Audino
|-fail|p1a: Audino|brn
|
|-damage|p1a: Audino|39/100 brn|[from] brn
|upkeep
|turn|71
|
|t:|1627656182
|switch|p1a: Weezing|Weezing, F|100/100
|-ability|p1a: Weezing|Neutralizing Gas
|-sideend|p1: Yati426|move: Toxic Spikes|[of] p1a: Weezing
|-damage|p1a: Weezing|88/100|[from] Stealth Rock
|move|p2a: Weezing|Sludge Bomb|p1a: Weezing
|-resisted|p1a: Weezing
|-damage|p1a: Weezing|69/100
|
|upkeep
|turn|72
|
|t:|1627656184
|switch|p1a: Audino|Audino, F|39/100 brn
|-damage|p1a: Audino|26/100 brn|[from] Stealth Rock
|move|p2a: Weezing|Toxic Spikes|p1a: Audino
|-sidestart|p1: Yati426|move: Toxic Spikes
|
|-damage|p1a: Audino|20/100 brn|[from] brn
|upkeep
|turn|73
|
|t:|1627656186
|switch|p1a: Weezing|Weezing, F|69/100
|-ability|p1a: Weezing|Neutralizing Gas
|-sideend|p1: Yati426|move: Toxic Spikes|[of] p1a: Weezing
|-damage|p1a: Weezing|56/100|[from] Stealth Rock
|move|p2a: Weezing|Sludge Bomb|p1a: Weezing
|-resisted|p1a: Weezing
|-damage|p1a: Weezing|39/100
|
|upkeep
|turn|74
|
|t:|1627656189
|move|p2a: Weezing|Toxic Spikes|p1a: Weezing
|-sidestart|p1: Yati426|move: Toxic Spikes
|move|p1a: Weezing|Corrosive Gas|p2a: Weezing
|-fail|p2a: Weezing|move: Corrosive Gas
|
|upkeep
|turn|75
|
|t:|1627656192
|move|p2a: Weezing|Will-O-Wisp|p1a: Weezing|[miss]
|-miss|p2a: Weezing|p1a: Weezing
|move|p1a: Weezing|Will-O-Wisp|p2a: Weezing
|-status|p2a: Weezing|brn
|
|-damage|p2a: Weezing|79/100 brn|[from] brn
|upkeep
|turn|76
|
|t:|1627656194
|move|p2a: Weezing|Will-O-Wisp|p1a: Weezing|[miss]
|-miss|p2a: Weezing|p1a: Weezing
|move|p1a: Weezing|Rest|p1a: Weezing
|-status|p1a: Weezing|slp|[from] move: Rest
|-heal|p1a: Weezing|100/100 slp|[silent]
|
|-damage|p2a: Weezing|73/100 brn|[from] brn
|upkeep
|turn|77
|
|t:|1627656200
|switch|p2a: Tsareena|Tsareena, F|94/100
|-end|p1a: Weezing|ability: Neutralizing Gas
|switch|p1a: Regice|Regice|71/100 slp
|
|upkeep
|turn|78
|
|t:|1627656206
|switch|p2a: Duosion|Duosion, M|100/100 brn
|switch|p1a: Weezing|Weezing, F|100/100 slp
|-ability|p1a: Weezing|Neutralizing Gas
|-damage|p1a: Weezing|88/100 slp|[from] Stealth Rock
|-sideend|p1: Yati426|move: Toxic Spikes|[of] p1a: Weezing
|
|-damage|p2a: Duosion|95/100 brn|[from] brn
|upkeep
|turn|79
|
|t:|1627656210
|-end|p1a: Weezing|ability: Neutralizing Gas
|switch|p1a: Sandslash|Sandslash-Alola, F|84/100
|move|p2a: Duosion|Infestation|p1a: Sandslash
|-resisted|p1a: Sandslash
|-damage|p1a: Sandslash|80/100
|-activate|p1a: Sandslash|move: Infestation|[of] p2a: Duosion
|
|-damage|p1a: Sandslash|68/100|[from] move: Infestation|[partiallytrapped]
|upkeep
|turn|80
|
|t:|1627656213
|switch|p2a: Weezing|Weezing, F|73/100 brn
|-ability|p2a: Weezing|Neutralizing Gas
|move|p1a: Sandslash|Knock Off|p2a: Weezing
|-damage|p2a: Weezing|63/100 brn
|
|-damage|p2a: Weezing|57/100 brn|[from] brn
|-end|p1a: Sandslash|Infestation|[partiallytrapped]|[silent]
|upkeep
|turn|81
|
|t:|1627656218
|switch|p1a: Audino|Audino, F|20/100 brn
|-damage|p1a: Audino|8/100 brn|[from] Stealth Rock
|move|p2a: Weezing|Will-O-Wisp|p1a: Audino
|-fail|p1a: Audino|brn
|
|-damage|p2a: Weezing|51/100 brn|[from] brn
|-damage|p1a: Audino|2/100 brn|[from] brn
|upkeep
|turn|82
|
|t:|1627656223
|move|p2a: Weezing|Rest|p2a: Weezing
|-status|p2a: Weezing|slp|[from] move: Rest
|-heal|p2a: Weezing|100/100 slp|[silent]
|move|p1a: Audino|Wish|p1a: Audino
|
|-damage|p1a: Audino|0 fnt|[from] brn
|faint|p1a: Audino
|upkeep
|-message|Yati426 forfeited.
|
|win|PULT72B hjkhj
|raw|Yati426's rating: 1418 &rarr; <strong>1407</strong><br />(-11 for losing)
|raw|PULT72B hjkhj's rating: 1595 &rarr; <strong>1606</strong><br />(+11 for winning)
|l|☆Yati426
|l|☆PULT72B hjkhj
||Ladder isn't responding, score probably updated but might not have (Request timeout).
