|j|☆BALOOR
|j|☆ti84silveredition
|inactive|Battle timer is ON: inactive players will automatically lose when time's up.
|t:|1665183199
|gametype|singles
|player|p1|BALOOR|#wcop2022canada|
|player|p2|ti84silveredition|1|
|teamsize|p1|6
|teamsize|p2|6
|gen|8
|tier|[Gen 8] PU
|rated|Tournament battle
|rule|Sleep Clause Mod: Limit one foe put to sleep
|rule|Species Clause: Limit one of each Pokémon
|rule|OHKO Clause: OHKO moves are banned
|rule|Evasion Items Clause: Evasion items are banned
|rule|Evasion Moves Clause: Evasion moves are banned
|rule|Endless Battle Clause: Forcing endless battles is banned
|rule|HP Percentage Mod: HP is shown in percentages
|rule|Dynamax Clause: You cannot dynamax
|clearpoke
|poke|p1|Aurorus, M|
|poke|p1|Doublade, M|
|poke|p1|Thwackey, M|
|poke|p1|Archeops, F|
|poke|p1|Qwilfish, F|
|poke|p1|Comfey, M|
|poke|p2|Gigalith, M|
|poke|p2|Quagsire, F|
|poke|p2|Scrafty, M|
|poke|p2|Weezing, M|
|poke|p2|Ferroseed, M|
|poke|p2|Ribombee, F|
|teampreview
|j|*Lady Monita ☽
|inactive|ti84silveredition also wants the timer to be on.
|inactive|BALOOR has 120 seconds left.
|
|t:|1665183255
|start
|switch|p1a: Qwilfish|Qwilfish, F|100/100
|switch|p2a: Scrafty|Scrafty, M|100/100
|-ability|p1a: Qwilfish|Intimidate|boost
|-unboost|p2a: Scrafty|atk|1
|turn|1
|j| Wesh papillon
|inactive|ti84silveredition has 120 seconds left.
|
|t:|1665183291
|move|p1a: Qwilfish|Spikes|p2a: Scrafty
|-sidestart|p2: ti84silveredition|Spikes
|move|p2a: Scrafty|Knock Off|p1a: Qwilfish
|-damage|p1a: Qwilfish|68/100
|-enditem|p1a: Qwilfish|Focus Sash|[from] move: Knock Off|[of] p2a: Scrafty
|
|upkeep
|turn|2
|j| Mega-Yoshi817
|inactive|ti84silveredition has 120 seconds left.
|
|t:|1665183302
|switch|p2a: Ferroseed|Ferroseed, M|100/100
|-damage|p2a: Ferroseed|88/100|[from] Spikes
|move|p1a: Qwilfish|Spikes|p2a: Ferroseed
|-sidestart|p2: ti84silveredition|Spikes
|
|upkeep
|turn|3
|
|t:|1665183304
|move|p1a: Qwilfish|Taunt|p2a: Ferroseed
|-start|p2a: Ferroseed|move: Taunt
|cant|p2a: Ferroseed|move: Taunt|Spikes
|
|upkeep
|turn|4
|
|t:|1665183310
|switch|p2a: Gigalith|Gigalith, M|100/100
|-damage|p2a: Gigalith|84/100|[from] Spikes
|-weather|Sandstorm|[from] ability: Sand Stream|[of] p2a: Gigalith
|move|p1a: Qwilfish|Spikes|p2a: Gigalith
|-sidestart|p2: ti84silveredition|Spikes
|
|-weather|Sandstorm|[upkeep]
|-damage|p1a: Qwilfish|62/100|[from] Sandstorm
|-heal|p2a: Gigalith|90/100|[from] item: Leftovers
|upkeep
|turn|5
|
|t:|1665183314
|move|p1a: Qwilfish|Taunt|p2a: Gigalith
|-start|p2a: Gigalith|move: Taunt
|move|p2a: Gigalith|Earthquake|p1a: Qwilfish
|-supereffective|p1a: Qwilfish
|-damage|p1a: Qwilfish|0 fnt
|faint|p1a: Qwilfish
|
|-weather|Sandstorm|[upkeep]
|-heal|p2a: Gigalith|96/100|[from] item: Leftovers
|upkeep
|
|t:|1665183320
|switch|p1a: Archeops|Archeops, F|100/100
|turn|6
|
|t:|1665183346
|move|p1a: Archeops|Stealth Rock|p2a: Gigalith
|-sidestart|p2: ti84silveredition|move: Stealth Rock
|move|p2a: Gigalith|Rock Blast|p1a: Archeops
|-supereffective|p1a: Archeops
|-damage|p1a: Archeops|61/100
|-supereffective|p1a: Archeops
|-damage|p1a: Archeops|21/100
|-supereffective|p1a: Archeops
|-damage|p1a: Archeops|0 fnt
|faint|p1a: Archeops
|-hitcount|p1: Archeops|3
|
|-weather|Sandstorm|[upkeep]
|-heal|p2a: Gigalith|100/100|[from] item: Leftovers
|upkeep
|
|t:|1665183354
|switch|p1a: Doublade|Doublade, M|100/100
|turn|7
|
|t:|1665183365
|move|p1a: Doublade|Swords Dance|p1a: Doublade
|-boost|p1a: Doublade|atk|2
|move|p2a: Gigalith|Earthquake|p1a: Doublade
|-supereffective|p1a: Doublade
|-damage|p1a: Doublade|71/100
|
|-weather|Sandstorm|[upkeep]
|-end|p2a: Gigalith|move: Taunt
|upkeep
|turn|8
|
|t:|1665183376
|switch|p2a: Quagsire|Quagsire, F|100/100
|move|p1a: Doublade|Close Combat|p2a: Quagsire
|-crit|p2a: Quagsire
|-damage|p2a: Quagsire|59/100
|-unboost|p1a: Doublade|def|1
|-unboost|p1a: Doublade|spd|1
|
|-weather|none
|upkeep
|turn|9
|inactive|ti84silveredition has 120 seconds left.
|
|t:|1665183424
|switch|p1a: Thwackey|Thwackey, M|100/100
|-fieldstart|move: Grassy Terrain|[from] ability: Grassy Surge|[of] p1a: Thwackey
|move|p2a: Quagsire|Recover|p2a: Quagsire
|-heal|p2a: Quagsire|100/100
|
|upkeep
|turn|10
|
|t:|1665183448
|switch|p2a: Weezing|Weezing, M|100/100
|-damage|p2a: Weezing|88/100|[from] Stealth Rock
|move|p1a: Thwackey|Knock Off|p2a: Weezing
|-damage|p2a: Weezing|68/100
|-enditem|p2a: Weezing|Black Sludge|[from] move: Knock Off|[of] p1a: Thwackey
|
|upkeep
|turn|11
|j| Blastfury0614
|inactive|BALOOR has 120 seconds left.
|
|t:|1665183485
|switch|p1a: Aurorus|Aurorus, M|100/100
|move|p2a: Weezing|Toxic Spikes|p1a: Aurorus
|-sidestart|p1: BALOOR|move: Toxic Spikes
|
|upkeep
|turn|12
|
|t:|1665183500
|switch|p2a: Gigalith|Gigalith, M|100/100
|-damage|p2a: Gigalith|76/100|[from] Spikes
|-damage|p2a: Gigalith|63/100|[from] Stealth Rock
|-weather|Sandstorm|[from] ability: Sand Stream|[of] p2a: Gigalith
|move|p1a: Aurorus|Rock Polish|p1a: Aurorus
|-boost|p1a: Aurorus|spe|2
|
|-weather|Sandstorm|[upkeep]
|-heal|p2a: Gigalith|69/100|[from] Grassy Terrain
|-heal|p2a: Gigalith|76/100|[from] item: Leftovers
|upkeep
|turn|13
|j| FQSM
|inactive|ti84silveredition has 120 seconds left.
|
|t:|1665183515
|move|p1a: Aurorus|Meteor Beam||[still]
|-prepare|p1a: Aurorus|Meteor Beam
|-boost|p1a: Aurorus|spa|1
|-enditem|p1a: Aurorus|Power Herb
|-anim|p1a: Aurorus|Meteor Beam|p2a: Gigalith
|-damage|p2a: Gigalith|37/100
|move|p2a: Gigalith|Stealth Rock|p1a: Aurorus
|-sidestart|p1: BALOOR|move: Stealth Rock
|
|-weather|Sandstorm|[upkeep]
|-heal|p2a: Gigalith|43/100|[from] Grassy Terrain
|-heal|p2a: Gigalith|49/100|[from] item: Leftovers
|upkeep
|turn|14
|inactive|BALOOR has 120 seconds left.
|
|t:|1665183535
|move|p2a: Gigalith|Protect|p2a: Gigalith
|-singleturn|p2a: Gigalith|Protect
|move|p1a: Aurorus|Hyper Voice|p2a: Gigalith
|-activate|p2a: Gigalith|move: Protect
|
|-weather|Sandstorm|[upkeep]
|-heal|p2a: Gigalith|55/100|[from] Grassy Terrain
|-heal|p2a: Gigalith|61/100|[from] item: Leftovers
|upkeep
|turn|15
|n| FQSM|fqsm
|inactive|ti84silveredition has 120 seconds left.
|
|t:|1665183554
|move|p1a: Aurorus|Hyper Voice|p2a: Gigalith
|-crit|p2a: Gigalith
|-damage|p2a: Gigalith|7/100
|move|p2a: Gigalith|Rock Blast|p1a: Aurorus
|-supereffective|p1a: Aurorus
|-damage|p1a: Aurorus|77/100
|-supereffective|p1a: Aurorus
|-damage|p1a: Aurorus|50/100
|-supereffective|p1a: Aurorus
|-crit|p1a: Aurorus
|-damage|p1a: Aurorus|9/100
|-hitcount|p1a: Aurorus|3
|
|-weather|Sandstorm|[upkeep]
|-heal|p1a: Aurorus|15/100|[from] Grassy Terrain
|-heal|p2a: Gigalith|14/100|[from] Grassy Terrain
|-heal|p2a: Gigalith|20/100|[from] item: Leftovers
|upkeep
|turn|16
|inactive|ti84silveredition has 120 seconds left.
|
|t:|1665183566
|move|p1a: Aurorus|Hyper Voice|p2a: Gigalith
|-damage|p2a: Gigalith|0 fnt
|faint|p2a: Gigalith
|
|-weather|none
|-heal|p1a: Aurorus|21/100|[from] Grassy Terrain
|-fieldend|move: Grassy Terrain
|upkeep
|inactive|ti84silveredition has 120 seconds left.
|
|t:|1665183573
|switch|p2a: Scrafty|Scrafty, M|100/100
|-damage|p2a: Scrafty|76/100|[from] Spikes
|-damage|p2a: Scrafty|70/100|[from] Stealth Rock
|turn|17
|j| purplaclifrfe
|
|t:|1665183579
|move|p1a: Aurorus|Hyper Voice|p2a: Scrafty
|-damage|p2a: Scrafty|20/100
|move|p2a: Scrafty|Drain Punch|p1a: Aurorus
|-supereffective|p1a: Aurorus
|-damage|p1a: Aurorus|0 fnt
|-heal|p2a: Scrafty|33/100|[from] drain|[of] p1a: Aurorus
|faint|p1a: Aurorus
|
|-heal|p2a: Scrafty|39/100|[from] item: Leftovers
|upkeep
|
|t:|1665183584
|switch|p1a: Thwackey|Thwackey, M|100/100
|-status|p1a: Thwackey|psn
|-damage|p1a: Thwackey|88/100 psn|[from] Stealth Rock
|-fieldstart|move: Grassy Terrain|[from] ability: Grassy Surge|[of] p1a: Thwackey
|turn|18
|
|t:|1665183591
|move|p1a: Thwackey|Taunt|p2a: Scrafty
|-start|p2a: Scrafty|move: Taunt
|move|p2a: Scrafty|Knock Off|p1a: Thwackey
|-damage|p1a: Thwackey|47/100 psn
|-enditem|p1a: Thwackey|Terrain Extender|[from] move: Knock Off|[of] p2a: Scrafty
|
|-heal|p1a: Thwackey|53/100 psn|[from] Grassy Terrain
|-heal|p2a: Scrafty|45/100|[from] Grassy Terrain
|-heal|p2a: Scrafty|50/100|[from] item: Leftovers
|-damage|p1a: Thwackey|41/100 psn|[from] psn
|upkeep
|turn|19
|
|t:|1665183596
|move|p1a: Thwackey|Knock Off|p2a: Scrafty
|-resisted|p2a: Scrafty
|-damage|p2a: Scrafty|44/100
|-enditem|p2a: Scrafty|Leftovers|[from] move: Knock Off|[of] p1a: Thwackey
|move|p2a: Scrafty|Drain Punch|p1a: Thwackey
|-damage|p1a: Thwackey|7/100 psn
|-heal|p2a: Scrafty|61/100|[from] drain|[of] p1a: Thwackey
|
|-heal|p1a: Thwackey|13/100 psn|[from] Grassy Terrain
|-heal|p2a: Scrafty|67/100|[from] Grassy Terrain
|-damage|p1a: Thwackey|1/100 psn|[from] psn
|upkeep
|turn|20
|
|t:|1665183602
|move|p1a: Thwackey|Knock Off|p2a: Scrafty
|-resisted|p2a: Scrafty
|-damage|p2a: Scrafty|63/100
|move|p2a: Scrafty|Drain Punch|p1a: Thwackey
|-damage|p1a: Thwackey|0 fnt
|-heal|p2a: Scrafty|63/100|[from] drain|[of] p1a: Thwackey
|faint|p1a: Thwackey
|
|-heal|p2a: Scrafty|69/100|[from] Grassy Terrain
|-end|p2a: Scrafty|move: Taunt
|upkeep
|
|t:|1665183605
|switch|p1a: Comfey|Comfey, M|100/100
|-status|p1a: Comfey|psn
|-damage|p1a: Comfey|88/100 psn|[from] Stealth Rock
|-enditem|p1a: Comfey|Grassy Seed
|-boost|p1a: Comfey|def|1|[from] item: Grassy Seed
|turn|21
|l| purplaclifrfe
|j| RoyalReloaded
|
|t:|1665183633
|switch|p2a: Weezing|Weezing, M|68/100
|-damage|p2a: Weezing|56/100|[from] Stealth Rock
|move|p1a: Comfey|Calm Mind|p1a: Comfey
|-boost|p1a: Comfey|spa|1
|-boost|p1a: Comfey|spd|1
|
|-heal|p1a: Comfey|94/100 psn|[from] Grassy Terrain
|-damage|p1a: Comfey|82/100 psn|[from] psn
|upkeep
|turn|22
|l| Mega-Yoshi817
|
|t:|1665183648
|move|p1a: Comfey|Stored Power|p2a: Weezing
|-supereffective|p2a: Weezing
|-damage|p2a: Weezing|0 fnt
|faint|p2a: Weezing
|
|-heal|p1a: Comfey|88/100 psn|[from] Grassy Terrain
|-damage|p1a: Comfey|76/100 psn|[from] psn
|upkeep
|
|t:|1665183653
|switch|p2a: Ferroseed|Ferroseed, M|88/100
|-damage|p2a: Ferroseed|63/100|[from] Spikes
|-damage|p2a: Ferroseed|57/100|[from] Stealth Rock
|turn|23
|
|t:|1665183658
|move|p1a: Comfey|Calm Mind|p1a: Comfey
|-boost|p1a: Comfey|spa|1
|-boost|p1a: Comfey|spd|1
|move|p2a: Ferroseed|Leech Seed|p1a: Comfey
|-start|p1a: Comfey|move: Leech Seed
|
|-heal|p1a: Comfey|82/100 psn|[from] Grassy Terrain
|-heal|p2a: Ferroseed|63/100|[from] Grassy Terrain
|-damage|p1a: Comfey|69/100 psn|[from] Leech Seed|[of] p2a: Ferroseed
|-heal|p2a: Ferroseed|76/100|[silent]
|-damage|p1a: Comfey|57/100 psn|[from] psn
|upkeep
|turn|24
|
|t:|1665183662
|move|p1a: Comfey|Stored Power|p2a: Ferroseed
|-resisted|p2a: Ferroseed
|-damage|p2a: Ferroseed|55/100
|move|p2a: Ferroseed|Spikes|p1a: Comfey
|-sidestart|p1: BALOOR|Spikes
|
|-heal|p1a: Comfey|63/100 psn|[from] Grassy Terrain
|-heal|p2a: Ferroseed|61/100|[from] Grassy Terrain
|-damage|p1a: Comfey|51/100 psn|[from] Leech Seed|[of] p2a: Ferroseed
|-heal|p2a: Ferroseed|74/100|[silent]
|-damage|p1a: Comfey|38/100 psn|[from] psn
|upkeep
|turn|25
|
|t:|1665183665
|move|p1a: Comfey|Stored Power|p2a: Ferroseed
|-resisted|p2a: Ferroseed
|-damage|p2a: Ferroseed|54/100
|move|p2a: Ferroseed|Spikes|p1a: Comfey
|-sidestart|p1: BALOOR|Spikes
|
|-heal|p1a: Comfey|45/100 psn|[from] Grassy Terrain
|-heal|p2a: Ferroseed|60/100|[from] Grassy Terrain
|-damage|p1a: Comfey|32/100 psn|[from] Leech Seed|[of] p2a: Ferroseed
|-heal|p2a: Ferroseed|73/100|[silent]
|-damage|p1a: Comfey|20/100 psn|[from] psn
|-fieldend|move: Grassy Terrain
|upkeep
|turn|26
|
|t:|1665183668
|move|p1a: Comfey|Stored Power|p2a: Ferroseed
|-resisted|p2a: Ferroseed
|-crit|p2a: Ferroseed
|-damage|p2a: Ferroseed|44/100
|move|p2a: Ferroseed|Spikes|p1a: Comfey
|-sidestart|p1: BALOOR|Spikes
|
|-damage|p1a: Comfey|7/100 psn|[from] Leech Seed|[of] p2a: Ferroseed
|-heal|p2a: Ferroseed|57/100|[silent]
|-damage|p1a: Comfey|0 fnt|[from] psn
|faint|p1a: Comfey
|upkeep
|
|t:|1665183671
|switch|p1a: Doublade|Doublade, M|71/100
|-damage|p1a: Doublade|64/100|[from] Stealth Rock
|-damage|p1a: Doublade|40/100|[from] Spikes
|turn|27
|
|t:|1665183674
|move|p1a: Doublade|Close Combat|p2a: Ferroseed
|-supereffective|p2a: Ferroseed
|-damage|p2a: Ferroseed|12/100
|-unboost|p1a: Doublade|def|1
|-unboost|p1a: Doublade|spd|1
|-damage|p1a: Doublade|27/100|[from] ability: Iron Barbs|[of] p2a: Ferroseed
|move|p2a: Ferroseed|Leech Seed|p1a: Doublade
|-start|p1a: Doublade|move: Leech Seed
|
|-damage|p1a: Doublade|15/100|[from] Leech Seed|[of] p2a: Ferroseed
|-heal|p2a: Ferroseed|25/100|[silent]
|upkeep
|turn|28
|
|t:|1665183678
|move|p2a: Ferroseed|Protect|p2a: Ferroseed
|-singleturn|p2a: Ferroseed|Protect
|move|p1a: Doublade|Close Combat|p2a: Ferroseed
|-activate|p2a: Ferroseed|move: Protect
|
|-damage|p1a: Doublade|2/100|[from] Leech Seed|[of] p2a: Ferroseed
|-heal|p2a: Ferroseed|39/100|[silent]
|upkeep
|turn|29
|-message|BALOOR forfeited.
|
|win|ti84silveredition
|n|☆BALOOR|baloor
|n|☆ti84silveredition|ti84silveredition
|n|*Lady Monita ☽|ladymonita
|n| Wesh papillon|weshpapillon
|n| Blastfury0614|blastfury0614
|n| FQSM|fqsm
|n| RoyalReloaded|royalreloaded
|l|*Lady Monita ☽
|l|☆BALOOR
|l| Blastfury0614
|l| FQSM
|l|☆ti84silveredition
|l| Wesh papillon
|l| RoyalReloaded
