|j|☆Uberfiend
|j|☆Ruzoc
|t:|1608753689
|player|p1|Uberfiend|youngcouple-gen4dp|1440
|player|p2|Ruzoc|gambler|1308
|teamsize|p1|6
|teamsize|p2|6
|gametype|singles
|gen|8
|tier|[Gen 8] PU
|rated|
|clearpoke
|poke|p1|Hitmontop, M|
|poke|p1|Braviary, M|
|poke|p1|Vileplume, M|
|poke|p1|Silvally-*|
|poke|p1|Exploud, M|
|poke|p1|Gourgeist-*, F|
|poke|p2|Stunfisk-Galar, M|
|poke|p2|Indeedee-F, F|
|poke|p2|Arctovish|
|poke|p2|Flapple, M|
|poke|p2|Sandaconda, F|
|poke|p2|Morpeko, M|
|rule|Sleep Clause Mod: Limit one foe put to sleep
|rule|Species Clause: Limit one of each Pokémon
|rule|OHKO Clause: OHKO moves are banned
|rule|Evasion Moves Clause: Evasion moves are banned
|rule|Endless Battle Clause: Forcing endless battles is banned
|rule|HP Percentage Mod: HP is shown in percentages
|rule|Dynamax Clause: You cannot dynamax
|teampreview
|
|t:|1608753698
|start
|switch|p1a: BirdMan|Braviary, M, shiny|100/100
|switch|p2a: Indeedee|Indeedee-F, F|100/100
|-fieldstart|move: Psychic Terrain|[from] ability: Psychic Surge|[of] p2a: Indeedee
|turn|1
|
|t:|1608753701
|move|p2a: Indeedee|Expanding Force|p1a: BirdMan
|-damage|p1a: BirdMan|23/100
|move|p1a: BirdMan|Brave Bird|p2a: Indeedee
|-damage|p2a: Indeedee|0 fnt
|-damage|p1a: BirdMan|0 fnt|[from] Recoil
|faint|p2a: Indeedee
|faint|p1a: BirdMan
|
|upkeep
|
|t:|1608753718
|switch|p2a: Flapple|Flapple, M|100/100
|switch|p1a: Bad touch 👿|Vileplume, M, shiny|100/100
|turn|2
|
|t:|1608753721
|move|p2a: Flapple|Dragon Dance|p2a: Flapple
|-boost|p2a: Flapple|atk|1
|-boost|p2a: Flapple|spe|1
|move|p1a: Bad touch 👿|Sludge Bomb|p2a: Flapple
|-supereffective|p2a: Flapple
|-damage|p2a: Flapple|0 fnt
|faint|p2a: Flapple
|
|upkeep
|
|t:|1608753724
|switch|p2a: Arctovish|Arctovish|100/100
|turn|3
|
|t:|1608753728
|move|p2a: Arctovish|Hail|p2a: Arctovish
|-weather|Hail
|move|p1a: Bad touch 👿|Strength Sap|p2a: Arctovish
|-unboost|p2a: Arctovish|atk|1
|
|-weather|Hail|[upkeep]
|-damage|p1a: Bad touch 👿|94/100|[from] Hail
|-heal|p1a: Bad touch 👿|100/100|[from] item: Black Sludge
|upkeep
|turn|4
|inactive|Battle timer is ON: inactive players will automatically lose when time's up. (requested by Ruzoc)
|
|t:|1608753732
|move|p2a: Arctovish|Icicle Crash|p1a: Bad touch 👿
|-supereffective|p1a: Bad touch 👿
|-damage|p1a: Bad touch 👿|53/100
|move|p1a: Bad touch 👿|Strength Sap|p2a: Arctovish
|-unboost|p2a: Arctovish|atk|1
|-heal|p1a: Bad touch 👿|99/100
|
|-weather|Hail|[upkeep]
|-damage|p1a: Bad touch 👿|93/100|[from] Hail
|-heal|p1a: Bad touch 👿|99/100|[from] item: Black Sludge
|upkeep
|turn|5
|
|t:|1608753736
|switch|p2a: Morpeko|Morpeko, M|100/100
|move|p1a: Bad touch 👿|Sleep Powder|p2a: Morpeko
|-status|p2a: Morpeko|slp|[from] move: Sleep Powder
|
|-weather|Hail|[upkeep]
|-damage|p2a: Morpeko|94/100 slp|[from] Hail
|-damage|p1a: Bad touch 👿|93/100|[from] Hail
|-heal|p1a: Bad touch 👿|99/100|[from] item: Black Sludge
|-fieldend|move: Psychic Terrain
|-formechange|p2a: Morpeko|Morpeko-Hangry||[from] ability: Hunger Switch
|upkeep
|turn|6
|
|t:|1608753739
|cant|p2a: Morpeko|slp
|move|p1a: Bad touch 👿|Strength Sap|p2a: Morpeko
|-unboost|p2a: Morpeko|atk|1
|-heal|p1a: Bad touch 👿|100/100
|
|-weather|Hail|[upkeep]
|-damage|p2a: Morpeko|88/100 slp|[from] Hail
|-damage|p1a: Bad touch 👿|94/100|[from] Hail
|-heal|p1a: Bad touch 👿|100/100|[from] item: Black Sludge
|-formechange|p2a: Morpeko|Morpeko||[from] ability: Hunger Switch
|upkeep
|turn|7
|
|t:|1608753742
|cant|p2a: Morpeko|slp
|move|p1a: Bad touch 👿|Giga Drain|p2a: Morpeko
|-damage|p2a: Morpeko|13/100 slp
|
|-weather|none
|-formechange|p2a: Morpeko|Morpeko-Hangry||[from] ability: Hunger Switch
|upkeep
|turn|8
|
|t:|1608753745
|cant|p2a: Morpeko|slp
|move|p1a: Bad touch 👿|Strength Sap|p2a: Morpeko
|-unboost|p2a: Morpeko|atk|1
|
|-formechange|p2a: Morpeko|Morpeko||[from] ability: Hunger Switch
|upkeep
|turn|9
|
|t:|1608753747
|-curestatus|p2a: Morpeko|slp|[msg]
|move|p2a: Morpeko|Taunt|p1a: Bad touch 👿
|-start|p1a: Bad touch 👿|move: Taunt
|cant|p1a: Bad touch 👿|move: Taunt|Sleep Powder
|
|-formechange|p2a: Morpeko|Morpeko-Hangry||[from] ability: Hunger Switch
|upkeep
|turn|10
|
|t:|1608753753
|move|p2a: Morpeko|Parting Shot|p1a: Bad touch 👿
|-unboost|p1a: Bad touch 👿|atk|1
|-unboost|p1a: Bad touch 👿|spa|1
|
|t:|1608753754
|switch|p2a: Arctovish|Arctovish|100/100|[from]move: Parting Shot
|move|p1a: Bad touch 👿|Sludge Bomb|p2a: Arctovish
|-damage|p2a: Arctovish|70/100
|-status|p2a: Arctovish|psn
|
|-damage|p2a: Arctovish|58/100 psn|[from] psn
|upkeep
|turn|11
|
|t:|1608753762
|switch|p1a: Silvally–Flying|Silvally-Steel, shiny|100/100
|move|p2a: Arctovish|Icicle Crash|p1a: Silvally–Flying
|-resisted|p1a: Silvally–Flying
|-damage|p1a: Silvally–Flying|83/100
|
|-damage|p2a: Arctovish|45/100 psn|[from] psn
|upkeep
|turn|12
|
|t:|1608753767
|switch|p2a: Stunfisk|Stunfisk-Galar, M|100/100
|move|p1a: Silvally–Flying|Flame Charge|p2a: Stunfisk
|-supereffective|p2a: Stunfisk
|-damage|p2a: Stunfisk|82/100
|-boost|p1a: Silvally–Flying|spe|1
|
|-heal|p2a: Stunfisk|88/100|[from] item: Leftovers
|upkeep
|turn|13
|
|t:|1608753770
|move|p1a: Silvally–Flying|Swords Dance|p1a: Silvally–Flying
|-boost|p1a: Silvally–Flying|atk|2
|move|p2a: Stunfisk|Stealth Rock|p1a: Silvally–Flying
|-sidestart|p1: Uberfiend|move: Stealth Rock
|
|-heal|p2a: Stunfisk|94/100|[from] item: Leftovers
|upkeep
|turn|14
|
|t:|1608753775
|move|p1a: Silvally–Flying|Multi-Attack|p2a: Stunfisk
|-resisted|p2a: Stunfisk
|-damage|p2a: Stunfisk|60/100
|move|p2a: Stunfisk|Yawn|p1a: Silvally–Flying
|-start|p1a: Silvally–Flying|move: Yawn|[of] p2a: Stunfisk
|
|-heal|p2a: Stunfisk|66/100|[from] item: Leftovers
|upkeep
|turn|15
|
|t:|1608753780
|switch|p1a: Tatsumaki 💨|Hitmontop, M|100/100
|-damage|p1a: Tatsumaki 💨|95/100|[from] Stealth Rock
|move|p2a: Stunfisk|Yawn|p1a: Tatsumaki 💨
|-start|p1a: Tatsumaki 💨|move: Yawn|[of] p2a: Stunfisk
|
|-heal|p2a: Stunfisk|72/100|[from] item: Leftovers
|upkeep
|turn|16
|
|t:|1608753782
|move|p1a: Tatsumaki 💨|Rapid Spin|p2a: Stunfisk
|-resisted|p2a: Stunfisk
|-damage|p2a: Stunfisk|67/100
|-boost|p1a: Tatsumaki 💨|spe|1
|-sideend|p1: Uberfiend|Stealth Rock|[from] move: Rapid Spin|[of] p1a: Tatsumaki 💨
|move|p2a: Stunfisk|Yawn||[still]
|-fail|p2a: Stunfisk
|
|-heal|p2a: Stunfisk|73/100|[from] item: Leftovers
|-end|p1a: Tatsumaki 💨|move: Yawn|[silent]
|-status|p1a: Tatsumaki 💨|slp
|upkeep
|turn|17
|
|t:|1608753788
|cant|p1a: Tatsumaki 💨|slp
|move|p2a: Stunfisk|Stealth Rock|p1a: Tatsumaki 💨
|-sidestart|p1: Uberfiend|move: Stealth Rock
|
|-heal|p2a: Stunfisk|80/100|[from] item: Leftovers
|upkeep
|turn|18
|
|t:|1608753791
|switch|p2a: Sandaconda|Sandaconda, F|100/100
|cant|p1a: Tatsumaki 💨|slp
|
|upkeep
|turn|19
|
|t:|1608753793
|cant|p1a: Tatsumaki 💨|slp
|move|p2a: Sandaconda|Coil|p2a: Sandaconda
|-boost|p2a: Sandaconda|atk|1
|-boost|p2a: Sandaconda|def|1
|-boost|p2a: Sandaconda|accuracy|1
|
|upkeep
|turn|20
|
|t:|1608753799
|-curestatus|p1a: Tatsumaki 💨|slp|[msg]
|move|p1a: Tatsumaki 💨|Triple Axel|p2a: Sandaconda
|-supereffective|p2a: Sandaconda
|-damage|p2a: Sandaconda|91/100
|-supereffective|p2a: Sandaconda
|-damage|p2a: Sandaconda|75/100
|-supereffective|p2a: Sandaconda
|-damage|p2a: Sandaconda|50/100
|-hitcount|p2a: Sandaconda|3
|move|p2a: Sandaconda|Coil|p2a: Sandaconda
|-boost|p2a: Sandaconda|atk|1
|-boost|p2a: Sandaconda|def|1
|-boost|p2a: Sandaconda|accuracy|1
|
|-heal|p2a: Sandaconda|56/100|[from] item: Leftovers
|upkeep
|turn|21
|
|t:|1608753802
|move|p1a: Tatsumaki 💨|Triple Axel|p2a: Sandaconda
|-supereffective|p2a: Sandaconda
|-damage|p2a: Sandaconda|50/100
|-supereffective|p2a: Sandaconda
|-damage|p2a: Sandaconda|37/100
|-supereffective|p2a: Sandaconda
|-damage|p2a: Sandaconda|19/100
|-hitcount|p2a: Sandaconda|3
|move|p2a: Sandaconda|Earthquake|p1a: Tatsumaki 💨
|-crit|p1a: Tatsumaki 💨
|-damage|p1a: Tatsumaki 💨|0 fnt
|faint|p1a: Tatsumaki 💨
|
|-heal|p2a: Sandaconda|25/100|[from] item: Leftovers
|upkeep
|
|t:|1608753808
|switch|p1a: WeenHollow🔪|Gourgeist-Small, F|100/100
|-damage|p1a: WeenHollow🔪|88/100|[from] Stealth Rock
|-item|p2a: Sandaconda|Leftovers|[from] ability: Frisk|[of] p1a: WeenHollow🔪|[identify]
|turn|22
|
|t:|1608753810
|move|p1a: WeenHollow🔪|Power Whip|p2a: Sandaconda
|-supereffective|p2a: Sandaconda
|-damage|p2a: Sandaconda|0 fnt
|faint|p2a: Sandaconda
|
|upkeep
|
|t:|1608753814
|switch|p2a: Stunfisk|Stunfisk-Galar, M|80/100
|turn|23
|
|t:|1608753820
|move|p1a: WeenHollow🔪|Power Whip|p2a: Stunfisk
|-damage|p2a: Stunfisk|50/100
|move|p2a: Stunfisk|Yawn|p1a: WeenHollow🔪
|-start|p1a: WeenHollow🔪|move: Yawn|[of] p2a: Stunfisk
|
|-heal|p2a: Stunfisk|57/100|[from] item: Leftovers
|upkeep
|turn|24
|
|t:|1608753827
|switch|p1a: Gape!!!! Tunnel'|Exploud, M|100/100
|-damage|p1a: Gape!!!! Tunnel'|88/100|[from] Stealth Rock
|move|p2a: Stunfisk|Yawn|p1a: Gape!!!! Tunnel'
|-start|p1a: Gape!!!! Tunnel'|move: Yawn|[of] p2a: Stunfisk
|
|-heal|p2a: Stunfisk|63/100|[from] item: Leftovers
|upkeep
|turn|25
|
|t:|1608753834
|move|p1a: Gape!!!! Tunnel'|Overheat|p2a: Stunfisk
|-supereffective|p2a: Stunfisk
|-damage|p2a: Stunfisk|0 fnt
|-unboost|p1a: Gape!!!! Tunnel'|spa|2
|faint|p2a: Stunfisk
|
|-end|p1a: Gape!!!! Tunnel'|move: Yawn|[silent]
|-status|p1a: Gape!!!! Tunnel'|slp
|upkeep
|
|t:|1608753837
|switch|p2a: Arctovish|Arctovish|45/100 psn
|turn|26
|
|t:|1608753841
|switch|p1a: Silvally–Flying|Silvally-Steel, shiny|83/100
|-damage|p1a: Silvally–Flying|77/100|[from] Stealth Rock
|move|p2a: Arctovish|Hail|p2a: Arctovish
|-weather|Hail
|
|-weather|Hail|[upkeep]
|-damage|p1a: Silvally–Flying|71/100|[from] Hail
|-damage|p2a: Arctovish|33/100 psn|[from] psn
|upkeep
|turn|27
|
|t:|1608753848
|switch|p1a: Gape!!!! Tunnel'|Exploud, M|88/100 slp
|-damage|p1a: Gape!!!! Tunnel'|76/100 slp|[from] Stealth Rock
|move|p2a: Arctovish|Fishious Rend|p1a: Gape!!!! Tunnel'
|-damage|p1a: Gape!!!! Tunnel'|5/100 slp
|
|-weather|Hail|[upkeep]
|-damage|p1a: Gape!!!! Tunnel'|0 fnt|[from] Hail
|faint|p1a: Gape!!!! Tunnel'
|-damage|p2a: Arctovish|20/100 psn|[from] psn
|upkeep
|
|t:|1608753862
|switch|p1a: WeenHollow🔪|Gourgeist-Small, F|88/100
|-damage|p1a: WeenHollow🔪|76/100|[from] Stealth Rock
|-item|p2a: Arctovish|Weakness Policy|[from] ability: Frisk|[of] p1a: WeenHollow🔪|[identify]
|turn|28
|
|t:|1608753867
|move|p1a: WeenHollow🔪|Poltergeist|p2a: Arctovish
|-activate|p2a: Arctovish|move: Poltergeist|Weakness Policy
|-damage|p2a: Arctovish|0 fnt
|faint|p2a: Arctovish
|
|-weather|Hail|[upkeep]
|-damage|p1a: WeenHollow🔪|70/100|[from] Hail
|upkeep
|
|t:|1608753870
|switch|p2a: Morpeko|Morpeko, M|13/100
|turn|29
|
|t:|1608753873
|move|p2a: Morpeko|Fake Out|p1a: WeenHollow🔪
|-immune|p1a: WeenHollow🔪
|move|p1a: WeenHollow🔪|Poltergeist|p2a: Morpeko
|-activate|p2a: Morpeko|move: Poltergeist|Focus Sash
|-resisted|p2a: Morpeko
|-damage|p2a: Morpeko|0 fnt
|faint|p2a: Morpeko
|
|win|Uberfiend
|c|☆Uberfiend|Gg
|l|☆Ruzoc
||Ladder (probably) updated, but score could not be retrieved (Request timeout).
