|j|☆Sanesa8724
|j|☆GammaGoGamma
|inactive|Battle timer is ON: inactive players will automatically lose when time's up.
|t:|1666430870
|gametype|singles
|player|p1|Sanesa8724|2|
|player|p2|GammaGoGamma|burglar|
|teamsize|p1|6
|teamsize|p2|6
|gen|8
|tier|[Gen 8] PU
|rated|Tournament battle
|rule|Sleep Clause Mod: Limit one foe put to sleep
|rule|Species Clause: Limit one of each Pokémon
|rule|OHKO Clause: OHKO moves are banned
|rule|Evasion Items Clause: Evasion items are banned
|rule|Evasion Moves Clause: Evasion moves are banned
|rule|Endless Battle Clause: Forcing endless battles is banned
|rule|HP Percentage Mod: HP is shown in percentages
|rule|Dynamax Clause: You cannot dynamax
|clearpoke
|poke|p1|Cinccino, F|
|poke|p1|Galvantula, M|
|poke|p1|Comfey, M|
|poke|p1|Absol, M|
|poke|p1|Doublade, F|
|poke|p1|Hitmonlee, M|
|poke|p2|Frosmoth, F|
|poke|p2|Charizard, M|
|poke|p2|Sandaconda, M|
|poke|p2|Lycanroc, F|
|poke|p2|Whimsicott, M|
|poke|p2|Wishiwashi, M|
|teampreview
|j|*Lady Monita ☽
|inactive|Sanesa8724 also wants the timer to be on.
|
|t:|1666430886
|start
|switch|p1a: Galvantula|Galvantula, M|100/100
|switch|p2a: Sandaconda|Sandaconda, M|100/100
|turn|1
|j| Bin2409
|
|t:|1666430915
|move|p1a: Galvantula|Sticky Web|p2a: Sandaconda
|-sidestart|p2: GammaGoGamma|move: Sticky Web
|move|p2a: Sandaconda|Earthquake|p1a: Galvantula
|-damage|p1a: Galvantula|35/100
|
|upkeep
|turn|2
|
|t:|1666430922
|move|p1a: Galvantula|Bug Buzz|p2a: Sandaconda
|-damage|p2a: Sandaconda|47/100
|move|p2a: Sandaconda|Earthquake|p1a: Galvantula
|-damage|p1a: Galvantula|0 fnt
|faint|p1a: Galvantula
|
|upkeep
|inactive|Sanesa8724 has 120 seconds left.
|
|t:|1666430955
|switch|p1a: Hitmonlee|Hitmonlee, M|100/100
|turn|3
|
|t:|1666430961
|move|p1a: Hitmonlee|Curse|p1a: Hitmonlee
|-unboost|p1a: Hitmonlee|spe|1
|-boost|p1a: Hitmonlee|atk|1
|-boost|p1a: Hitmonlee|def|1
|-enditem|p1a: Hitmonlee|White Herb
|-clearnegativeboost|p1a: Hitmonlee|[silent]
|move|p2a: Sandaconda|Earthquake|p1a: Hitmonlee
|-damage|p1a: Hitmonlee|45/100
|
|upkeep
|turn|4
|
|t:|1666430973
|move|p1a: Hitmonlee|Knock Off|p2a: Sandaconda
|-crit|p2a: Sandaconda
|-damage|p2a: Sandaconda|0 fnt
|-damage|p1a: Hitmonlee|29/100|[from] item: Rocky Helmet|[of] p2a: Sandaconda
|-enditem|p2a: Sandaconda|Rocky Helmet|[from] move: Knock Off|[of] p1a: Hitmonlee
|faint|p2a: Sandaconda
|
|upkeep
|
|t:|1666430994
|switch|p2a: Wishiwashi|Wishiwashi, M|100/100
|-activate|p2a: Wishiwashi|move: Sticky Web
|-unboost|p2a: Wishiwashi|spe|1
|-formechange|p2a: Wishiwashi|Wishiwashi-School||[from] ability: Schooling
|turn|5
|
|t:|1666431007
|move|p1a: Hitmonlee|High Jump Kick|p2a: Wishiwashi
|-damage|p2a: Wishiwashi|4/100
|move|p2a: Wishiwashi|Scald|p1a: Hitmonlee
|-damage|p1a: Hitmonlee|0 fnt
|faint|p1a: Hitmonlee
|
|-heal|p2a: Wishiwashi|10/100|[from] item: Leftovers
|-formechange|p2a: Wishiwashi|Wishiwashi||[from] ability: Schooling
|upkeep
|
|t:|1666431026
|switch|p1a: Comfey|Comfey, M|100/100
|turn|6
|
|t:|1666431042
|move|p1a: Comfey|Calm Mind|p1a: Comfey
|-boost|p1a: Comfey|spa|1
|-boost|p1a: Comfey|spd|1
|move|p2a: Wishiwashi|Toxic|p1a: Comfey
|-status|p1a: Comfey|tox
|
|-heal|p2a: Wishiwashi|16/100|[from] item: Leftovers
|-damage|p1a: Comfey|94/100 tox|[from] psn
|upkeep
|turn|7
|
|t:|1666431050
|move|p1a: Comfey|Substitute|p1a: Comfey
|-start|p1a: Comfey|Substitute
|-damage|p1a: Comfey|70/100 tox
|move|p2a: Wishiwashi|U-turn|p1a: Comfey
|-resisted|p1a: Comfey
|-activate|p1a: Comfey|move: Substitute|[damage]
|
|t:|1666431056
|switch|p2a: Charizard|Charizard, M, shiny|100/100|[from]move: U-turn
|
|-heal|p1a: Comfey|76/100 tox|[from] item: Leftovers
|-damage|p1a: Comfey|63/100 tox|[from] psn
|upkeep
|turn|8
|
|t:|1666431059
|move|p1a: Comfey|Draining Kiss|p2a: Charizard
|-resisted|p2a: Charizard
|-damage|p2a: Charizard|81/100
|-heal|p1a: Comfey|81/100 tox|[from] drain|[of] p2a: Charizard
|move|p2a: Charizard|Defog|p1a: Comfey
|-sideend|p2: GammaGoGamma|Sticky Web|[from] move: Defog|[of] p2a: Charizard
|
|-heal|p1a: Comfey|87/100 tox|[from] item: Leftovers
|-damage|p1a: Comfey|69/100 tox|[from] psn
|upkeep
|turn|9
|
|t:|1666431063
|switch|p1a: Cinccino|Cinccino, F|100/100
|move|p2a: Charizard|Fire Blast|p1a: Cinccino|[miss]
|-miss|p2a: Charizard|p1a: Cinccino
|
|upkeep
|turn|10
|
|t:|1666431070
|switch|p2a: Wishiwashi|Wishiwashi, M|16/100
|move|p1a: Cinccino|Rock Blast|p2a: Wishiwashi
|-damage|p2a: Wishiwashi|0 fnt
|faint|p2a: Wishiwashi
|-hitcount|p2: Wishiwashi|1
|
|upkeep
|
|t:|1666431073
|switch|p2a: Whimsicott|Whimsicott, M, shiny|100/100
|turn|11
|
|t:|1666431076
|move|p2a: Whimsicott|Moonblast|p1a: Cinccino
|-damage|p1a: Cinccino|10/100
|move|p1a: Cinccino|Rock Blast|p2a: Whimsicott|[miss]
|-miss|p1a: Cinccino|p2a: Whimsicott
|
|upkeep
|turn|12
|
|t:|1666431083
|move|p2a: Whimsicott|Moonblast|p1a: Cinccino
|-damage|p1a: Cinccino|0 fnt
|faint|p1a: Cinccino
|
|upkeep
|
|t:|1666431089
|switch|p1a: Doublade|Doublade, F|100/100
|turn|13
|
|t:|1666431094
|switch|p2a: Charizard|Charizard, M, shiny|81/100
|move|p1a: Doublade|Iron Head|p2a: Charizard
|-resisted|p2a: Charizard
|-damage|p2a: Charizard|52/100
|
|upkeep
|turn|14
|
|t:|1666431101
|move|p1a: Doublade|Shadow Sneak|p2a: Charizard
|-damage|p2a: Charizard|21/100
|move|p2a: Charizard|Roost|p2a: Charizard
|-heal|p2a: Charizard|71/100
|-singleturn|p2a: Charizard|move: Roost
|
|upkeep
|turn|15
|
|t:|1666431104
|move|p2a: Charizard|Fire Blast|p1a: Doublade
|-supereffective|p1a: Doublade
|-crit|p1a: Doublade
|-damage|p1a: Doublade|0 fnt
|faint|p1a: Doublade
|
|upkeep
|
|t:|1666431111
|switch|p1a: Absol|Absol, M|100/100
|turn|16
|
|t:|1666431115
|move|p2a: Charizard|Fire Blast|p1a: Absol
|-damage|p1a: Absol|0 fnt
|faint|p1a: Absol
|
|upkeep
|
|t:|1666431118
|switch|p1a: Comfey|Comfey, M|69/100 tox
|turn|17
|
|t:|1666431123
|move|p2a: Charizard|Fire Blast|p1a: Comfey
|-damage|p1a: Comfey|4/100 tox
|move|p1a: Comfey|Substitute|p1a: Comfey
|-fail|p1a: Comfey|move: Substitute|[weak]
|
|-heal|p1a: Comfey|10/100 tox|[from] item: Leftovers
|-damage|p1a: Comfey|4/100 tox|[from] psn
|upkeep
|turn|18
|c|☆Sanesa8724|ggwp
|
|t:|1666431138
|move|p1a: Comfey|Draining Kiss|p2a: Charizard
|-resisted|p2a: Charizard
|-damage|p2a: Charizard|57/100
|-heal|p1a: Comfey|17/100 tox|[from] drain|[of] p2a: Charizard
|move|p2a: Charizard|Fire Blast|p1a: Comfey
|-damage|p1a: Comfey|0 fnt
|faint|p1a: Comfey
|
|win|GammaGoGamma
|n|☆Sanesa8724|sanesa8724
|n|☆GammaGoGamma|gammagogamma
|n|*Lady Monita ☽|ladymonita
|n| Bin2409|bin2409
|l|*Lady Monita ☽
|c|☆GammaGoGamma|gg
