|j|☆Procopius
|j|☆so happy world
|t:|1602534656
|player|p1|Procopius|gentleman-gen4dp|
|player|p2|so happy world|iris-gen5bw2|
|teamsize|p1|6
|teamsize|p2|6
|gametype|singles
|gen|8
|tier|[Gen 8] PU
|rated|Tournament battle
|clearpoke
|poke|p1|Perrserker, F|
|poke|p1|Golduck, M|
|poke|p1|Cursola, M|
|poke|p1|Exeggutor, M|
|poke|p1|Unfezant, F|
|poke|p1|Stunfisk, F|
|poke|p2|Alcremie-Caramel-Swirl, F|
|poke|p2|Ferroseed, M|
|poke|p2|Corsola-Galar, F|
|poke|p2|Kangaskhan, F|
|poke|p2|Morpeko, M|
|poke|p2|Golduck, F|
|rule|Sleep Clause Mod: Limit one foe put to sleep
|rule|Species Clause: Limit one of each Pokémon
|rule|OHKO Clause: OHKO moves are banned
|rule|Evasion Moves Clause: Evasion moves are banned
|rule|Endless Battle Clause: Forcing endless battles is banned
|rule|HP Percentage Mod: HP is shown in percentages
|rule|Dynamax Clause: You cannot dynamax
|teampreview
|j| farting so so hard
|c|☆so happy world|hf
|c|☆Procopius|hf
|j| yolobr
|
|t:|1602534670
|start
|switch|p1a: Cursola|Cursola, M|100/100
|switch|p2a: Kangaskhan|Kangaskhan, F|100/100
|turn|1
|
|t:|1602534674
|move|p2a: Kangaskhan|Fake Out|p1a: Cursola
|-damage|p1a: Cursola|56/100
|-ability|p1a: Cursola|Weak Armor|boost
|-unboost|p1a: Cursola|def|1
|-boost|p1a: Cursola|spe|2
|cant|p1a: Cursola|flinch
|
|upkeep
|turn|2
|
|t:|1602534681
|move|p1a: Cursola|Destiny Bond|p1a: Cursola
|-singlemove|p1a: Cursola|Destiny Bond
|move|p2a: Kangaskhan|Earthquake|p1a: Cursola
|-damage|p1a: Cursola|0 fnt
|faint|p1a: Cursola
|-activate|p1a: Cursola|move: Destiny Bond
|faint|p2a: Kangaskhan
|
|upkeep
|
|t:|1602534689
|switch|p2a: Alcremie|Alcremie-Caramel-Swirl, F|100/100
|switch|p1a: Perrserker|Perrserker, F|100/100
|turn|3
|j| mondeotorero
|
|t:|1602534696
|switch|p2a: Corsola|Corsola-Galar, F|100/100
|move|p1a: Perrserker|Iron Head|p2a: Corsola
|-damage|p2a: Corsola|38/100
|
|upkeep
|turn|4
|
|t:|1602534703
|switch|p2a: Ferroseed|Ferroseed, M|100/100
|move|p1a: Perrserker|Iron Head|p2a: Ferroseed
|-resisted|p2a: Ferroseed
|-damage|p2a: Ferroseed|72/100
|-damage|p1a: Perrserker|88/100|[from] ability: Iron Barbs|[of] p2a: Ferroseed
|
|upkeep
|turn|5
|
|t:|1602534713
|move|p1a: Perrserker|Iron Head|p2a: Ferroseed
|-resisted|p2a: Ferroseed
|-damage|p2a: Ferroseed|47/100
|-damage|p1a: Perrserker|76/100|[from] ability: Iron Barbs|[of] p2a: Ferroseed
|move|p2a: Ferroseed|Spikes|p1a: Perrserker
|-sidestart|p1: Procopius|Spikes
|
|upkeep
|turn|6
|l| yolobr
|
|t:|1602534716
|move|p1a: Perrserker|Iron Head|p2a: Ferroseed
|-resisted|p2a: Ferroseed
|-damage|p2a: Ferroseed|21/100
|-damage|p1a: Perrserker|64/100|[from] ability: Iron Barbs|[of] p2a: Ferroseed
|cant|p2a: Ferroseed|flinch
|
|upkeep
|turn|7
|
|t:|1602534720
|move|p1a: Perrserker|Iron Head|p2a: Ferroseed
|-resisted|p2a: Ferroseed
|-damage|p2a: Ferroseed|0 fnt
|-damage|p1a: Perrserker|51/100|[from] ability: Iron Barbs|[of] p2a: Ferroseed
|faint|p2a: Ferroseed
|
|upkeep
|
|t:|1602534723
|switch|p2a: Alcremie|Alcremie-Caramel-Swirl, F|100/100
|turn|8
|
|t:|1602534729
|move|p2a: Alcremie|Substitute|p2a: Alcremie
|-start|p2a: Alcremie|Substitute
|-damage|p2a: Alcremie|76/100
|move|p1a: Perrserker|Iron Head|p2a: Alcremie
|-supereffective|p2a: Alcremie
|-end|p2a: Alcremie|Substitute
|
|upkeep
|turn|9
|
|t:|1602534731
|move|p2a: Alcremie|Mystical Fire|p1a: Perrserker
|-supereffective|p1a: Perrserker
|-crit|p1a: Perrserker
|-damage|p1a: Perrserker|0 fnt
|faint|p1a: Perrserker
|
|upkeep
|
|t:|1602534742
|switch|p1a: Unfezant|Unfezant, F|100/100
|turn|10
|j| Shiny Mr Mime
|l| Shiny Mr Mime
|
|t:|1602534752
|switch|p2a: Corsola|Corsola-Galar, F|38/100
|move|p1a: Unfezant|Brave Bird|p2a: Corsola
|-crit|p2a: Corsola
|-damage|p2a: Corsola|0 fnt
|-damage|p1a: Unfezant|87/100|[from] Recoil
|faint|p2a: Corsola
|
|upkeep
|
|t:|1602534754
|switch|p2a: Morpeko|Morpeko, M|100/100
|turn|11
|
|t:|1602534762
|switch|p1a: Stunfisk|Stunfisk, F|100/100
|-damage|p1a: Stunfisk|88/100|[from] Spikes
|move|p2a: Morpeko|Parting Shot|p1a: Stunfisk
|-unboost|p1a: Stunfisk|atk|1
|-unboost|p1a: Stunfisk|spa|1
|
|t:|1602534764
|switch|p2a: Alcremie|Alcremie-Caramel-Swirl, F|76/100|[from]move: Parting Shot
|
|upkeep
|turn|12
|
|t:|1602534768
|switch|p1a: Unfezant|Unfezant, F|87/100
|move|p2a: Alcremie|Substitute|p2a: Alcremie
|-start|p2a: Alcremie|Substitute
|-damage|p2a: Alcremie|51/100
|
|upkeep
|turn|13
|
|t:|1602534771
|move|p1a: Unfezant|Brave Bird|p2a: Alcremie
|-end|p2a: Alcremie|Substitute
|-damage|p1a: Unfezant|78/100|[from] Recoil|[of] p2a: Alcremie
|move|p2a: Alcremie|Draining Kiss|p1a: Unfezant
|-damage|p1a: Unfezant|42/100
|-heal|p2a: Alcremie|75/100|[from] drain|[of] p1a: Unfezant
|
|upkeep
|turn|14
|
|t:|1602534774
|move|p1a: Unfezant|Brave Bird|p2a: Alcremie
|-damage|p2a: Alcremie|0 fnt
|-damage|p1a: Unfezant|15/100|[from] Recoil
|faint|p2a: Alcremie
|
|upkeep
|
|t:|1602534779
|switch|p2a: Golduck|Golduck, F|100/100
|-ability|p2a: Golduck|Cloud Nine
|turn|15
|
|t:|1602534783
|move|p2a: Golduck|Ice Beam|p1a: Unfezant
|-supereffective|p1a: Unfezant
|-damage|p1a: Unfezant|0 fnt
|faint|p1a: Unfezant
|
|upkeep
|
|t:|1602534786
|switch|p1a: Golduck|Golduck, M|100/100
|-damage|p1a: Golduck|88/100|[from] Spikes
|turn|16
|
|t:|1602534791
|move|p2a: Golduck|Ice Beam|p1a: Golduck
|-resisted|p1a: Golduck
|-damage|p1a: Golduck|70/100
|-status|p1a: Golduck|frz
|cant|p1a: Golduck|frz
|
|upkeep
|turn|17
|
|t:|1602534799
|switch|p2a: Morpeko|Morpeko, M|100/100
|cant|p1a: Golduck|frz
|
|-formechange|p2a: Morpeko|Morpeko-Hangry||[from] ability: Hunger Switch
|upkeep
|turn|18
|
|t:|1602534803
|switch|p1a: Stunfisk|Stunfisk, F|88/100
|-damage|p1a: Stunfisk|76/100|[from] Spikes
|move|p2a: Morpeko|Aura Wheel|p1a: Stunfisk
|-damage|p1a: Stunfisk|43/100
|-boost|p2a: Morpeko|spe|1
|
|-formechange|p2a: Morpeko|Morpeko||[from] ability: Hunger Switch
|upkeep
|turn|19
|c|☆Procopius|fr*eze
|
|t:|1602534816
|move|p2a: Morpeko|Protect|p2a: Morpeko
|-singleturn|p2a: Morpeko|Protect
|move|p1a: Stunfisk|Earth Power|p2a: Morpeko
|-activate|p2a: Morpeko|move: Protect
|
|-formechange|p2a: Morpeko|Morpeko-Hangry||[from] ability: Hunger Switch
|upkeep
|turn|20
|
|t:|1602534820
|move|p2a: Morpeko|Aura Wheel|p1a: Stunfisk
|-damage|p1a: Stunfisk|10/100
|-boost|p2a: Morpeko|spe|1
|move|p1a: Stunfisk|Earth Power|p2a: Morpeko
|-supereffective|p2a: Morpeko
|-damage|p2a: Morpeko|0 fnt
|faint|p2a: Morpeko
|
|upkeep
|j|+termiii
|
|t:|1602534826
|switch|p2a: Golduck|Golduck, F|100/100
|-ability|p2a: Golduck|Cloud Nine
|turn|21
|
|t:|1602534828
|move|p2a: Golduck|Ice Beam|p1a: Stunfisk
|-supereffective|p1a: Stunfisk
|-damage|p1a: Stunfisk|0 fnt
|faint|p1a: Stunfisk
|
|upkeep
|
|t:|1602534829
|switch|p1a: Exeggutor|Exeggutor, M|100/100
|-damage|p1a: Exeggutor|88/100|[from] Spikes
|turn|22
|
|t:|1602534831
|move|p2a: Golduck|Ice Beam|p1a: Exeggutor
|-supereffective|p1a: Exeggutor
|-damage|p1a: Exeggutor|23/100
|move|p1a: Exeggutor|Giga Drain|p2a: Golduck
|-supereffective|p2a: Golduck
|-damage|p2a: Golduck|0 fnt
|-heal|p1a: Exeggutor|68/100|[from] drain|[of] p2a: Golduck
|faint|p2a: Golduck
|
|win|Procopius
