|j|☆crylng lightning
|j|☆un vigoroth
|t:|1605888722
|player|p1|crylng lightning|279|1563
|player|p2|un vigoroth|swimmer-gen4dp|1567
|teamsize|p1|6
|teamsize|p2|6
|gametype|singles
|gen|8
|tier|[Gen 8] PU
|rated|
|clearpoke
|poke|p1|Audino, M|
|poke|p1|Tangela, M|
|poke|p1|Quagsire, M|
|poke|p1|Corsola-Galar, F|
|poke|p1|Cryogonal|
|poke|p1|Flareon, F|
|poke|p2|Frosmoth, M|
|poke|p2|Silvally-*|
|poke|p2|Sandaconda, M|
|poke|p2|Togedemaru, M|
|poke|p2|Drampa, F|
|poke|p2|Cinccino, M|
|rule|Sleep Clause Mod: Limit one foe put to sleep
|rule|Species Clause: Limit one of each Pokémon
|rule|OHKO Clause: OHKO moves are banned
|rule|Evasion Moves Clause: Evasion moves are banned
|rule|Endless Battle Clause: Forcing endless battles is banned
|rule|HP Percentage Mod: HP is shown in percentages
|rule|Dynamax Clause: You cannot dynamax
|teampreview
|inactive|Battle timer is ON: inactive players will automatically lose when time's up. (requested by crylng lightning)
|
|t:|1605888736
|start
|switch|p1a: Audino|Audino, M|100/100
|switch|p2a: Cinccino|Cinccino, M|100/100
|turn|1
|
|t:|1605888741
|switch|p2a: Sandaconda|Sandaconda, M|100/100
|move|p1a: Audino|Toxic|p2a: Sandaconda
|-status|p2a: Sandaconda|tox
|
|-activate|p2a: Sandaconda|ability: Shed Skin
|-curestatus|p2a: Sandaconda|tox|[msg]
|upkeep
|turn|2
|
|t:|1605888746
|switch|p1a: Corsola|Corsola-Galar, F|100/100
|move|p2a: Sandaconda|Glare|p1a: Corsola
|-status|p1a: Corsola|par
|
|upkeep
|turn|3
|
|t:|1605888749
|move|p2a: Sandaconda|Stealth Rock|p1a: Corsola
|-sidestart|p1: crylng lightning|move: Stealth Rock
|move|p1a: Corsola|Stealth Rock|p2a: Sandaconda
|-sidestart|p2: un vigoroth|move: Stealth Rock
|
|upkeep
|turn|4
|
|t:|1605888758
|switch|p1a: Audino|Audino, M|100/100
|move|p2a: Sandaconda|Earthquake|p1a: Audino
|-damage|p1a: Audino|66/100
|
|upkeep
|turn|5
|
|t:|1605888766
|switch|p1a: Tangela|Tangela, M|100/100
|-damage|p1a: Tangela|88/100|[from] Stealth Rock
|move|p2a: Sandaconda|Glare|p1a: Tangela
|-status|p1a: Tangela|par
|
|upkeep
|turn|6
|
|t:|1605888774
|switch|p2a: Togedemaru|Togedemaru, M|100/100
|-damage|p2a: Togedemaru|94/100|[from] Stealth Rock
|move|p1a: Tangela|Knock Off|p2a: Togedemaru
|-damage|p2a: Togedemaru|71/100
|-damage|p1a: Tangela|76/100 par|[from] ability: Iron Barbs|[of] p2a: Togedemaru
|-enditem|p2a: Togedemaru|Choice Scarf|[from] move: Knock Off|[of] p1a: Tangela
|
|upkeep
|turn|7
|
|t:|1605888785
|move|p2a: Togedemaru|U-turn|p1a: Tangela
|-supereffective|p1a: Tangela
|-damage|p1a: Tangela|59/100 par
|
|t:|1605888787
|switch|p2a: Silvally|Silvally-Poison|100/100|[from]move: U-turn
|-damage|p2a: Silvally|88/100|[from] Stealth Rock
|move|p1a: Tangela|Toxic|p2a: Silvally
|-immune|p2a: Silvally
|
|upkeep
|turn|8
|
|t:|1605888793
|switch|p1a: Corsola|Corsola-Galar, F|100/100 par
|-damage|p1a: Corsola|88/100 par|[from] Stealth Rock
|move|p2a: Silvally|Multi-Attack|p1a: Corsola
|-resisted|p1a: Corsola
|-damage|p1a: Corsola|76/100 par
|-start|p2a: Silvally|Disable|Multi-Attack|[from] ability: Cursed Body|[of] p1a: Corsola
|
|upkeep
|turn|9
|
|t:|1605888801
|switch|p1a: Audino|Audino, M|99/100
|move|p2a: Silvally|Parting Shot|p1a: Audino
|-unboost|p1a: Audino|atk|1
|-unboost|p1a: Audino|spa|1
|
|t:|1605888823
|switch|p2a: Togedemaru|Togedemaru, M|71/100|[from]move: Parting Shot
|-damage|p2a: Togedemaru|65/100|[from] Stealth Rock
|
|upkeep
|turn|10
|
|t:|1605888827
|move|p2a: Togedemaru|Iron Head|p1a: Audino
|-damage|p1a: Audino|65/100
|move|p1a: Audino|Wish|p1a: Audino
|
|upkeep
|turn|11
|
|t:|1605888835
|move|p2a: Togedemaru|Iron Head|p1a: Audino
|-damage|p1a: Audino|32/100
|move|p1a: Audino|Toxic|p2a: Togedemaru
|-immune|p2a: Togedemaru
|
|-heal|p1a: Audino|82/100|[from] move: Wish|[wisher] Audino
|upkeep
|turn|12
|
|t:|1605888841
|move|p2a: Togedemaru|Iron Head|p1a: Audino
|-crit|p1a: Audino
|-damage|p1a: Audino|36/100
|cant|p1a: Audino|flinch
|
|upkeep
|turn|13
|
|t:|1605888847
|switch|p1a: Tangela|Tangela, M|92/100 par
|-damage|p1a: Tangela|80/100 par|[from] Stealth Rock
|move|p2a: Togedemaru|U-turn|p1a: Tangela
|-supereffective|p1a: Tangela
|-damage|p1a: Tangela|60/100 par
|
|t:|1605888851
|switch|p2a: Drampa|Drampa, F|100/100|[from]move: U-turn
|-damage|p2a: Drampa|88/100|[from] Stealth Rock
|
|upkeep
|turn|14
|
|t:|1605888858
|switch|p1a: Cryogonal|Cryogonal|100/100
|move|p2a: Drampa|Draco Meteor|p1a: Cryogonal
|-damage|p1a: Cryogonal|18/100
|-unboost|p2a: Drampa|spa|2
|
|upkeep
|turn|15
|
|t:|1605888860
|switch|p2a: Cinccino|Cinccino, M|100/100
|-damage|p2a: Cinccino|88/100|[from] Stealth Rock
|move|p1a: Cryogonal|Recover|p1a: Cryogonal
|-heal|p1a: Cryogonal|68/100
|
|upkeep
|turn|16
|
|t:|1605888865
|switch|p1a: Tangela|Tangela, M|93/100 par
|-damage|p1a: Tangela|81/100 par|[from] Stealth Rock
|move|p2a: Cinccino|Knock Off|p1a: Tangela
|-damage|p1a: Tangela|63/100 par
|-enditem|p1a: Tangela|Eviolite|[from] move: Knock Off|[of] p2a: Cinccino
|
|upkeep
|turn|17
|
|t:|1605888870
|switch|p2a: Silvally|Silvally-Poison|88/100
|-damage|p2a: Silvally|76/100|[from] Stealth Rock
|move|p1a: Tangela|Toxic|p2a: Silvally
|-immune|p2a: Silvally
|
|upkeep
|turn|18
|
|t:|1605888874
|switch|p1a: Audino|Audino, M|69/100
|move|p2a: Silvally|Multi-Attack|p1a: Audino
|-damage|p1a: Audino|21/100
|
|upkeep
|turn|19
|
|t:|1605888879
|switch|p1a: Quagsire|Quagsire, M|100/100
|-damage|p1a: Quagsire|94/100|[from] Stealth Rock
|move|p2a: Silvally|Multi-Attack|p1a: Quagsire
|-resisted|p1a: Quagsire
|-damage|p1a: Quagsire|78/100
|
|-heal|p1a: Quagsire|84/100|[from] item: Leftovers
|upkeep
|turn|20
|
|t:|1605888883
|move|p2a: Silvally|Parting Shot|p1a: Quagsire
|-unboost|p1a: Quagsire|atk|1
|-unboost|p1a: Quagsire|spa|1
|
|t:|1605888888
|switch|p2a: Sandaconda|Sandaconda, M|100/100|[from]move: Parting Shot
|-damage|p2a: Sandaconda|94/100|[from] Stealth Rock
|move|p1a: Quagsire|Earthquake|p2a: Sandaconda
|-damage|p2a: Sandaconda|81/100
|
|-heal|p2a: Sandaconda|87/100|[from] item: Leftovers
|-heal|p1a: Quagsire|90/100|[from] item: Leftovers
|upkeep
|turn|21
|
|t:|1605888894
|switch|p1a: Tangela|Tangela, M|97/100 par
|-damage|p1a: Tangela|84/100 par|[from] Stealth Rock
|move|p2a: Sandaconda|Earthquake|p1a: Tangela
|-resisted|p1a: Tangela
|-damage|p1a: Tangela|71/100 par
|
|-heal|p2a: Sandaconda|93/100|[from] item: Leftovers
|upkeep
|turn|22
|
|t:|1605888900
|switch|p2a: Silvally|Silvally-Poison|76/100
|-damage|p2a: Silvally|63/100|[from] Stealth Rock
|switch|p1a: Audino|Audino, M|54/100
|
|upkeep
|turn|23
|
|t:|1605888907
|move|p2a: Silvally|Multi-Attack|p1a: Audino
|-damage|p1a: Audino|3/100
|move|p1a: Audino|Wish|p1a: Audino
|
|upkeep
|turn|24
|
|t:|1605888910
|move|p1a: Audino|Protect|p1a: Audino
|-singleturn|p1a: Audino|Protect
|move|p2a: Silvally|Multi-Attack|p1a: Audino
|-activate|p1a: Audino|move: Protect
|
|-heal|p1a: Audino|53/100|[from] move: Wish|[wisher] Audino
|upkeep
|turn|25
|
|t:|1605888912
|switch|p1a: Quagsire|Quagsire, M|90/100
|-damage|p1a: Quagsire|84/100|[from] Stealth Rock
|move|p2a: Silvally|Multi-Attack|p1a: Quagsire
|-resisted|p1a: Quagsire
|-damage|p1a: Quagsire|65/100
|
|-heal|p1a: Quagsire|71/100|[from] item: Leftovers
|upkeep
|turn|26
|
|t:|1605888916
|move|p2a: Silvally|Parting Shot|p1a: Quagsire
|-unboost|p1a: Quagsire|atk|1
|-unboost|p1a: Quagsire|spa|1
|
|t:|1605888922
|switch|p2a: Sandaconda|Sandaconda, M|93/100|[from]move: Parting Shot
|-damage|p2a: Sandaconda|87/100|[from] Stealth Rock
|move|p1a: Quagsire|Recover|p1a: Quagsire
|-heal|p1a: Quagsire|100/100
|
|-heal|p2a: Sandaconda|93/100|[from] item: Leftovers
|upkeep
|turn|27
|
|t:|1605888927
|switch|p2a: Drampa|Drampa, F|88/100
|-damage|p2a: Drampa|76/100|[from] Stealth Rock
|switch|p1a: Tangela|Tangela, M|100/100 par
|-damage|p1a: Tangela|88/100 par|[from] Stealth Rock
|
|upkeep
|turn|28
|
|t:|1605888933
|switch|p1a: Audino|Audino, M|87/100
|move|p2a: Drampa|Draco Meteor|p1a: Audino
|-damage|p1a: Audino|13/100
|-unboost|p2a: Drampa|spa|2
|
|upkeep
|turn|29
|
|t:|1605888944
|switch|p1a: Tangela|Tangela, M|100/100 par
|-damage|p1a: Tangela|88/100 par|[from] Stealth Rock
|move|p2a: Drampa|Draco Meteor|p1a: Tangela
|-damage|p1a: Tangela|0 fnt
|-unboost|p2a: Drampa|spa|2
|faint|p1a: Tangela
|
|upkeep
|
|t:|1605888950
|switch|p1a: Audino|Audino, M|46/100
|turn|30
|
|t:|1605888955
|switch|p2a: Silvally|Silvally-Poison|63/100
|-damage|p2a: Silvally|51/100|[from] Stealth Rock
|move|p1a: Audino|Wish|p1a: Audino
|
|upkeep
|turn|31
|
|t:|1605888970
|move|p1a: Audino|Protect|p1a: Audino
|-singleturn|p1a: Audino|Protect
|move|p2a: Silvally|Multi-Attack|p1a: Audino
|-activate|p1a: Audino|move: Protect
|
|-heal|p1a: Audino|96/100|[from] move: Wish|[wisher] Audino
|upkeep
|turn|32
|
|t:|1605888974
|switch|p1a: Corsola|Corsola-Galar, F|76/100 par
|-damage|p1a: Corsola|64/100 par|[from] Stealth Rock
|move|p2a: Silvally|Multi-Attack|p1a: Corsola
|-resisted|p1a: Corsola
|-damage|p1a: Corsola|51/100 par
|
|upkeep
|turn|33
|
|t:|1605888980
|move|p2a: Silvally|Parting Shot|p1a: Corsola
|-unboost|p1a: Corsola|atk|1
|-unboost|p1a: Corsola|spa|1
|
|t:|1605888982
|switch|p2a: Drampa|Drampa, F|76/100|[from]move: Parting Shot
|-damage|p2a: Drampa|63/100|[from] Stealth Rock
|move|p1a: Corsola|Strength Sap|p2a: Drampa
|-ability|p2a: Drampa|Sap Sipper|boost
|-boost|p2a: Drampa|atk|1
|
|upkeep
|turn|34
|
|t:|1605888985
|switch|p1a: Audino|Audino, M|100/100
|move|p2a: Drampa|Draco Meteor|p1a: Audino
|-damage|p1a: Audino|24/100
|-unboost|p2a: Drampa|spa|2
|
|upkeep
|turn|35
|
|t:|1605888992
|switch|p1a: Cryogonal|Cryogonal|68/100
|move|p2a: Drampa|Draco Meteor|p1a: Cryogonal
|-damage|p1a: Cryogonal|31/100
|-unboost|p2a: Drampa|spa|2
|
|upkeep
|turn|36
|
|t:|1605888994
|switch|p2a: Cinccino|Cinccino, M|88/100
|-damage|p2a: Cinccino|76/100|[from] Stealth Rock
|move|p1a: Cryogonal|Recover|p1a: Cryogonal
|-heal|p1a: Cryogonal|81/100
|
|upkeep
|turn|37
|
|t:|1605889002
|switch|p1a: Corsola|Corsola-Galar, F|51/100 par
|-damage|p1a: Corsola|38/100 par|[from] Stealth Rock
|move|p2a: Cinccino|Bullet Seed|p1a: Corsola
|-damage|p1a: Corsola|33/100 par
|-damage|p1a: Corsola|27/100 par
|-damage|p1a: Corsola|21/100 par
|-start|p2a: Cinccino|Disable|Bullet Seed|[from] ability: Cursed Body|[of] p1a: Corsola
|-damage|p1a: Corsola|16/100 par
|-damage|p1a: Corsola|10/100 par
|-hitcount|p1a: Corsola|5
|
|upkeep
|turn|38
|
|t:|1605889009
|switch|p2a: Drampa|Drampa, F|63/100
|-damage|p2a: Drampa|51/100|[from] Stealth Rock
|move|p1a: Corsola|Strength Sap|p2a: Drampa
|-ability|p2a: Drampa|Sap Sipper|boost
|-boost|p2a: Drampa|atk|1
|
|upkeep
|turn|39
|
|t:|1605889017
|switch|p1a: Cryogonal|Cryogonal|81/100
|move|p2a: Drampa|Surf|p1a: Cryogonal
|-damage|p1a: Cryogonal|42/100
|
|upkeep
|turn|40
|
|t:|1605889023
|switch|p2a: Togedemaru|Togedemaru, M|65/100
|-damage|p2a: Togedemaru|59/100|[from] Stealth Rock
|move|p1a: Cryogonal|Recover|p1a: Cryogonal
|-heal|p1a: Cryogonal|92/100
|
|upkeep
|turn|41
|
|t:|1605889028
|switch|p1a: Quagsire|Quagsire, M|100/100
|-damage|p1a: Quagsire|94/100|[from] Stealth Rock
|move|p2a: Togedemaru|Toxic|p1a: Quagsire
|-status|p1a: Quagsire|tox
|
|-heal|p1a: Quagsire|100/100 tox|[from] item: Leftovers
|-damage|p1a: Quagsire|94/100 tox|[from] psn
|upkeep
|turn|42
|
|t:|1605889032
|move|p2a: Togedemaru|U-turn|p1a: Quagsire
|-damage|p1a: Quagsire|80/100 tox
|
|t:|1605889046
|switch|p2a: Sandaconda|Sandaconda, M|93/100|[from]move: U-turn
|-damage|p2a: Sandaconda|87/100|[from] Stealth Rock
|move|p1a: Quagsire|Earthquake|p2a: Sandaconda
|-damage|p2a: Sandaconda|66/100
|
|-heal|p2a: Sandaconda|72/100|[from] item: Leftovers
|-heal|p1a: Quagsire|87/100 tox|[from] item: Leftovers
|-damage|p1a: Quagsire|74/100 tox|[from] psn
|upkeep
|turn|43
|-message|crylng lightning forfeited.
|
|win|un vigoroth
|l|☆crylng lightning
