|html|<div class="broadcast-blue"><strong>[Gen 8] PU is currently suspecting Drampa! For information on how to participate check out the <a href="https://www.smogon.com/forums/threads/np-pu-stage-7-i-hear-hyper-voices-in-my-head-drampa-suspect-test.3692992/">suspect thread</a>.</strong></div>
|j|☆Yati426
|j|☆one of the bouys
|t:|1635800243
|gametype|singles
|player|p1|Yati426|falkner|1551
|player|p2|one of the bouys|clown|1556
|teamsize|p1|6
|teamsize|p2|6
|gen|8
|tier|[Gen 8] PU
|rated|
|rule|Sleep Clause Mod: Limit one foe put to sleep
|rule|Species Clause: Limit one of each Pokémon
|rule|OHKO Clause: OHKO moves are banned
|rule|Evasion Moves Clause: Evasion moves are banned
|rule|Endless Battle Clause: Forcing endless battles is banned
|rule|HP Percentage Mod: HP is shown in percentages
|rule|Dynamax Clause: You cannot dynamax
|clearpoke
|poke|p1|Audino, F|
|poke|p1|Quagsire, M|
|poke|p1|Sandslash-Alola, F|
|poke|p1|Articuno|
|poke|p1|Qwilfish, F|
|poke|p1|Spiritomb, M|
|poke|p2|Flapple, M|
|poke|p2|Frosmoth, F|
|poke|p2|Lunatone|
|poke|p2|Silvally-*|
|poke|p2|Stunfisk-Galar, M|
|poke|p2|Hitmontop, M|
|teampreview
|
|t:|1635800252
|start
|switch|p1a: Spiritomb|Spiritomb, M|100/100
|switch|p2a: Lunatone|Lunatone|100/100
|-ability|p1a: Spiritomb|Pressure
|turn|1
|
|t:|1635800256
|switch|p2a: Silvally|Silvally-Fairy|100/100
|move|p1a: Spiritomb|Trick||[still]
|-fail|p1a: Spiritomb
|
|upkeep
|turn|2
|
|t:|1635800265
|switch|p2a: Stunfisk|Stunfisk-Galar, M|100/100
|switch|p1a: Audino|Audino, F|100/100
|
|upkeep
|turn|3
|
|t:|1635800279
|switch|p1a: Qwilfish|Qwilfish, F|100/100
|-ability|p1a: Qwilfish|Intimidate|boost
|-unboost|p2a: Stunfisk|atk|1
|move|p2a: Stunfisk|Snap Trap|p1a: Qwilfish
|-damage|p1a: Qwilfish|97/100
|-activate|p1a: Qwilfish|move: Snap Trap|[of] p2a: Stunfisk
|
|-heal|p1a: Qwilfish|100/100|[from] item: Black Sludge
|-damage|p1a: Qwilfish|88/100|[from] move: Snap Trap|[partiallytrapped]
|upkeep
|turn|4
|
|t:|1635800282
|move|p1a: Qwilfish|Spikes|p2a: Stunfisk
|-sidestart|p2: one of the bouys|Spikes
|move|p2a: Stunfisk|Earthquake|p1a: Qwilfish
|-supereffective|p1a: Qwilfish
|-damage|p1a: Qwilfish|58/100
|
|-heal|p1a: Qwilfish|64/100|[from] item: Black Sludge
|-damage|p1a: Qwilfish|51/100|[from] move: Snap Trap|[partiallytrapped]
|upkeep
|turn|5
|
|t:|1635800287
|move|p1a: Qwilfish|Spikes|p2a: Stunfisk
|-sidestart|p2: one of the bouys|Spikes
|move|p2a: Stunfisk|Earthquake|p1a: Qwilfish
|-supereffective|p1a: Qwilfish
|-damage|p1a: Qwilfish|22/100
|
|-heal|p1a: Qwilfish|28/100|[from] item: Black Sludge
|-damage|p1a: Qwilfish|16/100|[from] move: Snap Trap|[partiallytrapped]
|upkeep
|turn|6
|
|t:|1635800292
|move|p1a: Qwilfish|Destiny Bond|p1a: Qwilfish
|-singlemove|p1a: Qwilfish|Destiny Bond
|move|p2a: Stunfisk|Yawn|p1a: Qwilfish
|-start|p1a: Qwilfish|move: Yawn|[of] p2a: Stunfisk
|
|-heal|p1a: Qwilfish|22/100|[from] item: Black Sludge
|-damage|p1a: Qwilfish|9/100|[from] move: Snap Trap|[partiallytrapped]
|upkeep
|turn|7
|
|t:|1635800299
|move|p2a: Stunfisk|Protect|p2a: Stunfisk
|-singleturn|p2a: Stunfisk|Protect
|move|p1a: Qwilfish|Pain Split|p2a: Stunfisk
|-activate|p2a: Stunfisk|move: Protect
|
|-heal|p1a: Qwilfish|15/100|[from] item: Black Sludge
|-end|p1a: Qwilfish|Snap Trap|[partiallytrapped]
|-end|p1a: Qwilfish|move: Yawn|[silent]
|-status|p1a: Qwilfish|slp
|upkeep
|turn|8
|
|t:|1635800308
|switch|p1a: Sandslash|Sandslash-Alola, F|100/100
|move|p2a: Stunfisk|Earthquake|p1a: Sandslash
|-supereffective|p1a: Sandslash
|-damage|p1a: Sandslash|75/100
|
|upkeep
|turn|9
|
|t:|1635800313
|move|p1a: Sandslash|Knock Off|p2a: Stunfisk
|-damage|p2a: Stunfisk|87/100
|-enditem|p2a: Stunfisk|Leftovers|[from] move: Knock Off|[of] p1a: Sandslash
|move|p2a: Stunfisk|Earthquake|p1a: Sandslash
|-supereffective|p1a: Sandslash
|-damage|p1a: Sandslash|51/100
|
|upkeep
|turn|10
|
|t:|1635800327
|move|p1a: Sandslash|Stealth Rock|p2a: Stunfisk
|-sidestart|p2: one of the bouys|move: Stealth Rock
|move|p2a: Stunfisk|Earthquake|p1a: Sandslash
|-supereffective|p1a: Sandslash
|-crit|p1a: Sandslash
|-damage|p1a: Sandslash|0 fnt
|faint|p1a: Sandslash
|
|upkeep
|
|t:|1635800332
|switch|p1a: Quagsire|Quagsire, M|100/100
|turn|11
|
|t:|1635800337
|switch|p2a: Frosmoth|Frosmoth, F|100/100
|move|p1a: Quagsire|Scald|p2a: Frosmoth
|-damage|p2a: Frosmoth|88/100
|
|upkeep
|turn|12
|
|t:|1635800340
|switch|p1a: Articuno|Articuno|100/100
|-ability|p1a: Articuno|Pressure
|move|p2a: Frosmoth|Substitute|p2a: Frosmoth
|-start|p2a: Frosmoth|Substitute
|-damage|p2a: Frosmoth|63/100
|
|upkeep
|turn|13
|
|t:|1635800343
|move|p2a: Frosmoth|Quiver Dance|p2a: Frosmoth
|-boost|p2a: Frosmoth|spa|1
|-boost|p2a: Frosmoth|spd|1
|-boost|p2a: Frosmoth|spe|1
|move|p1a: Articuno|Haze|p1a: Articuno
|-clearallboost
|
|upkeep
|turn|14
|
|t:|1635800348
|switch|p2a: Lunatone|Lunatone|100/100
|-damage|p2a: Lunatone|88/100|[from] Stealth Rock
|switch|p1a: Audino|Audino, F|100/100
|
|upkeep
|turn|15
|
|t:|1635800353
|move|p2a: Lunatone|Stealth Rock|p1a: Audino
|-sidestart|p1: Yati426|move: Stealth Rock
|move|p1a: Audino|Toxic|p2a: Lunatone
|-status|p2a: Lunatone|tox
|
|-damage|p2a: Lunatone|82/100 tox|[from] psn
|upkeep
|turn|16
|
|t:|1635800357
|move|p2a: Lunatone|Future Sight|p1a: Audino
|-start|p2a: Lunatone|move: Future Sight
|move|p1a: Audino|Wish|p1a: Audino
|
|-damage|p2a: Lunatone|70/100 tox|[from] psn
|upkeep
|turn|17
|
|t:|1635800363
|switch|p2a: Silvally|Silvally-Fairy|100/100
|-damage|p2a: Silvally|84/100|[from] Spikes
|-damage|p2a: Silvally|72/100|[from] Stealth Rock
|switch|p1a: Articuno|Articuno|100/100
|-ability|p1a: Articuno|Pressure
|
|upkeep
|turn|18
|
|t:|1635800368
|switch|p1a: Audino|Audino, F|100/100
|-damage|p1a: Audino|88/100|[from] Stealth Rock
|move|p2a: Silvally|Roar|p1a: Audino
|drag|p1a: Articuno|Articuno|100/100
|-ability|p1a: Articuno|Pressure
|
|-end|p1a: Articuno|move: Future Sight
|-damage|p1a: Articuno|72/100
|upkeep
|turn|19
|
|t:|1635800374
|switch|p1a: Audino|Audino, F|100/100
|-damage|p1a: Audino|88/100|[from] Stealth Rock
|move|p2a: Silvally|Multi-Attack|p1a: Audino
|-damage|p1a: Audino|54/100
|
|-heal|p1a: Audino|60/100|[from] item: Leftovers
|upkeep
|turn|20
|
|t:|1635800376
|move|p2a: Silvally|Multi-Attack|p1a: Audino
|-damage|p1a: Audino|26/100
|move|p1a: Audino|Toxic|p2a: Silvally
|-status|p2a: Silvally|tox
|
|-heal|p1a: Audino|32/100|[from] item: Leftovers
|-damage|p2a: Silvally|65/100 tox|[from] psn
|upkeep
|turn|21
|
|t:|1635800380
|move|p1a: Audino|Protect|p1a: Audino
|-singleturn|p1a: Audino|Protect
|move|p2a: Silvally|Multi-Attack|p1a: Audino
|-activate|p1a: Audino|move: Protect
|
|-heal|p1a: Audino|38/100|[from] item: Leftovers
|-damage|p2a: Silvally|53/100 tox|[from] psn
|upkeep
|turn|22
|
|t:|1635800383
|switch|p1a: Quagsire|Quagsire, M|100/100
|-damage|p1a: Quagsire|94/100|[from] Stealth Rock
|move|p2a: Silvally|Multi-Attack|p1a: Quagsire
|-damage|p1a: Quagsire|64/100
|
|-heal|p1a: Quagsire|71/100|[from] item: Leftovers
|-damage|p2a: Silvally|35/100 tox|[from] psn
|upkeep
|turn|23
|
|t:|1635800385
|move|p2a: Silvally|Rest|p2a: Silvally
|-status|p2a: Silvally|slp|[from] move: Rest
|-heal|p2a: Silvally|100/100 slp|[silent]
|move|p1a: Quagsire|Scald|p2a: Silvally
|-damage|p2a: Silvally|84/100 slp
|
|-heal|p1a: Quagsire|77/100|[from] item: Leftovers
|upkeep
|turn|24
|
|t:|1635800391
|switch|p1a: Audino|Audino, F|71/100
|-damage|p1a: Audino|59/100|[from] Stealth Rock
|cant|p2a: Silvally|slp
|move|p2a: Silvally|Sleep Talk|p2a: Silvally
|move|p2a: Silvally|Multi-Attack|p1a: Audino|[from]move: Sleep Talk
|-damage|p1a: Audino|23/100
|
|-heal|p1a: Audino|30/100|[from] item: Leftovers
|upkeep
|turn|25
|
|t:|1635800394
|switch|p1a: Quagsire|Quagsire, M|77/100
|-damage|p1a: Quagsire|71/100|[from] Stealth Rock
|cant|p2a: Silvally|slp
|move|p2a: Silvally|Sleep Talk|p2a: Silvally
|move|p2a: Silvally|Roar|p1a: Quagsire|[from]move: Sleep Talk
|drag|p1a: Articuno|Articuno|72/100
|-ability|p1a: Articuno|Pressure
|
|upkeep
|turn|26
|
|t:|1635800410
|switch|p2a: Hitmontop|Hitmontop, M|100/100
|move|p1a: Articuno|Roost|p1a: Articuno
|-heal|p1a: Articuno|100/100
|-singleturn|p1a: Articuno|move: Roost
|
|upkeep
|turn|27
|
|t:|1635800413
|switch|p1a: Spiritomb|Spiritomb, M|100/100
|-damage|p1a: Spiritomb|88/100|[from] Stealth Rock
|-ability|p1a: Spiritomb|Pressure
|move|p2a: Hitmontop|Triple Axel|p1a: Spiritomb
|-damage|p1a: Spiritomb|78/100
|-damage|p1a: Spiritomb|57/100
|-damage|p1a: Spiritomb|29/100
|-hitcount|p1a: Spiritomb|3
|
|upkeep
|turn|28
|
|t:|1635800418
|move|p2a: Hitmontop|Triple Axel|p1a: Spiritomb
|-damage|p1a: Spiritomb|19/100
|-damage|p1a: Spiritomb|0 fnt
|faint|p1a: Spiritomb
|-hitcount|p1: Spiritomb|2
|
|upkeep
|-message|Yati426 forfeited.
|
|win|one of the bouys
|raw|Yati426's rating: 1551 &rarr; <strong>1531</strong><br />(-20 for losing)
|raw|one of the bouys's rating: 1556 &rarr; <strong>1576</strong><br />(+20 for winning)
|l|☆Yati426
