|j|☆falcu
|j|☆Carmen Farala
|t:|1650231261
|gametype|singles
|player|p1|falcu|giovanni|1403
|player|p2|Carmen Farala|aromalady|1530
|teamsize|p1|6
|teamsize|p2|6
|gen|8
|tier|[Gen 8] PU
|rated|
|rule|Sleep Clause Mod: Limit one foe put to sleep
|rule|Species Clause: Limit one of each Pokémon
|rule|OHKO Clause: OHKO moves are banned
|rule|Evasion Moves Clause: Evasion moves are banned
|rule|Endless Battle Clause: Forcing endless battles is banned
|rule|HP Percentage Mod: HP is shown in percentages
|rule|Dynamax Clause: You cannot dynamax
|clearpoke
|poke|p1|Gigalith, F|
|poke|p1|Comfey, F|
|poke|p1|Lycanroc, M|
|poke|p1|Charizard, F|
|poke|p1|Weezing, M|
|poke|p1|Trevenant, F|
|poke|p2|Dubwool, F|
|poke|p2|Druddigon, M|
|poke|p2|Weezing, M|
|poke|p2|Sandslash, M|
|poke|p2|Jellicent, M|
|poke|p2|Aromatisse, M|
|teampreview
|
|t:|1650231303
|start
|switch|p1a: Charizard|Charizard, F|100/100
|switch|p2a: Jellicent|Jellicent, M|100/100
|turn|1
|inactive|Battle timer is ON: inactive players will automatically lose when time's up. (requested by falcu)
|
|t:|1650231320
|switch|p2a: Druddigon|Druddigon, M|100/100
|move|p1a: Charizard|Toxic|p2a: Druddigon
|-status|p2a: Druddigon|tox
|
|-damage|p2a: Druddigon|94/100 tox|[from] psn
|upkeep
|turn|2
|
|t:|1650231344
|switch|p1a: Weezing|Weezing, M|100/100
|move|p2a: Druddigon|Stealth Rock|p1a: Weezing
|-sidestart|p1: falcu|move: Stealth Rock
|
|-damage|p2a: Druddigon|82/100 tox|[from] psn
|upkeep
|turn|3
|
|t:|1650231364
|move|p1a: Weezing|Toxic Spikes|p2a: Druddigon
|-sidestart|p2: Carmen Farala|move: Toxic Spikes
|move|p2a: Druddigon|Glare|p1a: Weezing
|-status|p1a: Weezing|par
|
|-damage|p2a: Druddigon|64/100 tox|[from] psn
|upkeep
|turn|4
|
|t:|1650231370
|switch|p2a: Sandslash|Sandslash, M|100/100
|cant|p1a: Weezing|par
|
|upkeep
|turn|5
|
|t:|1650231375
|switch|p1a: Trevenant|Trevenant, F|100/100
|-damage|p1a: Trevenant|88/100|[from] Stealth Rock
|-item|p2a: Sandslash|Heavy-Duty Boots|[from] ability: Frisk|[of] p1a: Trevenant|[identify]
|move|p2a: Sandslash|Knock Off|p1a: Trevenant
|-supereffective|p1a: Trevenant
|-damage|p1a: Trevenant|31/100
|-enditem|p1a: Trevenant|Choice Band|[from] move: Knock Off|[of] p2a: Sandslash
|
|upkeep
|turn|6
|
|t:|1650231385
|switch|p2a: Weezing|Weezing, M|100/100
|move|p1a: Trevenant|Drain Punch|p2a: Weezing
|-resisted|p2a: Weezing
|-damage|p2a: Weezing|92/100
|-heal|p1a: Trevenant|35/100|[from] drain|[of] p2a: Weezing
|
|-heal|p2a: Weezing|98/100|[from] item: Black Sludge
|upkeep
|turn|7
|
|t:|1650231392
|move|p1a: Trevenant|Poltergeist|p2a: Weezing|[miss]
|-miss|p1a: Trevenant|p2a: Weezing
|move|p2a: Weezing|Toxic Spikes|p1a: Trevenant
|-sidestart|p1: falcu|move: Toxic Spikes
|
|-heal|p2a: Weezing|100/100|[from] item: Black Sludge
|upkeep
|turn|8
|
|t:|1650231395
|move|p1a: Trevenant|Poltergeist|p2a: Weezing
|-activate|p2a: Weezing|move: Poltergeist|Black Sludge
|-damage|p2a: Weezing|63/100
|move|p2a: Weezing|Sludge Bomb|p1a: Trevenant
|-damage|p1a: Trevenant|5/100
|
|-heal|p2a: Weezing|69/100|[from] item: Black Sludge
|upkeep
|turn|9
|
|t:|1650231400
|move|p1a: Trevenant|Poltergeist|p2a: Weezing
|-activate|p2a: Weezing|move: Poltergeist|Black Sludge
|-damage|p2a: Weezing|31/100
|move|p2a: Weezing|Sludge Bomb|p1a: Trevenant
|-damage|p1a: Trevenant|0 fnt
|faint|p1a: Trevenant
|
|-heal|p2a: Weezing|37/100|[from] item: Black Sludge
|upkeep
|
|t:|1650231410
|switch|p1a: Charizard|Charizard, F|100/100
|turn|10
|
|t:|1650231419
|switch|p2a: Sandslash|Sandslash, M|100/100
|move|p1a: Charizard|Flamethrower|p2a: Sandslash
|-damage|p2a: Sandslash|30/100
|
|upkeep
|turn|11
|
|t:|1650231425
|switch|p2a: Aromatisse|Aromatisse, M|100/100
|-status|p2a: Aromatisse|psn
|move|p1a: Charizard|Flamethrower|p2a: Aromatisse
|-damage|p2a: Aromatisse|74/100 psn
|
|-heal|p2a: Aromatisse|80/100 psn|[from] item: Leftovers
|-damage|p2a: Aromatisse|68/100 psn|[from] psn
|upkeep
|turn|12
|
|t:|1650231429
|move|p1a: Charizard|Defog|p2a: Aromatisse
|-unboost|p2a: Aromatisse|evasion|1
|-sideend|p2: Carmen Farala|Toxic Spikes|[from] move: Defog|[of] p1a: Charizard
|-sideend|p1: falcu|Toxic Spikes|[from] move: Defog|[of] p1a: Charizard
|-sideend|p1: falcu|Stealth Rock|[from] move: Defog|[of] p1a: Charizard
|move|p2a: Aromatisse|Wish|p2a: Aromatisse
|
|-heal|p2a: Aromatisse|74/100 psn|[from] item: Leftovers
|-damage|p2a: Aromatisse|61/100 psn|[from] psn
|upkeep
|turn|13
|
|t:|1650231442
|switch|p1a: Gigalith|Gigalith, F|100/100
|-weather|Sandstorm|[from] ability: Sand Stream|[of] p1a: Gigalith
|move|p2a: Aromatisse|Aromatherapy|p2a: Aromatisse
|-activate|p2a: Aromatisse|move: Aromatherapy
|-curestatus|p2a: Aromatisse|psn|[msg]
|-curestatus|p2: Druddigon|tox|[msg]
|
|-weather|Sandstorm|[upkeep]
|-damage|p2a: Aromatisse|55/100|[from] Sandstorm
|-heal|p2a: Aromatisse|100/100|[from] move: Wish|[wisher] Aromatisse
|upkeep
|turn|14
|
|t:|1650231448
|move|p2a: Aromatisse|Wish|p2a: Aromatisse
|move|p1a: Gigalith|Stealth Rock|p2a: Aromatisse
|-sidestart|p2: Carmen Farala|move: Stealth Rock
|
|-weather|Sandstorm|[upkeep]
|-damage|p2a: Aromatisse|94/100|[from] Sandstorm
|-heal|p2a: Aromatisse|100/100|[from] item: Leftovers
|upkeep
|turn|15
|j| baconstaircase
|
|t:|1650231461
|switch|p2a: Druddigon|Druddigon, M|64/100
|-damage|p2a: Druddigon|51/100|[from] Stealth Rock
|move|p1a: Gigalith|Toxic|p2a: Druddigon
|-status|p2a: Druddigon|tox
|
|-weather|Sandstorm|[upkeep]
|-damage|p2a: Druddigon|45/100 tox|[from] Sandstorm
|-heal|p2a: Druddigon|100/100 tox|[from] move: Wish|[wisher] Aromatisse
|-damage|p2a: Druddigon|94/100 tox|[from] psn
|upkeep
|turn|16
|
|t:|1650231470
|switch|p1a: Comfey|Comfey, F|100/100
|move|p2a: Druddigon|Stealth Rock|p1a: Comfey
|-sidestart|p1: falcu|move: Stealth Rock
|
|-weather|Sandstorm|[upkeep]
|-damage|p1a: Comfey|94/100|[from] Sandstorm
|-damage|p2a: Druddigon|88/100 tox|[from] Sandstorm
|-heal|p1a: Comfey|100/100|[from] item: Leftovers
|-damage|p2a: Druddigon|76/100 tox|[from] psn
|upkeep
|turn|17
|
|t:|1650231498
|switch|p2a: Aromatisse|Aromatisse, M|100/100
|-damage|p2a: Aromatisse|88/100|[from] Stealth Rock
|move|p1a: Comfey|Calm Mind|p1a: Comfey
|-boost|p1a: Comfey|spa|1
|-boost|p1a: Comfey|spd|1
|
|-weather|Sandstorm|[upkeep]
|-damage|p1a: Comfey|94/100|[from] Sandstorm
|-damage|p2a: Aromatisse|82/100|[from] Sandstorm
|-heal|p1a: Comfey|100/100|[from] item: Leftovers
|-heal|p2a: Aromatisse|88/100|[from] item: Leftovers
|upkeep
|turn|18
|
|t:|1650231510
|switch|p2a: Jellicent|Jellicent, M|100/100
|-damage|p2a: Jellicent|88/100|[from] Stealth Rock
|move|p1a: Comfey|Calm Mind|p1a: Comfey
|-boost|p1a: Comfey|spa|1
|-boost|p1a: Comfey|spd|1
|
|-weather|Sandstorm|[upkeep]
|-damage|p1a: Comfey|94/100|[from] Sandstorm
|-damage|p2a: Jellicent|82/100|[from] Sandstorm
|-heal|p1a: Comfey|100/100|[from] item: Leftovers
|upkeep
|turn|19
|
|t:|1650231515
|move|p1a: Comfey|Giga Drain|p2a: Jellicent
|-supereffective|p2a: Jellicent
|-damage|p2a: Jellicent|47/100
|move|p2a: Jellicent|Taunt|p1a: Comfey
|-start|p1a: Comfey|move: Taunt
|
|-weather|Sandstorm|[upkeep]
|-damage|p1a: Comfey|94/100|[from] Sandstorm
|-damage|p2a: Jellicent|41/100|[from] Sandstorm
|-heal|p1a: Comfey|100/100|[from] item: Leftovers
|upkeep
|turn|20
|
|t:|1650231522
|move|p1a: Comfey|Giga Drain|p2a: Jellicent
|-supereffective|p2a: Jellicent
|-damage|p2a: Jellicent|2/100
|move|p2a: Jellicent|Recover|p2a: Jellicent
|-heal|p2a: Jellicent|52/100
|
|-weather|none
|upkeep
|turn|21
|inactive|Carmen Farala has 120 seconds left.
|
|t:|1650231554
|move|p1a: Comfey|Giga Drain|p2a: Jellicent
|-supereffective|p2a: Jellicent
|-damage|p2a: Jellicent|14/100
|move|p2a: Jellicent|Recover|p2a: Jellicent
|-heal|p2a: Jellicent|64/100
|
|upkeep
|turn|22
|
|t:|1650231558
|move|p1a: Comfey|Giga Drain|p2a: Jellicent
|-supereffective|p2a: Jellicent
|-damage|p2a: Jellicent|32/100
|move|p2a: Jellicent|Recover|p2a: Jellicent
|-heal|p2a: Jellicent|82/100
|
|-end|p1a: Comfey|move: Taunt
|upkeep
|turn|23
|
|t:|1650231564
|move|p1a: Comfey|Calm Mind|p1a: Comfey
|-boost|p1a: Comfey|spa|1
|-boost|p1a: Comfey|spd|1
|move|p2a: Jellicent|Taunt|p1a: Comfey
|-start|p1a: Comfey|move: Taunt
|
|upkeep
|turn|24
|
|t:|1650231583
|switch|p2a: Druddigon|Druddigon, M|76/100 tox
|-damage|p2a: Druddigon|64/100 tox|[from] Stealth Rock
|move|p1a: Comfey|Giga Drain|p2a: Druddigon
|-resisted|p2a: Druddigon
|-damage|p2a: Druddigon|44/100 tox
|
|-damage|p2a: Druddigon|38/100 tox|[from] psn
|upkeep
|turn|25
|
|t:|1650231591
|move|p1a: Comfey|Draining Kiss|p2a: Druddigon
|-supereffective|p2a: Druddigon
|-damage|p2a: Druddigon|0 fnt
|-damage|p1a: Comfey|88/100|[from] ability: Rough Skin|[of] p2a: Druddigon
|-damage|p1a: Comfey|71/100|[from] item: Rocky Helmet|[of] p2a: Druddigon
|faint|p2a: Druddigon
|
|-heal|p1a: Comfey|78/100|[from] item: Leftovers
|upkeep
|
|t:|1650231597
|switch|p2a: Weezing|Weezing, M|37/100
|-damage|p2a: Weezing|25/100|[from] Stealth Rock
|turn|26
|
|t:|1650231602
|move|p1a: Comfey|Draining Kiss|p2a: Weezing
|-resisted|p2a: Weezing
|-damage|p2a: Weezing|0 fnt
|-heal|p1a: Comfey|98/100|[from] drain|[of] p2a: Weezing
|faint|p2a: Weezing
|
|-heal|p1a: Comfey|100/100|[from] item: Leftovers
|-end|p1a: Comfey|move: Taunt
|upkeep
|
|t:|1650231608
|switch|p2a: Aromatisse|Aromatisse, M|88/100
|-damage|p2a: Aromatisse|76/100|[from] Stealth Rock
|turn|27
|
|t:|1650231614
|move|p1a: Comfey|Calm Mind|p1a: Comfey
|-boost|p1a: Comfey|spa|1
|-boost|p1a: Comfey|spd|1
|move|p2a: Aromatisse|Moonblast|p1a: Comfey
|-damage|p1a: Comfey|89/100
|-unboost|p1a: Comfey|spa|1
|
|-heal|p1a: Comfey|96/100|[from] item: Leftovers
|-heal|p2a: Aromatisse|82/100|[from] item: Leftovers
|upkeep
|turn|28
|-message|Carmen Farala forfeited.
|
|win|falcu
|raw|falcu's rating: 1403 &rarr; <strong>1430</strong><br />(+27 for winning)
|raw|Carmen Farala's rating: 1530 &rarr; <strong>1503</strong><br />(-27 for losing)
|l|☆Carmen Farala
