|j|☆Flamedood
|j|☆baconweave entre
|t:|1651825426
|gametype|singles
|player|p1|Flamedood|blue|1179
|player|p2|baconweave entre|pokefan-gen4|1156
|teamsize|p1|6
|teamsize|p2|6
|gen|8
|tier|[Gen 8] PU
|rated|
|rule|Sleep Clause Mod: Limit one foe put to sleep
|rule|Species Clause: Limit one of each Pokémon
|rule|OHKO Clause: OHKO moves are banned
|rule|Evasion Moves Clause: Evasion moves are banned
|rule|Endless Battle Clause: Forcing endless battles is banned
|rule|HP Percentage Mod: HP is shown in percentages
|rule|Dynamax Clause: You cannot dynamax
|clearpoke
|poke|p1|Scyther, M|
|poke|p1|Thwackey, M|
|poke|p1|Hitmonlee, M|
|poke|p1|Comfey, F|
|poke|p1|Flapple, M|
|poke|p1|Cradily, F|
|poke|p2|Frosmoth, F|
|poke|p2|Thwackey, M|
|poke|p2|Quagsire, M|
|poke|p2|Comfey, M|
|poke|p2|Perrserker, M|
|poke|p2|Charizard, F|
|teampreview
|
|t:|1651825436
|start
|switch|p1a: Cradily|Cradily, F|100/100
|switch|p2a: Perrserker|Perrserker, M|100/100
|turn|1
|
|t:|1651825446
|move|p2a: Perrserker|Substitute|p2a: Perrserker
|-start|p2a: Perrserker|Substitute
|-damage|p2a: Perrserker|76/100
|move|p1a: Cradily|Stealth Rock|p2a: Perrserker
|-sidestart|p2: baconweave entre|move: Stealth Rock
|
|upkeep
|turn|2
|
|t:|1651825452
|move|p2a: Perrserker|Swords Dance|p2a: Perrserker
|-boost|p2a: Perrserker|atk|2
|move|p1a: Cradily|Grassy Terrain|p1a: Cradily
|-fieldstart|move: Grassy Terrain
|
|-heal|p2a: Perrserker|82/100|[from] Grassy Terrain
|upkeep
|turn|3
|
|t:|1651825460
|move|p2a: Perrserker|Iron Tail|p1a: Cradily
|-supereffective|p1a: Cradily
|-damage|p1a: Cradily|0 fnt
|faint|p1a: Cradily
|
|-heal|p2a: Perrserker|88/100|[from] Grassy Terrain
|upkeep
|j| Jelly cookie
|
|t:|1651825485
|switch|p1a: Flapple|Flapple, M|100/100
|turn|4
|
|t:|1651825492
|move|p1a: Flapple|Sucker Punch|p2a: Perrserker|[miss]
|-miss|p1a: Flapple|p2a: Perrserker
|move|p2a: Perrserker|U-turn|p1a: Flapple
|-supereffective|p1a: Flapple
|-damage|p1a: Flapple|0 fnt
|faint|p1a: Flapple
|
|t:|1651825498
|switch|p2a: Frosmoth|Frosmoth, F|100/100|[from]move: U-turn
|
|upkeep
|
|t:|1651825506
|switch|p1a: Hitmonlee|Hitmonlee, M|100/100
|-enditem|p1a: Hitmonlee|Grassy Seed
|-boost|p1a: Hitmonlee|def|1|[from] item: Grassy Seed
|turn|5
|
|t:|1651825515
|move|p1a: Hitmonlee|Stone Edge|p2a: Frosmoth
|-supereffective|p2a: Frosmoth
|-damage|p2a: Frosmoth|0 fnt
|faint|p2a: Frosmoth
|
|upkeep
|
|t:|1651825518
|switch|p2a: Quagsire|Quagsire, M|100/100
|-damage|p2a: Quagsire|94/100|[from] Stealth Rock
|turn|6
|
|t:|1651825525
|move|p1a: Hitmonlee|Close Combat|p2a: Quagsire
|-damage|p2a: Quagsire|45/100
|-unboost|p1a: Hitmonlee|def|1
|-unboost|p1a: Hitmonlee|spd|1
|move|p2a: Quagsire|Fling|p1a: Hitmonlee
|-resisted|p1a: Hitmonlee
|-damage|p1a: Hitmonlee|94/100
|-status|p1a: Hitmonlee|brn
|-enditem|p2a: Quagsire|Flame Orb|[from] move: Fling
|
|-heal|p1a: Hitmonlee|99/100 brn|[from] Grassy Terrain
|-heal|p2a: Quagsire|52/100|[from] Grassy Terrain
|-damage|p1a: Hitmonlee|94/100 brn|[from] brn
|upkeep
|turn|7
|
|t:|1651825544
|move|p1a: Hitmonlee|Close Combat|p2a: Quagsire
|-damage|p2a: Quagsire|27/100
|-unboost|p1a: Hitmonlee|def|1
|-unboost|p1a: Hitmonlee|spd|1
|move|p2a: Quagsire|Sludge Bomb|p1a: Hitmonlee
|-damage|p1a: Hitmonlee|74/100 brn
|
|-heal|p1a: Hitmonlee|80/100 brn|[from] Grassy Terrain
|-heal|p2a: Quagsire|33/100|[from] Grassy Terrain
|-damage|p1a: Hitmonlee|74/100 brn|[from] brn
|upkeep
|turn|8
|
|t:|1651825560
|move|p1a: Hitmonlee|Close Combat|p2a: Quagsire
|-damage|p2a: Quagsire|10/100
|-unboost|p1a: Hitmonlee|def|1
|-unboost|p1a: Hitmonlee|spd|1
|move|p2a: Quagsire|Recover|p2a: Quagsire
|-heal|p2a: Quagsire|60/100
|
|-heal|p1a: Hitmonlee|80/100 brn|[from] Grassy Terrain
|-heal|p2a: Quagsire|66/100|[from] Grassy Terrain
|-damage|p1a: Hitmonlee|74/100 brn|[from] brn
|upkeep
|turn|9
|
|t:|1651825578
|switch|p1a: Comfey|Comfey, F|100/100
|move|p2a: Quagsire|Seismic Toss|p1a: Comfey
|-damage|p1a: Comfey|68/100
|-enditem|p1a: Comfey|Kee Berry|[eat]
|-boost|p1a: Comfey|def|1|[from] item: Kee Berry
|
|-heal|p1a: Comfey|74/100|[from] Grassy Terrain
|-heal|p2a: Quagsire|72/100|[from] Grassy Terrain
|-fieldend|move: Grassy Terrain
|upkeep
|turn|10
|
|t:|1651825591
|move|p1a: Comfey|Aromatherapy|p1a: Comfey
|-activate|p1a: Comfey|move: Aromatherapy
|-curestatus|p1: Hitmonlee|brn|[msg]
|move|p2a: Quagsire|Sludge Bomb|p1a: Comfey
|-supereffective|p1a: Comfey
|-damage|p1a: Comfey|43/100
|
|upkeep
|turn|11
|
|t:|1651825602
|switch|p2a: Charizard|Charizard, F|100/100
|move|p1a: Comfey|Draining Kiss|p2a: Charizard
|-resisted|p2a: Charizard
|-damage|p2a: Charizard|90/100
|-heal|p1a: Comfey|51/100|[from] drain|[of] p2a: Charizard
|
|upkeep
|turn|12
|
|t:|1651825610
|move|p2a: Charizard|Smokescreen|p1a: Comfey
|-unboost|p1a: Comfey|accuracy|1
|move|p1a: Comfey|Calm Mind|p1a: Comfey
|-boost|p1a: Comfey|spa|1
|-boost|p1a: Comfey|spd|1
|
|upkeep
|turn|13
|
|t:|1651825617
|move|p2a: Charizard|Dragon Dance|p2a: Charizard
|-boost|p2a: Charizard|atk|1
|-boost|p2a: Charizard|spe|1
|move|p1a: Comfey|Calm Mind|p1a: Comfey
|-boost|p1a: Comfey|spa|1
|-boost|p1a: Comfey|spd|1
|
|upkeep
|turn|14
|
|t:|1651825624
|move|p1a: Comfey|Draining Kiss|p2a: Charizard|[miss]
|-miss|p1a: Comfey|p2a: Charizard
|move|p2a: Charizard|Dragon Dance|p2a: Charizard
|-boost|p2a: Charizard|atk|1
|-boost|p2a: Charizard|spe|1
|
|upkeep
|turn|15
|
|t:|1651825630
|move|p1a: Comfey|Draining Kiss|p2a: Charizard
|-resisted|p2a: Charizard
|-damage|p2a: Charizard|69/100
|-heal|p1a: Comfey|66/100|[from] drain|[of] p2a: Charizard
|move|p2a: Charizard|Dragon Dance|p2a: Charizard
|-boost|p2a: Charizard|atk|1
|-boost|p2a: Charizard|spe|1
|
|upkeep
|turn|16
|
|t:|1651825640
|move|p1a: Comfey|Draining Kiss|p2a: Charizard
|-resisted|p2a: Charizard
|-damage|p2a: Charizard|49/100
|-heal|p1a: Comfey|81/100|[from] drain|[of] p2a: Charizard
|move|p2a: Charizard|Blaze Kick|p1a: Comfey
|-damage|p1a: Comfey|26/100
|-status|p1a: Comfey|brn
|
|-damage|p1a: Comfey|20/100 brn|[from] brn
|upkeep
|turn|17
|
|t:|1651825652
|move|p1a: Comfey|Draining Kiss|p2a: Charizard
|-resisted|p2a: Charizard
|-damage|p2a: Charizard|29/100
|-heal|p1a: Comfey|34/100 brn|[from] drain|[of] p2a: Charizard
|move|p2a: Charizard|Blaze Kick|p1a: Comfey
|-damage|p1a: Comfey|0 fnt
|faint|p1a: Comfey
|
|upkeep
|
|t:|1651825661
|switch|p1a: Thwackey|Thwackey, M|100/100
|-fieldstart|move: Grassy Terrain|[from] ability: Grassy Surge|[of] p1a: Thwackey
|turn|18
|
|t:|1651825666
|move|p1a: Thwackey|Grassy Glide|p2a: Charizard
|-resisted|p2a: Charizard
|-crit|p2a: Charizard
|-damage|p2a: Charizard|2/100
|move|p2a: Charizard|Blaze Kick|p1a: Thwackey
|-supereffective|p1a: Thwackey
|-damage|p1a: Thwackey|0 fnt
|faint|p1a: Thwackey
|
|upkeep
|-message|Flamedood forfeited.
|
|win|baconweave entre
|raw|Flamedood's rating: 1179 &rarr; <strong>1152</strong><br />(-27 for losing)
|raw|baconweave entre's rating: 1156 &rarr; <strong>1183</strong><br />(+27 for winning)
|l|☆Flamedood
|l| Jelly cookie
