|j|☆FNC_Urgot
|j|☆Regi Time
|t:|1622921809
|gametype|singles
|player|p1|FNC_Urgot|101|1489
|player|p2|Regi Time|2|1432
|teamsize|p1|6
|teamsize|p2|6
|gen|8
|tier|[Gen 8] PU
|rated|
|rule|Sleep Clause Mod: Limit one foe put to sleep
|rule|Species Clause: Limit one of each Pokémon
|rule|OHKO Clause: OHKO moves are banned
|rule|Evasion Moves Clause: Evasion moves are banned
|rule|Endless Battle Clause: Forcing endless battles is banned
|rule|HP Percentage Mod: HP is shown in percentages
|rule|Dynamax Clause: You cannot dynamax
|clearpoke
|poke|p1|Togedemaru, M|
|poke|p1|Altaria, F|
|poke|p1|Eldegoss, M|
|poke|p1|Miltank, F|
|poke|p1|Pyukumuku, M|
|poke|p1|Tangela, F|
|poke|p2|Regigigas|
|poke|p2|Scyther, F|
|poke|p2|Heliolisk, F|
|poke|p2|Thwackey, F|
|poke|p2|Silvally-*|
|poke|p2|Palossand, M|
|teampreview
|inactive|Battle timer is ON: inactive players will automatically lose when time's up. (requested by Regi Time)
|inactive|FNC_Urgot also wants the timer to be on.
|
|t:|1622921824
|start
|switch|p1a: Togedemaru|Togedemaru, M|100/100
|switch|p2a: Silvally|Silvally-Fairy|100/100
|turn|1
|
|t:|1622921832
|move|p2a: Silvally|Parting Shot|p1a: Togedemaru
|-unboost|p1a: Togedemaru|atk|1
|-unboost|p1a: Togedemaru|spa|1
|
|t:|1622921840
|switch|p2a: Palossand|Palossand, M|100/100|[from]move: Parting Shot
|move|p1a: Togedemaru|Toxic|p2a: Palossand
|-status|p2a: Palossand|tox
|
|-damage|p2a: Palossand|94/100 tox|[from] psn
|upkeep
|turn|2
|
|t:|1622921850
|move|p1a: Togedemaru|U-turn|p2a: Palossand
|-resisted|p2a: Palossand
|-damage|p2a: Palossand|91/100 tox
|
|t:|1622921857
|switch|p1a: Tangela|Tangela, F|100/100|[from]move: U-turn
|move|p2a: Palossand|Stealth Rock|p1a: Tangela
|-sidestart|p1: FNC_Urgot|move: Stealth Rock
|
|-damage|p2a: Palossand|79/100 tox|[from] psn
|upkeep
|turn|3
|
|t:|1622921866
|switch|p2a: Scyther|Scyther, F|100/100
|move|p1a: Tangela|Knock Off|p2a: Scyther
|-damage|p2a: Scyther|81/100
|-enditem|p2a: Scyther|Heavy-Duty Boots|[from] move: Knock Off|[of] p1a: Tangela
|
|upkeep
|turn|4
|
|t:|1622921880
|switch|p1a: Altaria|Altaria, F|100/100
|move|p2a: Scyther|Knock Off|p1a: Altaria
|-damage|p1a: Altaria|77/100
|-enditem|p1a: Altaria|Heavy-Duty Boots|[from] move: Knock Off|[of] p2a: Scyther
|
|upkeep
|turn|5
|j| IamTheLizard
|
|t:|1622921890
|move|p2a: Scyther|Swords Dance|p2a: Scyther
|-boost|p2a: Scyther|atk|2
|move|p1a: Altaria|Roost|p1a: Altaria
|-heal|p1a: Altaria|100/100
|-singleturn|p1a: Altaria|move: Roost
|
|upkeep
|turn|6
|
|t:|1622921901
|switch|p1a: Pyukumuku|Pyukumuku, M|100/100
|-damage|p1a: Pyukumuku|88/100|[from] Stealth Rock
|move|p2a: Scyther|Dual Wingbeat|p1a: Pyukumuku
|-damage|p1a: Pyukumuku|70/100
|-damage|p1a: Pyukumuku|50/100
|-hitcount|p1a: Pyukumuku|2
|
|-heal|p1a: Pyukumuku|56/100|[from] item: Leftovers
|upkeep
|turn|7
|
|t:|1622921910
|move|p2a: Scyther|Knock Off|p1a: Pyukumuku
|-damage|p1a: Pyukumuku|36/100
|-enditem|p1a: Pyukumuku|Leftovers|[from] move: Knock Off|[of] p2a: Scyther
|move|p1a: Pyukumuku|Recover|p1a: Pyukumuku
|-heal|p1a: Pyukumuku|86/100
|
|upkeep
|turn|8
|
|t:|1622921926
|move|p2a: Scyther|Swords Dance|p2a: Scyther
|-boost|p2a: Scyther|atk|2
|move|p1a: Pyukumuku|Reflect|p1a: Pyukumuku
|-sidestart|p1: FNC_Urgot|Reflect
|
|upkeep
|turn|9
|
|t:|1622921930
|move|p2a: Scyther|Swords Dance|p2a: Scyther
|-boost|p2a: Scyther|atk|2
|move|p1a: Pyukumuku|Block|p2a: Scyther
|-activate|p2a: Scyther|trapped
|
|upkeep
|turn|10
|
|t:|1622921935
|move|p2a: Scyther|Dual Wingbeat|p1a: Pyukumuku
|-damage|p1a: Pyukumuku|76/100
|-damage|p1a: Pyukumuku|67/100
|-hitcount|p1a: Pyukumuku|2
|move|p1a: Pyukumuku|Spite|p2a: Scyther
|-activate|p2a: Scyther|move: Spite|Dual Wingbeat|4
|
|upkeep
|turn|11
|
|t:|1622921941
|move|p2a: Scyther|Dual Wingbeat|p1a: Pyukumuku
|-damage|p1a: Pyukumuku|58/100
|-damage|p1a: Pyukumuku|50/100
|-hitcount|p1a: Pyukumuku|2
|move|p1a: Pyukumuku|Recover|p1a: Pyukumuku
|-heal|p1a: Pyukumuku|99/100
|
|upkeep
|turn|12
|
|t:|1622921948
|move|p2a: Scyther|Knock Off|p1a: Pyukumuku
|-damage|p1a: Pyukumuku|93/100
|move|p1a: Pyukumuku|Spite|p2a: Scyther
|-activate|p2a: Scyther|move: Spite|Knock Off|4
|
|-sideend|p1: FNC_Urgot|Reflect
|upkeep
|turn|13
|
|t:|1622921954
|move|p2a: Scyther|Dual Wingbeat|p1a: Pyukumuku
|-damage|p1a: Pyukumuku|73/100
|-damage|p1a: Pyukumuku|53/100
|-hitcount|p1a: Pyukumuku|2
|move|p1a: Pyukumuku|Reflect|p1a: Pyukumuku
|-sidestart|p1: FNC_Urgot|Reflect
|
|upkeep
|turn|14
|
|t:|1622921971
|move|p2a: Scyther|U-turn|p1a: Pyukumuku
|-damage|p1a: Pyukumuku|43/100
|
|t:|1622921973
|switch|p2a: Regigigas|Regigigas|100/100|[from]move: U-turn
|-start|p2a: Regigigas|ability: Slow Start
|move|p1a: Pyukumuku|Recover|p1a: Pyukumuku
|-heal|p1a: Pyukumuku|93/100
|
|upkeep
|turn|15
|
|t:|1622921987
|switch|p1a: Altaria|Altaria, F|100/100
|-damage|p1a: Altaria|76/100|[from] Stealth Rock
|move|p2a: Regigigas|Substitute|p2a: Regigigas
|-start|p2a: Regigigas|Substitute
|-damage|p2a: Regigigas|76/100
|
|-heal|p2a: Regigigas|82/100|[from] item: Leftovers
|upkeep
|turn|16
|
|t:|1622921990
|move|p1a: Altaria|Perish Song|p1a: Altaria
|-start|p1a: Altaria|perish3|[silent]
|-start|p2a: Regigigas|perish3|[silent]
|-fieldactivate|move: Perish Song
|move|p2a: Regigigas|Body Slam|p1a: Altaria
|-damage|p1a: Altaria|66/100
|-status|p1a: Altaria|par
|
|-heal|p2a: Regigigas|88/100|[from] item: Leftovers
|-start|p2a: Regigigas|perish3
|-start|p1a: Altaria|perish3
|upkeep
|turn|17
|
|t:|1622922002
|-end|p2a: Regigigas|Slow Start|[silent]
|switch|p2a: Silvally|Silvally-Fairy|100/100
|cant|p1a: Altaria|par
|
|-start|p1a: Altaria|perish2
|-sideend|p1: FNC_Urgot|Reflect
|upkeep
|turn|18
|
|t:|1622922011
|switch|p1a: Togedemaru|Togedemaru, M|100/100
|-damage|p1a: Togedemaru|95/100|[from] Stealth Rock
|move|p2a: Silvally|Parting Shot|p1a: Togedemaru
|-unboost|p1a: Togedemaru|atk|1
|-unboost|p1a: Togedemaru|spa|1
|
|t:|1622922026
|switch|p2a: Palossand|Palossand, M|79/100 tox|[from]move: Parting Shot
|
|-heal|p1a: Togedemaru|100/100|[from] item: Leftovers
|-damage|p2a: Palossand|72/100 tox|[from] psn
|upkeep
|turn|19
|
|t:|1622922036
|move|p1a: Togedemaru|U-turn|p2a: Palossand
|-resisted|p2a: Palossand
|-damage|p2a: Palossand|69/100 tox
|
|t:|1622922038
|switch|p1a: Altaria|Altaria, F|66/100|[from]move: U-turn
|-damage|p1a: Altaria|41/100|[from] Stealth Rock
|move|p2a: Palossand|Shadow Ball|p1a: Altaria
|-damage|p1a: Altaria|14/100
|
|-damage|p2a: Palossand|57/100 tox|[from] psn
|upkeep
|turn|20
|
|t:|1622922048
|switch|p2a: Heliolisk|Heliolisk, F|100/100
|move|p1a: Altaria|Roost|p1a: Altaria
|-heal|p1a: Altaria|64/100
|-singleturn|p1a: Altaria|move: Roost
|
|upkeep
|turn|21
|
|t:|1622922056
|switch|p1a: Togedemaru|Togedemaru, M|100/100
|-damage|p1a: Togedemaru|95/100|[from] Stealth Rock
|move|p2a: Heliolisk|Volt Switch|p1a: Togedemaru
|-ability|p1a: Togedemaru|Lightning Rod|boost
|-boost|p1a: Togedemaru|spa|1
|
|-heal|p1a: Togedemaru|100/100|[from] item: Leftovers
|upkeep
|turn|22
|
|t:|1622922062
|switch|p2a: Palossand|Palossand, M|57/100 tox
|move|p1a: Togedemaru|U-turn|p2a: Palossand
|-resisted|p2a: Palossand
|-damage|p2a: Palossand|52/100 tox
|
|t:|1622922064
|switch|p1a: Altaria|Altaria, F|64/100|[from]move: U-turn
|-damage|p1a: Altaria|39/100|[from] Stealth Rock
|
|-damage|p2a: Palossand|46/100 tox|[from] psn
|upkeep
|turn|23
|
|t:|1622922071
|switch|p2a: Silvally|Silvally-Fairy|100/100
|move|p1a: Altaria|Defog|p2a: Silvally
|-unboost|p2a: Silvally|evasion|1
|-sideend|p1: FNC_Urgot|Stealth Rock|[from] move: Defog|[of] p1a: Altaria
|
|upkeep
|turn|24
|
|t:|1622922079
|switch|p1a: Togedemaru|Togedemaru, M|100/100
|move|p2a: Silvally|Flamethrower|p1a: Togedemaru
|-supereffective|p1a: Togedemaru
|-damage|p1a: Togedemaru|67/100
|
|-heal|p1a: Togedemaru|73/100|[from] item: Leftovers
|upkeep
|turn|25
|
|t:|1622922090
|move|p2a: Silvally|Parting Shot|p1a: Togedemaru
|-unboost|p1a: Togedemaru|atk|1
|-unboost|p1a: Togedemaru|spa|1
|
|t:|1622922092
|switch|p2a: Palossand|Palossand, M|46/100 tox|[from]move: Parting Shot
|move|p1a: Togedemaru|Toxic|p2a: Palossand
|-fail|p2a: Palossand|tox
|
|-heal|p1a: Togedemaru|79/100|[from] item: Leftovers
|-damage|p2a: Palossand|40/100 tox|[from] psn
|upkeep
|turn|26
|
|t:|1622922098
|move|p1a: Togedemaru|U-turn|p2a: Palossand
|-resisted|p2a: Palossand
|-damage|p2a: Palossand|36/100 tox
|
|t:|1622922100
|switch|p1a: Altaria|Altaria, F|39/100|[from]move: U-turn
|move|p2a: Palossand|Stealth Rock|p1a: Altaria
|-sidestart|p1: FNC_Urgot|move: Stealth Rock
|
|-damage|p2a: Palossand|24/100 tox|[from] psn
|upkeep
|turn|27
|
|t:|1622922108
|switch|p2a: Silvally|Silvally-Fairy|100/100
|move|p1a: Altaria|Defog|p2a: Silvally
|-unboost|p2a: Silvally|evasion|1
|-sideend|p1: FNC_Urgot|Stealth Rock|[from] move: Defog|[of] p1a: Altaria
|
|upkeep
|turn|28
|
|t:|1622922121
|switch|p1a: Togedemaru|Togedemaru, M|79/100
|move|p2a: Silvally|Parting Shot|p1a: Togedemaru
|-unboost|p1a: Togedemaru|atk|1
|-unboost|p1a: Togedemaru|spa|1
|
|t:|1622922123
|switch|p2a: Palossand|Palossand, M|24/100 tox|[from]move: Parting Shot
|
|-heal|p1a: Togedemaru|85/100|[from] item: Leftovers
|-damage|p2a: Palossand|18/100 tox|[from] psn
|upkeep
|turn|29
|
|t:|1622922128
|move|p1a: Togedemaru|U-turn|p2a: Palossand
|-resisted|p2a: Palossand
|-damage|p2a: Palossand|14/100 tox
|
|t:|1622922129
|switch|p1a: Altaria|Altaria, F|39/100|[from]move: U-turn
|move|p2a: Palossand|Shore Up|p2a: Palossand
|-heal|p2a: Palossand|64/100 tox
|
|-damage|p2a: Palossand|52/100 tox|[from] psn
|upkeep
|turn|30
|
|t:|1622922137
|switch|p2a: Silvally|Silvally-Fairy|100/100
|move|p1a: Altaria|Roost|p1a: Altaria
|-heal|p1a: Altaria|89/100
|-singleturn|p1a: Altaria|move: Roost
|
|upkeep
|turn|31
|
|t:|1622922150
|switch|p1a: Miltank|Miltank, F|100/100
|move|p2a: Silvally|Flamethrower|p1a: Miltank
|-damage|p1a: Miltank|94/100
|
|-heal|p1a: Miltank|99/100|[from] item: Leftovers
|upkeep
|turn|32
|
|t:|1622922154
|move|p2a: Silvally|Parting Shot|p1a: Miltank
|-unboost|p1a: Miltank|atk|1
|-unboost|p1a: Miltank|spa|1
|
|t:|1622922160
|switch|p2a: Palossand|Palossand, M|52/100 tox|[from]move: Parting Shot
|move|p1a: Miltank|Stealth Rock|p2a: Palossand
|-sidestart|p2: Regi Time|move: Stealth Rock
|
|-heal|p1a: Miltank|100/100|[from] item: Leftovers
|-damage|p2a: Palossand|46/100 tox|[from] psn
|upkeep
|turn|33
|
|t:|1622922170
|switch|p1a: Eldegoss|Eldegoss, M|100/100
|move|p2a: Palossand|Stealth Rock|p1a: Eldegoss
|-sidestart|p1: FNC_Urgot|move: Stealth Rock
|
|-damage|p2a: Palossand|33/100 tox|[from] psn
|upkeep
|turn|34
|
|t:|1622922179
|move|p1a: Eldegoss|Rapid Spin|p2a: Palossand
|-immune|p2a: Palossand
|move|p2a: Palossand|Shore Up|p2a: Palossand
|-heal|p2a: Palossand|83/100 tox
|
|-damage|p2a: Palossand|65/100 tox|[from] psn
|upkeep
|turn|35
|
|t:|1622922198
|switch|p2a: Silvally|Silvally-Fairy|100/100
|-damage|p2a: Silvally|88/100|[from] Stealth Rock
|move|p1a: Eldegoss|Rapid Spin|p2a: Silvally
|-damage|p2a: Silvally|83/100
|-boost|p1a: Eldegoss|spe|1
|-sideend|p1: FNC_Urgot|Stealth Rock|[from] move: Rapid Spin|[of] p1a: Eldegoss
|
|upkeep
|turn|36
|
|t:|1622922207
|switch|p1a: Togedemaru|Togedemaru, M|85/100
|move|p2a: Silvally|Defog|p1a: Togedemaru
|-unboost|p1a: Togedemaru|evasion|1
|-sideend|p2: Regi Time|Stealth Rock|[from] move: Defog|[of] p2a: Silvally
|
|-heal|p1a: Togedemaru|91/100|[from] item: Leftovers
|upkeep
|turn|37
|
|t:|1622922213
|move|p2a: Silvally|Parting Shot|p1a: Togedemaru
|-unboost|p1a: Togedemaru|atk|1
|-unboost|p1a: Togedemaru|spa|1
|
|t:|1622922225
|switch|p2a: Heliolisk|Heliolisk, F|100/100|[from]move: Parting Shot
|move|p1a: Togedemaru|U-turn|p2a: Heliolisk
|-damage|p2a: Heliolisk|76/100
|
|t:|1622922236
|switch|p1a: Eldegoss|Eldegoss, M|100/100|[from]move: U-turn
|
|upkeep
|turn|38
|
|t:|1622922241
|move|p2a: Heliolisk|Hyper Voice|p1a: Eldegoss
|-damage|p1a: Eldegoss|58/100
|move|p1a: Eldegoss|Leech Seed|p2a: Heliolisk
|-start|p2a: Heliolisk|move: Leech Seed
|
|-damage|p2a: Heliolisk|64/100|[from] Leech Seed|[of] p1a: Eldegoss
|-heal|p1a: Eldegoss|68/100|[silent]
|upkeep
|turn|39
|
|t:|1622922256
|switch|p2a: Scyther|Scyther, F|81/100
|move|p1a: Eldegoss|Synthesis|p1a: Eldegoss
|-heal|p1a: Eldegoss|100/100
|
|upkeep
|turn|40
|
|t:|1622922264
|switch|p1a: Pyukumuku|Pyukumuku, M|93/100
|move|p2a: Scyther|Knock Off|p1a: Pyukumuku
|-damage|p1a: Pyukumuku|79/100
|
|upkeep
|turn|41
|
|t:|1622922270
|move|p2a: Scyther|U-turn|p1a: Pyukumuku
|-damage|p1a: Pyukumuku|57/100
|
|t:|1622922273
|switch|p2a: Regigigas|Regigigas|88/100|[from]move: U-turn
|-start|p2a: Regigigas|ability: Slow Start
|move|p1a: Pyukumuku|Reflect|p1a: Pyukumuku
|-sidestart|p1: FNC_Urgot|Reflect
|
|-heal|p2a: Regigigas|94/100|[from] item: Leftovers
|upkeep
|turn|42
|
|t:|1622922282
|-end|p2a: Regigigas|Slow Start|[silent]
|switch|p2a: Silvally|Silvally-Fairy|83/100
|move|p1a: Pyukumuku|Recover|p1a: Pyukumuku
|-heal|p1a: Pyukumuku|100/100
|
|upkeep
|turn|43
|
|t:|1622922304
|switch|p1a: Togedemaru|Togedemaru, M|91/100
|move|p2a: Silvally|Parting Shot|p1a: Togedemaru
|-unboost|p1a: Togedemaru|atk|1
|-unboost|p1a: Togedemaru|spa|1
|
|t:|1622922313
|switch|p2a: Thwackey|Thwackey, F|100/100|[from]move: Parting Shot
|-fieldstart|move: Grassy Terrain|[from] ability: Grassy Surge|[of] p2a: Thwackey
|
|-heal|p1a: Togedemaru|97/100|[from] Grassy Terrain
|-heal|p1a: Togedemaru|100/100|[from] item: Leftovers
|upkeep
|turn|44
|
|t:|1622922323
|move|p1a: Togedemaru|Spiky Shield|p1a: Togedemaru
|-singleturn|p1a: Togedemaru|move: Protect
|move|p2a: Thwackey|Knock Off|p1a: Togedemaru
|-activate|p1a: Togedemaru|move: Protect
|-damage|p2a: Thwackey|88/100|[from] Spiky Shield|[of] p1a: Togedemaru
|
|-heal|p2a: Thwackey|94/100|[from] Grassy Terrain
|upkeep
|turn|45
|
|t:|1622922329
|switch|p1a: Altaria|Altaria, F|89/100
|move|p2a: Thwackey|Knock Off|p1a: Altaria
|-damage|p1a: Altaria|78/100
|
|-heal|p2a: Thwackey|99/100|[from] Grassy Terrain
|-sideend|p1: FNC_Urgot|Reflect
|upkeep
|turn|46
|
|t:|1622922335
|switch|p2a: Silvally|Silvally-Fairy|83/100
|move|p1a: Altaria|Fire Spin|p2a: Silvally
|-damage|p2a: Silvally|77/100
|-activate|p2a: Silvally|move: Fire Spin|[of] p1a: Altaria
|
|-heal|p2a: Silvally|83/100|[from] Grassy Terrain
|-damage|p2a: Silvally|71/100|[from] move: Fire Spin|[partiallytrapped]
|upkeep
|turn|47
|
|t:|1622922341
|switch|p1a: Togedemaru|Togedemaru, M|100/100
|move|p2a: Silvally|Parting Shot|p1a: Togedemaru
|-unboost|p1a: Togedemaru|atk|1
|-unboost|p1a: Togedemaru|spa|1
|
|t:|1622922352
|switch|p2a: Palossand|Palossand, M|65/100 tox|[from]move: Parting Shot
|
|-heal|p2a: Palossand|71/100 tox|[from] Grassy Terrain
|-damage|p2a: Palossand|65/100 tox|[from] psn
|-fieldend|move: Grassy Terrain
|upkeep
|turn|48
|
|t:|1622922360
|move|p1a: Togedemaru|U-turn|p2a: Palossand
|-resisted|p2a: Palossand
|-damage|p2a: Palossand|62/100 tox
|
|t:|1622922369
|switch|p1a: Altaria|Altaria, F|78/100|[from]move: U-turn
|move|p2a: Palossand|Stealth Rock|p1a: Altaria
|-sidestart|p1: FNC_Urgot|move: Stealth Rock
|
|-damage|p2a: Palossand|49/100 tox|[from] psn
|upkeep
|turn|49
|
|t:|1622922380
|switch|p2a: Silvally|Silvally-Fairy|71/100
|move|p1a: Altaria|Defog|p2a: Silvally
|-unboost|p2a: Silvally|evasion|1
|-sideend|p1: FNC_Urgot|Stealth Rock|[from] move: Defog|[of] p1a: Altaria
|
|upkeep
|turn|50
|
|t:|1622922387
|switch|p1a: Togedemaru|Togedemaru, M|100/100
|move|p2a: Silvally|Flamethrower|p1a: Togedemaru
|-supereffective|p1a: Togedemaru
|-damage|p1a: Togedemaru|66/100
|
|-heal|p1a: Togedemaru|72/100|[from] item: Leftovers
|upkeep
|turn|51
|
|t:|1622922396
|move|p2a: Silvally|Flamethrower|p1a: Togedemaru
|-supereffective|p1a: Togedemaru
|-damage|p1a: Togedemaru|42/100
|move|p1a: Togedemaru|Wish|p1a: Togedemaru
|
|-heal|p1a: Togedemaru|48/100|[from] item: Leftovers
|upkeep
|turn|52
|
|t:|1622922402
|move|p2a: Silvally|Parting Shot|p1a: Togedemaru
|-unboost|p1a: Togedemaru|atk|1
|-unboost|p1a: Togedemaru|spa|1
|j| HYpnomade30
|
|t:|1622922422
|switch|p2a: Palossand|Palossand, M|49/100 tox|[from]move: Parting Shot
|move|p1a: Togedemaru|Toxic|p2a: Palossand
|-fail|p2a: Palossand|tox
|
|-heal|p1a: Togedemaru|98/100|[from] move: Wish|[wisher] Togedemaru
|-heal|p1a: Togedemaru|100/100|[from] item: Leftovers
|-damage|p2a: Palossand|43/100 tox|[from] psn
|upkeep
|turn|53
|l| HYpnomade30
|
|t:|1622922427
|move|p1a: Togedemaru|U-turn|p2a: Palossand
|-resisted|p2a: Palossand
|-damage|p2a: Palossand|40/100 tox
|
|t:|1622922431
|switch|p1a: Altaria|Altaria, F|78/100|[from]move: U-turn
|move|p2a: Palossand|Shore Up|p2a: Palossand
|-heal|p2a: Palossand|90/100 tox
|
|-damage|p2a: Palossand|77/100 tox|[from] psn
|upkeep
|turn|54
|
|t:|1622922438
|switch|p2a: Silvally|Silvally-Fairy|71/100
|move|p1a: Altaria|Fire Spin|p2a: Silvally
|-damage|p2a: Silvally|65/100
|-activate|p2a: Silvally|move: Fire Spin|[of] p1a: Altaria
|
|-damage|p2a: Silvally|53/100|[from] move: Fire Spin|[partiallytrapped]
|upkeep
|turn|55
|
|t:|1622922444
|switch|p1a: Togedemaru|Togedemaru, M|100/100
|move|p2a: Silvally|Parting Shot|p1a: Togedemaru
|-unboost|p1a: Togedemaru|atk|1
|-unboost|p1a: Togedemaru|spa|1
|
|t:|1622922450
|switch|p2a: Palossand|Palossand, M|77/100 tox|[from]move: Parting Shot
|
|-damage|p2a: Palossand|71/100 tox|[from] psn
|upkeep
|turn|56
|
|t:|1622922464
|move|p1a: Togedemaru|U-turn|p2a: Palossand
|-resisted|p2a: Palossand
|-damage|p2a: Palossand|68/100 tox
|
|t:|1622922468
|switch|p1a: Altaria|Altaria, F|78/100|[from]move: U-turn
|move|p2a: Palossand|Stealth Rock|p1a: Altaria
|-sidestart|p1: FNC_Urgot|move: Stealth Rock
|
|-damage|p2a: Palossand|56/100 tox|[from] psn
|upkeep
|turn|57
|
|t:|1622922479
|move|p1a: Altaria|Defog|p2a: Palossand
|-unboost|p2a: Palossand|evasion|1
|-sideend|p1: FNC_Urgot|Stealth Rock|[from] move: Defog|[of] p1a: Altaria
|move|p2a: Palossand|Shadow Ball|p1a: Altaria
|-damage|p1a: Altaria|54/100
|
|-damage|p2a: Palossand|37/100 tox|[from] psn
|upkeep
|turn|58
|
|t:|1622922504
|switch|p2a: Heliolisk|Heliolisk, F|64/100
|move|p1a: Altaria|Roost|p1a: Altaria
|-heal|p1a: Altaria|100/100
|-singleturn|p1a: Altaria|move: Roost
|
|upkeep
|turn|59
|
|t:|1622922514
|switch|p1a: Togedemaru|Togedemaru, M|100/100
|move|p2a: Heliolisk|Hyper Voice|p1a: Togedemaru
|-resisted|p1a: Togedemaru
|-damage|p1a: Togedemaru|70/100
|
|-heal|p1a: Togedemaru|76/100|[from] item: Leftovers
|upkeep
|turn|60
|
|t:|1622922528
|move|p2a: Heliolisk|Hyper Voice|p1a: Togedemaru
|-resisted|p1a: Togedemaru
|-damage|p1a: Togedemaru|47/100
|move|p1a: Togedemaru|Wish|p1a: Togedemaru
|
|-heal|p1a: Togedemaru|53/100|[from] item: Leftovers
|upkeep
|turn|61
|
|t:|1622922534
|switch|p2a: Palossand|Palossand, M|37/100 tox
|move|p1a: Togedemaru|Toxic|p2a: Palossand
|-fail|p2a: Palossand|tox
|
|-heal|p1a: Togedemaru|100/100|[from] move: Wish|[wisher] Togedemaru
|-damage|p2a: Palossand|31/100 tox|[from] psn
|upkeep
|turn|62
|
|t:|1622922539
|move|p1a: Togedemaru|U-turn|p2a: Palossand
|-resisted|p2a: Palossand
|-damage|p2a: Palossand|26/100 tox
|
|t:|1622922547
|switch|p1a: Altaria|Altaria, F|100/100|[from]move: U-turn
|move|p2a: Palossand|Shore Up|p2a: Palossand
|-heal|p2a: Palossand|76/100 tox
|
|-damage|p2a: Palossand|64/100 tox|[from] psn
|upkeep
|turn|63
|
|t:|1622922572
|switch|p2a: Thwackey|Thwackey, F|99/100
|-fieldstart|move: Grassy Terrain|[from] ability: Grassy Surge|[of] p2a: Thwackey
|move|p1a: Altaria|Fire Spin|p2a: Thwackey
|-supereffective|p2a: Thwackey
|-damage|p2a: Thwackey|77/100
|-activate|p2a: Thwackey|move: Fire Spin|[of] p1a: Altaria
|
|-heal|p2a: Thwackey|83/100|[from] Grassy Terrain
|-damage|p2a: Thwackey|70/100|[from] move: Fire Spin|[partiallytrapped]
|upkeep
|turn|64
|
|t:|1622922581
|move|p2a: Thwackey|U-turn|p1a: Altaria
|-resisted|p1a: Altaria
|-damage|p1a: Altaria|89/100
|
|t:|1622922584
|switch|p2a: Silvally|Silvally-Fairy|53/100|[from]move: U-turn
|move|p1a: Altaria|Perish Song|p1a: Altaria
|-start|p1a: Altaria|perish3|[silent]
|-start|p2a: Silvally|perish3|[silent]
|-fieldactivate|move: Perish Song
|
|-heal|p2a: Silvally|59/100|[from] Grassy Terrain
|-start|p2a: Silvally|perish3
|-start|p1a: Altaria|perish3
|upkeep
|turn|65
|
|t:|1622922593
|switch|p1a: Togedemaru|Togedemaru, M|100/100
|move|p2a: Silvally|Multi-Attack|p1a: Togedemaru
|-resisted|p1a: Togedemaru
|-damage|p1a: Togedemaru|69/100
|
|-heal|p2a: Silvally|65/100|[from] Grassy Terrain
|-heal|p1a: Togedemaru|75/100|[from] Grassy Terrain
|-heal|p1a: Togedemaru|81/100|[from] item: Leftovers
|-start|p2a: Silvally|perish2
|upkeep
|turn|66
|
|t:|1622922600
|move|p2a: Silvally|Parting Shot|p1a: Togedemaru
|-unboost|p1a: Togedemaru|atk|1
|-unboost|p1a: Togedemaru|spa|1
|l|☆FNC_Urgot
|inactive|FNC_Urgot disconnected and has a minute to reconnect!
|player|p1|
|
|t:|1622922605
|switch|p2a: Palossand|Palossand, M|64/100 tox|[from]move: Parting Shot
|move|p1a: Togedemaru|Toxic|p2a: Palossand|[miss]
|-miss|p1a: Togedemaru|p2a: Palossand
|
|-heal|p1a: Togedemaru|87/100|[from] Grassy Terrain
|-heal|p1a: Togedemaru|93/100|[from] item: Leftovers
|-heal|p2a: Palossand|70/100 tox|[from] Grassy Terrain
|-damage|p2a: Palossand|64/100 tox|[from] psn
|upkeep
|turn|67
|inactive|FNC_Urgot has 30 seconds to reconnect!
|inactive|FNC_Urgot has 20 seconds to reconnect!
|inactive|FNC_Urgot has 15 seconds to reconnect!
|inactive|FNC_Urgot has 10 seconds to reconnect!
|inactive|FNC_Urgot has 5 seconds to reconnect!
|-message|FNC_Urgot lost due to inactivity.
|
|win|Regi Time
|raw|FNC_Urgot's rating: 1489 &rarr; <strong>1466</strong><br />(-23 for losing)
|raw|Regi Time's rating: 1432 &rarr; <strong>1455</strong><br />(+23 for winning)
|l| IamTheLizard
