|raw|<div class="broadcast-blue"><strong>This battle is required to be public due to a player having a name starting with 'pult94d'.</div>
|j|☆VinzyxVinzy
|j|☆pult94d zizoupaz
|t:|1628588045
|gametype|singles
|player|p1|VinzyxVinzy|102|1271
|player|p2|pult94d zizoupaz|1|1531
|teamsize|p1|6
|teamsize|p2|6
|gen|8
|tier|[Gen 8] PU
|rated|
|rule|Sleep Clause Mod: Limit one foe put to sleep
|rule|Species Clause: Limit one of each Pokémon
|rule|OHKO Clause: OHKO moves are banned
|rule|Evasion Moves Clause: Evasion moves are banned
|rule|Endless Battle Clause: Forcing endless battles is banned
|rule|HP Percentage Mod: HP is shown in percentages
|rule|Dynamax Clause: You cannot dynamax
|clearpoke
|poke|p1|Absol, M|
|poke|p1|Mesprit|
|poke|p1|Sandslash, M|
|poke|p1|Galvantula, F|
|poke|p1|Weezing, M|
|poke|p1|Aromatisse, F|
|poke|p2|Mesprit|
|poke|p2|Scrafty, F|
|poke|p2|Charizard, F|
|poke|p2|Ribombee, F|
|poke|p2|Silvally-*|
|poke|p2|Kabutops, M|
|teampreview
|inactive|Battle timer is ON: inactive players will automatically lose when time's up. (requested by pult94d zizoupaz)
|
|t:|1628588059
|start
|switch|p1a: Galvantula|Galvantula, F|100/100
|switch|p2a: Mesprit|Mesprit|100/100
|turn|1
|
|t:|1628588062
|move|p2a: Mesprit|Magic Coat|p2a: Mesprit
|-singleturn|p2a: Mesprit|move: Magic Coat
|move|p1a: Galvantula|Sticky Web|p2a: Mesprit
|move|p2a: Mesprit|Sticky Web|p1a: Galvantula|[from]Magic Coat
|-sidestart|p1: VinzyxVinzy|move: Sticky Web
|
|upkeep
|turn|2
|
|t:|1628588065
|move|p1a: Galvantula|Sticky Web|p2a: Mesprit
|-sidestart|p2: pult94d zizoupaz|move: Sticky Web
|move|p2a: Mesprit|Stealth Rock|p1a: Galvantula
|-sidestart|p1: VinzyxVinzy|move: Stealth Rock
|
|upkeep
|turn|3
|
|t:|1628588071
|move|p1a: Galvantula|Bug Buzz|p2a: Mesprit
|-supereffective|p2a: Mesprit
|-damage|p2a: Mesprit|30/100
|move|p2a: Mesprit|Healing Wish|p2a: Mesprit
|faint|p2a: Mesprit
|
|upkeep
|
|t:|1628588077
|switch|p2a: Silvally|Silvally-Ghost|100/100
|-activate|p2a: Silvally|move: Sticky Web
|-unboost|p2a: Silvally|spe|1
|turn|4
|
|t:|1628588080
|move|p1a: Galvantula|Thunder|p2a: Silvally
|-damage|p2a: Silvally|52/100
|-status|p2a: Silvally|par
|cant|p2a: Silvally|par
|
|upkeep
|turn|5
|
|t:|1628588085
|move|p1a: Galvantula|Thunder|p2a: Silvally
|-crit|p2a: Silvally
|-damage|p2a: Silvally|0 fnt
|faint|p2a: Silvally
|
|upkeep
|c|☆pult94d zizoupaz|bro
|c|☆pult94d zizoupaz|can u fucking stop being random
|c|☆VinzyxVinzy|?
|c|☆pult94d zizoupaz|i mean oml
|c|☆pult94d zizoupaz|why is that always like that
|
|t:|1628588109
|switch|p2a: Ribombee|Ribombee, F|100/100
|-activate|p2a: Ribombee|move: Sticky Web
|-unboost|p2a: Ribombee|spe|1
|turn|6
|
|t:|1628588117
|move|p1a: Galvantula|Bug Buzz|p2a: Ribombee
|-resisted|p2a: Ribombee
|-damage|p2a: Ribombee|68/100
|move|p2a: Ribombee|Moonblast|p1a: Galvantula
|-enditem|p1a: Galvantula|Focus Sash
|-damage|p1a: Galvantula|1/100
|
|upkeep
|turn|7
|
|t:|1628588124
|move|p1a: Galvantula|Thunder|p2a: Ribombee
|-damage|p2a: Ribombee|0 fnt
|faint|p2a: Ribombee
|
|upkeep
|
|t:|1628588126
|switch|p2a: Scrafty|Scrafty, F|100/100
|-activate|p2a: Scrafty|move: Sticky Web
|-unboost|p2a: Scrafty|spe|1
|turn|8
|
|t:|1628588129
|move|p1a: Galvantula|Bug Buzz|p2a: Scrafty
|-damage|p2a: Scrafty|60/100
|move|p2a: Scrafty|Knock Off|p1a: Galvantula
|-damage|p1a: Galvantula|0 fnt
|faint|p1a: Galvantula
|
|upkeep
|
|t:|1628588140
|switch|p1a: Weezing|Weezing, M|100/100
|-damage|p1a: Weezing|88/100|[from] Stealth Rock
|turn|9
|
|t:|1628588144
|switch|p2a: Kabutops|Kabutops, M|100/100
|-activate|p2a: Kabutops|move: Sticky Web
|-unboost|p2a: Kabutops|spe|1
|move|p1a: Weezing|Toxic|p2a: Kabutops
|-status|p2a: Kabutops|tox
|
|-damage|p2a: Kabutops|94/100 tox|[from] psn
|upkeep
|turn|10
|
|t:|1628588151
|move|p2a: Kabutops|Rapid Spin|p1a: Weezing
|-damage|p1a: Weezing|78/100
|-boost|p2a: Kabutops|spe|1
|-damage|p2a: Kabutops|78/100 tox|[from] item: Rocky Helmet|[of] p1a: Weezing
|-sideend|p2: pult94d zizoupaz|Sticky Web|[from] move: Rapid Spin|[of] p2a: Kabutops
|move|p1a: Weezing|Sludge Bomb|p2a: Kabutops
|-resisted|p2a: Kabutops
|-damage|p2a: Kabutops|55/100 tox
|
|-damage|p2a: Kabutops|43/100 tox|[from] psn
|upkeep
|turn|11
|
|t:|1628588158
|move|p2a: Kabutops|Rapid Spin|p1a: Weezing
|-damage|p1a: Weezing|67/100
|-boost|p2a: Kabutops|spe|1
|-damage|p2a: Kabutops|26/100 tox|[from] item: Rocky Helmet|[of] p1a: Weezing
|move|p1a: Weezing|Sludge Bomb|p2a: Kabutops
|-resisted|p2a: Kabutops
|-damage|p2a: Kabutops|1/100 tox
|
|-damage|p2a: Kabutops|0 fnt|[from] psn
|faint|p2a: Kabutops
|upkeep
|
|t:|1628588160
|switch|p2a: Scrafty|Scrafty, F|60/100
|-heal|p2a: Scrafty|100/100|[from] move: Healing Wish
|turn|12
|
|t:|1628588168
|move|p2a: Scrafty|Dragon Dance|p2a: Scrafty
|-boost|p2a: Scrafty|atk|1
|-boost|p2a: Scrafty|spe|1
|move|p1a: Weezing|Pain Split|p2a: Scrafty
|-sethp|p2a: Scrafty|92/100|[from] move: Pain Split|[silent]
|-sethp|p1a: Weezing|74/100|[from] move: Pain Split
|
|upkeep
|turn|13
|
|t:|1628588173
|move|p2a: Scrafty|Dragon Dance|p2a: Scrafty
|-boost|p2a: Scrafty|atk|1
|-boost|p2a: Scrafty|spe|1
|move|p1a: Weezing|Toxic|p2a: Scrafty
|-status|p2a: Scrafty|tox
|
|-damage|p2a: Scrafty|86/100 tox|[from] psn
|upkeep
|turn|14
|
|t:|1628588177
|move|p2a: Scrafty|Knock Off|p1a: Weezing
|-damage|p1a: Weezing|21/100
|-damage|p2a: Scrafty|69/100 tox|[from] item: Rocky Helmet|[of] p1a: Weezing
|-enditem|p1a: Weezing|Rocky Helmet|[from] move: Knock Off|[of] p2a: Scrafty
|move|p1a: Weezing|Pain Split|p2a: Scrafty
|-sethp|p2a: Scrafty|47/100 tox|[from] move: Pain Split|[silent]
|-sethp|p1a: Weezing|39/100|[from] move: Pain Split
|
|-damage|p2a: Scrafty|36/100 tox|[from] psn
|upkeep
|turn|15
|c|☆pult94d zizoupaz|shed skin???
|
|t:|1628588189
|move|p2a: Scrafty|Knock Off|p1a: Weezing
|-damage|p1a: Weezing|7/100
|move|p1a: Weezing|Flamethrower|p2a: Scrafty
|-damage|p2a: Scrafty|16/100 tox
|
|-damage|p2a: Scrafty|0 fnt|[from] psn
|faint|p2a: Scrafty
|upkeep
|c|☆pult94d zizoupaz|fuck this game
|
|t:|1628588196
|switch|p2a: Charizard|Charizard, F|100/100
|turn|16
|
|t:|1628588203
|move|p2a: Charizard|Flare Blitz|p1a: Weezing
|-damage|p1a: Weezing|0 fnt
|faint|p1a: Weezing
|-damage|p2a: Charizard|98/100|[from] Recoil
|
|upkeep
|
|t:|1628588206
|switch|p1a: Sandslash|Sandslash, M|100/100
|-activate|p1a: Sandslash|move: Sticky Web
|-unboost|p1a: Sandslash|spe|1
|-damage|p1a: Sandslash|94/100|[from] Stealth Rock
|turn|17
|
|t:|1628588208
|move|p2a: Charizard|Dragon Dance|p2a: Charizard
|-boost|p2a: Charizard|atk|1
|-boost|p2a: Charizard|spe|1
|move|p1a: Sandslash|Rock Slide|p2a: Charizard
|-supereffective|p2a: Charizard
|-damage|p2a: Charizard|0 fnt
|faint|p2a: Charizard
|
|win|VinzyxVinzy
|raw|VinzyxVinzy's rating: 1271 &rarr; <strong>1312</strong><br />(+41 for winning)
|raw|pult94d zizoupaz's rating: 1531 &rarr; <strong>1498</strong><br />(-33 for losing)
|l|☆pult94d zizoupaz
