|j|☆Lambovino
|j|☆Haffling
|t:|1658522748
|gametype|singles
|player|p1|Lambovino|pokemonranger-gen6|
|player|p2|Haffling|cyrus|
|teamsize|p1|6
|teamsize|p2|6
|gen|8
|tier|[Gen 8] PU
|rated|Tournament battle
|rule|Sleep Clause Mod: Limit one foe put to sleep
|rule|Species Clause: Limit one of each Pokémon
|rule|OHKO Clause: OHKO moves are banned
|rule|Evasion Moves Clause: Evasion moves are banned
|rule|Endless Battle Clause: Forcing endless battles is banned
|rule|HP Percentage Mod: HP is shown in percentages
|rule|Dynamax Clause: You cannot dynamax
|clearpoke
|poke|p1|Raichu, F|
|poke|p1|Basculin-Blue-Striped, M|
|poke|p1|Doublade, F|
|poke|p1|Druddigon, F|
|poke|p1|Ribombee, M|
|poke|p1|Eldegoss, M|
|poke|p2|Mesprit|
|poke|p2|Wishiwashi, M|
|poke|p2|Aromatisse, M|
|poke|p2|Whimsicott, F|
|poke|p2|Charizard, F|
|poke|p2|Gigalith, F|
|teampreview
|j| pokechamp13
|c|☆Haffling|hf
|c|☆Lambovino|hf
|
|t:|1658522756
|start
|switch|p1a: Basculin|Basculin-Blue-Striped, M|100/100
|switch|p2a: Gigalith|Gigalith, F|100/100
|-weather|Sandstorm|[from] ability: Sand Stream|[of] p2a: Gigalith
|turn|1
|
|t:|1658522760
|move|p2a: Gigalith|Protect|p2a: Gigalith
|-singleturn|p2a: Gigalith|Protect
|move|p1a: Basculin|Flip Turn|p2a: Gigalith
|-activate|p2a: Gigalith|move: Protect
|
|-weather|Sandstorm|[upkeep]
|-damage|p1a: Basculin|94/100|[from] Sandstorm
|upkeep
|turn|2
|j| Kython
|
|t:|1658522799
|switch|p2a: Wishiwashi|Wishiwashi, M|100/100
|-formechange|p2a: Wishiwashi|Wishiwashi-School||[from] ability: Schooling
|move|p1a: Basculin|Flip Turn|p2a: Wishiwashi
|-resisted|p2a: Wishiwashi
|-damage|p2a: Wishiwashi|84/100
|
|t:|1658522818
|switch|p1a: Raichu|Raichu, F|100/100|[from]move: Flip Turn
|
|-weather|Sandstorm|[upkeep]
|-damage|p1a: Raichu|94/100|[from] Sandstorm
|-damage|p2a: Wishiwashi|78/100|[from] Sandstorm
|-heal|p2a: Wishiwashi|84/100|[from] item: Leftovers
|upkeep
|turn|3
|
|t:|1658522825
|switch|p2a: Whimsicott|Whimsicott, F|100/100
|move|p1a: Raichu|Knock Off|p2a: Whimsicott
|-resisted|p2a: Whimsicott
|-damage|p2a: Whimsicott|87/100
|-enditem|p2a: Whimsicott|Heavy-Duty Boots|[from] move: Knock Off|[of] p1a: Raichu
|
|-weather|Sandstorm|[upkeep]
|-damage|p2a: Whimsicott|81/100|[from] Sandstorm
|-damage|p1a: Raichu|88/100|[from] Sandstorm
|upkeep
|turn|4
|
|t:|1658522830
|move|p2a: Whimsicott|Knock Off|p1a: Raichu
|-damage|p1a: Raichu|57/100
|-enditem|p1a: Raichu|Heavy-Duty Boots|[from] move: Knock Off|[of] p2a: Whimsicott
|move|p1a: Raichu|Volt Switch|p2a: Whimsicott
|-resisted|p2a: Whimsicott
|-damage|p2a: Whimsicott|59/100
|
|t:|1658522834
|switch|p1a: Druddigon|Druddigon, F|100/100|[from]move: Volt Switch
|
|-weather|Sandstorm|[upkeep]
|-damage|p2a: Whimsicott|53/100|[from] Sandstorm
|-damage|p1a: Druddigon|94/100|[from] Sandstorm
|-heal|p1a: Druddigon|100/100|[from] item: Leftovers
|upkeep
|turn|5
|
|t:|1658522837
|move|p2a: Whimsicott|Moonblast|p1a: Druddigon
|-supereffective|p1a: Druddigon
|-damage|p1a: Druddigon|51/100
|-unboost|p1a: Druddigon|spa|1
|move|p1a: Druddigon|Glare|p2a: Whimsicott
|-status|p2a: Whimsicott|par
|
|-weather|none
|-heal|p1a: Druddigon|57/100|[from] item: Leftovers
|upkeep
|turn|6
|
|t:|1658522849
|switch|p2a: Mesprit|Mesprit|100/100
|move|p1a: Druddigon|Stealth Rock|p2a: Mesprit
|-sidestart|p2: Haffling|move: Stealth Rock
|
|-heal|p1a: Druddigon|64/100|[from] item: Leftovers
|upkeep
|turn|7
|j|+MARCU5theBAW5
|j| Mercedes 450 SLC
|j| kabilapoK ❄_❄
|
|t:|1658522874
|move|p2a: Mesprit|Dazzling Gleam|p1a: Druddigon
|-supereffective|p1a: Druddigon
|-damage|p1a: Druddigon|27/100
|move|p1a: Druddigon|Glare|p2a: Mesprit
|-status|p2a: Mesprit|par
|
|-heal|p1a: Druddigon|33/100|[from] item: Leftovers
|upkeep
|turn|8
|l| Mercedes 450 SLC
|
|t:|1658522881
|switch|p2a: Aromatisse|Aromatisse, M|100/100
|-damage|p2a: Aromatisse|88/100|[from] Stealth Rock
|switch|p1a: Doublade|Doublade, F|100/100
|
|-heal|p2a: Aromatisse|94/100|[from] item: Leftovers
|upkeep
|turn|9
|
|t:|1658522885
|move|p1a: Doublade|Swords Dance|p1a: Doublade
|-boost|p1a: Doublade|atk|2
|move|p2a: Aromatisse|Aromatherapy|p2a: Aromatisse
|-activate|p2a: Aromatisse|move: Aromatherapy
|-curestatus|p2: Mesprit|par|[msg]
|-curestatus|p2: Whimsicott|par|[msg]
|
|-heal|p2a: Aromatisse|100/100|[from] item: Leftovers
|upkeep
|turn|10
|
|t:|1658522891
|switch|p2a: Wishiwashi|Wishiwashi, M|84/100
|-damage|p2a: Wishiwashi|72/100|[from] Stealth Rock
|-formechange|p2a: Wishiwashi|Wishiwashi-School||[from] ability: Schooling
|move|p1a: Doublade|Close Combat|p2a: Wishiwashi
|-damage|p2a: Wishiwashi|25/100
|-unboost|p1a: Doublade|def|1
|-unboost|p1a: Doublade|spd|1
|
|-heal|p2a: Wishiwashi|31/100|[from] item: Leftovers
|upkeep
|turn|11
|
|t:|1658522895
|move|p1a: Doublade|Rock Slide|p2a: Wishiwashi
|-damage|p2a: Wishiwashi|4/100
|move|p2a: Wishiwashi|Rest|p2a: Wishiwashi
|-status|p2a: Wishiwashi|slp|[from] move: Rest
|-heal|p2a: Wishiwashi|100/100 slp|[silent]
|
|upkeep
|turn|12
|
|t:|1658522900
|move|p1a: Doublade|Close Combat|p2a: Wishiwashi
|-damage|p2a: Wishiwashi|60/100 slp
|-unboost|p1a: Doublade|def|1
|-unboost|p1a: Doublade|spd|1
|cant|p2a: Wishiwashi|slp
|move|p2a: Wishiwashi|Sleep Talk|p2a: Wishiwashi
|move|p2a: Wishiwashi|Rest||[from]move: Sleep Talk|[still]
|-fail|p2a: Wishiwashi
|
|-heal|p2a: Wishiwashi|66/100 slp|[from] item: Leftovers
|upkeep
|turn|13
|
|t:|1658522906
|move|p1a: Doublade|Close Combat|p2a: Wishiwashi
|-damage|p2a: Wishiwashi|22/100 slp
|-unboost|p1a: Doublade|def|1
|-unboost|p1a: Doublade|spd|1
|cant|p2a: Wishiwashi|slp
|move|p2a: Wishiwashi|Sleep Talk|p2a: Wishiwashi
|move|p2a: Wishiwashi|Rest||[from]move: Sleep Talk|[still]
|-fail|p2a: Wishiwashi
|
|-heal|p2a: Wishiwashi|28/100 slp|[from] item: Leftovers
|upkeep
|turn|14
|c|☆Haffling|aw
|
|t:|1658522926
|move|p1a: Doublade|Close Combat|p2a: Wishiwashi
|-damage|p2a: Wishiwashi|0 fnt
|-unboost|p1a: Doublade|def|1
|-unboost|p1a: Doublade|spd|1
|faint|p2a: Wishiwashi
|
|upkeep
|
|t:|1658522929
|switch|p2a: Charizard|Charizard, F|100/100
|turn|15
|
|t:|1658522949
|switch|p1a: Eldegoss|Eldegoss, M|100/100
|move|p2a: Charizard|Flamethrower|p1a: Eldegoss
|-supereffective|p1a: Eldegoss
|-damage|p1a: Eldegoss|19/100
|-enditem|p1a: Eldegoss|Eject Button
|
|t:|1658522954
|switch|p1a: Basculin|Basculin-Blue-Striped, M|94/100
|
|upkeep
|turn|16
|
|t:|1658522964
|switch|p2a: Aromatisse|Aromatisse, M|100/100
|-damage|p2a: Aromatisse|88/100|[from] Stealth Rock
|move|p1a: Basculin|Flip Turn|p2a: Aromatisse
|-damage|p2a: Aromatisse|51/100
|
|t:|1658522969
|switch|p1a: Ribombee|Ribombee, M|100/100|[from]move: Flip Turn
|
|-heal|p2a: Aromatisse|57/100|[from] item: Leftovers
|upkeep
|turn|17
|
|t:|1658522977
|move|p1a: Ribombee|U-turn|p2a: Aromatisse
|-resisted|p2a: Aromatisse
|-damage|p2a: Aromatisse|52/100
|
|t:|1658522989
|switch|p1a: Eldegoss|Eldegoss, M|52/100|[from]move: U-turn
|move|p2a: Aromatisse|Wish|p2a: Aromatisse
|
|-heal|p2a: Aromatisse|58/100|[from] item: Leftovers
|upkeep
|turn|18
|
|t:|1658522994
|switch|p2a: Whimsicott|Whimsicott, F|53/100
|-damage|p2a: Whimsicott|41/100|[from] Stealth Rock
|move|p1a: Eldegoss|Leech Seed|p2a: Whimsicott
|-immune|p2a: Whimsicott
|
|-heal|p2a: Whimsicott|100/100|[from] move: Wish|[wisher] Aromatisse
|upkeep
|turn|19
|
|t:|1658522998
|move|p2a: Whimsicott|Defog|p1a: Eldegoss
|-unboost|p1a: Eldegoss|evasion|1
|-sideend|p2: Haffling|Stealth Rock|[from] move: Defog|[of] p2a: Whimsicott
|move|p1a: Eldegoss|Giga Drain|p2a: Whimsicott
|-resisted|p2a: Whimsicott
|-damage|p2a: Whimsicott|75/100
|-heal|p1a: Eldegoss|62/100|[from] drain|[of] p2a: Whimsicott
|
|upkeep
|turn|20
|
|t:|1658523002
|move|p2a: Whimsicott|Moonblast|p1a: Eldegoss
|-damage|p1a: Eldegoss|29/100
|-unboost|p1a: Eldegoss|spa|1
|move|p1a: Eldegoss|Giga Drain|p2a: Whimsicott
|-resisted|p2a: Whimsicott
|-damage|p2a: Whimsicott|59/100
|-heal|p1a: Eldegoss|35/100|[from] drain|[of] p2a: Whimsicott
|
|upkeep
|turn|21
|
|t:|1658523007
|switch|p1a: Doublade|Doublade, F|100/100
|move|p2a: Whimsicott|Moonblast|p1a: Doublade
|-resisted|p1a: Doublade
|-damage|p1a: Doublade|83/100
|
|upkeep
|turn|22
|
|t:|1658523014
|move|p2a: Whimsicott|Knock Off|p1a: Doublade
|-supereffective|p1a: Doublade
|-damage|p1a: Doublade|69/100
|-enditem|p1a: Doublade|Eviolite|[from] move: Knock Off|[of] p2a: Whimsicott
|move|p1a: Doublade|Rock Slide|p2a: Whimsicott
|-damage|p2a: Whimsicott|31/100
|
|upkeep
|turn|23
|
|t:|1658523018
|move|p2a: Whimsicott|Moonblast|p1a: Doublade
|-resisted|p1a: Doublade
|-damage|p1a: Doublade|45/100
|move|p1a: Doublade|Rock Slide|p2a: Whimsicott
|-damage|p2a: Whimsicott|0 fnt
|faint|p2a: Whimsicott
|
|upkeep
|
|t:|1658523029
|switch|p2a: Mesprit|Mesprit|100/100
|turn|24
|
|t:|1658523056
|switch|p1a: Eldegoss|Eldegoss, M|68/100
|move|p2a: Mesprit|Shadow Ball|p1a: Eldegoss
|-damage|p1a: Eldegoss|45/100
|
|upkeep
|turn|25
|
|t:|1658523064
|move|p2a: Mesprit|Nasty Plot|p2a: Mesprit
|-boost|p2a: Mesprit|spa|2
|move|p1a: Eldegoss|Leech Seed|p2a: Mesprit
|-start|p2a: Mesprit|move: Leech Seed
|
|-damage|p2a: Mesprit|88/100|[from] Leech Seed|[of] p1a: Eldegoss
|-heal|p1a: Eldegoss|57/100|[silent]
|upkeep
|turn|26
|
|t:|1658523096
|switch|p1a: Ribombee|Ribombee, M|100/100
|move|p2a: Mesprit|Psyshock|p1a: Ribombee
|-damage|p1a: Ribombee|0 fnt
|faint|p1a: Ribombee
|
|upkeep
|j| Don Constantinez
|
|t:|1658523100
|switch|p1a: Basculin|Basculin-Blue-Striped, M|94/100
|turn|27
|
|t:|1658523108
|move|p1a: Basculin|Flip Turn|p2a: Mesprit
|-damage|p2a: Mesprit|31/100
|
|t:|1658523146
|switch|p1a: Eldegoss|Eldegoss, M|90/100|[from]move: Flip Turn
|move|p2a: Mesprit|Psyshock|p1a: Eldegoss
|-damage|p1a: Eldegoss|1/100
|
|-damage|p2a: Mesprit|19/100|[from] Leech Seed|[of] p1a: Eldegoss
|-heal|p1a: Eldegoss|13/100|[silent]
|upkeep
|turn|28
|
|t:|1658523153
|move|p2a: Mesprit|Shadow Ball|p1a: Eldegoss
|-damage|p1a: Eldegoss|0 fnt
|faint|p1a: Eldegoss
|
|upkeep
|
|t:|1658523157
|switch|p1a: Basculin|Basculin-Blue-Striped, M|94/100
|turn|29
|
|t:|1658523160
|move|p1a: Basculin|Liquidation|p2a: Mesprit
|-damage|p2a: Mesprit|0 fnt
|faint|p2a: Mesprit
|
|upkeep
|
|t:|1658523163
|switch|p2a: Aromatisse|Aromatisse, M|58/100
|turn|30
|
|t:|1658523191
|move|p2a: Aromatisse|Protect|p2a: Aromatisse
|-singleturn|p2a: Aromatisse|Protect
|move|p1a: Basculin|Liquidation|p2a: Aromatisse
|-activate|p2a: Aromatisse|move: Protect
|
|-heal|p2a: Aromatisse|65/100|[from] item: Leftovers
|upkeep
|turn|31
|
|t:|1658523197
|move|p1a: Basculin|Liquidation|p2a: Aromatisse
|-damage|p2a: Aromatisse|10/100
|move|p2a: Aromatisse|Wish|p2a: Aromatisse
|
|-heal|p2a: Aromatisse|16/100|[from] item: Leftovers
|upkeep
|turn|32
|
|t:|1658523205
|switch|p1a: Druddigon|Druddigon, F|33/100
|move|p2a: Aromatisse|Protect||[still]
|-fail|p2a: Aromatisse
|
|-heal|p2a: Aromatisse|66/100|[from] move: Wish|[wisher] Aromatisse
|-heal|p1a: Druddigon|39/100|[from] item: Leftovers
|-heal|p2a: Aromatisse|73/100|[from] item: Leftovers
|upkeep
|turn|33
|
|t:|1658523213
|move|p1a: Druddigon|Glare|p2a: Aromatisse
|-status|p2a: Aromatisse|par
|move|p2a: Aromatisse|Wish|p2a: Aromatisse
|
|-heal|p1a: Druddigon|45/100|[from] item: Leftovers
|-heal|p2a: Aromatisse|79/100 par|[from] item: Leftovers
|upkeep
|turn|34
|
|t:|1658523217
|move|p1a: Druddigon|Stealth Rock|p2a: Aromatisse
|-sidestart|p2: Haffling|move: Stealth Rock
|move|p2a: Aromatisse|Moonblast|p1a: Druddigon
|-supereffective|p1a: Druddigon
|-damage|p1a: Druddigon|0 fnt
|faint|p1a: Druddigon
|
|-heal|p2a: Aromatisse|100/100 par|[from] move: Wish|[wisher] Aromatisse
|upkeep
|
|t:|1658523232
|switch|p1a: Basculin|Basculin-Blue-Striped, M|94/100
|turn|35
|
|t:|1658523236
|move|p1a: Basculin|Liquidation|p2a: Aromatisse
|-damage|p2a: Aromatisse|51/100 par
|-unboost|p2a: Aromatisse|def|1
|cant|p2a: Aromatisse|par
|
|-heal|p2a: Aromatisse|57/100 par|[from] item: Leftovers
|upkeep
|turn|36
|c|☆Haffling|nooo
|c|☆Lambovino|sryy
|
|t:|1658523249
|move|p2a: Aromatisse|Protect|p2a: Aromatisse
|-singleturn|p2a: Aromatisse|Protect
|move|p1a: Basculin|Liquidation|p2a: Aromatisse
|-activate|p2a: Aromatisse|move: Protect
|
|-heal|p2a: Aromatisse|63/100 par|[from] item: Leftovers
|upkeep
|turn|37
|
|t:|1658523265
|move|p1a: Basculin|Liquidation|p2a: Aromatisse
|-damage|p2a: Aromatisse|0 fnt
|faint|p2a: Aromatisse
|
|upkeep
|
|t:|1658523268
|switch|p2a: Gigalith|Gigalith, F|100/100
|-damage|p2a: Gigalith|88/100|[from] Stealth Rock
|-weather|Sandstorm|[from] ability: Sand Stream|[of] p2a: Gigalith
|turn|38
|
|t:|1658523271
|move|p2a: Gigalith|Protect|p2a: Gigalith
|-singleturn|p2a: Gigalith|Protect
|move|p1a: Basculin|Liquidation|p2a: Gigalith
|-activate|p2a: Gigalith|move: Protect
|
|-weather|Sandstorm|[upkeep]
|-damage|p1a: Basculin|88/100|[from] Sandstorm
|-heal|p2a: Gigalith|94/100|[from] item: Leftovers
|upkeep
|turn|39
|
|t:|1658523275
|move|p1a: Basculin|Liquidation|p2a: Gigalith
|-supereffective|p2a: Gigalith
|-damage|p2a: Gigalith|0 fnt
|faint|p2a: Gigalith
|
|-weather|Sandstorm|[upkeep]
|-damage|p1a: Basculin|82/100|[from] Sandstorm
|upkeep
|
|t:|1658523277
|switch|p2a: Charizard|Charizard, F|100/100
|turn|40
|
|t:|1658523313
|switch|p1a: Doublade|Doublade, F|45/100
|move|p2a: Charizard|Hurricane|p1a: Doublade
|-resisted|p1a: Doublade
|-damage|p1a: Doublade|10/100
|-start|p1a: Doublade|confusion
|
|-weather|Sandstorm|[upkeep]
|-damage|p2a: Charizard|94/100|[from] Sandstorm
|upkeep
|turn|41
|
|t:|1658523321
|-activate|p1a: Doublade|confusion
|move|p1a: Doublade|Shadow Sneak|p2a: Charizard
|-crit|p2a: Charizard
|-damage|p2a: Charizard|61/100
|move|p2a: Charizard|Flamethrower|p1a: Doublade
|-supereffective|p1a: Doublade
|-damage|p1a: Doublade|0 fnt
|faint|p1a: Doublade
|
|-weather|Sandstorm|[upkeep]
|-damage|p2a: Charizard|55/100|[from] Sandstorm
|upkeep
|
|t:|1658523324
|switch|p1a: Basculin|Basculin-Blue-Striped, M|82/100
|turn|42
|c|☆Lambovino|gg
|
|t:|1658523328
|move|p1a: Basculin|Aqua Jet|p2a: Charizard
|-supereffective|p2a: Charizard
|-damage|p2a: Charizard|0 fnt
|faint|p2a: Charizard
|
|win|Lambovino
|n|☆Lambovino|lambovino
|n|☆Haffling|haffling
|n| pokechamp13|pokechamp13
|n| Kython|kython
|n|+MARCU5theBAW5|marcu5thebaw5
|n| kabilapoK ❄_❄|kabilapok
|n| Don Constantinez|donconstantinez
