|j|☆m3p0
|j|☆Lawlessheart
|t:|1609732983
|player|p1|m3p0|rocketgrunt|1329
|player|p2|Lawlessheart|preschoolerf|1126
|teamsize|p1|6
|teamsize|p2|6
|gametype|singles
|gen|8
|tier|[Gen 8] PU
|rated|
|clearpoke
|poke|p1|Metang|
|poke|p1|Aromatisse, F|
|poke|p1|Silvally-*|
|poke|p1|Roserade, F|
|poke|p1|Rotom|
|poke|p1|Gallade, M|
|poke|p2|Piloswine, F|
|poke|p2|Absol, F|
|poke|p2|Lycanroc-Midnight, F|
|poke|p2|Drifblim, F|
|poke|p2|Silvally-*|
|poke|p2|Cramorant, F|
|rule|Sleep Clause Mod: Limit one foe put to sleep
|rule|Species Clause: Limit one of each Pokémon
|rule|OHKO Clause: OHKO moves are banned
|rule|Evasion Moves Clause: Evasion moves are banned
|rule|Endless Battle Clause: Forcing endless battles is banned
|rule|HP Percentage Mod: HP is shown in percentages
|rule|Dynamax Clause: You cannot dynamax
|teampreview
|
|t:|1609733000
|start
|switch|p1a: Metang|Metang|100/100
|switch|p2a: Drifblim|Drifblim, F|100/100
|turn|1
|
|t:|1609733008
|move|p2a: Drifblim|Calm Mind|p2a: Drifblim
|-boost|p2a: Drifblim|spa|1
|-boost|p2a: Drifblim|spd|1
|move|p1a: Metang|Stealth Rock|p2a: Drifblim
|-sidestart|p2: Lawlessheart|move: Stealth Rock
|
|upkeep
|turn|2
|
|t:|1609733014
|move|p2a: Drifblim|Calm Mind|p2a: Drifblim
|-boost|p2a: Drifblim|spa|1
|-boost|p2a: Drifblim|spd|1
|move|p1a: Metang|Toxic|p2a: Drifblim
|-status|p2a: Drifblim|tox
|
|-damage|p2a: Drifblim|94/100 tox|[from] psn
|upkeep
|turn|3
|
|t:|1609733023
|switch|p1a: Silvally|Silvally-Dark|100/100
|move|p2a: Drifblim|Shadow Ball|p1a: Silvally
|-resisted|p1a: Silvally
|-damage|p1a: Silvally|68/100
|
|-heal|p2a: Drifblim|100/100 tox|[from] item: Leftovers
|-damage|p2a: Drifblim|88/100 tox|[from] psn
|upkeep
|turn|4
|
|t:|1609733033
|move|p1a: Silvally|Multi-Attack|p2a: Drifblim
|-supereffective|p2a: Drifblim
|-damage|p2a: Drifblim|0 fnt
|-damage|p1a: Silvally|43/100|[from] ability: Aftermath|[of] p2a: Drifblim
|faint|p2a: Drifblim
|
|upkeep
|
|t:|1609733045
|switch|p2a: Piloswine|Piloswine, F|100/100
|-damage|p2a: Piloswine|88/100|[from] Stealth Rock
|turn|5
|
|t:|1609733055
|switch|p1a: Aromatisse|Aromatisse, F|100/100
|move|p2a: Piloswine|Earthquake|p1a: Aromatisse
|-damage|p1a: Aromatisse|67/100
|
|-heal|p1a: Aromatisse|73/100|[from] item: Leftovers
|upkeep
|turn|6
|
|t:|1609733063
|move|p2a: Piloswine|Toxic|p1a: Aromatisse
|-status|p1a: Aromatisse|tox
|move|p1a: Aromatisse|Moonblast|p2a: Piloswine
|-damage|p2a: Piloswine|61/100
|-unboost|p2a: Piloswine|spa|1
|
|-heal|p1a: Aromatisse|80/100 tox|[from] item: Leftovers
|-damage|p1a: Aromatisse|73/100 tox|[from] psn
|upkeep
|turn|7
|
|t:|1609733074
|switch|p2a: Cramorant|Cramorant, F, shiny|100/100
|-damage|p2a: Cramorant|75/100|[from] Stealth Rock
|move|p1a: Aromatisse|Moonblast|p2a: Cramorant
|-damage|p2a: Cramorant|39/100
|
|-heal|p2a: Cramorant|45/100|[from] item: Leftovers
|-heal|p1a: Aromatisse|80/100 tox|[from] item: Leftovers
|-damage|p1a: Aromatisse|67/100 tox|[from] psn
|upkeep
|turn|8
|
|t:|1609733088
|move|p2a: Cramorant|Roost|p2a: Cramorant
|-heal|p2a: Cramorant|95/100
|-singleturn|p2a: Cramorant|move: Roost
|move|p1a: Aromatisse|Heal Bell|p1a: Aromatisse
|-activate|p1a: Aromatisse|move: Heal Bell
|-curestatus|p1a: Aromatisse|tox|[msg]
|
|-heal|p2a: Cramorant|100/100|[from] item: Leftovers
|-heal|p1a: Aromatisse|73/100|[from] item: Leftovers
|upkeep
|turn|9
|
|t:|1609733098
|switch|p1a: Metang|Metang|100/100
|move|p2a: Cramorant|Surf|p1a: Metang
|-formechange|p2a: Cramorant|Cramorant-Gulping|
|-damage|p1a: Metang|76/100
|
|upkeep
|turn|10
|
|t:|1609733106
|move|p2a: Cramorant|Surf|p1a: Metang
|-damage|p1a: Metang|52/100
|move|p1a: Metang|Toxic|p2a: Cramorant
|-status|p2a: Cramorant|tox
|
|-damage|p2a: Cramorant|94/100 tox|[from] psn
|upkeep
|turn|11
|
|t:|1609733114
|move|p2a: Cramorant|Surf|p1a: Metang
|-damage|p1a: Metang|27/100
|move|p1a: Metang|Meteor Mash|p2a: Cramorant
|-resisted|p2a: Cramorant
|-damage|p2a: Cramorant|74/100 tox
|-damage|p1a: Metang|2/100|[from] ability: Gulp Missile|[of] p2a: Cramorant
|-fail|p1a: Metang|unboost|[from] ability: Clear Body|[of] p1a: Metang
|-formechange|p2a: Cramorant|Cramorant|
|
|-heal|p2a: Cramorant|80/100 tox|[from] item: Leftovers
|-damage|p2a: Cramorant|68/100 tox|[from] psn
|upkeep
|turn|12
|
|t:|1609733126
|move|p2a: Cramorant|Surf|p1a: Metang
|-formechange|p2a: Cramorant|Cramorant-Gulping|
|-damage|p1a: Metang|0 fnt
|faint|p1a: Metang
|
|-heal|p2a: Cramorant|74/100 tox|[from] item: Leftovers
|-damage|p2a: Cramorant|56/100 tox|[from] psn
|upkeep
|
|t:|1609733137
|switch|p1a: Roserade|Roserade, F|100/100
|turn|13
|
|t:|1609733141
|move|p1a: Roserade|Energy Ball|p2a: Cramorant
|-damage|p2a: Cramorant|0 fnt
|-damage|p1a: Roserade|76/100|[from] ability: Gulp Missile|[of] p2a: Cramorant
|-unboost|p1a: Roserade|def|1
|-formechange|p2a: Cramorant|Cramorant|
|-damage|p1a: Roserade|66/100|[from] item: Life Orb
|faint|p2a: Cramorant
|
|upkeep
|
|t:|1609733152
|switch|p2a: Piloswine|Piloswine, F|61/100
|-damage|p2a: Piloswine|48/100|[from] Stealth Rock
|turn|14
|
|t:|1609733156
|move|p2a: Piloswine|Ice Shard|p1a: Roserade
|-supereffective|p1a: Roserade
|-damage|p1a: Roserade|0 fnt
|faint|p1a: Roserade
|
|upkeep
|
|t:|1609733161
|switch|p1a: Gallade|Gallade, M|100/100
|turn|15
|
|t:|1609733170
|move|p1a: Gallade|Close Combat|p2a: Piloswine
|-supereffective|p2a: Piloswine
|-damage|p2a: Piloswine|0 fnt
|-unboost|p1a: Gallade|def|1
|-unboost|p1a: Gallade|spd|1
|faint|p2a: Piloswine
|
|upkeep
|
|t:|1609733177
|switch|p2a: Lycanroc|Lycanroc-Midnight, F, shiny|100/100
|-damage|p2a: Lycanroc|88/100|[from] Stealth Rock
|turn|16
|
|t:|1609733184
|move|p2a: Lycanroc|Crunch|p1a: Gallade
|-damage|p1a: Gallade|0 fnt
|faint|p1a: Gallade
|
|upkeep
|
|t:|1609733190
|switch|p1a: Aromatisse|Aromatisse, F|73/100
|turn|17
|
|t:|1609733194
|switch|p2a: Silvally|Silvally-Steel, shiny|100/100
|-damage|p2a: Silvally|94/100|[from] Stealth Rock
|move|p1a: Aromatisse|Moonblast|p2a: Silvally
|-resisted|p2a: Silvally
|-damage|p2a: Silvally|76/100
|
|-heal|p1a: Aromatisse|80/100|[from] item: Leftovers
|upkeep
|turn|18
|
|t:|1609733202
|switch|p1a: Rotom|Rotom|100/100
|move|p2a: Silvally|Swords Dance|p2a: Silvally
|-boost|p2a: Silvally|atk|2
|
|upkeep
|turn|19
|
|t:|1609733212
|move|p1a: Rotom|Volt Switch|p2a: Silvally
|-damage|p2a: Silvally|47/100
|
|t:|1609733221
|switch|p1a: Aromatisse|Aromatisse, F|80/100|[from]move: Volt Switch
|move|p2a: Silvally|Psychic Fangs|p1a: Aromatisse
|-damage|p1a: Aromatisse|45/100
|
|-heal|p1a: Aromatisse|51/100|[from] item: Leftovers
|upkeep
|turn|20
|
|t:|1609733229
|move|p2a: Silvally|Multi-Attack|p1a: Aromatisse
|-supereffective|p1a: Aromatisse
|-damage|p1a: Aromatisse|0 fnt
|faint|p1a: Aromatisse
|
|upkeep
|
|t:|1609733237
|switch|p1a: Silvally|Silvally-Dark|43/100
|turn|21
|
|t:|1609733241
|move|p1a: Silvally|Multi-Attack|p2a: Silvally
|-damage|p2a: Silvally|0 fnt
|faint|p2a: Silvally
|
|upkeep
|
|t:|1609733246
|switch|p2a: Lycanroc|Lycanroc-Midnight, F, shiny|88/100
|-damage|p2a: Lycanroc|76/100|[from] Stealth Rock
|turn|22
|j| RawApple
|
|t:|1609733257
|move|p1a: Silvally|Multi-Attack|p2a: Lycanroc
|-damage|p2a: Lycanroc|8/100
|move|p2a: Lycanroc|Stone Edge|p1a: Silvally
|-damage|p1a: Silvally|0 fnt
|faint|p1a: Silvally
|
|upkeep
|
|t:|1609733264
|switch|p1a: Rotom|Rotom|100/100
|turn|23
|
|t:|1609733267
|move|p1a: Rotom|Volt Switch|p2a: Lycanroc
|-damage|p2a: Lycanroc|0 fnt
|faint|p2a: Lycanroc
|
|upkeep
|
|t:|1609733272
|switch|p2a: Absol|Absol, F, shiny|100/100
|-damage|p2a: Absol|88/100|[from] Stealth Rock
|turn|24
|
|t:|1609733278
|move|p2a: Absol|Sucker Punch|p1a: Rotom
|-supereffective|p1a: Rotom
|-damage|p1a: Rotom|0 fnt
|faint|p1a: Rotom
|
|win|Lawlessheart
|raw|m3p0's rating: 1330 &rarr; <strong>1299</strong><br />(-31 for losing)
|raw|Lawlessheart's rating: 1126 &rarr; <strong>1165</strong><br />(+39 for winning)
