|raw|<div class="broadcast-blue"><strong>This battle is required to be public due to a player having a name starting with 'pult4c1'.</div>
|j|☆PULT4C1 eifo
|j|☆PULT4C1 spacial
|t:|1661095087
|gametype|singles
|player|p1|PULT4C1 eifo|camper|1653
|player|p2|PULT4C1 spacial|mars|1596
|teamsize|p1|6
|teamsize|p2|6
|gen|8
|tier|[Gen 8] PU
|rated|
|rule|Sleep Clause Mod: Limit one foe put to sleep
|rule|Species Clause: Limit one of each Pokémon
|rule|OHKO Clause: OHKO moves are banned
|rule|Evasion Items Clause: Evasion items are banned
|rule|Evasion Moves Clause: Evasion moves are banned
|rule|Endless Battle Clause: Forcing endless battles is banned
|rule|HP Percentage Mod: HP is shown in percentages
|rule|Dynamax Clause: You cannot dynamax
|clearpoke
|poke|p1|Scyther, F|
|poke|p1|Jellicent, F|
|poke|p1|Audino, F|
|poke|p1|Sandslash, F|
|poke|p1|Aggron, M|
|poke|p1|Comfey, F|
|poke|p2|Vikavolt, F|
|poke|p2|Sandslash, F|
|poke|p2|Gigalith, F|
|poke|p2|Eldegoss, M|
|poke|p2|Charizard, M|
|poke|p2|Weezing, M|
|teampreview
|j| PULT4C1 Haffling
|j| Strawbrity
|
|t:|1661095151
|start
|switch|p1a: Sandslash|Sandslash, F|100/100
|switch|p2a: Weezing|Weezing, M|100/100
|turn|1
|
|t:|1661095165
|move|p1a: Sandslash|Knock Off|p2a: Weezing
|-damage|p2a: Weezing|91/100
|move|p2a: Weezing|Sludge Bomb|p1a: Sandslash
|-resisted|p1a: Sandslash
|-damage|p1a: Sandslash|78/100
|
|-heal|p1a: Sandslash|84/100|[from] item: Leftovers
|upkeep
|turn|2
|
|t:|1661095174
|move|p1a: Sandslash|Spikes|p2a: Weezing
|-sidestart|p2: PULT4C1 spacial|Spikes
|move|p2a: Weezing|Sludge Bomb|p1a: Sandslash
|-resisted|p1a: Sandslash
|-damage|p1a: Sandslash|65/100
|
|-heal|p1a: Sandslash|71/100|[from] item: Leftovers
|upkeep
|turn|3
|
|t:|1661095180
|switch|p1a: Jellicent|Jellicent, F|100/100
|move|p2a: Weezing|Sludge Bomb|p1a: Jellicent
|-resisted|p1a: Jellicent
|-damage|p1a: Jellicent|88/100
|
|upkeep
|turn|4
|
|t:|1661095185
|switch|p2a: Eldegoss|Eldegoss, M|100/100
|move|p1a: Jellicent|Scald|p2a: Eldegoss
|-resisted|p2a: Eldegoss
|-damage|p2a: Eldegoss|91/100
|-status|p2a: Eldegoss|brn
|
|-damage|p2a: Eldegoss|84/100 brn|[from] brn
|upkeep
|turn|5
|
|t:|1661095190
|switch|p1a: Scyther|Scyther, F|100/100
|move|p2a: Eldegoss|Leech Seed|p1a: Scyther
|-start|p1a: Scyther|move: Leech Seed
|
|-damage|p1a: Scyther|88/100|[from] Leech Seed|[of] p2a: Eldegoss
|-heal|p2a: Eldegoss|95/100 brn|[silent]
|-damage|p2a: Eldegoss|89/100 brn|[from] brn
|upkeep
|turn|6
|
|t:|1661095197
|switch|p2a: Weezing|Weezing, M|91/100
|move|p1a: Scyther|U-turn|p2a: Weezing
|-resisted|p2a: Weezing
|-damage|p2a: Weezing|79/100
|
|t:|1661095223
|switch|p1a: Jellicent|Jellicent, F|88/100|[from]move: U-turn
|
|upkeep
|turn|7
|
|t:|1661095240
|move|p1a: Jellicent|Scald|p2a: Weezing
|-damage|p2a: Weezing|45/100
|move|p2a: Weezing|Toxic Spikes|p1a: Jellicent
|-sidestart|p1: PULT4C1 eifo|move: Toxic Spikes
|
|upkeep
|turn|8
|
|t:|1661095248
|switch|p1a: Scyther|Scyther, F|88/100
|switch|p2a: Eldegoss|Eldegoss, M|100/100 brn
|
|-damage|p2a: Eldegoss|94/100 brn|[from] brn
|upkeep
|turn|9
|
|t:|1661095259
|switch|p2a: Gigalith|Gigalith, F|100/100
|-damage|p2a: Gigalith|88/100|[from] Spikes
|-weather|Sandstorm|[from] ability: Sand Stream|[of] p2a: Gigalith
|move|p1a: Scyther|Knock Off|p2a: Gigalith
|-damage|p2a: Gigalith|67/100
|-enditem|p2a: Gigalith|Leftovers|[from] move: Knock Off|[of] p1a: Scyther
|
|-weather|Sandstorm|[upkeep]
|-damage|p1a: Scyther|82/100|[from] Sandstorm
|upkeep
|turn|10
|
|t:|1661095264
|move|p2a: Gigalith|Protect|p2a: Gigalith
|-singleturn|p2a: Gigalith|Protect
|move|p1a: Scyther|U-turn|p2a: Gigalith
|-activate|p2a: Gigalith|move: Protect
|
|-weather|Sandstorm|[upkeep]
|-damage|p1a: Scyther|76/100|[from] Sandstorm
|upkeep
|turn|11
|
|t:|1661095267
|move|p1a: Scyther|U-turn|p2a: Gigalith
|-damage|p2a: Gigalith|44/100
|
|t:|1661095294
|switch|p1a: Audino|Audino, F|100/100|[from]move: U-turn
|move|p2a: Gigalith|Earthquake|p1a: Audino
|-damage|p1a: Audino|71/100
|
|-weather|Sandstorm|[upkeep]
|-damage|p1a: Audino|65/100|[from] Sandstorm
|upkeep
|turn|12
|
|t:|1661095303
|switch|p2a: Sandslash|Sandslash, F|100/100
|-damage|p2a: Sandslash|88/100|[from] Spikes
|move|p1a: Audino|Wish|p1a: Audino
|
|-weather|Sandstorm|[upkeep]
|-damage|p1a: Audino|59/100|[from] Sandstorm
|-heal|p2a: Sandslash|94/100|[from] item: Leftovers
|upkeep
|turn|13
|
|t:|1661095308
|move|p2a: Sandslash|Knock Off|p1a: Audino
|-damage|p1a: Audino|38/100
|-enditem|p1a: Audino|Heavy-Duty Boots|[from] move: Knock Off|[of] p2a: Sandslash
|move|p1a: Audino|Toxic|p2a: Sandslash
|-status|p2a: Sandslash|tox
|
|-weather|none
|-heal|p1a: Audino|88/100|[from] move: Wish|[wisher] Audino
|-heal|p2a: Sandslash|100/100 tox|[from] item: Leftovers
|-damage|p2a: Sandslash|94/100 tox|[from] psn
|upkeep
|turn|14
|j| turtledoggo1
|
|t:|1661095313
|move|p2a: Sandslash|Spikes|p1a: Audino
|-sidestart|p1: PULT4C1 eifo|Spikes
|move|p1a: Audino|Knock Off|p2a: Sandslash
|-damage|p2a: Sandslash|83/100 tox
|-enditem|p2a: Sandslash|Leftovers|[from] move: Knock Off|[of] p1a: Audino
|
|-damage|p2a: Sandslash|71/100 tox|[from] psn
|upkeep
|turn|15
|
|t:|1661095322
|move|p2a: Sandslash|Rapid Spin|p1a: Audino
|-crit|p1a: Audino
|-damage|p1a: Audino|72/100
|-boost|p2a: Sandslash|spe|1
|-sideend|p2: PULT4C1 spacial|Spikes|[from] move: Rapid Spin|[of] p2a: Sandslash
|move|p1a: Audino|Wish|p1a: Audino
|
|-damage|p2a: Sandslash|52/100 tox|[from] psn
|upkeep
|turn|16
|
|t:|1661095328
|switch|p2a: Vikavolt|Vikavolt, F|100/100
|switch|p1a: Sandslash|Sandslash, F|71/100
|-status|p1a: Sandslash|psn
|-damage|p1a: Sandslash|58/100 psn|[from] Spikes
|
|-heal|p1a: Sandslash|100/100 psn|[from] move: Wish|[wisher] Audino
|-damage|p1a: Sandslash|88/100 psn|[from] psn
|upkeep
|turn|17
|
|t:|1661095335
|switch|p1a: Aggron|Aggron, M|100/100
|-damage|p1a: Aggron|88/100|[from] Spikes
|move|p2a: Vikavolt|Bug Buzz|p1a: Aggron
|-resisted|p1a: Aggron
|-damage|p1a: Aggron|62/100
|
|-heal|p1a: Aggron|68/100|[from] item: Leftovers
|upkeep
|turn|18
|
|t:|1661095341
|move|p2a: Vikavolt|Mud Shot|p1a: Aggron
|-supereffective|p1a: Aggron
|-damage|p1a: Aggron|0 fnt
|faint|p1a: Aggron
|
|upkeep
|
|t:|1661095344
|switch|p1a: Scyther|Scyther, F|76/100
|turn|19
|
|t:|1661095351
|switch|p2a: Gigalith|Gigalith, F|44/100
|-weather|Sandstorm|[from] ability: Sand Stream|[of] p2a: Gigalith
|move|p1a: Scyther|U-turn|p2a: Gigalith
|-damage|p2a: Gigalith|19/100
|
|t:|1661095356
|switch|p1a: Sandslash|Sandslash, F|88/100 psn|[from]move: U-turn
|-damage|p1a: Sandslash|76/100 psn|[from] Spikes
|
|-weather|Sandstorm|[upkeep]
|-heal|p1a: Sandslash|82/100 psn|[from] item: Leftovers
|-damage|p1a: Sandslash|69/100 psn|[from] psn
|upkeep
|turn|20
|
|t:|1661095374
|move|p2a: Gigalith|Protect|p2a: Gigalith
|-singleturn|p2a: Gigalith|Protect
|move|p1a: Sandslash|Rapid Spin|p2a: Gigalith
|-activate|p2a: Gigalith|move: Protect
|
|-weather|Sandstorm|[upkeep]
|-heal|p1a: Sandslash|76/100 psn|[from] item: Leftovers
|-damage|p1a: Sandslash|63/100 psn|[from] psn
|upkeep
|turn|21
|
|t:|1661095384
|move|p1a: Sandslash|Rapid Spin|p2a: Gigalith
|-resisted|p2a: Gigalith
|-damage|p2a: Gigalith|15/100
|-boost|p1a: Sandslash|spe|1
|-sideend|p1: PULT4C1 eifo|Spikes|[from] move: Rapid Spin|[of] p1a: Sandslash
|-sideend|p1: PULT4C1 eifo|Toxic Spikes|[from] move: Rapid Spin|[of] p1a: Sandslash
|move|p2a: Gigalith|Earthquake|p1a: Sandslash
|-damage|p1a: Sandslash|40/100 psn
|
|-weather|Sandstorm|[upkeep]
|-heal|p1a: Sandslash|46/100 psn|[from] item: Leftovers
|-damage|p1a: Sandslash|34/100 psn|[from] psn
|upkeep
|turn|22
|
|t:|1661095415
|switch|p1a: Scyther|Scyther, F|76/100
|move|p2a: Gigalith|Protect||[still]
|-fail|p2a: Gigalith
|
|-weather|Sandstorm|[upkeep]
|-damage|p1a: Scyther|70/100|[from] Sandstorm
|upkeep
|turn|23
|
|t:|1661095432
|move|p1a: Scyther|Dual Wingbeat|p2a: Gigalith
|-resisted|p2a: Gigalith
|-damage|p2a: Gigalith|6/100
|-resisted|p2a: Gigalith
|-damage|p2a: Gigalith|0 fnt
|faint|p2a: Gigalith
|-hitcount|p2: Gigalith|2
|
|-weather|none
|upkeep
|
|t:|1661095449
|switch|p2a: Charizard|Charizard, M|100/100
|turn|24
|
|t:|1661095489
|move|p1a: Scyther|U-turn|p2a: Charizard
|-resisted|p2a: Charizard
|-damage|p2a: Charizard|89/100
|
|t:|1661095509
|switch|p1a: Jellicent|Jellicent, F|88/100|[from]move: U-turn
|move|p2a: Charizard|Flamethrower|p1a: Jellicent
|-resisted|p1a: Jellicent
|-damage|p1a: Jellicent|71/100
|
|upkeep
|turn|25
|
|t:|1661095518
|switch|p2a: Vikavolt|Vikavolt, F|100/100
|move|p1a: Jellicent|Scald|p2a: Vikavolt
|-damage|p2a: Vikavolt|68/100
|
|upkeep
|turn|26
|
|t:|1661095533
|switch|p1a: Audino|Audino, F|100/100
|move|p2a: Vikavolt|Roost|p2a: Vikavolt
|-heal|p2a: Vikavolt|100/100
|-singleturn|p2a: Vikavolt|move: Roost
|
|upkeep
|turn|27
|
|t:|1661095550
|move|p2a: Vikavolt|Volt Switch|p1a: Audino
|-damage|p1a: Audino|73/100
|
|t:|1661095582
|switch|p2a: Weezing|Weezing, M|45/100|[from]move: Volt Switch
|move|p1a: Audino|Wish|p1a: Audino
|
|upkeep
|turn|28
|
|t:|1661095599
|switch|p1a: Sandslash|Sandslash, F|34/100 psn
|move|p2a: Weezing|Toxic Spikes|p1a: Sandslash
|-sidestart|p1: PULT4C1 eifo|move: Toxic Spikes
|
|-heal|p1a: Sandslash|91/100 psn|[from] move: Wish|[wisher] Audino
|-heal|p1a: Sandslash|98/100 psn|[from] item: Leftovers
|-damage|p1a: Sandslash|85/100 psn|[from] psn
|upkeep
|turn|29
|
|t:|1661095606
|move|p1a: Sandslash|Spikes|p2a: Weezing
|-sidestart|p2: PULT4C1 spacial|Spikes
|move|p2a: Weezing|Pain Split|p1a: Sandslash
|-sethp|p1a: Sandslash|63/100 psn|[from] move: Pain Split|[silent]
|-sethp|p2a: Weezing|67/100|[from] move: Pain Split
|
|-heal|p1a: Sandslash|70/100 psn|[from] item: Leftovers
|-damage|p1a: Sandslash|57/100 psn|[from] psn
|upkeep
|turn|30
|
|t:|1661095661
|move|p1a: Sandslash|Rapid Spin|p2a: Weezing
|-damage|p2a: Weezing|60/100
|-boost|p1a: Sandslash|spe|1
|-sideend|p1: PULT4C1 eifo|Toxic Spikes|[from] move: Rapid Spin|[of] p1a: Sandslash
|move|p2a: Weezing|Flamethrower|p1a: Sandslash
|-damage|p1a: Sandslash|27/100 psn
|
|-heal|p1a: Sandslash|33/100 psn|[from] item: Leftovers
|-damage|p1a: Sandslash|21/100 psn|[from] psn
|upkeep
|turn|31
|
|t:|1661095671
|switch|p1a: Scyther|Scyther, F|70/100
|move|p2a: Weezing|Toxic Spikes|p1a: Scyther
|-sidestart|p1: PULT4C1 eifo|move: Toxic Spikes
|
|upkeep
|turn|32
|
|t:|1661095680
|move|p1a: Scyther|Dual Wingbeat|p2a: Weezing
|-damage|p2a: Weezing|40/100
|-damage|p2a: Weezing|21/100
|-hitcount|p2a: Weezing|2
|move|p2a: Weezing|Pain Split|p1a: Scyther
|-sethp|p1a: Scyther|47/100|[from] move: Pain Split|[silent]
|-sethp|p2a: Weezing|40/100|[from] move: Pain Split
|
|upkeep
|turn|33
|
|t:|1661095704
|move|p1a: Scyther|U-turn|p2a: Weezing
|-resisted|p2a: Weezing
|-crit|p2a: Weezing
|-damage|p2a: Weezing|21/100
|
|t:|1661095713
|switch|p1a: Jellicent|Jellicent, F|71/100|[from]move: U-turn
|-status|p1a: Jellicent|psn
|move|p2a: Weezing|Flamethrower|p1a: Jellicent
|-resisted|p1a: Jellicent
|-damage|p1a: Jellicent|64/100 psn
|
|-damage|p1a: Jellicent|52/100 psn|[from] psn
|upkeep
|turn|34
|
|t:|1661095729
|switch|p1a: Scyther|Scyther, F|47/100
|switch|p2a: Vikavolt|Vikavolt, F|100/100
|
|upkeep
|turn|35
|
|t:|1661095734
|move|p1a: Scyther|U-turn|p2a: Vikavolt
|-damage|p2a: Vikavolt|60/100
|
|t:|1661095753
|switch|p1a: Sandslash|Sandslash, F|21/100 psn|[from]move: U-turn
|move|p2a: Vikavolt|Volt Switch|p1a: Sandslash
|-immune|p1a: Sandslash
|
|-heal|p1a: Sandslash|27/100 psn|[from] item: Leftovers
|-damage|p1a: Sandslash|14/100 psn|[from] psn
|upkeep
|turn|36
|
|t:|1661095758
|move|p1a: Sandslash|Rapid Spin|p2a: Vikavolt
|-damage|p2a: Vikavolt|45/100
|-boost|p1a: Sandslash|spe|1
|-sideend|p1: PULT4C1 eifo|Toxic Spikes|[from] move: Rapid Spin|[of] p1a: Sandslash
|move|p2a: Vikavolt|Bug Buzz|p1a: Sandslash
|-damage|p1a: Sandslash|0 fnt
|faint|p1a: Sandslash
|
|upkeep
|
|t:|1661095760
|switch|p1a: Scyther|Scyther, F|47/100
|turn|37
|
|t:|1661095772
|switch|p2a: Sandslash|Sandslash, F|52/100 tox
|-damage|p2a: Sandslash|39/100 tox|[from] Spikes
|move|p1a: Scyther|Dual Wingbeat|p2a: Sandslash
|-damage|p2a: Sandslash|20/100 tox
|-damage|p2a: Sandslash|0 fnt
|faint|p2a: Sandslash
|-hitcount|p2: Sandslash|2
|
|upkeep
|
|t:|1661095774
|switch|p2a: Charizard|Charizard, M|89/100
|turn|38
|
|t:|1661095811
|move|p1a: Scyther|U-turn|p2a: Charizard
|-resisted|p2a: Charizard
|-damage|p2a: Charizard|78/100
|
|t:|1661095817
|switch|p1a: Jellicent|Jellicent, F|52/100 psn|[from]move: U-turn
|move|p2a: Charizard|Roost|p2a: Charizard
|-heal|p2a: Charizard|100/100
|-singleturn|p2a: Charizard|move: Roost
|
|-damage|p1a: Jellicent|40/100 psn|[from] psn
|upkeep
|turn|39
|
|t:|1661095827
|switch|p2a: Vikavolt|Vikavolt, F|45/100
|move|p1a: Jellicent|Scald|p2a: Vikavolt
|-damage|p2a: Vikavolt|9/100
|
|-damage|p1a: Jellicent|27/100 psn|[from] psn
|upkeep
|turn|40
|
|t:|1661095830
|move|p1a: Jellicent|Scald|p2a: Vikavolt
|-damage|p2a: Vikavolt|0 fnt
|faint|p2a: Vikavolt
|
|-damage|p1a: Jellicent|15/100 psn|[from] psn
|upkeep
|
|t:|1661095849
|switch|p2a: Charizard|Charizard, M|100/100
|turn|41
|
|t:|1661095854
|switch|p1a: Audino|Audino, F|100/100
|move|p2a: Charizard|Hurricane|p1a: Audino
|-damage|p1a: Audino|67/100
|
|upkeep
|turn|42
|j| PUetro
|
|t:|1661095908
|move|p2a: Charizard|Flamethrower|p1a: Audino
|-damage|p1a: Audino|40/100
|move|p1a: Audino|Knock Off|p2a: Charizard
|-damage|p2a: Charizard|81/100
|-enditem|p2a: Charizard|Heavy-Duty Boots|[from] move: Knock Off|[of] p1a: Audino
|
|upkeep
|turn|43
|
|t:|1661095916
|switch|p2a: Weezing|Weezing, M|21/100
|move|p1a: Audino|Wish|p1a: Audino
|
|upkeep
|turn|44
|
|t:|1661095930
|switch|p1a: Jellicent|Jellicent, F|15/100 psn
|move|p2a: Weezing|Sludge Bomb|p1a: Jellicent
|-resisted|p1a: Jellicent
|-damage|p1a: Jellicent|4/100 psn
|
|-heal|p1a: Jellicent|58/100 psn|[from] move: Wish|[wisher] Audino
|-damage|p1a: Jellicent|45/100 psn|[from] psn
|upkeep
|turn|45
|
|t:|1661095937
|move|p1a: Jellicent|Scald|p2a: Weezing
|-damage|p2a: Weezing|0 fnt
|faint|p2a: Weezing
|
|-damage|p1a: Jellicent|33/100 psn|[from] psn
|upkeep
|-message|PULT4C1 spacial forfeited.
|
|win|PULT4C1 eifo
|raw|PULT4C1 eifo's rating: 1653 &rarr; <strong>1670</strong><br />(+17 for winning)
|raw|PULT4C1 spacial's rating: 1596 &rarr; <strong>1579</strong><br />(-17 for losing)
|l|☆PULT4C1 spacial
|c|☆PULT4C1 eifo|gg
|l| PULT4C1 Haffling
|c|☆PULT4C1 eifo|holy fuck
|c|☆PULT4C1 eifo|phew
|c|☆PULT4C1 eifo|played that well
