|j|☆sloop john a
|j|☆Steven Davis
|player|p1|sloop john a|lass|1345
|player|p2|Steven Davis|steven|1245
|teamsize|p1|6
|teamsize|p2|6
|gametype|singles
|gen|8
|tier|[Gen 8] PU
|rated|
|clearpoke
|poke|p1|Glaceon, F|
|poke|p1|Clefairy, M|
|poke|p1|Silvally-*|
|poke|p1|Stonjourner, F|
|poke|p1|Palpitoad, F|
|poke|p1|Gourgeist-*, F|
|poke|p2|Trevenant, F|
|poke|p2|Silvally-*|
|poke|p2|Throh, M|
|poke|p2|Mawile, F|
|poke|p2|Glaceon, F|
|poke|p2|Manectric, M|
|rule|Sleep Clause Mod: Limit one foe put to sleep
|rule|Species Clause: Limit one of each Pokémon
|rule|OHKO Clause: OHKO moves are banned
|rule|Evasion Moves Clause: Evasion moves are banned
|rule|Endless Battle Clause: Forcing endless battles is banned
|rule|HP Percentage Mod: HP is shown in percentages
|rule|Dynamax Clause: You cannot dynamax
|teampreview
|inactive|Battle timer is ON: inactive players will automatically lose when time's up. (requested by sloop john a)
|inactive|Steven Davis has 120 seconds left.
|
|start
|switch|p1a: Silvally|Silvally-Ground|100/100
|switch|p2a: Mawile|Mawile, F|100/100
|turn|1
|
|switch|p2a: Trevenant|Trevenant, F|100/100
|move|p1a: Silvally|Multi-Attack|p2a: Trevenant
|-resisted|p2a: Trevenant
|-damage|p2a: Trevenant|80/100
|
|upkeep
|turn|2
|
|move|p1a: Silvally|Parting Shot|p2a: Trevenant
|-unboost|p2a: Trevenant|atk|1
|-unboost|p2a: Trevenant|spa|1
|
|switch|p1a: Glaceon|Glaceon, F|100/100|[from]move: Parting Shot
|move|p2a: Trevenant|Will-O-Wisp|p1a: Glaceon
|-status|p1a: Glaceon|brn
|
|-damage|p1a: Glaceon|95/100 brn|[from] brn
|upkeep
|turn|3
|
|switch|p2a: Glaceon|Glaceon, F|100/100
|move|p1a: Glaceon|Ice Beam|p2a: Glaceon
|-resisted|p2a: Glaceon
|-damage|p2a: Glaceon|58/100
|
|-heal|p2a: Glaceon|64/100|[from] item: Leftovers
|-damage|p1a: Glaceon|89/100 brn|[from] brn
|upkeep
|turn|4
|
|move|p1a: Glaceon|Ice Beam|p2a: Glaceon
|-resisted|p2a: Glaceon
|-damage|p2a: Glaceon|24/100
|move|p2a: Glaceon|Wish|p2a: Glaceon
|
|-heal|p2a: Glaceon|30/100|[from] item: Leftovers
|-damage|p1a: Glaceon|83/100 brn|[from] brn
|upkeep
|turn|5
|
|switch|p1a: Clefairy|Clefairy, M|100/100
|move|p2a: Glaceon|Protect||[still]
|-fail|p2a: Glaceon
|
|-heal|p2a: Glaceon|80/100|[from] move: Wish|[wisher] Glaceon
|-heal|p2a: Glaceon|86/100|[from] item: Leftovers
|upkeep
|turn|6
|
|move|p2a: Glaceon|Wish|p2a: Glaceon
|move|p1a: Clefairy|Knock Off|p2a: Glaceon
|-damage|p2a: Glaceon|78/100
|-enditem|p2a: Glaceon|Leftovers|[from] move: Knock Off|[of] p1a: Clefairy
|
|upkeep
|turn|7
|
|switch|p2a: Mawile|Mawile, F|100/100
|move|p1a: Clefairy|Knock Off|p2a: Mawile
|-resisted|p2a: Mawile
|-damage|p2a: Mawile|93/100
|-enditem|p2a: Mawile|Life Orb|[from] move: Knock Off|[of] p1a: Clefairy
|
|-heal|p2a: Mawile|100/100|[from] move: Wish|[wisher] Glaceon
|upkeep
|turn|8
|
|switch|p1a: Silvally|Silvally-Ground|100/100
|move|p2a: Mawile|Stealth Rock|p1a: Silvally
|-sidestart|p1: sloop john a|move: Stealth Rock
|
|upkeep
|turn|9
|
|switch|p2a: Trevenant|Trevenant, F|80/100
|move|p1a: Silvally|Defog|p2a: Trevenant
|-unboost|p2a: Trevenant|evasion|1
|-sideend|p1: sloop john a|Stealth Rock|[from] move: Defog|[of] p1a: Silvally
|
|upkeep
|turn|10
|
|move|p1a: Silvally|Parting Shot|p2a: Trevenant
|-unboost|p2a: Trevenant|atk|1
|-unboost|p2a: Trevenant|spa|1
|
|switch|p1a: Glaceon|Glaceon, F|83/100 brn|[from]move: Parting Shot
|move|p2a: Trevenant|Substitute|p2a: Trevenant
|-start|p2a: Trevenant|Substitute
|-damage|p2a: Trevenant|55/100
|
|-damage|p1a: Glaceon|77/100 brn|[from] brn
|upkeep
|turn|11
|
|move|p1a: Glaceon|Ice Beam|p2a: Trevenant
|-supereffective|p2a: Trevenant
|-end|p2a: Trevenant|Substitute
|move|p2a: Trevenant|Power-Up Punch|p1a: Glaceon
|-supereffective|p1a: Glaceon
|-damage|p1a: Glaceon|61/100 brn
|-boost|p2a: Trevenant|atk|1
|
|-damage|p1a: Glaceon|55/100 brn|[from] brn
|upkeep
|turn|12
|
|switch|p2a: Glaceon|Glaceon, F|78/100
|move|p1a: Glaceon|Ice Beam|p2a: Glaceon
|-resisted|p2a: Glaceon
|-damage|p2a: Glaceon|37/100
|
|-damage|p1a: Glaceon|50/100 brn|[from] brn
|upkeep
|turn|13
|
|move|p2a: Glaceon|Protect|p2a: Glaceon
|-singleturn|p2a: Glaceon|Protect
|move|p1a: Glaceon|Ice Beam|p2a: Glaceon
|-activate|p2a: Glaceon|move: Protect
|
|-damage|p1a: Glaceon|44/100 brn|[from] brn
|upkeep
|turn|14
|
|move|p1a: Glaceon|Ice Beam|p2a: Glaceon
|-resisted|p2a: Glaceon
|-damage|p2a: Glaceon|0 fnt
|faint|p2a: Glaceon
|
|-damage|p1a: Glaceon|38/100 brn|[from] brn
|upkeep
|
|switch|p2a: Mawile|Mawile, F|100/100
|turn|15
|
|move|p1a: Glaceon|Ice Beam|p2a: Mawile
|-resisted|p2a: Mawile
|-damage|p2a: Mawile|23/100
|move|p2a: Mawile|Iron Head|p1a: Glaceon
|-supereffective|p1a: Glaceon
|-damage|p1a: Glaceon|0 fnt
|faint|p1a: Glaceon
|
|upkeep
|
|switch|p1a: Silvally|Silvally-Ground|100/100
|turn|16
|
|switch|p2a: Trevenant|Trevenant, F|55/100
|move|p1a: Silvally|Multi-Attack|p2a: Trevenant
|-resisted|p2a: Trevenant
|-damage|p2a: Trevenant|32/100
|-enditem|p2a: Trevenant|Sitrus Berry|[eat]
|-heal|p2a: Trevenant|57/100|[from] item: Sitrus Berry
|
|upkeep
|turn|17
|
|move|p1a: Silvally|Toxic|p2a: Trevenant
|-status|p2a: Trevenant|tox
|move|p2a: Trevenant|Will-O-Wisp|p1a: Silvally
|-status|p1a: Silvally|brn
|
|-damage|p1a: Silvally|94/100 brn|[from] brn
|-damage|p2a: Trevenant|51/100 tox|[from] psn
|upkeep
|turn|18
|
|switch|p2a: Silvally|Silvally-Ground|100/100
|move|p1a: Silvally|Parting Shot|p2a: Silvally
|-unboost|p2a: Silvally|atk|1
|-unboost|p2a: Silvally|spa|1
|
|switch|p1a: Palpitoad|Palpitoad, F|100/100|[from]move: Parting Shot
|
|upkeep
|turn|19
|
|move|p2a: Silvally|Multi-Attack|p1a: Palpitoad
|-damage|p1a: Palpitoad|81/100
|move|p1a: Palpitoad|Toxic|p2a: Silvally
|-status|p2a: Silvally|tox
|
|-damage|p2a: Silvally|94/100 tox|[from] psn
|upkeep
|turn|20
|
|move|p2a: Silvally|Parting Shot|p1a: Palpitoad
|-unboost|p1a: Palpitoad|atk|1
|-unboost|p1a: Palpitoad|spa|1
|
|switch|p2a: Trevenant|Trevenant, F|51/100 tox|[from]move: Parting Shot
|move|p1a: Palpitoad|Stealth Rock|p2a: Trevenant
|-sidestart|p2: Steven Davis|move: Stealth Rock
|
|-damage|p2a: Trevenant|45/100 tox|[from] psn
|upkeep
|turn|21
|
|switch|p1a: Clefairy|Clefairy, M|100/100
|move|p2a: Trevenant|Will-O-Wisp|p1a: Clefairy
|-status|p1a: Clefairy|brn
|
|-damage|p2a: Trevenant|32/100 tox|[from] psn
|-item|p2a: Trevenant|Sitrus Berry|[from] ability: Harvest
|upkeep
|-enditem|p2a: Trevenant|Sitrus Berry|[eat]
|-heal|p2a: Trevenant|57/100 tox|[from] item: Sitrus Berry
|turn|22
|
|switch|p2a: Silvally|Silvally-Ground|94/100 tox
|-damage|p2a: Silvally|88/100 tox|[from] Stealth Rock
|move|p1a: Clefairy|Moonblast|p2a: Silvally
|-damage|p2a: Silvally|74/100 tox
|
|-damage|p2a: Silvally|68/100 tox|[from] psn
|upkeep
|turn|23
|
|switch|p1a: Palpitoad|Palpitoad, F|81/100
|move|p2a: Silvally|Parting Shot|p1a: Palpitoad
|-unboost|p1a: Palpitoad|atk|1
|-unboost|p1a: Palpitoad|spa|1
|
|switch|p2a: Mawile|Mawile, F|23/100|[from]move: Parting Shot
|-damage|p2a: Mawile|17/100|[from] Stealth Rock
|
|upkeep
|turn|24
|
|move|p1a: Palpitoad|Earth Power|p2a: Mawile
|-supereffective|p2a: Mawile
|-damage|p2a: Mawile|0 fnt
|faint|p2a: Mawile
|
|upkeep
|-message|Steven Davis forfeited.
|
|win|sloop john a
|l|☆Steven Davis
|raw|sloop john a's rating: 1345 &rarr; <strong>1359</strong><br />(+14 for winning)
|raw|Steven Davis's rating: 1246 &rarr; <strong>1228</strong><br />(-18 for losing)
