|j|☆yassy slay
|j|☆holydaysacc
|t:|1664202552
|gametype|singles
|player|p1|yassy slay|clown|1614
|player|p2|holydaysacc|clown|1457
|teamsize|p1|6
|teamsize|p2|6
|gen|8
|tier|[Gen 8] PU
|rated|
|rule|Sleep Clause Mod: Limit one foe put to sleep
|rule|Species Clause: Limit one of each Pokémon
|rule|OHKO Clause: OHKO moves are banned
|rule|Evasion Items Clause: Evasion items are banned
|rule|Evasion Moves Clause: Evasion moves are banned
|rule|Endless Battle Clause: Forcing endless battles is banned
|rule|HP Percentage Mod: HP is shown in percentages
|rule|Dynamax Clause: You cannot dynamax
|clearpoke
|poke|p1|Comfey, F|
|poke|p1|Gigalith, M|
|poke|p1|Gourgeist-*, F|
|poke|p1|Garbodor, F|
|poke|p1|Rhydon, M|
|poke|p1|Turtonator, M|
|poke|p2|Trevenant, F|
|poke|p2|Sandaconda, F|
|poke|p2|Charizard, M|
|poke|p2|Wishiwashi, F|
|poke|p2|Jolteon, F|
|poke|p2|Aggron, M|
|teampreview
|
|t:|1664202568
|start
|switch|p1a: Gourgeist|Gourgeist-Super, F|100/100
|switch|p2a: Trevenant|Trevenant, F|100/100
|-item|p2a: Trevenant|Sitrus Berry|[from] ability: Frisk|[of] p1a: Gourgeist|[identify]
|turn|1
|
|t:|1664202572
|move|p2a: Trevenant|Poltergeist||[still]
|-fail|p2a: Trevenant
|move|p1a: Gourgeist|Poltergeist|p2a: Trevenant|[miss]
|-miss|p1a: Gourgeist|p2a: Trevenant
|
|upkeep
|turn|2
|c|☆holydaysacc|Sadge
|c|☆yassy slay|:(
|
|t:|1664202597
|switch|p2a: Aggron|Aggron, M|100/100
|move|p1a: Gourgeist|Poltergeist|p2a: Aggron
|-activate|p2a: Aggron|move: Poltergeist|Leftovers
|-damage|p2a: Aggron|69/100
|
|-heal|p2a: Aggron|75/100|[from] item: Leftovers
|upkeep
|turn|3
|
|t:|1664202605
|move|p1a: Gourgeist|Power Whip|p2a: Aggron
|-damage|p2a: Aggron|42/100
|move|p2a: Aggron|Stealth Rock|p1a: Gourgeist
|-sidestart|p1: yassy slay|move: Stealth Rock
|
|-heal|p2a: Aggron|48/100|[from] item: Leftovers
|upkeep
|turn|4
|
|t:|1664202613
|move|p1a: Gourgeist|Poltergeist|p2a: Aggron
|-activate|p2a: Aggron|move: Poltergeist|Leftovers
|-damage|p2a: Aggron|17/100
|move|p2a: Aggron|Head Smash|p1a: Gourgeist
|-damage|p1a: Gourgeist|59/100
|
|-heal|p2a: Aggron|23/100|[from] item: Leftovers
|upkeep
|turn|5
|
|t:|1664202623
|switch|p2a: Charizard|Charizard, M|100/100
|move|p1a: Gourgeist|Power Whip|p2a: Charizard
|-resisted|p2a: Charizard
|-damage|p2a: Charizard|82/100
|
|upkeep
|turn|6
|
|t:|1664202631
|switch|p1a: Gigalith|Gigalith, M|100/100
|-damage|p1a: Gigalith|88/100|[from] Stealth Rock
|-weather|Sandstorm|[from] ability: Sand Stream|[of] p1a: Gigalith
|move|p2a: Charizard|Flamethrower|p1a: Gigalith
|-resisted|p1a: Gigalith
|-damage|p1a: Gigalith|77/100
|
|-weather|Sandstorm|[upkeep]
|-damage|p2a: Charizard|76/100|[from] Sandstorm
|-heal|p1a: Gigalith|83/100|[from] item: Leftovers
|upkeep
|turn|7
|
|t:|1664202635
|switch|p2a: Sandaconda|Sandaconda, F|100/100
|move|p1a: Gigalith|Stealth Rock|p2a: Sandaconda
|-sidestart|p2: holydaysacc|move: Stealth Rock
|
|-weather|Sandstorm|[upkeep]
|-heal|p1a: Gigalith|89/100|[from] item: Leftovers
|upkeep
|turn|8
|
|t:|1664202640
|switch|p1a: Comfey|Comfey, F|100/100
|-damage|p1a: Comfey|88/100|[from] Stealth Rock
|move|p2a: Sandaconda|Coil|p2a: Sandaconda
|-boost|p2a: Sandaconda|atk|1
|-boost|p2a: Sandaconda|def|1
|-boost|p2a: Sandaconda|accuracy|1
|
|-weather|Sandstorm|[upkeep]
|-damage|p1a: Comfey|82/100|[from] Sandstorm
|upkeep
|turn|9
|
|t:|1664202646
|move|p1a: Comfey|Trick|p2a: Sandaconda
|-activate|p1a: Comfey|move: Trick|[of] p2a: Sandaconda
|-item|p2a: Sandaconda|Choice Specs|[from] move: Trick
|-item|p1a: Comfey|Leftovers|[from] move: Trick
|move|p2a: Sandaconda|Earthquake|p1a: Comfey
|-damage|p1a: Comfey|18/100
|
|-weather|Sandstorm|[upkeep]
|-damage|p1a: Comfey|12/100|[from] Sandstorm
|-heal|p1a: Comfey|18/100|[from] item: Leftovers
|upkeep
|turn|10
|
|t:|1664202652
|move|p1a: Comfey|Draining Kiss|p2a: Sandaconda
|-damage|p2a: Sandaconda|79/100
|-heal|p1a: Comfey|39/100|[from] drain|[of] p2a: Sandaconda
|move|p2a: Sandaconda|Earthquake|p1a: Comfey
|-crit|p1a: Comfey
|-damage|p1a: Comfey|0 fnt
|faint|p1a: Comfey
|
|-weather|none
|upkeep
|
|t:|1664202654
|switch|p1a: Gourgeist|Gourgeist-Super, F|59/100
|-damage|p1a: Gourgeist|47/100|[from] Stealth Rock
|-item|p2a: Sandaconda|Choice Specs|[from] ability: Frisk|[of] p1a: Gourgeist|[identify]
|turn|11
|
|t:|1664202657
|switch|p2a: Charizard|Charizard, M|76/100
|move|p1a: Gourgeist|Synthesis|p1a: Gourgeist
|-heal|p1a: Gourgeist|97/100
|
|upkeep
|turn|12
|
|t:|1664202661
|switch|p1a: Rhydon|Rhydon, M|100/100
|-damage|p1a: Rhydon|95/100|[from] Stealth Rock
|move|p2a: Charizard|Flamethrower|p1a: Rhydon
|-resisted|p1a: Rhydon
|-damage|p1a: Rhydon|69/100
|
|upkeep
|turn|13
|
|t:|1664202665
|switch|p2a: Sandaconda|Sandaconda, F|79/100
|-damage|p2a: Sandaconda|73/100|[from] Stealth Rock
|move|p1a: Rhydon|Stone Edge|p2a: Sandaconda
|-resisted|p2a: Sandaconda
|-damage|p2a: Sandaconda|53/100
|
|upkeep
|turn|14
|
|t:|1664202669
|switch|p2a: Charizard|Charizard, M|76/100
|switch|p1a: Gourgeist|Gourgeist-Super, F|97/100
|-damage|p1a: Gourgeist|84/100|[from] Stealth Rock
|-item|p2a: Charizard|Heavy-Duty Boots|[from] ability: Frisk|[of] p1a: Gourgeist|[identify]
|
|upkeep
|turn|15
|
|t:|1664202672
|switch|p1a: Rhydon|Rhydon, M|69/100
|-damage|p1a: Rhydon|63/100|[from] Stealth Rock
|move|p2a: Charizard|Flamethrower|p1a: Rhydon
|-resisted|p1a: Rhydon
|-damage|p1a: Rhydon|37/100
|
|upkeep
|turn|16
|
|t:|1664202678
|switch|p2a: Trevenant|Trevenant, F|100/100
|-damage|p2a: Trevenant|88/100|[from] Stealth Rock
|move|p1a: Rhydon|Rock Polish|p1a: Rhydon
|-boost|p1a: Rhydon|spe|2
|
|upkeep
|turn|17
|
|t:|1664202681
|move|p1a: Rhydon|Stone Edge|p2a: Trevenant
|-damage|p2a: Trevenant|25/100
|-enditem|p2a: Trevenant|Sitrus Berry|[eat]
|-heal|p2a: Trevenant|50/100|[from] item: Sitrus Berry
|move|p2a: Trevenant|Wood Hammer|p1a: Rhydon
|-supereffective|p1a: Rhydon
|-damage|p1a: Rhydon|0 fnt
|faint|p1a: Rhydon
|-damage|p2a: Trevenant|37/100|[from] Recoil
|
|upkeep
|
|t:|1664202694
|switch|p1a: Garbodor|Garbodor, F|100/100
|-damage|p1a: Garbodor|88/100|[from] Stealth Rock
|turn|18
|
|t:|1664202701
|move|p1a: Garbodor|Spikes|p2a: Trevenant
|-sidestart|p2: holydaysacc|Spikes
|move|p2a: Trevenant|Poltergeist|p1a: Garbodor
|-activate|p1a: Garbodor|move: Poltergeist|Rocky Helmet
|-damage|p1a: Garbodor|45/100
|
|upkeep
|turn|19
|
|t:|1664202705
|move|p1a: Garbodor|Gunk Shot|p2a: Trevenant
|-damage|p2a: Trevenant|0 fnt
|faint|p2a: Trevenant
|
|upkeep
|
|t:|1664202711
|switch|p2a: Sandaconda|Sandaconda, F|53/100
|-damage|p2a: Sandaconda|47/100|[from] Stealth Rock
|-damage|p2a: Sandaconda|35/100|[from] Spikes
|turn|20
|
|t:|1664202714
|switch|p1a: Gourgeist|Gourgeist-Super, F|84/100
|-damage|p1a: Gourgeist|72/100|[from] Stealth Rock
|-item|p2a: Sandaconda|Choice Specs|[from] ability: Frisk|[of] p1a: Gourgeist|[identify]
|move|p2a: Sandaconda|Earthquake|p1a: Gourgeist
|-resisted|p1a: Gourgeist
|-damage|p1a: Gourgeist|57/100
|
|upkeep
|turn|21
|
|t:|1664202728
|switch|p2a: Charizard|Charizard, M|76/100
|move|p1a: Gourgeist|Synthesis|p1a: Gourgeist
|-heal|p1a: Gourgeist|100/100
|
|upkeep
|turn|22
|
|t:|1664202736
|switch|p1a: Gigalith|Gigalith, M|89/100
|-damage|p1a: Gigalith|77/100|[from] Stealth Rock
|-weather|Sandstorm|[from] ability: Sand Stream|[of] p1a: Gigalith
|move|p2a: Charizard|Defog|p1a: Gigalith
|-unboost|p1a: Gigalith|evasion|1
|-sideend|p1: yassy slay|Stealth Rock|[from] move: Defog|[of] p2a: Charizard
|-sideend|p2: holydaysacc|Spikes|[from] move: Defog|[of] p2a: Charizard
|-sideend|p2: holydaysacc|Stealth Rock|[from] move: Defog|[of] p2a: Charizard
|
|-weather|Sandstorm|[upkeep]
|-damage|p2a: Charizard|70/100|[from] Sandstorm
|-heal|p1a: Gigalith|83/100|[from] item: Leftovers
|upkeep
|turn|23
|
|t:|1664202741
|switch|p2a: Sandaconda|Sandaconda, F|35/100
|move|p1a: Gigalith|Stealth Rock|p2a: Sandaconda
|-sidestart|p2: holydaysacc|move: Stealth Rock
|
|-weather|Sandstorm|[upkeep]
|-heal|p1a: Gigalith|89/100|[from] item: Leftovers
|upkeep
|turn|24
|
|t:|1664202746
|switch|p1a: Gourgeist|Gourgeist-Super, F|100/100
|-item|p2a: Sandaconda|Choice Specs|[from] ability: Frisk|[of] p1a: Gourgeist|[identify]
|move|p2a: Sandaconda|Stone Edge|p1a: Gourgeist
|-damage|p1a: Gourgeist|81/100
|
|-weather|Sandstorm|[upkeep]
|-damage|p1a: Gourgeist|75/100|[from] Sandstorm
|upkeep
|turn|25
|
|t:|1664202750
|switch|p2a: Jolteon|Jolteon, F|100/100
|-damage|p2a: Jolteon|88/100|[from] Stealth Rock
|move|p1a: Gourgeist|Poltergeist|p2a: Jolteon
|-activate|p2a: Jolteon|move: Poltergeist|Choice Specs
|-damage|p2a: Jolteon|0 fnt
|faint|p2a: Jolteon
|
|-weather|Sandstorm|[upkeep]
|-damage|p1a: Gourgeist|68/100|[from] Sandstorm
|upkeep
|
|t:|1664202753
|switch|p2a: Charizard|Charizard, M|70/100
|turn|26
|
|t:|1664202762
|switch|p2a: Wishiwashi|Wishiwashi, F|100/100
|-damage|p2a: Wishiwashi|88/100|[from] Stealth Rock
|-formechange|p2a: Wishiwashi|Wishiwashi-School||[from] ability: Schooling
|switch|p1a: Gigalith|Gigalith, M|89/100
|
|-weather|none
|-heal|p2a: Wishiwashi|94/100|[from] item: Leftovers
|-heal|p1a: Gigalith|95/100|[from] item: Leftovers
|upkeep
|turn|27
|
|t:|1664202765
|switch|p1a: Garbodor|Garbodor, F|45/100
|move|p2a: Wishiwashi|Scald|p1a: Garbodor
|-damage|p1a: Garbodor|6/100
|
|-heal|p2a: Wishiwashi|100/100|[from] item: Leftovers
|upkeep
|turn|28
|
|t:|1664202770
|switch|p2a: Sandaconda|Sandaconda, F|35/100
|-damage|p2a: Sandaconda|29/100|[from] Stealth Rock
|move|p1a: Garbodor|Pain Split|p2a: Sandaconda
|-sethp|p2a: Sandaconda|17/100|[from] move: Pain Split|[silent]
|-sethp|p1a: Garbodor|17/100|[from] move: Pain Split
|
|upkeep
|turn|29
|
|t:|1664202774
|switch|p1a: Gourgeist|Gourgeist-Super, F|68/100
|-item|p2a: Sandaconda|Choice Specs|[from] ability: Frisk|[of] p1a: Gourgeist|[identify]
|move|p2a: Sandaconda|Earthquake|p1a: Gourgeist
|-resisted|p1a: Gourgeist
|-damage|p1a: Gourgeist|55/100
|
|upkeep
|turn|30
|
|t:|1664202779
|switch|p2a: Charizard|Charizard, M|70/100
|move|p1a: Gourgeist|Poltergeist|p2a: Charizard
|-activate|p2a: Charizard|move: Poltergeist|Heavy-Duty Boots
|-damage|p2a: Charizard|1/100
|
|upkeep
|turn|31
|
|t:|1664202793
|move|p1a: Gourgeist|Shadow Sneak|p2a: Charizard
|-damage|p2a: Charizard|0 fnt
|faint|p2a: Charizard
|
|upkeep
|
|t:|1664202797
|switch|p2a: Wishiwashi|Wishiwashi, F|100/100
|-damage|p2a: Wishiwashi|88/100|[from] Stealth Rock
|-formechange|p2a: Wishiwashi|Wishiwashi-School||[from] ability: Schooling
|turn|32
|
|t:|1664202799
|move|p1a: Gourgeist|Power Whip|p2a: Wishiwashi
|-supereffective|p2a: Wishiwashi
|-damage|p2a: Wishiwashi|0 fnt
|faint|p2a: Wishiwashi
|
|upkeep
|
|t:|1664202802
|switch|p2a: Aggron|Aggron, M|23/100
|-damage|p2a: Aggron|17/100|[from] Stealth Rock
|turn|33
|
|t:|1664202804
|move|p1a: Gourgeist|Poltergeist|p2a: Aggron|[miss]
|-miss|p1a: Gourgeist|p2a: Aggron
|move|p2a: Aggron|Head Smash|p1a: Gourgeist
|-damage|p1a: Gourgeist|13/100
|
|-heal|p2a: Aggron|23/100|[from] item: Leftovers
|upkeep
|turn|34
|
|t:|1664202807
|move|p1a: Gourgeist|Poltergeist|p2a: Aggron
|-activate|p2a: Aggron|move: Poltergeist|Leftovers
|-damage|p2a: Aggron|0 fnt
|faint|p2a: Aggron
|
|upkeep
|
|t:|1664202809
|switch|p2a: Sandaconda|Sandaconda, F|17/100
|-damage|p2a: Sandaconda|11/100|[from] Stealth Rock
|turn|35
|
|t:|1664202811
|move|p1a: Gourgeist|Shadow Sneak|p2a: Sandaconda
|-damage|p2a: Sandaconda|0 fnt
|faint|p2a: Sandaconda
|
|win|yassy slay
|raw|yassy slay's rating: 1614 &rarr; <strong>1626</strong><br />(+12 for winning)
|raw|holydaysacc's rating: 1457 &rarr; <strong>1445</strong><br />(-12 for losing)
|c|☆yassy slay|gg
|l|☆holydaysacc
