|html|<div class="broadcast-blue"><strong>[Gen 8] PU is currently suspecting Scyther! For information on how to participate check out the <a href="https://www.smogon.com/forums/threads/np-ss-pu-stage-11-turn-turn-turn-scyther-retest.3707179/">suspect thread</a>.</strong></div>
|raw|<div class="broadcast-blue"><strong>This battle is required to be public due to a player having a name starting with 'pult4v4'.</div>
|j|☆PULT4V4 Redemption
|j|☆Capt'n'Mouss Rondo
|t:|1662512888
|gametype|singles
|player|p1|PULT4V4 Redemption|#redemption|1357
|player|p2|Capt'n'Mouss Rondo|drake-gen3|1214
|teamsize|p1|6
|teamsize|p2|6
|gen|8
|tier|[Gen 8] PU
|rated|
|rule|Sleep Clause Mod: Limit one foe put to sleep
|rule|Species Clause: Limit one of each Pokémon
|rule|OHKO Clause: OHKO moves are banned
|rule|Evasion Items Clause: Evasion items are banned
|rule|Evasion Moves Clause: Evasion moves are banned
|rule|Endless Battle Clause: Forcing endless battles is banned
|rule|HP Percentage Mod: HP is shown in percentages
|rule|Dynamax Clause: You cannot dynamax
|clearpoke
|poke|p1|Froslass, F|
|poke|p1|Comfey, F|
|poke|p1|Archeops, M|
|poke|p1|Doublade, F|
|poke|p1|Silvally-*|
|poke|p1|Turtonator, M|
|poke|p2|Ditto|
|poke|p2|Druddigon, M|
|poke|p2|Butterfree, F|
|poke|p2|Silvally-*|
|poke|p2|Scrafty, M|
|poke|p2|Miltank, F|
|teampreview
|inactive|Battle timer is ON: inactive players will automatically lose when time's up. (requested by Capt'n'Mouss Rondo)
|c|☆Capt'n'Mouss Rondo|Ahoy !
|inactive|Capt'n'Mouss Rondo has 120 seconds left.
|
|t:|1662512928
|start
|switch|p1a: Froslass|Froslass, F|100/100
|switch|p2a: Dru|Druddigon, M, shiny|100/100
|turn|1
|
|t:|1662512936
|move|p1a: Froslass|Taunt|p2a: Dru
|-start|p2a: Dru|move: Taunt
|cant|p2a: Dru|move: Taunt|Glare
|
|upkeep
|turn|2
|
|t:|1662512939
|move|p1a: Froslass|Will-O-Wisp|p2a: Dru
|-status|p2a: Dru|brn
|move|p2a: Dru|Dragon Tail|p1a: Froslass
|-damage|p1a: Froslass|83/100
|-start|p2a: Dru|Disable|Dragon Tail|[from] ability: Cursed Body|[of] p1a: Froslass
|drag|p1a: Turtonator|Turtonator, M|100/100
|
|-damage|p2a: Dru|94/100 brn|[from] brn
|upkeep
|turn|3
|
|t:|1662512962
|switch|p2a: Miltank|Miltank, F, shiny|100/100
|move|p1a: Turtonator|Draco Meteor|p2a: Miltank
|-damage|p2a: Miltank|38/100
|-unboost|p1a: Turtonator|spa|2
|
|-heal|p2a: Miltank|44/100|[from] item: Leftovers
|upkeep
|turn|4
|
|t:|1662512969
|switch|p1a: Froslass|Froslass, F|83/100
|move|p2a: Miltank|Milk Drink|p2a: Miltank
|-heal|p2a: Miltank|94/100
|
|-heal|p2a: Miltank|99/100|[from] item: Leftovers
|upkeep
|turn|5
|
|t:|1662512977
|move|p1a: Froslass|Taunt|p2a: Miltank
|-start|p2a: Miltank|move: Taunt
|move|p2a: Miltank|Body Slam|p1a: Froslass
|-damage|p1a: Froslass|35/100
|
|-heal|p2a: Miltank|100/100|[from] item: Leftovers
|upkeep
|turn|6
|
|t:|1662512991
|move|p1a: Froslass|Spikes|p2a: Miltank
|-sidestart|p2: Capt'n'Mouss Rondo|Spikes
|move|p2a: Miltank|Body Slam|p1a: Froslass
|-damage|p1a: Froslass|0 fnt
|faint|p1a: Froslass
|
|upkeep
|
|t:|1662512998
|switch|p1a: Archeops|Archeops, M|100/100
|turn|7
|
|t:|1662513005
|move|p1a: Archeops|Meteor Beam||[still]
|-prepare|p1a: Archeops|Meteor Beam
|-boost|p1a: Archeops|spa|1
|-enditem|p1a: Archeops|Power Herb
|-anim|p1a: Archeops|Meteor Beam|p2a: Miltank
|-damage|p2a: Miltank|2/100
|move|p2a: Miltank|Body Slam|p1a: Archeops
|-resisted|p1a: Archeops
|-damage|p1a: Archeops|72/100
|
|-heal|p2a: Miltank|8/100|[from] item: Leftovers
|-end|p2a: Miltank|move: Taunt
|upkeep
|turn|8
|
|t:|1662513027
|move|p1a: Archeops|Air Slash|p2a: Miltank|[miss]
|-miss|p1a: Archeops|p2a: Miltank
|move|p2a: Miltank|Milk Drink|p2a: Miltank
|-heal|p2a: Miltank|58/100
|
|-heal|p2a: Miltank|64/100|[from] item: Leftovers
|upkeep
|turn|9
|
|t:|1662513033
|move|p1a: Archeops|Stealth Rock|p2a: Miltank
|-sidestart|p2: Capt'n'Mouss Rondo|move: Stealth Rock
|move|p2a: Miltank|Milk Drink|p2a: Miltank
|-heal|p2a: Miltank|100/100
|
|upkeep
|turn|10
|
|t:|1662513038
|move|p1a: Archeops|Meteor Beam||[still]
|-prepare|p1a: Archeops|Meteor Beam
|-boost|p1a: Archeops|spa|1
|move|p2a: Miltank|Body Slam|p1a: Archeops
|-resisted|p1a: Archeops
|-damage|p1a: Archeops|44/100
|-status|p1a: Archeops|par
|
|upkeep
|turn|11
|
|t:|1662513044
|move|p2a: Miltank|Headbutt|p1a: Archeops
|-resisted|p1a: Archeops
|-damage|p1a: Archeops|20/100 par
|move|p1a: Archeops|Meteor Beam|p2a: Miltank|[from]lockedmove
|-damage|p2a: Miltank|33/100
|
|-heal|p2a: Miltank|39/100|[from] item: Leftovers
|upkeep
|turn|12
|
|t:|1662513056
|move|p2a: Miltank|Headbutt|p1a: Archeops
|-resisted|p1a: Archeops
|-damage|p1a: Archeops|0 fnt
|faint|p1a: Archeops
|
|-heal|p2a: Miltank|45/100|[from] item: Leftovers
|upkeep
|
|t:|1662513073
|switch|p1a: Silvally|Silvally-Grass|100/100
|turn|13
|
|t:|1662513078
|move|p1a: Silvally|Multi-Attack|p2a: Miltank
|-damage|p2a: Miltank|5/100
|move|p2a: Miltank|Body Slam|p1a: Silvally
|-damage|p1a: Silvally|66/100
|
|-heal|p2a: Miltank|12/100|[from] item: Leftovers
|upkeep
|turn|14
|
|t:|1662513090
|switch|p2a: But|Butterfree, F, shiny|100/100
|move|p1a: Silvally|Multi-Attack|p2a: But
|-resisted|p2a: But
|-crit|p2a: But
|-damage|p2a: But|55/100
|
|upkeep
|turn|15
|
|t:|1662513107
|move|p1a: Silvally|Rock Slide|p2a: But|[miss]
|-miss|p1a: Silvally|p2a: But
|move|p2a: But|Hurricane|p1a: Silvally
|-supereffective|p1a: Silvally
|-damage|p1a: Silvally|0 fnt
|faint|p1a: Silvally
|
|upkeep
|
|t:|1662513112
|switch|p1a: Doublade|Doublade, F|100/100
|turn|16
|
|t:|1662513117
|move|p1a: Doublade|Shadow Sneak|p2a: But
|-damage|p2a: But|10/100
|move|p2a: But|Sleep Powder|p1a: Doublade
|-status|p1a: Doublade|slp|[from] move: Sleep Powder
|
|upkeep
|turn|17
|
|t:|1662513120
|cant|p1a: Doublade|slp
|move|p2a: But|Quiver Dance|p2a: But
|-boost|p2a: But|spa|1
|-boost|p2a: But|spd|1
|-boost|p2a: But|spe|1
|
|upkeep
|turn|18
|
|t:|1662513124
|cant|p1a: Doublade|slp
|move|p2a: But|Giga Drain|p1a: Doublade
|-resisted|p1a: Doublade
|-crit|p1a: Doublade
|-damage|p1a: Doublade|66/100 slp
|-heal|p2a: But|29/100|[from] drain|[of] p1a: Doublade
|
|upkeep
|turn|19
|
|t:|1662513132
|-curestatus|p1a: Doublade|slp|[msg]
|move|p1a: Doublade|Shadow Sneak|p2a: But
|-damage|p2a: But|0 fnt
|faint|p2a: But
|
|upkeep
|
|t:|1662513148
|switch|p2a: Dru|Druddigon, M, shiny|94/100 brn
|-damage|p2a: Dru|82/100 brn|[from] Spikes
|-damage|p2a: Dru|70/100 brn|[from] Stealth Rock
|turn|20
|
|t:|1662513163
|move|p1a: Doublade|Swords Dance|p1a: Doublade
|-boost|p1a: Doublade|atk|2
|move|p2a: Dru|Glare|p1a: Doublade
|-status|p1a: Doublade|par
|
|-damage|p2a: Dru|64/100 brn|[from] brn
|upkeep
|turn|21
|
|t:|1662513166
|move|p1a: Doublade|Shadow Claw|p2a: Dru
|-damage|p2a: Dru|9/100 brn
|-damage|p1a: Doublade|54/100 par|[from] ability: Rough Skin|[of] p2a: Dru
|-damage|p1a: Doublade|37/100 par|[from] item: Rocky Helmet|[of] p2a: Dru
|move|p2a: Dru|Dragon Tail|p1a: Doublade
|-resisted|p1a: Doublade
|-damage|p1a: Doublade|34/100 par
|drag|p1a: Turtonator|Turtonator, M|100/100
|
|-damage|p2a: Dru|3/100 brn|[from] brn
|upkeep
|turn|22
|
|t:|1662513178
|move|p1a: Turtonator|Flamethrower|p2a: Dru
|-resisted|p2a: Dru
|-crit|p2a: Dru
|-damage|p2a: Dru|0 fnt
|faint|p2a: Dru
|
|upkeep
|
|t:|1662513189
|switch|p2a: Sil|Silvally-Ghost, shiny|100/100
|-damage|p2a: Sil|88/100|[from] Spikes
|-damage|p2a: Sil|76/100|[from] Stealth Rock
|turn|23
|
|t:|1662513195
|move|p2a: Sil|Substitute|p2a: Sil
|-start|p2a: Sil|Substitute
|-damage|p2a: Sil|51/100
|move|p1a: Turtonator|Shell Smash|p1a: Turtonator
|-unboost|p1a: Turtonator|def|1
|-unboost|p1a: Turtonator|spd|1
|-boost|p1a: Turtonator|atk|2
|-boost|p1a: Turtonator|spa|2
|-boost|p1a: Turtonator|spe|2
|
|upkeep
|turn|24
|
|t:|1662513203
|move|p1a: Turtonator|Flamethrower|p2a: Sil
|-end|p2a: Sil|Substitute
|move|p2a: Sil|Multi-Attack|p1a: Turtonator
|-damage|p1a: Turtonator|22/100
|
|upkeep
|turn|25
|
|t:|1662513219
|move|p1a: Turtonator|Shell Smash|p1a: Turtonator
|-unboost|p1a: Turtonator|def|1
|-unboost|p1a: Turtonator|spd|1
|-boost|p1a: Turtonator|atk|2
|-boost|p1a: Turtonator|spa|2
|-boost|p1a: Turtonator|spe|2
|move|p2a: Sil|Multi-Attack|p1a: Turtonator
|-damage|p1a: Turtonator|0 fnt
|faint|p1a: Turtonator
|
|upkeep
|
|t:|1662513223
|switch|p1a: Comfey|Comfey, F|100/100
|turn|26
|c|☆Capt'n'Mouss Rondo|👀
|
|t:|1662513238
|move|p2a: Sil|Substitute|p2a: Sil
|-start|p2a: Sil|Substitute
|-damage|p2a: Sil|26/100
|move|p1a: Comfey|Calm Mind|p1a: Comfey
|-boost|p1a: Comfey|spa|1
|-boost|p1a: Comfey|spd|1
|
|upkeep
|turn|27
|
|t:|1662513246
|move|p1a: Comfey|Draining Kiss|p2a: Sil
|-activate|p2a: Sil|move: Substitute|[damage]
|move|p2a: Sil|Multi-Attack|p1a: Comfey
|-crit|p1a: Comfey
|-damage|p1a: Comfey|35/100
|-enditem|p1a: Comfey|Kee Berry|[eat]
|-boost|p1a: Comfey|def|1|[from] item: Kee Berry
|
|upkeep
|turn|28
|
|t:|1662513256
|move|p1a: Comfey|Draining Kiss|p2a: Sil
|-end|p2a: Sil|Substitute
|-heal|p1a: Comfey|36/100|[from] drain|[of] p2a: Sil
|move|p2a: Sil|Multi-Attack|p1a: Comfey
|-damage|p1a: Comfey|6/100
|
|upkeep
|turn|29
|
|t:|1662513266
|move|p1a: Comfey|Rest|p1a: Comfey
|-status|p1a: Comfey|slp|[from] move: Rest
|-heal|p1a: Comfey|100/100 slp|[silent]
|move|p2a: Sil|Multi-Attack|p1a: Comfey
|-damage|p1a: Comfey|72/100 slp
|
|upkeep
|turn|30
|
|t:|1662513282
|move|p2a: Sil|Substitute|p2a: Sil
|-start|p2a: Sil|Substitute
|-damage|p2a: Sil|1/100
|cant|p1a: Comfey|slp
|
|upkeep
|turn|31
|
|t:|1662513291
|cant|p1a: Comfey|slp
|move|p2a: Sil|Multi-Attack|p1a: Comfey
|-damage|p1a: Comfey|41/100 slp
|
|upkeep
|turn|32
|
|t:|1662513310
|-curestatus|p1a: Comfey|slp|[msg]
|move|p1a: Comfey|Rest|p1a: Comfey
|-status|p1a: Comfey|slp|[from] move: Rest
|-heal|p1a: Comfey|100/100 slp|[silent]
|move|p2a: Sil|Multi-Attack|p1a: Comfey
|-damage|p1a: Comfey|70/100 slp
|
|upkeep
|turn|33
|
|t:|1662513315
|cant|p1a: Comfey|slp
|move|p2a: Sil|Swords Dance|p2a: Sil
|-boost|p2a: Sil|atk|2
|
|upkeep
|turn|34
|
|t:|1662513326
|cant|p1a: Comfey|slp
|move|p2a: Sil|Multi-Attack|p1a: Comfey
|-damage|p1a: Comfey|3/100 slp
|
|upkeep
|turn|35
|-message|PULT4V4 Redemption forfeited.
|
|win|Capt'n'Mouss Rondo
|raw|PULT4V4 Redemption's rating: 1366 &rarr; <strong>1338</strong><br />(-28 for losing)
|raw|Capt&apos;n&apos;Mouss Rondo's rating: 1214 &rarr; <strong>1249</strong><br />(+35 for winning)
|l|☆PULT4V4 Redemption
|c|☆Capt'n'Mouss Rondo|Déso pour le hax, pas fait exprès
||Ladder isn't responding, score probably updated but might not have (Request timeout).
