|html|<div class="broadcast-blue"><strong>[Gen 8] PU is currently suspecting Exeggutor-Alola! For information on how to participate check out the <a href="https://www.smogon.com/forums/threads/np-pu-stage-6-hate-to-see-you-k-o-love-to-watch-you-leaf-storm.3686048/">suspect thread</a>.</strong></div>
|j|☆snatchless
|j|☆one of the bouys
|t:|1624566102
|gametype|singles
|player|p1|snatchless|102|1490
|player|p2|one of the bouys|2|1594
|teamsize|p1|6
|teamsize|p2|6
|gen|8
|tier|[Gen 8] PU
|rated|
|rule|Sleep Clause Mod: Limit one foe put to sleep
|rule|Species Clause: Limit one of each Pokémon
|rule|OHKO Clause: OHKO moves are banned
|rule|Evasion Moves Clause: Evasion moves are banned
|rule|Endless Battle Clause: Forcing endless battles is banned
|rule|HP Percentage Mod: HP is shown in percentages
|rule|Dynamax Clause: You cannot dynamax
|clearpoke
|poke|p1|Passimian, M|
|poke|p1|Charizard, F|
|poke|p1|Silvally-*|
|poke|p1|Tsareena, F|
|poke|p1|Sandaconda, F|
|poke|p1|Aromatisse, F|
|poke|p2|Scyther, F|
|poke|p2|Morpeko, F|
|poke|p2|Lunatone|
|poke|p2|Poliwrath, F|
|poke|p2|Weezing, M|
|poke|p2|Stunfisk-Galar, M|
|teampreview
|c|☆snatchless|gl hf
|inactive|Battle timer is ON: inactive players will automatically lose when time's up. (requested by snatchless)
|c|☆one of the bouys|u 2
|
|t:|1624566160
|start
|switch|p1a: Sandaconda|Sandaconda, F|100/100
|switch|p2a: Weezing|Weezing, M|100/100
|-ability|p2a: Weezing|Neutralizing Gas
|turn|1
|
|t:|1624566171
|-end|p2a: Weezing|ability: Neutralizing Gas
|switch|p2a: Lunatone|Lunatone|100/100
|move|p1a: Sandaconda|Glare|p2a: Lunatone
|-status|p2a: Lunatone|par
|
|upkeep
|turn|2
|
|t:|1624566178
|switch|p1a: Tsareena|Tsareena, F|100/100
|move|p2a: Lunatone|Future Sight|p1a: Tsareena
|-start|p2a: Lunatone|move: Future Sight
|
|upkeep
|turn|3
|
|t:|1624566184
|switch|p2a: Weezing|Weezing, M|100/100
|-ability|p2a: Weezing|Neutralizing Gas
|move|p1a: Tsareena|U-turn|p2a: Weezing
|-resisted|p2a: Weezing
|-damage|p2a: Weezing|93/100
|
|t:|1624566195
|switch|p1a: Sandaconda|Sandaconda, F|100/100|[from]move: U-turn
|
|-heal|p2a: Weezing|99/100|[from] item: Black Sludge
|upkeep
|turn|4
|
|t:|1624566199
|move|p1a: Sandaconda|Stealth Rock|p2a: Weezing
|-sidestart|p2: one of the bouys|move: Stealth Rock
|move|p2a: Weezing|Will-O-Wisp|p1a: Sandaconda
|-status|p1a: Sandaconda|brn
|
|-end|p1a: Sandaconda|move: Future Sight
|-damage|p1a: Sandaconda|26/100 brn
|-heal|p1a: Sandaconda|32/100 brn|[from] item: Leftovers
|-heal|p2a: Weezing|100/100|[from] item: Black Sludge
|-damage|p1a: Sandaconda|26/100 brn|[from] brn
|upkeep
|turn|5
|
|t:|1624566204
|move|p1a: Sandaconda|Rest|p1a: Sandaconda
|-status|p1a: Sandaconda|slp|[from] move: Rest
|-heal|p1a: Sandaconda|100/100 slp|[silent]
|move|p2a: Weezing|Toxic Spikes|p1a: Sandaconda
|-sidestart|p1: snatchless|move: Toxic Spikes
|
|upkeep
|turn|6
|
|t:|1624566210
|switch|p1a: Charizard|Charizard, F|100/100
|-end|p2a: Weezing|ability: Neutralizing Gas
|switch|p2a: Lunatone|Lunatone|100/100 par
|-damage|p2a: Lunatone|88/100 par|[from] Stealth Rock
|
|-heal|p2a: Lunatone|94/100 par|[from] item: Leftovers
|upkeep
|turn|7
|
|t:|1624566218
|switch|p1a: Sandaconda|Sandaconda, F|100/100 slp
|move|p2a: Lunatone|Power Gem|p1a: Sandaconda
|-resisted|p1a: Sandaconda
|-damage|p1a: Sandaconda|76/100 slp
|
|-heal|p1a: Sandaconda|82/100 slp|[from] item: Leftovers
|-heal|p2a: Lunatone|100/100 par|[from] item: Leftovers
|upkeep
|turn|8
|
|t:|1624566226
|switch|p1a: Silvally|Silvally-Steel|100/100
|move|p2a: Lunatone|Future Sight|p1a: Silvally
|-start|p2a: Lunatone|move: Future Sight
|
|upkeep
|turn|9
|
|t:|1624566234
|switch|p2a: Poliwrath|Poliwrath, F|100/100
|-damage|p2a: Poliwrath|94/100|[from] Stealth Rock
|move|p1a: Silvally|Swords Dance|p1a: Silvally
|-boost|p1a: Silvally|atk|2
|
|-heal|p2a: Poliwrath|100/100|[from] item: Leftovers
|upkeep
|turn|10
|
|t:|1624566241
|switch|p1a: Aromatisse|Aromatisse, F|100/100
|-status|p1a: Aromatisse|psn
|move|p2a: Poliwrath|Circle Throw|p1a: Aromatisse
|-resisted|p1a: Aromatisse
|-damage|p1a: Aromatisse|94/100 psn
|drag|p1a: Passimian|Passimian, M|100/100
|-status|p1a: Passimian|psn
|
|-end|p1a: Passimian|move: Future Sight
|-supereffective|p1a: Passimian
|-damage|p1a: Passimian|0 fnt
|faint|p1a: Passimian
|upkeep
|c|☆snatchless|loool
|c|☆snatchless|sick
|
|t:|1624566262
|switch|p1a: Charizard|Charizard, F|100/100
|turn|11
|
|t:|1624566271
|switch|p2a: Lunatone|Lunatone|100/100 par
|-damage|p2a: Lunatone|88/100 par|[from] Stealth Rock
|move|p1a: Charizard|Hurricane|p2a: Lunatone
|-resisted|p2a: Lunatone
|-damage|p2a: Lunatone|61/100 par
|
|-heal|p2a: Lunatone|67/100 par|[from] item: Leftovers
|upkeep
|turn|12
|
|t:|1624566284
|switch|p1a: Tsareena|Tsareena, F|100/100
|move|p2a: Lunatone|Future Sight|p1a: Tsareena
|-start|p2a: Lunatone|move: Future Sight
|
|-heal|p2a: Lunatone|73/100 par|[from] item: Leftovers
|upkeep
|turn|13
|
|t:|1624566290
|switch|p2a: Weezing|Weezing, M|100/100
|-ability|p2a: Weezing|Neutralizing Gas
|-damage|p2a: Weezing|88/100|[from] Stealth Rock
|move|p1a: Tsareena|Rapid Spin|p2a: Weezing
|-damage|p2a: Weezing|78/100
|-boost|p1a: Tsareena|spe|1
|-sideend|p1: snatchless|Toxic Spikes|[from] move: Rapid Spin|[of] p1a: Tsareena
|
|-heal|p2a: Weezing|84/100|[from] item: Black Sludge
|upkeep
|turn|14
|
|t:|1624566296
|move|p1a: Tsareena|U-turn|p2a: Weezing
|-resisted|p2a: Weezing
|-damage|p2a: Weezing|76/100
|
|t:|1624566299
|switch|p1a: Silvally|Silvally-Steel|100/100|[from]move: U-turn
|move|p2a: Weezing|Toxic Spikes|p1a: Silvally
|-sidestart|p1: snatchless|move: Toxic Spikes
|
|-end|p1a: Silvally|move: Future Sight
|-resisted|p1a: Silvally
|-damage|p1a: Silvally|69/100
|-heal|p2a: Weezing|82/100|[from] item: Black Sludge
|upkeep
|turn|15
|
|t:|1624566308
|switch|p1a: Charizard|Charizard, F|100/100
|move|p2a: Weezing|Will-O-Wisp|p1a: Charizard
|-immune|p1a: Charizard
|
|-heal|p2a: Weezing|88/100|[from] item: Black Sludge
|upkeep
|turn|16
|
|t:|1624566317
|-end|p2a: Weezing|ability: Neutralizing Gas
|switch|p2a: Lunatone|Lunatone|73/100 par
|-damage|p2a: Lunatone|61/100 par|[from] Stealth Rock
|move|p1a: Charizard|Hurricane|p2a: Lunatone
|-resisted|p2a: Lunatone
|-damage|p2a: Lunatone|35/100 par
|-start|p2a: Lunatone|confusion
|
|-heal|p2a: Lunatone|41/100 par|[from] item: Leftovers
|upkeep
|turn|17
|
|t:|1624566335
|switch|p2a: Morpeko|Morpeko, F|100/100
|move|p1a: Charizard|Hurricane|p2a: Morpeko
|-resisted|p2a: Morpeko
|-damage|p2a: Morpeko|46/100
|
|-formechange|p2a: Morpeko|Morpeko-Hangry||[from] ability: Hunger Switch
|upkeep
|turn|18
|
|t:|1624566349
|move|p1a: Charizard|Fire Blast|p2a: Morpeko
|-damage|p2a: Morpeko|0 fnt
|faint|p2a: Morpeko
|
|upkeep
|
|t:|1624566351
|switch|p2a: Lunatone|Lunatone|41/100 par
|-damage|p2a: Lunatone|29/100 par|[from] Stealth Rock
|turn|19
|
|t:|1624566358
|switch|p1a: Silvally|Silvally-Steel|69/100
|cant|p2a: Lunatone|par
|
|-heal|p2a: Lunatone|35/100 par|[from] item: Leftovers
|upkeep
|turn|20
|
|t:|1624566362
|switch|p2a: Stunfisk|Stunfisk-Galar, M|100/100
|-damage|p2a: Stunfisk|97/100|[from] Stealth Rock
|move|p1a: Silvally|Multi-Attack|p2a: Stunfisk
|-resisted|p2a: Stunfisk
|-damage|p2a: Stunfisk|77/100
|
|-heal|p2a: Stunfisk|83/100|[from] item: Leftovers
|upkeep
|turn|21
|
|t:|1624566372
|switch|p1a: Tsareena|Tsareena, F|100/100
|move|p2a: Stunfisk|Yawn|p1a: Tsareena
|-start|p1a: Tsareena|move: Yawn|[of] p2a: Stunfisk
|
|-heal|p2a: Stunfisk|89/100|[from] item: Leftovers
|upkeep
|turn|22
|
|t:|1624566377
|move|p1a: Tsareena|U-turn|p2a: Stunfisk
|-resisted|p2a: Stunfisk
|-damage|p2a: Stunfisk|80/100
|
|t:|1624566388
|switch|p1a: Sandaconda|Sandaconda, F|82/100 slp|[from]move: U-turn
|move|p2a: Stunfisk|Yawn||[still]
|-fail|p2a: Stunfisk
|
|-heal|p1a: Sandaconda|88/100 slp|[from] item: Leftovers
|-heal|p2a: Stunfisk|86/100|[from] item: Leftovers
|upkeep
|turn|23
|
|t:|1624566393
|cant|p1a: Sandaconda|slp
|move|p2a: Stunfisk|Stealth Rock|p1a: Sandaconda
|-sidestart|p1: snatchless|move: Stealth Rock
|
|-heal|p1a: Sandaconda|94/100 slp|[from] item: Leftovers
|-heal|p2a: Stunfisk|92/100|[from] item: Leftovers
|upkeep
|turn|24
|j| superjester5
|
|t:|1624566413
|switch|p1a: Charizard|Charizard, F|100/100
|switch|p2a: Lunatone|Lunatone|35/100 par
|-damage|p2a: Lunatone|22/100 par|[from] Stealth Rock
|
|-heal|p2a: Lunatone|29/100 par|[from] item: Leftovers
|upkeep
|turn|25
|
|t:|1624566421
|move|p1a: Charizard|Hurricane|p2a: Lunatone
|-resisted|p2a: Lunatone
|-damage|p2a: Lunatone|2/100 par
|move|p2a: Lunatone|Moonlight|p2a: Lunatone
|-heal|p2a: Lunatone|52/100 par
|
|-heal|p2a: Lunatone|59/100 par|[from] item: Leftovers
|upkeep
|turn|26
|
|t:|1624566428
|switch|p1a: Tsareena|Tsareena, F|100/100
|move|p2a: Lunatone|Moonlight|p2a: Lunatone
|-heal|p2a: Lunatone|100/100 par
|
|upkeep
|turn|27
|
|t:|1624566431
|switch|p2a: Weezing|Weezing, M|88/100
|-ability|p2a: Weezing|Neutralizing Gas
|-damage|p2a: Weezing|76/100|[from] Stealth Rock
|move|p1a: Tsareena|Rapid Spin|p2a: Weezing
|-damage|p2a: Weezing|65/100
|-boost|p1a: Tsareena|spe|1
|-sideend|p1: snatchless|Toxic Spikes|[from] move: Rapid Spin|[of] p1a: Tsareena
|-sideend|p1: snatchless|Stealth Rock|[from] move: Rapid Spin|[of] p1a: Tsareena
|
|-heal|p2a: Weezing|71/100|[from] item: Black Sludge
|upkeep
|turn|28
|
|t:|1624566439
|move|p1a: Tsareena|U-turn|p2a: Weezing
|-resisted|p2a: Weezing
|-damage|p2a: Weezing|64/100
|
|t:|1624566443
|switch|p1a: Charizard|Charizard, F|100/100|[from]move: U-turn
|move|p2a: Weezing|Toxic Spikes|p1a: Charizard
|-sidestart|p1: snatchless|move: Toxic Spikes
|
|-heal|p2a: Weezing|70/100|[from] item: Black Sludge
|upkeep
|turn|29
|
|t:|1624566449
|switch|p1a: Silvally|Silvally-Steel|69/100
|-end|p2a: Weezing|ability: Neutralizing Gas
|switch|p2a: Lunatone|Lunatone|100/100 par
|-damage|p2a: Lunatone|88/100 par|[from] Stealth Rock
|
|-heal|p2a: Lunatone|94/100 par|[from] item: Leftovers
|upkeep
|turn|30
|
|t:|1624566455
|switch|p2a: Poliwrath|Poliwrath, F|100/100
|-damage|p2a: Poliwrath|94/100|[from] Stealth Rock
|move|p1a: Silvally|Multi-Attack|p2a: Poliwrath
|-resisted|p2a: Poliwrath
|-crit|p2a: Poliwrath
|-damage|p2a: Poliwrath|71/100
|
|-heal|p2a: Poliwrath|77/100|[from] item: Leftovers
|upkeep
|turn|31
|
|t:|1624566461
|switch|p1a: Charizard|Charizard, F|100/100
|move|p2a: Poliwrath|Circle Throw|p1a: Charizard
|-resisted|p1a: Charizard
|-damage|p1a: Charizard|86/100
|drag|p1a: Tsareena|Tsareena, F|100/100
|
|-heal|p2a: Poliwrath|84/100|[from] item: Leftovers
|upkeep
|turn|32
|
|t:|1624566469
|switch|p2a: Scyther|Scyther, F|100/100
|move|p1a: Tsareena|Power Whip|p2a: Scyther
|-resisted|p2a: Scyther
|-damage|p2a: Scyther|78/100
|
|upkeep
|turn|33
|
|t:|1624566476
|switch|p1a: Silvally|Silvally-Steel|69/100
|move|p2a: Scyther|Dual Wingbeat|p1a: Silvally
|-resisted|p1a: Silvally
|-damage|p1a: Silvally|56/100
|-resisted|p1a: Silvally
|-damage|p1a: Silvally|41/100
|-hitcount|p1a: Silvally|2
|
|upkeep
|turn|34
|
|t:|1624566485
|move|p2a: Scyther|U-turn|p1a: Silvally
|-resisted|p1a: Silvally
|-damage|p1a: Silvally|24/100
|
|t:|1624566488
|switch|p2a: Stunfisk|Stunfisk-Galar, M|92/100|[from]move: U-turn
|-damage|p2a: Stunfisk|89/100|[from] Stealth Rock
|move|p1a: Silvally|Rock Slide|p2a: Stunfisk
|-resisted|p2a: Stunfisk
|-damage|p2a: Stunfisk|86/100
|
|-heal|p2a: Stunfisk|92/100|[from] item: Leftovers
|upkeep
|turn|35
|
|t:|1624566495
|move|p1a: Silvally|Flame Charge|p2a: Stunfisk
|-supereffective|p2a: Stunfisk
|-damage|p2a: Stunfisk|68/100
|-boost|p1a: Silvally|spe|1
|move|p2a: Stunfisk|Stealth Rock|p1a: Silvally
|-sidestart|p1: snatchless|move: Stealth Rock
|
|-heal|p2a: Stunfisk|74/100|[from] item: Leftovers
|upkeep
|turn|36
|
|t:|1624566504
|switch|p1a: Charizard|Charizard, F|86/100
|move|p2a: Stunfisk|Snap Trap|p1a: Charizard
|-resisted|p1a: Charizard
|-damage|p1a: Charizard|83/100
|-activate|p1a: Charizard|move: Snap Trap|[of] p2a: Stunfisk
|
|-heal|p2a: Stunfisk|80/100|[from] item: Leftovers
|-damage|p1a: Charizard|71/100|[from] move: Snap Trap|[partiallytrapped]
|upkeep
|turn|37
|
|t:|1624566510
|switch|p2a: Lunatone|Lunatone|94/100 par
|-damage|p2a: Lunatone|82/100 par|[from] Stealth Rock
|move|p1a: Charizard|Defog|p2a: Lunatone
|-unboost|p2a: Lunatone|evasion|1
|-sideend|p2: one of the bouys|Stealth Rock|[from] move: Defog|[of] p1a: Charizard
|-sideend|p1: snatchless|Toxic Spikes|[from] move: Defog|[of] p1a: Charizard
|-sideend|p1: snatchless|Stealth Rock|[from] move: Defog|[of] p1a: Charizard
|
|-heal|p2a: Lunatone|88/100 par|[from] item: Leftovers
|-end|p1a: Charizard|Snap Trap|[partiallytrapped]|[silent]
|upkeep
|turn|38
|
|t:|1624566517
|switch|p1a: Aromatisse|Aromatisse, F|94/100 psn
|cant|p2a: Lunatone|par
|
|-heal|p1a: Aromatisse|99/100 psn|[from] item: Leftovers
|-heal|p2a: Lunatone|94/100 par|[from] item: Leftovers
|-damage|p1a: Aromatisse|87/100 psn|[from] psn
|upkeep
|turn|39
|
|t:|1624566521
|move|p1a: Aromatisse|Wish|p1a: Aromatisse
|move|p2a: Lunatone|Future Sight|p1a: Aromatisse
|-start|p2a: Lunatone|move: Future Sight
|
|-heal|p1a: Aromatisse|94/100 psn|[from] item: Leftovers
|-heal|p2a: Lunatone|100/100 par|[from] item: Leftovers
|-damage|p1a: Aromatisse|81/100 psn|[from] psn
|upkeep
|turn|40
|
|t:|1624566524
|move|p1a: Aromatisse|Heal Bell|p1a: Aromatisse
|-activate|p1a: Aromatisse|move: Heal Bell
|-curestatus|p1a: Aromatisse|psn|[msg]
|-curestatus|p1: Sandaconda|slp|[msg]
|cant|p2a: Lunatone|par
|
|-heal|p1a: Aromatisse|100/100|[from] move: Wish|[wisher] Aromatisse
|upkeep
|turn|41
|
|t:|1624566534
|move|p1a: Aromatisse|Protect|p1a: Aromatisse
|-singleturn|p1a: Aromatisse|Protect
|move|p2a: Lunatone|Power Gem|p1a: Aromatisse
|-activate|p1a: Aromatisse|move: Protect
|
|-end|p1a: Aromatisse|move: Future Sight
|-damage|p1a: Aromatisse|47/100
|-heal|p1a: Aromatisse|53/100|[from] item: Leftovers
|upkeep
|turn|42
|
|t:|1624566543
|move|p1a: Aromatisse|Wish|p1a: Aromatisse
|cant|p2a: Lunatone|par
|
|-heal|p1a: Aromatisse|60/100|[from] item: Leftovers
|upkeep
|turn|43
|
|t:|1624566548
|move|p1a: Aromatisse|Moonblast|p2a: Lunatone
|-damage|p2a: Lunatone|67/100 par
|move|p2a: Lunatone|Earth Power|p1a: Aromatisse
|-damage|p1a: Aromatisse|35/100
|
|-heal|p1a: Aromatisse|85/100|[from] move: Wish|[wisher] Aromatisse
|-heal|p1a: Aromatisse|91/100|[from] item: Leftovers
|-heal|p2a: Lunatone|74/100 par|[from] item: Leftovers
|upkeep
|turn|44
|
|t:|1624566553
|move|p1a: Aromatisse|Moonblast|p2a: Lunatone
|-damage|p2a: Lunatone|42/100 par
|-unboost|p2a: Lunatone|spa|1
|move|p2a: Lunatone|Future Sight|p1a: Aromatisse
|-start|p2a: Lunatone|move: Future Sight
|
|-heal|p1a: Aromatisse|97/100|[from] item: Leftovers
|-heal|p2a: Lunatone|48/100 par|[from] item: Leftovers
|upkeep
|turn|45
|
|t:|1624566564
|switch|p2a: Stunfisk|Stunfisk-Galar, M|80/100
|move|p1a: Aromatisse|Wish|p1a: Aromatisse
|
|-heal|p2a: Stunfisk|87/100|[from] item: Leftovers
|-heal|p1a: Aromatisse|100/100|[from] item: Leftovers
|upkeep
|turn|46
|
|t:|1624566570
|switch|p1a: Charizard|Charizard, F|71/100
|move|p2a: Stunfisk|Snap Trap|p1a: Charizard
|-resisted|p1a: Charizard
|-damage|p1a: Charizard|69/100
|-activate|p1a: Charizard|move: Snap Trap|[of] p2a: Stunfisk
|
|-end|p1a: Charizard|move: Future Sight
|-damage|p1a: Charizard|0 fnt
|faint|p1a: Charizard
|-heal|p2a: Stunfisk|93/100|[from] item: Leftovers
|upkeep
|
|t:|1624566580
|switch|p1a: Sandaconda|Sandaconda, F|94/100
|turn|47
|
|t:|1624566590
|switch|p2a: Lunatone|Lunatone|48/100 par
|move|p1a: Sandaconda|Stealth Rock|p2a: Lunatone
|-sidestart|p2: one of the bouys|move: Stealth Rock
|
|-heal|p1a: Sandaconda|99/100|[from] item: Leftovers
|-heal|p2a: Lunatone|54/100 par|[from] item: Leftovers
|upkeep
|turn|48
|
|t:|1624566594
|switch|p1a: Tsareena|Tsareena, F|100/100
|cant|p2a: Lunatone|par
|
|-heal|p2a: Lunatone|60/100 par|[from] item: Leftovers
|upkeep
|turn|49
|
|t:|1624566600
|switch|p2a: Weezing|Weezing, M|70/100
|-ability|p2a: Weezing|Neutralizing Gas
|-damage|p2a: Weezing|57/100|[from] Stealth Rock
|move|p1a: Tsareena|U-turn|p2a: Weezing
|-resisted|p2a: Weezing
|-damage|p2a: Weezing|50/100
|
|t:|1624566607
|switch|p1a: Sandaconda|Sandaconda, F|99/100|[from]move: U-turn
|
|-heal|p1a: Sandaconda|100/100|[from] item: Leftovers
|-heal|p2a: Weezing|56/100|[from] item: Black Sludge
|upkeep
|turn|50
|
|t:|1624566616
|-end|p2a: Weezing|ability: Neutralizing Gas
|switch|p2a: Poliwrath|Poliwrath, F|84/100
|-damage|p2a: Poliwrath|77/100|[from] Stealth Rock
|move|p1a: Sandaconda|Earthquake|p2a: Poliwrath
|-damage|p2a: Poliwrath|55/100
|
|-heal|p2a: Poliwrath|61/100|[from] item: Leftovers
|upkeep
|turn|51
|
|t:|1624566624
|switch|p1a: Aromatisse|Aromatisse, F|100/100
|move|p2a: Poliwrath|Scald|p1a: Aromatisse
|-damage|p1a: Aromatisse|81/100
|
|-heal|p2a: Poliwrath|68/100|[from] item: Leftovers
|-heal|p1a: Aromatisse|87/100|[from] item: Leftovers
|upkeep
|turn|52
|
|t:|1624566632
|switch|p2a: Stunfisk|Stunfisk-Galar, M|93/100
|-damage|p2a: Stunfisk|90/100|[from] Stealth Rock
|move|p1a: Aromatisse|Wish|p1a: Aromatisse
|
|-heal|p2a: Stunfisk|96/100|[from] item: Leftovers
|-heal|p1a: Aromatisse|93/100|[from] item: Leftovers
|upkeep
|turn|53
|
|t:|1624566640
|switch|p1a: Sandaconda|Sandaconda, F|100/100
|move|p2a: Stunfisk|Stealth Rock|p1a: Sandaconda
|-sidestart|p1: snatchless|move: Stealth Rock
|
|-heal|p2a: Stunfisk|100/100|[from] item: Leftovers
|upkeep
|turn|54
|
|t:|1624566652
|switch|p1a: Silvally|Silvally-Steel|24/100
|-damage|p1a: Silvally|18/100|[from] Stealth Rock
|move|p2a: Stunfisk|Snap Trap|p1a: Silvally
|-resisted|p1a: Silvally
|-damage|p1a: Silvally|14/100
|-activate|p1a: Silvally|move: Snap Trap|[of] p2a: Stunfisk
|
|-damage|p1a: Silvally|2/100|[from] move: Snap Trap|[partiallytrapped]
|upkeep
|turn|55
|
|t:|1624566659
|move|p1a: Silvally|Flame Charge|p2a: Stunfisk
|-supereffective|p2a: Stunfisk
|-damage|p2a: Stunfisk|76/100
|-boost|p1a: Silvally|spe|1
|move|p2a: Stunfisk|Snap Trap|p1a: Silvally
|-resisted|p1a: Silvally
|-damage|p1a: Silvally|0 fnt
|faint|p1a: Silvally
|
|-heal|p2a: Stunfisk|82/100|[from] item: Leftovers
|upkeep
|
|t:|1624566665
|switch|p1a: Tsareena|Tsareena, F|100/100
|turn|56
|
|t:|1624566670
|move|p1a: Tsareena|Power Whip|p2a: Stunfisk|[miss]
|-miss|p1a: Tsareena|p2a: Stunfisk
|move|p2a: Stunfisk|Yawn|p1a: Tsareena
|-start|p1a: Tsareena|move: Yawn|[of] p2a: Stunfisk
|
|-heal|p2a: Stunfisk|89/100|[from] item: Leftovers
|upkeep
|turn|57
|
|t:|1624566676
|move|p1a: Tsareena|U-turn|p2a: Stunfisk
|-resisted|p2a: Stunfisk
|-damage|p2a: Stunfisk|79/100
|
|t:|1624566679
|switch|p1a: Sandaconda|Sandaconda, F|100/100|[from]move: U-turn
|-damage|p1a: Sandaconda|94/100|[from] Stealth Rock
|move|p2a: Stunfisk|Snap Trap|p1a: Sandaconda
|-supereffective|p1a: Sandaconda
|-damage|p1a: Sandaconda|86/100
|-activate|p1a: Sandaconda|move: Snap Trap|[of] p2a: Stunfisk
|
|-heal|p1a: Sandaconda|92/100|[from] item: Leftovers
|-heal|p2a: Stunfisk|85/100|[from] item: Leftovers
|-damage|p1a: Sandaconda|80/100|[from] move: Snap Trap|[partiallytrapped]
|upkeep
|turn|58
|
|t:|1624566689
|switch|p2a: Lunatone|Lunatone|60/100 par
|-damage|p2a: Lunatone|48/100 par|[from] Stealth Rock
|move|p1a: Sandaconda|Earthquake|p2a: Lunatone
|-immune|p2a: Lunatone|[from] ability: Levitate
|
|-heal|p1a: Sandaconda|86/100|[from] item: Leftovers
|-heal|p2a: Lunatone|54/100 par|[from] item: Leftovers
|-end|p1a: Sandaconda|Snap Trap|[partiallytrapped]|[silent]
|upkeep
|turn|59
|
|t:|1624566693
|switch|p1a: Tsareena|Tsareena, F|100/100
|move|p2a: Lunatone|Future Sight|p1a: Tsareena
|-start|p2a: Lunatone|move: Future Sight
|
|-heal|p2a: Lunatone|60/100 par|[from] item: Leftovers
|upkeep
|turn|60
|
|t:|1624566700
|switch|p2a: Weezing|Weezing, M|56/100
|-ability|p2a: Weezing|Neutralizing Gas
|-damage|p2a: Weezing|44/100|[from] Stealth Rock
|move|p1a: Tsareena|Rapid Spin|p2a: Weezing
|-damage|p2a: Weezing|34/100
|-boost|p1a: Tsareena|spe|1
|-sideend|p1: snatchless|Stealth Rock|[from] move: Rapid Spin|[of] p1a: Tsareena
|
|-heal|p2a: Weezing|40/100|[from] item: Black Sludge
|upkeep
|turn|61
|
|t:|1624566706
|move|p1a: Tsareena|U-turn|p2a: Weezing
|-resisted|p2a: Weezing
|-damage|p2a: Weezing|33/100
|
|t:|1624566708
|switch|p1a: Aromatisse|Aromatisse, F|93/100|[from]move: U-turn
|move|p2a: Weezing|Pain Split|p1a: Aromatisse
|-sethp|p1a: Aromatisse|60/100|[from] move: Pain Split|[silent]
|-sethp|p2a: Weezing|73/100|[from] move: Pain Split
|
|-end|p1a: Aromatisse|move: Future Sight
|-damage|p1a: Aromatisse|5/100
|-heal|p2a: Weezing|79/100|[from] item: Black Sludge
|-heal|p1a: Aromatisse|11/100|[from] item: Leftovers
|upkeep
|turn|62
|
|t:|1624566717
|move|p1a: Aromatisse|Protect|p1a: Aromatisse
|-singleturn|p1a: Aromatisse|Protect
|move|p2a: Weezing|Sludge Bomb|p1a: Aromatisse
|-activate|p1a: Aromatisse|move: Protect
|
|-heal|p2a: Weezing|85/100|[from] item: Black Sludge
|-heal|p1a: Aromatisse|17/100|[from] item: Leftovers
|upkeep
|turn|63
|
|t:|1624566720
|switch|p1a: Sandaconda|Sandaconda, F|86/100
|move|p2a: Weezing|Sludge Bomb|p1a: Sandaconda
|-resisted|p1a: Sandaconda
|-damage|p1a: Sandaconda|69/100
|
|-heal|p1a: Sandaconda|75/100|[from] item: Leftovers
|-heal|p2a: Weezing|91/100|[from] item: Black Sludge
|upkeep
|turn|64
|
|t:|1624566731
|switch|p1a: Tsareena|Tsareena, F|100/100
|move|p2a: Weezing|Will-O-Wisp|p1a: Tsareena
|-status|p1a: Tsareena|brn
|
|-heal|p2a: Weezing|97/100|[from] item: Black Sludge
|-damage|p1a: Tsareena|95/100 brn|[from] brn
|upkeep
|turn|65
|
|t:|1624566739
|move|p1a: Tsareena|U-turn|p2a: Weezing
|-resisted|p2a: Weezing
|-damage|p2a: Weezing|94/100
|-message|snatchless forfeited.
|
|win|one of the bouys
|l|☆snatchless
|raw|snatchless's rating: 1490 &rarr; <strong>1476</strong><br />(-14 for losing)
|raw|one of the bouys's rating: 1594 &rarr; <strong>1608</strong><br />(+14 for winning)
||Ladder isn't responding, score probably updated but might not have (Request timeout).
