|j|☆one of the bouys
|j|☆fezfezfezfez
|t:|1634469910
|gametype|singles
|player|p1|one of the bouys|clown|1651
|player|p2|fezfezfezfez|1|1487
|teamsize|p1|6
|teamsize|p2|6
|gen|8
|tier|[Gen 8] PU
|rated|
|rule|Sleep Clause Mod: Limit one foe put to sleep
|rule|Species Clause: Limit one of each Pokémon
|rule|OHKO Clause: OHKO moves are banned
|rule|Evasion Moves Clause: Evasion moves are banned
|rule|Endless Battle Clause: Forcing endless battles is banned
|rule|HP Percentage Mod: HP is shown in percentages
|rule|Dynamax Clause: You cannot dynamax
|clearpoke
|poke|p1|Flapple, M|
|poke|p1|Frosmoth, M|
|poke|p1|Gigalith, M|
|poke|p1|Weezing, F|
|poke|p1|Thwackey, F|
|poke|p1|Morpeko, M|
|poke|p2|Ribombee, M|
|poke|p2|Scyther, M|
|poke|p2|Silvally-*|
|poke|p2|Weezing, F|
|poke|p2|Lickilicky, F|
|poke|p2|Gurdurr, M|
|teampreview
|inactive|Battle timer is ON: inactive players will automatically lose when time's up. (requested by fezfezfezfez)
|
|t:|1634470028
|start
|switch|p1a: Gigalith|Gigalith, M|100/100
|switch|p2a: Gurdurr|Gurdurr, M|100/100
|-weather|Sandstorm|[from] ability: Sand Stream|[of] p1a: Gigalith
|turn|1
|
|t:|1634470040
|switch|p1a: Weezing|Weezing, F|100/100
|-ability|p1a: Weezing|Neutralizing Gas
|move|p2a: Gurdurr|Knock Off|p1a: Weezing
|-damage|p1a: Weezing|80/100
|-damage|p2a: Gurdurr|84/100|[from] item: Rocky Helmet|[of] p1a: Weezing
|-enditem|p1a: Weezing|Rocky Helmet|[from] move: Knock Off|[of] p2a: Gurdurr
|
|-weather|Sandstorm|[upkeep]
|-damage|p1a: Weezing|74/100|[from] Sandstorm
|-damage|p2a: Gurdurr|78/100|[from] Sandstorm
|upkeep
|turn|2
|inactive|fezfezfezfez has 120 seconds left.
|
|t:|1634470072
|switch|p2a: Weezing|Weezing, F|100/100
|move|p1a: Weezing|Toxic Spikes|p2a: Weezing
|-sidestart|p2: fezfezfezfez|move: Toxic Spikes
|
|-weather|Sandstorm|[upkeep]
|-damage|p1a: Weezing|68/100|[from] Sandstorm
|-damage|p2a: Weezing|95/100|[from] Sandstorm
|-heal|p2a: Weezing|100/100|[from] item: Black Sludge
|upkeep
|turn|3
|
|t:|1634470081
|-end|p1a: Weezing|ability: Neutralizing Gas
|switch|p1a: Frosmoth|Frosmoth, M|100/100
|move|p2a: Weezing|Will-O-Wisp|p1a: Frosmoth
|-status|p1a: Frosmoth|brn
|
|-weather|Sandstorm|[upkeep]
|-damage|p1a: Frosmoth|94/100 brn|[from] Sandstorm
|-damage|p2a: Weezing|95/100|[from] Sandstorm
|-heal|p2a: Weezing|100/100|[from] item: Black Sludge
|-damage|p1a: Frosmoth|88/100 brn|[from] brn
|upkeep
|turn|4
|
|t:|1634470095
|switch|p2a: Lickilicky|Lickilicky, F|100/100
|-status|p2a: Lickilicky|psn
|move|p1a: Frosmoth|Ice Beam|p2a: Lickilicky
|-damage|p2a: Lickilicky|77/100 psn
|
|-weather|Sandstorm|[upkeep]
|-damage|p1a: Frosmoth|82/100 brn|[from] Sandstorm
|-damage|p2a: Lickilicky|71/100 psn|[from] Sandstorm
|-heal|p2a: Lickilicky|77/100 psn|[from] item: Leftovers
|-damage|p2a: Lickilicky|65/100 psn|[from] psn
|-damage|p1a: Frosmoth|76/100 brn|[from] brn
|upkeep
|turn|5
|
|t:|1634470109
|switch|p1a: Gigalith|Gigalith, M|100/100
|move|p2a: Lickilicky|Dragon Tail|p1a: Gigalith
|-damage|p1a: Gigalith|91/100
|drag|p1a: Frosmoth|Frosmoth, M|76/100 brn
|
|-weather|none
|-heal|p2a: Lickilicky|71/100 psn|[from] item: Leftovers
|-damage|p2a: Lickilicky|58/100 psn|[from] psn
|-damage|p1a: Frosmoth|70/100 brn|[from] brn
|upkeep
|turn|6
|
|t:|1634470122
|move|p1a: Frosmoth|Substitute|p1a: Frosmoth
|-start|p1a: Frosmoth|Substitute
|-damage|p1a: Frosmoth|45/100 brn
|move|p2a: Lickilicky|Heal Bell|p2a: Lickilicky
|-activate|p2a: Lickilicky|move: Heal Bell
|-curestatus|p2a: Lickilicky|psn|[msg]
|
|-heal|p2a: Lickilicky|64/100|[from] item: Leftovers
|-damage|p1a: Frosmoth|39/100 brn|[from] brn
|upkeep
|turn|7
|
|t:|1634470133
|switch|p2a: Scyther|Scyther, M|100/100
|move|p1a: Frosmoth|Quiver Dance|p1a: Frosmoth
|-boost|p1a: Frosmoth|spa|1
|-boost|p1a: Frosmoth|spd|1
|-boost|p1a: Frosmoth|spe|1
|
|-damage|p1a: Frosmoth|33/100 brn|[from] brn
|upkeep
|turn|8
|
|t:|1634470143
|move|p1a: Frosmoth|Ice Beam|p2a: Scyther
|-supereffective|p2a: Scyther
|-damage|p2a: Scyther|0 fnt
|faint|p2a: Scyther
|
|-damage|p1a: Frosmoth|27/100 brn|[from] brn
|upkeep
|
|t:|1634470151
|switch|p2a: Ribombee|Ribombee, M|100/100
|turn|9
|
|t:|1634470160
|move|p1a: Frosmoth|Quiver Dance|p1a: Frosmoth
|-boost|p1a: Frosmoth|spa|1
|-boost|p1a: Frosmoth|spd|1
|-boost|p1a: Frosmoth|spe|1
|move|p2a: Ribombee|Moonblast|p1a: Frosmoth
|-activate|p1a: Frosmoth|move: Substitute|[damage]
|
|-damage|p1a: Frosmoth|21/100 brn|[from] brn
|upkeep
|turn|10
|-message|fezfezfezfez forfeited.
|
|win|one of the bouys
|raw|one of the bouys's rating: 1651 &rarr; <strong>1662</strong><br />(+11 for winning)
|raw|fezfezfezfez's rating: 1487 &rarr; <strong>1476</strong><br />(-11 for losing)
|l|☆fezfezfezfez
