|j|☆new light
|j|☆bassy gay
|t:|1667178827
|gametype|singles
|player|p1|new light|266|1356
|player|p2|bassy gay|2|1627
|teamsize|p1|6
|teamsize|p2|6
|gen|8
|tier|[Gen 8] PU
|rated|
|rule|Sleep Clause Mod: Limit one foe put to sleep
|rule|Species Clause: Limit one of each Pokémon
|rule|OHKO Clause: OHKO moves are banned
|rule|Evasion Items Clause: Evasion items are banned
|rule|Evasion Moves Clause: Evasion moves are banned
|rule|Endless Battle Clause: Forcing endless battles is banned
|rule|HP Percentage Mod: HP is shown in percentages
|rule|Dynamax Clause: You cannot dynamax
|clearpoke
|poke|p1|Zweilous, M|
|poke|p1|Doublade, F|
|poke|p1|Aromatisse, M|
|poke|p1|Exeggutor, F|
|poke|p1|Coalossal, F|
|poke|p1|Poliwrath, M|
|poke|p2|Gourgeist-*, F|
|poke|p2|Comfey, F|
|poke|p2|Flapple, M|
|poke|p2|Togedemaru, F|
|poke|p2|Coalossal, M|
|poke|p2|Miltank, F|
|teampreview
|inactive|Battle timer is ON: inactive players will automatically lose when time's up. (requested by new light)
|
|t:|1667178868
|start
|switch|p1a: Poliwrath|Poliwrath, M|100/100
|switch|p2a: Flapple|Flapple, M|100/100
|turn|1
|
|t:|1667178881
|switch|p1a: Aromatisse|Aromatisse, M|100/100
|move|p2a: Flapple|Grav Apple|p1a: Aromatisse
|-damage|p1a: Aromatisse|34/100
|-unboost|p1a: Aromatisse|def|1
|
|-heal|p1a: Aromatisse|40/100|[from] item: Leftovers
|upkeep
|turn|2
|
|t:|1667178888
|move|p1a: Aromatisse|Protect|p1a: Aromatisse
|-singleturn|p1a: Aromatisse|Protect
|move|p2a: Flapple|Grav Apple|p1a: Aromatisse
|-activate|p1a: Aromatisse|move: Protect
|
|-heal|p1a: Aromatisse|46/100|[from] item: Leftovers
|upkeep
|turn|3
|
|t:|1667178896
|switch|p1a: Exeggutor|Exeggutor, F|100/100
|move|p2a: Flapple|Grav Apple|p1a: Exeggutor|[miss]
|-miss|p2a: Flapple|p1a: Exeggutor
|
|upkeep
|turn|4
|
|t:|1667178902
|switch|p2a: Togedemaru|Togedemaru, F|100/100
|move|p1a: Exeggutor|Substitute|p1a: Exeggutor
|-start|p1a: Exeggutor|Substitute
|-damage|p1a: Exeggutor|76/100
|
|upkeep
|turn|5
|
|t:|1667178911
|move|p2a: Togedemaru|Iron Head|p1a: Exeggutor
|-end|p1a: Exeggutor|Substitute
|move|p1a: Exeggutor|Leech Seed|p2a: Togedemaru
|-start|p2a: Togedemaru|move: Leech Seed
|
|-damage|p2a: Togedemaru|88/100|[from] Leech Seed|[of] p1a: Exeggutor
|-heal|p1a: Exeggutor|86/100|[silent]
|upkeep
|turn|6
|
|t:|1667178921
|move|p2a: Togedemaru|U-turn|p1a: Exeggutor
|-supereffective|p1a: Exeggutor
|-damage|p1a: Exeggutor|27/100
|-enditem|p1a: Exeggutor|Sitrus Berry|[eat]
|-heal|p1a: Exeggutor|52/100|[from] item: Sitrus Berry
|
|t:|1667178935
|switch|p2a: Gourgeist|Gourgeist-Super, F|100/100|[from]move: U-turn
|move|p1a: Exeggutor|Substitute|p1a: Exeggutor
|-start|p1a: Exeggutor|Substitute
|-damage|p1a: Exeggutor|27/100
|
|-item|p1a: Exeggutor|Sitrus Berry|[from] ability: Harvest
|upkeep
|-enditem|p1a: Exeggutor|Sitrus Berry|[eat]
|-heal|p1a: Exeggutor|52/100|[from] item: Sitrus Berry
|turn|7
|
|t:|1667178949
|switch|p2a: Togedemaru|Togedemaru, F|88/100
|move|p1a: Exeggutor|Psychic|p2a: Togedemaru
|-resisted|p2a: Togedemaru
|-damage|p2a: Togedemaru|62/100
|
|-heal|p2a: Togedemaru|68/100|[from] item: Leftovers
|-item|p1a: Exeggutor|Sitrus Berry|[from] ability: Harvest
|upkeep
|turn|8
|
|t:|1667178969
|move|p2a: Togedemaru|U-turn|p1a: Exeggutor
|-supereffective|p1a: Exeggutor
|-crit|p1a: Exeggutor
|-end|p1a: Exeggutor|Substitute
|
|t:|1667178971
|switch|p2a: Gourgeist|Gourgeist-Super, F|100/100|[from]move: U-turn
|-item|p1a: Exeggutor|Sitrus Berry|[from] ability: Frisk|[of] p2a: Gourgeist|[identify]
|move|p1a: Exeggutor|Leech Seed|p2a: Gourgeist
|-immune|p2a: Gourgeist
|
|upkeep
|turn|9
|
|t:|1667178979
|switch|p1a: Zweilous|Zweilous, M|100/100
|move|p2a: Gourgeist|Poltergeist|p1a: Zweilous
|-activate|p1a: Zweilous|move: Poltergeist|Eviolite
|-resisted|p1a: Zweilous
|-damage|p1a: Zweilous|76/100
|
|upkeep
|turn|10
|
|t:|1667178987
|switch|p2a: Coalossal|Coalossal, M|100/100
|move|p1a: Zweilous|Substitute|p1a: Zweilous
|-start|p1a: Zweilous|Substitute
|-damage|p1a: Zweilous|52/100
|
|upkeep
|turn|11
|
|t:|1667179007
|move|p1a: Zweilous|Superpower|p2a: Coalossal|[miss]
|-miss|p1a: Zweilous|p2a: Coalossal
|move|p2a: Coalossal|Rock Blast|p1a: Zweilous
|-activate|p1a: Zweilous|move: Substitute|[damage]
|-activate|p1a: Zweilous|move: Substitute|[damage]
|-hitcount|p1a: Zweilous|2
|
|upkeep
|turn|12
|
|t:|1667179021
|move|p1a: Zweilous|Crunch|p2a: Coalossal
|-damage|p2a: Coalossal|59/100
|-unboost|p2a: Coalossal|def|1
|-status|p1a: Zweilous|brn|[from] ability: Flame Body|[of] p2a: Coalossal
|move|p2a: Coalossal|Rock Blast|p1a: Zweilous
|-activate|p1a: Zweilous|move: Substitute|[damage]
|-end|p1a: Zweilous|Substitute
|-damage|p1a: Zweilous|45/100 brn
|-damage|p1a: Zweilous|38/100 brn
|-hitcount|p1a: Zweilous|4
|
|-damage|p1a: Zweilous|32/100 brn|[from] brn
|upkeep
|turn|13
|
|t:|1667179032
|switch|p1a: Poliwrath|Poliwrath, M|100/100
|switch|p2a: Miltank|Miltank, F|100/100
|
|upkeep
|turn|14
|
|t:|1667179051
|switch|p2a: Gourgeist|Gourgeist-Super, F|100/100
|-item|p1a: Poliwrath|Choice Band|[from] ability: Frisk|[of] p2a: Gourgeist|[identify]
|move|p1a: Poliwrath|Close Combat|p2a: Gourgeist
|-immune|p2a: Gourgeist
|
|upkeep
|turn|15
|
|t:|1667179061
|switch|p1a: Coalossal|Coalossal, F|100/100
|move|p2a: Gourgeist|Poltergeist|p1a: Coalossal
|-activate|p1a: Coalossal|move: Poltergeist|Heavy-Duty Boots
|-damage|p1a: Coalossal|66/100
|
|upkeep
|turn|16
|
|t:|1667179069
|switch|p2a: Miltank|Miltank, F|100/100
|move|p1a: Coalossal|Stealth Rock|p2a: Miltank
|-sidestart|p2: bassy gay|move: Stealth Rock
|
|upkeep
|turn|17
|
|t:|1667179074
|switch|p1a: Aromatisse|Aromatisse, M|46/100
|move|p2a: Miltank|Seismic Toss|p1a: Aromatisse
|-damage|p1a: Aromatisse|22/100
|
|-heal|p1a: Aromatisse|28/100|[from] item: Leftovers
|upkeep
|turn|18
|
|t:|1667179080
|move|p2a: Miltank|Stealth Rock|p1a: Aromatisse
|-sidestart|p1: new light|move: Stealth Rock
|move|p1a: Aromatisse|Wish|p1a: Aromatisse
|
|-heal|p1a: Aromatisse|34/100|[from] item: Leftovers
|upkeep
|turn|19
|
|t:|1667179088
|switch|p2a: Coalossal|Coalossal, M|59/100
|move|p1a: Aromatisse|Heal Bell|p1a: Aromatisse
|-activate|p1a: Aromatisse|move: Heal Bell
|-curestatus|p1: Zweilous|brn|[msg]
|
|-heal|p1a: Aromatisse|84/100|[from] move: Wish|[wisher] Aromatisse
|-heal|p1a: Aromatisse|90/100|[from] item: Leftovers
|upkeep
|turn|20
|
|t:|1667179095
|move|p2a: Coalossal|Spikes|p1a: Aromatisse
|-sidestart|p1: new light|Spikes
|move|p1a: Aromatisse|Wish|p1a: Aromatisse
|
|-heal|p1a: Aromatisse|96/100|[from] item: Leftovers
|upkeep
|turn|21
|
|t:|1667179117
|switch|p1a: Poliwrath|Poliwrath, M|100/100
|-damage|p1a: Poliwrath|94/100|[from] Stealth Rock
|-damage|p1a: Poliwrath|82/100|[from] Spikes
|move|p2a: Coalossal|Spikes|p1a: Poliwrath
|-sidestart|p1: new light|Spikes
|
|-heal|p1a: Poliwrath|100/100|[from] move: Wish|[wisher] Aromatisse
|upkeep
|turn|22
|
|t:|1667179128
|switch|p2a: Miltank|Miltank, F|100/100
|move|p1a: Poliwrath|Darkest Lariat|p2a: Miltank
|-damage|p2a: Miltank|68/100
|
|upkeep
|turn|23
|
|t:|1667179135
|switch|p1a: Aromatisse|Aromatisse, M|96/100
|-damage|p1a: Aromatisse|84/100|[from] Stealth Rock
|-damage|p1a: Aromatisse|67/100|[from] Spikes
|move|p2a: Miltank|Seismic Toss|p1a: Aromatisse
|-damage|p1a: Aromatisse|43/100
|
|-heal|p1a: Aromatisse|49/100|[from] item: Leftovers
|upkeep
|turn|24
|
|t:|1667179139
|move|p2a: Miltank|Toxic|p1a: Aromatisse
|-status|p1a: Aromatisse|tox
|move|p1a: Aromatisse|Wish|p1a: Aromatisse
|
|-heal|p1a: Aromatisse|55/100 tox|[from] item: Leftovers
|-damage|p1a: Aromatisse|49/100 tox|[from] psn
|upkeep
|turn|25
|
|t:|1667179152
|move|p2a: Miltank|Seismic Toss|p1a: Aromatisse
|-damage|p1a: Aromatisse|24/100 tox
|move|p1a: Aromatisse|Heal Bell|p1a: Aromatisse
|-activate|p1a: Aromatisse|move: Heal Bell
|-curestatus|p1a: Aromatisse|tox|[msg]
|
|-heal|p1a: Aromatisse|74/100|[from] move: Wish|[wisher] Aromatisse
|-heal|p1a: Aromatisse|81/100|[from] item: Leftovers
|upkeep
|turn|26
|
|t:|1667179157
|move|p2a: Miltank|Toxic|p1a: Aromatisse
|-status|p1a: Aromatisse|tox
|move|p1a: Aromatisse|Wish|p1a: Aromatisse
|
|-heal|p1a: Aromatisse|87/100 tox|[from] item: Leftovers
|-damage|p1a: Aromatisse|81/100 tox|[from] psn
|upkeep
|turn|27
|
|t:|1667179162
|switch|p1a: Coalossal|Coalossal, F|66/100
|move|p2a: Miltank|Seismic Toss|p1a: Coalossal
|-damage|p1a: Coalossal|43/100
|-status|p2a: Miltank|brn|[from] ability: Flame Body|[of] p1a: Coalossal
|
|-heal|p1a: Coalossal|91/100|[from] move: Wish|[wisher] Aromatisse
|-damage|p2a: Miltank|62/100 brn|[from] brn
|upkeep
|turn|28
|
|t:|1667179187
|switch|p2a: Gourgeist|Gourgeist-Super, F|100/100
|-damage|p2a: Gourgeist|88/100|[from] Stealth Rock
|-item|p1a: Coalossal|Heavy-Duty Boots|[from] ability: Frisk|[of] p2a: Gourgeist|[identify]
|move|p1a: Coalossal|Rock Blast|p2a: Gourgeist
|-damage|p2a: Gourgeist|82/100
|-damage|p2a: Gourgeist|76/100
|-damage|p2a: Gourgeist|69/100
|-hitcount|p2a: Gourgeist|3
|
|upkeep
|turn|29
|
|t:|1667179192
|move|p2a: Gourgeist|Poltergeist|p1a: Coalossal
|-activate|p1a: Coalossal|move: Poltergeist|Heavy-Duty Boots
|-damage|p1a: Coalossal|56/100
|move|p1a: Coalossal|Flamethrower|p2a: Gourgeist
|-supereffective|p2a: Gourgeist
|-damage|p2a: Gourgeist|2/100
|
|upkeep
|turn|30
|
|t:|1667179206
|move|p2a: Gourgeist|Poltergeist|p1a: Coalossal
|-activate|p1a: Coalossal|move: Poltergeist|Heavy-Duty Boots
|-damage|p1a: Coalossal|18/100
|move|p1a: Coalossal|Flamethrower|p2a: Gourgeist
|-supereffective|p2a: Gourgeist
|-damage|p2a: Gourgeist|0 fnt
|faint|p2a: Gourgeist
|
|upkeep
|
|t:|1667179222
|switch|p2a: Miltank|Miltank, F|62/100 brn
|turn|31
|
|t:|1667179238
|switch|p1a: Doublade|Doublade, F|100/100
|-damage|p1a: Doublade|94/100|[from] Stealth Rock
|-damage|p1a: Doublade|78/100|[from] Spikes
|move|p2a: Miltank|Seismic Toss|p1a: Doublade
|-damage|p1a: Doublade|47/100
|
|-damage|p2a: Miltank|56/100 brn|[from] brn
|upkeep
|turn|32
|
|t:|1667179256
|switch|p2a: Coalossal|Coalossal, M|59/100
|move|p1a: Doublade|Close Combat|p2a: Coalossal
|-supereffective|p2a: Coalossal
|-damage|p2a: Coalossal|2/100
|-unboost|p1a: Doublade|def|1
|-unboost|p1a: Doublade|spd|1
|
|upkeep
|turn|33
|
|t:|1667179266
|move|p1a: Doublade|Shadow Sneak|p2a: Coalossal
|-damage|p2a: Coalossal|0 fnt
|faint|p2a: Coalossal
|
|upkeep
|
|t:|1667179269
|switch|p2a: Flapple|Flapple, M|100/100
|-damage|p2a: Flapple|88/100|[from] Stealth Rock
|turn|34
|
|t:|1667179286
|switch|p1a: Coalossal|Coalossal, F|18/100
|move|p2a: Flapple|Grav Apple|p1a: Coalossal
|-damage|p1a: Coalossal|0 fnt
|faint|p1a: Coalossal
|
|upkeep
|
|t:|1667179300
|switch|p1a: Exeggutor|Exeggutor, F|52/100
|-damage|p1a: Exeggutor|40/100|[from] Stealth Rock
|-damage|p1a: Exeggutor|23/100|[from] Spikes
|-enditem|p1a: Exeggutor|Sitrus Berry|[eat]
|-heal|p1a: Exeggutor|48/100|[from] item: Sitrus Berry
|turn|35
|
|t:|1667179307
|move|p2a: Flapple|Grav Apple|p1a: Exeggutor
|-resisted|p1a: Exeggutor
|-damage|p1a: Exeggutor|0 fnt
|faint|p1a: Exeggutor
|
|upkeep
|
|t:|1667179319
|switch|p1a: Aromatisse|Aromatisse, M|81/100 tox
|-damage|p1a: Aromatisse|68/100 tox|[from] Stealth Rock
|-damage|p1a: Aromatisse|52/100 tox|[from] Spikes
|turn|36
|
|t:|1667179322
|move|p2a: Flapple|Grav Apple|p1a: Aromatisse|[miss]
|-miss|p2a: Flapple|p1a: Aromatisse
|move|p1a: Aromatisse|Moonblast|p2a: Flapple
|-supereffective|p2a: Flapple
|-damage|p2a: Flapple|0 fnt
|faint|p2a: Flapple
|
|-heal|p1a: Aromatisse|58/100 tox|[from] item: Leftovers
|-damage|p1a: Aromatisse|52/100 tox|[from] psn
|upkeep
|
|t:|1667179326
|switch|p2a: Comfey|Comfey, F|100/100
|-damage|p2a: Comfey|88/100|[from] Stealth Rock
|turn|37
|
|t:|1667179333
|move|p2a: Comfey|Calm Mind|p2a: Comfey
|-boost|p2a: Comfey|spa|1
|-boost|p2a: Comfey|spd|1
|move|p1a: Aromatisse|Wish|p1a: Aromatisse
|
|-heal|p1a: Aromatisse|58/100 tox|[from] item: Leftovers
|-damage|p1a: Aromatisse|46/100 tox|[from] psn
|upkeep
|turn|38
|
|t:|1667179336
|switch|p1a: Doublade|Doublade, F|47/100
|-damage|p1a: Doublade|41/100|[from] Stealth Rock
|-damage|p1a: Doublade|24/100|[from] Spikes
|move|p2a: Comfey|Draining Kiss|p1a: Doublade
|-resisted|p1a: Doublade
|-damage|p1a: Doublade|0 fnt
|-heal|p2a: Comfey|100/100|[from] drain|[of] p1a: Doublade
|faint|p1a: Doublade
|-damage|p2a: Comfey|91/100|[from] item: Life Orb
|
|upkeep
|
|t:|1667179343
|switch|p1a: Poliwrath|Poliwrath, M|100/100
|-damage|p1a: Poliwrath|94/100|[from] Stealth Rock
|-damage|p1a: Poliwrath|78/100|[from] Spikes
|turn|39
|
|t:|1667179348
|move|p2a: Comfey|Draining Kiss|p1a: Poliwrath
|-supereffective|p1a: Poliwrath
|-crit|p1a: Poliwrath
|-damage|p1a: Poliwrath|0 fnt
|-heal|p2a: Comfey|100/100|[from] drain|[of] p1a: Poliwrath
|faint|p1a: Poliwrath
|-damage|p2a: Comfey|91/100|[from] item: Life Orb
|
|upkeep
|-message|new light forfeited.
|
|win|bassy gay
|raw|new light's rating: 1356 &rarr; <strong>1349</strong><br />(-7 for losing)
|raw|bassy gay's rating: 1627 &rarr; <strong>1634</strong><br />(+7 for winning)
|l|☆new light
