|j|☆teenage bream
|j|☆Crippyd9
|t:|1623184882
|gametype|singles
|player|p1|teenage bream|169|1475
|player|p2|Crippyd9|265|1283
|teamsize|p1|6
|teamsize|p2|6
|gen|8
|tier|[Gen 8] PU
|rated|
|rule|Sleep Clause Mod: Limit one foe put to sleep
|rule|Species Clause: Limit one of each Pokémon
|rule|OHKO Clause: OHKO moves are banned
|rule|Evasion Moves Clause: Evasion moves are banned
|rule|Endless Battle Clause: Forcing endless battles is banned
|rule|HP Percentage Mod: HP is shown in percentages
|rule|Dynamax Clause: You cannot dynamax
|clearpoke
|poke|p1|Gigalith, F|
|poke|p1|Eldegoss, M|
|poke|p1|Accelgor, F|
|poke|p1|Aromatisse, F|
|poke|p1|Morpeko, F|
|poke|p1|Boltund, F|
|poke|p2|Shuckle, F|
|poke|p2|Pyukumuku, F|
|poke|p2|Eldegoss, M|
|poke|p2|Miltank, F|
|poke|p2|Tangela, F|
|poke|p2|Audino, M|
|teampreview
|
|t:|1623184887
|start
|switch|p1a: Accelgor|Accelgor, F|100/100
|switch|p2a: Shuckle|Shuckle, F|100/100
|turn|1
|
|t:|1623184893
|move|p1a: Accelgor|Knock Off|p2a: Shuckle
|-damage|p2a: Shuckle|89/100
|-enditem|p2a: Shuckle|Leftovers|[from] move: Knock Off|[of] p1a: Accelgor
|move|p2a: Shuckle|Shell Smash|p2a: Shuckle
|-boost|p2a: Shuckle|def|1
|-boost|p2a: Shuckle|spd|1
|-unboost|p2a: Shuckle|atk|2
|-unboost|p2a: Shuckle|spa|2
|-unboost|p2a: Shuckle|spe|2
|
|upkeep
|turn|2
|
|t:|1623184903
|move|p1a: Accelgor|Spikes|p2a: Shuckle
|-sidestart|p2: Crippyd9|Spikes
|move|p2a: Shuckle|Shell Smash|p2a: Shuckle
|-boost|p2a: Shuckle|def|1
|-boost|p2a: Shuckle|spd|1
|-unboost|p2a: Shuckle|atk|2
|-unboost|p2a: Shuckle|spa|2
|-unboost|p2a: Shuckle|spe|2
|
|upkeep
|turn|3
|
|t:|1623184911
|move|p1a: Accelgor|Spikes|p2a: Shuckle
|-sidestart|p2: Crippyd9|Spikes
|move|p2a: Shuckle|Shell Smash|p2a: Shuckle
|-boost|p2a: Shuckle|def|1
|-boost|p2a: Shuckle|spd|1
|-unboost|p2a: Shuckle|atk|2
|-unboost|p2a: Shuckle|spa|2
|-unboost|p2a: Shuckle|spe|2
|
|upkeep
|turn|4
|
|t:|1623184920
|move|p1a: Accelgor|Spikes|p2a: Shuckle
|-sidestart|p2: Crippyd9|Spikes
|move|p2a: Shuckle|Shell Smash|p2a: Shuckle
|-boost|p2a: Shuckle|def|1
|-boost|p2a: Shuckle|spd|1
|-unboost|p2a: Shuckle|atk|0
|-unboost|p2a: Shuckle|spa|0
|-unboost|p2a: Shuckle|spe|0
|
|upkeep
|turn|5
|
|t:|1623184929
|move|p1a: Accelgor|U-turn|p2a: Shuckle
|-damage|p2a: Shuckle|84/100
|
|t:|1623184943
|switch|p1a: Morpeko|Morpeko, F|100/100|[from]move: U-turn
|move|p2a: Shuckle|Shell Smash|p2a: Shuckle
|-boost|p2a: Shuckle|def|1
|-boost|p2a: Shuckle|spd|1
|-unboost|p2a: Shuckle|atk|0
|-unboost|p2a: Shuckle|spa|0
|-unboost|p2a: Shuckle|spe|0
|
|-formechange|p1a: Morpeko|Morpeko-Hangry||[from] ability: Hunger Switch
|upkeep
|turn|6
|
|t:|1623184955
|switch|p1a: Accelgor|Accelgor, F|100/100
|move|p2a: Shuckle|Shell Smash|p2a: Shuckle
|-boost|p2a: Shuckle|def|1
|-boost|p2a: Shuckle|spd|1
|-unboost|p2a: Shuckle|atk|0
|-unboost|p2a: Shuckle|spa|0
|-unboost|p2a: Shuckle|spe|0
|
|upkeep
|turn|7
|
|t:|1623184963
|move|p1a: Accelgor|U-turn|p2a: Shuckle
|-damage|p2a: Shuckle|80/100
|
|t:|1623184966
|switch|p1a: Morpeko|Morpeko, F|100/100|[from]move: U-turn
|move|p2a: Shuckle|Toxic|p1a: Morpeko
|-status|p1a: Morpeko|tox
|
|-damage|p1a: Morpeko|94/100 tox|[from] psn
|-formechange|p1a: Morpeko|Morpeko-Hangry||[from] ability: Hunger Switch
|upkeep
|turn|8
|
|t:|1623184977
|switch|p1a: Accelgor|Accelgor, F|100/100
|move|p2a: Shuckle|Infestation|p1a: Accelgor
|-damage|p1a: Accelgor|99/100
|-activate|p1a: Accelgor|move: Infestation|[of] p2a: Shuckle
|
|-damage|p1a: Accelgor|87/100|[from] move: Infestation|[partiallytrapped]
|upkeep
|turn|9
|
|t:|1623184985
|move|p1a: Accelgor|U-turn|p2a: Shuckle
|-damage|p2a: Shuckle|76/100
|
|t:|1623184990
|switch|p1a: Morpeko|Morpeko, F|94/100 tox|[from]move: U-turn
|move|p2a: Shuckle|Infestation|p1a: Morpeko
|-supereffective|p1a: Morpeko
|-damage|p1a: Morpeko|92/100 tox
|-activate|p1a: Morpeko|move: Infestation|[of] p2a: Shuckle
|
|-damage|p1a: Morpeko|86/100 tox|[from] psn
|-damage|p1a: Morpeko|73/100 tox|[from] move: Infestation|[partiallytrapped]
|-formechange|p1a: Morpeko|Morpeko-Hangry||[from] ability: Hunger Switch
|upkeep
|turn|10
|
|t:|1623185002
|move|p1a: Morpeko|Parting Shot|p2a: Shuckle
|-boost|p2a: Shuckle|atk|1
|-boost|p2a: Shuckle|spa|1
|
|t:|1623185007
|switch|p1a: Aromatisse|Aromatisse, F|100/100|[from]move: Parting Shot
|move|p2a: Shuckle|Rest|p2a: Shuckle
|-status|p2a: Shuckle|slp|[from] move: Rest
|-heal|p2a: Shuckle|100/100 slp|[silent]
|
|upkeep
|turn|11
|
|t:|1623185016
|switch|p1a: Gigalith|Gigalith, F|100/100
|-weather|Sandstorm|[from] ability: Sand Stream|[of] p1a: Gigalith
|cant|p2a: Shuckle|slp
|
|-weather|Sandstorm|[upkeep]
|upkeep
|turn|12
|
|t:|1623185023
|move|p1a: Gigalith|Stealth Rock|p2a: Shuckle
|-sidestart|p2: Crippyd9|move: Stealth Rock
|cant|p2a: Shuckle|slp
|
|-weather|Sandstorm|[upkeep]
|upkeep
|turn|13
|
|t:|1623185029
|switch|p1a: Accelgor|Accelgor, F|87/100
|-curestatus|p2a: Shuckle|slp|[msg]
|move|p2a: Shuckle|Infestation|p1a: Accelgor
|-damage|p1a: Accelgor|86/100
|-activate|p1a: Accelgor|move: Infestation|[of] p2a: Shuckle
|
|-weather|Sandstorm|[upkeep]
|-damage|p1a: Accelgor|80/100|[from] Sandstorm
|-damage|p1a: Accelgor|68/100|[from] move: Infestation|[partiallytrapped]
|upkeep
|turn|14
|
|t:|1623185040
|move|p1a: Accelgor|U-turn|p2a: Shuckle
|-damage|p2a: Shuckle|97/100
|
|t:|1623185042
|switch|p1a: Aromatisse|Aromatisse, F|100/100|[from]move: U-turn
|move|p2a: Shuckle|Infestation|p1a: Aromatisse
|-resisted|p1a: Aromatisse
|-damage|p1a: Aromatisse|99/100
|-activate|p1a: Aromatisse|move: Infestation|[of] p2a: Shuckle
|
|-weather|Sandstorm|[upkeep]
|-damage|p1a: Aromatisse|94/100|[from] Sandstorm
|-damage|p1a: Aromatisse|82/100|[from] move: Infestation|[partiallytrapped]
|upkeep
|turn|15
|
|t:|1623185053
|move|p1a: Aromatisse|Wish|p1a: Aromatisse
|move|p2a: Shuckle|Toxic|p1a: Aromatisse
|-status|p1a: Aromatisse|tox
|
|-weather|none
|-damage|p1a: Aromatisse|76/100 tox|[from] psn
|-damage|p1a: Aromatisse|63/100 tox|[from] move: Infestation|[partiallytrapped]
|upkeep
|turn|16
|
|t:|1623185061
|move|p1a: Aromatisse|Moonblast|p2a: Shuckle
|-damage|p2a: Shuckle|90/100
|-boost|p2a: Shuckle|spa|1
|move|p2a: Shuckle|Shell Smash|p2a: Shuckle
|-boost|p2a: Shuckle|def|0
|-boost|p2a: Shuckle|spd|0
|-unboost|p2a: Shuckle|atk|1
|-unboost|p2a: Shuckle|spa|2
|-unboost|p2a: Shuckle|spe|0
|
|-heal|p1a: Aromatisse|100/100 tox|[from] move: Wish|[wisher] Aromatisse
|-damage|p1a: Aromatisse|88/100 tox|[from] psn
|-damage|p1a: Aromatisse|76/100 tox|[from] move: Infestation|[partiallytrapped]
|upkeep
|turn|17
|
|t:|1623185076
|move|p1a: Aromatisse|Moonblast|p2a: Shuckle
|-damage|p2a: Shuckle|82/100
|-boost|p2a: Shuckle|spa|1
|move|p2a: Shuckle|Infestation|p1a: Aromatisse
|-resisted|p1a: Aromatisse
|-damage|p1a: Aromatisse|76/100 tox
|
|-damage|p1a: Aromatisse|57/100 tox|[from] psn
|-damage|p1a: Aromatisse|45/100 tox|[from] move: Infestation|[partiallytrapped]
|upkeep
|turn|18
|
|t:|1623185087
|move|p1a: Aromatisse|Heal Bell|p1a: Aromatisse
|-activate|p1a: Aromatisse|move: Heal Bell
|-curestatus|p1a: Aromatisse|tox|[msg]
|-curestatus|p1: Morpeko|tox|[msg]
|move|p2a: Shuckle|Infestation|p1a: Aromatisse
|-resisted|p1a: Aromatisse
|-damage|p1a: Aromatisse|45/100
|
|-end|p1a: Aromatisse|Infestation|[partiallytrapped]
|upkeep
|turn|19
|
|t:|1623185099
|switch|p1a: Accelgor|Accelgor, F|68/100
|move|p2a: Shuckle|Infestation|p1a: Accelgor
|-damage|p1a: Accelgor|67/100
|-activate|p1a: Accelgor|move: Infestation|[of] p2a: Shuckle
|
|-damage|p1a: Accelgor|55/100|[from] move: Infestation|[partiallytrapped]
|upkeep
|turn|20
|
|t:|1623185108
|move|p1a: Accelgor|Recover|p1a: Accelgor
|-heal|p1a: Accelgor|100/100
|move|p2a: Shuckle|Toxic|p1a: Accelgor
|-status|p1a: Accelgor|tox
|
|-damage|p1a: Accelgor|95/100 tox|[from] psn
|-damage|p1a: Accelgor|82/100 tox|[from] move: Infestation|[partiallytrapped]
|upkeep
|turn|21
|
|t:|1623185119
|move|p1a: Accelgor|U-turn|p2a: Shuckle
|-damage|p2a: Shuckle|79/100
|
|t:|1623185121
|switch|p1a: Morpeko|Morpeko, F|73/100|[from]move: U-turn
|move|p2a: Shuckle|Shell Smash|p2a: Shuckle
|-boost|p2a: Shuckle|def|0
|-boost|p2a: Shuckle|spd|0
|-unboost|p2a: Shuckle|atk|0
|-unboost|p2a: Shuckle|spa|1
|-unboost|p2a: Shuckle|spe|0
|
|-formechange|p1a: Morpeko|Morpeko-Hangry||[from] ability: Hunger Switch
|upkeep
|turn|22
|
|t:|1623185132
|move|p1a: Morpeko|Rapid Spin|p2a: Shuckle
|-resisted|p2a: Shuckle
|-damage|p2a: Shuckle|77/100
|-boost|p1a: Morpeko|spe|1
|move|p2a: Shuckle|Infestation|p1a: Morpeko
|-supereffective|p1a: Morpeko
|-damage|p1a: Morpeko|71/100
|-activate|p1a: Morpeko|move: Infestation|[of] p2a: Shuckle
|
|-damage|p1a: Morpeko|58/100|[from] move: Infestation|[partiallytrapped]
|-formechange|p1a: Morpeko|Morpeko||[from] ability: Hunger Switch
|upkeep
|turn|23
|
|t:|1623185144
|move|p1a: Morpeko|Parting Shot|p2a: Shuckle
|-boost|p2a: Shuckle|atk|1
|-boost|p2a: Shuckle|spa|1
|
|t:|1623185145
|switch|p1a: Accelgor|Accelgor, F|82/100 tox|[from]move: Parting Shot
|move|p2a: Shuckle|Infestation|p1a: Accelgor
|-damage|p1a: Accelgor|81/100 tox
|-activate|p1a: Accelgor|move: Infestation|[of] p2a: Shuckle
|
|-damage|p1a: Accelgor|75/100 tox|[from] psn
|-damage|p1a: Accelgor|63/100 tox|[from] move: Infestation|[partiallytrapped]
|upkeep
|turn|24
|
|t:|1623185163
|move|p1a: Accelgor|U-turn|p2a: Shuckle
|-damage|p2a: Shuckle|74/100
|
|t:|1623185165
|switch|p1a: Morpeko|Morpeko, F|58/100|[from]move: U-turn
|move|p2a: Shuckle|Shell Smash|p2a: Shuckle
|-boost|p2a: Shuckle|def|0
|-boost|p2a: Shuckle|spd|0
|-unboost|p2a: Shuckle|atk|1
|-unboost|p2a: Shuckle|spa|1
|-unboost|p2a: Shuckle|spe|0
|
|-formechange|p1a: Morpeko|Morpeko-Hangry||[from] ability: Hunger Switch
|upkeep
|turn|25
|
|t:|1623185178
|move|p1a: Morpeko|Protect|p1a: Morpeko
|-singleturn|p1a: Morpeko|Protect
|move|p2a: Shuckle|Infestation|p1a: Morpeko
|-activate|p1a: Morpeko|move: Protect
|
|-formechange|p1a: Morpeko|Morpeko||[from] ability: Hunger Switch
|upkeep
|turn|26
|
|t:|1623185186
|move|p1a: Morpeko|Aura Wheel|p2a: Shuckle
|-damage|p2a: Shuckle|65/100
|-boost|p1a: Morpeko|spe|1
|move|p2a: Shuckle|Rest|p2a: Shuckle
|-status|p2a: Shuckle|slp|[from] move: Rest
|-heal|p2a: Shuckle|100/100 slp|[silent]
|
|-formechange|p1a: Morpeko|Morpeko-Hangry||[from] ability: Hunger Switch
|upkeep
|turn|27
|
|t:|1623185206
|switch|p1a: Gigalith|Gigalith, F|100/100
|-weather|Sandstorm|[from] ability: Sand Stream|[of] p1a: Gigalith
|cant|p2a: Shuckle|slp
|
|-weather|Sandstorm|[upkeep]
|upkeep
|turn|28
|
|t:|1623185224
|move|p1a: Gigalith|Rock Blast|p2a: Shuckle
|-supereffective|p2a: Shuckle
|-damage|p2a: Shuckle|96/100 slp
|-supereffective|p2a: Shuckle
|-damage|p2a: Shuckle|92/100 slp
|-hitcount|p2a: Shuckle|2
|cant|p2a: Shuckle|slp
|
|-weather|Sandstorm|[upkeep]
|upkeep
|turn|29
|
|t:|1623185234
|switch|p1a: Accelgor|Accelgor, F|63/100 tox
|-curestatus|p2a: Shuckle|slp|[msg]
|move|p2a: Shuckle|Infestation|p1a: Accelgor
|-damage|p1a: Accelgor|62/100 tox
|-activate|p1a: Accelgor|move: Infestation|[of] p2a: Shuckle
|
|-weather|Sandstorm|[upkeep]
|-damage|p1a: Accelgor|56/100 tox|[from] Sandstorm
|-damage|p1a: Accelgor|50/100 tox|[from] psn
|-damage|p1a: Accelgor|38/100 tox|[from] move: Infestation|[partiallytrapped]
|upkeep
|turn|30
|
|t:|1623185249
|move|p1a: Accelgor|Recover|p1a: Accelgor
|-heal|p1a: Accelgor|88/100 tox
|move|p2a: Shuckle|Infestation|p1a: Accelgor
|-damage|p1a: Accelgor|87/100 tox
|
|-weather|Sandstorm|[upkeep]
|-damage|p1a: Accelgor|81/100 tox|[from] Sandstorm
|-damage|p1a: Accelgor|69/100 tox|[from] psn
|-damage|p1a: Accelgor|57/100 tox|[from] move: Infestation|[partiallytrapped]
|upkeep
|turn|31
|
|t:|1623185261
|move|p1a: Accelgor|U-turn|p2a: Shuckle
|-damage|p2a: Shuckle|88/100
|
|t:|1623185263
|switch|p1a: Aromatisse|Aromatisse, F|45/100|[from]move: U-turn
|move|p2a: Shuckle|Infestation|p1a: Aromatisse
|-resisted|p1a: Aromatisse
|-damage|p1a: Aromatisse|44/100
|-activate|p1a: Aromatisse|move: Infestation|[of] p2a: Shuckle
|
|-weather|none
|-damage|p1a: Aromatisse|32/100|[from] move: Infestation|[partiallytrapped]
|upkeep
|turn|32
|
|t:|1623185274
|move|p1a: Aromatisse|Wish|p1a: Aromatisse
|move|p2a: Shuckle|Toxic|p1a: Aromatisse
|-status|p1a: Aromatisse|tox
|
|-damage|p1a: Aromatisse|26/100 tox|[from] psn
|-damage|p1a: Aromatisse|14/100 tox|[from] move: Infestation|[partiallytrapped]
|upkeep
|turn|33
|
|t:|1623185285
|move|p1a: Aromatisse|Heal Bell|p1a: Aromatisse
|-activate|p1a: Aromatisse|move: Heal Bell
|-curestatus|p1a: Aromatisse|tox|[msg]
|-curestatus|p1: Accelgor|tox|[msg]
|move|p2a: Shuckle|Infestation|p1a: Aromatisse
|-resisted|p1a: Aromatisse
|-damage|p1a: Aromatisse|13/100
|
|-heal|p1a: Aromatisse|63/100|[from] move: Wish|[wisher] Aromatisse
|-damage|p1a: Aromatisse|51/100|[from] move: Infestation|[partiallytrapped]
|upkeep
|turn|34
|
|t:|1623185297
|move|p1a: Aromatisse|Protect|p1a: Aromatisse
|-singleturn|p1a: Aromatisse|Protect
|move|p2a: Shuckle|Toxic|p1a: Aromatisse
|-activate|p1a: Aromatisse|move: Protect
|
|-damage|p1a: Aromatisse|39/100|[from] move: Infestation|[partiallytrapped]
|upkeep
|turn|35
|
|t:|1623185305
|move|p1a: Aromatisse|Wish|p1a: Aromatisse
|move|p2a: Shuckle|Toxic|p1a: Aromatisse
|-status|p1a: Aromatisse|tox
|
|-damage|p1a: Aromatisse|33/100 tox|[from] psn
|-end|p1a: Aromatisse|Infestation|[partiallytrapped]
|upkeep
|turn|36
|
|t:|1623185313
|move|p1a: Aromatisse|Protect|p1a: Aromatisse
|-singleturn|p1a: Aromatisse|Protect
|move|p2a: Shuckle|Infestation|p1a: Aromatisse
|-activate|p1a: Aromatisse|move: Protect
|
|-heal|p1a: Aromatisse|83/100 tox|[from] move: Wish|[wisher] Aromatisse
|-damage|p1a: Aromatisse|70/100 tox|[from] psn
|upkeep
|turn|37
|
|t:|1623185323
|switch|p1a: Accelgor|Accelgor, F|57/100
|move|p2a: Shuckle|Toxic|p1a: Accelgor
|-status|p1a: Accelgor|tox
|
|-damage|p1a: Accelgor|51/100 tox|[from] psn
|upkeep
|turn|38
|
|t:|1623185334
|move|p1a: Accelgor|Recover|p1a: Accelgor
|-heal|p1a: Accelgor|100/100 tox
|move|p2a: Shuckle|Shell Smash|p2a: Shuckle
|-boost|p2a: Shuckle|def|0
|-boost|p2a: Shuckle|spd|0
|-unboost|p2a: Shuckle|atk|0
|-unboost|p2a: Shuckle|spa|0
|-unboost|p2a: Shuckle|spe|0
|
|-damage|p1a: Accelgor|89/100 tox|[from] psn
|upkeep
|turn|39
|
|t:|1623185346
|move|p1a: Accelgor|U-turn|p2a: Shuckle
|-damage|p2a: Shuckle|84/100
|
|t:|1623185348
|switch|p1a: Morpeko|Morpeko, F|58/100|[from]move: U-turn
|move|p2a: Shuckle|Infestation|p1a: Morpeko
|-supereffective|p1a: Morpeko
|-damage|p1a: Morpeko|56/100
|-activate|p1a: Morpeko|move: Infestation|[of] p2a: Shuckle
|
|-damage|p1a: Morpeko|44/100|[from] move: Infestation|[partiallytrapped]
|-formechange|p1a: Morpeko|Morpeko-Hangry||[from] ability: Hunger Switch
|upkeep
|turn|40
|
|t:|1623185359
|move|p1a: Morpeko|Parting Shot|p2a: Shuckle
|-boost|p2a: Shuckle|atk|1
|-boost|p2a: Shuckle|spa|1
|
|t:|1623185363
|switch|p1a: Accelgor|Accelgor, F|89/100 tox|[from]move: Parting Shot
|move|p2a: Shuckle|Shell Smash|p2a: Shuckle
|-boost|p2a: Shuckle|def|0
|-boost|p2a: Shuckle|spd|0
|-unboost|p2a: Shuckle|atk|1
|-unboost|p2a: Shuckle|spa|1
|-unboost|p2a: Shuckle|spe|0
|
|-damage|p1a: Accelgor|83/100 tox|[from] psn
|upkeep
|turn|41
|
|t:|1623185377
|move|p1a: Accelgor|U-turn|p2a: Shuckle
|-damage|p2a: Shuckle|80/100
|
|t:|1623185379
|switch|p1a: Aromatisse|Aromatisse, F|70/100 tox|[from]move: U-turn
|move|p2a: Shuckle|Infestation|p1a: Aromatisse
|-resisted|p1a: Aromatisse
|-damage|p1a: Aromatisse|70/100 tox
|-activate|p1a: Aromatisse|move: Infestation|[of] p2a: Shuckle
|
|-damage|p1a: Aromatisse|64/100 tox|[from] psn
|-damage|p1a: Aromatisse|51/100 tox|[from] move: Infestation|[partiallytrapped]
|upkeep
|turn|42
|
|t:|1623185393
|switch|p2a: Eldegoss|Eldegoss, M|100/100
|-damage|p2a: Eldegoss|75/100|[from] Spikes
|-damage|p2a: Eldegoss|63/100|[from] Stealth Rock
|move|p1a: Aromatisse|Wish|p1a: Aromatisse
|
|-heal|p2a: Eldegoss|69/100|[from] item: Leftovers
|-damage|p1a: Aromatisse|39/100 tox|[from] psn
|-end|p1a: Aromatisse|Infestation|[partiallytrapped]|[silent]
|upkeep
|turn|43
|
|t:|1623185403
|move|p2a: Eldegoss|Rapid Spin|p1a: Aromatisse
|-damage|p1a: Aromatisse|35/100 tox
|-boost|p2a: Eldegoss|spe|1
|-sideend|p2: Crippyd9|Spikes|[from] move: Rapid Spin|[of] p2a: Eldegoss
|-sideend|p2: Crippyd9|Stealth Rock|[from] move: Rapid Spin|[of] p2a: Eldegoss
|move|p1a: Aromatisse|Heal Bell|p1a: Aromatisse
|-activate|p1a: Aromatisse|move: Heal Bell
|-curestatus|p1a: Aromatisse|tox|[msg]
|-curestatus|p1: Accelgor|tox|[msg]
|
|-heal|p1a: Aromatisse|85/100|[from] move: Wish|[wisher] Aromatisse
|-heal|p2a: Eldegoss|75/100|[from] item: Leftovers
|upkeep
|turn|44
|
|t:|1623185417
|switch|p1a: Eldegoss|Eldegoss, M|100/100
|move|p2a: Eldegoss|Leech Seed|p1a: Eldegoss
|-immune|p1a: Eldegoss
|
|-heal|p2a: Eldegoss|82/100|[from] item: Leftovers
|upkeep
|turn|45
|
|t:|1623185425
|move|p2a: Eldegoss|Protect|p2a: Eldegoss
|-singleturn|p2a: Eldegoss|Protect
|move|p1a: Eldegoss|Pollen Puff|p2a: Eldegoss
|-activate|p2a: Eldegoss|move: Protect
|
|-heal|p2a: Eldegoss|88/100|[from] item: Leftovers
|upkeep
|turn|46
|
|t:|1623185435
|move|p2a: Eldegoss|Rapid Spin|p1a: Eldegoss
|-damage|p1a: Eldegoss|92/100
|-boost|p2a: Eldegoss|spe|1
|move|p1a: Eldegoss|Sleep Powder|p2a: Eldegoss
|-immune|p2a: Eldegoss
|
|-heal|p2a: Eldegoss|94/100|[from] item: Leftovers
|upkeep
|turn|47
|
|t:|1623185446
|switch|p1a: Accelgor|Accelgor, F|83/100
|move|p2a: Eldegoss|Rapid Spin|p1a: Accelgor
|-damage|p1a: Accelgor|75/100
|-boost|p2a: Eldegoss|spe|1
|
|-heal|p2a: Eldegoss|99/100|[from] item: Leftovers
|upkeep
|turn|48
|
|t:|1623185463
|move|p2a: Eldegoss|Protect|p2a: Eldegoss
|-singleturn|p2a: Eldegoss|Protect
|move|p1a: Accelgor|Knock Off|p2a: Eldegoss
|-activate|p2a: Eldegoss|move: Protect
|
|-heal|p2a: Eldegoss|100/100|[from] item: Leftovers
|upkeep
|turn|49
|
|t:|1623185474
|switch|p2a: Shuckle|Shuckle, F|80/100
|move|p1a: Accelgor|Knock Off|p2a: Shuckle
|-damage|p2a: Shuckle|71/100
|
|upkeep
|turn|50
|
|t:|1623185483
|move|p1a: Accelgor|Spikes|p2a: Shuckle
|-sidestart|p2: Crippyd9|Spikes
|move|p2a: Shuckle|Infestation|p1a: Accelgor
|-damage|p1a: Accelgor|72/100
|-activate|p1a: Accelgor|move: Infestation|[of] p2a: Shuckle
|
|-damage|p1a: Accelgor|60/100|[from] move: Infestation|[partiallytrapped]
|upkeep
|turn|51
|inactive|Battle timer is ON: inactive players will automatically lose when time's up. (requested by Crippyd9)
|
|t:|1623185498
|move|p1a: Accelgor|Spikes|p2a: Shuckle
|-sidestart|p2: Crippyd9|Spikes
|move|p2a: Shuckle|Toxic|p1a: Accelgor
|-status|p1a: Accelgor|tox
|
|-damage|p1a: Accelgor|54/100 tox|[from] psn
|-damage|p1a: Accelgor|42/100 tox|[from] move: Infestation|[partiallytrapped]
|upkeep
|turn|52
|inactiveoff|Battle timer is now OFF.
|
|t:|1623185519
|switch|p2a: Miltank|Miltank, F|100/100
|-damage|p2a: Miltank|84/100|[from] Spikes
|move|p1a: Accelgor|U-turn|p2a: Miltank
|-damage|p2a: Miltank|68/100
|
|t:|1623185543
|switch|p1a: Gigalith|Gigalith, F|100/100|[from]move: U-turn
|-weather|Sandstorm|[from] ability: Sand Stream|[of] p1a: Gigalith
|
|-weather|Sandstorm|[upkeep]
|-damage|p2a: Miltank|62/100|[from] Sandstorm
|-heal|p2a: Miltank|68/100|[from] item: Leftovers
|upkeep
|turn|53
|
|t:|1623185552
|move|p2a: Miltank|Milk Drink|p2a: Miltank
|-heal|p2a: Miltank|100/100
|move|p1a: Gigalith|Sand Tomb|p2a: Miltank
|-damage|p2a: Miltank|92/100
|-activate|p2a: Miltank|move: Sand Tomb|[of] p1a: Gigalith
|
|-weather|Sandstorm|[upkeep]
|-damage|p2a: Miltank|86/100|[from] Sandstorm
|-heal|p2a: Miltank|92/100|[from] item: Leftovers
|-damage|p2a: Miltank|80/100|[from] move: Sand Tomb|[partiallytrapped]
|upkeep
|turn|54
|
|t:|1623185563
|move|p2a: Miltank|Body Slam|p1a: Gigalith
|-resisted|p1a: Gigalith
|-damage|p1a: Gigalith|89/100
|move|p1a: Gigalith|Stealth Rock|p2a: Miltank
|-sidestart|p2: Crippyd9|move: Stealth Rock
|
|-weather|Sandstorm|[upkeep]
|-damage|p2a: Miltank|74/100|[from] Sandstorm
|-heal|p2a: Miltank|80/100|[from] item: Leftovers
|-heal|p1a: Gigalith|95/100|[from] item: Leftovers
|-damage|p2a: Miltank|67/100|[from] move: Sand Tomb|[partiallytrapped]
|upkeep
|turn|55
|
|t:|1623185575
|move|p2a: Miltank|Body Slam|p1a: Gigalith
|-resisted|p1a: Gigalith
|-damage|p1a: Gigalith|82/100
|move|p1a: Gigalith|Rock Blast|p2a: Miltank|[miss]
|-miss|p1a: Gigalith|p2a: Miltank
|
|-weather|Sandstorm|[upkeep]
|-damage|p2a: Miltank|61/100|[from] Sandstorm
|-heal|p2a: Miltank|67/100|[from] item: Leftovers
|-heal|p1a: Gigalith|88/100|[from] item: Leftovers
|-damage|p2a: Miltank|55/100|[from] move: Sand Tomb|[partiallytrapped]
|upkeep
|turn|56
|
|t:|1623185588
|move|p2a: Miltank|Milk Drink|p2a: Miltank
|-heal|p2a: Miltank|100/100
|move|p1a: Gigalith|Rock Blast|p2a: Miltank
|-damage|p2a: Miltank|91/100
|-damage|p2a: Miltank|82/100
|-hitcount|p2a: Miltank|2
|
|-weather|none
|-heal|p2a: Miltank|88/100|[from] item: Leftovers
|-heal|p1a: Gigalith|95/100|[from] item: Leftovers
|-damage|p2a: Miltank|76/100|[from] move: Sand Tomb|[partiallytrapped]
|upkeep
|turn|57
|
|t:|1623185600
|move|p2a: Miltank|Body Slam|p1a: Gigalith
|-resisted|p1a: Gigalith
|-damage|p1a: Gigalith|83/100
|move|p1a: Gigalith|Rock Blast|p2a: Miltank
|-damage|p2a: Miltank|65/100
|-damage|p2a: Miltank|55/100
|-damage|p2a: Miltank|46/100
|-hitcount|p2a: Miltank|3
|
|-heal|p2a: Miltank|52/100|[from] item: Leftovers
|-heal|p1a: Gigalith|89/100|[from] item: Leftovers
|-damage|p2a: Miltank|40/100|[from] move: Sand Tomb|[partiallytrapped]
|upkeep
|turn|58
|
|t:|1623185614
|switch|p1a: Eldegoss|Eldegoss, M|100/100
|move|p2a: Miltank|Milk Drink|p2a: Miltank
|-heal|p2a: Miltank|90/100
|
|-heal|p2a: Miltank|96/100|[from] item: Leftovers
|-end|p2a: Miltank|Sand Tomb|[partiallytrapped]
|upkeep
|turn|59
|
|t:|1623185623
|switch|p2a: Eldegoss|Eldegoss, M|100/100
|-damage|p2a: Eldegoss|88/100|[from] Stealth Rock
|-damage|p2a: Eldegoss|71/100|[from] Spikes
|move|p1a: Eldegoss|Pollen Puff|p2a: Eldegoss
|-supereffective|p2a: Eldegoss
|-damage|p2a: Eldegoss|37/100
|
|-heal|p2a: Eldegoss|43/100|[from] item: Leftovers
|upkeep
|turn|60
|
|t:|1623185635
|move|p1a: Eldegoss|Pollen Puff|p2a: Eldegoss
|-supereffective|p2a: Eldegoss
|-damage|p2a: Eldegoss|9/100
|move|p2a: Eldegoss|Rapid Spin|p1a: Eldegoss
|-damage|p1a: Eldegoss|92/100
|-boost|p2a: Eldegoss|spe|1
|-sideend|p2: Crippyd9|Spikes|[from] move: Rapid Spin|[of] p2a: Eldegoss
|-sideend|p2: Crippyd9|Stealth Rock|[from] move: Rapid Spin|[of] p2a: Eldegoss
|
|-heal|p2a: Eldegoss|15/100|[from] item: Leftovers
|upkeep
|turn|61
|
|t:|1623185646
|move|p2a: Eldegoss|Protect|p2a: Eldegoss
|-singleturn|p2a: Eldegoss|Protect
|move|p1a: Eldegoss|Pollen Puff|p2a: Eldegoss
|-activate|p2a: Eldegoss|move: Protect
|
|-heal|p2a: Eldegoss|21/100|[from] item: Leftovers
|upkeep
|turn|62
|
|t:|1623185656
|switch|p2a: Shuckle|Shuckle, F|71/100
|move|p1a: Eldegoss|Pollen Puff|p2a: Shuckle
|-damage|p2a: Shuckle|51/100
|
|upkeep
|turn|63
|
|t:|1623185667
|switch|p1a: Aromatisse|Aromatisse, F|85/100
|move|p2a: Shuckle|Toxic|p1a: Aromatisse
|-status|p1a: Aromatisse|tox
|
|-damage|p1a: Aromatisse|79/100 tox|[from] psn
|upkeep
|turn|64
|
|t:|1623185676
|switch|p2a: Eldegoss|Eldegoss, M|54/100
|move|p1a: Aromatisse|Wish|p1a: Aromatisse
|
|-heal|p2a: Eldegoss|60/100|[from] item: Leftovers
|-damage|p1a: Aromatisse|66/100 tox|[from] psn
|upkeep
|turn|65
|
|t:|1623185688
|switch|p2a: Shuckle|Shuckle, F|51/100
|move|p1a: Aromatisse|Heal Bell|p1a: Aromatisse
|-activate|p1a: Aromatisse|move: Heal Bell
|-curestatus|p1a: Aromatisse|tox|[msg]
|-curestatus|p1: Accelgor|tox|[msg]
|
|-heal|p1a: Aromatisse|100/100|[from] move: Wish|[wisher] Aromatisse
|upkeep
|turn|66
|
|t:|1623185699
|move|p1a: Aromatisse|Wish|p1a: Aromatisse
|move|p2a: Shuckle|Toxic|p1a: Aromatisse|[miss]
|-miss|p2a: Shuckle|p1a: Aromatisse
|
|upkeep
|turn|67
|
|t:|1623185704
|switch|p1a: Morpeko|Morpeko, F|44/100
|switch|p2a: Eldegoss|Eldegoss, M|94/100
|
|-heal|p1a: Morpeko|100/100|[from] move: Wish|[wisher] Aromatisse
|-heal|p2a: Eldegoss|99/100|[from] item: Leftovers
|-formechange|p1a: Morpeko|Morpeko-Hangry||[from] ability: Hunger Switch
|upkeep
|turn|68
|
|t:|1623185717
|move|p1a: Morpeko|Aura Wheel|p2a: Eldegoss
|-damage|p2a: Eldegoss|51/100
|-boost|p1a: Morpeko|spe|1
|move|p2a: Eldegoss|Leech Seed|p1a: Morpeko
|-start|p1a: Morpeko|move: Leech Seed
|
|-heal|p2a: Eldegoss|57/100|[from] item: Leftovers
|-damage|p1a: Morpeko|88/100|[from] Leech Seed|[of] p2a: Eldegoss
|-heal|p2a: Eldegoss|67/100|[silent]
|-formechange|p1a: Morpeko|Morpeko||[from] ability: Hunger Switch
|upkeep
|turn|69
|
|t:|1623185729
|switch|p1a: Accelgor|Accelgor, F|42/100
|move|p2a: Eldegoss|Protect||[still]
|-fail|p2a: Eldegoss
|
|-heal|p2a: Eldegoss|73/100|[from] item: Leftovers
|upkeep
|turn|70
|
|t:|1623185737
|switch|p2a: Shuckle|Shuckle, F|51/100
|move|p1a: Accelgor|Recover|p1a: Accelgor
|-heal|p1a: Accelgor|92/100
|
|upkeep
|turn|71
|
|t:|1623185744
|move|p1a: Accelgor|U-turn|p2a: Shuckle
|-damage|p2a: Shuckle|38/100
|
|t:|1623185746
|switch|p1a: Gigalith|Gigalith, F|89/100|[from]move: U-turn
|-weather|Sandstorm|[from] ability: Sand Stream|[of] p1a: Gigalith
|move|p2a: Shuckle|Toxic|p1a: Gigalith
|-status|p1a: Gigalith|tox
|
|-weather|Sandstorm|[upkeep]
|-heal|p1a: Gigalith|95/100 tox|[from] item: Leftovers
|-damage|p1a: Gigalith|89/100 tox|[from] psn
|upkeep
|turn|72
|
|t:|1623185760
|move|p1a: Gigalith|Stealth Rock|p2a: Shuckle
|-sidestart|p2: Crippyd9|move: Stealth Rock
|move|p2a: Shuckle|Infestation|p1a: Gigalith
|-damage|p1a: Gigalith|88/100 tox
|-activate|p1a: Gigalith|move: Infestation|[of] p2a: Shuckle
|
|-weather|Sandstorm|[upkeep]
|-heal|p1a: Gigalith|94/100 tox|[from] item: Leftovers
|-damage|p1a: Gigalith|82/100 tox|[from] psn
|-damage|p1a: Gigalith|69/100 tox|[from] move: Infestation|[partiallytrapped]
|upkeep
|turn|73
|
|t:|1623185771
|move|p1a: Gigalith|Rock Blast|p2a: Shuckle
|-supereffective|p2a: Shuckle
|-damage|p2a: Shuckle|20/100
|-supereffective|p2a: Shuckle
|-damage|p2a: Shuckle|0 fnt
|faint|p2a: Shuckle
|-hitcount|p2: Shuckle|2
|
|-weather|Sandstorm|[upkeep]
|-heal|p1a: Gigalith|75/100 tox|[from] item: Leftovers
|-damage|p1a: Gigalith|57/100 tox|[from] psn
|-end|p1a: Gigalith|Infestation|[partiallytrapped]|[silent]
|upkeep
|
|t:|1623185781
|switch|p2a: Tangela|Tangela, F|100/100
|-damage|p2a: Tangela|88/100|[from] Stealth Rock
|turn|74
|
|t:|1623185786
|switch|p1a: Accelgor|Accelgor, F|92/100
|move|p2a: Tangela|Giga Drain|p1a: Accelgor
|-resisted|p1a: Accelgor
|-damage|p1a: Accelgor|72/100
|-heal|p2a: Tangela|98/100|[from] drain|[of] p1a: Accelgor
|
|-weather|Sandstorm|[upkeep]
|-damage|p1a: Accelgor|66/100|[from] Sandstorm
|-damage|p2a: Tangela|92/100|[from] Sandstorm
|upkeep
|turn|75
|
|t:|1623185796
|move|p2a: Tangela|Protect|p2a: Tangela
|-singleturn|p2a: Tangela|Protect
|move|p1a: Accelgor|Knock Off|p2a: Tangela
|-activate|p2a: Tangela|move: Protect
|
|-weather|none
|upkeep
|turn|76
|
|t:|1623185816
|switch|p2a: Eldegoss|Eldegoss, M|100/100
|-damage|p2a: Eldegoss|88/100|[from] Stealth Rock
|move|p1a: Accelgor|Knock Off|p2a: Eldegoss
|-damage|p2a: Eldegoss|69/100
|-enditem|p2a: Eldegoss|Leftovers|[from] move: Knock Off|[of] p1a: Accelgor
|
|upkeep
|turn|77
|
|t:|1623185824
|move|p1a: Accelgor|U-turn|p2a: Eldegoss
|-supereffective|p2a: Eldegoss
|-damage|p2a: Eldegoss|24/100
|
|t:|1623185832
|switch|p1a: Morpeko|Morpeko, F|88/100|[from]move: U-turn
|move|p2a: Eldegoss|Rapid Spin|p1a: Morpeko
|-crit|p1a: Morpeko
|-damage|p1a: Morpeko|71/100
|-boost|p2a: Eldegoss|spe|1
|-sideend|p2: Crippyd9|Stealth Rock|[from] move: Rapid Spin|[of] p2a: Eldegoss
|
|-formechange|p1a: Morpeko|Morpeko-Hangry||[from] ability: Hunger Switch
|upkeep
|turn|78
|
|t:|1623185847
|move|p2a: Eldegoss|Protect|p2a: Eldegoss
|-singleturn|p2a: Eldegoss|Protect
|move|p1a: Morpeko|Aura Wheel|p2a: Eldegoss
|-activate|p2a: Eldegoss|move: Protect
|
|-formechange|p1a: Morpeko|Morpeko||[from] ability: Hunger Switch
|upkeep
|turn|79
|
|t:|1623185857
|switch|p2a: Miltank|Miltank, F|96/100
|move|p1a: Morpeko|Parting Shot|p2a: Miltank
|-unboost|p2a: Miltank|atk|1
|-unboost|p2a: Miltank|spa|1
|
|t:|1623185861
|switch|p1a: Accelgor|Accelgor, F|66/100|[from]move: Parting Shot
|
|-heal|p2a: Miltank|100/100|[from] item: Leftovers
|upkeep
|turn|80
|
|t:|1623185869
|move|p1a: Accelgor|Spikes|p2a: Miltank
|-sidestart|p2: Crippyd9|Spikes
|move|p2a: Miltank|Body Slam|p1a: Accelgor
|-damage|p1a: Accelgor|38/100
|
|upkeep
|turn|81
|
|t:|1623185875
|move|p1a: Accelgor|Recover|p1a: Accelgor
|-heal|p1a: Accelgor|89/100
|move|p2a: Miltank|Body Slam|p1a: Accelgor
|-damage|p1a: Accelgor|57/100
|
|upkeep
|turn|82
|
|t:|1623185889
|move|p1a: Accelgor|U-turn|p2a: Miltank
|-damage|p2a: Miltank|86/100
|
|t:|1623185892
|switch|p1a: Aromatisse|Aromatisse, F|100/100|[from]move: U-turn
|move|p2a: Miltank|Body Slam|p1a: Aromatisse
|-damage|p1a: Aromatisse|82/100
|
|-heal|p2a: Miltank|92/100|[from] item: Leftovers
|upkeep
|turn|83
|
|t:|1623185902
|switch|p2a: Eldegoss|Eldegoss, M|58/100
|-damage|p2a: Eldegoss|45/100|[from] Spikes
|move|p1a: Aromatisse|Moonblast|p2a: Eldegoss
|-damage|p2a: Eldegoss|23/100
|-unboost|p2a: Eldegoss|spa|1
|
|upkeep
|turn|84
|
|t:|1623185915
|move|p2a: Eldegoss|Leech Seed|p1a: Aromatisse
|-start|p1a: Aromatisse|move: Leech Seed
|move|p1a: Aromatisse|Moonblast|p2a: Eldegoss
|-crit|p2a: Eldegoss
|-damage|p2a: Eldegoss|0 fnt
|faint|p2a: Eldegoss
|
|upkeep
|
|t:|1623185930
|switch|p2a: Pyukumuku|Pyukumuku, F|100/100
|-damage|p2a: Pyukumuku|88/100|[from] Spikes
|turn|85
|
|t:|1623185937
|switch|p1a: Accelgor|Accelgor, F|57/100
|move|p2a: Pyukumuku|Toxic|p1a: Accelgor
|-status|p1a: Accelgor|tox
|
|-heal|p2a: Pyukumuku|94/100|[from] item: Leftovers
|-damage|p1a: Accelgor|51/100 tox|[from] psn
|upkeep
|turn|86
|
|t:|1623185948
|move|p1a: Accelgor|Spikes|p2a: Pyukumuku
|-sidestart|p2: Crippyd9|Spikes
|move|p2a: Pyukumuku|Soak|p1a: Accelgor
|-start|p1a: Accelgor|typechange|Water
|
|-heal|p2a: Pyukumuku|99/100|[from] item: Leftovers
|-damage|p1a: Accelgor|39/100 tox|[from] psn
|upkeep
|turn|87
|
|t:|1623185972
|switch|p2a: Miltank|Miltank, F|92/100
|-damage|p2a: Miltank|76/100|[from] Spikes
|move|p1a: Accelgor|Recover|p1a: Accelgor
|-heal|p1a: Accelgor|89/100 tox
|
|-heal|p2a: Miltank|82/100|[from] item: Leftovers
|-damage|p1a: Accelgor|72/100 tox|[from] psn
|upkeep
|turn|88
|
|t:|1623185983
|move|p1a: Accelgor|U-turn|p2a: Miltank
|-damage|p2a: Miltank|71/100
|
|t:|1623185985
|switch|p1a: Gigalith|Gigalith, F|57/100 tox|[from]move: U-turn
|-weather|Sandstorm|[from] ability: Sand Stream|[of] p1a: Gigalith
|move|p2a: Miltank|Body Slam|p1a: Gigalith
|-resisted|p1a: Gigalith
|-damage|p1a: Gigalith|44/100 tox
|
|-weather|Sandstorm|[upkeep]
|-damage|p2a: Miltank|65/100|[from] Sandstorm
|-heal|p2a: Miltank|71/100|[from] item: Leftovers
|-heal|p1a: Gigalith|50/100 tox|[from] item: Leftovers
|-damage|p1a: Gigalith|44/100 tox|[from] psn
|upkeep
|turn|89
|j| forestcave
|
|t:|1623186000
|move|p2a: Miltank|Earthquake|p1a: Gigalith
|-supereffective|p1a: Gigalith
|-damage|p1a: Gigalith|0 fnt
|faint|p1a: Gigalith
|
|-weather|Sandstorm|[upkeep]
|-damage|p2a: Miltank|65/100|[from] Sandstorm
|-heal|p2a: Miltank|71/100|[from] item: Leftovers
|upkeep
|
|t:|1623186014
|switch|p1a: Aromatisse|Aromatisse, F|82/100
|turn|90
|
|t:|1623186018
|move|p2a: Miltank|Milk Drink|p2a: Miltank
|-heal|p2a: Miltank|100/100
|move|p1a: Aromatisse|Moonblast|p2a: Miltank
|-damage|p2a: Miltank|62/100
|
|-weather|Sandstorm|[upkeep]
|-damage|p2a: Miltank|56/100|[from] Sandstorm
|-damage|p1a: Aromatisse|76/100|[from] Sandstorm
|-heal|p2a: Miltank|62/100|[from] item: Leftovers
|upkeep
|turn|91
|
|t:|1623186028
|move|p2a: Miltank|Milk Drink|p2a: Miltank
|-heal|p2a: Miltank|100/100
|move|p1a: Aromatisse|Wish|p1a: Aromatisse
|
|-weather|Sandstorm|[upkeep]
|-damage|p2a: Miltank|94/100|[from] Sandstorm
|-damage|p1a: Aromatisse|70/100|[from] Sandstorm
|-heal|p2a: Miltank|100/100|[from] item: Leftovers
|upkeep
|turn|92
|l| forestcave
|
|t:|1623186040
|switch|p2a: Audino|Audino, M|100/100
|-damage|p2a: Audino|84/100|[from] Spikes
|move|p1a: Aromatisse|Moonblast|p2a: Audino
|-damage|p2a: Audino|60/100
|-unboost|p2a: Audino|spa|1
|
|-weather|none
|-heal|p1a: Aromatisse|100/100|[from] move: Wish|[wisher] Aromatisse
|-heal|p2a: Audino|67/100|[from] item: Leftovers
|upkeep
|turn|93
|
|t:|1623186052
|switch|p1a: Accelgor|Accelgor, F|72/100 tox
|move|p2a: Audino|Wish|p2a: Audino
|
|-heal|p2a: Audino|73/100|[from] item: Leftovers
|-damage|p1a: Accelgor|66/100 tox|[from] psn
|upkeep
|turn|94
|
|t:|1623186061
|move|p2a: Audino|Protect|p2a: Audino
|-singleturn|p2a: Audino|Protect
|move|p1a: Accelgor|Spikes|p2a: Audino
|-sidestart|p2: Crippyd9|Spikes
|
|-heal|p2a: Audino|100/100|[from] move: Wish|[wisher] Audino
|-damage|p1a: Accelgor|54/100 tox|[from] psn
|upkeep
|turn|95
|
|t:|1623186074
|move|p1a: Accelgor|Recover|p1a: Accelgor
|-heal|p1a: Accelgor|100/100 tox
|move|p2a: Audino|Wish|p2a: Audino
|
|-damage|p1a: Accelgor|83/100 tox|[from] psn
|upkeep
|turn|96
|
|t:|1623186081
|switch|p1a: Morpeko|Morpeko, F|71/100
|move|p2a: Audino|Drain Punch|p1a: Morpeko
|-supereffective|p1a: Morpeko
|-damage|p1a: Morpeko|23/100
|
|-formechange|p1a: Morpeko|Morpeko-Hangry||[from] ability: Hunger Switch
|upkeep
|turn|97
|
|t:|1623186090
|move|p1a: Morpeko|Parting Shot|p2a: Audino
|-unboost|p2a: Audino|atk|1
|-unboost|p2a: Audino|spa|1
|
|t:|1623186092
|switch|p1a: Accelgor|Accelgor, F|83/100 tox|[from]move: Parting Shot
|move|p2a: Audino|Drain Punch|p1a: Accelgor
|-resisted|p1a: Accelgor
|-damage|p1a: Accelgor|78/100 tox
|
|-damage|p1a: Accelgor|72/100 tox|[from] psn
|upkeep
|turn|98
|
|t:|1623186103
|move|p2a: Audino|Protect|p2a: Audino
|-singleturn|p2a: Audino|Protect
|move|p1a: Accelgor|Knock Off|p2a: Audino
|-activate|p2a: Audino|move: Protect
|
|-damage|p1a: Accelgor|60/100 tox|[from] psn
|upkeep
|turn|99
|
|t:|1623186114
|move|p1a: Accelgor|Knock Off|p2a: Audino
|-damage|p2a: Audino|86/100
|-enditem|p2a: Audino|Leftovers|[from] move: Knock Off|[of] p1a: Accelgor
|move|p2a: Audino|Wish|p2a: Audino
|
|-damage|p1a: Accelgor|42/100 tox|[from] psn
|upkeep
|turn|100
|
|t:|1623186123
|switch|p1a: Aromatisse|Aromatisse, F|100/100
|move|p2a: Audino|Drain Punch|p1a: Aromatisse
|-resisted|p1a: Aromatisse
|-damage|p1a: Aromatisse|98/100
|-heal|p2a: Audino|88/100|[from] drain|[of] p1a: Aromatisse
|
|-heal|p2a: Audino|100/100|[from] move: Wish|[wisher] Audino
|upkeep
|turn|101
|
|t:|1623186137
|switch|p1a: Boltund|Boltund, F|100/100
|move|p2a: Audino|Toxic|p1a: Boltund|[miss]
|-miss|p2a: Audino|p1a: Boltund
|
|upkeep
|turn|102
|
|t:|1623186148
|move|p2a: Audino|Protect|p2a: Audino
|-singleturn|p2a: Audino|Protect
|move|p1a: Boltund|Thunder Fang|p2a: Audino
|-activate|p2a: Audino|move: Protect
|
|upkeep
|turn|103
|
|t:|1623186155
|switch|p2a: Tangela|Tangela, F|100/100
|-damage|p2a: Tangela|76/100|[from] Spikes
|move|p1a: Boltund|Thunder Fang|p2a: Tangela
|-resisted|p2a: Tangela
|-damage|p2a: Tangela|62/100
|
|upkeep
|turn|104
|
|t:|1623186167
|switch|p1a: Eldegoss|Eldegoss, M|100/100
|move|p2a: Tangela|Toxic|p1a: Eldegoss
|-status|p1a: Eldegoss|tox
|
|-damage|p1a: Eldegoss|94/100 tox|[from] psn
|upkeep
|turn|105
|
|t:|1623186180
|switch|p1a: Accelgor|Accelgor, F|42/100 tox
|switch|p2a: Audino|Audino, M|100/100
|-damage|p2a: Audino|76/100|[from] Spikes
|
|-damage|p1a: Accelgor|36/100 tox|[from] psn
|upkeep
|turn|106
|
|t:|1623186190
|move|p1a: Accelgor|Recover|p1a: Accelgor
|-heal|p1a: Accelgor|86/100 tox
|move|p2a: Audino|Wish|p2a: Audino
|
|-damage|p1a: Accelgor|75/100 tox|[from] psn
|upkeep
|turn|107
|
|t:|1623186201
|switch|p1a: Eldegoss|Eldegoss, M|100/100 tox
|move|p2a: Audino|Drain Punch|p1a: Eldegoss
|-damage|p1a: Eldegoss|85/100 tox
|-heal|p2a: Audino|81/100|[from] drain|[of] p1a: Eldegoss
|
|-heal|p2a: Audino|100/100|[from] move: Wish|[wisher] Audino
|-damage|p1a: Eldegoss|79/100 tox|[from] psn
|upkeep
|turn|108
|j| Gva
|
|t:|1623186217
|move|p1a: Eldegoss|Sleep Powder|p2a: Audino
|-status|p2a: Audino|slp|[from] move: Sleep Powder
|cant|p2a: Audino|slp
|
|-damage|p1a: Eldegoss|66/100 tox|[from] psn
|upkeep
|turn|109
|
|t:|1623186225
|switch|p1a: Boltund|Boltund, F|100/100
|cant|p2a: Audino|slp
|
|upkeep
|turn|110
|
|t:|1623186230
|switch|p2a: Tangela|Tangela, F|95/100
|-damage|p2a: Tangela|70/100|[from] Spikes
|move|p1a: Boltund|Psychic Fangs|p2a: Tangela
|-damage|p2a: Tangela|48/100
|
|upkeep
|turn|111
|
|t:|1623186241
|switch|p1a: Eldegoss|Eldegoss, M|99/100 tox
|move|p2a: Tangela|Sludge Bomb|p1a: Eldegoss
|-supereffective|p1a: Eldegoss
|-damage|p1a: Eldegoss|57/100 tox
|
|-damage|p1a: Eldegoss|51/100 tox|[from] psn
|upkeep
|turn|112
|
|t:|1623186252
|move|p2a: Tangela|Protect|p2a: Tangela
|-singleturn|p2a: Tangela|Protect
|move|p1a: Eldegoss|Pollen Puff|p2a: Tangela
|-activate|p2a: Tangela|move: Protect
|
|-damage|p1a: Eldegoss|38/100 tox|[from] psn
|upkeep
|turn|113
|
|t:|1623186262
|switch|p1a: Boltund|Boltund, F|100/100
|switch|p2a: Miltank|Miltank, F|100/100
|-damage|p2a: Miltank|76/100|[from] Spikes
|
|-heal|p2a: Miltank|82/100|[from] item: Leftovers
|upkeep
|turn|114
|
|t:|1623186271
|switch|p1a: Aromatisse|Aromatisse, F|98/100
|move|p2a: Miltank|Earthquake|p1a: Aromatisse
|-damage|p1a: Aromatisse|78/100
|
|-heal|p2a: Miltank|88/100|[from] item: Leftovers
|upkeep
|turn|115
|
|t:|1623186281
|move|p2a: Miltank|Body Slam|p1a: Aromatisse
|-damage|p1a: Aromatisse|50/100
|move|p1a: Aromatisse|Moonblast|p2a: Miltank
|-damage|p2a: Miltank|53/100
|
|-heal|p2a: Miltank|59/100|[from] item: Leftovers
|upkeep
|turn|116
|
|t:|1623186290
|move|p2a: Miltank|Milk Drink|p2a: Miltank
|-heal|p2a: Miltank|100/100
|move|p1a: Aromatisse|Wish|p1a: Aromatisse
|
|upkeep
|turn|117
|
|t:|1623186297
|move|p2a: Miltank|Heal Bell|p2a: Miltank
|-activate|p2a: Miltank|move: Heal Bell
|-curestatus|p2: Audino|slp|[msg]
|move|p1a: Aromatisse|Moonblast|p2a: Miltank
|-damage|p2a: Miltank|65/100
|
|-heal|p1a: Aromatisse|100/100|[from] move: Wish|[wisher] Aromatisse
|-heal|p2a: Miltank|71/100|[from] item: Leftovers
|upkeep
|turn|118
|
|t:|1623186313
|move|p2a: Miltank|Milk Drink|p2a: Miltank
|-heal|p2a: Miltank|100/100
|move|p1a: Aromatisse|Moonblast|p2a: Miltank
|-damage|p2a: Miltank|64/100
|-unboost|p2a: Miltank|spa|1
|
|-heal|p2a: Miltank|70/100|[from] item: Leftovers
|upkeep
|turn|119
|
|t:|1623186323
|switch|p1a: Accelgor|Accelgor, F|75/100 tox
|move|p2a: Miltank|Body Slam|p1a: Accelgor
|-damage|p1a: Accelgor|32/100 tox
|
|-heal|p2a: Miltank|76/100|[from] item: Leftovers
|-damage|p1a: Accelgor|26/100 tox|[from] psn
|upkeep
|turn|120
|
|t:|1623186333
|move|p1a: Accelgor|U-turn|p2a: Miltank
|-damage|p2a: Miltank|60/100
|
|t:|1623186340
|switch|p1a: Eldegoss|Eldegoss, M|72/100 tox|[from]move: U-turn
|move|p2a: Miltank|Body Slam|p1a: Eldegoss
|-damage|p1a: Eldegoss|24/100 tox
|
|-heal|p2a: Miltank|66/100|[from] item: Leftovers
|-damage|p1a: Eldegoss|18/100 tox|[from] psn
|upkeep
|turn|121
|
|t:|1623186351
|switch|p1a: Aromatisse|Aromatisse, F|100/100
|move|p2a: Miltank|Body Slam|p1a: Aromatisse
|-damage|p1a: Aromatisse|74/100
|
|-heal|p2a: Miltank|72/100|[from] item: Leftovers
|upkeep
|turn|122
|
|t:|1623186360
|move|p2a: Miltank|Body Slam|p1a: Aromatisse
|-damage|p1a: Aromatisse|49/100
|move|p1a: Aromatisse|Moonblast|p2a: Miltank
|-damage|p2a: Miltank|36/100
|-unboost|p2a: Miltank|spa|1
|
|-heal|p2a: Miltank|42/100|[from] item: Leftovers
|upkeep
|turn|123
|
|t:|1623186370
|move|p2a: Miltank|Body Slam|p1a: Aromatisse
|-damage|p1a: Aromatisse|23/100
|move|p1a: Aromatisse|Wish|p1a: Aromatisse
|
|-heal|p2a: Miltank|48/100|[from] item: Leftovers
|upkeep
|turn|124
|
|t:|1623186377
|move|p1a: Aromatisse|Protect|p1a: Aromatisse
|-singleturn|p1a: Aromatisse|Protect
|move|p2a: Miltank|Milk Drink|p2a: Miltank
|-heal|p2a: Miltank|98/100
|
|-heal|p1a: Aromatisse|73/100|[from] move: Wish|[wisher] Aromatisse
|-heal|p2a: Miltank|100/100|[from] item: Leftovers
|upkeep
|turn|125
|
|t:|1623186388
|move|p2a: Miltank|Body Slam|p1a: Aromatisse
|-damage|p1a: Aromatisse|47/100
|move|p1a: Aromatisse|Wish|p1a: Aromatisse
|
|upkeep
|turn|126
|
|t:|1623186395
|move|p2a: Miltank|Body Slam|p1a: Aromatisse
|-damage|p1a: Aromatisse|22/100
|move|p1a: Aromatisse|Moonblast|p2a: Miltank
|-damage|p2a: Miltank|61/100
|-unboost|p2a: Miltank|spa|1
|
|-heal|p1a: Aromatisse|72/100|[from] move: Wish|[wisher] Aromatisse
|-heal|p2a: Miltank|68/100|[from] item: Leftovers
|upkeep
|turn|127
|
|t:|1623186407
|move|p2a: Miltank|Earthquake|p1a: Aromatisse
|-damage|p1a: Aromatisse|52/100
|move|p1a: Aromatisse|Wish|p1a: Aromatisse
|
|-heal|p2a: Miltank|74/100|[from] item: Leftovers
|upkeep
|turn|128
|
|t:|1623186416
|switch|p2a: Pyukumuku|Pyukumuku, F|99/100
|-damage|p2a: Pyukumuku|75/100|[from] Spikes
|move|p1a: Aromatisse|Moonblast|p2a: Pyukumuku
|-damage|p2a: Pyukumuku|55/100
|
|-heal|p1a: Aromatisse|100/100|[from] move: Wish|[wisher] Aromatisse
|-heal|p2a: Pyukumuku|61/100|[from] item: Leftovers
|upkeep
|turn|129
|
|t:|1623186434
|switch|p1a: Accelgor|Accelgor, F|26/100 tox
|move|p2a: Pyukumuku|Recover|p2a: Pyukumuku
|-heal|p2a: Pyukumuku|100/100
|
|-damage|p1a: Accelgor|20/100 tox|[from] psn
|upkeep
|turn|130
|
|t:|1623186444
|switch|p2a: Tangela|Tangela, F|81/100
|-damage|p2a: Tangela|56/100|[from] Spikes
|move|p1a: Accelgor|Recover|p1a: Accelgor
|-heal|p1a: Accelgor|71/100 tox
|
|-damage|p1a: Accelgor|59/100 tox|[from] psn
|upkeep
|turn|131
|
|t:|1623186454
|move|p2a: Tangela|Protect|p2a: Tangela
|-singleturn|p2a: Tangela|Protect
|move|p1a: Accelgor|Recover|p1a: Accelgor
|-heal|p1a: Accelgor|100/100 tox
|
|-damage|p1a: Accelgor|83/100 tox|[from] psn
|upkeep
|turn|132
|
|t:|1623186465
|switch|p2a: Audino|Audino, M|100/100
|-damage|p2a: Audino|76/100|[from] Spikes
|move|p1a: Accelgor|U-turn|p2a: Audino
|-damage|p2a: Audino|57/100
|
|t:|1623186473
|switch|p1a: Boltund|Boltund, F|100/100|[from]move: U-turn
|
|upkeep
|turn|133
|
|t:|1623186484
|move|p2a: Audino|Protect|p2a: Audino
|-singleturn|p2a: Audino|Protect
|move|p1a: Boltund|Crunch|p2a: Audino
|-activate|p2a: Audino|move: Protect
|
|upkeep
|turn|134
|
|t:|1623186500
|switch|p2a: Pyukumuku|Pyukumuku, F|100/100
|-damage|p2a: Pyukumuku|76/100|[from] Spikes
|move|p1a: Boltund|Crunch|p2a: Pyukumuku
|-damage|p2a: Pyukumuku|36/100
|
|-heal|p2a: Pyukumuku|42/100|[from] item: Leftovers
|upkeep
|turn|135
|
|t:|1623186510
|move|p2a: Pyukumuku|Protect|p2a: Pyukumuku
|-singleturn|p2a: Pyukumuku|Protect
|move|p1a: Boltund|Crunch|p2a: Pyukumuku
|-activate|p2a: Pyukumuku|move: Protect
|
|-heal|p2a: Pyukumuku|48/100|[from] item: Leftovers
|upkeep
|turn|136
|
|t:|1623186519
|move|p1a: Boltund|Crunch|p2a: Pyukumuku
|-damage|p2a: Pyukumuku|5/100
|move|p2a: Pyukumuku|Recover|p2a: Pyukumuku
|-heal|p2a: Pyukumuku|55/100
|
|-heal|p2a: Pyukumuku|61/100|[from] item: Leftovers
|upkeep
|turn|137
|
|t:|1623186533
|switch|p1a: Accelgor|Accelgor, F|83/100 tox
|move|p2a: Pyukumuku|Protect||[still]
|-fail|p2a: Pyukumuku
|
|-heal|p2a: Pyukumuku|67/100|[from] item: Leftovers
|-damage|p1a: Accelgor|77/100 tox|[from] psn
|upkeep
|turn|138
|j| Meujeuh
|
|t:|1623186542
|move|p2a: Pyukumuku|Protect|p2a: Pyukumuku
|-singleturn|p2a: Pyukumuku|Protect
|move|p1a: Accelgor|Knock Off|p2a: Pyukumuku
|-activate|p2a: Pyukumuku|move: Protect
|
|-heal|p2a: Pyukumuku|73/100|[from] item: Leftovers
|-damage|p1a: Accelgor|65/100 tox|[from] psn
|upkeep
|turn|139
|
|t:|1623186551
|switch|p2a: Audino|Audino, M|90/100
|-damage|p2a: Audino|65/100|[from] Spikes
|move|p1a: Accelgor|Knock Off|p2a: Audino
|-damage|p2a: Audino|54/100
|
|-damage|p1a: Accelgor|47/100 tox|[from] psn
|upkeep
|turn|140
|
|t:|1623186561
|switch|p1a: Boltund|Boltund, F|100/100
|move|p2a: Audino|Wish|p2a: Audino
|
|upkeep
|turn|141
|
|t:|1623186567
|move|p2a: Audino|Protect|p2a: Audino
|-singleturn|p2a: Audino|Protect
|move|p1a: Boltund|Crunch|p2a: Audino
|-activate|p2a: Audino|move: Protect
|
|-heal|p2a: Audino|100/100|[from] move: Wish|[wisher] Audino
|upkeep
|turn|142
|
|t:|1623186576
|move|p1a: Boltund|Crunch|p2a: Audino
|-crit|p2a: Audino
|-damage|p2a: Audino|30/100
|move|p2a: Audino|Toxic|p1a: Boltund
|-status|p1a: Boltund|tox
|
|-damage|p1a: Boltund|94/100 tox|[from] psn
|upkeep
|turn|143
|
|t:|1623186586
|move|p2a: Audino|Protect|p2a: Audino
|-singleturn|p2a: Audino|Protect
|move|p1a: Boltund|Crunch|p2a: Audino
|-activate|p2a: Audino|move: Protect
|
|-damage|p1a: Boltund|82/100 tox|[from] psn
|upkeep
|turn|144
|
|t:|1623186597
|switch|p2a: Tangela|Tangela, F|90/100
|-damage|p2a: Tangela|65/100|[from] Spikes
|move|p1a: Boltund|Crunch|p2a: Tangela
|-damage|p2a: Tangela|42/100
|
|-damage|p1a: Boltund|64/100 tox|[from] psn
|upkeep
|turn|145
|
|t:|1623186609
|switch|p1a: Aromatisse|Aromatisse, F|100/100
|move|p2a: Tangela|Giga Drain|p1a: Aromatisse
|-crit|p1a: Aromatisse
|-damage|p1a: Aromatisse|61/100
|-heal|p2a: Tangela|66/100|[from] drain|[of] p1a: Aromatisse
|
|upkeep
|turn|146
|
|t:|1623186616
|move|p2a: Tangela|Sludge Bomb|p1a: Aromatisse
|-supereffective|p1a: Aromatisse
|-damage|p1a: Aromatisse|25/100
|move|p1a: Aromatisse|Wish|p1a: Aromatisse
|
|upkeep
|turn|147
|
|t:|1623186627
|switch|p2a: Miltank|Miltank, F|74/100
|-damage|p2a: Miltank|49/100|[from] Spikes
|move|p1a: Aromatisse|Protect||[still]
|-fail|p1a: Aromatisse
|
|-heal|p1a: Aromatisse|75/100|[from] move: Wish|[wisher] Aromatisse
|-heal|p2a: Miltank|55/100|[from] item: Leftovers
|upkeep
|turn|148
|
|t:|1623186637
|move|p2a: Miltank|Milk Drink|p2a: Miltank
|-heal|p2a: Miltank|100/100
|move|p1a: Aromatisse|Heal Bell|p1a: Aromatisse
|-activate|p1a: Aromatisse|move: Heal Bell
|-curestatus|p1: Boltund|tox|[msg]
|-curestatus|p1: Eldegoss|tox|[msg]
|-curestatus|p1: Accelgor|tox|[msg]
|
|upkeep
|turn|149
|
|t:|1623186659
|move|p2a: Miltank|Body Slam|p1a: Aromatisse
|-damage|p1a: Aromatisse|49/100
|-status|p1a: Aromatisse|par
|move|p1a: Aromatisse|Wish|p1a: Aromatisse
|
|upkeep
|turn|150
|
|t:|1623186678
|switch|p2a: Pyukumuku|Pyukumuku, F|73/100
|-damage|p2a: Pyukumuku|48/100|[from] Spikes
|switch|p1a: Accelgor|Accelgor, F|47/100
|
|-heal|p1a: Accelgor|100/100|[from] move: Wish|[wisher] Aromatisse
|-heal|p2a: Pyukumuku|54/100|[from] item: Leftovers
|upkeep
|turn|151
|
|t:|1623186689
|move|p2a: Pyukumuku|Protect|p2a: Pyukumuku
|-singleturn|p2a: Pyukumuku|Protect
|move|p1a: Accelgor|Knock Off|p2a: Pyukumuku
|-activate|p2a: Pyukumuku|move: Protect
|
|-heal|p2a: Pyukumuku|60/100|[from] item: Leftovers
|upkeep
|turn|152
|
|t:|1623186697
|move|p1a: Accelgor|Knock Off|p2a: Pyukumuku
|-damage|p2a: Pyukumuku|46/100
|-enditem|p2a: Pyukumuku|Leftovers|[from] move: Knock Off|[of] p1a: Accelgor
|move|p2a: Pyukumuku|Recover|p2a: Pyukumuku
|-heal|p2a: Pyukumuku|96/100
|
|upkeep
|turn|153
|
|t:|1623186705
|move|p1a: Accelgor|U-turn|p2a: Pyukumuku
|-damage|p2a: Pyukumuku|80/100
|
|t:|1623186712
|switch|p1a: Eldegoss|Eldegoss, M|51/100|[from]move: U-turn
|move|p2a: Pyukumuku|Toxic|p1a: Eldegoss
|-status|p1a: Eldegoss|tox
|
|-damage|p1a: Eldegoss|45/100 tox|[from] psn
|upkeep
|turn|154
|
|t:|1623186733
|switch|p1a: Accelgor|Accelgor, F|100/100
|move|p2a: Pyukumuku|Protect||[still]
|-fail|p2a: Pyukumuku
|
|upkeep
|turn|155
|
|t:|1623186741
|switch|p1a: Eldegoss|Eldegoss, M|78/100 tox
|move|p2a: Pyukumuku|Toxic|p1a: Eldegoss
|-fail|p1a: Eldegoss|tox
|
|-damage|p1a: Eldegoss|72/100 tox|[from] psn
|upkeep
|turn|156
|
|t:|1623186755
|move|p1a: Eldegoss|Leaf Storm|p2a: Pyukumuku
|-supereffective|p2a: Pyukumuku
|-damage|p2a: Pyukumuku|7/100
|-unboost|p1a: Eldegoss|spa|2
|move|p2a: Pyukumuku|Recover|p2a: Pyukumuku
|-heal|p2a: Pyukumuku|57/100
|
|-damage|p1a: Eldegoss|59/100 tox|[from] psn
|upkeep
|turn|157
|
|t:|1623186765
|move|p1a: Eldegoss|Leaf Storm|p2a: Pyukumuku
|-supereffective|p2a: Pyukumuku
|-damage|p2a: Pyukumuku|0 fnt
|-unboost|p1a: Eldegoss|spa|2
|faint|p2a: Pyukumuku
|
|-damage|p1a: Eldegoss|41/100 tox|[from] psn
|upkeep
|
|t:|1623186774
|switch|p2a: Tangela|Tangela, F|99/100
|-damage|p2a: Tangela|75/100|[from] Spikes
|turn|158
|
|t:|1623186780
|switch|p1a: Accelgor|Accelgor, F|100/100
|move|p2a: Tangela|Sludge Bomb|p1a: Accelgor
|-damage|p1a: Accelgor|71/100
|
|upkeep
|turn|159
|
|t:|1623186790
|move|p2a: Tangela|Protect|p2a: Tangela
|-singleturn|p2a: Tangela|Protect
|move|p1a: Accelgor|Knock Off|p2a: Tangela
|-activate|p2a: Tangela|move: Protect
|
|upkeep
|turn|160
|
|t:|1623186800
|switch|p2a: Audino|Audino, M|63/100
|-damage|p2a: Audino|38/100|[from] Spikes
|move|p1a: Accelgor|U-turn|p2a: Audino
|-damage|p2a: Audino|20/100
|
|t:|1623186817
|switch|p1a: Morpeko|Morpeko, F|23/100|[from]move: U-turn
|
|-formechange|p1a: Morpeko|Morpeko-Hangry||[from] ability: Hunger Switch
|upkeep
|turn|161
|
|t:|1623186825
|move|p1a: Morpeko|Aura Wheel|p2a: Audino
|-damage|p2a: Audino|0 fnt
|-boost|p1a: Morpeko|spe|1
|faint|p2a: Audino
|
|-formechange|p1a: Morpeko|Morpeko||[from] ability: Hunger Switch
|upkeep
|
|t:|1623186834
|switch|p2a: Miltank|Miltank, F|100/100
|-damage|p2a: Miltank|76/100|[from] Spikes
|turn|162
|
|t:|1623186839
|move|p1a: Morpeko|Parting Shot|p2a: Miltank
|-unboost|p2a: Miltank|atk|1
|-unboost|p2a: Miltank|spa|1
|
|t:|1623186845
|switch|p1a: Accelgor|Accelgor, F|71/100|[from]move: Parting Shot
|move|p2a: Miltank|Body Slam|p1a: Accelgor
|-damage|p1a: Accelgor|44/100
|-status|p1a: Accelgor|par
|
|-heal|p2a: Miltank|82/100|[from] item: Leftovers
|upkeep
|turn|163
|
|t:|1623186856
|move|p2a: Miltank|Body Slam|p1a: Accelgor
|-crit|p1a: Accelgor
|-damage|p1a: Accelgor|0 fnt
|faint|p1a: Accelgor
|
|-heal|p2a: Miltank|88/100|[from] item: Leftovers
|upkeep
|
|t:|1623186865
|switch|p1a: Aromatisse|Aromatisse, F|49/100 par
|turn|164
|
|t:|1623186871
|switch|p2a: Tangela|Tangela, F|100/100
|-damage|p2a: Tangela|76/100|[from] Spikes
|move|p1a: Aromatisse|Wish|p1a: Aromatisse
|
|upkeep
|turn|165
|
|t:|1623186881
|move|p2a: Tangela|Sludge Bomb|p1a: Aromatisse
|-supereffective|p1a: Aromatisse
|-damage|p1a: Aromatisse|10/100 par
|move|p1a: Aromatisse|Moonblast|p2a: Tangela
|-damage|p2a: Tangela|28/100
|
|-heal|p1a: Aromatisse|60/100 par|[from] move: Wish|[wisher] Aromatisse
|upkeep
|turn|166
|
|t:|1623186892
|move|p2a: Tangela|Giga Drain|p1a: Aromatisse
|-damage|p1a: Aromatisse|37/100 par
|-heal|p2a: Tangela|42/100|[from] drain|[of] p1a: Aromatisse
|move|p1a: Aromatisse|Moonblast|p2a: Tangela
|-damage|p2a: Tangela|0 fnt
|faint|p2a: Tangela
|
|upkeep
|
|t:|1623186901
|switch|p2a: Miltank|Miltank, F|88/100
|-damage|p2a: Miltank|63/100|[from] Spikes
|turn|167
|
|t:|1623186907
|move|p2a: Miltank|Body Slam|p1a: Aromatisse
|-damage|p1a: Aromatisse|12/100 par
|cant|p1a: Aromatisse|par
|
|-heal|p2a: Miltank|69/100|[from] item: Leftovers
|upkeep
|turn|168
|
|t:|1623186915
|move|p2a: Miltank|Body Slam|p1a: Aromatisse
|-damage|p1a: Aromatisse|0 fnt
|faint|p1a: Aromatisse
|
|-heal|p2a: Miltank|75/100|[from] item: Leftovers
|upkeep
|
|t:|1623186917
|switch|p1a: Boltund|Boltund, F|64/100
|turn|169
|
|t:|1623186925
|move|p1a: Boltund|Thunder Fang|p2a: Miltank
|-damage|p2a: Miltank|30/100
|move|p2a: Miltank|Earthquake|p1a: Boltund
|-supereffective|p1a: Boltund
|-damage|p1a: Boltund|0 fnt
|faint|p1a: Boltund
|
|-heal|p2a: Miltank|36/100|[from] item: Leftovers
|upkeep
|
|t:|1623186932
|switch|p1a: Morpeko|Morpeko, F|23/100
|turn|170
|
|t:|1623186938
|move|p1a: Morpeko|Aura Wheel|p2a: Miltank
|-damage|p2a: Miltank|0 fnt
|-boost|p1a: Morpeko|spe|1
|faint|p2a: Miltank
|
|win|teenage bream
|raw|teenage bream's rating: 1475 &rarr; <strong>1485</strong><br />(+10 for winning)
|raw|Crippyd9's rating: 1283 &rarr; <strong>1271</strong><br />(-12 for losing)
|c|☆teenage bream|gg
|c|☆Crippyd9|Gg
