|j|☆falcu
|j|☆bababi
|t:|1647467150
|gametype|singles
|player|p1|falcu|giovanni|1295
|player|p2|bababi|cress|1526
|teamsize|p1|6
|teamsize|p2|6
|gen|8
|tier|[Gen 8] PU
|rated|
|rule|Sleep Clause Mod: Limit one foe put to sleep
|rule|Species Clause: Limit one of each Pokémon
|rule|OHKO Clause: OHKO moves are banned
|rule|Evasion Moves Clause: Evasion moves are banned
|rule|Endless Battle Clause: Forcing endless battles is banned
|rule|HP Percentage Mod: HP is shown in percentages
|rule|Dynamax Clause: You cannot dynamax
|clearpoke
|poke|p1|Perrserker, M|
|poke|p1|Cofagrigus, M|
|poke|p1|Charizard, F|
|poke|p1|Whimsicott, F|
|poke|p1|Lanturn, M|
|poke|p1|Druddigon, M|
|poke|p2|Perrserker, F|
|poke|p2|Gigalith, M|
|poke|p2|Aromatisse, F|
|poke|p2|Altaria, F|
|poke|p2|Persian-Alola, M|
|poke|p2|Silvally-*|
|teampreview
|inactive|Battle timer is ON: inactive players will automatically lose when time's up. (requested by falcu)
|
|t:|1647467167
|start
|switch|p1a: Druddigon|Druddigon, M|100/100
|switch|p2a: Persian|Persian-Alola, M|100/100
|turn|1
|
|t:|1647467175
|move|p2a: Persian|Parting Shot|p1a: Druddigon
|-unboost|p1a: Druddigon|atk|1
|-unboost|p1a: Druddigon|spa|1
|
|t:|1647467176
|switch|p2a: Aromatisse|Aromatisse, F|100/100|[from]move: Parting Shot
|move|p1a: Druddigon|Stealth Rock|p2a: Aromatisse
|-sidestart|p2: bababi|move: Stealth Rock
|
|upkeep
|turn|2
|
|t:|1647467186
|switch|p1a: Perrserker|Perrserker, M|100/100
|move|p2a: Aromatisse|Moonblast|p1a: Perrserker
|-resisted|p1a: Perrserker
|-damage|p1a: Perrserker|69/100
|
|upkeep
|turn|3
|
|t:|1647467192
|move|p2a: Aromatisse|Protect|p2a: Aromatisse
|-singleturn|p2a: Aromatisse|Protect
|move|p1a: Perrserker|Iron Head|p2a: Aromatisse
|-activate|p2a: Aromatisse|move: Protect
|
|upkeep
|turn|4
|
|t:|1647467198
|switch|p2a: Perrserker|Perrserker, F|100/100
|-damage|p2a: Perrserker|94/100|[from] Stealth Rock
|move|p1a: Perrserker|Iron Head|p2a: Perrserker
|-resisted|p2a: Perrserker
|-damage|p2a: Perrserker|46/100
|
|-heal|p2a: Perrserker|52/100|[from] item: Leftovers
|upkeep
|turn|5
|
|t:|1647467206
|switch|p1a: Druddigon|Druddigon, M|100/100
|move|p2a: Perrserker|Iron Head|p1a: Druddigon
|-damage|p1a: Druddigon|52/100
|-damage|p2a: Perrserker|39/100|[from] ability: Rough Skin|[of] p1a: Druddigon
|-damage|p2a: Perrserker|23/100|[from] item: Rocky Helmet|[of] p1a: Druddigon
|
|-heal|p2a: Perrserker|29/100|[from] item: Leftovers
|upkeep
|turn|6
|
|t:|1647467216
|move|p2a: Perrserker|Iron Head|p1a: Druddigon
|-crit|p1a: Druddigon
|-damage|p1a: Druddigon|0 fnt
|-damage|p2a: Perrserker|17/100|[from] ability: Rough Skin|[of] p1a: Druddigon
|-damage|p2a: Perrserker|0 fnt|[from] item: Rocky Helmet|[of] p1a: Druddigon
|faint|p1a: Druddigon
|faint|p2a: Perrserker
|
|upkeep
|
|t:|1647467235
|switch|p2a: Silvally|Silvally-Fairy|100/100
|switch|p1a: Perrserker|Perrserker, M|69/100
|-damage|p2a: Silvally|88/100|[from] Stealth Rock
|turn|7
|
|t:|1647467241
|switch|p2a: Altaria|Altaria, F|100/100
|move|p1a: Perrserker|Iron Head|p2a: Altaria
|-damage|p2a: Altaria|26/100
|
|upkeep
|turn|8
|
|t:|1647467246
|move|p2a: Altaria|Flamethrower|p1a: Perrserker
|-supereffective|p1a: Perrserker
|-damage|p1a: Perrserker|17/100
|move|p1a: Perrserker|Iron Head|p2a: Altaria
|-damage|p2a: Altaria|0 fnt
|faint|p2a: Altaria
|
|upkeep
|
|t:|1647467251
|switch|p2a: Persian|Persian-Alola, M|100/100
|turn|9
|
|t:|1647467264
|switch|p1a: Whimsicott|Whimsicott, F|100/100
|move|p2a: Persian|Knock Off|p1a: Whimsicott
|-resisted|p1a: Whimsicott
|-damage|p1a: Whimsicott|84/100
|-enditem|p1a: Whimsicott|Heavy-Duty Boots|[from] move: Knock Off|[of] p2a: Persian
|
|upkeep
|turn|10
|
|t:|1647467271
|move|p1a: Whimsicott|Stun Spore|p2a: Persian
|-hint|Since gen 7, Dark is immune to Prankster moves.
|-immune|p2a: Persian
|move|p2a: Persian|Parting Shot|p1a: Whimsicott
|-unboost|p1a: Whimsicott|atk|1
|-unboost|p1a: Whimsicott|spa|1
|
|t:|1647467280
|switch|p2a: Gigalith|Gigalith, M|100/100|[from]move: Parting Shot
|-damage|p2a: Gigalith|88/100|[from] Stealth Rock
|-weather|Sandstorm|[from] ability: Sand Stream|[of] p2a: Gigalith
|
|-weather|Sandstorm|[upkeep]
|-damage|p1a: Whimsicott|78/100|[from] Sandstorm
|-heal|p2a: Gigalith|94/100|[from] item: Leftovers
|upkeep
|turn|11
|
|t:|1647467282
|move|p1a: Whimsicott|Energy Ball|p2a: Gigalith
|-supereffective|p2a: Gigalith
|-damage|p2a: Gigalith|73/100
|move|p2a: Gigalith|Stealth Rock|p1a: Whimsicott
|-sidestart|p1: falcu|move: Stealth Rock
|
|-weather|Sandstorm|[upkeep]
|-damage|p1a: Whimsicott|72/100|[from] Sandstorm
|-heal|p2a: Gigalith|80/100|[from] item: Leftovers
|upkeep
|turn|12
|
|t:|1647467288
|move|p1a: Whimsicott|Stun Spore|p2a: Gigalith
|-status|p2a: Gigalith|par
|move|p2a: Gigalith|Rock Blast|p1a: Whimsicott
|-damage|p1a: Whimsicott|54/100
|-damage|p1a: Whimsicott|37/100
|-damage|p1a: Whimsicott|20/100
|-damage|p1a: Whimsicott|2/100
|-damage|p1a: Whimsicott|0 fnt
|faint|p1a: Whimsicott
|-hitcount|p1: Whimsicott|5
|
|-weather|Sandstorm|[upkeep]
|-heal|p2a: Gigalith|86/100 par|[from] item: Leftovers
|upkeep
|
|t:|1647467296
|switch|p1a: Perrserker|Perrserker, M|17/100
|-damage|p1a: Perrserker|11/100|[from] Stealth Rock
|turn|13
|
|t:|1647467299
|switch|p2a: Persian|Persian-Alola, M|100/100
|move|p1a: Perrserker|Iron Head|p2a: Persian
|-damage|p2a: Persian|36/100
|
|-weather|Sandstorm|[upkeep]
|-damage|p2a: Persian|30/100|[from] Sandstorm
|upkeep
|turn|14
|
|t:|1647467309
|move|p2a: Persian|Knock Off|p1a: Perrserker
|-damage|p1a: Perrserker|0 fnt
|-enditem|p1a: Perrserker|Choice Band|[from] move: Knock Off|[of] p2a: Persian
|faint|p1a: Perrserker
|
|-weather|none
|upkeep
|
|t:|1647467318
|switch|p1a: Cofagrigus|Cofagrigus, M|100/100
|-damage|p1a: Cofagrigus|88/100|[from] Stealth Rock
|turn|15
|
|t:|1647467324
|move|p2a: Persian|Parting Shot|p1a: Cofagrigus
|-unboost|p1a: Cofagrigus|atk|1
|-unboost|p1a: Cofagrigus|spa|1
|
|t:|1647467325
|switch|p2a: Aromatisse|Aromatisse, F|100/100|[from]move: Parting Shot
|-damage|p2a: Aromatisse|88/100|[from] Stealth Rock
|move|p1a: Cofagrigus|Iron Defense|p1a: Cofagrigus
|-boost|p1a: Cofagrigus|def|2
|
|-heal|p2a: Aromatisse|94/100|[from] item: Leftovers
|upkeep
|turn|16
|
|t:|1647467330
|move|p1a: Cofagrigus|Toxic|p2a: Aromatisse
|-status|p2a: Aromatisse|tox
|move|p2a: Aromatisse|Moonblast|p1a: Cofagrigus
|-damage|p1a: Cofagrigus|63/100
|
|-heal|p2a: Aromatisse|100/100 tox|[from] item: Leftovers
|-damage|p2a: Aromatisse|94/100 tox|[from] psn
|upkeep
|turn|17
|
|t:|1647467335
|move|p1a: Cofagrigus|Iron Defense|p1a: Cofagrigus
|-boost|p1a: Cofagrigus|def|2
|move|p2a: Aromatisse|Toxic|p1a: Cofagrigus
|-status|p1a: Cofagrigus|tox
|
|-heal|p2a: Aromatisse|100/100 tox|[from] item: Leftovers
|-damage|p1a: Cofagrigus|57/100 tox|[from] psn
|-damage|p2a: Aromatisse|88/100 tox|[from] psn
|upkeep
|turn|18
|
|t:|1647467339
|move|p1a: Cofagrigus|Rest|p1a: Cofagrigus
|-status|p1a: Cofagrigus|slp|[from] move: Rest
|-heal|p1a: Cofagrigus|100/100 slp|[silent]
|move|p2a: Aromatisse|Moonblast|p1a: Cofagrigus
|-damage|p1a: Cofagrigus|75/100 slp
|
|-heal|p2a: Aromatisse|94/100 tox|[from] item: Leftovers
|-damage|p2a: Aromatisse|76/100 tox|[from] psn
|upkeep
|turn|19
|
|t:|1647467351
|switch|p2a: Silvally|Silvally-Fairy|88/100
|-damage|p2a: Silvally|76/100|[from] Stealth Rock
|cant|p1a: Cofagrigus|slp
|
|upkeep
|turn|20
|
|t:|1647467359
|move|p2a: Silvally|Swords Dance|p2a: Silvally
|-boost|p2a: Silvally|atk|2
|cant|p1a: Cofagrigus|slp
|
|upkeep
|turn|21
|
|t:|1647467363
|move|p2a: Silvally|Swords Dance|p2a: Silvally
|-boost|p2a: Silvally|atk|2
|-curestatus|p1a: Cofagrigus|slp|[msg]
|move|p1a: Cofagrigus|Toxic|p2a: Silvally
|-status|p2a: Silvally|tox
|
|-damage|p2a: Silvally|70/100 tox|[from] psn
|upkeep
|turn|22
|
|t:|1647467367
|move|p2a: Silvally|Multi-Attack|p1a: Cofagrigus
|-damage|p1a: Cofagrigus|39/100
|move|p1a: Cofagrigus|Iron Defense|p1a: Cofagrigus
|-boost|p1a: Cofagrigus|def|2
|
|-damage|p2a: Silvally|58/100 tox|[from] psn
|upkeep
|turn|23
|
|t:|1647467373
|move|p2a: Silvally|Multi-Attack|p1a: Cofagrigus
|-damage|p1a: Cofagrigus|8/100
|move|p1a: Cofagrigus|Rest|p1a: Cofagrigus
|-status|p1a: Cofagrigus|slp|[from] move: Rest
|-heal|p1a: Cofagrigus|100/100 slp|[silent]
|
|-damage|p2a: Silvally|39/100 tox|[from] psn
|upkeep
|turn|24
|
|t:|1647467380
|move|p2a: Silvally|Multi-Attack|p1a: Cofagrigus
|-damage|p1a: Cofagrigus|70/100 slp
|cant|p1a: Cofagrigus|slp
|
|-damage|p2a: Silvally|15/100 tox|[from] psn
|upkeep
|turn|25
|
|t:|1647467384
|move|p2a: Silvally|Multi-Attack|p1a: Cofagrigus
|-damage|p1a: Cofagrigus|39/100 slp
|cant|p1a: Cofagrigus|slp
|
|-damage|p2a: Silvally|0 fnt|[from] psn
|faint|p2a: Silvally
|upkeep
|
|t:|1647467388
|switch|p2a: Aromatisse|Aromatisse, F|76/100 tox
|-damage|p2a: Aromatisse|64/100 tox|[from] Stealth Rock
|turn|26
|
|t:|1647467391
|-curestatus|p1a: Cofagrigus|slp|[msg]
|move|p1a: Cofagrigus|Rest|p1a: Cofagrigus
|-status|p1a: Cofagrigus|slp|[from] move: Rest
|-heal|p1a: Cofagrigus|100/100 slp|[silent]
|move|p2a: Aromatisse|Moonblast|p1a: Cofagrigus
|-damage|p1a: Cofagrigus|78/100 slp
|
|-heal|p2a: Aromatisse|70/100 tox|[from] item: Leftovers
|-damage|p2a: Aromatisse|64/100 tox|[from] psn
|upkeep
|turn|27
|-message|bababi forfeited.
|
|win|falcu
|raw|falcu's rating: 1295 &rarr; <strong>1335</strong><br />(+40 for winning)
|raw|bababi's rating: 1526 &rarr; <strong>1494</strong><br />(-32 for losing)
|l|☆bababi
