|j|☆acluh1
|j|☆Flopfish
|t:|1664582885
|gametype|singles
|player|p1|acluh1|karen|
|player|p2|Flopfish|janitor|
|teamsize|p1|6
|teamsize|p2|6
|gen|8
|tier|[Gen 8] PU
|rule|Sleep Clause Mod: Limit one foe put to sleep
|rule|Species Clause: Limit one of each Pokémon
|rule|OHKO Clause: OHKO moves are banned
|rule|Evasion Items Clause: Evasion items are banned
|rule|Evasion Moves Clause: Evasion moves are banned
|rule|Endless Battle Clause: Forcing endless battles is banned
|rule|HP Percentage Mod: HP is shown in percentages
|rule|Dynamax Clause: You cannot dynamax
|clearpoke
|poke|p1|Abomasnow, F|
|poke|p1|Charizard, F|
|poke|p1|Gigalith, F|
|poke|p1|Jolteon, M|
|poke|p1|Pincurchin, F|
|poke|p1|Sandaconda, F|
|poke|p2|Salandit, F|
|poke|p2|Hitmonchan, M|
|poke|p2|Dubwool, F|
|poke|p2|Crustle, F|
|poke|p2|Manectric, F|
|poke|p2|Dusclops, F|
|teampreview
|inactive|Battle timer is ON: inactive players will automatically lose when time's up. (requested by acluh1)
|c|☆acluh1|glhf
|c|☆Flopfish|Glhf
|
|t:|1664582910
|start
|switch|p1a: Gigalith|Gigalith, F, shiny|100/100
|switch|p2a: Dusclops|Dusclops, F|100/100
|-ability|p2a: Dusclops|Pressure
|-weather|Sandstorm|[from] ability: Sand Stream|[of] p1a: Gigalith
|turn|1
|c|☆Flopfish|Btw I love the double weather lmao
|
|t:|1664582938
|move|p1a: Gigalith|Protect|p1a: Gigalith
|-singleturn|p1a: Gigalith|Protect
|move|p2a: Dusclops|Toxic|p1a: Gigalith
|-activate|p1a: Gigalith|move: Protect
|
|-weather|Sandstorm|[upkeep]
|-damage|p2a: Dusclops|94/100|[from] Sandstorm
|upkeep
|turn|2
|c|☆acluh1|lol i like the chip
|
|t:|1664582947
|switch|p1a: Sandaconda|Sandaconda, F, shiny|100/100
|move|p2a: Dusclops|Toxic|p1a: Sandaconda
|-status|p1a: Sandaconda|tox
|
|-weather|Sandstorm|[upkeep]
|-damage|p2a: Dusclops|88/100|[from] Sandstorm
|-damage|p1a: Sandaconda|94/100 tox|[from] psn
|upkeep
|turn|3
|
|t:|1664582960
|switch|p2a: Dubwool|Dubwool, F|100/100
|move|p1a: Sandaconda|Earthquake|p2a: Dubwool
|-damage|p2a: Dubwool|73/100
|
|-weather|Sandstorm|[upkeep]
|-damage|p2a: Dubwool|67/100|[from] Sandstorm
|-heal|p2a: Dubwool|73/100|[from] item: Leftovers
|-activate|p1a: Sandaconda|ability: Shed Skin
|-curestatus|p1a: Sandaconda|tox|[msg]
|upkeep
|turn|4
|
|t:|1664582979
|switch|p1a: Abomasnow|Abomasnow, F, shiny|100/100
|-weather|Hail|[from] ability: Snow Warning|[of] p1a: Abomasnow
|move|p2a: Dubwool|Cotton Guard|p2a: Dubwool
|-boost|p2a: Dubwool|def|3
|
|-weather|Hail|[upkeep]
|-damage|p2a: Dubwool|67/100|[from] Hail
|-heal|p2a: Dubwool|73/100|[from] item: Leftovers
|upkeep
|turn|5
|
|t:|1664583007
|move|p2a: Dubwool|Body Press|p1a: Abomasnow
|-supereffective|p1a: Abomasnow
|-damage|p1a: Abomasnow|0 fnt
|faint|p1a: Abomasnow
|
|-weather|Hail|[upkeep]
|-damage|p2a: Dubwool|67/100|[from] Hail
|-heal|p2a: Dubwool|73/100|[from] item: Leftovers
|upkeep
|
|t:|1664583012
|switch|p1a: Pincurchin|Pincurchin, F, shiny|100/100
|-fieldstart|move: Electric Terrain|[from] ability: Electric Surge|[of] p1a: Pincurchin
|turn|6
|
|t:|1664583020
|switch|p2a: Manectric|Manectric, F|100/100
|move|p1a: Pincurchin|Rising Voltage|p2a: Manectric
|-ability|p2a: Manectric|Lightning Rod|boost
|-boost|p2a: Manectric|spa|1
|
|-weather|Hail|[upkeep]
|-damage|p2a: Manectric|94/100|[from] Hail
|-damage|p1a: Pincurchin|94/100|[from] Hail
|upkeep
|turn|7
|
|t:|1664583034
|switch|p1a: Gigalith|Gigalith, F, shiny|100/100
|-weather|Sandstorm|[from] ability: Sand Stream|[of] p1a: Gigalith
|move|p2a: Manectric|Volt Switch|p1a: Gigalith
|-damage|p1a: Gigalith|68/100
|
|t:|1664583049
|switch|p2a: Hitmonchan|Hitmonchan, M|100/100|[from]move: Volt Switch
|
|-weather|Sandstorm|[upkeep]
|-damage|p2a: Hitmonchan|94/100|[from] Sandstorm
|-heal|p1a: Gigalith|74/100|[from] item: Leftovers
|upkeep
|turn|8
|
|t:|1664583057
|switch|p1a: Sandaconda|Sandaconda, F, shiny|94/100
|move|p2a: Hitmonchan|Toxic|p1a: Sandaconda
|-status|p1a: Sandaconda|tox
|
|-weather|Sandstorm|[upkeep]
|-damage|p2a: Hitmonchan|88/100|[from] Sandstorm
|-damage|p1a: Sandaconda|88/100 tox|[from] psn
|upkeep
|turn|9
|
|t:|1664583069
|switch|p2a: Dubwool|Dubwool, F|73/100
|move|p1a: Sandaconda|Glare|p2a: Dubwool
|-status|p2a: Dubwool|par
|
|-weather|Sandstorm|[upkeep]
|-damage|p2a: Dubwool|67/100 par|[from] Sandstorm
|-heal|p2a: Dubwool|73/100 par|[from] item: Leftovers
|-damage|p1a: Sandaconda|76/100 tox|[from] psn
|upkeep
|turn|10
|
|t:|1664583081
|switch|p1a: Charizard|Charizard, F, shiny|100/100
|cant|p2a: Dubwool|par
|
|-weather|Sandstorm|[upkeep]
|-damage|p1a: Charizard|94/100|[from] Sandstorm
|-damage|p2a: Dubwool|67/100 par|[from] Sandstorm
|-heal|p2a: Dubwool|73/100 par|[from] item: Leftovers
|upkeep
|turn|11
|
|t:|1664583094
|switch|p2a: Dusclops|Dusclops, F|88/100
|-ability|p2a: Dusclops|Pressure
|move|p1a: Charizard|Flamethrower|p2a: Dusclops
|-damage|p2a: Dusclops|71/100
|-status|p2a: Dusclops|brn
|
|-weather|none
|-damage|p2a: Dusclops|65/100 brn|[from] brn
|upkeep
|turn|12
|
|t:|1664583108
|switch|p1a: Jolteon|Jolteon, M|100/100
|move|p2a: Dusclops|Toxic|p1a: Jolteon
|-status|p1a: Jolteon|tox
|
|-damage|p1a: Jolteon|95/100 tox|[from] psn
|-damage|p2a: Dusclops|59/100 brn|[from] brn
|upkeep
|turn|13
|
|t:|1664583125
|move|p1a: Jolteon|Shadow Ball|p2a: Dusclops
|-supereffective|p2a: Dusclops
|-damage|p2a: Dusclops|26/100 brn
|move|p2a: Dusclops|Rest||[still]
|-activate|p2a: Dusclops|move: Electric Terrain
|-fail|p2a: Dusclops
|
|-damage|p1a: Jolteon|83/100 tox|[from] psn
|-damage|p2a: Dusclops|20/100 brn|[from] brn
|-fieldend|move: Electric Terrain
|upkeep
|turn|14
|
|t:|1664583137
|switch|p1a: Charizard|Charizard, F, shiny|94/100
|move|p2a: Dusclops|Rest|p2a: Dusclops
|-status|p2a: Dusclops|slp|[from] move: Rest
|-heal|p2a: Dusclops|100/100 slp|[silent]
|
|upkeep
|turn|15
|
|t:|1664583149
|switch|p1a: Pincurchin|Pincurchin, F, shiny|94/100
|-fieldstart|move: Electric Terrain|[from] ability: Electric Surge|[of] p1a: Pincurchin
|cant|p2a: Dusclops|slp
|move|p2a: Dusclops|Sleep Talk|p2a: Dusclops
|move|p2a: Dusclops|Toxic|p1a: Pincurchin|[from]move: Sleep Talk
|-status|p1a: Pincurchin|tox
|
|-damage|p1a: Pincurchin|88/100 tox|[from] psn
|upkeep
|turn|16
|
|t:|1664583163
|switch|p1a: Sandaconda|Sandaconda, F, shiny|76/100 tox
|cant|p2a: Dusclops|slp
|move|p2a: Dusclops|Sleep Talk|p2a: Dusclops
|move|p2a: Dusclops|Rest||[from]move: Sleep Talk|[still]
|-fail|p2a: Dusclops
|
|-activate|p1a: Sandaconda|ability: Shed Skin
|-curestatus|p1a: Sandaconda|tox|[msg]
|upkeep
|turn|17
|
|t:|1664583176
|move|p1a: Sandaconda|Earthquake|p2a: Dusclops
|-damage|p2a: Dusclops|78/100 slp
|-curestatus|p2a: Dusclops|slp|[msg]
|move|p2a: Dusclops|Toxic|p1a: Sandaconda
|-status|p1a: Sandaconda|tox
|
|-damage|p1a: Sandaconda|70/100 tox|[from] psn
|upkeep
|turn|18
|
|t:|1664583185
|move|p1a: Sandaconda|Earthquake|p2a: Dusclops
|-damage|p2a: Dusclops|55/100
|move|p2a: Dusclops|Seismic Toss|p1a: Sandaconda
|-damage|p1a: Sandaconda|42/100 tox
|-damage|p2a: Dusclops|38/100|[from] item: Rocky Helmet|[of] p1a: Sandaconda
|
|-activate|p1a: Sandaconda|ability: Shed Skin
|-curestatus|p1a: Sandaconda|tox|[msg]
|upkeep
|turn|19
|
|t:|1664583204
|switch|p1a: Jolteon|Jolteon, M|83/100 tox
|switch|p2a: Dubwool|Dubwool, F|73/100 par
|
|-heal|p2a: Dubwool|80/100 par|[from] item: Leftovers
|-damage|p1a: Jolteon|77/100 tox|[from] psn
|upkeep
|turn|20
|
|t:|1664583214
|switch|p2a: Manectric|Manectric, F|94/100
|move|p1a: Jolteon|Hyper Voice|p2a: Manectric
|-damage|p2a: Manectric|22/100
|
|-damage|p1a: Jolteon|65/100 tox|[from] psn
|upkeep
|turn|21
|
|t:|1664583226
|switch|p1a: Gigalith|Gigalith, F, shiny|74/100
|-weather|Sandstorm|[from] ability: Sand Stream|[of] p1a: Gigalith
|move|p2a: Manectric|Switcheroo|p1a: Gigalith
|-activate|p2a: Manectric|move: Trick|[of] p1a: Gigalith
|-item|p1a: Gigalith|Choice Scarf|[from] move: Switcheroo
|-item|p2a: Manectric|Leftovers|[from] move: Switcheroo
|
|-weather|Sandstorm|[upkeep]
|-damage|p2a: Manectric|16/100|[from] Sandstorm
|-heal|p2a: Manectric|22/100|[from] item: Leftovers
|upkeep
|turn|22
|
|t:|1664583238
|switch|p2a: Dubwool|Dubwool, F|80/100 par
|move|p1a: Gigalith|Earthquake|p2a: Dubwool
|-damage|p2a: Dubwool|55/100 par
|
|-weather|Sandstorm|[upkeep]
|-damage|p2a: Dubwool|49/100 par|[from] Sandstorm
|-heal|p2a: Dubwool|55/100 par|[from] item: Leftovers
|-fieldend|move: Electric Terrain
|upkeep
|turn|23
|
|t:|1664583252
|switch|p1a: Sandaconda|Sandaconda, F, shiny|42/100
|move|p2a: Dubwool|Body Press|p1a: Sandaconda
|-damage|p1a: Sandaconda|24/100
|-damage|p2a: Dubwool|39/100 par|[from] item: Rocky Helmet|[of] p1a: Sandaconda
|
|-weather|Sandstorm|[upkeep]
|-damage|p2a: Dubwool|33/100 par|[from] Sandstorm
|-heal|p2a: Dubwool|39/100 par|[from] item: Leftovers
|upkeep
|turn|24
|
|t:|1664583263
|move|p1a: Sandaconda|Rest|p1a: Sandaconda
|-status|p1a: Sandaconda|slp|[from] move: Rest
|-heal|p1a: Sandaconda|100/100 slp|[silent]
|move|p2a: Dubwool|Cotton Guard|p2a: Dubwool
|-boost|p2a: Dubwool|def|3
|
|-weather|Sandstorm|[upkeep]
|-damage|p2a: Dubwool|33/100 par|[from] Sandstorm
|-heal|p2a: Dubwool|39/100 par|[from] item: Leftovers
|upkeep
|turn|25
|
|t:|1664583277
|switch|p1a: Charizard|Charizard, F, shiny|94/100
|move|p2a: Dubwool|Body Press|p1a: Charizard
|-resisted|p1a: Charizard
|-damage|p1a: Charizard|57/100
|
|-weather|none
|-heal|p2a: Dubwool|45/100 par|[from] item: Leftovers
|upkeep
|turn|26
|
|t:|1664583290
|switch|p2a: Dusclops|Dusclops, F|38/100
|-ability|p2a: Dusclops|Pressure
|move|p1a: Charizard|Flamethrower|p2a: Dusclops
|-damage|p2a: Dusclops|20/100
|
|upkeep
|turn|27
|
|t:|1664583301
|move|p1a: Charizard|Flamethrower|p2a: Dusclops
|-damage|p2a: Dusclops|3/100
|move|p2a: Dusclops|Seismic Toss|p1a: Charizard
|-damage|p1a: Charizard|29/100
|
|upkeep
|turn|28
|
|t:|1664583305
|move|p1a: Charizard|Flamethrower|p2a: Dusclops
|-damage|p2a: Dusclops|0 fnt
|faint|p2a: Dusclops
|
|upkeep
|
|t:|1664583314
|switch|p2a: Manectric|Manectric, F|22/100
|turn|29
|
|t:|1664583319
|switch|p1a: Gigalith|Gigalith, F, shiny|74/100
|-weather|Sandstorm|[from] ability: Sand Stream|[of] p1a: Gigalith
|move|p2a: Manectric|Overheat|p1a: Gigalith
|-resisted|p1a: Gigalith
|-damage|p1a: Gigalith|64/100
|-unboost|p2a: Manectric|spa|2
|
|-weather|Sandstorm|[upkeep]
|-damage|p2a: Manectric|16/100|[from] Sandstorm
|-heal|p2a: Manectric|22/100|[from] item: Leftovers
|upkeep
|turn|30
|
|t:|1664583329
|move|p2a: Manectric|Volt Switch|p1a: Gigalith
|-damage|p1a: Gigalith|56/100
|
|t:|1664583335
|switch|p2a: Dubwool|Dubwool, F|45/100 par|[from]move: Volt Switch
|move|p1a: Gigalith|Rock Blast|p2a: Dubwool
|-damage|p2a: Dubwool|36/100 par
|-damage|p2a: Dubwool|27/100 par
|-damage|p2a: Dubwool|18/100 par
|-hitcount|p2a: Dubwool|3
|
|-weather|Sandstorm|[upkeep]
|-damage|p2a: Dubwool|11/100 par|[from] Sandstorm
|-heal|p2a: Dubwool|18/100 par|[from] item: Leftovers
|upkeep
|turn|31
|
|t:|1664583349
|switch|p1a: Charizard|Charizard, F, shiny|29/100
|move|p2a: Dubwool|Body Press|p1a: Charizard
|-resisted|p1a: Charizard
|-damage|p1a: Charizard|16/100
|
|-weather|Sandstorm|[upkeep]
|-damage|p1a: Charizard|9/100|[from] Sandstorm
|-damage|p2a: Dubwool|11/100 par|[from] Sandstorm
|-heal|p2a: Dubwool|18/100 par|[from] item: Leftovers
|upkeep
|turn|32
|
|t:|1664583361
|switch|p2a: Crustle|Crustle, F|100/100
|move|p1a: Charizard|Roost|p1a: Charizard
|-heal|p1a: Charizard|60/100
|-singleturn|p1a: Charizard|move: Roost
|
|-weather|Sandstorm|[upkeep]
|-damage|p1a: Charizard|53/100|[from] Sandstorm
|upkeep
|turn|33
|
|t:|1664583378
|switch|p1a: Sandaconda|Sandaconda, F, shiny|100/100 slp
|move|p2a: Crustle|Stone Edge|p1a: Sandaconda|[miss]
|-miss|p2a: Crustle|p1a: Sandaconda
|
|-weather|none
|upkeep
|turn|34
|
|t:|1664583383
|cant|p1a: Sandaconda|slp
|move|p2a: Crustle|Stealth Rock|p1a: Sandaconda
|-sidestart|p1: acluh1|move: Stealth Rock
|
|-activate|p1a: Sandaconda|ability: Shed Skin
|-curestatus|p1a: Sandaconda|slp|[msg]
|upkeep
|turn|35
|
|t:|1664583393
|switch|p2a: Dubwool|Dubwool, F|18/100 par
|move|p1a: Sandaconda|Glare|p2a: Dubwool
|-fail|p2a: Dubwool|par
|
|-heal|p2a: Dubwool|24/100 par|[from] item: Leftovers
|upkeep
|turn|36
|
|t:|1664583398
|move|p1a: Sandaconda|Earthquake|p2a: Dubwool
|-damage|p2a: Dubwool|0 fnt
|faint|p2a: Dubwool
|
|upkeep
|
|t:|1664583407
|switch|p2a: Hitmonchan|Hitmonchan, M|88/100
|turn|37
|
|t:|1664583411
|move|p1a: Sandaconda|Glare|p2a: Hitmonchan
|-status|p2a: Hitmonchan|par
|move|p2a: Hitmonchan|Toxic|p1a: Sandaconda
|-status|p1a: Sandaconda|tox
|
|-activate|p1a: Sandaconda|ability: Shed Skin
|-curestatus|p1a: Sandaconda|tox|[msg]
|upkeep
|turn|38
|
|t:|1664583414
|move|p1a: Sandaconda|Earthquake|p2a: Hitmonchan
|-damage|p2a: Hitmonchan|53/100 par
|cant|p2a: Hitmonchan|par
|
|upkeep
|turn|39
|
|t:|1664583419
|move|p1a: Sandaconda|Earthquake|p2a: Hitmonchan
|-damage|p2a: Hitmonchan|19/100 par
|move|p2a: Hitmonchan|Toxic|p1a: Sandaconda
|-status|p1a: Sandaconda|tox
|
|-damage|p1a: Sandaconda|94/100 tox|[from] psn
|upkeep
|turn|40
|
|t:|1664583423
|move|p2a: Hitmonchan|Mach Punch|p1a: Sandaconda
|-damage|p1a: Sandaconda|83/100 tox
|-damage|p2a: Hitmonchan|3/100 par|[from] item: Rocky Helmet|[of] p1a: Sandaconda
|move|p1a: Sandaconda|Earthquake|p2a: Hitmonchan
|-damage|p2a: Hitmonchan|0 fnt
|faint|p2a: Hitmonchan
|
|-damage|p1a: Sandaconda|71/100 tox|[from] psn
|upkeep
|
|t:|1664583446
|switch|p2a: Manectric|Manectric, F|22/100
|turn|41
|
|t:|1664583449
|switch|p1a: Gigalith|Gigalith, F, shiny|56/100
|-damage|p1a: Gigalith|43/100|[from] Stealth Rock
|-weather|Sandstorm|[from] ability: Sand Stream|[of] p1a: Gigalith
|move|p2a: Manectric|Overheat|p1a: Gigalith
|-resisted|p1a: Gigalith
|-damage|p1a: Gigalith|33/100
|-unboost|p2a: Manectric|spa|2
|
|-weather|Sandstorm|[upkeep]
|-damage|p2a: Manectric|16/100|[from] Sandstorm
|-heal|p2a: Manectric|22/100|[from] item: Leftovers
|upkeep
|turn|42
|
|t:|1664583453
|move|p2a: Manectric|Volt Switch|p1a: Gigalith
|-damage|p1a: Gigalith|25/100
|
|t:|1664583457
|switch|p2a: Crustle|Crustle, F|100/100|[from]move: Volt Switch
|move|p1a: Gigalith|Rock Blast|p2a: Crustle
|-supereffective|p2a: Crustle
|-damage|p2a: Crustle|84/100
|-supereffective|p2a: Crustle
|-crit|p2a: Crustle
|-damage|p2a: Crustle|56/100
|-supereffective|p2a: Crustle
|-damage|p2a: Crustle|37/100
|-supereffective|p2a: Crustle
|-damage|p2a: Crustle|19/100
|-supereffective|p2a: Crustle
|-damage|p2a: Crustle|1/100
|-hitcount|p2a: Crustle|5
|
|-weather|Sandstorm|[upkeep]
|upkeep
|turn|43
|
|t:|1664583471
|move|p2a: Crustle|Earthquake|p1a: Gigalith
|-supereffective|p1a: Gigalith
|-damage|p1a: Gigalith|0 fnt
|faint|p1a: Gigalith
|
|-weather|Sandstorm|[upkeep]
|upkeep
|
|t:|1664583475
|switch|p1a: Charizard|Charizard, F, shiny|53/100
|turn|44
|
|t:|1664583480
|move|p1a: Charizard|Flamethrower|p2a: Crustle
|-damage|p2a: Crustle|0 fnt
|faint|p2a: Crustle
|
|-weather|Sandstorm|[upkeep]
|-damage|p1a: Charizard|47/100|[from] Sandstorm
|upkeep
|
|t:|1664583484
|switch|p2a: Salandit|Salandit, F|100/100
|turn|45
|
|t:|1664583487
|switch|p1a: Sandaconda|Sandaconda, F, shiny|71/100 tox
|-damage|p1a: Sandaconda|65/100 tox|[from] Stealth Rock
|move|p2a: Salandit|Toxic|p1a: Sandaconda
|-fail|p1a: Sandaconda|tox
|
|-weather|none
|-activate|p1a: Sandaconda|ability: Shed Skin
|-curestatus|p1a: Sandaconda|tox|[msg]
|upkeep
|turn|46
|
|t:|1664583492
|move|p2a: Salandit|Flamethrower|p1a: Sandaconda
|-crit|p1a: Sandaconda
|-damage|p1a: Sandaconda|2/100
|move|p1a: Sandaconda|Earthquake|p2a: Salandit
|-supereffective|p2a: Salandit
|-damage|p2a: Salandit|0 fnt
|faint|p2a: Salandit
|
|upkeep
|
|t:|1664583496
|switch|p2a: Manectric|Manectric, F|22/100
|turn|47
|
|t:|1664583500
|move|p2a: Manectric|Overheat|p1a: Sandaconda
|-damage|p1a: Sandaconda|0 fnt
|-unboost|p2a: Manectric|spa|2
|faint|p1a: Sandaconda
|
|-heal|p2a: Manectric|28/100|[from] item: Leftovers
|upkeep
|
|t:|1664583503
|switch|p1a: Jolteon|Jolteon, M|65/100 tox
|-damage|p1a: Jolteon|53/100 tox|[from] Stealth Rock
|turn|48
|
|t:|1664583507
|move|p1a: Jolteon|Hyper Voice|p2a: Manectric
|-damage|p2a: Manectric|0 fnt
|faint|p2a: Manectric
|
|win|acluh1
|c|☆acluh1|gg
|c|☆Flopfish|Gg
