|j|☆DOOR MONEY
|j|☆pattek
|inactive|Battle timer is ON: inactive players will automatically lose when time's up.
|t:|1648859791
|gametype|singles
|player|p1|DOOR MONEY|169|
|player|p2|pattek|lucas|
|teamsize|p1|6
|teamsize|p2|6
|gen|8
|tier|[Gen 8] PU
|rated|Tournament battle
|rule|Sleep Clause Mod: Limit one foe put to sleep
|rule|Species Clause: Limit one of each Pokémon
|rule|OHKO Clause: OHKO moves are banned
|rule|Evasion Moves Clause: Evasion moves are banned
|rule|Endless Battle Clause: Forcing endless battles is banned
|rule|HP Percentage Mod: HP is shown in percentages
|rule|Dynamax Clause: You cannot dynamax
|clearpoke
|poke|p1|Centiskorch, F|
|poke|p1|Articuno-Galar|
|poke|p1|Scrafty, F|
|poke|p1|Lanturn, M|
|poke|p1|Palossand, M|
|poke|p1|Dugtrio-Alola, F|
|poke|p2|Silvally-*|
|poke|p2|Jellicent, F|
|poke|p2|Sandaconda, M|
|poke|p2|Aggron, M|
|poke|p2|Archeops, M|
|poke|p2|Clefairy, M|
|teampreview
|j|*Lady Monita ✿
|inactive|DOOR MONEY also wants the timer to be on.
|c|☆DOOR MONEY|hf.
|c|☆pattek|u2
|inactive|DOOR MONEY has 120 seconds left.
|inactive|pattek has 120 seconds left.
|l|☆pattek
|inactive|pattek disconnected and has a minute to reconnect!
|player|p2|
|l|☆DOOR MONEY
|inactive|DOOR MONEY disconnected and has a minute to reconnect!
|player|p1|
|j|☆pattek
|inactive|pattek reconnected and has 110 seconds left.
|player|p2|pattek|lucas
|j|☆DOOR MONEY
|inactive|DOOR MONEY reconnected and has 105 seconds left.
|player|p1|DOOR MONEY|169
|inactive|DOOR MONEY has 90 seconds left.
|
|t:|1648859854
|start
|switch|p1a: Palossand|Palossand, M|100/100
|switch|p2a: Sandaconda|Sandaconda, M|100/100
|turn|1
|
|t:|1648859858
|move|p2a: Sandaconda|Stealth Rock|p1a: Palossand
|-sidestart|p1: DOOR MONEY|move: Stealth Rock
|move|p1a: Palossand|Stealth Rock|p2a: Sandaconda
|-sidestart|p2: pattek|move: Stealth Rock
|
|upkeep
|turn|2
|
|t:|1648859862
|switch|p2a: Clefairy|Clefairy, M|100/100
|move|p1a: Palossand|Scorching Sands|p2a: Clefairy
|-damage|p2a: Clefairy|85/100
|
|upkeep
|turn|3
|
|t:|1648859877
|switch|p1a: Articuno|Articuno-Galar|100/100
|move|p2a: Clefairy|Teleport|p2a: Clefairy
|
|t:|1648859892
|switch|p2a: Aggron|Aggron, M|100/100|[from]move: Teleport
|-damage|p2a: Aggron|94/100|[from] Stealth Rock
|
|upkeep
|turn|4
|
|t:|1648859898
|move|p1a: Articuno|U-turn|p2a: Aggron
|-resisted|p2a: Aggron
|-damage|p2a: Aggron|91/100
|
|t:|1648859899
|switch|p1a: Palossand|Palossand, M|100/100|[from]move: U-turn
|-damage|p1a: Palossand|94/100|[from] Stealth Rock
|move|p2a: Aggron|Head Smash|p1a: Palossand
|-resisted|p1a: Palossand
|-damage|p1a: Palossand|58/100
|-damage|p2a: Aggron|74/100|[from] item: Rocky Helmet|[of] p1a: Palossand
|
|upkeep
|turn|5
|
|t:|1648859903
|switch|p2a: Jellicent|Jellicent, F|100/100
|-damage|p2a: Jellicent|88/100|[from] Stealth Rock
|move|p1a: Palossand|Shore Up|p1a: Palossand
|-heal|p1a: Palossand|100/100
|
|upkeep
|turn|6
|
|t:|1648859906
|switch|p1a: Lanturn|Lanturn, M|100/100
|-damage|p1a: Lanturn|88/100|[from] Stealth Rock
|move|p2a: Jellicent|Water Spout|p1a: Lanturn
|-heal|p1a: Lanturn|100/100|[from] ability: Water Absorb|[of] p2a: Jellicent
|
|upkeep
|turn|7
|
|t:|1648859921
|switch|p2a: Sandaconda|Sandaconda, M|100/100
|-damage|p2a: Sandaconda|94/100|[from] Stealth Rock
|move|p1a: Lanturn|Scald|p2a: Sandaconda
|-supereffective|p2a: Sandaconda
|-damage|p2a: Sandaconda|39/100
|
|upkeep
|turn|8
|
|t:|1648859930
|switch|p1a: Articuno|Articuno-Galar|100/100
|switch|p2a: Clefairy|Clefairy, M|85/100
|
|upkeep
|turn|9
|
|t:|1648859948
|move|p1a: Articuno|Future Sight|p2a: Clefairy
|-start|p1a: Articuno|move: Future Sight
|move|p2a: Clefairy|Teleport|p2a: Clefairy
|
|t:|1648859951
|switch|p2a: Archeops|Archeops, M|100/100|[from]move: Teleport
|
|upkeep
|turn|10
|
|t:|1648859955
|switch|p1a: Palossand|Palossand, M|100/100
|-damage|p1a: Palossand|94/100|[from] Stealth Rock
|move|p2a: Archeops|U-turn|p1a: Palossand
|-resisted|p1a: Palossand
|-damage|p1a: Palossand|87/100
|-damage|p2a: Archeops|84/100|[from] item: Rocky Helmet|[of] p1a: Palossand
|
|t:|1648859958
|switch|p2a: Clefairy|Clefairy, M|85/100|[from]move: U-turn
|
|upkeep
|turn|11
|
|t:|1648859963
|switch|p1a: Dugtrio|Dugtrio-Alola, F|100/100
|-damage|p1a: Dugtrio|98/100|[from] Stealth Rock
|move|p2a: Clefairy|Moonblast|p1a: Dugtrio
|-resisted|p1a: Dugtrio
|-damage|p1a: Dugtrio|74/100
|
|-end|p2a: Clefairy|move: Future Sight
|-damage|p2a: Clefairy|47/100
|upkeep
|turn|12
|
|t:|1648859975
|switch|p2a: Archeops|Archeops, M|84/100
|move|p1a: Dugtrio|Earthquake|p2a: Archeops
|-immune|p2a: Archeops
|
|upkeep
|turn|13
|
|t:|1648859981
|switch|p1a: Palossand|Palossand, M|87/100
|-damage|p1a: Palossand|80/100|[from] Stealth Rock
|move|p2a: Archeops|Earthquake|p1a: Palossand
|-damage|p1a: Palossand|56/100
|
|upkeep
|turn|14
|
|t:|1648859985
|switch|p2a: Clefairy|Clefairy, M|47/100
|move|p1a: Palossand|Shore Up|p1a: Palossand
|-heal|p1a: Palossand|100/100
|
|upkeep
|turn|15
|
|t:|1648859990
|switch|p1a: Dugtrio|Dugtrio-Alola, F|74/100
|-damage|p1a: Dugtrio|71/100|[from] Stealth Rock
|move|p2a: Clefairy|Moonlight|p2a: Clefairy
|-heal|p2a: Clefairy|97/100
|
|upkeep
|turn|16
|
|t:|1648859995
|switch|p2a: Jellicent|Jellicent, F|88/100
|-damage|p2a: Jellicent|76/100|[from] Stealth Rock
|move|p1a: Dugtrio|Iron Head|p2a: Jellicent
|-resisted|p2a: Jellicent
|-damage|p2a: Jellicent|40/100
|
|upkeep
|turn|17
|
|t:|1648860013
|switch|p1a: Lanturn|Lanturn, M|100/100
|-damage|p1a: Lanturn|88/100|[from] Stealth Rock
|move|p2a: Jellicent|Shadow Ball|p1a: Lanturn
|-crit|p1a: Lanturn
|-damage|p1a: Lanturn|34/100
|
|-heal|p1a: Lanturn|40/100|[from] item: Leftovers
|upkeep
|turn|18
|
|t:|1648860018
|move|p2a: Jellicent|Shadow Ball|p1a: Lanturn
|-damage|p1a: Lanturn|0 fnt
|faint|p1a: Lanturn
|
|upkeep
|
|t:|1648860029
|switch|p1a: Scrafty|Scrafty, F|100/100
|-damage|p1a: Scrafty|95/100|[from] Stealth Rock
|turn|19
|inactive|pattek has 120 seconds left.
|
|t:|1648860062
|switch|p2a: Sandaconda|Sandaconda, M|39/100
|-damage|p2a: Sandaconda|33/100|[from] Stealth Rock
|move|p1a: Scrafty|Knock Off|p2a: Sandaconda
|-damage|p2a: Sandaconda|14/100
|-damage|p1a: Scrafty|78/100|[from] item: Rocky Helmet|[of] p2a: Sandaconda
|-enditem|p2a: Sandaconda|Rocky Helmet|[from] move: Knock Off|[of] p1a: Scrafty
|
|-heal|p1a: Scrafty|84/100|[from] item: Leftovers
|upkeep
|turn|20
|
|t:|1648860068
|switch|p1a: Articuno|Articuno-Galar|100/100
|move|p2a: Sandaconda|Rest|p2a: Sandaconda
|-status|p2a: Sandaconda|slp|[from] move: Rest
|-heal|p2a: Sandaconda|100/100 slp|[silent]
|
|upkeep
|turn|21
|
|t:|1648860079
|switch|p2a: Aggron|Aggron, M|74/100
|-damage|p2a: Aggron|68/100|[from] Stealth Rock
|move|p1a: Articuno|Future Sight|p2a: Aggron
|-start|p1a: Articuno|move: Future Sight
|
|upkeep
|turn|22
|
|t:|1648860086
|move|p1a: Articuno|U-turn|p2a: Aggron
|-resisted|p2a: Aggron
|-damage|p2a: Aggron|64/100
|inactive|DOOR MONEY has 120 seconds left.
|
|t:|1648860143
|switch|p1a: Palossand|Palossand, M|100/100|[from]move: U-turn
|-damage|p1a: Palossand|94/100|[from] Stealth Rock
|move|p2a: Aggron|Earthquake|p1a: Palossand
|-damage|p1a: Palossand|64/100
|
|upkeep
|turn|23
|
|t:|1648860152
|switch|p2a: Clefairy|Clefairy, M|97/100
|switch|p1a: Dugtrio|Dugtrio-Alola, F|71/100
|-damage|p1a: Dugtrio|68/100|[from] Stealth Rock
|
|-end|p2a: Clefairy|move: Future Sight
|-damage|p2a: Clefairy|62/100
|upkeep
|turn|24
|
|t:|1648860158
|switch|p2a: Sandaconda|Sandaconda, M|100/100 slp
|-damage|p2a: Sandaconda|94/100 slp|[from] Stealth Rock
|move|p1a: Dugtrio|Iron Head|p2a: Sandaconda
|-damage|p2a: Sandaconda|61/100 slp
|
|upkeep
|turn|25
|
|t:|1648860161
|move|p1a: Dugtrio|Iron Head|p2a: Sandaconda
|-damage|p2a: Sandaconda|29/100 slp
|cant|p2a: Sandaconda|slp
|
|upkeep
|turn|26
|
|t:|1648860182
|move|p1a: Dugtrio|Iron Head|p2a: Sandaconda
|-damage|p2a: Sandaconda|0 fnt
|faint|p2a: Sandaconda
|
|upkeep
|
|t:|1648860183
|switch|p2a: Silvally|Silvally-Poison|100/100
|-damage|p2a: Silvally|88/100|[from] Stealth Rock
|turn|27
|inactive|DOOR MONEY has 120 seconds left.
|
|t:|1648860212
|switch|p1a: Palossand|Palossand, M|64/100
|-damage|p1a: Palossand|58/100|[from] Stealth Rock
|move|p2a: Silvally|U-turn|p1a: Palossand
|-resisted|p1a: Palossand
|-damage|p1a: Palossand|53/100
|-damage|p2a: Silvally|72/100|[from] item: Rocky Helmet|[of] p1a: Palossand
|
|t:|1648860216
|switch|p2a: Jellicent|Jellicent, F|40/100|[from]move: U-turn
|-damage|p2a: Jellicent|27/100|[from] Stealth Rock
|
|upkeep
|turn|28
|
|t:|1648860223
|switch|p1a: Articuno|Articuno-Galar|100/100
|move|p2a: Jellicent|Surf|p1a: Articuno
|-damage|p1a: Articuno|37/100
|
|upkeep
|turn|29
|
|t:|1648860234
|switch|p2a: Aggron|Aggron, M|64/100
|-damage|p2a: Aggron|58/100|[from] Stealth Rock
|move|p1a: Articuno|Hurricane|p2a: Aggron
|-resisted|p2a: Aggron
|-damage|p2a: Aggron|32/100
|
|upkeep
|turn|30
|
|t:|1648860255
|move|p1a: Articuno|Future Sight|p2a: Aggron
|-start|p1a: Articuno|move: Future Sight
|move|p2a: Aggron|Head Smash|p1a: Articuno
|-supereffective|p1a: Articuno
|-damage|p1a: Articuno|0 fnt
|faint|p1a: Articuno
|
|upkeep
|
|t:|1648860257
|switch|p1a: Dugtrio|Dugtrio-Alola, F|68/100
|-damage|p1a: Dugtrio|65/100|[from] Stealth Rock
|turn|31
|
|t:|1648860264
|move|p1a: Dugtrio|Iron Head|p2a: Aggron
|-damage|p2a: Aggron|0 fnt
|faint|p2a: Aggron
|
|upkeep
|
|t:|1648860271
|switch|p2a: Archeops|Archeops, M|84/100
|turn|32
|
|t:|1648860285
|move|p2a: Archeops|U-turn|p1a: Dugtrio
|-resisted|p1a: Dugtrio
|-damage|p1a: Dugtrio|35/100
|-ability|p1a: Dugtrio|Tangling Hair
|-unboost|p2a: Archeops|spe|1
|
|t:|1648860298
|switch|p2a: Jellicent|Jellicent, F|27/100|[from]move: U-turn
|-damage|p2a: Jellicent|15/100|[from] Stealth Rock
|move|p1a: Dugtrio|Iron Head|p2a: Jellicent
|-resisted|p2a: Jellicent
|-damage|p2a: Jellicent|0 fnt
|faint|p2a: Jellicent
|
|-hint|Future Sight did not hit because the target is fainted.
|upkeep
|
|t:|1648860300
|switch|p2a: Archeops|Archeops, M|84/100
|turn|33
|
|t:|1648860307
|switch|p1a: Scrafty|Scrafty, F|84/100
|-damage|p1a: Scrafty|78/100|[from] Stealth Rock
|move|p2a: Archeops|U-turn|p1a: Scrafty
|-damage|p1a: Scrafty|54/100
|
|t:|1648860310
|switch|p2a: Clefairy|Clefairy, M|62/100|[from]move: U-turn
|
|-heal|p1a: Scrafty|60/100|[from] item: Leftovers
|upkeep
|turn|34
|
|t:|1648860319
|switch|p1a: Centiskorch|Centiskorch, F|100/100
|move|p2a: Clefairy|Teleport|p2a: Clefairy
|
|t:|1648860321
|switch|p2a: Archeops|Archeops, M|84/100|[from]move: Teleport
|
|upkeep
|turn|35
|
|t:|1648860324
|switch|p1a: Palossand|Palossand, M|53/100
|-damage|p1a: Palossand|47/100|[from] Stealth Rock
|move|p2a: Archeops|Stone Edge|p1a: Palossand
|-resisted|p1a: Palossand
|-damage|p1a: Palossand|30/100
|
|upkeep
|turn|36
|
|t:|1648860328
|move|p2a: Archeops|Earthquake|p1a: Palossand
|-damage|p1a: Palossand|8/100
|move|p1a: Palossand|Shore Up|p1a: Palossand
|-heal|p1a: Palossand|58/100
|
|upkeep
|turn|37
|inactive|DOOR MONEY has 120 seconds left.
|
|t:|1648860359
|switch|p2a: Clefairy|Clefairy, M|62/100
|move|p1a: Palossand|Shore Up|p1a: Palossand
|-heal|p1a: Palossand|100/100
|
|upkeep
|turn|38
|
|t:|1648860366
|switch|p1a: Centiskorch|Centiskorch, F|100/100
|move|p2a: Clefairy|Teleport|p2a: Clefairy
|
|t:|1648860367
|switch|p2a: Archeops|Archeops, M|84/100|[from]move: Teleport
|
|upkeep
|turn|39
|inactive|DOOR MONEY has 120 seconds left.
|
|t:|1648860405
|switch|p1a: Palossand|Palossand, M|100/100
|-damage|p1a: Palossand|94/100|[from] Stealth Rock
|move|p2a: Archeops|Stone Edge|p1a: Palossand
|-resisted|p1a: Palossand
|-crit|p1a: Palossand
|-damage|p1a: Palossand|69/100
|
|upkeep
|turn|40
|
|t:|1648860409
|switch|p2a: Clefairy|Clefairy, M|62/100
|move|p1a: Palossand|Shore Up|p1a: Palossand
|-heal|p1a: Palossand|100/100
|
|upkeep
|turn|41
|inactive|DOOR MONEY has 120 seconds left.
|
|t:|1648860426
|switch|p1a: Centiskorch|Centiskorch, F|100/100
|move|p2a: Clefairy|Teleport|p2a: Clefairy
|
|t:|1648860428
|switch|p2a: Archeops|Archeops, M|84/100|[from]move: Teleport
|
|upkeep
|turn|42
|
|t:|1648860431
|switch|p1a: Palossand|Palossand, M|100/100
|-damage|p1a: Palossand|94/100|[from] Stealth Rock
|move|p2a: Archeops|Earthquake|p1a: Palossand
|-damage|p1a: Palossand|70/100
|
|upkeep
|turn|43
|
|t:|1648860436
|switch|p2a: Clefairy|Clefairy, M|62/100
|move|p1a: Palossand|Shore Up|p1a: Palossand
|-heal|p1a: Palossand|100/100
|
|upkeep
|turn|44
|
|t:|1648860439
|move|p1a: Palossand|Shadow Ball|p2a: Clefairy
|-damage|p2a: Clefairy|46/100
|move|p2a: Clefairy|Teleport|p2a: Clefairy
|
|t:|1648860442
|switch|p2a: Archeops|Archeops, M|84/100|[from]move: Teleport
|
|upkeep
|turn|45
|
|t:|1648860471
|switch|p2a: Clefairy|Clefairy, M|46/100
|move|p1a: Palossand|Shadow Ball|p2a: Clefairy
|-damage|p2a: Clefairy|28/100
|
|upkeep
|turn|46
|
|t:|1648860473
|switch|p1a: Centiskorch|Centiskorch, F|100/100
|move|p2a: Clefairy|Moonlight|p2a: Clefairy
|-heal|p2a: Clefairy|78/100
|
|upkeep
|turn|47
|
|t:|1648860481
|switch|p2a: Silvally|Silvally-Poison|72/100
|-damage|p2a: Silvally|59/100|[from] Stealth Rock
|move|p1a: Centiskorch|Knock Off|p2a: Silvally
|-damage|p2a: Silvally|44/100
|
|upkeep
|turn|48
|
|t:|1648860491
|switch|p2a: Clefairy|Clefairy, M|78/100
|move|p1a: Centiskorch|Fire Lash|p2a: Clefairy
|-damage|p2a: Clefairy|35/100
|-unboost|p2a: Clefairy|def|1
|
|upkeep
|turn|49
|
|t:|1648860495
|switch|p2a: Archeops|Archeops, M|84/100
|move|p1a: Centiskorch|Knock Off|p2a: Archeops
|-damage|p2a: Archeops|38/100
|-enditem|p2a: Archeops|Heavy-Duty Boots|[from] move: Knock Off|[of] p1a: Centiskorch
|
|upkeep
|turn|50
|-message|pattek forfeited.
|
|win|DOOR MONEY
|n|*Lady Monita ✿|ladymonita
|n|☆pattek|pattek
|n|☆DOOR MONEY|doormoney
|l|*Lady Monita ✿
|l|☆pattek
