|j|☆JCMShadow
|j|☆wesh papillon
|inactive|Battle timer is ON: inactive players will automatically lose when time's up.
|t:|1623011917
|gametype|singles
|player|p1|JCMShadow|ingo|
|player|p2|wesh papillon|hilbert|
|teamsize|p1|6
|teamsize|p2|6
|gen|8
|tier|[Gen 8] PU
|rated|Tournament battle
|rule|Sleep Clause Mod: Limit one foe put to sleep
|rule|Species Clause: Limit one of each Pokémon
|rule|OHKO Clause: OHKO moves are banned
|rule|Evasion Moves Clause: Evasion moves are banned
|rule|Endless Battle Clause: Forcing endless battles is banned
|rule|HP Percentage Mod: HP is shown in percentages
|rule|Dynamax Clause: You cannot dynamax
|clearpoke
|poke|p1|Scrafty, M|
|poke|p1|Lanturn, F|
|poke|p1|Sandaconda, M|
|poke|p1|Tsareena, F|
|poke|p1|Charizard, F|
|poke|p1|Ribombee, F|
|poke|p2|Cofagrigus, F|
|poke|p2|Aromatisse, M|
|poke|p2|Gigalith, F|
|poke|p2|Charizard, M|
|poke|p2|Toxicroak, M|
|poke|p2|Exeggutor-Alola, M|
|teampreview
|j|*Lady Monita
|j| Justblamehax
|j| chompstomptest
|j| TerminatorWW
|j| kale&spinach
|j| GeoJumper0001
|j| axelraid
|c|☆wesh papillon|gl hf
|l| kale&spinach
|c|☆JCMShadow|u2
|j| ihavebestsandteam
|
|t:|1623011938
|start
|switch|p1a: Sandaconda|Sandaconda, M|100/100
|switch|p2a: Exeggutor|Exeggutor-Alola, M|100/100
|-item|p1a: Sandaconda|Rocky Helmet|[from] ability: Frisk|[of] p2a: Exeggutor|[identify]
|turn|1
|j| ScottOBrian
|j| Mikirae
|l| chompstomptest
|j| DrewCareysFeet
|
|t:|1623011961
|switch|p1a: Ribombee|Ribombee, F|100/100
|move|p2a: Exeggutor|Draco Meteor|p1a: Ribombee
|-immune|p1a: Ribombee
|
|upkeep
|turn|2
|
|t:|1623011976
|switch|p1a: Lanturn|Lanturn, F|100/100
|switch|p2a: Gigalith|Gigalith, F|100/100
|-weather|Sandstorm|[from] ability: Sand Stream|[of] p2a: Gigalith
|
|-weather|Sandstorm|[upkeep]
|-damage|p1a: Lanturn|94/100|[from] Sandstorm
|-heal|p1a: Lanturn|100/100|[from] item: Leftovers
|upkeep
|turn|3
|
|t:|1623011991
|switch|p2a: Exeggutor|Exeggutor-Alola, M|100/100
|-item|p1a: Lanturn|Leftovers|[from] ability: Frisk|[of] p2a: Exeggutor|[identify]
|move|p1a: Lanturn|Volt Switch|p2a: Exeggutor
|-resisted|p2a: Exeggutor
|-damage|p2a: Exeggutor|94/100
|j| Funky8787
|inactive|JCMShadow has 120 seconds left.
|c|☆wesh papillon|brb
|
|t:|1623012016
|switch|p1a: Tsareena|Tsareena, F|100/100|[from]move: Volt Switch
|
|-weather|Sandstorm|[upkeep]
|-damage|p1a: Tsareena|95/100|[from] Sandstorm
|-damage|p2a: Exeggutor|88/100|[from] Sandstorm
|upkeep
|turn|4
|j|+T3ch Thieves
|c|+T3ch Thieves|john papillon
|inactive|wesh papillon has 120 seconds left.
|inactive|wesh papillon has 90 seconds left.
|
|t:|1623012086
|switch|p2a: Charizard|Charizard, M|100/100
|move|p1a: Tsareena|U-turn|p2a: Charizard
|-resisted|p2a: Charizard
|-damage|p2a: Charizard|94/100
|inactive|JCMShadow has 120 seconds left.
|
|t:|1623012094
|switch|p1a: Lanturn|Lanturn, F|100/100|[from]move: U-turn
|
|-weather|Sandstorm|[upkeep]
|-damage|p2a: Charizard|88/100|[from] Sandstorm
|-damage|p1a: Lanturn|94/100|[from] Sandstorm
|-heal|p1a: Lanturn|100/100|[from] item: Leftovers
|upkeep
|turn|5
|l| ihavebestsandteam
|inactive|wesh papillon has 90 seconds left.
|
|t:|1623012110
|switch|p2a: Gigalith|Gigalith, F|100/100
|move|p1a: Lanturn|Volt Switch|p2a: Gigalith
|-damage|p2a: Gigalith|91/100
|
|t:|1623012117
|switch|p1a: Scrafty|Scrafty, M|100/100|[from]move: Volt Switch
|
|-weather|Sandstorm|[upkeep]
|-damage|p1a: Scrafty|95/100|[from] Sandstorm
|-heal|p1a: Scrafty|100/100|[from] item: Leftovers
|-heal|p2a: Gigalith|97/100|[from] item: Leftovers
|upkeep
|turn|6
|j| toxya
|
|t:|1623012122
|switch|p2a: Aromatisse|Aromatisse, M|100/100
|move|p1a: Scrafty|Knock Off|p2a: Aromatisse
|-resisted|p2a: Aromatisse
|-damage|p2a: Aromatisse|89/100
|-enditem|p2a: Aromatisse|Leftovers|[from] move: Knock Off|[of] p1a: Scrafty
|
|-weather|none
|upkeep
|turn|7
|
|t:|1623012130
|switch|p1a: Charizard|Charizard, F|100/100
|switch|p2a: Gigalith|Gigalith, F|97/100
|-weather|Sandstorm|[from] ability: Sand Stream|[of] p2a: Gigalith
|
|-weather|Sandstorm|[upkeep]
|-damage|p1a: Charizard|94/100|[from] Sandstorm
|-heal|p2a: Gigalith|100/100|[from] item: Leftovers
|upkeep
|turn|8
|j| Phantomistix
|l| Phantomistix
|
|t:|1623012138
|switch|p1a: Tsareena|Tsareena, F|95/100
|move|p2a: Gigalith|Stealth Rock|p1a: Tsareena
|-sidestart|p1: JCMShadow|move: Stealth Rock
|
|-weather|Sandstorm|[upkeep]
|-damage|p1a: Tsareena|89/100|[from] Sandstorm
|upkeep
|turn|9
|
|t:|1623012145
|move|p2a: Gigalith|Protect|p2a: Gigalith
|-singleturn|p2a: Gigalith|Protect
|move|p1a: Tsareena|Knock Off|p2a: Gigalith
|-activate|p2a: Gigalith|move: Protect
|
|-weather|Sandstorm|[upkeep]
|-damage|p1a: Tsareena|83/100|[from] Sandstorm
|upkeep
|turn|10
|
|t:|1623012154
|switch|p2a: Charizard|Charizard, M|88/100
|move|p1a: Tsareena|Rapid Spin|p2a: Charizard
|-damage|p2a: Charizard|67/100
|-boost|p1a: Tsareena|spe|1
|-sideend|p1: JCMShadow|Stealth Rock|[from] move: Rapid Spin|[of] p1a: Tsareena
|
|-weather|Sandstorm|[upkeep]
|-damage|p1a: Tsareena|77/100|[from] Sandstorm
|-damage|p2a: Charizard|61/100|[from] Sandstorm
|upkeep
|turn|11
|
|t:|1623012160
|move|p1a: Tsareena|U-turn|p2a: Charizard
|-resisted|p2a: Charizard
|-damage|p2a: Charizard|54/100
|
|t:|1623012162
|switch|p1a: Lanturn|Lanturn, F|100/100|[from]move: U-turn
|move|p2a: Charizard|Roost|p2a: Charizard
|-heal|p2a: Charizard|100/100
|-singleturn|p2a: Charizard|move: Roost
|
|-weather|none
|upkeep
|turn|12
|
|t:|1623012167
|switch|p2a: Exeggutor|Exeggutor-Alola, M|88/100
|-item|p1a: Lanturn|Leftovers|[from] ability: Frisk|[of] p2a: Exeggutor|[identify]
|move|p1a: Lanturn|Volt Switch|p2a: Exeggutor
|-resisted|p2a: Exeggutor
|-damage|p2a: Exeggutor|81/100
|
|t:|1623012178
|switch|p1a: Tsareena|Tsareena, F|77/100|[from]move: Volt Switch
|
|upkeep
|turn|13
|
|t:|1623012182
|switch|p2a: Charizard|Charizard, M|100/100
|move|p1a: Tsareena|U-turn|p2a: Charizard
|-resisted|p2a: Charizard
|-damage|p2a: Charizard|94/100
|
|t:|1623012186
|switch|p1a: Lanturn|Lanturn, F|100/100|[from]move: U-turn
|
|upkeep
|turn|14
|
|t:|1623012189
|move|p2a: Charizard|Roost|p2a: Charizard
|-heal|p2a: Charizard|100/100
|-singleturn|p2a: Charizard|move: Roost
|move|p1a: Lanturn|Toxic|p2a: Charizard
|-status|p2a: Charizard|tox
|
|-damage|p2a: Charizard|94/100 tox|[from] psn
|upkeep
|turn|15
|
|t:|1623012198
|switch|p2a: Gigalith|Gigalith, F|100/100
|-weather|Sandstorm|[from] ability: Sand Stream|[of] p2a: Gigalith
|move|p1a: Lanturn|Volt Switch|p2a: Gigalith
|-damage|p2a: Gigalith|90/100
|
|t:|1623012226
|switch|p1a: Tsareena|Tsareena, F|77/100|[from]move: Volt Switch
|
|-weather|Sandstorm|[upkeep]
|-damage|p1a: Tsareena|71/100|[from] Sandstorm
|-heal|p2a: Gigalith|96/100|[from] item: Leftovers
|upkeep
|turn|16
|j| Frostpixel
|
|t:|1623012234
|move|p2a: Gigalith|Protect|p2a: Gigalith
|-singleturn|p2a: Gigalith|Protect
|move|p1a: Tsareena|Power Whip|p2a: Gigalith
|-activate|p2a: Gigalith|move: Protect
|
|-weather|Sandstorm|[upkeep]
|-damage|p1a: Tsareena|65/100|[from] Sandstorm
|-heal|p2a: Gigalith|100/100|[from] item: Leftovers
|upkeep
|turn|17
|l| Frostpixel
|
|t:|1623012242
|move|p1a: Tsareena|Power Whip|p2a: Gigalith
|-supereffective|p2a: Gigalith
|-damage|p2a: Gigalith|9/100
|move|p2a: Gigalith|Stealth Rock|p1a: Tsareena
|-sidestart|p1: JCMShadow|move: Stealth Rock
|
|-weather|Sandstorm|[upkeep]
|-damage|p1a: Tsareena|59/100|[from] Sandstorm
|-heal|p2a: Gigalith|15/100|[from] item: Leftovers
|upkeep
|turn|18
|j| ihavebestsandteam
|
|t:|1623012249
|move|p2a: Gigalith|Protect|p2a: Gigalith
|-singleturn|p2a: Gigalith|Protect
|move|p1a: Tsareena|U-turn|p2a: Gigalith
|-activate|p2a: Gigalith|move: Protect
|
|-weather|Sandstorm|[upkeep]
|-damage|p1a: Tsareena|53/100|[from] Sandstorm
|-heal|p2a: Gigalith|21/100|[from] item: Leftovers
|upkeep
|turn|19
|
|t:|1623012253
|switch|p2a: Cofagrigus|Cofagrigus, F|100/100
|move|p1a: Tsareena|Knock Off|p2a: Cofagrigus
|-supereffective|p2a: Cofagrigus
|-damage|p2a: Cofagrigus|48/100
|-activate|p2a: Cofagrigus|ability: Mummy|Queenly Majesty|[of] p1a: Tsareena
|-enditem|p2a: Cofagrigus|Leftovers|[from] move: Knock Off|[of] p1a: Tsareena
|
|-weather|none
|upkeep
|turn|20
|l| TerminatorWW
|
|t:|1623012279
|move|p1a: Tsareena|U-turn|p2a: Cofagrigus
|-resisted|p2a: Cofagrigus
|-damage|p2a: Cofagrigus|39/100
|
|t:|1623012282
|switch|p1a: Scrafty|Scrafty, M|100/100|[from]move: U-turn
|-damage|p1a: Scrafty|95/100|[from] Stealth Rock
|move|p2a: Cofagrigus|Rest|p2a: Cofagrigus
|-status|p2a: Cofagrigus|slp|[from] move: Rest
|-heal|p2a: Cofagrigus|100/100 slp|[silent]
|
|-heal|p1a: Scrafty|100/100|[from] item: Leftovers
|upkeep
|turn|21
|
|t:|1623012296
|switch|p1a: Charizard|Charizard, F|94/100
|switch|p2a: Aromatisse|Aromatisse, M|89/100
|
|upkeep
|turn|22
|
|t:|1623012302
|move|p1a: Charizard|Will-O-Wisp|p2a: Aromatisse
|-status|p2a: Aromatisse|brn
|move|p2a: Aromatisse|Wish|p2a: Aromatisse
|
|-damage|p2a: Aromatisse|83/100 brn|[from] brn
|upkeep
|turn|23
|
|t:|1623012308
|switch|p2a: Gigalith|Gigalith, F|21/100
|-weather|Sandstorm|[from] ability: Sand Stream|[of] p2a: Gigalith
|move|p1a: Charizard|Will-O-Wisp|p2a: Gigalith
|-status|p2a: Gigalith|brn
|
|-weather|Sandstorm|[upkeep]
|-damage|p1a: Charizard|88/100|[from] Sandstorm
|-heal|p2a: Gigalith|76/100 brn|[from] move: Wish|[wisher] Aromatisse
|-heal|p2a: Gigalith|82/100 brn|[from] item: Leftovers
|-damage|p2a: Gigalith|76/100 brn|[from] brn
|upkeep
|turn|24
|j| CrisTuPapito
|
|t:|1623012330
|switch|p1a: Scrafty|Scrafty, M|100/100
|-damage|p1a: Scrafty|95/100|[from] Stealth Rock
|switch|p2a: Exeggutor|Exeggutor-Alola, M|81/100
|-item|p1a: Scrafty|Leftovers|[from] ability: Frisk|[of] p2a: Exeggutor|[identify]
|
|-weather|Sandstorm|[upkeep]
|-damage|p2a: Exeggutor|75/100|[from] Sandstorm
|-damage|p1a: Scrafty|89/100|[from] Sandstorm
|-heal|p1a: Scrafty|95/100|[from] item: Leftovers
|upkeep
|turn|25
|j|+sirmrwhale
|
|t:|1623012341
|move|p2a: Exeggutor|Leaf Storm|p1a: Scrafty
|-damage|p1a: Scrafty|15/100
|-unboost|p2a: Exeggutor|spa|2
|move|p1a: Scrafty|Knock Off|p2a: Exeggutor
|-damage|p2a: Exeggutor|42/100
|-enditem|p2a: Exeggutor|Choice Specs|[from] move: Knock Off|[of] p1a: Scrafty
|
|-weather|Sandstorm|[upkeep]
|-damage|p2a: Exeggutor|36/100|[from] Sandstorm
|-damage|p1a: Scrafty|9/100|[from] Sandstorm
|-heal|p1a: Scrafty|15/100|[from] item: Leftovers
|upkeep
|turn|26
|inactive|wesh papillon has 120 seconds left.
|
|t:|1623012372
|switch|p1a: Charizard|Charizard, F|88/100
|move|p2a: Exeggutor|Giga Drain|p1a: Charizard
|-resisted|p1a: Charizard
|-damage|p1a: Charizard|82/100
|-heal|p2a: Exeggutor|39/100|[from] drain|[of] p1a: Charizard
|
|-weather|Sandstorm|[upkeep]
|-damage|p1a: Charizard|76/100|[from] Sandstorm
|-damage|p2a: Exeggutor|33/100|[from] Sandstorm
|upkeep
|turn|27
|inactive|wesh papillon has 120 seconds left.
|
|t:|1623012387
|switch|p1a: Scrafty|Scrafty, M|15/100
|-damage|p1a: Scrafty|9/100|[from] Stealth Rock
|move|p2a: Exeggutor|Draco Meteor|p1a: Scrafty|[miss]
|-miss|p2a: Exeggutor|p1a: Scrafty
|
|-weather|none
|-heal|p1a: Scrafty|15/100|[from] item: Leftovers
|upkeep
|turn|28
|
|t:|1623012399
|switch|p2a: Aromatisse|Aromatisse, M|83/100 brn
|switch|p1a: Charizard|Charizard, F|76/100
|
|-damage|p2a: Aromatisse|77/100 brn|[from] brn
|upkeep
|turn|29
|
|t:|1623012407
|move|p1a: Charizard|Hurricane|p2a: Aromatisse
|-damage|p2a: Aromatisse|27/100 brn
|move|p2a: Aromatisse|Heal Bell|p2a: Aromatisse
|-activate|p2a: Aromatisse|move: Heal Bell
|-curestatus|p2a: Aromatisse|brn|[msg]
|-curestatus|p2: Cofagrigus|slp|[msg]
|-curestatus|p2: Charizard|tox|[msg]
|-curestatus|p2: Gigalith|brn|[msg]
|
|upkeep
|turn|30
|j| 2hot2fiery
|
|t:|1623012422
|switch|p2a: Gigalith|Gigalith, F|76/100
|-weather|Sandstorm|[from] ability: Sand Stream|[of] p2a: Gigalith
|move|p1a: Charizard|Flamethrower|p2a: Gigalith
|-resisted|p2a: Gigalith
|-damage|p2a: Gigalith|65/100
|
|-weather|Sandstorm|[upkeep]
|-damage|p1a: Charizard|70/100|[from] Sandstorm
|-heal|p2a: Gigalith|71/100|[from] item: Leftovers
|upkeep
|turn|31
|
|t:|1623012428
|switch|p1a: Sandaconda|Sandaconda, M|100/100
|-damage|p1a: Sandaconda|94/100|[from] Stealth Rock
|switch|p2a: Exeggutor|Exeggutor-Alola, M|33/100
|-item|p1a: Sandaconda|Rocky Helmet|[from] ability: Frisk|[of] p2a: Exeggutor|[identify]
|
|-weather|Sandstorm|[upkeep]
|-damage|p2a: Exeggutor|26/100|[from] Sandstorm
|upkeep
|turn|32
|inactive|JCMShadow has 120 seconds left.
|
|t:|1623012460
|switch|p1a: Ribombee|Ribombee, F|100/100
|move|p2a: Exeggutor|Giga Drain|p1a: Ribombee
|-resisted|p1a: Ribombee
|-damage|p1a: Ribombee|62/100
|-heal|p2a: Exeggutor|42/100|[from] drain|[of] p1a: Ribombee
|
|-weather|Sandstorm|[upkeep]
|-damage|p1a: Ribombee|56/100|[from] Sandstorm
|-damage|p2a: Exeggutor|36/100|[from] Sandstorm
|upkeep
|turn|33
|inactive|JCMShadow has 120 seconds left.
|
|t:|1623012473
|switch|p2a: Gigalith|Gigalith, F|71/100
|move|p1a: Ribombee|Moonblast|p2a: Gigalith
|-damage|p2a: Gigalith|49/100
|
|-weather|Sandstorm|[upkeep]
|-damage|p1a: Ribombee|50/100|[from] Sandstorm
|-heal|p2a: Gigalith|56/100|[from] item: Leftovers
|upkeep
|turn|34
|
|t:|1623012478
|switch|p1a: Sandaconda|Sandaconda, M|94/100
|-damage|p1a: Sandaconda|88/100|[from] Stealth Rock
|switch|p2a: Exeggutor|Exeggutor-Alola, M|36/100
|-item|p1a: Sandaconda|Rocky Helmet|[from] ability: Frisk|[of] p2a: Exeggutor|[identify]
|
|-weather|none
|upkeep
|turn|35
|
|t:|1623012484
|switch|p1a: Ribombee|Ribombee, F|50/100
|move|p2a: Exeggutor|Draco Meteor|p1a: Ribombee
|-immune|p1a: Ribombee
|
|upkeep
|turn|36
|
|t:|1623012492
|switch|p1a: Sandaconda|Sandaconda, M|88/100
|-damage|p1a: Sandaconda|82/100|[from] Stealth Rock
|switch|p2a: Gigalith|Gigalith, F|56/100
|-weather|Sandstorm|[from] ability: Sand Stream|[of] p2a: Gigalith
|
|-weather|Sandstorm|[upkeep]
|-heal|p2a: Gigalith|62/100|[from] item: Leftovers
|upkeep
|turn|37
|
|t:|1623012502
|switch|p2a: Cofagrigus|Cofagrigus, F|100/100
|move|p1a: Sandaconda|Stealth Rock|p2a: Cofagrigus
|-sidestart|p2: wesh papillon|move: Stealth Rock
|
|-weather|Sandstorm|[upkeep]
|-damage|p2a: Cofagrigus|95/100|[from] Sandstorm
|upkeep
|turn|38
|
|t:|1623012509
|move|p1a: Sandaconda|Glare|p2a: Cofagrigus
|-status|p2a: Cofagrigus|par
|move|p2a: Cofagrigus|Iron Defense|p2a: Cofagrigus
|-boost|p2a: Cofagrigus|def|2
|
|-weather|Sandstorm|[upkeep]
|-damage|p2a: Cofagrigus|89/100 par|[from] Sandstorm
|upkeep
|turn|39
|
|t:|1623012519
|switch|p1a: Charizard|Charizard, F|70/100
|cant|p2a: Cofagrigus|par
|
|-weather|Sandstorm|[upkeep]
|-damage|p1a: Charizard|64/100|[from] Sandstorm
|-damage|p2a: Cofagrigus|83/100 par|[from] Sandstorm
|upkeep
|turn|40
|
|t:|1623012529
|move|p1a: Charizard|Flamethrower|p2a: Cofagrigus
|-damage|p2a: Cofagrigus|51/100 par
|move|p2a: Cofagrigus|Rest|p2a: Cofagrigus
|-status|p2a: Cofagrigus|slp|[from] move: Rest
|-heal|p2a: Cofagrigus|100/100 slp|[silent]
|
|-weather|none
|upkeep
|turn|41
|
|t:|1623012534
|move|p1a: Charizard|Hurricane|p2a: Cofagrigus
|-damage|p2a: Cofagrigus|61/100 slp
|cant|p2a: Cofagrigus|slp
|
|upkeep
|turn|42
|
|t:|1623012545
|switch|p2a: Gigalith|Gigalith, F|62/100
|-damage|p2a: Gigalith|49/100|[from] Stealth Rock
|-weather|Sandstorm|[from] ability: Sand Stream|[of] p2a: Gigalith
|move|p1a: Charizard|Hurricane|p2a: Gigalith|[miss]
|-miss|p1a: Charizard|p2a: Gigalith
|
|-weather|Sandstorm|[upkeep]
|-damage|p1a: Charizard|58/100|[from] Sandstorm
|-heal|p2a: Gigalith|56/100|[from] item: Leftovers
|upkeep
|turn|43
|
|t:|1623012550
|switch|p1a: Sandaconda|Sandaconda, M|82/100
|-damage|p1a: Sandaconda|76/100|[from] Stealth Rock
|switch|p2a: Exeggutor|Exeggutor-Alola, M|36/100
|-damage|p2a: Exeggutor|23/100|[from] Stealth Rock
|-item|p1a: Sandaconda|Rocky Helmet|[from] ability: Frisk|[of] p2a: Exeggutor|[identify]
|
|-weather|Sandstorm|[upkeep]
|-damage|p2a: Exeggutor|17/100|[from] Sandstorm
|upkeep
|turn|44
|
|t:|1623012572
|switch|p1a: Scrafty|Scrafty, M|15/100
|-damage|p1a: Scrafty|9/100|[from] Stealth Rock
|move|p2a: Exeggutor|Leaf Storm|p1a: Scrafty
|-damage|p1a: Scrafty|0 fnt
|-unboost|p2a: Exeggutor|spa|2
|faint|p1a: Scrafty
|
|-weather|Sandstorm|[upkeep]
|-damage|p2a: Exeggutor|11/100|[from] Sandstorm
|upkeep
|inactive|JCMShadow has 120 seconds left.
|
|t:|1623012603
|switch|p1a: Tsareena|Tsareena, F|53/100
|turn|45
|
|t:|1623012606
|switch|p2a: Cofagrigus|Cofagrigus, F|61/100 slp
|-damage|p2a: Cofagrigus|49/100 slp|[from] Stealth Rock
|move|p1a: Tsareena|Rapid Spin|p2a: Cofagrigus
|-immune|p2a: Cofagrigus
|
|-weather|Sandstorm|[upkeep]
|-damage|p1a: Tsareena|47/100|[from] Sandstorm
|-damage|p2a: Cofagrigus|43/100 slp|[from] Sandstorm
|upkeep
|turn|46
|
|t:|1623012608
|move|p1a: Tsareena|Power Whip|p2a: Cofagrigus
|-damage|p2a: Cofagrigus|0 fnt
|-activate|p2a: Cofagrigus|ability: Mummy|Queenly Majesty|[of] p1a: Tsareena
|faint|p2a: Cofagrigus
|
|-weather|none
|upkeep
|
|t:|1623012613
|switch|p2a: Toxicroak|Toxicroak, M|100/100
|-damage|p2a: Toxicroak|94/100|[from] Stealth Rock
|turn|47
|
|t:|1623012620
|switch|p1a: Ribombee|Ribombee, F|50/100
|move|p2a: Toxicroak|Gunk Shot|p1a: Ribombee
|-supereffective|p1a: Ribombee
|-damage|p1a: Ribombee|0 fnt
|faint|p1a: Ribombee
|
|upkeep
|
|t:|1623012623
|switch|p1a: Charizard|Charizard, F|58/100
|turn|48
|
|t:|1623012625
|move|p2a: Toxicroak|Gunk Shot|p1a: Charizard
|-damage|p1a: Charizard|0 fnt
|faint|p1a: Charizard
|
|upkeep
|
|t:|1623012628
|switch|p1a: Sandaconda|Sandaconda, M|76/100
|-damage|p1a: Sandaconda|70/100|[from] Stealth Rock
|turn|49
|
|t:|1623012649
|switch|p2a: Exeggutor|Exeggutor-Alola, M|11/100
|-damage|p2a: Exeggutor|0 fnt|[from] Stealth Rock
|faint|p2a: Exeggutor
|move|p1a: Sandaconda|Earthquake|p2: Exeggutor|[notarget]
|-fail|p1a: Sandaconda
|
|upkeep
|
|t:|1623012653
|switch|p2a: Charizard|Charizard, M|94/100
|turn|50
|
|t:|1623012659
|switch|p1a: Lanturn|Lanturn, F|100/100
|-damage|p1a: Lanturn|88/100|[from] Stealth Rock
|move|p2a: Charizard|Flamethrower|p1a: Lanturn
|-resisted|p1a: Lanturn
|-damage|p1a: Lanturn|76/100
|
|-heal|p1a: Lanturn|82/100|[from] item: Leftovers
|upkeep
|turn|51
|
|t:|1623012664
|switch|p2a: Gigalith|Gigalith, F|56/100
|-damage|p2a: Gigalith|43/100|[from] Stealth Rock
|-weather|Sandstorm|[from] ability: Sand Stream|[of] p2a: Gigalith
|move|p1a: Lanturn|Volt Switch|p2a: Gigalith
|-damage|p2a: Gigalith|33/100
|
|t:|1623012668
|switch|p1a: Tsareena|Tsareena, F|47/100|[from]move: Volt Switch
|
|-weather|Sandstorm|[upkeep]
|-damage|p1a: Tsareena|41/100|[from] Sandstorm
|-heal|p2a: Gigalith|39/100|[from] item: Leftovers
|upkeep
|turn|52
|l|+sirmrwhale
|
|t:|1623012689
|move|p2a: Gigalith|Protect|p2a: Gigalith
|-singleturn|p2a: Gigalith|Protect
|move|p1a: Tsareena|Rapid Spin|p2a: Gigalith
|-activate|p2a: Gigalith|move: Protect
|
|-weather|Sandstorm|[upkeep]
|-damage|p1a: Tsareena|35/100|[from] Sandstorm
|-heal|p2a: Gigalith|45/100|[from] item: Leftovers
|upkeep
|turn|53
|
|t:|1623012695
|move|p1a: Tsareena|Rapid Spin|p2a: Gigalith
|-resisted|p2a: Gigalith
|-damage|p2a: Gigalith|38/100
|-boost|p1a: Tsareena|spe|1
|-sideend|p1: JCMShadow|Stealth Rock|[from] move: Rapid Spin|[of] p1a: Tsareena
|move|p2a: Gigalith|Rock Blast|p1a: Tsareena
|-damage|p1a: Tsareena|22/100
|-damage|p1a: Tsareena|8/100
|-damage|p1a: Tsareena|0 fnt
|faint|p1a: Tsareena
|-hitcount|p1: Tsareena|3
|
|-weather|Sandstorm|[upkeep]
|-heal|p2a: Gigalith|45/100|[from] item: Leftovers
|upkeep
|
|t:|1623012698
|switch|p1a: Sandaconda|Sandaconda, M|70/100
|turn|54
|
|t:|1623012703
|move|p1a: Sandaconda|Glare|p2a: Gigalith
|-status|p2a: Gigalith|par
|cant|p2a: Gigalith|par
|
|-weather|Sandstorm|[upkeep]
|-heal|p2a: Gigalith|51/100 par|[from] item: Leftovers
|upkeep
|turn|55
|
|t:|1623012714
|move|p1a: Sandaconda|Earthquake|p2a: Gigalith
|-supereffective|p2a: Gigalith
|-damage|p2a: Gigalith|0 fnt
|faint|p2a: Gigalith
|
|-weather|none
|upkeep
|
|t:|1623012719
|switch|p2a: Charizard|Charizard, M|94/100
|turn|56
|
|t:|1623012722
|switch|p2a: Aromatisse|Aromatisse, M|27/100
|-damage|p2a: Aromatisse|15/100|[from] Stealth Rock
|switch|p1a: Lanturn|Lanturn, F|82/100
|
|-heal|p1a: Lanturn|88/100|[from] item: Leftovers
|upkeep
|turn|57
|
|t:|1623012726
|move|p1a: Lanturn|Scald|p2a: Aromatisse
|-damage|p2a: Aromatisse|0 fnt
|faint|p2a: Aromatisse
|
|-heal|p1a: Lanturn|95/100|[from] item: Leftovers
|upkeep
|
|t:|1623012729
|switch|p2a: Toxicroak|Toxicroak, M|94/100
|-damage|p2a: Toxicroak|88/100|[from] Stealth Rock
|turn|58
|
|t:|1623012734
|move|p1a: Lanturn|Protect|p1a: Lanturn
|-singleturn|p1a: Lanturn|Protect
|move|p2a: Toxicroak|Drain Punch|p1a: Lanturn
|-activate|p1a: Lanturn|move: Protect
|
|-heal|p1a: Lanturn|100/100|[from] item: Leftovers
|upkeep
|turn|59
|
|t:|1623012738
|switch|p1a: Sandaconda|Sandaconda, M|70/100
|move|p2a: Toxicroak|Drain Punch|p1a: Sandaconda
|-damage|p1a: Sandaconda|48/100
|-heal|p2a: Toxicroak|100/100|[from] drain|[of] p1a: Sandaconda
|-damage|p2a: Toxicroak|84/100|[from] item: Rocky Helmet|[of] p1a: Sandaconda
|
|upkeep
|turn|60
|l| 2hot2fiery
|
|t:|1623012752
|switch|p2a: Charizard|Charizard, M|94/100
|move|p1a: Sandaconda|Rest|p1a: Sandaconda
|-status|p1a: Sandaconda|slp|[from] move: Rest
|-heal|p1a: Sandaconda|100/100 slp|[silent]
|
|-activate|p1a: Sandaconda|ability: Shed Skin
|-curestatus|p1a: Sandaconda|slp|[msg]
|upkeep
|turn|61
|
|t:|1623012755
|switch|p2a: Toxicroak|Toxicroak, M|84/100
|-damage|p2a: Toxicroak|78/100|[from] Stealth Rock
|switch|p1a: Lanturn|Lanturn, F|100/100
|
|upkeep
|turn|62
|
|t:|1623012760
|move|p1a: Lanturn|Protect|p1a: Lanturn
|-singleturn|p1a: Lanturn|Protect
|move|p2a: Toxicroak|Gunk Shot|p1a: Lanturn
|-activate|p1a: Lanturn|move: Protect
|
|upkeep
|turn|63
|l| Justblamehax
|
|t:|1623012764
|switch|p1a: Sandaconda|Sandaconda, M|100/100
|move|p2a: Toxicroak|Gunk Shot|p1a: Sandaconda|[miss]
|-miss|p2a: Toxicroak|p1a: Sandaconda
|
|upkeep
|turn|64
|c|☆wesh papillon|gg wp
|c|☆JCMShadow|gg
|-message|wesh papillon forfeited.
|
|win|JCMShadow
|n|☆JCMShadow|jcmshadow
|n|☆wesh papillon|weshpapillon
|n|*Lady Monita|ladymonita
|n| GeoJumper0001|geojumper0001
|n| axelraid|axelraid
|n| ScottOBrian|scottobrian
|n| Mikirae|mikirae
|n| DrewCareysFeet|drewcareysfeet
|n| Funky8787|funky8787
|n| T3ch Thieves|t3chthieves
|n| toxya|toxya
|n| ihavebestsandteam|ihavebestsandteam
|n| CrisTuPapito|cristupapito
