|raw|<div class="broadcast-blue"><strong>This battle is required to be public due to a player having a name starting with 'pult4s3'.</div>
|j|☆PULT4S3 Starfoufi
|j|☆stimpakz
|t:|1661988466
|gametype|singles
|player|p1|PULT4S3 Starfoufi|teamrocket|1407
|player|p2|stimpakz|lucas|1585
|teamsize|p1|6
|teamsize|p2|6
|gen|8
|tier|[Gen 8] PU
|rated|
|rule|Sleep Clause Mod: Limit one foe put to sleep
|rule|Species Clause: Limit one of each Pokémon
|rule|OHKO Clause: OHKO moves are banned
|rule|Evasion Items Clause: Evasion items are banned
|rule|Evasion Moves Clause: Evasion moves are banned
|rule|Endless Battle Clause: Forcing endless battles is banned
|rule|HP Percentage Mod: HP is shown in percentages
|rule|Dynamax Clause: You cannot dynamax
|clearpoke
|poke|p1|Audino, F|
|poke|p1|Wishiwashi, M|
|poke|p1|Claydol|
|poke|p1|Regirock|
|poke|p1|Charizard, F|
|poke|p1|Skuntank, M|
|poke|p2|Audino, F|
|poke|p2|Quagsire, F|
|poke|p2|Doublade, M|
|poke|p2|Coalossal, M|
|poke|p2|Tangela, M|
|poke|p2|Altaria, M|
|teampreview
|
|t:|1661988485
|start
|switch|p1a: Regirock|Regirock|100/100
|switch|p2a: Audino|Audino, F|100/100
|turn|1
|
|t:|1661988495
|switch|p2a: Tangela|Tangela, M|100/100
|move|p1a: Regirock|Body Press|p2a: Tangela
|-crit|p2a: Tangela
|-damage|p2a: Tangela|71/100
|
|upkeep
|turn|2
|
|t:|1661988500
|move|p2a: Tangela|Knock Off|p1a: Regirock
|-damage|p1a: Regirock|95/100
|-enditem|p1a: Regirock|Leftovers|[from] move: Knock Off|[of] p2a: Tangela
|move|p1a: Regirock|Toxic|p2a: Tangela
|-status|p2a: Tangela|tox
|
|-damage|p2a: Tangela|65/100 tox|[from] psn
|upkeep
|turn|3
|
|t:|1661988506
|move|p2a: Tangela|Leech Seed|p1a: Regirock
|-start|p1a: Regirock|move: Leech Seed
|move|p1a: Regirock|Stealth Rock|p2a: Tangela
|-sidestart|p2: stimpakz|move: Stealth Rock
|
|-damage|p1a: Regirock|83/100|[from] Leech Seed|[of] p2a: Tangela
|-heal|p2a: Tangela|78/100 tox|[silent]
|-damage|p2a: Tangela|66/100 tox|[from] psn
|upkeep
|turn|4
|
|t:|1661988514
|switch|p2a: Doublade|Doublade, M|100/100
|-damage|p2a: Doublade|94/100|[from] Stealth Rock
|switch|p1a: Audino|Audino, F|100/100
|
|upkeep
|turn|5
|
|t:|1661988518
|switch|p1a: Wishiwashi|Wishiwashi, M|100/100
|-formechange|p1a: Wishiwashi|Wishiwashi-School||[from] ability: Schooling
|switch|p2a: Audino|Audino, F|100/100
|
|upkeep
|turn|6
|
|t:|1661988526
|move|p2a: Audino|Knock Off|p1a: Wishiwashi
|-damage|p1a: Wishiwashi|90/100
|-enditem|p1a: Wishiwashi|Leftovers|[from] move: Knock Off|[of] p2a: Audino
|move|p1a: Wishiwashi|U-turn|p2a: Audino
|-damage|p2a: Audino|84/100
|
|t:|1661988533
|switch|p1a: Audino|Audino, F|100/100|[from]move: U-turn
|
|upkeep
|turn|7
|
|t:|1661988537
|move|p1a: Audino|Knock Off|p2a: Audino
|-damage|p2a: Audino|70/100
|-enditem|p2a: Audino|Heavy-Duty Boots|[from] move: Knock Off|[of] p1a: Audino
|move|p2a: Audino|Knock Off|p1a: Audino
|-damage|p1a: Audino|87/100
|-enditem|p1a: Audino|Leftovers|[from] move: Knock Off|[of] p2a: Audino
|
|upkeep
|turn|8
|
|t:|1661988545
|move|p1a: Audino|Wish|p1a: Audino
|move|p2a: Audino|Heal Bell|p2a: Audino
|-activate|p2a: Audino|move: Heal Bell
|-curestatus|p2: Tangela|tox|[msg]
|
|upkeep
|turn|9
|
|t:|1661988555
|switch|p2a: Quagsire|Quagsire, F|100/100
|switch|p1a: Regirock|Regirock|83/100
|
|-heal|p1a: Regirock|100/100|[from] move: Wish|[wisher] Audino
|upkeep
|turn|10
|
|t:|1661988560
|switch|p2a: Doublade|Doublade, M|94/100
|-damage|p2a: Doublade|88/100|[from] Stealth Rock
|move|p1a: Regirock|Toxic|p2a: Doublade
|-immune|p2a: Doublade
|
|upkeep
|turn|11
|
|t:|1661988565
|switch|p1a: Wishiwashi|Wishiwashi, M|90/100
|-formechange|p1a: Wishiwashi|Wishiwashi-School||[from] ability: Schooling
|move|p2a: Doublade|Shadow Claw|p1a: Wishiwashi
|-damage|p1a: Wishiwashi|63/100
|
|upkeep
|turn|12
|
|t:|1661988574
|switch|p2a: Audino|Audino, F|100/100
|-damage|p2a: Audino|88/100|[from] Stealth Rock
|move|p1a: Wishiwashi|Scald|p2a: Audino
|-damage|p2a: Audino|64/100
|
|upkeep
|turn|13
|
|t:|1661988578
|move|p2a: Audino|Wish|p2a: Audino
|move|p1a: Wishiwashi|Scald|p2a: Audino
|-damage|p2a: Audino|37/100
|-status|p2a: Audino|brn
|
|-damage|p2a: Audino|31/100 brn|[from] brn
|upkeep
|turn|14
|
|t:|1661988584
|move|p2a: Audino|Protect|p2a: Audino
|-singleturn|p2a: Audino|Protect
|move|p1a: Wishiwashi|U-turn|p2a: Audino
|-activate|p2a: Audino|move: Protect
|
|-heal|p2a: Audino|81/100 brn|[from] move: Wish|[wisher] Audino
|-damage|p2a: Audino|75/100 brn|[from] brn
|upkeep
|turn|15
|
|t:|1661988587
|move|p2a: Audino|Wish|p2a: Audino
|move|p1a: Wishiwashi|Scald|p2a: Audino
|-damage|p2a: Audino|52/100 brn
|
|-damage|p2a: Audino|46/100 brn|[from] brn
|upkeep
|turn|16
|
|t:|1661988595
|switch|p2a: Altaria|Altaria, M|100/100
|move|p1a: Wishiwashi|U-turn|p2a: Altaria
|-resisted|p2a: Altaria
|-damage|p2a: Altaria|90/100
|
|t:|1661988597
|switch|p1a: Regirock|Regirock|100/100|[from]move: U-turn
|
|-heal|p2a: Altaria|100/100|[from] move: Wish|[wisher] Audino
|upkeep
|turn|17
|
|t:|1661988600
|switch|p2a: Doublade|Doublade, M|88/100
|-damage|p2a: Doublade|82/100|[from] Stealth Rock
|move|p1a: Regirock|Rock Blast|p2a: Doublade
|-resisted|p2a: Doublade
|-damage|p2a: Doublade|80/100
|-resisted|p2a: Doublade
|-damage|p2a: Doublade|77/100
|-resisted|p2a: Doublade
|-damage|p2a: Doublade|75/100
|-resisted|p2a: Doublade
|-damage|p2a: Doublade|73/100
|-resisted|p2a: Doublade
|-damage|p2a: Doublade|71/100
|-hitcount|p2a: Doublade|5
|
|upkeep
|turn|18
|
|t:|1661988604
|switch|p1a: Skuntank|Skuntank, M|100/100
|move|p2a: Doublade|Shadow Claw|p1a: Skuntank
|-resisted|p1a: Skuntank
|-damage|p1a: Skuntank|76/100
|
|-heal|p1a: Skuntank|82/100|[from] item: Black Sludge
|upkeep
|turn|19
|
|t:|1661988618
|switch|p2a: Quagsire|Quagsire, F|100/100
|move|p1a: Skuntank|Dark Pulse|p2a: Quagsire
|-damage|p2a: Quagsire|66/100
|
|-heal|p1a: Skuntank|88/100|[from] item: Black Sludge
|upkeep
|turn|20
|j| oretliun
|
|t:|1661988623
|switch|p1a: Wishiwashi|Wishiwashi, M|63/100
|-formechange|p1a: Wishiwashi|Wishiwashi-School||[from] ability: Schooling
|move|p2a: Quagsire|Recover|p2a: Quagsire
|-heal|p2a: Quagsire|100/100
|
|upkeep
|turn|21
|
|t:|1661988630
|move|p2a: Quagsire|Toxic|p1a: Wishiwashi
|-status|p1a: Wishiwashi|tox
|move|p1a: Wishiwashi|Rest|p1a: Wishiwashi
|-status|p1a: Wishiwashi|slp|[from] move: Rest
|-heal|p1a: Wishiwashi|100/100 slp|[silent]
|
|upkeep
|turn|22
|j| PULT4S3 Innuendo
|
|t:|1661988637
|switch|p2a: Altaria|Altaria, M|100/100
|switch|p1a: Regirock|Regirock|100/100
|
|upkeep
|turn|23
|l| oretliun
|
|t:|1661988642
|switch|p2a: Quagsire|Quagsire, F|100/100
|move|p1a: Regirock|Rock Blast|p2a: Quagsire
|-resisted|p2a: Quagsire
|-damage|p2a: Quagsire|97/100
|-resisted|p2a: Quagsire
|-damage|p2a: Quagsire|94/100
|-hitcount|p2a: Quagsire|2
|
|upkeep
|turn|24
|
|t:|1661988648
|switch|p2a: Doublade|Doublade, M|71/100
|-damage|p2a: Doublade|64/100|[from] Stealth Rock
|move|p1a: Regirock|Toxic|p2a: Doublade
|-immune|p2a: Doublade
|
|upkeep
|turn|25
|
|t:|1661988652
|switch|p1a: Wishiwashi|Wishiwashi, M|100/100 slp
|-formechange|p1a: Wishiwashi|Wishiwashi-School||[from] ability: Schooling
|switch|p2a: Audino|Audino, F|79/100 brn
|-damage|p2a: Audino|67/100 brn|[from] Stealth Rock
|
|-damage|p2a: Audino|61/100 brn|[from] brn
|upkeep
|turn|26
|
|t:|1661988658
|move|p2a: Audino|Wish|p2a: Audino
|cant|p1a: Wishiwashi|slp
|move|p1a: Wishiwashi|Sleep Talk|p1a: Wishiwashi
|move|p1a: Wishiwashi|Rest||[from]move: Sleep Talk|[still]
|-fail|p1a: Wishiwashi
|
|-damage|p2a: Audino|55/100 brn|[from] brn
|upkeep
|turn|27
|
|t:|1661988665
|switch|p2a: Doublade|Doublade, M|64/100
|-damage|p2a: Doublade|58/100|[from] Stealth Rock
|cant|p1a: Wishiwashi|slp
|move|p1a: Wishiwashi|Sleep Talk|p1a: Wishiwashi
|move|p1a: Wishiwashi|Scald|p2a: Doublade|[from]move: Sleep Talk
|-damage|p2a: Doublade|9/100
|
|-heal|p2a: Doublade|75/100|[from] move: Wish|[wisher] Audino
|upkeep
|turn|28
|l| PULT4S3 Innuendo
|
|t:|1661988677
|switch|p2a: Audino|Audino, F|88/100 brn
|-damage|p2a: Audino|75/100 brn|[from] Stealth Rock
|-curestatus|p1a: Wishiwashi|slp|[msg]
|move|p1a: Wishiwashi|U-turn|p2a: Audino
|-damage|p2a: Audino|58/100 brn
|
|t:|1661988682
|switch|p1a: Regirock|Regirock|100/100|[from]move: U-turn
|
|-damage|p2a: Audino|52/100 brn|[from] brn
|upkeep
|turn|29
|
|t:|1661988685
|switch|p2a: Tangela|Tangela, M|99/100
|-damage|p2a: Tangela|87/100|[from] Stealth Rock
|move|p1a: Regirock|Body Press|p2a: Tangela
|-damage|p2a: Tangela|67/100
|
|upkeep
|turn|30
|
|t:|1661988696
|move|p2a: Tangela|Leech Seed|p1a: Regirock
|-start|p1a: Regirock|move: Leech Seed
|move|p1a: Regirock|Toxic|p2a: Tangela
|-status|p2a: Tangela|tox
|
|-damage|p1a: Regirock|88/100|[from] Leech Seed|[of] p2a: Tangela
|-heal|p2a: Tangela|81/100 tox|[silent]
|-damage|p2a: Tangela|75/100 tox|[from] psn
|upkeep
|turn|31
|
|t:|1661988702
|switch|p1a: Skuntank|Skuntank, M|88/100
|move|p2a: Tangela|Leech Seed|p1a: Skuntank
|-start|p1a: Skuntank|move: Leech Seed
|
|-heal|p1a: Skuntank|94/100|[from] item: Black Sludge
|-damage|p1a: Skuntank|82/100|[from] Leech Seed|[of] p2a: Tangela
|-heal|p2a: Tangela|88/100 tox|[silent]
|-damage|p2a: Tangela|76/100 tox|[from] psn
|upkeep
|turn|32
|
|t:|1661988709
|switch|p1a: Regirock|Regirock|88/100
|switch|p2a: Coalossal|Coalossal, M|100/100
|
|upkeep
|turn|33
|
|t:|1661988714
|switch|p1a: Claydol|Claydol|100/100
|switch|p2a: Tangela|Tangela, M|100/100 tox
|-damage|p2a: Tangela|88/100 tox|[from] Stealth Rock
|
|-damage|p2a: Tangela|82/100 tox|[from] psn
|upkeep
|turn|34
|
|t:|1661988719
|switch|p2a: Altaria|Altaria, M|100/100
|move|p1a: Claydol|Psychic|p2a: Altaria
|-damage|p2a: Altaria|81/100
|
|upkeep
|turn|35
|
|t:|1661988723
|switch|p1a: Regirock|Regirock|88/100
|switch|p2a: Audino|Audino, F|85/100 brn
|-damage|p2a: Audino|73/100 brn|[from] Stealth Rock
|
|-damage|p2a: Audino|67/100 brn|[from] brn
|upkeep
|turn|36
|
|t:|1661988727
|switch|p2a: Tangela|Tangela, M|100/100 tox
|-damage|p2a: Tangela|88/100 tox|[from] Stealth Rock
|move|p1a: Regirock|Body Press|p2a: Tangela
|-damage|p2a: Tangela|70/100 tox
|
|-damage|p2a: Tangela|64/100 tox|[from] psn
|upkeep
|turn|37
|
|t:|1661988735
|move|p2a: Tangela|Knock Off|p1a: Regirock
|-damage|p1a: Regirock|85/100
|move|p1a: Regirock|Body Press|p2a: Tangela
|-damage|p2a: Tangela|46/100 tox
|
|-damage|p2a: Tangela|34/100 tox|[from] psn
|upkeep
|turn|38
|j| PULT4S3 Redemption
|
|t:|1661988745
|switch|p2a: Quagsire|Quagsire, F|94/100
|switch|p1a: Skuntank|Skuntank, M|82/100
|
|-heal|p1a: Skuntank|88/100|[from] item: Black Sludge
|upkeep
|turn|39
|
|t:|1661988753
|switch|p1a: Wishiwashi|Wishiwashi, M|100/100
|-formechange|p1a: Wishiwashi|Wishiwashi-School||[from] ability: Schooling
|switch|p2a: Coalossal|Coalossal, M|100/100
|
|upkeep
|turn|40
|inactive|Battle timer is ON: inactive players will automatically lose when time's up. (requested by stimpakz)
|
|t:|1661988761
|switch|p2a: Audino|Audino, F|99/100 brn
|-damage|p2a: Audino|87/100 brn|[from] Stealth Rock
|move|p1a: Wishiwashi|Scald|p2a: Audino
|-damage|p2a: Audino|64/100 brn
|
|-damage|p2a: Audino|58/100 brn|[from] brn
|upkeep
|turn|41
|
|t:|1661988766
|switch|p2a: Altaria|Altaria, M|81/100
|move|p1a: Wishiwashi|U-turn|p2a: Altaria
|-resisted|p2a: Altaria
|-damage|p2a: Altaria|70/100
|
|t:|1661988769
|switch|p1a: Regirock|Regirock|85/100|[from]move: U-turn
|
|upkeep
|turn|42
|
|t:|1661988775
|switch|p2a: Tangela|Tangela, M|67/100 tox
|-damage|p2a: Tangela|55/100 tox|[from] Stealth Rock
|move|p1a: Regirock|Rock Blast|p2a: Tangela
|-damage|p2a: Tangela|50/100 tox
|-damage|p2a: Tangela|46/100 tox
|-hitcount|p2a: Tangela|2
|
|-damage|p2a: Tangela|40/100 tox|[from] psn
|upkeep
|turn|43
|
|t:|1661988784
|switch|p2a: Quagsire|Quagsire, F|94/100
|switch|p1a: Audino|Audino, F|100/100
|
|upkeep
|turn|44
|
|t:|1661988790
|switch|p2a: Audino|Audino, F|91/100 brn
|-damage|p2a: Audino|78/100 brn|[from] Stealth Rock
|move|p1a: Audino|Wish|p1a: Audino
|
|-damage|p2a: Audino|72/100 brn|[from] brn
|upkeep
|turn|45
|
|t:|1661988803
|switch|p1a: Regirock|Regirock|85/100
|move|p2a: Audino|Wish|p2a: Audino
|
|-heal|p1a: Regirock|100/100|[from] move: Wish|[wisher] Audino
|-damage|p2a: Audino|66/100 brn|[from] brn
|upkeep
|turn|46
|
|t:|1661988812
|switch|p2a: Doublade|Doublade, M|75/100
|-damage|p2a: Doublade|69/100|[from] Stealth Rock
|switch|p1a: Skuntank|Skuntank, M|88/100
|
|-heal|p2a: Doublade|100/100|[from] move: Wish|[wisher] Audino
|-heal|p1a: Skuntank|94/100|[from] item: Black Sludge
|upkeep
|turn|47
|j| spolaimurai1
|inactive|stimpakz has 120 seconds left.
|
|t:|1661988851
|switch|p2a: Coalossal|Coalossal, M|100/100
|move|p1a: Skuntank|Dark Pulse|p2a: Coalossal
|-damage|p2a: Coalossal|83/100
|
|-heal|p1a: Skuntank|99/100|[from] item: Black Sludge
|upkeep
|turn|48
|
|t:|1661988858
|switch|p1a: Claydol|Claydol|100/100
|move|p2a: Coalossal|Stealth Rock|p1a: Claydol
|-sidestart|p1: PULT4S3 Starfoufi|move: Stealth Rock
|
|upkeep
|turn|49
|
|t:|1661988867
|switch|p2a: Altaria|Altaria, M|70/100
|move|p1a: Claydol|Rapid Spin|p2a: Altaria
|-damage|p2a: Altaria|63/100
|-boost|p1a: Claydol|spe|1
|-sideend|p1: PULT4S3 Starfoufi|Stealth Rock|[from] move: Rapid Spin|[of] p1a: Claydol
|
|upkeep
|turn|50
|
|t:|1661988870
|switch|p1a: Regirock|Regirock|100/100
|move|p2a: Altaria|Roost|p2a: Altaria
|-heal|p2a: Altaria|100/100
|-singleturn|p2a: Altaria|move: Roost
|
|upkeep
|turn|51
|
|t:|1661988876
|switch|p2a: Tangela|Tangela, M|73/100 tox
|-damage|p2a: Tangela|61/100 tox|[from] Stealth Rock
|switch|p1a: Skuntank|Skuntank, M|99/100
|
|-heal|p1a: Skuntank|100/100|[from] item: Black Sludge
|-damage|p2a: Tangela|55/100 tox|[from] psn
|upkeep
|turn|52
|
|t:|1661988881
|switch|p2a: Coalossal|Coalossal, M|83/100
|move|p1a: Skuntank|Nasty Plot|p1a: Skuntank
|-boost|p1a: Skuntank|spa|2
|
|upkeep
|turn|53
|
|t:|1661988888
|switch|p2a: Audino|Audino, F|99/100 brn
|-damage|p2a: Audino|87/100 brn|[from] Stealth Rock
|move|p1a: Skuntank|Dark Pulse|p2a: Audino
|-damage|p2a: Audino|49/100 brn
|
|-damage|p2a: Audino|43/100 brn|[from] brn
|upkeep
|turn|54
|
|t:|1661988895
|switch|p2a: Quagsire|Quagsire, F|94/100
|move|p1a: Skuntank|Dark Pulse|p2a: Quagsire
|-damage|p2a: Quagsire|57/100
|
|upkeep
|turn|55
|
|t:|1661988902
|move|p1a: Skuntank|Dark Pulse|p2a: Quagsire
|-damage|p2a: Quagsire|21/100
|move|p2a: Quagsire|Recover|p2a: Quagsire
|-heal|p2a: Quagsire|71/100
|
|upkeep
|turn|56
|
|t:|1661988907
|move|p1a: Skuntank|Dark Pulse|p2a: Quagsire
|-damage|p2a: Quagsire|36/100
|cant|p2a: Quagsire|flinch
|
|upkeep
|turn|57
|
|t:|1661988912
|move|p1a: Skuntank|Dark Pulse|p2a: Quagsire
|-damage|p2a: Quagsire|0 fnt
|faint|p2a: Quagsire
|
|upkeep
|c|☆stimpakz|xD
|c|☆PULT4S3 Starfoufi|Gg
|inactive|stimpakz has 120 seconds left.
|c|☆stimpakz|i dont speak ur language
|
|t:|1661988968
|switch|p2a: Coalossal|Coalossal, M|83/100
|turn|58
|c|☆PULT4S3 Starfoufi|Language of winner ?
|
|t:|1661988983
|move|p1a: Skuntank|Dark Pulse|p2a: Coalossal
|-damage|p2a: Coalossal|46/100
|move|p2a: Coalossal|Rock Blast|p1a: Skuntank
|-damage|p1a: Skuntank|91/100
|-damage|p1a: Skuntank|81/100
|-hitcount|p1a: Skuntank|2
|
|-heal|p1a: Skuntank|87/100|[from] item: Black Sludge
|upkeep
|turn|59
|inactive|stimpakz has 90 seconds left.
|inactive|stimpakz has 60 seconds left.
|c|☆stimpakz|44-19
|
|t:|1661989056
|move|p1a: Skuntank|Dark Pulse|p2a: Coalossal
|-damage|p2a: Coalossal|10/100
|move|p2a: Coalossal|Rock Blast|p1a: Skuntank
|-damage|p1a: Skuntank|75/100
|-damage|p1a: Skuntank|66/100
|-hitcount|p1a: Skuntank|2
|
|-heal|p1a: Skuntank|72/100|[from] item: Black Sludge
|upkeep
|turn|60
|c|☆PULT4S3 Starfoufi|Stall + timestall?
|c|☆PULT4S3 Starfoufi|Mature !
|c|☆stimpakz|higher than u
|
|t:|1661989074
|switch|p2a: Audino|Audino, F|76/100 brn
|-damage|p2a: Audino|64/100 brn|[from] Stealth Rock
|move|p1a: Skuntank|Dark Pulse|p2a: Audino
|-damage|p2a: Audino|30/100 brn
|
|-heal|p1a: Skuntank|78/100|[from] item: Black Sludge
|-damage|p2a: Audino|23/100 brn|[from] brn
|upkeep
|turn|61
|c|☆PULT4S3 Starfoufi|<3
|
|t:|1661989088
|move|p2a: Audino|Protect|p2a: Audino
|-singleturn|p2a: Audino|Protect
|move|p1a: Skuntank|Dark Pulse|p2a: Audino
|-activate|p2a: Audino|move: Protect
|
|-heal|p1a: Skuntank|84/100|[from] item: Black Sludge
|-damage|p2a: Audino|17/100 brn|[from] brn
|upkeep
|turn|62
|inactive|stimpakz has 30 seconds left.
|-message|stimpakz forfeited.
|
|win|PULT4S3 Starfoufi
|raw|PULT4S3 Starfoufi's rating: 1407 &rarr; <strong>1436</strong><br />(+29 for winning)
|raw|stimpakz's rating: 1585 &rarr; <strong>1556</strong><br />(-29 for losing)
|l|☆stimpakz
||Ladder isn't responding, score probably updated but might not have (Request timeout).
