|j|☆sugar ovens
|j|☆scizorphobic
|t:|1631217183
|gametype|singles
|player|p1|sugar ovens|twins|
|player|p2|scizorphobic|#scl1islanders|
|teamsize|p1|6
|teamsize|p2|6
|gen|8
|tier|[Gen 8] PU
|rated|Tournament battle
|rule|Sleep Clause Mod: Limit one foe put to sleep
|rule|Species Clause: Limit one of each Pokémon
|rule|OHKO Clause: OHKO moves are banned
|rule|Evasion Moves Clause: Evasion moves are banned
|rule|Endless Battle Clause: Forcing endless battles is banned
|rule|HP Percentage Mod: HP is shown in percentages
|rule|Dynamax Clause: You cannot dynamax
|clearpoke
|poke|p1|Charizard, M|
|poke|p1|Scrafty, F|
|poke|p1|Gigalith, M|
|poke|p1|Weezing, M|
|poke|p1|Eldegoss, M|
|poke|p1|Poliwrath, F|
|poke|p2|Scrafty, F|
|poke|p2|Jellicent, M|
|poke|p2|Togedemaru, M|
|poke|p2|Tsareena, F|
|poke|p2|Vikavolt, M|
|poke|p2|Archeops, F|
|teampreview
|j| yuki.pooky
|j| yolobr
|inactive|Battle timer is ON: inactive players will automatically lose when time's up. (requested by scizorphobic)
|
|t:|1631217203
|start
|switch|p1a: Gigalith|Gigalith, M|100/100
|switch|p2a: Togedemaru|Togedemaru, M|100/100
|-weather|Sandstorm|[from] ability: Sand Stream|[of] p1a: Gigalith
|turn|1
|
|t:|1631217219
|switch|p1a: Weezing|Weezing, M|100/100
|-ability|p1a: Weezing|Neutralizing Gas
|move|p2a: Togedemaru|U-turn|p1a: Weezing
|-resisted|p1a: Weezing
|-damage|p1a: Weezing|94/100
|
|t:|1631217221
|switch|p2a: Jellicent|Jellicent, M|100/100|[from]move: U-turn
|
|-weather|Sandstorm|[upkeep]
|-damage|p2a: Jellicent|94/100|[from] Sandstorm
|-damage|p1a: Weezing|88/100|[from] Sandstorm
|-heal|p1a: Weezing|94/100|[from] item: Black Sludge
|upkeep
|turn|2
|
|t:|1631217239
|-end|p1a: Weezing|ability: Neutralizing Gas
|switch|p1a: Eldegoss|Eldegoss, M|100/100
|move|p2a: Jellicent|Water Spout|p1a: Eldegoss
|-resisted|p1a: Eldegoss
|-damage|p1a: Eldegoss|66/100
|
|-weather|Sandstorm|[upkeep]
|-damage|p2a: Jellicent|88/100|[from] Sandstorm
|-damage|p1a: Eldegoss|60/100|[from] Sandstorm
|upkeep
|turn|3
|
|t:|1631217256
|switch|p2a: Vikavolt|Vikavolt, M|100/100
|switch|p1a: Charizard|Charizard, M|100/100
|
|-weather|Sandstorm|[upkeep]
|-damage|p1a: Charizard|94/100|[from] Sandstorm
|-damage|p2a: Vikavolt|94/100|[from] Sandstorm
|upkeep
|turn|4
|
|t:|1631217268
|move|p1a: Charizard|Flamethrower|p2a: Vikavolt
|-supereffective|p2a: Vikavolt
|-damage|p2a: Vikavolt|0 fnt
|faint|p2a: Vikavolt
|
|-weather|Sandstorm|[upkeep]
|-damage|p1a: Charizard|88/100|[from] Sandstorm
|upkeep
|
|t:|1631217270
|switch|p2a: Archeops|Archeops, F|100/100
|turn|5
|
|t:|1631217286
|switch|p2a: Jellicent|Jellicent, M|88/100
|switch|p1a: Poliwrath|Poliwrath, F|100/100
|
|-weather|none
|upkeep
|turn|6
|
|t:|1631217300
|move|p1a: Poliwrath|Darkest Lariat|p2a: Jellicent
|-supereffective|p2a: Jellicent
|-damage|p2a: Jellicent|21/100
|move|p2a: Jellicent|Giga Drain|p1a: Poliwrath
|-supereffective|p1a: Poliwrath
|-damage|p1a: Poliwrath|38/100
|-heal|p2a: Jellicent|51/100|[from] drain|[of] p1a: Poliwrath
|
|upkeep
|turn|7
|
|t:|1631217314
|switch|p1a: Charizard|Charizard, M|88/100
|switch|p2a: Scrafty|Scrafty, F|100/100
|
|upkeep
|turn|8
|
|t:|1631217325
|switch|p2a: Archeops|Archeops, F|100/100
|move|p1a: Charizard|Toxic|p2a: Archeops
|-status|p2a: Archeops|tox
|
|-damage|p2a: Archeops|94/100 tox|[from] psn
|upkeep
|turn|9
|j| sirmrwhale ♆@!
|
|t:|1631217343
|switch|p2a: Jellicent|Jellicent, M|51/100
|switch|p1a: Weezing|Weezing, M|94/100
|-ability|p1a: Weezing|Neutralizing Gas
|
|-heal|p1a: Weezing|99/100|[from] item: Black Sludge
|upkeep
|turn|10
|
|t:|1631217355
|-end|p1a: Weezing|ability: Neutralizing Gas
|switch|p1a: Eldegoss|Eldegoss, M|93/100
|move|p2a: Jellicent|Shadow Ball|p1a: Eldegoss
|-damage|p1a: Eldegoss|47/100
|
|upkeep
|turn|11
|
|t:|1631217365
|switch|p2a: Togedemaru|Togedemaru, M|100/100
|switch|p1a: Scrafty|Scrafty, F|100/100
|
|upkeep
|turn|12
|
|t:|1631217375
|move|p2a: Togedemaru|U-turn|p1a: Scrafty
|-damage|p1a: Scrafty|83/100
|
|t:|1631217377
|switch|p2a: Tsareena|Tsareena, F|100/100|[from]move: U-turn
|move|p1a: Scrafty|Bulk Up|p1a: Scrafty
|-boost|p1a: Scrafty|atk|1
|-boost|p1a: Scrafty|def|1
|
|-heal|p1a: Scrafty|89/100|[from] item: Leftovers
|upkeep
|turn|13
|j| yandaud
|
|t:|1631217387
|move|p2a: Tsareena|Knock Off|p1a: Scrafty
|-resisted|p1a: Scrafty
|-damage|p1a: Scrafty|84/100
|-enditem|p1a: Scrafty|Leftovers|[from] move: Knock Off|[of] p2a: Tsareena
|move|p1a: Scrafty|Drain Punch|p2a: Tsareena
|-damage|p2a: Tsareena|55/100
|-heal|p1a: Scrafty|100/100|[from] drain|[of] p2a: Tsareena
|
|upkeep
|turn|14
|
|t:|1631217397
|switch|p2a: Jellicent|Jellicent, M|51/100
|move|p1a: Scrafty|Knock Off|p2a: Jellicent
|-supereffective|p2a: Jellicent
|-damage|p2a: Jellicent|0 fnt
|-enditem|p2a: Jellicent|Choice Specs|[from] move: Knock Off|[of] p1a: Scrafty
|faint|p2a: Jellicent
|
|upkeep
|j| kemman
|-message|scizorphobic forfeited.
|
|win|sugar ovens
|n|☆sugar ovens|sugarovens
|n|☆scizorphobic|scizorphobic
|n| yuki.pooky|yukipooky
|n| yolobr|yolobr
|n| sirmrwhale ♆@!|sirmrwhale
|n| yandaud|yandaud
|n| kemman|kemman
