|raw|<div class="broadcast-blue"><strong>This battle is required to be public due to a player having a name starting with 'pult4t2'.</div>
|j|☆pult4t2 yan
|j|☆PULT4T2 Redemption
|t:|1661434552
|gametype|singles
|player|p1|pult4t2 yan|swimmer-gen4dp|1572
|player|p2|PULT4T2 Redemption|#redemption|1521
|teamsize|p1|6
|teamsize|p2|6
|gen|8
|tier|[Gen 8] PU
|rated|
|rule|Sleep Clause Mod: Limit one foe put to sleep
|rule|Species Clause: Limit one of each Pokémon
|rule|OHKO Clause: OHKO moves are banned
|rule|Evasion Items Clause: Evasion items are banned
|rule|Evasion Moves Clause: Evasion moves are banned
|rule|Endless Battle Clause: Forcing endless battles is banned
|rule|HP Percentage Mod: HP is shown in percentages
|rule|Dynamax Clause: You cannot dynamax
|clearpoke
|poke|p1|Silvally-*|
|poke|p1|Jolteon, F|
|poke|p1|Flapple, M|
|poke|p1|Stunfisk-Galar, F|
|poke|p1|Weezing, F|
|poke|p1|Aurorus, M|
|poke|p2|Froslass, F|
|poke|p2|Comfey, M|
|poke|p2|Archeops, M|
|poke|p2|Doublade, F|
|poke|p2|Silvally-*|
|poke|p2|Turtonator, M|
|teampreview
|j| Carmin
|j| Chirac
|
|t:|1661434574
|start
|switch|p1a: Jolteon|Jolteon, F|100/100
|switch|p2a: Froslass|Froslass, F|100/100
|turn|1
|inactive|Battle timer is ON: inactive players will automatically lose when time's up. (requested by PULT4T2 Redemption)
|
|t:|1661434602
|move|p1a: Jolteon|Shadow Ball|p2a: Froslass
|-supereffective|p2a: Froslass
|-damage|p2a: Froslass|7/100
|move|p2a: Froslass|Spikes|p1a: Jolteon
|-sidestart|p1: pult4t2 yan|Spikes
|
|upkeep
|turn|2
|inactive|pult4t2 yan has 120 seconds left.
|
|t:|1661434638
|switch|p1a: Aurorus|Aurorus, M|100/100
|-damage|p1a: Aurorus|88/100|[from] Spikes
|-weather|Hail|[from] ability: Snow Warning|[of] p1a: Aurorus
|move|p2a: Froslass|Spikes|p1a: Aurorus
|-sidestart|p1: pult4t2 yan|Spikes
|
|-weather|Hail|[upkeep]
|-heal|p1a: Aurorus|94/100|[from] item: Leftovers
|upkeep
|turn|3
|inactive|pult4t2 yan has 120 seconds left.
|
|t:|1661434648
|move|p2a: Froslass|Taunt|p1a: Aurorus
|-start|p1a: Aurorus|move: Taunt
|cant|p1a: Aurorus|move: Taunt|Substitute
|
|-weather|Hail|[upkeep]
|-heal|p1a: Aurorus|100/100|[from] item: Leftovers
|upkeep
|turn|4
|
|t:|1661434668
|move|p2a: Froslass|Destiny Bond|p2a: Froslass
|-singlemove|p2a: Froslass|Destiny Bond
|move|p1a: Aurorus|Ancient Power|p2a: Froslass
|-supereffective|p2a: Froslass
|-damage|p2a: Froslass|0 fnt
|faint|p2a: Froslass
|-activate|p2a: Froslass|move: Destiny Bond
|faint|p1a: Aurorus
|
|-weather|Hail|[upkeep]
|upkeep
|inactive|PULT4T2 Redemption has 120 seconds left.
|
|t:|1661434709
|switch|p2a: Archeops|Archeops, M|100/100
|switch|p1a: Flapple|Flapple, M|100/100
|-damage|p1a: Flapple|84/100|[from] Spikes
|turn|5
|j| QiYu5
|
|t:|1661434732
|switch|p1a: Stunfisk|Stunfisk-Galar, F|100/100
|-damage|p1a: Stunfisk|84/100|[from] Spikes
|move|p2a: Archeops|Meteor Beam||[still]
|-prepare|p2a: Archeops|Meteor Beam
|-boost|p2a: Archeops|spa|1
|-enditem|p2a: Archeops|Power Herb
|-anim|p2a: Archeops|Meteor Beam|p1a: Stunfisk
|-resisted|p1a: Stunfisk
|-damage|p1a: Stunfisk|71/100
|
|-weather|Hail|[upkeep]
|-damage|p2a: Archeops|94/100|[from] Hail
|-damage|p1a: Stunfisk|65/100|[from] Hail
|-heal|p1a: Stunfisk|71/100|[from] item: Leftovers
|upkeep
|turn|6
|inactive|PULT4T2 Redemption has 90 seconds left.
|
|t:|1661434750
|move|p2a: Archeops|Earth Power|p1a: Stunfisk
|-supereffective|p1a: Stunfisk
|-damage|p1a: Stunfisk|15/100
|move|p1a: Stunfisk|Stealth Rock|p2a: Archeops
|-sidestart|p2: PULT4T2 Redemption|move: Stealth Rock
|
|-weather|none
|-heal|p1a: Stunfisk|21/100|[from] item: Leftovers
|upkeep
|turn|7
|inactive|PULT4T2 Redemption has 90 seconds left.
|
|t:|1661434764
|move|p2a: Archeops|Stealth Rock|p1a: Stunfisk
|-sidestart|p1: pult4t2 yan|move: Stealth Rock
|move|p1a: Stunfisk|Stone Edge|p2a: Archeops
|-supereffective|p2a: Archeops
|-damage|p2a: Archeops|31/100
|
|-heal|p1a: Stunfisk|27/100|[from] item: Leftovers
|upkeep
|turn|8
|
|t:|1661434769
|move|p2a: Archeops|Earth Power|p1a: Stunfisk
|-supereffective|p1a: Stunfisk
|-damage|p1a: Stunfisk|1/100
|move|p1a: Stunfisk|Yawn|p2a: Archeops
|-start|p2a: Archeops|move: Yawn|[of] p1a: Stunfisk
|
|-heal|p1a: Stunfisk|7/100|[from] item: Leftovers
|upkeep
|turn|9
|inactive|PULT4T2 Redemption has 90 seconds left.
|
|t:|1661434801
|switch|p2a: Doublade|Doublade, F|100/100
|-damage|p2a: Doublade|94/100|[from] Stealth Rock
|move|p1a: Stunfisk|Yawn|p2a: Doublade
|-start|p2a: Doublade|move: Yawn|[of] p1a: Stunfisk
|
|-heal|p1a: Stunfisk|13/100|[from] item: Leftovers
|upkeep
|turn|10
|
|t:|1661434809
|switch|p2a: Archeops|Archeops, M|31/100
|-damage|p2a: Archeops|6/100|[from] Stealth Rock
|move|p1a: Stunfisk|Earthquake|p2a: Archeops
|-immune|p2a: Archeops
|
|-heal|p1a: Stunfisk|19/100|[from] item: Leftovers
|upkeep
|turn|11
|inactive|PULT4T2 Redemption has 90 seconds left.
|
|t:|1661434836
|move|p2a: Archeops|Air Slash|p1a: Stunfisk
|-resisted|p1a: Stunfisk
|-damage|p1a: Stunfisk|13/100
|move|p1a: Stunfisk|Yawn|p2a: Archeops
|-start|p2a: Archeops|move: Yawn|[of] p1a: Stunfisk
|
|-heal|p1a: Stunfisk|19/100|[from] item: Leftovers
|upkeep
|turn|12
|
|t:|1661434844
|switch|p2a: Silvally|Silvally-Grass|100/100
|-damage|p2a: Silvally|88/100|[from] Stealth Rock
|move|p1a: Stunfisk|Yawn|p2a: Silvally
|-start|p2a: Silvally|move: Yawn|[of] p1a: Stunfisk
|
|-heal|p1a: Stunfisk|25/100|[from] item: Leftovers
|upkeep
|turn|13
|
|t:|1661434853
|switch|p2a: Archeops|Archeops, M|6/100
|-damage|p2a: Archeops|0 fnt|[from] Stealth Rock
|faint|p2a: Archeops
|move|p1a: Stunfisk|Yawn|p2: Archeops|[notarget]
|-fail|p1a: Stunfisk
|
|-heal|p1a: Stunfisk|32/100|[from] item: Leftovers
|upkeep
|inactive|PULT4T2 Redemption has 60 seconds left.
|
|t:|1661434879
|switch|p2a: Silvally|Silvally-Grass|88/100
|-damage|p2a: Silvally|76/100|[from] Stealth Rock
|turn|14
|
|t:|1661434884
|switch|p1a: Weezing|Weezing, F|100/100
|-damage|p1a: Weezing|88/100|[from] Stealth Rock
|move|p2a: Silvally|Multi-Attack|p1a: Weezing
|-resisted|p1a: Weezing
|-damage|p1a: Weezing|72/100
|-damage|p2a: Silvally|59/100|[from] item: Rocky Helmet|[of] p1a: Weezing
|
|upkeep
|turn|15
|inactive|PULT4T2 Redemption has 60 seconds left.
|
|t:|1661434922
|move|p2a: Silvally|Rock Slide|p1a: Weezing
|-damage|p1a: Weezing|59/100
|move|p1a: Weezing|Sludge Bomb|p2a: Silvally
|-supereffective|p2a: Silvally
|-damage|p2a: Silvally|1/100
|
|upkeep
|turn|16
|
|t:|1661434927
|move|p2a: Silvally|Rock Slide|p1a: Weezing
|-damage|p1a: Weezing|45/100
|move|p1a: Weezing|Sludge Bomb|p2a: Silvally
|-supereffective|p2a: Silvally
|-damage|p2a: Silvally|0 fnt
|faint|p2a: Silvally
|
|upkeep
|
|t:|1661434950
|switch|p2a: Turtonator|Turtonator, M|100/100
|turn|17
|
|t:|1661434955
|move|p2a: Turtonator|Shell Smash|p2a: Turtonator
|-unboost|p2a: Turtonator|def|1
|-unboost|p2a: Turtonator|spd|1
|-boost|p2a: Turtonator|atk|2
|-boost|p2a: Turtonator|spa|2
|-boost|p2a: Turtonator|spe|2
|move|p1a: Weezing|Sludge Bomb|p2a: Turtonator
|-damage|p2a: Turtonator|40/100
|
|upkeep
|turn|18
|
|t:|1661434960
|move|p2a: Turtonator|Flamethrower|p1a: Weezing
|-damage|p1a: Weezing|0 fnt
|faint|p1a: Weezing
|
|upkeep
|
|t:|1661434965
|switch|p1a: Jolteon|Jolteon, F|100/100
|-damage|p1a: Jolteon|84/100|[from] Spikes
|-damage|p1a: Jolteon|71/100|[from] Stealth Rock
|turn|19
|inactive|PULT4T2 Redemption has 60 seconds left.
|
|t:|1661434982
|move|p1a: Jolteon|Thunderbolt|p2a: Turtonator
|-resisted|p2a: Turtonator
|-damage|p2a: Turtonator|0 fnt
|faint|p2a: Turtonator
|
|upkeep
|
|t:|1661434990
|switch|p2a: Doublade|Doublade, F|94/100
|-damage|p2a: Doublade|88/100|[from] Stealth Rock
|turn|20
|inactive|PULT4T2 Redemption has 60 seconds left.
|
|t:|1661435005
|move|p1a: Jolteon|Thunderbolt|p2a: Doublade
|-damage|p2a: Doublade|0 fnt
|faint|p2a: Doublade
|
|upkeep
|inactive|PULT4T2 Redemption has 30 seconds left.
|
|t:|1661435043
|switch|p2a: Comfey|Comfey, M|100/100
|-damage|p2a: Comfey|88/100|[from] Stealth Rock
|turn|21
|
|t:|1661435048
|move|p1a: Jolteon|Thunderbolt|p2a: Comfey
|-damage|p2a: Comfey|18/100
|move|p2a: Comfey|Calm Mind|p2a: Comfey
|-boost|p2a: Comfey|spa|1
|-boost|p2a: Comfey|spd|1
|
|upkeep
|turn|22
|
|t:|1661435057
|move|p2a: Comfey|Draining Kiss|p1a: Jolteon
|-damage|p1a: Jolteon|41/100
|-heal|p2a: Comfey|39/100|[from] drain|[of] p1a: Jolteon
|move|p1a: Jolteon|Thunderbolt|p2a: Comfey
|-damage|p2a: Comfey|0 fnt
|faint|p2a: Comfey
|
|win|pult4t2 yan
|raw|pult4t2 yan's rating: 1572 &rarr; <strong>1589</strong><br />(+17 for winning)
|raw|PULT4T2 Redemption's rating: 1521 &rarr; <strong>1504</strong><br />(-17 for losing)
|l|☆pult4t2 yan
|j|☆pult4t2 yan
|player|p1|pult4t2 yan|swimmer-gen4dp
|l| Chirac
|l|☆PULT4T2 Redemption
