|j|☆uult1 SOMALIA
|j|☆slowbroth
|player|p1|uult1 SOMALIA|alder|1384
|player|p2|slowbroth|officeworker|1193
|teamsize|p1|6
|teamsize|p2|6
|gametype|singles
|gen|8
|tier|[Gen 8] PU
|rated|
|clearpoke
|poke|p1|Dubwool, F|
|poke|p1|Klang|
|poke|p1|Dusknoir, F|
|poke|p1|Hippopotas, M|
|poke|p1|Oranguru, F|
|poke|p1|Koffing, F|
|poke|p2|Mr. Rime, F|
|poke|p2|Basculin, M|
|poke|p2|Mawile, M|
|poke|p2|Crustle, F|
|poke|p2|Gourgeist-*, F|
|poke|p2|Falinks|
|rule|Sleep Clause Mod: Limit one foe put to sleep
|rule|Species Clause: Limit one of each Pokémon
|rule|OHKO Clause: OHKO moves are banned
|rule|Evasion Moves Clause: Evasion moves are banned
|rule|Endless Battle Clause: Forcing endless battles is banned
|rule|HP Percentage Mod: HP is shown in percentages
|rule|Dynamax Clause: You cannot dynamax
|teampreview
|inactive|Battle timer is ON: inactive players will automatically lose when time's up. (requested by uult1 SOMALIA)
|
|start
|switch|p1a: Koffing|Koffing, F|100/100
|switch|p2a: Crustle|Crustle, F|100/100
|-ability|p1a: Koffing|Neutralizing Gas
|turn|1
|
|move|p2a: Crustle|Stealth Rock|p1a: Koffing
|-sidestart|p1: uult1 SOMALIA|move: Stealth Rock
|move|p1a: Koffing|Will-O-Wisp|p2a: Crustle|[miss]
|-miss|p1a: Koffing|p2a: Crustle
|
|upkeep
|turn|2
|
|move|p2a: Crustle|Spikes|p1a: Koffing
|-sidestart|p1: uult1 SOMALIA|Spikes
|move|p1a: Koffing|Will-O-Wisp|p2a: Crustle
|-status|p2a: Crustle|brn
|
|-damage|p2a: Crustle|94/100 brn|[from] brn
|upkeep
|turn|3
|
|move|p2a: Crustle|Spikes|p1a: Koffing
|-sidestart|p1: uult1 SOMALIA|Spikes
|move|p1a: Koffing|Toxic Spikes|p2a: Crustle
|-sidestart|p2: slowbroth|move: Toxic Spikes
|
|-damage|p2a: Crustle|88/100 brn|[from] brn
|upkeep
|turn|4
|
|move|p2a: Crustle|Spikes|p1a: Koffing
|-sidestart|p1: uult1 SOMALIA|Spikes
|move|p1a: Koffing|Toxic Spikes|p2a: Crustle
|-sidestart|p2: slowbroth|move: Toxic Spikes
|
|-damage|p2a: Crustle|82/100 brn|[from] brn
|upkeep
|turn|5
|
|move|p2a: Crustle|Knock Off|p1a: Koffing
|-damage|p1a: Koffing|92/100
|-enditem|p1a: Koffing|Eviolite|[from] move: Knock Off|[of] p2a: Crustle
|move|p1a: Koffing|Will-O-Wisp|p2a: Crustle
|-fail|p2a: Crustle|brn
|
|-damage|p2a: Crustle|76/100 brn|[from] brn
|upkeep
|turn|6
|
|switch|p2a: Mr. Rime|Mr. Rime, F|100/100
|move|p1a: Koffing|Fire Blast|p2a: Mr. Rime
|-supereffective|p2a: Mr. Rime
|-damage|p2a: Mr. Rime|61/100
|
|upkeep
|turn|7
|
|switch|p1a: Dusknoir|Dusknoir, F|100/100
|-damage|p1a: Dusknoir|76/100|[from] Spikes
|-damage|p1a: Dusknoir|63/100|[from] Stealth Rock
|-ability|p1a: Dusknoir|Pressure
|move|p2a: Mr. Rime|Psychic|p1a: Dusknoir
|-damage|p1a: Dusknoir|36/100
|-unboost|p1a: Dusknoir|spd|1
|
|-heal|p1a: Dusknoir|42/100|[from] item: Leftovers
|upkeep
|turn|8
|
|switch|p2a: Crustle|Crustle, F|76/100 brn
|move|p1a: Dusknoir|Shadow Sneak|p2a: Crustle
|-damage|p2a: Crustle|61/100 brn
|
|-heal|p1a: Dusknoir|48/100|[from] item: Leftovers
|-damage|p2a: Crustle|55/100 brn|[from] brn
|upkeep
|turn|9
|
|move|p2a: Crustle|Knock Off|p1a: Dusknoir
|-supereffective|p1a: Dusknoir
|-damage|p1a: Dusknoir|22/100
|-enditem|p1a: Dusknoir|Leftovers|[from] move: Knock Off|[of] p2a: Crustle
|move|p1a: Dusknoir|Pain Split|p2a: Crustle
|-sethp|p2a: Crustle|39/100 brn|[from] move: Pain Split|[silent]
|-sethp|p1a: Dusknoir|37/100|[from] move: Pain Split
|
|-damage|p2a: Crustle|33/100 brn|[from] brn
|upkeep
|turn|10
|
|move|p2a: Crustle|Knock Off|p1a: Dusknoir
|-supereffective|p1a: Dusknoir
|-damage|p1a: Dusknoir|20/100
|move|p1a: Dusknoir|Night Shade|p2a: Crustle
|-damage|p2a: Crustle|0 fnt
|faint|p2a: Crustle
|
|upkeep
|
|switch|p2a: Mawile|Mawile, M|100/100
|turn|11
|
|move|p2a: Mawile|Play Rough|p1a: Dusknoir|[miss]
|-miss|p2a: Mawile|p1a: Dusknoir
|move|p1a: Dusknoir|Will-O-Wisp|p2a: Mawile
|-status|p2a: Mawile|brn
|
|-damage|p2a: Mawile|94/100 brn|[from] brn
|upkeep
|turn|12
|
|move|p2a: Mawile|Play Rough|p1a: Dusknoir|[miss]
|-miss|p2a: Mawile|p1a: Dusknoir
|move|p1a: Dusknoir|Pain Split|p2a: Mawile
|-sethp|p2a: Mawile|59/100 brn|[from] move: Pain Split|[silent]
|-sethp|p1a: Dusknoir|48/100|[from] move: Pain Split
|
|-damage|p2a: Mawile|53/100 brn|[from] brn
|upkeep
|turn|13
|
|move|p2a: Mawile|Play Rough|p1a: Dusknoir
|-damage|p1a: Dusknoir|22/100
|move|p1a: Dusknoir|Night Shade|p2a: Mawile
|-damage|p2a: Mawile|11/100 brn
|
|-damage|p2a: Mawile|5/100 brn|[from] brn
|upkeep
|turn|14
|
|move|p2a: Mawile|Sucker Punch|p1a: Dusknoir
|-supereffective|p1a: Dusknoir
|-damage|p1a: Dusknoir|0 fnt
|-damage|p2a: Mawile|0 fnt|[from] item: Life Orb
|faint|p1a: Dusknoir
|faint|p2a: Mawile
|
|upkeep
|
|switch|p2a: Mr. Rime|Mr. Rime, F|61/100
|switch|p1a: Klang|Klang|100/100
|-damage|p1a: Klang|94/100|[from] Stealth Rock
|-damage|p1a: Klang|69/100|[from] Spikes
|turn|15
|
|move|p2a: Mr. Rime|Rapid Spin|p1a: Klang
|-resisted|p1a: Klang
|-damage|p1a: Klang|66/100
|-boost|p2a: Mr. Rime|spe|1
|-sideend|p2: slowbroth|Toxic Spikes|[from] move: Rapid Spin|[of] p2a: Mr. Rime
|move|p1a: Klang|Shift Gear|p1a: Klang
|-boost|p1a: Klang|spe|2
|-boost|p1a: Klang|atk|1
|
|upkeep
|turn|16
|
|switch|p2a: Falinks|Falinks|100/100
|move|p1a: Klang|Shift Gear|p1a: Klang
|-boost|p1a: Klang|spe|2
|-boost|p1a: Klang|atk|1
|
|upkeep
|turn|17
|
|move|p2a: Falinks|Close Combat|p1a: Klang
|-supereffective|p1a: Klang
|-damage|p1a: Klang|0 fnt
|-unboost|p2a: Falinks|def|1
|-unboost|p2a: Falinks|spd|1
|faint|p1a: Klang
|
|upkeep
|
|switch|p1a: Hippopotas|Hippopotas, M|100/100
|-damage|p1a: Hippopotas|75/100|[from] Spikes
|-damage|p1a: Hippopotas|69/100|[from] Stealth Rock
|turn|18
|inactive|slowbroth has 120 seconds left.
|
|switch|p2a: Mr. Rime|Mr. Rime, F|61/100
|move|p1a: Hippopotas|Toxic|p2a: Mr. Rime
|-status|p2a: Mr. Rime|tox
|
|-damage|p2a: Mr. Rime|55/100 tox|[from] psn
|upkeep
|turn|19
|
|move|p2a: Mr. Rime|Freeze-Dry|p1a: Hippopotas
|-supereffective|p1a: Hippopotas
|-damage|p1a: Hippopotas|0 fnt
|faint|p1a: Hippopotas
|
|-damage|p2a: Mr. Rime|43/100 tox|[from] psn
|upkeep
|
|switch|p1a: Oranguru|Oranguru, F|100/100
|-damage|p1a: Oranguru|88/100|[from] Stealth Rock
|-damage|p1a: Oranguru|63/100|[from] Spikes
|turn|20
|inactive|slowbroth has 120 seconds left.
|
|move|p2a: Mr. Rime|Nasty Plot|p2a: Mr. Rime
|-boost|p2a: Mr. Rime|spa|2
|move|p1a: Oranguru|Calm Mind|p1a: Oranguru
|-boost|p1a: Oranguru|spa|1
|-boost|p1a: Oranguru|spd|1
|
|-heal|p1a: Oranguru|69/100|[from] item: Leftovers
|-damage|p2a: Mr. Rime|25/100 tox|[from] psn
|upkeep
|turn|21
|
|move|p2a: Mr. Rime|Freeze-Dry|p1a: Oranguru
|-crit|p1a: Oranguru
|-damage|p1a: Oranguru|6/100
|move|p1a: Oranguru|Calm Mind|p1a: Oranguru
|-boost|p1a: Oranguru|spa|1
|-boost|p1a: Oranguru|spd|1
|
|-heal|p1a: Oranguru|12/100|[from] item: Leftovers
|-damage|p2a: Mr. Rime|1/100 tox|[from] psn
|upkeep
|turn|22
|
|move|p2a: Mr. Rime|Freeze-Dry|p1a: Oranguru
|-damage|p1a: Oranguru|0 fnt
|faint|p1a: Oranguru
|
|-damage|p2a: Mr. Rime|0 fnt|[from] psn
|faint|p2a: Mr. Rime
|upkeep
|
|switch|p2a: Basculin|Basculin, M|100/100
|switch|p1a: Koffing|Koffing, F|92/100
|-ability|p1a: Koffing|Neutralizing Gas
|-damage|p1a: Koffing|67/100|[from] Spikes
|-damage|p1a: Koffing|55/100|[from] Stealth Rock
|turn|23
|
|move|p2a: Basculin|Surf|p1a: Koffing
|-damage|p1a: Koffing|0 fnt
|-damage|p2a: Basculin|91/100|[from] item: Life Orb
|faint|p1a: Koffing
|
|upkeep
|c|☆uult1 SOMALIA|gg
|
|switch|p1a: Dubwool|Dubwool, F|100/100
|-damage|p1a: Dubwool|88/100|[from] Stealth Rock
|-damage|p1a: Dubwool|63/100|[from] Spikes
|turn|24
|c|☆slowbroth|gg
|
|move|p2a: Basculin|Surf|p1a: Dubwool
|-damage|p1a: Dubwool|0 fnt
|-damage|p2a: Basculin|81/100|[from] item: Life Orb
|faint|p1a: Dubwool
|
|win|slowbroth
|l|☆uult1 SOMALIA
||Ladder (probably) updated, but score could not be retrieved (Response not received).
