|j|☆Sweetness2577
|j|☆yassy slay
|t:|1653742695
|gametype|singles
|player|p1|Sweetness2577|266|1297
|player|p2|yassy slay|clown|1607
|teamsize|p1|6
|teamsize|p2|6
|gen|8
|tier|[Gen 8] PU
|rated|
|rule|Sleep Clause Mod: Limit one foe put to sleep
|rule|Species Clause: Limit one of each Pokémon
|rule|OHKO Clause: OHKO moves are banned
|rule|Evasion Moves Clause: Evasion moves are banned
|rule|Endless Battle Clause: Forcing endless battles is banned
|rule|HP Percentage Mod: HP is shown in percentages
|rule|Dynamax Clause: You cannot dynamax
|clearpoke
|poke|p1|Manectric, M|
|poke|p1|Armaldo, M|
|poke|p1|Accelgor, F|
|poke|p1|Hitmonlee, M|
|poke|p1|Swoobat, M|
|poke|p1|Shiftry, F|
|poke|p2|Flapple, M|
|poke|p2|Archeops, F|
|poke|p2|Golduck, M|
|poke|p2|Ribombee, M|
|poke|p2|Sandaconda, F|
|poke|p2|Magneton|
|teampreview
|
|t:|1653742707
|start
|switch|p1a: Manectric|Manectric, M|100/100
|switch|p2a: Magneton|Magneton|100/100
|turn|1
|
|t:|1653742718
|switch|p2a: Golduck|Golduck, M|100/100
|-ability|p2a: Golduck|Cloud Nine
|move|p1a: Manectric|Flamethrower|p2a: Golduck
|-resisted|p2a: Golduck
|-damage|p2a: Golduck|76/100
|
|-heal|p2a: Golduck|82/100|[from] item: Leftovers
|upkeep
|turn|2
|
|t:|1653742724
|switch|p1a: Armaldo|Armaldo, M|100/100
|move|p2a: Golduck|Toxic|p1a: Armaldo
|-status|p1a: Armaldo|tox
|
|-heal|p2a: Golduck|88/100|[from] item: Leftovers
|-damage|p1a: Armaldo|94/100 tox|[from] psn
|upkeep
|turn|3
|
|t:|1653742730
|move|p2a: Golduck|Substitute|p2a: Golduck
|-start|p2a: Golduck|Substitute
|-damage|p2a: Golduck|63/100
|move|p1a: Armaldo|Stealth Rock|p2a: Golduck
|-sidestart|p2: yassy slay|move: Stealth Rock
|
|-heal|p2a: Golduck|69/100|[from] item: Leftovers
|-heal|p1a: Armaldo|100/100 tox|[from] item: Leftovers
|-damage|p1a: Armaldo|88/100 tox|[from] psn
|upkeep
|turn|4
|
|t:|1653742734
|move|p2a: Golduck|Scald|p1a: Armaldo
|-supereffective|p1a: Armaldo
|-damage|p1a: Armaldo|42/100 tox
|move|p1a: Armaldo|Earthquake|p2a: Golduck
|-end|p2a: Golduck|Substitute
|
|-heal|p2a: Golduck|75/100|[from] item: Leftovers
|-heal|p1a: Armaldo|49/100 tox|[from] item: Leftovers
|-damage|p1a: Armaldo|30/100 tox|[from] psn
|upkeep
|turn|5
|
|t:|1653742737
|move|p2a: Golduck|Scald|p1a: Armaldo
|-supereffective|p1a: Armaldo
|-damage|p1a: Armaldo|0 fnt
|faint|p1a: Armaldo
|
|-heal|p2a: Golduck|81/100|[from] item: Leftovers
|upkeep
|
|t:|1653742740
|switch|p1a: Manectric|Manectric, M|100/100
|turn|6
|
|t:|1653742743
|switch|p2a: Sandaconda|Sandaconda, F|100/100
|-damage|p2a: Sandaconda|94/100|[from] Stealth Rock
|move|p1a: Manectric|Switcheroo|p2a: Sandaconda
|-activate|p1a: Manectric|move: Trick|[of] p2a: Sandaconda
|-item|p2a: Sandaconda|Choice Specs|[from] move: Switcheroo
|-item|p1a: Manectric|Rocky Helmet|[from] move: Switcheroo
|
|upkeep
|turn|7
|
|t:|1653742748
|move|p1a: Manectric|Flamethrower|p2a: Sandaconda
|-damage|p2a: Sandaconda|55/100
|move|p2a: Sandaconda|Stealth Rock|p1a: Manectric
|-sidestart|p1: Sweetness2577|move: Stealth Rock
|
|upkeep
|turn|8
|
|t:|1653742760
|move|p1a: Manectric|Volt Switch|p2a: Sandaconda
|-immune|p2a: Sandaconda
|move|p2a: Sandaconda|Stealth Rock||[still]
|-fail|p2a: Sandaconda
|
|upkeep
|turn|9
|
|t:|1653742770
|switch|p2a: Magneton|Magneton|100/100
|-damage|p2a: Magneton|95/100|[from] Stealth Rock
|move|p1a: Manectric|Flamethrower|p2a: Magneton
|-supereffective|p2a: Magneton
|-damage|p2a: Magneton|42/100
|
|upkeep
|turn|10
|
|t:|1653742776
|switch|p2a: Sandaconda|Sandaconda, F|55/100
|-damage|p2a: Sandaconda|49/100|[from] Stealth Rock
|move|p1a: Manectric|Flamethrower|p2a: Sandaconda
|-damage|p2a: Sandaconda|13/100
|
|upkeep
|turn|11
|
|t:|1653742779
|move|p1a: Manectric|Flamethrower|p2a: Sandaconda
|-damage|p2a: Sandaconda|0 fnt
|faint|p2a: Sandaconda
|
|upkeep
|
|t:|1653742790
|switch|p2a: Archeops|Archeops, F|100/100
|turn|12
|
|t:|1653742793
|move|p2a: Archeops|Earthquake|p1a: Manectric
|-supereffective|p1a: Manectric
|-damage|p1a: Manectric|0 fnt
|faint|p1a: Manectric
|
|upkeep
|
|t:|1653742805
|switch|p1a: Hitmonlee|Hitmonlee, M|100/100
|-damage|p1a: Hitmonlee|94/100|[from] Stealth Rock
|turn|13
|
|t:|1653742808
|move|p1a: Hitmonlee|Endure|p1a: Hitmonlee
|-singleturn|p1a: Hitmonlee|move: Endure
|move|p2a: Archeops|Earthquake|p1a: Hitmonlee
|-damage|p1a: Hitmonlee|5/100
|-enditem|p1a: Hitmonlee|Liechi Berry|[eat]
|-boost|p1a: Hitmonlee|atk|1|[from] item: Liechi Berry
|
|upkeep
|turn|14
|
|t:|1653742815
|move|p1a: Hitmonlee|Reversal|p2a: Archeops
|-damage|p2a: Archeops|0 fnt
|faint|p2a: Archeops
|
|upkeep
|
|t:|1653742818
|switch|p2a: Ribombee|Ribombee, M|100/100
|turn|15
|
|t:|1653742820
|move|p1a: Hitmonlee|Reversal|p2a: Ribombee
|-resisted|p2a: Ribombee
|-damage|p2a: Ribombee|38/100
|move|p2a: Ribombee|Moonblast|p1a: Hitmonlee
|-supereffective|p1a: Hitmonlee
|-damage|p1a: Hitmonlee|0 fnt
|faint|p1a: Hitmonlee
|
|upkeep
|
|t:|1653742826
|switch|p1a: Accelgor|Accelgor, F|100/100
|turn|16
|
|t:|1653742835
|switch|p2a: Golduck|Golduck, M|81/100
|-damage|p2a: Golduck|69/100|[from] Stealth Rock
|-ability|p2a: Golduck|Cloud Nine
|move|p1a: Accelgor|Knock Off|p2a: Golduck
|-damage|p2a: Golduck|49/100
|-enditem|p2a: Golduck|Leftovers|[from] move: Knock Off|[of] p1a: Accelgor
|
|upkeep
|turn|17
|
|t:|1653742839
|move|p1a: Accelgor|Bug Buzz|p2a: Golduck
|-damage|p2a: Golduck|12/100
|move|p2a: Golduck|Scald|p1a: Accelgor
|-damage|p1a: Accelgor|63/100
|
|upkeep
|turn|18
|
|t:|1653742842
|move|p1a: Accelgor|Bug Buzz|p2a: Golduck
|-damage|p2a: Golduck|0 fnt
|faint|p2a: Golduck
|
|upkeep
|
|t:|1653742844
|switch|p2a: Magneton|Magneton|42/100
|-damage|p2a: Magneton|36/100|[from] Stealth Rock
|turn|19
|
|t:|1653742848
|move|p1a: Accelgor|Knock Off|p2a: Magneton
|-damage|p2a: Magneton|22/100
|-enditem|p2a: Magneton|Eviolite|[from] move: Knock Off|[of] p1a: Accelgor
|move|p2a: Magneton|Rest|p2a: Magneton
|-status|p2a: Magneton|slp|[from] move: Rest
|-heal|p2a: Magneton|100/100 slp|[silent]
|
|upkeep
|turn|20
|
|t:|1653742854
|switch|p1a: Shiftry|Shiftry, F|100/100
|-damage|p1a: Shiftry|88/100|[from] Stealth Rock
|cant|p2a: Magneton|slp
|move|p2a: Magneton|Sleep Talk|p2a: Magneton
|move|p2a: Magneton|Rest||[from]move: Sleep Talk|[still]
|-fail|p2a: Magneton
|
|upkeep
|turn|21
|
|t:|1653742858
|move|p1a: Shiftry|Power-Up Punch|p2a: Magneton
|-supereffective|p2a: Magneton
|-damage|p2a: Magneton|61/100 slp
|-boost|p1a: Shiftry|atk|1
|-damage|p1a: Shiftry|78/100|[from] item: Life Orb
|cant|p2a: Magneton|slp
|move|p2a: Magneton|Sleep Talk|p2a: Magneton
|move|p2a: Magneton|Volt Switch|p1a: Shiftry|[from]move: Sleep Talk
|-resisted|p1a: Shiftry
|-damage|p1a: Shiftry|45/100
|
|t:|1653742861
|switch|p2a: Ribombee|Ribombee, M|38/100|[from]move: Volt Switch
|
|upkeep
|turn|22
|
|t:|1653742865
|move|p1a: Shiftry|Sucker Punch||[still]
|-fail|p1a: Shiftry
|move|p2a: Ribombee|Roost|p2a: Ribombee
|-heal|p2a: Ribombee|88/100
|-singleturn|p2a: Ribombee|move: Roost
|
|upkeep
|turn|23
|
|t:|1653742868
|move|p1a: Shiftry|Sucker Punch|p2a: Ribombee
|-resisted|p2a: Ribombee
|-damage|p2a: Ribombee|22/100
|-damage|p1a: Shiftry|35/100|[from] item: Life Orb
|move|p2a: Ribombee|Moonblast|p1a: Shiftry
|-supereffective|p1a: Shiftry
|-damage|p1a: Shiftry|0 fnt
|faint|p1a: Shiftry
|
|upkeep
|
|t:|1653742872
|switch|p1a: Accelgor|Accelgor, F|63/100
|turn|24
|
|t:|1653742875
|switch|p2a: Magneton|Magneton|61/100 slp
|-damage|p2a: Magneton|55/100 slp|[from] Stealth Rock
|move|p1a: Accelgor|Bug Buzz|p2a: Magneton
|-resisted|p2a: Magneton
|-damage|p2a: Magneton|35/100 slp
|
|upkeep
|turn|25
|
|t:|1653742880
|move|p1a: Accelgor|Spikes|p2a: Magneton
|-sidestart|p2: yassy slay|Spikes
|-curestatus|p2a: Magneton|slp|[msg]
|move|p2a: Magneton|Rest|p2a: Magneton
|-status|p2a: Magneton|slp|[from] move: Rest
|-heal|p2a: Magneton|100/100 slp|[silent]
|
|upkeep
|turn|26
|
|t:|1653742882
|move|p1a: Accelgor|Bug Buzz|p2a: Magneton
|-resisted|p2a: Magneton
|-damage|p2a: Magneton|83/100 slp
|cant|p2a: Magneton|slp
|move|p2a: Magneton|Sleep Talk|p2a: Magneton
|move|p2a: Magneton|Volt Switch|p1a: Accelgor|[from]move: Sleep Talk
|-damage|p1a: Accelgor|2/100
|
|t:|1653742886
|switch|p2a: Ribombee|Ribombee, M|22/100|[from]move: Volt Switch
|
|upkeep
|turn|27
|
|t:|1653742888
|move|p1a: Accelgor|Bug Buzz|p2a: Ribombee
|-resisted|p2a: Ribombee
|-damage|p2a: Ribombee|0 fnt
|faint|p2a: Ribombee
|
|upkeep
|
|t:|1653742893
|switch|p2a: Magneton|Magneton|83/100 slp
|-damage|p2a: Magneton|77/100 slp|[from] Stealth Rock
|-damage|p2a: Magneton|65/100 slp|[from] Spikes
|turn|28
|
|t:|1653742896
|move|p1a: Accelgor|Bug Buzz|p2a: Magneton
|-resisted|p2a: Magneton
|-damage|p2a: Magneton|45/100 slp
|cant|p2a: Magneton|slp
|move|p2a: Magneton|Sleep Talk|p2a: Magneton
|move|p2a: Magneton|Volt Switch|p1a: Accelgor|[from]move: Sleep Talk
|-damage|p1a: Accelgor|0 fnt
|faint|p1a: Accelgor
|
|t:|1653742899
|switch|p2a: Flapple|Flapple, M|100/100|[from]move: Volt Switch
|-damage|p2a: Flapple|88/100|[from] Stealth Rock
|-damage|p2a: Flapple|75/100|[from] Spikes
|
|upkeep
|
|t:|1653742901
|switch|p1a: Swoobat|Swoobat, M|100/100
|-damage|p1a: Swoobat|76/100|[from] Stealth Rock
|turn|29
|
|t:|1653742905
|move|p1a: Swoobat|Calm Mind|p1a: Swoobat
|-boost|p1a: Swoobat|spa|2
|-boost|p1a: Swoobat|spd|2
|move|p2a: Flapple|Dragon Dance|p2a: Flapple
|-boost|p2a: Flapple|atk|1
|-boost|p2a: Flapple|spe|1
|
|upkeep
|turn|30
|
|t:|1653742937
|move|p2a: Flapple|Substitute|p2a: Flapple
|-start|p2a: Flapple|Substitute
|-damage|p2a: Flapple|50/100
|move|p1a: Swoobat|Air Slash|p2a: Flapple
|-supereffective|p2a: Flapple
|-end|p2a: Flapple|Substitute
|
|upkeep
|turn|31
|
|t:|1653742943
|move|p2a: Flapple|Substitute|p2a: Flapple
|-start|p2a: Flapple|Substitute
|-damage|p2a: Flapple|25/100
|-enditem|p2a: Flapple|Liechi Berry|[eat]
|-boost|p2a: Flapple|atk|1|[from] item: Liechi Berry
|move|p1a: Swoobat|Air Slash|p2a: Flapple
|-supereffective|p2a: Flapple
|-end|p2a: Flapple|Substitute
|
|upkeep
|turn|32
|
|t:|1653742945
|move|p2a: Flapple|Acrobatics|p1a: Swoobat
|-damage|p1a: Swoobat|0 fnt
|faint|p1a: Swoobat
|
|win|yassy slay
|raw|Sweetness2577's rating: 1297 &rarr; <strong>1290</strong><br />(-7 for losing)
|raw|yassy slay's rating: 1607 &rarr; <strong>1613</strong><br />(+6 for winning)
|l|☆Sweetness2577
