|j|☆mirrorbeans
|j|☆Persona111
|t:|1652912541
|gametype|singles
|player|p1|mirrorbeans|clay|1339
|player|p2|Persona111|byron|1596
|teamsize|p1|6
|teamsize|p2|6
|gen|8
|tier|[Gen 8] PU
|rated|
|rule|Sleep Clause Mod: Limit one foe put to sleep
|rule|Species Clause: Limit one of each Pokémon
|rule|OHKO Clause: OHKO moves are banned
|rule|Evasion Moves Clause: Evasion moves are banned
|rule|Endless Battle Clause: Forcing endless battles is banned
|rule|HP Percentage Mod: HP is shown in percentages
|rule|Dynamax Clause: You cannot dynamax
|clearpoke
|poke|p1|Ludicolo, F|
|poke|p1|Charizard, F|
|poke|p1|Vikavolt, F|
|poke|p1|Absol, M|
|poke|p1|Perrserker, M|
|poke|p1|Piloswine, F|
|poke|p2|Kabutops, M|
|poke|p2|Vikavolt, M|
|poke|p2|Spiritomb, M|
|poke|p2|Perrserker, M|
|poke|p2|Regirock|
|poke|p2|Charizard, M|
|teampreview
|
|t:|1652912556
|start
|switch|p1a: Piloswine|Piloswine, F|100/100
|switch|p2a: Kabutops|Kabutops, M|100/100
|turn|1
|
|t:|1652912562
|move|p2a: Kabutops|Liquidation|p1a: Piloswine
|-supereffective|p1a: Piloswine
|-damage|p1a: Piloswine|28/100
|move|p1a: Piloswine|Earthquake|p2a: Kabutops
|-supereffective|p2a: Kabutops
|-enditem|p2a: Kabutops|Focus Sash
|-damage|p2a: Kabutops|1/100
|-ability|p2a: Kabutops|Weak Armor|boost
|-unboost|p2a: Kabutops|def|1
|-boost|p2a: Kabutops|spe|2
|
|upkeep
|turn|2
|
|t:|1652912571
|move|p2a: Kabutops|Aqua Jet|p1a: Piloswine
|-supereffective|p1a: Piloswine
|-damage|p1a: Piloswine|0 fnt
|faint|p1a: Piloswine
|
|upkeep
|
|t:|1652912582
|switch|p1a: Perrserker|Perrserker, M|100/100
|turn|3
|
|t:|1652912586
|move|p2a: Kabutops|Stealth Rock|p1a: Perrserker
|-sidestart|p1: mirrorbeans|move: Stealth Rock
|move|p1a: Perrserker|U-turn|p2a: Kabutops
|-damage|p2a: Kabutops|0 fnt
|faint|p2a: Kabutops
|
|t:|1652912598
|switch|p1a: Charizard|Charizard, F|100/100|[from]move: U-turn
|
|upkeep
|
|t:|1652912622
|switch|p2a: Spiritomb|Spiritomb, M|100/100
|turn|4
|
|t:|1652912631
|move|p1a: Charizard|Flamethrower|p2a: Spiritomb
|-damage|p2a: Spiritomb|54/100
|move|p2a: Spiritomb|Poltergeist|p1a: Charizard|[miss]
|-miss|p2a: Spiritomb|p1a: Charizard
|
|upkeep
|turn|5
|
|t:|1652912664
|move|p1a: Charizard|Defog|p2a: Spiritomb
|-unboost|p2a: Spiritomb|evasion|1
|-sideend|p1: mirrorbeans|Stealth Rock|[from] move: Defog|[of] p1a: Charizard
|move|p2a: Spiritomb|Poltergeist|p1a: Charizard
|-activate|p1a: Charizard|move: Poltergeist|Heavy-Duty Boots
|-damage|p1a: Charizard|0 fnt
|faint|p1a: Charizard
|
|upkeep
|
|t:|1652912691
|switch|p1a: Vikavolt|Vikavolt, F|100/100
|turn|6
|
|t:|1652912699
|move|p1a: Vikavolt|Thunderbolt|p2a: Spiritomb
|-damage|p2a: Spiritomb|0 fnt
|faint|p2a: Spiritomb
|-damage|p1a: Vikavolt|91/100|[from] item: Life Orb
|
|upkeep
|
|t:|1652912703
|switch|p2a: Charizard|Charizard, M|100/100
|turn|7
|
|t:|1652912717
|switch|p1a: Absol|Absol, M, shiny|100/100
|move|p2a: Charizard|Fire Blast|p1a: Absol|[miss]
|-miss|p2a: Charizard|p1a: Absol
|
|upkeep
|turn|8
|
|t:|1652912731
|move|p2a: Charizard|Focus Blast|p1a: Absol|[miss]
|-miss|p2a: Charizard|p1a: Absol
|move|p1a: Absol|Knock Off|p2a: Charizard
|-damage|p2a: Charizard|14/100
|-enditem|p2a: Charizard|Heavy-Duty Boots|[from] move: Knock Off|[of] p1a: Absol
|
|upkeep
|turn|9
|
|t:|1652912737
|move|p1a: Absol|Sucker Punch||[still]
|-fail|p1a: Absol
|move|p2a: Charizard|Roost|p2a: Charizard
|-heal|p2a: Charizard|64/100
|-singleturn|p2a: Charizard|move: Roost
|
|upkeep
|turn|10
|
|t:|1652912743
|move|p1a: Absol|Sucker Punch|p2a: Charizard
|-crit|p2a: Charizard
|-damage|p2a: Charizard|0 fnt
|faint|p2a: Charizard
|
|upkeep
|
|t:|1652912749
|switch|p2a: Perrserker|Perrserker, M|100/100
|turn|11
|
|t:|1652912755
|move|p2a: Perrserker|Close Combat|p1a: Absol
|-supereffective|p1a: Absol
|-damage|p1a: Absol|0 fnt
|-unboost|p2a: Perrserker|def|1
|-unboost|p2a: Perrserker|spd|1
|faint|p1a: Absol
|
|upkeep
|
|t:|1652912763
|switch|p1a: Vikavolt|Vikavolt, F|91/100
|turn|12
|
|t:|1652912779
|switch|p2a: Vikavolt|Vikavolt, M|100/100
|move|p1a: Vikavolt|Thunderbolt|p2a: Vikavolt
|-resisted|p2a: Vikavolt
|-damage|p2a: Vikavolt|71/100
|-damage|p1a: Vikavolt|81/100|[from] item: Life Orb
|
|upkeep
|turn|13
|
|t:|1652912794
|switch|p2a: Perrserker|Perrserker, M|100/100
|move|p1a: Vikavolt|Bug Buzz|p2a: Perrserker
|-resisted|p2a: Perrserker
|-damage|p2a: Perrserker|31/100
|-damage|p1a: Vikavolt|71/100|[from] item: Life Orb
|
|upkeep
|turn|14
|
|t:|1652912804
|move|p2a: Perrserker|Crunch|p1a: Vikavolt
|-damage|p1a: Vikavolt|27/100
|move|p1a: Vikavolt|Roost|p1a: Vikavolt
|-heal|p1a: Vikavolt|77/100
|-singleturn|p1a: Vikavolt|move: Roost
|
|upkeep
|turn|15
|
|t:|1652912810
|move|p2a: Perrserker|Crunch|p1a: Vikavolt
|-damage|p1a: Vikavolt|36/100
|move|p1a: Vikavolt|Thunderbolt|p2a: Perrserker
|-damage|p2a: Perrserker|0 fnt
|faint|p2a: Perrserker
|-damage|p1a: Vikavolt|26/100|[from] item: Life Orb
|
|upkeep
|
|t:|1652912817
|switch|p2a: Regirock|Regirock|100/100
|turn|16
|
|t:|1652912831
|switch|p1a: Perrserker|Perrserker, M|100/100
|move|p2a: Regirock|Stone Edge|p1a: Perrserker|[miss]
|-miss|p2a: Regirock|p1a: Perrserker
|
|upkeep
|turn|17
|
|t:|1652912837
|move|p2a: Regirock|Rock Polish|p2a: Regirock
|-boost|p2a: Regirock|spe|2
|move|p1a: Perrserker|Iron Head|p2a: Regirock
|-supereffective|p2a: Regirock
|-damage|p2a: Regirock|44/100
|-enditem|p2a: Regirock|Weakness Policy
|-boost|p2a: Regirock|atk|2|[from] item: Weakness Policy
|-boost|p2a: Regirock|spa|2|[from] item: Weakness Policy
|
|upkeep
|turn|18
|
|t:|1652912845
|move|p2a: Regirock|Drain Punch|p1a: Perrserker
|-supereffective|p1a: Perrserker
|-damage|p1a: Perrserker|8/100
|-heal|p2a: Regirock|96/100|[from] drain|[of] p1a: Perrserker
|move|p1a: Perrserker|Iron Head|p2a: Regirock
|-supereffective|p2a: Regirock
|-damage|p2a: Regirock|42/100
|
|upkeep
|turn|19
|
|t:|1652912852
|move|p2a: Regirock|Drain Punch|p1a: Perrserker
|-supereffective|p1a: Perrserker
|-damage|p1a: Perrserker|0 fnt
|-heal|p2a: Regirock|46/100|[from] drain|[of] p1a: Perrserker
|faint|p1a: Perrserker
|
|upkeep
|
|t:|1652912864
|switch|p1a: Ludicolo|Ludicolo, F, shiny|100/100
|turn|20
|
|t:|1652912884
|move|p2a: Regirock|Stone Edge|p1a: Ludicolo|[miss]
|-miss|p2a: Regirock|p1a: Ludicolo
|move|p1a: Ludicolo|Rain Dance|p1a: Ludicolo
|-weather|RainDance
|
|-weather|RainDance|[upkeep]
|upkeep
|turn|21
|
|t:|1652912890
|move|p1a: Ludicolo|Surf|p2a: Regirock
|-supereffective|p2a: Regirock
|-damage|p2a: Regirock|0 fnt
|faint|p2a: Regirock
|-damage|p1a: Ludicolo|91/100|[from] item: Life Orb
|
|-weather|RainDance|[upkeep]
|upkeep
|
|t:|1652912892
|switch|p2a: Vikavolt|Vikavolt, M|71/100
|turn|22
|
|t:|1652912897
|move|p1a: Ludicolo|Surf|p2a: Vikavolt
|-damage|p2a: Vikavolt|8/100
|-damage|p1a: Ludicolo|81/100|[from] item: Life Orb
|move|p2a: Vikavolt|Bug Buzz|p1a: Ludicolo
|-supereffective|p1a: Ludicolo
|-damage|p1a: Ludicolo|0 fnt
|faint|p1a: Ludicolo
|
|-weather|RainDance|[upkeep]
|upkeep
|
|t:|1652912905
|switch|p1a: Vikavolt|Vikavolt, F|26/100
|turn|23
|c|☆Persona111|simplesmente intankável o bostil
|
|t:|1652912911
|move|p1a: Vikavolt|Bug Buzz|p2a: Vikavolt
|-damage|p2a: Vikavolt|0 fnt
|faint|p2a: Vikavolt
|-damage|p1a: Vikavolt|16/100|[from] item: Life Orb
|
|win|mirrorbeans
|raw|mirrorbeans's rating: 1339 &rarr; <strong>1372</strong><br />(+33 for winning)
|raw|Persona111's rating: 1596 &rarr; <strong>1563</strong><br />(-33 for losing)
