|html|<div class="broadcast-blue"><strong>[Gen 8] PU is currently suspecting Drampa! For information on how to participate check out the <a href="https://www.smogon.com/forums/threads/np-pu-stage-7-i-hear-hyper-voices-in-my-head-drampa-suspect-test.3692992/">suspect thread</a>.</strong></div>
|j|☆Lucasm123
|j|☆one of the bouys
|t:|1635981269
|gametype|singles
|player|p1|Lucasm123|169|1279
|player|p2|one of the bouys|clown|1488
|teamsize|p1|6
|teamsize|p2|6
|gen|8
|tier|[Gen 8] PU
|rated|
|rule|Sleep Clause Mod: Limit one foe put to sleep
|rule|Species Clause: Limit one of each Pokémon
|rule|OHKO Clause: OHKO moves are banned
|rule|Evasion Moves Clause: Evasion moves are banned
|rule|Endless Battle Clause: Forcing endless battles is banned
|rule|HP Percentage Mod: HP is shown in percentages
|rule|Dynamax Clause: You cannot dynamax
|clearpoke
|poke|p1|Palossand, M|
|poke|p1|Drampa, F|
|poke|p1|Basculin, F|
|poke|p1|Charizard, M|
|poke|p1|Unfezant, M|
|poke|p1|Scrafty, F|
|poke|p2|Flapple, M|
|poke|p2|Drifblim, F|
|poke|p2|Sandaconda, F|
|poke|p2|Ribombee, M|
|poke|p2|Cryogonal|
|poke|p2|Gigalith, F|
|teampreview
|j| Gva
|inactive|Battle timer is ON: inactive players will automatically lose when time's up. (requested by one of the bouys)
|
|t:|1635981357
|start
|switch|p1a: Scrafty|Scrafty, F|100/100
|switch|p2a: Flapple|Flapple, M|100/100
|turn|1
|
|t:|1635981362
|switch|p1a: Charizard|Charizard, M|100/100
|move|p2a: Flapple|Grav Apple|p1a: Charizard
|-resisted|p1a: Charizard
|-damage|p1a: Charizard|72/100
|-unboost|p1a: Charizard|def|1
|-damage|p2a: Flapple|91/100|[from] item: Life Orb
|
|upkeep
|turn|2
|
|t:|1635981368
|move|p2a: Flapple|Sucker Punch|p1a: Charizard
|-damage|p1a: Charizard|0 fnt
|faint|p1a: Charizard
|-damage|p2a: Flapple|81/100|[from] item: Life Orb
|
|upkeep
|
|t:|1635981378
|switch|p1a: Scrafty|Scrafty, F|100/100
|turn|3
|
|t:|1635981383
|move|p2a: Flapple|Outrage|p1a: Scrafty
|-damage|p1a: Scrafty|0 fnt
|faint|p1a: Scrafty
|-damage|p2a: Flapple|71/100|[from] item: Life Orb
|
|upkeep
|
|t:|1635981387
|switch|p1a: Unfezant|Unfezant, M|100/100
|turn|4
|
|t:|1635981390
|move|p1a: Unfezant|Brave Bird|p2a: Flapple
|-supereffective|p2a: Flapple
|-damage|p2a: Flapple|0 fnt
|faint|p2a: Flapple
|-damage|p1a: Unfezant|79/100|[from] Recoil
|
|upkeep
|
|t:|1635981395
|switch|p2a: Gigalith|Gigalith, F|100/100
|turn|5
|
|t:|1635981398
|switch|p1a: Palossand|Palossand, M|100/100
|move|p2a: Gigalith|Toxic|p1a: Palossand
|-status|p1a: Palossand|tox
|
|-damage|p1a: Palossand|94/100 tox|[from] psn
|upkeep
|turn|6
|
|t:|1635981420
|switch|p2a: Ribombee|Ribombee, M|100/100
|move|p1a: Palossand|Stealth Rock|p2a: Ribombee
|-sidestart|p2: one of the bouys|move: Stealth Rock
|
|-heal|p1a: Palossand|100/100 tox|[from] item: Leftovers
|-damage|p1a: Palossand|88/100 tox|[from] psn
|upkeep
|turn|7
|
|t:|1635981438
|move|p2a: Ribombee|Quiver Dance|p2a: Ribombee
|-boost|p2a: Ribombee|spa|1
|-boost|p2a: Ribombee|spd|1
|-boost|p2a: Ribombee|spe|1
|move|p1a: Palossand|Shadow Ball|p2a: Ribombee
|-damage|p2a: Ribombee|68/100
|
|-heal|p1a: Palossand|94/100 tox|[from] item: Leftovers
|-damage|p1a: Palossand|76/100 tox|[from] psn
|upkeep
|turn|8
|
|t:|1635981445
|move|p2a: Ribombee|Quiver Dance|p2a: Ribombee
|-boost|p2a: Ribombee|spa|1
|-boost|p2a: Ribombee|spd|1
|-boost|p2a: Ribombee|spe|1
|move|p1a: Palossand|Shadow Ball|p2a: Ribombee
|-damage|p2a: Ribombee|41/100
|
|-heal|p1a: Palossand|82/100 tox|[from] item: Leftovers
|-damage|p1a: Palossand|57/100 tox|[from] psn
|upkeep
|turn|9
|
|t:|1635981447
|move|p2a: Ribombee|Roost|p2a: Ribombee
|-heal|p2a: Ribombee|92/100
|-singleturn|p2a: Ribombee|move: Roost
|move|p1a: Palossand|Shadow Ball|p2a: Ribombee
|-damage|p2a: Ribombee|69/100
|
|-heal|p1a: Palossand|64/100 tox|[from] item: Leftovers
|-damage|p1a: Palossand|33/100 tox|[from] psn
|upkeep
|turn|10
|
|t:|1635981456
|move|p2a: Ribombee|Quiver Dance|p2a: Ribombee
|-boost|p2a: Ribombee|spa|1
|-boost|p2a: Ribombee|spd|1
|-boost|p2a: Ribombee|spe|1
|move|p1a: Palossand|Shadow Ball|p2a: Ribombee
|-damage|p2a: Ribombee|50/100
|
|-heal|p1a: Palossand|39/100 tox|[from] item: Leftovers
|-damage|p1a: Palossand|2/100 tox|[from] psn
|upkeep
|turn|11
|
|t:|1635981461
|move|p2a: Ribombee|Roost|p2a: Ribombee
|-heal|p2a: Ribombee|99/100
|-singleturn|p2a: Ribombee|move: Roost
|move|p1a: Palossand|Shadow Ball|p2a: Ribombee
|-damage|p2a: Ribombee|79/100
|
|-heal|p1a: Palossand|8/100 tox|[from] item: Leftovers
|-damage|p1a: Palossand|0 fnt|[from] psn
|faint|p1a: Palossand
|upkeep
|
|t:|1635981463
|switch|p1a: Basculin|Basculin, F|100/100
|turn|12
|
|t:|1635981464
|move|p1a: Basculin|Aqua Jet|p2a: Ribombee
|-damage|p2a: Ribombee|12/100
|move|p2a: Ribombee|Moonblast|p1a: Basculin
|-damage|p1a: Basculin|0 fnt
|faint|p1a: Basculin
|
|upkeep
|-message|Lucasm123 forfeited.
|
|win|one of the bouys
|raw|Lucasm123's rating: 1279 &rarr; <strong>1267</strong><br />(-12 for losing)
|raw|one of the bouys's rating: 1488 &rarr; <strong>1497</strong><br />(+9 for winning)
|l|☆Lucasm123
