|j|☆PlzLykMi
|j|☆I'm Tapu Bulu
|t:|1652453131
|gametype|singles
|player|p1|PlzLykMi|dawn|1286
|player|p2|I'm Tapu Bulu|cyclist-gen4|1471
|teamsize|p1|6
|teamsize|p2|6
|gen|8
|tier|[Gen 8] PU
|rated|
|rule|Sleep Clause Mod: Limit one foe put to sleep
|rule|Species Clause: Limit one of each Pokémon
|rule|OHKO Clause: OHKO moves are banned
|rule|Evasion Moves Clause: Evasion moves are banned
|rule|Endless Battle Clause: Forcing endless battles is banned
|rule|HP Percentage Mod: HP is shown in percentages
|rule|Dynamax Clause: You cannot dynamax
|clearpoke
|poke|p1|Persian-Alola, M|
|poke|p1|Alcremie, F|
|poke|p1|Ribombee, M|
|poke|p1|Ferroseed, M|
|poke|p1|Gourgeist-*, M|
|poke|p1|Raichu, F|
|poke|p2|Charizard, F|
|poke|p2|Eldegoss, M|
|poke|p2|Rotom|
|poke|p2|Silvally-*|
|poke|p2|Glastrier|
|poke|p2|Sandaconda, F|
|teampreview
|inactive|Battle timer is ON: inactive players will automatically lose when time's up. (requested by PlzLykMi)
|inactive|I'm Tapu Bulu has 120 seconds left.
|
|t:|1652453197
|start
|switch|p1a: Persian|Persian-Alola, M|100/100
|switch|p2a: The Art of Dying|Silvally-Ghost|100/100
|turn|1
|
|t:|1652453212
|switch|p2a: Gift of Guilt|Sandaconda, F|100/100
|move|p1a: Persian|Dark Pulse|p2a: Gift of Guilt
|-damage|p2a: Gift of Guilt|61/100
|
|upkeep
|turn|2
|
|t:|1652453226
|move|p1a: Persian|Dark Pulse|p2a: Gift of Guilt
|-damage|p2a: Gift of Guilt|25/100
|cant|p2a: Gift of Guilt|flinch
|
|upkeep
|turn|3
|
|t:|1652453232
|switch|p2a: L'Enfant Sauvage|Eldegoss, M|100/100
|move|p1a: Persian|Dark Pulse|p2a: L'Enfant Sauvage
|-damage|p2a: L'Enfant Sauvage|71/100
|
|upkeep
|turn|4
|
|t:|1652453244
|switch|p1a: Ferroseed|Ferroseed, M|100/100
|move|p2a: L'Enfant Sauvage|Leaf Storm|p1a: Ferroseed
|-resisted|p1a: Ferroseed
|-damage|p1a: Ferroseed|88/100
|-unboost|p2a: L'Enfant Sauvage|spa|2
|
|upkeep
|turn|5
|
|t:|1652453255
|switch|p2a: Gift of Guilt|Sandaconda, F|25/100
|move|p1a: Ferroseed|Knock Off|p2a: Gift of Guilt
|-damage|p2a: Gift of Guilt|16/100
|-damage|p1a: Ferroseed|72/100|[from] item: Rocky Helmet|[of] p2a: Gift of Guilt
|-enditem|p2a: Gift of Guilt|Rocky Helmet|[from] move: Knock Off|[of] p1a: Ferroseed
|
|upkeep
|turn|6
|inactive|PlzLykMi has 120 seconds left.
|
|t:|1652453291
|switch|p1a: Gourgeist|Gourgeist-Super, M|100/100
|move|p2a: Gift of Guilt|Stealth Rock|p1a: Gourgeist
|-sidestart|p1: PlzLykMi|move: Stealth Rock
|
|upkeep
|turn|7
|inactive|I'm Tapu Bulu has 120 seconds left.
|
|t:|1652453333
|move|p2a: Gift of Guilt|Glare|p1a: Gourgeist
|-status|p1a: Gourgeist|par
|move|p1a: Gourgeist|Poltergeist||[still]
|-fail|p1a: Gourgeist
|
|upkeep
|turn|8
|
|t:|1652453344
|switch|p1a: Ribombee|Ribombee, M|100/100
|move|p2a: Gift of Guilt|Stone Edge|p1a: Ribombee|[miss]
|-miss|p2a: Gift of Guilt|p1a: Ribombee
|
|upkeep
|turn|9
|
|t:|1652453355
|move|p1a: Ribombee|Moonblast|p2a: Gift of Guilt
|-damage|p2a: Gift of Guilt|0 fnt
|faint|p2a: Gift of Guilt
|
|upkeep
|
|t:|1652453358
|switch|p2a: Heaviest Matter|Glastrier|100/100
|turn|10
|
|t:|1652453364
|move|p1a: Ribombee|Sticky Web|p2a: Heaviest Matter
|-sidestart|p2: I'm Tapu Bulu|move: Sticky Web
|move|p2a: Heaviest Matter|Icicle Crash|p1a: Ribombee
|-damage|p1a: Ribombee|0 fnt
|faint|p1a: Ribombee
|-ability|p2a: Heaviest Matter|Chilling Neigh|boost
|-boost|p2a: Heaviest Matter|atk|1
|
|upkeep
|
|t:|1652453379
|switch|p1a: Alcremie|Alcremie, F|100/100
|-damage|p1a: Alcremie|88/100|[from] Stealth Rock
|turn|11
|
|t:|1652453405
|move|p1a: Alcremie|Mystical Fire|p2a: Heaviest Matter
|-supereffective|p2a: Heaviest Matter
|-damage|p2a: Heaviest Matter|49/100
|-unboost|p2a: Heaviest Matter|spa|1
|move|p2a: Heaviest Matter|Icicle Crash|p1a: Alcremie
|-damage|p1a: Alcremie|0 fnt
|faint|p1a: Alcremie
|-ability|p2a: Heaviest Matter|Chilling Neigh|boost
|-boost|p2a: Heaviest Matter|atk|1
|
|upkeep
|inactive|PlzLykMi has 120 seconds left.
|
|t:|1652453431
|switch|p1a: Raichu|Raichu, F|100/100
|-damage|p1a: Raichu|88/100|[from] Stealth Rock
|turn|12
|inactive|PlzLykMi has 120 seconds left.
|inactive|I'm Tapu Bulu has 120 seconds left.
|
|t:|1652453458
|move|p1a: Raichu|Thunderbolt|p2a: Heaviest Matter
|-damage|p2a: Heaviest Matter|3/100
|-damage|p1a: Raichu|78/100|[from] item: Life Orb
|move|p2a: Heaviest Matter|Icicle Crash|p1a: Raichu
|-damage|p1a: Raichu|0 fnt
|faint|p1a: Raichu
|-ability|p2a: Heaviest Matter|Chilling Neigh|boost
|-boost|p2a: Heaviest Matter|atk|1
|
|upkeep
|inactive|PlzLykMi has 120 seconds left.
|
|t:|1652453471
|switch|p1a: Persian|Persian-Alola, M|100/100
|-damage|p1a: Persian|88/100|[from] Stealth Rock
|turn|13
|inactive|PlzLykMi has 120 seconds left.
|
|t:|1652453477
|move|p1a: Persian|Dark Pulse|p2a: Heaviest Matter
|-damage|p2a: Heaviest Matter|0 fnt
|faint|p2a: Heaviest Matter
|
|upkeep
|inactive|I'm Tapu Bulu has 120 seconds left.
|
|t:|1652453492
|switch|p2a: Magma|Charizard, F|100/100
|turn|14
|inactive|PlzLykMi has 120 seconds left.
|
|t:|1652453517
|move|p1a: Persian|Dark Pulse|p2a: Magma
|-damage|p2a: Magma|66/100
|cant|p2a: Magma|flinch
|
|upkeep
|turn|15
|inactive|PlzLykMi has 120 seconds left.
|inactive|I'm Tapu Bulu has 120 seconds left.
|
|t:|1652453561
|move|p1a: Persian|Dark Pulse|p2a: Magma
|-damage|p2a: Magma|26/100
|move|p2a: Magma|Flamethrower|p1a: Persian
|-damage|p1a: Persian|0 fnt
|faint|p1a: Persian
|
|upkeep
|inactive|PlzLykMi has 120 seconds left.
|
|t:|1652453571
|switch|p1a: Gourgeist|Gourgeist-Super, M|100/100 par
|-damage|p1a: Gourgeist|88/100 par|[from] Stealth Rock
|-item|p2a: Magma|Heavy-Duty Boots|[from] ability: Frisk|[of] p1a: Gourgeist|[identify]
|turn|16
|
|t:|1652453578
|move|p1a: Gourgeist|Shadow Sneak|p2a: Magma
|-damage|p2a: Magma|0 fnt
|faint|p2a: Magma
|
|upkeep
|
|t:|1652453591
|switch|p2a: The Art of Dying|Silvally-Ghost|100/100
|-activate|p2a: The Art of Dying|move: Sticky Web
|-unboost|p2a: The Art of Dying|spe|1
|turn|17
|
|t:|1652453595
|switch|p1a: Ferroseed|Ferroseed, M|72/100
|-damage|p1a: Ferroseed|66/100|[from] Stealth Rock
|move|p2a: The Art of Dying|Multi-Attack|p1a: Ferroseed
|-damage|p1a: Ferroseed|37/100
|-damage|p2a: The Art of Dying|88/100|[from] ability: Iron Barbs|[of] p1a: Ferroseed
|
|upkeep
|turn|18
|
|t:|1652453608
|move|p2a: The Art of Dying|Flame Charge|p1a: Ferroseed
|-supereffective|p1a: Ferroseed
|-damage|p1a: Ferroseed|5/100
|-boost|p2a: The Art of Dying|spe|1
|-damage|p2a: The Art of Dying|76/100|[from] ability: Iron Barbs|[of] p1a: Ferroseed
|move|p1a: Ferroseed|Stealth Rock|p2a: The Art of Dying
|-sidestart|p2: I'm Tapu Bulu|move: Stealth Rock
|
|upkeep
|turn|19
|
|t:|1652453623
|move|p2a: The Art of Dying|Multi-Attack|p1a: Ferroseed
|-damage|p1a: Ferroseed|0 fnt
|-damage|p2a: The Art of Dying|63/100|[from] ability: Iron Barbs|[of] p1a: Ferroseed
|faint|p1a: Ferroseed
|
|upkeep
|
|t:|1652453629
|switch|p1a: Gourgeist|Gourgeist-Super, M|88/100 par
|-damage|p1a: Gourgeist|76/100 par|[from] Stealth Rock
|-item|p2a: The Art of Dying|Ghost Memory|[from] ability: Frisk|[of] p1a: Gourgeist|[identify]
|turn|20
|
|t:|1652453642
|move|p1a: Gourgeist|Shadow Sneak|p2a: The Art of Dying
|-supereffective|p2a: The Art of Dying
|-damage|p2a: The Art of Dying|0 fnt
|faint|p2a: The Art of Dying
|
|upkeep
|inactive|I'm Tapu Bulu has 120 seconds left.
|
|t:|1652453668
|switch|p2a: L'Enfant Sauvage|Eldegoss, M|100/100
|turn|21
|
|t:|1652453674
|move|p1a: Gourgeist|Shadow Sneak|p2a: L'Enfant Sauvage
|-damage|p2a: L'Enfant Sauvage|59/100
|move|p2a: L'Enfant Sauvage|Leaf Storm|p1a: Gourgeist
|-resisted|p1a: Gourgeist
|-damage|p1a: Gourgeist|48/100 par
|-unboost|p2a: L'Enfant Sauvage|spa|2
|
|upkeep
|turn|22
|inactive|I'm Tapu Bulu has 120 seconds left.
|
|t:|1652453694
|move|p1a: Gourgeist|Shadow Sneak|p2a: L'Enfant Sauvage
|-damage|p2a: L'Enfant Sauvage|23/100
|move|p2a: L'Enfant Sauvage|Leaf Storm|p1a: Gourgeist
|-resisted|p1a: Gourgeist
|-damage|p1a: Gourgeist|31/100 par
|-unboost|p2a: L'Enfant Sauvage|spa|2
|
|upkeep
|turn|23
|
|t:|1652453702
|move|p1a: Gourgeist|Shadow Sneak|p2a: L'Enfant Sauvage
|-damage|p2a: L'Enfant Sauvage|0 fnt
|faint|p2a: L'Enfant Sauvage
|
|upkeep
|
|t:|1652453704
|switch|p2a: Flying Whales|Rotom|100/100
|-damage|p2a: Flying Whales|88/100|[from] Stealth Rock
|turn|24
|
|t:|1652453709
|move|p1a: Gourgeist|Shadow Sneak|p2a: Flying Whales
|-supereffective|p2a: Flying Whales
|-damage|p2a: Flying Whales|0 fnt
|faint|p2a: Flying Whales
|
|win|PlzLykMi
|raw|PlzLykMi's rating: 1286 &rarr; <strong>1323</strong><br />(+37 for winning)
|raw|I&apos;m Tapu Bulu's rating: 1471 &rarr; <strong>1441</strong><br />(-30 for losing)
|l|☆I'm Tapu Bulu
|c|☆PlzLykMi|gg
||Ladder isn't responding, score probably updated but might not have (Request timeout).
