|raw|<div class="broadcast-blue"><strong>This battle is required to be public due to a player having a name starting with 'pult61a'.</div>
|j|☆Jhang
|j|☆pult61a p
|t:|1627266853
|gametype|singles
|player|p1|Jhang|juan|1290
|player|p2|pult61a p|hilda-wonderlauncher|1648
|teamsize|p1|6
|teamsize|p2|6
|gen|8
|tier|[Gen 8] PU
|rated|
|rule|Sleep Clause Mod: Limit one foe put to sleep
|rule|Species Clause: Limit one of each Pokémon
|rule|OHKO Clause: OHKO moves are banned
|rule|Evasion Moves Clause: Evasion moves are banned
|rule|Endless Battle Clause: Forcing endless battles is banned
|rule|HP Percentage Mod: HP is shown in percentages
|rule|Dynamax Clause: You cannot dynamax
|clearpoke
|poke|p1|Tsareena, F|
|poke|p1|Aggron, M|
|poke|p1|Charizard, M|
|poke|p1|Drampa, M|
|poke|p1|Articuno-Galar|
|poke|p1|Jellicent, M|
|poke|p2|Weezing, F|
|poke|p2|Quagsire, F|
|poke|p2|Articuno|
|poke|p2|Miltank, F|
|poke|p2|Tsareena, F|
|poke|p2|Duosion, F|
|teampreview
|j| MLT7B1 stan izone
|j| ASKOV
|inactive|Battle timer is ON: inactive players will automatically lose when time's up. (requested by pult61a p)
|j| meri berry
|
|t:|1627266877
|start
|switch|p1a: Charizard|Charizard, M|100/100
|switch|p2a: Weezing|Weezing, F|100/100
|-ability|p2a: Weezing|Neutralizing Gas
|turn|1
|j|+chlo
|
|t:|1627266886
|-end|p2a: Weezing|ability: Neutralizing Gas
|switch|p2a: Miltank|Miltank, F|100/100
|move|p1a: Charizard|Substitute|p1a: Charizard
|-start|p1a: Charizard|Substitute
|-damage|p1a: Charizard|75/100
|
|upkeep
|turn|2
|
|t:|1627266894
|move|p1a: Charizard|Toxic|p2a: Miltank
|-status|p2a: Miltank|tox
|move|p2a: Miltank|Stealth Rock|p1a: Charizard
|-sidestart|p1: Jhang|move: Stealth Rock
|
|-damage|p2a: Miltank|94/100 tox|[from] psn
|upkeep
|turn|3
|
|t:|1627266902
|switch|p2a: Duosion|Duosion, F|100/100
|move|p1a: Charizard|Flamethrower|p2a: Duosion
|-damage|p2a: Duosion|76/100
|
|upkeep
|turn|4
|
|t:|1627266915
|switch|p1a: Jellicent|Jellicent, M|100/100
|-damage|p1a: Jellicent|88/100|[from] Stealth Rock
|move|p2a: Duosion|Recover|p2a: Duosion
|-heal|p2a: Duosion|100/100
|
|upkeep
|turn|5
|
|t:|1627266923
|move|p1a: Jellicent|Taunt|p2a: Duosion
|-start|p2a: Duosion|move: Taunt
|move|p2a: Duosion|Infestation|p1a: Jellicent
|-resisted|p1a: Jellicent
|-damage|p1a: Jellicent|86/100
|-activate|p1a: Jellicent|move: Infestation|[of] p2a: Duosion
|
|-damage|p1a: Jellicent|74/100|[from] move: Infestation|[partiallytrapped]
|upkeep
|turn|6
|
|t:|1627266935
|move|p1a: Jellicent|Will-O-Wisp|p2a: Duosion
|-status|p2a: Duosion|brn
|move|p2a: Duosion|Psychic|p1a: Jellicent
|-damage|p1a: Jellicent|45/100
|-start|p2a: Duosion|Disable|Psychic|[from] ability: Cursed Body|[of] p1a: Jellicent
|
|-damage|p1a: Jellicent|33/100|[from] move: Infestation|[partiallytrapped]
|upkeep
|turn|7
|
|t:|1627266947
|switch|p2a: Articuno|Articuno|100/100
|-ability|p2a: Articuno|Pressure
|move|p1a: Jellicent|Recover|p1a: Jellicent
|-heal|p1a: Jellicent|83/100
|
|-end|p1a: Jellicent|Infestation|[partiallytrapped]|[silent]
|upkeep
|turn|8
|j| sugar ovens
|j| pult61a Zip
|
|t:|1627266959
|switch|p2a: Weezing|Weezing, F|100/100
|-ability|p2a: Weezing|Neutralizing Gas
|switch|p1a: Aggron|Aggron, M|100/100
|-damage|p1a: Aggron|94/100|[from] Stealth Rock
|
|-heal|p1a: Aggron|100/100|[from] item: Leftovers
|upkeep
|turn|9
|
|t:|1627266973
|move|p2a: Weezing|Will-O-Wisp|p1a: Aggron
|-status|p1a: Aggron|brn
|move|p1a: Aggron|Stealth Rock|p2a: Weezing
|-sidestart|p2: pult61a p|move: Stealth Rock
|
|-damage|p1a: Aggron|94/100 brn|[from] brn
|upkeep
|turn|10
|
|t:|1627266986
|switch|p1a: Drampa|Drampa, M|100/100
|-damage|p1a: Drampa|88/100|[from] Stealth Rock
|move|p2a: Weezing|Toxic Spikes|p1a: Drampa
|-sidestart|p1: Jhang|move: Toxic Spikes
|
|upkeep
|turn|11
|
|t:|1627266993
|-end|p2a: Weezing|ability: Neutralizing Gas
|switch|p2a: Articuno|Articuno|100/100
|-ability|p2a: Articuno|Pressure
|move|p1a: Drampa|Draco Meteor|p2a: Articuno
|-damage|p2a: Articuno|20/100
|-unboost|p1a: Drampa|spa|2
|
|upkeep
|turn|12
|
|t:|1627267003
|move|p2a: Articuno|Roost|p2a: Articuno
|-heal|p2a: Articuno|70/100
|-singleturn|p2a: Articuno|move: Roost
|move|p1a: Drampa|Draco Meteor|p2a: Articuno
|-damage|p2a: Articuno|32/100
|-unboost|p1a: Drampa|spa|2
|
|upkeep
|turn|13
|l| MLT7B1 stan izone
|
|t:|1627267016
|switch|p1a: Aggron|Aggron, M|94/100 brn
|-damage|p1a: Aggron|88/100 brn|[from] Stealth Rock
|move|p2a: Articuno|Roost|p2a: Articuno
|-heal|p2a: Articuno|82/100
|-singleturn|p2a: Articuno|move: Roost
|
|-heal|p1a: Aggron|94/100 brn|[from] item: Leftovers
|-damage|p1a: Aggron|88/100 brn|[from] brn
|upkeep
|turn|14
|
|t:|1627267029
|switch|p2a: Duosion|Duosion, F|100/100 brn
|move|p1a: Aggron|Heavy Slam|p2a: Duosion
|-damage|p2a: Duosion|64/100 brn
|
|-heal|p1a: Aggron|94/100 brn|[from] item: Leftovers
|-damage|p1a: Aggron|88/100 brn|[from] brn
|upkeep
|turn|15
|
|t:|1627267041
|switch|p1a: Tsareena|Tsareena, F|100/100
|move|p2a: Duosion|Recover|p2a: Duosion
|-heal|p2a: Duosion|100/100 brn
|
|upkeep
|turn|16
|j| MLT7B1 stan izone
|
|t:|1627267054
|switch|p2a: Tsareena|Tsareena, F|100/100
|move|p1a: Tsareena|Rapid Spin|p2a: Tsareena
|-damage|p2a: Tsareena|89/100
|-boost|p1a: Tsareena|spe|1
|-sideend|p1: Jhang|Toxic Spikes|[from] move: Rapid Spin|[of] p1a: Tsareena
|-sideend|p1: Jhang|Stealth Rock|[from] move: Rapid Spin|[of] p1a: Tsareena
|
|upkeep
|turn|17
|
|t:|1627267062
|move|p1a: Tsareena|Aromatherapy|p1a: Tsareena
|-activate|p1a: Tsareena|move: Aromatherapy
|-curestatus|p1: Aggron|brn|[msg]
|move|p2a: Tsareena|Rapid Spin|p1a: Tsareena
|-damage|p1a: Tsareena|84/100
|-boost|p2a: Tsareena|spe|1
|-sideend|p2: pult61a p|Stealth Rock|[from] move: Rapid Spin|[of] p2a: Tsareena
|
|upkeep
|turn|18
|
|t:|1627267071
|switch|p1a: Charizard|Charizard, M|75/100
|move|p2a: Tsareena|Knock Off|p1a: Charizard
|-damage|p1a: Charizard|42/100
|-enditem|p1a: Charizard|Heavy-Duty Boots|[from] move: Knock Off|[of] p2a: Tsareena
|
|upkeep
|turn|19
|
|t:|1627267081
|switch|p2a: Miltank|Miltank, F|94/100 tox
|move|p1a: Charizard|Flamethrower|p2a: Miltank
|-damage|p2a: Miltank|81/100 tox
|
|-damage|p2a: Miltank|75/100 tox|[from] psn
|upkeep
|turn|20
|
|t:|1627267093
|switch|p1a: Aggron|Aggron, M|88/100
|move|p2a: Miltank|Stealth Rock|p1a: Aggron
|-sidestart|p1: Jhang|move: Stealth Rock
|
|-heal|p1a: Aggron|94/100|[from] item: Leftovers
|-damage|p2a: Miltank|63/100 tox|[from] psn
|upkeep
|turn|21
|
|t:|1627267102
|switch|p2a: Tsareena|Tsareena, F|89/100
|move|p1a: Aggron|Stealth Rock|p2a: Tsareena
|-sidestart|p2: pult61a p|move: Stealth Rock
|
|-heal|p1a: Aggron|100/100|[from] item: Leftovers
|upkeep
|turn|22
|
|t:|1627267110
|move|p2a: Tsareena|Knock Off|p1a: Aggron
|-damage|p1a: Aggron|85/100
|-enditem|p1a: Aggron|Leftovers|[from] move: Knock Off|[of] p2a: Tsareena
|move|p1a: Aggron|Head Smash|p2a: Tsareena
|-damage|p2a: Tsareena|30/100
|
|upkeep
|turn|23
|
|t:|1627267118
|move|p2a: Tsareena|Synthesis|p2a: Tsareena
|-heal|p2a: Tsareena|80/100
|move|p1a: Aggron|Head Smash|p2a: Tsareena
|-damage|p2a: Tsareena|22/100
|
|upkeep
|turn|24
|
|t:|1627267125
|move|p2a: Tsareena|Synthesis|p2a: Tsareena
|-heal|p2a: Tsareena|72/100
|move|p1a: Aggron|Head Smash|p2a: Tsareena
|-damage|p2a: Tsareena|12/100
|
|upkeep
|turn|25
|
|t:|1627267132
|move|p2a: Tsareena|Synthesis|p2a: Tsareena
|-heal|p2a: Tsareena|62/100
|move|p1a: Aggron|Heavy Slam|p2a: Tsareena
|-damage|p2a: Tsareena|18/100
|
|upkeep
|turn|26
|
|t:|1627267138
|move|p2a: Tsareena|Synthesis|p2a: Tsareena
|-heal|p2a: Tsareena|68/100
|move|p1a: Aggron|Head Smash|p2a: Tsareena
|-damage|p2a: Tsareena|16/100
|
|upkeep
|turn|27
|
|t:|1627267144
|switch|p2a: Quagsire|Quagsire, F|100/100
|move|p1a: Aggron|Heavy Slam|p2a: Quagsire
|-resisted|p2a: Quagsire
|-crit|p2a: Quagsire
|-damage|p2a: Quagsire|75/100
|
|upkeep
|turn|28
|
|t:|1627267157
|switch|p1a: Tsareena|Tsareena, F|84/100
|switch|p2a: Articuno|Articuno|82/100
|-ability|p2a: Articuno|Pressure
|
|upkeep
|turn|29
|
|t:|1627267166
|switch|p1a: Aggron|Aggron, M|85/100
|-damage|p1a: Aggron|79/100|[from] Stealth Rock
|move|p2a: Articuno|Freeze-Dry|p1a: Aggron
|-resisted|p1a: Aggron
|-damage|p1a: Aggron|62/100
|
|upkeep
|turn|30
|
|t:|1627267175
|switch|p2a: Quagsire|Quagsire, F|75/100
|move|p1a: Aggron|Head Smash|p2a: Quagsire
|-resisted|p2a: Quagsire
|-damage|p2a: Quagsire|51/100
|
|upkeep
|turn|31
|l| ASKOV
|
|t:|1627267188
|switch|p1a: Tsareena|Tsareena, F|84/100
|move|p2a: Quagsire|Recover|p2a: Quagsire
|-heal|p2a: Quagsire|100/100
|
|upkeep
|turn|32
|
|t:|1627267195
|switch|p2a: Weezing|Weezing, F|100/100
|-ability|p2a: Weezing|Neutralizing Gas
|-damage|p2a: Weezing|88/100|[from] Stealth Rock
|move|p1a: Tsareena|Rapid Spin|p2a: Weezing
|-damage|p2a: Weezing|76/100
|-boost|p1a: Tsareena|spe|1
|-damage|p1a: Tsareena|67/100|[from] item: Rocky Helmet|[of] p2a: Weezing
|-sideend|p1: Jhang|Stealth Rock|[from] move: Rapid Spin|[of] p1a: Tsareena
|
|upkeep
|turn|33
|j| ASKOV
|j| bagoftrixx
|
|t:|1627267222
|switch|p1a: Drampa|Drampa, M|88/100
|move|p2a: Weezing|Toxic Spikes|p1a: Drampa
|-sidestart|p1: Jhang|move: Toxic Spikes
|
|upkeep
|turn|34
|inactive|pult61a p has 120 seconds left.
|c|☆Jhang|Oh god
|c|☆Jhang|This is becoming a party
|inactive|pult61a p has 90 seconds left.
|c|☆Jhang|Wait shoot
|
|t:|1627267287
|-end|p2a: Weezing|ability: Neutralizing Gas
|switch|p2a: Duosion|Duosion, F|100/100 brn
|move|p1a: Drampa|Hyper Voice|p2a: Duosion
|-damage|p2a: Duosion|50/100 brn
|
|upkeep
|turn|35
|c|☆Jhang|You are p
|c|☆Jhang|Oh no
|c|☆Jhang|Oh nooook
|
|t:|1627267298
|switch|p2a: Articuno|Articuno|82/100
|-ability|p2a: Articuno|Pressure
|move|p1a: Drampa|Hyper Voice|p2a: Articuno
|-damage|p2a: Articuno|30/100
|
|upkeep
|turn|36
|
|t:|1627267307
|switch|p1a: Aggron|Aggron, M|62/100
|move|p2a: Articuno|Roost|p2a: Articuno
|-heal|p2a: Articuno|80/100
|-singleturn|p2a: Articuno|move: Roost
|
|upkeep
|turn|37
|
|t:|1627267316
|switch|p2a: Quagsire|Quagsire, F|100/100
|move|p1a: Aggron|Heavy Slam|p2a: Quagsire
|-resisted|p2a: Quagsire
|-damage|p2a: Quagsire|83/100
|
|upkeep
|turn|38
|inactive|pult61a p has 90 seconds left.
|
|t:|1627267332
|switch|p1a: Tsareena|Tsareena, F|67/100
|move|p2a: Quagsire|Scald|p1a: Tsareena
|-resisted|p1a: Tsareena
|-damage|p1a: Tsareena|54/100
|-status|p1a: Tsareena|brn
|
|-damage|p1a: Tsareena|48/100 brn|[from] brn
|upkeep
|turn|39
|inactive|pult61a p has 90 seconds left.
|
|t:|1627267348
|switch|p2a: Weezing|Weezing, F|76/100
|-ability|p2a: Weezing|Neutralizing Gas
|-damage|p2a: Weezing|64/100|[from] Stealth Rock
|move|p1a: Tsareena|Aromatherapy|p1a: Tsareena
|-activate|p1a: Tsareena|move: Aromatherapy
|-curestatus|p1a: Tsareena|brn|[msg]
|
|upkeep
|turn|40
|inactive|pult61a p has 90 seconds left.
|
|t:|1627267366
|switch|p1a: Charizard|Charizard, M|42/100
|move|p2a: Weezing|Sludge Bomb|p1a: Charizard
|-damage|p1a: Charizard|14/100
|
|upkeep
|turn|41
|inactive|pult61a p has 90 seconds left.
|
|t:|1627267373
|-end|p2a: Weezing|ability: Neutralizing Gas
|switch|p2a: Miltank|Miltank, F|63/100 tox
|move|p1a: Charizard|Roost|p1a: Charizard
|-heal|p1a: Charizard|64/100
|-singleturn|p1a: Charizard|move: Roost
|
|-damage|p2a: Miltank|57/100 tox|[from] psn
|upkeep
|turn|42
|
|t:|1627267386
|switch|p1a: Tsareena|Tsareena, F|48/100
|move|p2a: Miltank|Milk Drink|p2a: Miltank
|-heal|p2a: Miltank|100/100 tox
|
|-damage|p2a: Miltank|88/100 tox|[from] psn
|upkeep
|turn|43
|
|t:|1627267395
|switch|p2a: Weezing|Weezing, F|64/100
|-ability|p2a: Weezing|Neutralizing Gas
|-damage|p2a: Weezing|52/100|[from] Stealth Rock
|move|p1a: Tsareena|Knock Off|p2a: Weezing
|-damage|p2a: Weezing|31/100
|-damage|p1a: Tsareena|32/100|[from] item: Rocky Helmet|[of] p2a: Weezing
|-enditem|p2a: Weezing|Rocky Helmet|[from] move: Knock Off|[of] p1a: Tsareena
|
|upkeep
|turn|44
|
|t:|1627267410
|switch|p1a: Aggron|Aggron, M|62/100
|move|p2a: Weezing|Rest|p2a: Weezing
|-status|p2a: Weezing|slp|[from] move: Rest
|-heal|p2a: Weezing|100/100 slp|[silent]
|
|upkeep
|turn|45
|
|t:|1627267418
|-end|p2a: Weezing|ability: Neutralizing Gas
|switch|p2a: Quagsire|Quagsire, F|83/100
|move|p1a: Aggron|Heavy Slam|p2a: Quagsire
|-resisted|p2a: Quagsire
|-damage|p2a: Quagsire|67/100
|
|upkeep
|turn|46
|
|t:|1627267436
|switch|p1a: Drampa|Drampa, M|88/100
|-status|p1a: Drampa|psn
|-ability|p1a: Drampa|Cloud Nine
|move|p2a: Quagsire|Scald|p1a: Drampa
|-resisted|p1a: Drampa
|-damage|p1a: Drampa|75/100 psn
|
|-damage|p1a: Drampa|63/100 psn|[from] psn
|upkeep
|turn|47
|inactive|pult61a p has 120 seconds left.
|
|t:|1627267467
|switch|p2a: Duosion|Duosion, F|50/100 brn
|move|p1a: Drampa|Draco Meteor|p2a: Duosion
|-crit|p2a: Duosion
|-damage|p2a: Duosion|0 fnt
|-unboost|p1a: Drampa|spa|2
|faint|p2a: Duosion
|
|-damage|p1a: Drampa|50/100 psn|[from] psn
|upkeep
|
|t:|1627267469
|switch|p2a: Articuno|Articuno|80/100
|-ability|p2a: Articuno|Pressure
|turn|48
|inactive|pult61a p has 120 seconds left.
|
|t:|1627267483
|switch|p1a: Aggron|Aggron, M|62/100
|move|p2a: Articuno|Roost|p2a: Articuno
|-heal|p2a: Articuno|100/100
|-singleturn|p2a: Articuno|move: Roost
|
|upkeep
|turn|49
|l| bagoftrixx
|inactive|pult61a p has 120 seconds left.
|
|t:|1627267496
|switch|p2a: Quagsire|Quagsire, F|67/100
|switch|p1a: Articuno|Articuno-Galar|100/100
|
|upkeep
|turn|50
|
|t:|1627267511
|switch|p2a: Articuno|Articuno|100/100
|-ability|p2a: Articuno|Pressure
|move|p1a: Articuno|Freezing Glare|p2a: Articuno
|-damage|p2a: Articuno|69/100
|
|upkeep
|turn|51
|
|t:|1627267529
|move|p2a: Articuno|Roost|p2a: Articuno
|-heal|p2a: Articuno|100/100
|-singleturn|p2a: Articuno|move: Roost
|move|p1a: Articuno|Agility|p1a: Articuno
|-boost|p1a: Articuno|spe|2
|
|upkeep
|turn|52
|
|t:|1627267537
|move|p1a: Articuno|Freezing Glare|p2a: Articuno
|-damage|p2a: Articuno|69/100
|move|p2a: Articuno|Haze|p2a: Articuno
|-clearallboost
|
|upkeep
|turn|53
|
|t:|1627267551
|switch|p1a: Charizard|Charizard, M|64/100
|move|p2a: Articuno|Roost|p2a: Articuno
|-heal|p2a: Articuno|100/100
|-singleturn|p2a: Articuno|move: Roost
|
|upkeep
|turn|54
|
|t:|1627267567
|switch|p2a: Miltank|Miltank, F|88/100 tox
|move|p1a: Charizard|Roost|p1a: Charizard
|-heal|p1a: Charizard|100/100
|-singleturn|p1a: Charizard|move: Roost
|
|-damage|p2a: Miltank|82/100 tox|[from] psn
|upkeep
|turn|55
|
|t:|1627267579
|switch|p1a: Aggron|Aggron, M|62/100
|move|p2a: Miltank|Stealth Rock|p1a: Aggron
|-sidestart|p1: Jhang|move: Stealth Rock
|
|-damage|p2a: Miltank|70/100 tox|[from] psn
|upkeep
|turn|56
|
|t:|1627267591
|switch|p2a: Quagsire|Quagsire, F|67/100
|move|p1a: Aggron|Head Smash|p2a: Quagsire
|-resisted|p2a: Quagsire
|-damage|p2a: Quagsire|42/100
|
|upkeep
|turn|57
|
|t:|1627267600
|switch|p1a: Tsareena|Tsareena, F|32/100
|switch|p2a: Articuno|Articuno|100/100
|-ability|p2a: Articuno|Pressure
|
|upkeep
|turn|58
|
|t:|1627267608
|switch|p1a: Charizard|Charizard, M|100/100
|-damage|p1a: Charizard|50/100|[from] Stealth Rock
|move|p2a: Articuno|Freeze-Dry|p1a: Charizard
|-damage|p1a: Charizard|24/100
|
|upkeep
|turn|59
|
|t:|1627267616
|switch|p2a: Quagsire|Quagsire, F|42/100
|move|p1a: Charizard|Roost|p1a: Charizard
|-heal|p1a: Charizard|74/100
|-singleturn|p1a: Charizard|move: Roost
|
|upkeep
|turn|60
|
|t:|1627267624
|move|p1a: Charizard|Toxic|p2a: Quagsire
|-status|p2a: Quagsire|tox
|move|p2a: Quagsire|Scald|p1a: Charizard
|-supereffective|p1a: Charizard
|-damage|p1a: Charizard|35/100
|
|-damage|p2a: Quagsire|36/100 tox|[from] psn
|upkeep
|turn|61
|
|t:|1627267635
|move|p1a: Charizard|Roost|p1a: Charizard
|-heal|p1a: Charizard|85/100
|-singleturn|p1a: Charizard|move: Roost
|move|p2a: Quagsire|Earthquake|p1a: Charizard
|-supereffective|p1a: Charizard
|-damage|p1a: Charizard|17/100
|
|-damage|p2a: Quagsire|24/100 tox|[from] psn
|upkeep
|turn|62
|
|t:|1627267651
|move|p1a: Charizard|Roost|p1a: Charizard
|-heal|p1a: Charizard|67/100
|-singleturn|p1a: Charizard|move: Roost
|move|p2a: Quagsire|Recover|p2a: Quagsire
|-heal|p2a: Quagsire|74/100 tox
|
|-damage|p2a: Quagsire|56/100 tox|[from] psn
|upkeep
|turn|63
|
|t:|1627267660
|move|p1a: Charizard|Roost|p1a: Charizard
|-heal|p1a: Charizard|100/100
|-singleturn|p1a: Charizard|move: Roost
|move|p2a: Quagsire|Recover|p2a: Quagsire
|-heal|p2a: Quagsire|100/100 tox
|
|-damage|p2a: Quagsire|76/100 tox|[from] psn
|upkeep
|turn|64
|
|t:|1627267670
|switch|p2a: Miltank|Miltank, F|70/100 tox
|move|p1a: Charizard|Substitute|p1a: Charizard
|-start|p1a: Charizard|Substitute
|-damage|p1a: Charizard|75/100
|
|-damage|p2a: Miltank|64/100 tox|[from] psn
|upkeep
|turn|65
|
|t:|1627267685
|switch|p1a: Tsareena|Tsareena, F|32/100
|move|p2a: Miltank|Seismic Toss|p1a: Tsareena
|-damage|p1a: Tsareena|0 fnt
|faint|p1a: Tsareena
|
|-damage|p2a: Miltank|52/100 tox|[from] psn
|upkeep
|
|t:|1627267704
|switch|p1a: Drampa|Drampa, M|50/100 psn
|-damage|p1a: Drampa|38/100 psn|[from] Stealth Rock
|-ability|p1a: Drampa|Cloud Nine
|turn|66
|
|t:|1627267719
|switch|p2a: Articuno|Articuno|100/100
|-ability|p2a: Articuno|Pressure
|move|p1a: Drampa|Fire Blast|p2a: Articuno
|-supereffective|p2a: Articuno
|-damage|p2a: Articuno|11/100
|
|-damage|p1a: Drampa|25/100 psn|[from] psn
|upkeep
|turn|67
|inactive|pult61a p has 120 seconds left.
|
|t:|1627267750
|move|p2a: Articuno|Freeze-Dry|p1a: Drampa
|-supereffective|p1a: Drampa
|-damage|p1a: Drampa|0 fnt
|faint|p1a: Drampa
|
|upkeep
|
|t:|1627267756
|switch|p1a: Articuno|Articuno-Galar|100/100
|-damage|p1a: Articuno|75/100|[from] Stealth Rock
|turn|68
|
|t:|1627267763
|move|p2a: Articuno|Roost|p2a: Articuno
|-heal|p2a: Articuno|61/100
|-singleturn|p2a: Articuno|move: Roost
|move|p1a: Articuno|Freezing Glare|p2a: Articuno
|-damage|p2a: Articuno|28/100
|
|upkeep
|turn|69
|
|t:|1627267782
|move|p2a: Articuno|Roost|p2a: Articuno
|-heal|p2a: Articuno|78/100
|-singleturn|p2a: Articuno|move: Roost
|move|p1a: Articuno|Agility|p1a: Articuno
|-boost|p1a: Articuno|spe|2
|
|upkeep
|turn|70
|
|t:|1627267790
|move|p1a: Articuno|Air Slash|p2a: Articuno
|-damage|p2a: Articuno|47/100
|move|p2a: Articuno|Haze|p2a: Articuno
|-clearallboost
|
|upkeep
|turn|71
|
|t:|1627267796
|move|p2a: Articuno|Freeze-Dry|p1a: Articuno
|-supereffective|p1a: Articuno
|-damage|p1a: Articuno|36/100
|-enditem|p1a: Articuno|Weakness Policy
|-boost|p1a: Articuno|atk|2|[from] item: Weakness Policy
|-boost|p1a: Articuno|spa|2|[from] item: Weakness Policy
|move|p1a: Articuno|Freezing Glare|p2a: Articuno
|-damage|p2a: Articuno|0 fnt
|faint|p2a: Articuno
|
|upkeep
|
|t:|1627267813
|switch|p2a: Quagsire|Quagsire, F|76/100 tox
|turn|72
|
|t:|1627267819
|move|p1a: Articuno|Recover|p1a: Articuno
|-heal|p1a: Articuno|86/100
|move|p2a: Quagsire|Haze|p2a: Quagsire
|-clearallboost
|
|-damage|p2a: Quagsire|70/100 tox|[from] psn
|upkeep
|turn|73
|
|t:|1627267830
|move|p1a: Articuno|Air Slash|p2a: Quagsire
|-damage|p2a: Quagsire|17/100 tox
|cant|p2a: Quagsire|flinch
|
|-damage|p2a: Quagsire|4/100 tox|[from] psn
|upkeep
|turn|74
|j| idontknowwhatapuis
|
|t:|1627267842
|move|p1a: Articuno|Air Slash|p2a: Quagsire
|-damage|p2a: Quagsire|0 fnt
|faint|p2a: Quagsire
|
|upkeep
|
|t:|1627267844
|switch|p2a: Miltank|Miltank, F|52/100 tox
|turn|75
|
|t:|1627267849
|move|p1a: Articuno|Air Slash|p2a: Miltank
|-damage|p2a: Miltank|16/100 tox
|move|p2a: Miltank|Milk Drink|p2a: Miltank
|-heal|p2a: Miltank|66/100 tox
|
|-damage|p2a: Miltank|60/100 tox|[from] psn
|upkeep
|turn|76
|
|t:|1627267856
|move|p1a: Articuno|Air Slash|p2a: Miltank
|-damage|p2a: Miltank|29/100 tox
|move|p2a: Miltank|Toxic|p1a: Articuno
|-status|p1a: Articuno|tox
|
|-damage|p1a: Articuno|80/100 tox|[from] psn
|-damage|p2a: Miltank|17/100 tox|[from] psn
|upkeep
|turn|77
|
|t:|1627267864
|move|p1a: Articuno|Air Slash|p2a: Miltank
|-damage|p2a: Miltank|0 fnt
|faint|p2a: Miltank
|
|-damage|p1a: Articuno|67/100 tox|[from] psn
|upkeep
|-message|pult61a p forfeited.
|
|win|Jhang
|raw|Jhang's rating: 1290 &rarr; <strong>1334</strong><br />(+44 for winning)
|raw|pult61a p's rating: 1628 &rarr; <strong>1593</strong><br />(-35 for losing)
|l|☆pult61a p
|l|+chlo
|l| meri berry
|c|☆Jhang|Jesus
|l| idontknowwhatapuis
