|html|<div class="broadcast-blue"><strong>[Gen 8] PU is currently suspecting Drampa! For information on how to participate check out the <a href="https://www.smogon.com/forums/threads/np-pu-stage-7-i-hear-hyper-voices-in-my-head-drampa-suspect-test.3692992/">suspect thread</a>.</strong></div>
|j|☆pellowcase
|j|☆one of the bouys
|t:|1636142024
|gametype|singles
|player|p1|pellowcase|parasollady|1243
|player|p2|one of the bouys|clown|1514
|teamsize|p1|6
|teamsize|p2|6
|gen|8
|tier|[Gen 8] PU
|rated|
|rule|Sleep Clause Mod: Limit one foe put to sleep
|rule|Species Clause: Limit one of each Pokémon
|rule|OHKO Clause: OHKO moves are banned
|rule|Evasion Moves Clause: Evasion moves are banned
|rule|Endless Battle Clause: Forcing endless battles is banned
|rule|HP Percentage Mod: HP is shown in percentages
|rule|Dynamax Clause: You cannot dynamax
|clearpoke
|poke|p1|Altaria, F|
|poke|p1|Jellicent, M|
|poke|p1|Tsareena, F|
|poke|p1|Centiskorch, F|
|poke|p1|Alcremie-Rainbow-Swirl, F|
|poke|p1|Boltund, M|
|poke|p2|Flapple, F|
|poke|p2|Drifblim, F|
|poke|p2|Sandaconda, F|
|poke|p2|Ribombee, M|
|poke|p2|Cryogonal|
|poke|p2|Gigalith, M|
|teampreview
|c|☆pellowcase|gl hf
|c|☆one of the bouys|u 2
|c|☆pellowcase|love te flapple
|
|t:|1636142064
|start
|switch|p1a: Altaria|Altaria, F|100/100
|switch|p2a: Drifblim|Drifblim, F|100/100
|turn|1
|c|☆one of the bouys|ty!
|c|☆pellowcase|the
|
|t:|1636142070
|move|p2a: Drifblim|Knock Off|p1a: Altaria
|-damage|p1a: Altaria|85/100
|-enditem|p1a: Altaria|Leftovers|[from] move: Knock Off|[of] p2a: Drifblim
|move|p1a: Altaria|Hurricane|p2a: Drifblim
|-damage|p2a: Drifblim|58/100
|-start|p2a: Drifblim|confusion
|
|upkeep
|turn|2
|
|t:|1636142084
|switch|p2a: Gigalith|Gigalith, M|100/100
|-weather|Sandstorm|[from] ability: Sand Stream|[of] p2a: Gigalith
|move|p1a: Altaria|Draco Meteor|p2a: Gigalith|[miss]
|-miss|p1a: Altaria|p2a: Gigalith
|
|-weather|Sandstorm|[upkeep]
|-damage|p1a: Altaria|79/100|[from] Sandstorm
|upkeep
|turn|3
|
|t:|1636142093
|switch|p1a: Tsareena|Tsareena, F|100/100
|move|p2a: Gigalith|Toxic|p1a: Tsareena
|-status|p1a: Tsareena|tox
|
|-weather|Sandstorm|[upkeep]
|-damage|p1a: Tsareena|94/100 tox|[from] Sandstorm
|-damage|p1a: Tsareena|88/100 tox|[from] psn
|upkeep
|turn|4
|
|t:|1636142099
|move|p2a: Gigalith|Protect|p2a: Gigalith
|-singleturn|p2a: Gigalith|Protect
|move|p1a: Tsareena|Knock Off|p2a: Gigalith
|-activate|p2a: Gigalith|move: Protect
|
|-weather|Sandstorm|[upkeep]
|-damage|p1a: Tsareena|82/100 tox|[from] Sandstorm
|-damage|p1a: Tsareena|70/100 tox|[from] psn
|upkeep
|turn|5
|
|t:|1636142106
|switch|p2a: Ribombee|Ribombee, M|100/100
|move|p1a: Tsareena|Power Whip|p2a: Ribombee|[miss]
|-miss|p1a: Tsareena|p2a: Ribombee
|
|-weather|Sandstorm|[upkeep]
|-damage|p2a: Ribombee|94/100|[from] Sandstorm
|-damage|p1a: Tsareena|63/100 tox|[from] Sandstorm
|-damage|p1a: Tsareena|45/100 tox|[from] psn
|upkeep
|turn|6
|
|t:|1636142111
|move|p2a: Ribombee|U-turn|p1a: Tsareena
|-supereffective|p1a: Tsareena
|-damage|p1a: Tsareena|17/100 tox
|
|t:|1636142113
|switch|p2a: Sandaconda|Sandaconda, F|100/100|[from]move: U-turn
|move|p1a: Tsareena|Knock Off|p2a: Sandaconda
|-damage|p2a: Sandaconda|78/100
|-damage|p1a: Tsareena|0 fnt|[from] item: Rocky Helmet|[of] p2a: Sandaconda
|faint|p1a: Tsareena
|
|-weather|none
|upkeep
|
|t:|1636142117
|switch|p1a: Jellicent|Jellicent, M, shiny|100/100
|turn|7
|
|t:|1636142122
|switch|p2a: Cryogonal|Cryogonal|100/100
|move|p1a: Jellicent|Scald|p2a: Cryogonal
|-damage|p2a: Cryogonal|77/100
|
|upkeep
|turn|8
|
|t:|1636142125
|move|p1a: Jellicent|Magic Coat|p1a: Jellicent
|-singleturn|p1a: Jellicent|move: Magic Coat
|move|p2a: Cryogonal|Toxic|p1a: Jellicent
|move|p1a: Jellicent|Toxic|p2a: Cryogonal|[from]Magic Coat
|-status|p2a: Cryogonal|tox
|
|-damage|p2a: Cryogonal|71/100 tox|[from] psn
|upkeep
|turn|9
|
|t:|1636142136
|switch|p1a: Boltund|Boltund, M|100/100
|move|p2a: Cryogonal|Toxic|p1a: Boltund
|-status|p1a: Boltund|tox
|
|-damage|p1a: Boltund|94/100 tox|[from] psn
|-damage|p2a: Cryogonal|59/100 tox|[from] psn
|upkeep
|turn|10
|
|t:|1636142141
|switch|p2a: Sandaconda|Sandaconda, F|78/100
|move|p1a: Boltund|Crunch|p2a: Sandaconda
|-damage|p2a: Sandaconda|59/100
|-damage|p1a: Boltund|78/100 tox|[from] item: Rocky Helmet|[of] p2a: Sandaconda
|
|-damage|p1a: Boltund|66/100 tox|[from] psn
|upkeep
|turn|11
|
|t:|1636142146
|switch|p1a: Altaria|Altaria, F|79/100
|move|p2a: Sandaconda|Stealth Rock|p1a: Altaria
|-sidestart|p1: pellowcase|move: Stealth Rock
|
|upkeep
|turn|12
|
|t:|1636142150
|switch|p2a: Gigalith|Gigalith, M|100/100
|-weather|Sandstorm|[from] ability: Sand Stream|[of] p2a: Gigalith
|move|p1a: Altaria|Defog|p2a: Gigalith
|-unboost|p2a: Gigalith|evasion|1
|-sideend|p1: pellowcase|Stealth Rock|[from] move: Defog|[of] p1a: Altaria
|
|-weather|Sandstorm|[upkeep]
|-damage|p1a: Altaria|73/100|[from] Sandstorm
|upkeep
|turn|13
|
|t:|1636142156
|switch|p1a: Jellicent|Jellicent, M, shiny|100/100
|move|p2a: Gigalith|Toxic|p1a: Jellicent
|-status|p1a: Jellicent|tox
|
|-weather|Sandstorm|[upkeep]
|-damage|p1a: Jellicent|94/100 tox|[from] Sandstorm
|-damage|p1a: Jellicent|88/100 tox|[from] psn
|upkeep
|turn|14
|
|t:|1636142161
|move|p2a: Gigalith|Protect|p2a: Gigalith
|-singleturn|p2a: Gigalith|Protect
|move|p1a: Jellicent|Scald|p2a: Gigalith
|-activate|p2a: Gigalith|move: Protect
|
|-weather|Sandstorm|[upkeep]
|-damage|p1a: Jellicent|82/100 tox|[from] Sandstorm
|-damage|p1a: Jellicent|70/100 tox|[from] psn
|upkeep
|turn|15
|
|t:|1636142163
|move|p1a: Jellicent|Scald|p2a: Gigalith
|-supereffective|p2a: Gigalith
|-damage|p2a: Gigalith|71/100
|move|p2a: Gigalith|Sand Tomb|p1a: Jellicent
|-damage|p1a: Jellicent|60/100 tox
|-activate|p1a: Jellicent|move: Sand Tomb|[of] p2a: Gigalith
|
|-weather|Sandstorm|[upkeep]
|-damage|p1a: Jellicent|54/100 tox|[from] Sandstorm
|-heal|p2a: Gigalith|77/100|[from] item: Leftovers
|-damage|p1a: Jellicent|35/100 tox|[from] psn
|-damage|p1a: Jellicent|23/100 tox|[from] move: Sand Tomb|[partiallytrapped]
|upkeep
|turn|16
|
|t:|1636142166
|move|p1a: Jellicent|Strength Sap|p2a: Gigalith
|-unboost|p2a: Gigalith|atk|1
|-heal|p1a: Jellicent|100/100 tox
|move|p2a: Gigalith|Rock Blast|p1a: Jellicent
|-damage|p1a: Jellicent|93/100 tox
|-damage|p1a: Jellicent|86/100 tox
|-start|p2a: Gigalith|Disable|Rock Blast|[from] ability: Cursed Body|[of] p1a: Jellicent
|-damage|p1a: Jellicent|79/100 tox
|-hitcount|p1a: Jellicent|3
|
|-weather|none
|-heal|p2a: Gigalith|83/100|[from] item: Leftovers
|-damage|p1a: Jellicent|54/100 tox|[from] psn
|-damage|p1a: Jellicent|42/100 tox|[from] move: Sand Tomb|[partiallytrapped]
|upkeep
|turn|17
|
|t:|1636142170
|move|p2a: Gigalith|Protect|p2a: Gigalith
|-singleturn|p2a: Gigalith|Protect
|move|p1a: Jellicent|Scald|p2a: Gigalith
|-activate|p2a: Gigalith|move: Protect
|
|-heal|p2a: Gigalith|90/100|[from] item: Leftovers
|-damage|p1a: Jellicent|11/100 tox|[from] psn
|-damage|p1a: Jellicent|0 fnt|[from] move: Sand Tomb|[partiallytrapped]
|faint|p1a: Jellicent
|upkeep
|
|t:|1636142176
|switch|p1a: Boltund|Boltund, M|66/100 tox
|turn|18
|
|t:|1636142185
|switch|p2a: Sandaconda|Sandaconda, F|59/100
|move|p1a: Boltund|Crunch|p2a: Sandaconda
|-damage|p2a: Sandaconda|39/100
|-damage|p1a: Boltund|49/100 tox|[from] item: Rocky Helmet|[of] p2a: Sandaconda
|
|-damage|p1a: Boltund|43/100 tox|[from] psn
|upkeep
|turn|19
|
|t:|1636142189
|move|p1a: Boltund|Crunch|p2a: Sandaconda
|-damage|p2a: Sandaconda|18/100
|-unboost|p2a: Sandaconda|def|1
|-damage|p1a: Boltund|27/100 tox|[from] item: Rocky Helmet|[of] p2a: Sandaconda
|move|p2a: Sandaconda|Stealth Rock|p1a: Boltund
|-sidestart|p1: pellowcase|move: Stealth Rock
|
|-damage|p1a: Boltund|15/100 tox|[from] psn
|upkeep
|turn|20
|
|t:|1636142200
|switch|p2a: Drifblim|Drifblim, F|58/100
|move|p1a: Boltund|Crunch|p2a: Drifblim
|-supereffective|p2a: Drifblim
|-damage|p2a: Drifblim|0 fnt
|-damage|p1a: Boltund|0 fnt|[from] ability: Aftermath|[of] p2a: Drifblim
|faint|p2a: Drifblim
|faint|p1a: Boltund
|
|upkeep
|
|t:|1636142206
|switch|p1a: Altaria|Altaria, F|73/100
|switch|p2a: Flapple|Flapple, F|100/100
|-damage|p1a: Altaria|48/100|[from] Stealth Rock
|turn|21
|
|t:|1636142213
|switch|p2a: Gigalith|Gigalith, M|90/100
|-weather|Sandstorm|[from] ability: Sand Stream|[of] p2a: Gigalith
|move|p1a: Altaria|Roost|p1a: Altaria
|-heal|p1a: Altaria|98/100
|-singleturn|p1a: Altaria|move: Roost
|
|-weather|Sandstorm|[upkeep]
|-damage|p1a: Altaria|92/100|[from] Sandstorm
|-heal|p2a: Gigalith|96/100|[from] item: Leftovers
|upkeep
|turn|22
|
|t:|1636142216
|move|p1a: Altaria|Defog|p2a: Gigalith
|-unboost|p2a: Gigalith|evasion|1
|-sideend|p1: pellowcase|Stealth Rock|[from] move: Defog|[of] p1a: Altaria
|move|p2a: Gigalith|Rock Blast|p1a: Altaria
|-supereffective|p1a: Altaria
|-damage|p1a: Altaria|69/100
|-supereffective|p1a: Altaria
|-damage|p1a: Altaria|46/100
|-supereffective|p1a: Altaria
|-damage|p1a: Altaria|24/100
|-supereffective|p1a: Altaria
|-damage|p1a: Altaria|3/100
|-hitcount|p1a: Altaria|4
|
|-weather|Sandstorm|[upkeep]
|-damage|p1a: Altaria|0 fnt|[from] Sandstorm
|faint|p1a: Altaria
|-heal|p2a: Gigalith|100/100|[from] item: Leftovers
|upkeep
|
|t:|1636142220
|switch|p1a: Alcremie|Alcremie-Rainbow-Swirl, F|100/100
|turn|23
|
|t:|1636142223
|switch|p2a: Flapple|Flapple, F|100/100
|move|p1a: Alcremie|Calm Mind|p1a: Alcremie
|-boost|p1a: Alcremie|spa|1
|-boost|p1a: Alcremie|spd|1
|
|-weather|Sandstorm|[upkeep]
|-damage|p2a: Flapple|94/100|[from] Sandstorm
|-damage|p1a: Alcremie|94/100|[from] Sandstorm
|upkeep
|turn|24
|
|t:|1636142226
|move|p2a: Flapple|Grav Apple|p1a: Alcremie
|-damage|p1a: Alcremie|12/100
|-unboost|p1a: Alcremie|def|1
|-enditem|p1a: Alcremie|Iapapa Berry|[eat]
|-heal|p1a: Alcremie|45/100|[from] item: Iapapa Berry
|-damage|p2a: Flapple|84/100|[from] item: Life Orb
|move|p1a: Alcremie|Draining Kiss|p2a: Flapple
|-supereffective|p2a: Flapple
|-damage|p2a: Flapple|0 fnt
|-heal|p1a: Alcremie|98/100|[from] drain|[of] p2a: Flapple
|faint|p2a: Flapple
|
|-weather|Sandstorm|[upkeep]
|-damage|p1a: Alcremie|92/100|[from] Sandstorm
|upkeep
|
|t:|1636142241
|switch|p2a: Gigalith|Gigalith, M|100/100
|turn|25
|
|t:|1636142246
|move|p1a: Alcremie|Draining Kiss|p2a: Gigalith
|-damage|p2a: Gigalith|85/100
|-heal|p1a: Alcremie|100/100|[from] drain|[of] p2a: Gigalith
|move|p2a: Gigalith|Rock Blast|p1a: Alcremie
|-crit|p1a: Alcremie
|-damage|p1a: Alcremie|75/100
|-damage|p1a: Alcremie|58/100
|-hitcount|p1a: Alcremie|2
|
|-weather|none
|-heal|p2a: Gigalith|91/100|[from] item: Leftovers
|upkeep
|turn|26
|
|t:|1636142251
|move|p1a: Alcremie|Draining Kiss|p2a: Gigalith
|-damage|p2a: Gigalith|68/100
|-heal|p1a: Alcremie|78/100|[from] drain|[of] p2a: Gigalith
|move|p2a: Gigalith|Rock Blast|p1a: Alcremie
|-damage|p1a: Alcremie|61/100
|-crit|p1a: Alcremie
|-damage|p1a: Alcremie|34/100
|-damage|p1a: Alcremie|17/100
|-damage|p1a: Alcremie|1/100
|-damage|p1a: Alcremie|0 fnt
|faint|p1a: Alcremie
|-hitcount|p1: Alcremie|5
|
|-heal|p2a: Gigalith|74/100|[from] item: Leftovers
|upkeep
|
|t:|1636142253
|switch|p1a: Centiskorch|Centiskorch, F|100/100
|turn|27
|
|t:|1636142256
|move|p2a: Gigalith|Protect|p2a: Gigalith
|-singleturn|p2a: Gigalith|Protect
|move|p1a: Centiskorch|Coil|p1a: Centiskorch
|-boost|p1a: Centiskorch|atk|1
|-boost|p1a: Centiskorch|def|1
|-boost|p1a: Centiskorch|accuracy|1
|
|-heal|p2a: Gigalith|80/100|[from] item: Leftovers
|upkeep
|turn|28
|
|t:|1636142260
|move|p1a: Centiskorch|Knock Off|p2a: Gigalith
|-crit|p2a: Gigalith
|-damage|p2a: Gigalith|33/100
|-enditem|p2a: Gigalith|Leftovers|[from] move: Knock Off|[of] p1a: Centiskorch
|move|p2a: Gigalith|Rock Blast|p1a: Centiskorch
|-supereffective|p1a: Centiskorch
|-damage|p1a: Centiskorch|72/100
|-supereffective|p1a: Centiskorch
|-damage|p1a: Centiskorch|39/100
|-supereffective|p1a: Centiskorch
|-damage|p1a: Centiskorch|9/100
|-supereffective|p1a: Centiskorch
|-damage|p1a: Centiskorch|0 fnt
|faint|p1a: Centiskorch
|-hitcount|p1: Centiskorch|4
|
|win|one of the bouys
|raw|pellowcase's rating: 1243 &rarr; <strong>1234</strong><br />(-9 for losing)
|raw|one of the bouys's rating: 1514 &rarr; <strong>1521</strong><br />(+7 for winning)
|c|☆pellowcase|gg
|c|☆one of the bouys|gg
|l|☆pellowcase
