|j|☆yassy slay
|j|☆ALlCE
|t:|1652814629
|gametype|singles
|player|p1|yassy slay|clown|1544
|player|p2|ALlCE|#uuplxsisters|1580
|teamsize|p1|6
|teamsize|p2|6
|gen|8
|tier|[Gen 8] PU
|rated|
|rule|Sleep Clause Mod: Limit one foe put to sleep
|rule|Species Clause: Limit one of each Pokémon
|rule|OHKO Clause: OHKO moves are banned
|rule|Evasion Moves Clause: Evasion moves are banned
|rule|Endless Battle Clause: Forcing endless battles is banned
|rule|HP Percentage Mod: HP is shown in percentages
|rule|Dynamax Clause: You cannot dynamax
|clearpoke
|poke|p1|Musharna, M|
|poke|p1|Silvally-*|
|poke|p1|Accelgor, M|
|poke|p1|Aggron, M|
|poke|p1|Eldegoss, F|
|poke|p1|Persian-Alola, F|
|poke|p2|Vanilluxe, F|
|poke|p2|Sandaconda, M|
|poke|p2|Wishiwashi, F|
|poke|p2|Aggron, M|
|poke|p2|Whimsicott, F|
|poke|p2|Gallade, M|
|teampreview
|
|t:|1652814658
|start
|switch|p1a: Persian|Persian-Alola, F|100/100
|switch|p2a: Aggron|Aggron, M|100/100
|turn|1
|
|t:|1652814662
|move|p1a: Persian|Taunt|p2a: Aggron
|-start|p2a: Aggron|move: Taunt
|move|p2a: Aggron|Body Press|p1a: Persian
|-supereffective|p1a: Persian
|-damage|p1a: Persian|54/100
|
|upkeep
|turn|2
|
|t:|1652814667
|move|p1a: Persian|Parting Shot|p2a: Aggron
|-unboost|p2a: Aggron|atk|1
|-unboost|p2a: Aggron|spa|1
|
|t:|1652814676
|switch|p1a: Silvally|Silvally-Fairy|100/100|[from]move: Parting Shot
|move|p2a: Aggron|Body Press|p1a: Silvally
|-resisted|p1a: Silvally
|-damage|p1a: Silvally|88/100
|
|upkeep
|turn|3
|
|t:|1652814700
|switch|p2a: Sandaconda|Sandaconda, M|100/100
|move|p1a: Silvally|Swords Dance|p1a: Silvally
|-boost|p1a: Silvally|atk|2
|
|upkeep
|turn|4
|
|t:|1652814706
|move|p1a: Silvally|Swords Dance|p1a: Silvally
|-boost|p1a: Silvally|atk|2
|move|p2a: Sandaconda|Earthquake|p1a: Silvally
|-damage|p1a: Silvally|60/100
|
|upkeep
|turn|5
|
|t:|1652814711
|move|p1a: Silvally|Multi-Attack|p2a: Sandaconda
|-damage|p2a: Sandaconda|5/100
|move|p2a: Sandaconda|Earthquake|p1a: Silvally
|-damage|p1a: Silvally|29/100
|
|-heal|p2a: Sandaconda|11/100|[from] item: Leftovers
|upkeep
|turn|6
|
|t:|1652814720
|switch|p2a: Whimsicott|Whimsicott, F|100/100
|move|p1a: Silvally|Rest|p1a: Silvally
|-status|p1a: Silvally|slp|[from] move: Rest
|-heal|p1a: Silvally|100/100 slp|[silent]
|
|upkeep
|turn|7
|
|t:|1652814726
|cant|p1a: Silvally|slp
|move|p1a: Silvally|Sleep Talk|p1a: Silvally
|move|p1a: Silvally|Rest||[from]move: Sleep Talk|[still]
|-fail|p1a: Silvally
|move|p2a: Whimsicott|Moonblast|p1a: Silvally
|-damage|p1a: Silvally|77/100 slp
|
|upkeep
|turn|8
|
|t:|1652814733
|cant|p1a: Silvally|slp
|move|p1a: Silvally|Sleep Talk|p1a: Silvally
|move|p1a: Silvally|Multi-Attack|p2a: Whimsicott|[from]move: Sleep Talk
|-crit|p2a: Whimsicott
|-damage|p2a: Whimsicott|0 fnt
|-damage|p1a: Silvally|61/100 slp|[from] item: Rocky Helmet|[of] p2a: Whimsicott
|faint|p2a: Whimsicott
|
|upkeep
|
|t:|1652814736
|switch|p2a: Aggron|Aggron, M|100/100
|turn|9
|
|t:|1652814740
|-curestatus|p1a: Silvally|slp|[msg]
|move|p1a: Silvally|Multi-Attack|p2a: Aggron
|-resisted|p2a: Aggron
|-damage|p2a: Aggron|64/100
|move|p2a: Aggron|Head Smash|p1a: Silvally|[miss]
|-miss|p2a: Aggron|p1a: Silvally
|
|-heal|p2a: Aggron|70/100|[from] item: Leftovers
|upkeep
|turn|10
|
|t:|1652814744
|move|p1a: Silvally|Multi-Attack|p2a: Aggron
|-resisted|p2a: Aggron
|-damage|p2a: Aggron|36/100
|move|p2a: Aggron|Head Smash|p1a: Silvally
|-damage|p1a: Silvally|19/100
|
|-heal|p2a: Aggron|42/100|[from] item: Leftovers
|upkeep
|turn|11
|
|t:|1652814749
|move|p1a: Silvally|Rest|p1a: Silvally
|-status|p1a: Silvally|slp|[from] move: Rest
|-heal|p1a: Silvally|100/100 slp|[silent]
|move|p2a: Aggron|Head Smash|p1a: Silvally|[miss]
|-miss|p2a: Aggron|p1a: Silvally
|
|-heal|p2a: Aggron|48/100|[from] item: Leftovers
|upkeep
|turn|12
|
|t:|1652814752
|cant|p1a: Silvally|slp
|move|p1a: Silvally|Sleep Talk|p1a: Silvally
|move|p1a: Silvally|Rest||[from]move: Sleep Talk|[still]
|-fail|p1a: Silvally
|move|p2a: Aggron|Head Smash|p1a: Silvally
|-damage|p1a: Silvally|56/100 slp
|
|-heal|p2a: Aggron|54/100|[from] item: Leftovers
|upkeep
|turn|13
|
|t:|1652814754
|cant|p1a: Silvally|slp
|move|p1a: Silvally|Sleep Talk|p1a: Silvally
|move|p1a: Silvally|Multi-Attack|p2a: Aggron|[from]move: Sleep Talk
|-resisted|p2a: Aggron
|-crit|p2a: Aggron
|-damage|p2a: Aggron|5/100
|move|p2a: Aggron|Head Smash|p1a: Silvally
|-damage|p1a: Silvally|7/100 slp
|
|-heal|p2a: Aggron|11/100|[from] item: Leftovers
|upkeep
|turn|14
|
|t:|1652814763
|-curestatus|p1a: Silvally|slp|[msg]
|move|p1a: Silvally|Multi-Attack|p2a: Aggron
|-resisted|p2a: Aggron
|-damage|p2a: Aggron|0 fnt
|faint|p2a: Aggron
|
|upkeep
|
|t:|1652814772
|switch|p2a: Gallade|Gallade, M|100/100
|turn|15
|
|t:|1652814775
|move|p2a: Gallade|Close Combat|p1a: Silvally
|-resisted|p1a: Silvally
|-damage|p1a: Silvally|0 fnt
|-unboost|p2a: Gallade|def|1
|-unboost|p2a: Gallade|spd|1
|faint|p1a: Silvally
|
|upkeep
|
|t:|1652814779
|switch|p1a: Accelgor|Accelgor, M|100/100
|turn|16
|
|t:|1652814784
|switch|p2a: Sandaconda|Sandaconda, M|11/100
|move|p1a: Accelgor|Spikes|p2a: Sandaconda
|-sidestart|p2: ALlCE|Spikes
|
|-heal|p2a: Sandaconda|17/100|[from] item: Leftovers
|upkeep
|turn|17
|
|t:|1652814789
|move|p1a: Accelgor|Bug Buzz|p2a: Sandaconda
|-damage|p2a: Sandaconda|0 fnt
|faint|p2a: Sandaconda
|
|upkeep
|
|t:|1652814792
|switch|p2a: ice cream chillin|Vanilluxe, F, shiny|100/100
|-damage|p2a: ice cream chillin|88/100|[from] Spikes
|-weather|Hail|[from] ability: Snow Warning|[of] p2a: ice cream chillin
|turn|18
|
|t:|1652814794
|switch|p1a: Aggron|Aggron, M|100/100
|move|p2a: ice cream chillin|Blizzard|p1a: Aggron
|-resisted|p1a: Aggron
|-damage|p1a: Aggron|63/100
|
|-weather|Hail|[upkeep]
|-damage|p1a: Aggron|57/100|[from] Hail
|-heal|p1a: Aggron|63/100|[from] item: Leftovers
|upkeep
|turn|19
|
|t:|1652814797
|switch|p2a: Wishiwashi|Wishiwashi, F|100/100
|-damage|p2a: Wishiwashi|88/100|[from] Spikes
|-formechange|p2a: Wishiwashi|Wishiwashi-School||[from] ability: Schooling
|move|p1a: Aggron|Head Smash|p2a: Wishiwashi
|-damage|p2a: Wishiwashi|45/100
|
|-weather|Hail|[upkeep]
|-damage|p1a: Aggron|57/100|[from] Hail
|-damage|p2a: Wishiwashi|39/100|[from] Hail
|-heal|p1a: Aggron|63/100|[from] item: Leftovers
|-heal|p2a: Wishiwashi|45/100|[from] item: Leftovers
|upkeep
|turn|20
|
|t:|1652814803
|switch|p1a: Eldegoss|Eldegoss, F|100/100
|move|p2a: Wishiwashi|Scald|p1a: Eldegoss
|-resisted|p1a: Eldegoss
|-damage|p1a: Eldegoss|83/100
|
|-weather|Hail|[upkeep]
|-damage|p1a: Eldegoss|77/100|[from] Hail
|-damage|p2a: Wishiwashi|39/100|[from] Hail
|-heal|p2a: Wishiwashi|45/100|[from] item: Leftovers
|upkeep
|turn|21
|
|t:|1652814806
|move|p1a: Eldegoss|Giga Drain|p2a: Wishiwashi
|-supereffective|p2a: Wishiwashi
|-damage|p2a: Wishiwashi|0 fnt
|-heal|p1a: Eldegoss|97/100|[from] drain|[of] p2a: Wishiwashi
|faint|p2a: Wishiwashi
|
|-weather|Hail|[upkeep]
|-damage|p1a: Eldegoss|91/100|[from] Hail
|upkeep
|
|t:|1652814808
|switch|p2a: ice cream chillin|Vanilluxe, F, shiny|88/100
|-damage|p2a: ice cream chillin|76/100|[from] Spikes
|turn|22
|
|t:|1652814812
|move|p2a: ice cream chillin|Blizzard|p1a: Eldegoss
|-supereffective|p1a: Eldegoss
|-damage|p1a: Eldegoss|0 fnt
|faint|p1a: Eldegoss
|
|-weather|none
|upkeep
|
|t:|1652814814
|switch|p1a: Aggron|Aggron, M|63/100
|turn|23
|
|t:|1652814822
|switch|p2a: Gallade|Gallade, M|100/100
|-damage|p2a: Gallade|88/100|[from] Spikes
|move|p1a: Aggron|Body Press|p2a: Gallade
|-resisted|p2a: Gallade
|-damage|p2a: Gallade|64/100
|
|-heal|p1a: Aggron|69/100|[from] item: Leftovers
|upkeep
|turn|24
|
|t:|1652814826
|switch|p1a: Accelgor|Accelgor, M|100/100
|move|p2a: Gallade|Close Combat|p1a: Accelgor
|-resisted|p1a: Accelgor
|-damage|p1a: Accelgor|61/100
|-unboost|p2a: Gallade|def|1
|-unboost|p2a: Gallade|spd|1
|
|upkeep
|turn|25
|
|t:|1652814829
|switch|p2a: ice cream chillin|Vanilluxe, F, shiny|76/100
|-damage|p2a: ice cream chillin|63/100|[from] Spikes
|-weather|Hail|[from] ability: Snow Warning|[of] p2a: ice cream chillin
|move|p1a: Accelgor|Bug Buzz|p2a: ice cream chillin
|-damage|p2a: ice cream chillin|27/100
|-unboost|p2a: ice cream chillin|spd|1
|
|-weather|Hail|[upkeep]
|-damage|p1a: Accelgor|54/100|[from] Hail
|upkeep
|turn|26
|
|t:|1652814831
|move|p2a: ice cream chillin|Ice Shard|p1a: Accelgor
|-damage|p1a: Accelgor|40/100
|move|p1a: Accelgor|Bug Buzz|p2a: ice cream chillin
|-damage|p2a: ice cream chillin|0 fnt
|faint|p2a: ice cream chillin
|
|-weather|Hail|[upkeep]
|-damage|p1a: Accelgor|34/100|[from] Hail
|upkeep
|
|t:|1652814834
|switch|p2a: Gallade|Gallade, M|64/100
|-damage|p2a: Gallade|51/100|[from] Spikes
|turn|27
|
|t:|1652814836
|move|p2a: Gallade|Close Combat|p1a: Accelgor
|-resisted|p1a: Accelgor
|-damage|p1a: Accelgor|0 fnt
|-unboost|p2a: Gallade|def|1
|-unboost|p2a: Gallade|spd|1
|faint|p1a: Accelgor
|
|-weather|Hail|[upkeep]
|-damage|p2a: Gallade|45/100|[from] Hail
|upkeep
|
|t:|1652814838
|switch|p1a: Musharna|Musharna, M|100/100
|turn|28
|
|t:|1652814840
|move|p2a: Gallade|Close Combat|p1a: Musharna
|-resisted|p1a: Musharna
|-damage|p1a: Musharna|71/100
|-unboost|p2a: Gallade|def|1
|-unboost|p2a: Gallade|spd|1
|move|p1a: Musharna|Psyshock|p2a: Gallade
|-damage|p2a: Gallade|0 fnt
|faint|p2a: Gallade
|
|win|yassy slay
|raw|yassy slay's rating: 1544 &rarr; <strong>1566</strong><br />(+22 for winning)
|raw|ALlCE's rating: 1580 &rarr; <strong>1558</strong><br />(-22 for losing)
|c|☆yassy slay|gg
|c|☆ALlCE|gg
