|j|☆uult5 somalia
|j|☆Bob Barker's Ghost
|player|p1|uult5 somalia|alder|
|player|p2|Bob Barker's Ghost|clerkf|
|teamsize|p1|6
|teamsize|p2|6
|gametype|singles
|gen|8
|tier|[Gen 8] PU
|rated|Tournament battle
|clearpoke
|poke|p1|Glaceon, F|
|poke|p1|Onix, M|
|poke|p1|Gourgeist-*, M|
|poke|p1|Manectric, F|
|poke|p1|Pawniard, F|
|poke|p1|Hitmontop, M|
|poke|p2|Lunatone|
|poke|p2|Palpitoad, F|
|poke|p2|Gourgeist-*, M|
|poke|p2|Klang|
|poke|p2|Crustle, F|
|poke|p2|Hitmontop, M|
|rule|Sleep Clause Mod: Limit one foe put to sleep
|rule|Species Clause: Limit one of each Pokémon
|rule|OHKO Clause: OHKO moves are banned
|rule|Evasion Moves Clause: Evasion moves are banned
|rule|Endless Battle Clause: Forcing endless battles is banned
|rule|HP Percentage Mod: HP is shown in percentages
|rule|Dynamax Clause: You cannot dynamax
|teampreview
|j| julie uwu 3
|j| Jonmychael
|c|☆uult5 somalia|hf
|j| SopeMan
|c|☆Bob Barker's Ghost|u2
|l| SopeMan
|
|start
|switch|p1a: BLAST CORE|Onix, M|100/100
|switch|p2a: Palpitoad|Palpitoad, F|100/100
|turn|1
|inactive|Battle timer is ON: inactive players will automatically lose when time's up. (requested by Bob Barker's Ghost)
|
|move|p1a: BLAST CORE|Taunt|p2a: Palpitoad
|-start|p2a: Palpitoad|move: Taunt
|move|p2a: Palpitoad|Scald|p1a: BLAST CORE
|-supereffective|p1a: BLAST CORE
|-ability|p1a: BLAST CORE|Sturdy
|-damage|p1a: BLAST CORE|1/100
|
|upkeep
|turn|2
|
|switch|p2a: Hitmontop|Hitmontop, M|100/100
|-ability|p2a: Hitmontop|Intimidate|boost
|-unboost|p1a: BLAST CORE|atk|1
|move|p1a: BLAST CORE|Stealth Rock|p2a: Hitmontop
|-sidestart|p2: Bob Barker's Ghost|move: Stealth Rock
|
|upkeep
|turn|3
|
|switch|p1a: EVOLUTION|Gourgeist, M|100/100
|-item|p2a: Hitmontop|Leftovers|[from] ability: Frisk|[of] p1a: EVOLUTION|[identify]
|move|p2a: Hitmontop|Toxic|p1a: EVOLUTION|[miss]
|-miss|p2a: Hitmontop|p1a: EVOLUTION
|
|upkeep
|turn|4
|j| Lockjaw
|
|move|p1a: EVOLUTION|Power Whip|p2a: Hitmontop
|-damage|p2a: Hitmontop|16/100
|-damage|p1a: EVOLUTION|91/100|[from] item: Life Orb
|move|p2a: Hitmontop|Toxic|p1a: EVOLUTION
|-status|p1a: EVOLUTION|tox
|
|-heal|p2a: Hitmontop|22/100|[from] item: Leftovers
|-damage|p1a: EVOLUTION|84/100 tox|[from] psn
|upkeep
|turn|5
|
|switch|p2a: Klang|Klang|100/100
|-damage|p2a: Klang|94/100|[from] Stealth Rock
|move|p1a: EVOLUTION|Flamethrower|p2a: Klang
|-supereffective|p2a: Klang
|-crit|p2a: Klang
|-damage|p2a: Klang|51/100
|-damage|p1a: EVOLUTION|74/100 tox|[from] item: Life Orb
|
|-damage|p1a: EVOLUTION|62/100 tox|[from] psn
|upkeep
|turn|6
|
|switch|p1a: BLINK|Manectric, F|100/100
|move|p2a: Klang|Rest|p2a: Klang
|-status|p2a: Klang|slp|[from] move: Rest
|-heal|p2a: Klang|100/100 slp|[silent]
|
|upkeep
|turn|7
|j| SopeMan
|c| Jonmychael|Thats pokemon for u mis toxic into crit thrower into no burn on scald unrea lolll
|c| Jonmychael|Jk
|
|switch|p1a: BLAST CORE|Onix, M|1/100
|switch|p2a: Palpitoad|Palpitoad, F|100/100
|-damage|p2a: Palpitoad|94/100|[from] Stealth Rock
|
|upkeep
|turn|8
|
|move|p1a: BLAST CORE|Explosion|p2a: Palpitoad
|-enditem|p1a: BLAST CORE|Normal Gem|[from] gem
|-damage|p2a: Palpitoad|57/100
|faint|p1a: BLAST CORE
|move|p2a: Palpitoad|Stealth Rock|p1: BLAST CORE
|-sidestart|p1: uult5 somalia|move: Stealth Rock
|
|upkeep
|c|☆uult5 somalia|oh.
|c|☆uult5 somalia|LMAO
|c|☆Bob Barker's Ghost|thicc
|c|☆uult5 somalia|fml
|c|☆uult5 somalia|why did i boom
|c|☆uult5 somalia|lmao
|inactive|uult5 somalia has 120 seconds left.
|c|☆uult5 somalia|keep thinkin this is dpp
|
|switch|p1a: NIKO STYLE|Glaceon, F|100/100
|-damage|p1a: NIKO STYLE|75/100|[from] Stealth Rock
|turn|9
|c|☆Bob Barker's Ghost|bro on some old timer shit
|inactive|uult5 somalia has 120 seconds left.
|
|switch|p2a: Klang|Klang|100/100 slp
|-damage|p2a: Klang|94/100 slp|[from] Stealth Rock
|move|p1a: NIKO STYLE|Shadow Ball|p2a: Klang
|-crit|p2a: Klang
|-damage|p2a: Klang|41/100 slp
|
|upkeep
|turn|10
|c|☆Bob Barker's Ghost|i was a fetus back in dpp
|
|move|p1a: NIKO STYLE|Shadow Ball|p2a: Klang
|-damage|p2a: Klang|7/100 slp
|cant|p2a: Klang|slp
|move|p2a: Klang|Sleep Talk|p2a: Klang
|move|p2a: Klang|Shift Gear|p2a: Klang|[from]Sleep Talk
|-boost|p2a: Klang|spe|2
|-boost|p2a: Klang|atk|1
|
|upkeep
|turn|11
|c| Jonmychael|Sonalia ur rng is fire rn
|inactive|uult5 somalia has 120 seconds left.
|c|☆uult5 somalia|sonalia
|c|☆uult5 somalia|lol
|c| Jonmychael|Lol
|c|☆uult5 somalia|how do u misspell a country bro
|c|☆uult5 somalia|its easy to spell as well
|c|☆uult5 somalia|xD
|j|+royesk
|l| SopeMan
|c|☆Bob Barker's Ghost|*somoliland
|c| Jonmychael|N is close to m
|inactive|uult5 somalia has 90 seconds left.
|c|☆uult5 somalia|ooooo
|
|switch|p1a: RAKSHASA'S PALM|Hitmontop, M|100/100
|-damage|p1a: RAKSHASA'S PALM|94/100|[from] Stealth Rock
|cant|p2a: Klang|slp
|move|p2a: Klang|Sleep Talk|p2a: Klang
|move|p2a: Klang|Rest|p2a: Klang|[from]Sleep Talk
|-fail|p2a: Klang
|
|upkeep
|turn|12
|c| Jonmychael|Just like mcdonalds is close to my house
|
|move|p1a: RAKSHASA'S PALM|Mach Punch|p2a: Klang
|-supereffective|p2a: Klang
|-damage|p2a: Klang|0 fnt
|faint|p2a: Klang
|
|upkeep
|
|switch|p2a: Gourgeist|Gourgeist-Super, M|100/100
|-damage|p2a: Gourgeist|88/100|[from] Stealth Rock
|-item|p1a: RAKSHASA'S PALM|Assault Vest|[from] ability: Frisk|[of] p2a: Gourgeist|[identify]
|turn|13
|inactive|uult5 somalia has 90 seconds left.
|
|switch|p2a: Palpitoad|Palpitoad, F|57/100
|-damage|p2a: Palpitoad|51/100|[from] Stealth Rock
|move|p1a: RAKSHASA'S PALM|Thief|p2a: Palpitoad
|-damage|p2a: Palpitoad|32/100
|
|upkeep
|turn|14
|inactive|uult5 somalia has 90 seconds left.
|c|☆uult5 somalia|damn
|
|move|p1a: RAKSHASA'S PALM|Rapid Spin|p2a: Palpitoad
|-damage|p2a: Palpitoad|17/100
|-boost|p1a: RAKSHASA'S PALM|spe|1
|-sideend|p1: uult5 somalia|Stealth Rock|[from] move: Rapid Spin|[of] p1a: RAKSHASA'S PALM
|move|p2a: Palpitoad|Toxic|p1a: RAKSHASA'S PALM
|-status|p1a: RAKSHASA'S PALM|tox
|
|-damage|p1a: RAKSHASA'S PALM|88/100 tox|[from] psn
|upkeep
|turn|15
|inactive|Bob Barker's Ghost has 120 seconds left.
|
|move|p1a: RAKSHASA'S PALM|Close Combat|p2a: Palpitoad
|-damage|p2a: Palpitoad|0 fnt
|-unboost|p1a: RAKSHASA'S PALM|def|1
|-unboost|p1a: RAKSHASA'S PALM|spd|1
|faint|p2a: Palpitoad
|
|-damage|p1a: RAKSHASA'S PALM|75/100 tox|[from] psn
|upkeep
|inactive|Bob Barker's Ghost has 120 seconds left.
|
|switch|p2a: Crustle|Crustle, F|100/100
|-damage|p2a: Crustle|76/100|[from] Stealth Rock
|turn|16
|
|move|p1a: RAKSHASA'S PALM|Close Combat|p2a: Crustle
|-damage|p2a: Crustle|21/100
|-unboost|p1a: RAKSHASA'S PALM|def|1
|-unboost|p1a: RAKSHASA'S PALM|spd|1
|-ability|p2a: Crustle|Weak Armor|boost
|-unboost|p2a: Crustle|def|1
|-boost|p2a: Crustle|spe|2
|move|p2a: Crustle|Earthquake|p1a: RAKSHASA'S PALM
|-damage|p1a: RAKSHASA'S PALM|1/100 tox
|
|-damage|p1a: RAKSHASA'S PALM|0 fnt|[from] psn
|faint|p1a: RAKSHASA'S PALM
|upkeep
|
|switch|p1a: EVOLUTION|Gourgeist, M|62/100 tox
|-item|p2a: Crustle|Focus Sash|[from] ability: Frisk|[of] p1a: EVOLUTION|[identify]
|turn|17
|
|move|p1a: EVOLUTION|Shadow Sneak|p2a: Crustle
|-damage|p2a: Crustle|0 fnt
|-damage|p1a: EVOLUTION|52/100 tox|[from] item: Life Orb
|faint|p2a: Crustle
|
|-damage|p1a: EVOLUTION|46/100 tox|[from] psn
|upkeep
|j| Riley999
|inactive|Bob Barker's Ghost has 120 seconds left.
|
|switch|p2a: Hitmontop|Hitmontop, M|22/100
|-damage|p2a: Hitmontop|16/100|[from] Stealth Rock
|-ability|p2a: Hitmontop|Intimidate|boost
|-unboost|p1a: EVOLUTION|atk|1
|turn|18
|
|move|p1a: EVOLUTION|Shadow Sneak|p2a: Hitmontop
|-crit|p2a: Hitmontop
|-damage|p2a: Hitmontop|0 fnt
|-damage|p1a: EVOLUTION|36/100 tox|[from] item: Life Orb
|faint|p2a: Hitmontop
|
|-damage|p1a: EVOLUTION|23/100 tox|[from] psn
|upkeep
|j| Nickbois1
|
|switch|p2a: Lunatone|Lunatone|100/100
|-damage|p2a: Lunatone|88/100|[from] Stealth Rock
|turn|19
|
|move|p1a: EVOLUTION|Power Whip|p2a: Lunatone|[miss]
|-miss|p1a: EVOLUTION|p2a: Lunatone
|move|p2a: Lunatone|Rock Polish|p2a: Lunatone
|-boost|p2a: Lunatone|spe|2
|
|-damage|p1a: EVOLUTION|5/100 tox|[from] psn
|upkeep
|turn|20
|l| Riley999
|c|☆Bob Barker's Ghost|reads
|inactive|Bob Barker's Ghost has 120 seconds left.
|
|move|p1a: EVOLUTION|Shadow Sneak|p2a: Lunatone
|-supereffective|p2a: Lunatone
|-damage|p2a: Lunatone|39/100
|-damage|p1a: EVOLUTION|0 fnt|[from] item: Life Orb
|faint|p1a: EVOLUTION
|move|p2a: Lunatone|Psychic|p1: EVOLUTION|[notarget]
|-fail|p2a: Lunatone
|
|upkeep
|j| Riley999
|
|switch|p1a: DEVIL'S LANCE|Pawniard, F|100/100
|turn|21
|c|☆uult5 somalia|do i tank
|c|☆Bob Barker's Ghost|dont use sucker ok?
|c|☆uult5 somalia|ok
|inactive|Bob Barker's Ghost has 120 seconds left.
|c|☆Bob Barker's Ghost|cause i'm gonna use the attack
|c|☆Bob Barker's Ghost|so dont use sucker
|c|☆uult5 somalia|LOL
|c|☆uult5 somalia|bro i cant take mindgames
|inactive|uult5 somalia has 120 seconds left.
|c|☆uult5 somalia|im fragile
|c|☆Bob Barker's Ghost|Not a mind game
|c|☆uult5 somalia|lmao
|c|☆uult5 somalia|:(
|c|☆Bob Barker's Ghost|im gonna click the attack
|inactive|Bob Barker's Ghost has 90 seconds left.
|c|☆uult5 somalia|Bob barker huh
|c|☆uult5 somalia|sounds like a truthful
|c|☆uult5 somalia|guy
|c|☆uult5 somalia|to be fair
|c|☆Bob Barker's Ghost|^^^
|
|move|p1a: DEVIL'S LANCE|Sucker Punch||[still]
|-fail|p1a: DEVIL'S LANCE
|move|p2a: Lunatone|Rock Polish|p2a: Lunatone
|-boost|p2a: Lunatone|spe|2
|
|upkeep
|turn|22
|c|☆Bob Barker's Ghost|oops
|c|☆uult5 somalia|LIAR
|c|☆Bob Barker's Ghost|miss click
|inactive|Bob Barker's Ghost has 90 seconds left.
|c|☆uult5 somalia|LOL
|j| Range memes
|c|☆uult5 somalia|nooo
|c|☆uult5 somalia|we finna do this now ha
|l|+royesk
|inactive|uult5 somalia has 90 seconds left.
|c|☆uult5 somalia|i always sucker
|c|☆uult5 somalia|at no.3
|
|move|p1a: DEVIL'S LANCE|Sucker Punch||[still]
|-fail|p1a: DEVIL'S LANCE
|move|p2a: Lunatone|Rock Polish|p2a: Lunatone
|-boost|p2a: Lunatone|spe|2
|
|upkeep
|turn|23
|c|☆uult5 somalia|one more
|c| Jonmychael|Blunder logic
|c|☆Bob Barker's Ghost|bro
|inactive|Bob Barker's Ghost has 90 seconds left.
|c| Jonmychael|3 then ataack
|c| Jonmychael|Everytime
|c|☆Bob Barker's Ghost|i keep miss clicking
|c|☆uult5 somalia|bro i trained blunder
|
|move|p1a: DEVIL'S LANCE|Sucker Punch||[still]
|-fail|p1a: DEVIL'S LANCE
|move|p2a: Lunatone|Rock Polish|p2a: Lunatone
|-boost|p2a: Lunatone|spe|0
|
|upkeep
|turn|24
|c|☆uult5 somalia|back in the day
|c|☆uult5 somalia|before
|c|☆uult5 somalia|showdown
|c|☆uult5 somalia|and all
|
|move|p1a: DEVIL'S LANCE|Sucker Punch|p2a: Lunatone
|-supereffective|p2a: Lunatone
|-damage|p2a: Lunatone|0 fnt
|faint|p2a: Lunatone
|
|upkeep
|c|☆Bob Barker's Ghost|damn gg
|
|switch|p2a: Gourgeist|Gourgeist-Super, M|88/100
|-damage|p2a: Gourgeist|76/100|[from] Stealth Rock
|-item|p1a: DEVIL'S LANCE|Eviolite|[from] ability: Frisk|[of] p2a: Gourgeist|[identify]
|turn|25
|c|☆uult5 somalia|gg man
|inactive|Bob Barker's Ghost has 90 seconds left.
|
|move|p1a: DEVIL'S LANCE|Knock Off|p2a: Gourgeist
|-supereffective|p2a: Gourgeist
|-damage|p2a: Gourgeist|16/100
|-enditem|p2a: Gourgeist|Lum Berry|[from] move: Knock Off|[of] p1a: DEVIL'S LANCE
|move|p2a: Gourgeist|Power Whip|p1a: DEVIL'S LANCE
|-resisted|p1a: DEVIL'S LANCE
|-damage|p1a: DEVIL'S LANCE|73/100
|
|upkeep
|turn|26
|
|move|p1a: DEVIL'S LANCE|Knock Off|p2a: Gourgeist
|-supereffective|p2a: Gourgeist
|-damage|p2a: Gourgeist|0 fnt
|faint|p2a: Gourgeist
|
|win|uult5 somalia
