|j|‽IHaveLowGXE
|j|☆MAC1295
|t:|1603908301
|player|p1|IHaveLowGXE|101|1345
|player|p2|MAC1295|lucian|1293
|teamsize|p1|6
|teamsize|p2|6
|gametype|singles
|gen|8
|tier|[Gen 8] PU
|rated|
|clearpoke
|poke|p1|Metang|
|poke|p1|Magmar, M|
|poke|p1|Marshtomp, M|
|poke|p1|Liepard, M|
|poke|p1|Shiinotic, F|
|poke|p1|Silvally-*|
|poke|p2|Pincurchin, M|
|poke|p2|Manectric, F|
|poke|p2|Drifblim, M|
|poke|p2|Lurantis, F|
|poke|p2|Pinsir, M|
|poke|p2|Pawniard, F|
|rule|Sleep Clause Mod: Limit one foe put to sleep
|rule|Species Clause: Limit one of each Pokémon
|rule|OHKO Clause: OHKO moves are banned
|rule|Evasion Moves Clause: Evasion moves are banned
|rule|Endless Battle Clause: Forcing endless battles is banned
|rule|HP Percentage Mod: HP is shown in percentages
|rule|Dynamax Clause: You cannot dynamax
|teampreview
|inactive|Battle timer is ON: inactive players will automatically lose when time's up. (requested by IHaveLowGXE)
|
|t:|1603908349
|start
|switch|p1a: Metang|Metang|100/100
|switch|p2a: Pinsir|Pinsir, M|100/100
|-ability|p2a: Pinsir|Mold Breaker
|turn|1
|
|t:|1603908362
|switch|p1a: Silvally|Silvally-Poison|100/100
|move|p2a: Pinsir|Earthquake|p1a: Silvally
|-supereffective|p1a: Silvally
|-damage|p1a: Silvally|33/100
|
|upkeep
|turn|2
|
|t:|1603908382
|switch|p1a: Shiinotic|Shiinotic, F|100/100
|move|p2a: Pinsir|Earthquake|p1a: Shiinotic
|-resisted|p1a: Shiinotic
|-damage|p1a: Shiinotic|85/100
|
|-heal|p1a: Shiinotic|92/100|[from] item: Leftovers
|upkeep
|turn|3
|
|t:|1603908397
|switch|p2a: Pawniard|Pawniard, F|100/100
|move|p1a: Shiinotic|Spore|p2a: Pawniard
|-status|p2a: Pawniard|slp|[from] move: Spore
|
|-heal|p1a: Shiinotic|98/100|[from] item: Leftovers
|upkeep
|turn|4
|
|t:|1603908405
|switch|p1a: Magmar|Magmar, M|100/100
|cant|p2a: Pawniard|slp
|
|upkeep
|turn|5
|inactive|MAC1295 has 120 seconds left.
|
|t:|1603908433
|-curestatus|p2a: Pawniard|slp|[msg]
|move|p2a: Pawniard|Sucker Punch|p1a: Magmar
|-damage|p1a: Magmar|50/100
|move|p1a: Magmar|Flame Charge|p2a: Pawniard
|-supereffective|p2a: Pawniard
|-damage|p2a: Pawniard|54/100
|-boost|p1a: Magmar|spe|1
|
|upkeep
|turn|6
|inactive|MAC1295 has 120 seconds left.
|
|t:|1603908457
|move|p2a: Pawniard|Sucker Punch|p1a: Magmar
|-damage|p1a: Magmar|3/100
|move|p1a: Magmar|Scorching Sands|p2a: Pawniard
|-supereffective|p2a: Pawniard
|-damage|p2a: Pawniard|3/100
|
|upkeep
|turn|7
|
|t:|1603908471
|switch|p1a: Liepard|Liepard, M|100/100
|move|p2a: Pawniard|Sucker Punch||[still]
|-fail|p2a: Pawniard
|
|upkeep
|turn|8
|
|t:|1603908485
|move|p1a: Liepard|Knock Off|p2a: Pawniard
|-resisted|p2a: Pawniard
|-damage|p2a: Pawniard|0 fnt
|-enditem|p2a: Pawniard|Eviolite|[from] move: Knock Off|[of] p1a: Liepard
|faint|p2a: Pawniard
|
|upkeep
|
|t:|1603908495
|switch|p2a: Pinsir|Pinsir, M|100/100
|-ability|p2a: Pinsir|Mold Breaker
|turn|9
|
|t:|1603908502
|switch|p1a: Shiinotic|Shiinotic, F|98/100
|move|p2a: Pinsir|X-Scissor|p1a: Shiinotic
|-damage|p1a: Shiinotic|63/100
|
|-heal|p1a: Shiinotic|70/100|[from] item: Leftovers
|upkeep
|turn|10
|
|t:|1603908517
|switch|p2a: Lurantis|Lurantis, F|100/100
|move|p1a: Shiinotic|Strength Sap|p2a: Lurantis
|-boost|p2a: Lurantis|atk|1
|-heal|p1a: Shiinotic|100/100
|
|upkeep
|turn|11
|
|t:|1603908526
|switch|p1a: Metang|Metang|100/100
|move|p2a: Lurantis|Superpower|p1a: Metang
|-damage|p1a: Metang|68/100
|-boost|p2a: Lurantis|atk|1
|-boost|p2a: Lurantis|def|1
|
|upkeep
|turn|12
|inactive|MAC1295 has 120 seconds left.
|
|t:|1603908534
|move|p2a: Lurantis|Superpower|p1a: Metang
|-damage|p1a: Metang|27/100
|-boost|p2a: Lurantis|atk|1
|-boost|p2a: Lurantis|def|1
|move|p1a: Metang|Stealth Rock|p2a: Lurantis
|-sidestart|p2: MAC1295|move: Stealth Rock
|
|upkeep
|turn|13
|
|t:|1603908542
|move|p1a: Metang|Bullet Punch|p2a: Lurantis
|-damage|p2a: Lurantis|91/100
|move|p2a: Lurantis|Superpower|p1a: Metang
|-damage|p1a: Metang|0 fnt
|-boost|p2a: Lurantis|atk|1
|-boost|p2a: Lurantis|def|1
|faint|p1a: Metang
|
|upkeep
|
|t:|1603908544
|switch|p1a: Magmar|Magmar, M|3/100
|turn|14
|inactive|MAC1295 has 120 seconds left.
|j| Dentriflow
|
|t:|1603908585
|move|p1a: Magmar|Fire Blast|p2a: Lurantis|[miss]
|-miss|p1a: Magmar|p2a: Lurantis
|move|p2a: Lurantis|Superpower|p1a: Magmar
|-damage|p1a: Magmar|0 fnt
|-boost|p2a: Lurantis|atk|1
|-boost|p2a: Lurantis|def|1
|faint|p1a: Magmar
|
|upkeep
|
|t:|1603908591
|switch|p1a: Silvally|Silvally-Poison|33/100
|turn|15
|
|t:|1603908596
|move|p1a: Silvally|Flamethrower|p2a: Lurantis
|-supereffective|p2a: Lurantis
|-damage|p2a: Lurantis|62/100
|move|p2a: Lurantis|Superpower|p1a: Silvally
|-resisted|p1a: Silvally
|-damage|p1a: Silvally|0 fnt
|-boost|p2a: Lurantis|atk|1
|-boost|p2a: Lurantis|def|1
|faint|p1a: Silvally
|
|upkeep
|
|t:|1603908600
|switch|p1a: Shiinotic|Shiinotic, F|100/100
|turn|16
|inactive|MAC1295 has 120 seconds left.
|
|t:|1603908612
|move|p2a: Lurantis|Leaf Blade|p1a: Shiinotic
|-resisted|p1a: Shiinotic
|-damage|p1a: Shiinotic|40/100
|move|p1a: Shiinotic|Moonblast|p2a: Lurantis
|-crit|p2a: Lurantis
|-damage|p2a: Lurantis|24/100
|
|-heal|p1a: Shiinotic|46/100|[from] item: Leftovers
|upkeep
|turn|17
|inactive|MAC1295 has 120 seconds left.
|
|t:|1603908619
|move|p2a: Lurantis|Synthesis|p2a: Lurantis
|-heal|p2a: Lurantis|74/100
|move|p1a: Shiinotic|Moonblast|p2a: Lurantis
|-damage|p2a: Lurantis|52/100
|-boost|p2a: Lurantis|spa|1
|
|-heal|p1a: Shiinotic|53/100|[from] item: Leftovers
|upkeep
|turn|18
|inactive|MAC1295 has 120 seconds left.
|
|t:|1603908631
|switch|p1a: Liepard|Liepard, M|100/100
|move|p2a: Lurantis|Synthesis|p2a: Lurantis
|-heal|p2a: Lurantis|100/100
|
|upkeep
|turn|19
|
|t:|1603908640
|move|p1a: Liepard|Encore|p2a: Lurantis
|-start|p2a: Lurantis|Encore
|move|p2a: Lurantis|Synthesis||[still]
|-fail|p2a: Lurantis
|
|upkeep
|turn|20
|
|t:|1603908643
|move|p1a: Liepard|Knock Off|p2a: Lurantis
|-damage|p2a: Lurantis|86/100
|-enditem|p2a: Lurantis|Heavy-Duty Boots|[from] move: Knock Off|[of] p1a: Liepard
|move|p2a: Lurantis|Synthesis|p2a: Lurantis
|-heal|p2a: Lurantis|100/100
|
|upkeep
|turn|21
|
|t:|1603908667
|move|p1a: Liepard|Copycat|p1a: Liepard
|move|p1a: Liepard|Synthesis||[from]Copycat|[still]
|-fail|p1a: Liepard
|move|p2a: Lurantis|Synthesis||[still]
|-fail|p2a: Lurantis
|
|-end|p2a: Lurantis|Encore
|upkeep
|turn|22
|
|t:|1603908676
|move|p1a: Liepard|Encore|p2a: Lurantis
|-start|p2a: Lurantis|Encore
|move|p2a: Lurantis|Synthesis||[still]
|-fail|p2a: Lurantis
|
|upkeep
|turn|23
|
|t:|1603908678
|move|p1a: Liepard|Copycat|p1a: Liepard
|move|p1a: Liepard|Synthesis||[from]Copycat|[still]
|-fail|p1a: Liepard
|move|p2a: Lurantis|Synthesis||[still]
|-fail|p2a: Lurantis
|
|upkeep
|turn|24
|
|t:|1603908681
|move|p1a: Liepard|Copycat|p1a: Liepard
|move|p1a: Liepard|Synthesis||[from]Copycat|[still]
|-fail|p1a: Liepard
|move|p2a: Lurantis|Synthesis||[still]
|-fail|p2a: Lurantis
|
|-end|p2a: Lurantis|Encore
|upkeep
|turn|25
|
|t:|1603908683
|move|p1a: Liepard|Encore||[still]
|-fail|p1a: Liepard
|move|p2a: Lurantis|Leaf Blade|p1a: Liepard
|-damage|p1a: Liepard|0 fnt
|faint|p1a: Liepard
|
|upkeep
|-message|IHaveLowGXE forfeited.
|
|win|MAC1295
|l|‽IHaveLowGXE
|l|☆MAC1295
||Ladder (probably) updated, but score could not be retrieved (Request timeout).
|j|☆MAC1295
|player|p2|MAC1295|lucian
