|raw|<div class="broadcast-blue"><strong>This battle is required to be public due to a player having a name starting with 'pult4c1'.</div>
|j|☆slam shark
|j|☆PULT4C1 Inder
|t:|1660651852
|gametype|singles
|player|p1|slam shark|nate|1126
|player|p2|PULT4C1 Inder|lyra|1425
|teamsize|p1|6
|teamsize|p2|6
|gen|8
|tier|[Gen 8] PU
|rated|
|rule|Sleep Clause Mod: Limit one foe put to sleep
|rule|Species Clause: Limit one of each Pokémon
|rule|OHKO Clause: OHKO moves are banned
|rule|Evasion Items Clause: Evasion items are banned
|rule|Evasion Moves Clause: Evasion moves are banned
|rule|Endless Battle Clause: Forcing endless battles is banned
|rule|HP Percentage Mod: HP is shown in percentages
|rule|Dynamax Clause: You cannot dynamax
|clearpoke
|poke|p1|Perrserker, M|
|poke|p1|Carbink|
|poke|p1|Shiftry, F|
|poke|p1|Audino, F|
|poke|p1|Mesprit|
|poke|p1|Jellicent, M|
|poke|p2|Gigalith, M|
|poke|p2|Sandslash, F|
|poke|p2|Ribombee, M|
|poke|p2|Arctovish|
|poke|p2|Tangela, F|
|poke|p2|Gallade, M|
|teampreview
|inactive|Battle timer is ON: inactive players will automatically lose when time's up. (requested by PULT4C1 Inder)
|inactive|slam shark also wants the timer to be on.
|c|☆slam shark|ah ok
|inactive|slam shark has 120 seconds left.
|c|☆PULT4C1 Inder|C mat ?
|c|☆slam shark|nn c le pere noel
|c|☆slam shark|-_-
|inactive|slam shark has 90 seconds left.
|c|☆PULT4C1 Inder|mdrrr frère tu m’as random ping sur discord
|c|☆slam shark|envoie des teams après stp
|
|t:|1660651941
|start
|switch|p1a: Shiftry|Shiftry, F|100/100
|switch|p2a: Gallade|Gallade, M|100/100
|turn|1
|c|☆PULT4C1 Inder|T’as cru j’avais des teams
|c|☆PULT4C1 Inder|mdrrr
|inactive|slam shark has 120 seconds left.
|c|☆slam shark|tu ladd avec quoi la zbi
|
|t:|1660651966
|switch|p1a: Carbink|Carbink|100/100
|move|p2a: Gallade|Knock Off|p1a: Carbink
|-resisted|p1a: Carbink
|-damage|p1a: Carbink|90/100
|-enditem|p1a: Carbink|Leftovers|[from] move: Knock Off|[of] p2a: Gallade
|
|upkeep
|turn|2
|c|☆PULT4C1 Inder|c une sample Que j’ai modif
|c|☆PULT4C1 Inder|y’a r
|
|t:|1660651979
|move|p2a: Gallade|Leaf Blade|p1a: Carbink
|-supereffective|p1a: Carbink
|-damage|p1a: Carbink|50/100
|move|p1a: Carbink|Body Press|p2a: Gallade
|-resisted|p2a: Gallade
|-damage|p2a: Gallade|78/100
|
|upkeep
|turn|3
|
|t:|1660651994
|move|p2a: Gallade|Drain Punch|p1a: Carbink
|-damage|p1a: Carbink|29/100
|-heal|p2a: Gallade|88/100|[from] drain|[of] p1a: Carbink
|move|p1a: Carbink|Iron Defense|p1a: Carbink
|-boost|p1a: Carbink|def|2
|
|upkeep
|turn|4
|
|t:|1660652014
|switch|p2a: Tangela|Tangela, F|100/100
|move|p1a: Carbink|Rest|p1a: Carbink
|-status|p1a: Carbink|slp|[from] move: Rest
|-heal|p1a: Carbink|100/100 slp|[silent]
|
|upkeep
|turn|5
|
|t:|1660652020
|switch|p1a: Perrserker|Perrserker, M|100/100
|move|p2a: Tangela|Giga Drain|p1a: Perrserker
|-resisted|p1a: Perrserker
|-damage|p1a: Perrserker|87/100
|
|upkeep
|turn|6
|
|t:|1660652024
|move|p1a: Perrserker|U-turn|p2a: Tangela
|-supereffective|p2a: Tangela
|-damage|p2a: Tangela|78/100
|
|t:|1660652026
|switch|p1a: Mesprit|Mesprit|100/100|[from]move: U-turn
|move|p2a: Tangela|Knock Off|p1a: Mesprit
|-supereffective|p1a: Mesprit
|-damage|p1a: Mesprit|73/100
|-enditem|p1a: Mesprit|Choice Scarf|[from] move: Knock Off|[of] p2a: Tangela
|
|upkeep
|turn|7
|
|t:|1660652048
|switch|p2a: Arctovish|Arctovish|100/100
|move|p1a: Mesprit|Trick|p2a: Arctovish
|-activate|p1a: Mesprit|move: Trick|[of] p2a: Arctovish
|-enditem|p2a: Arctovish|Heavy-Duty Boots|[silent]|[from] move: Trick
|-item|p1a: Mesprit|Heavy-Duty Boots|[from] move: Trick
|
|upkeep
|turn|8
|
|t:|1660652063
|move|p1a: Mesprit|U-turn|p2a: Arctovish
|-damage|p2a: Arctovish|87/100
|
|t:|1660652064
|switch|p1a: Jellicent|Jellicent, M|100/100|[from]move: U-turn
|move|p2a: Arctovish|Fishious Rend|p1a: Jellicent
|-immune|p1a: Jellicent|[from] ability: Water Absorb
|
|upkeep
|turn|9
|
|t:|1660652089
|switch|p1a: Shiftry|Shiftry, F|100/100
|move|p2a: Arctovish|Freeze-Dry|p1a: Shiftry
|-supereffective|p1a: Shiftry
|-damage|p1a: Shiftry|62/100
|
|upkeep
|turn|10
|
|t:|1660652109
|switch|p2a: Ribombee|Ribombee, M|100/100
|move|p1a: Shiftry|Leaf Blade|p2a: Ribombee
|-resisted|p2a: Ribombee
|-damage|p2a: Ribombee|69/100
|
|upkeep
|turn|11
|
|t:|1660652115
|switch|p1a: Perrserker|Perrserker, M|87/100
|move|p2a: Ribombee|Moonblast|p1a: Perrserker
|-resisted|p1a: Perrserker
|-crit|p1a: Perrserker
|-damage|p1a: Perrserker|57/100
|-unboost|p1a: Perrserker|spa|1
|
|upkeep
|turn|12
|
|t:|1660652122
|switch|p2a: Tangela|Tangela, F|100/100
|move|p1a: Perrserker|U-turn|p2a: Tangela
|-supereffective|p2a: Tangela
|-damage|p2a: Tangela|77/100
|
|t:|1660652142
|switch|p1a: Shiftry|Shiftry, F|62/100|[from]move: U-turn
|
|upkeep
|turn|13
|
|t:|1660652145
|switch|p2a: Ribombee|Ribombee, M|69/100
|move|p1a: Shiftry|Knock Off|p2a: Ribombee
|-resisted|p2a: Ribombee
|-damage|p2a: Ribombee|35/100
|-enditem|p2a: Ribombee|Heavy-Duty Boots|[from] move: Knock Off|[of] p1a: Shiftry
|
|upkeep
|turn|14
|
|t:|1660652154
|switch|p1a: Mesprit|Mesprit|73/100
|move|p2a: Ribombee|Roost|p2a: Ribombee
|-heal|p2a: Ribombee|85/100
|-singleturn|p2a: Ribombee|move: Roost
|
|upkeep
|turn|15
|
|t:|1660652159
|move|p2a: Ribombee|Quiver Dance|p2a: Ribombee
|-boost|p2a: Ribombee|spa|1
|-boost|p2a: Ribombee|spd|1
|-boost|p2a: Ribombee|spe|1
|move|p1a: Mesprit|Stealth Rock|p2a: Ribombee
|-sidestart|p2: PULT4C1 Inder|move: Stealth Rock
|
|upkeep
|turn|16
|
|t:|1660652165
|move|p2a: Ribombee|Moonblast|p1a: Mesprit
|-damage|p1a: Mesprit|8/100
|-unboost|p1a: Mesprit|spa|1
|move|p1a: Mesprit|U-turn|p2a: Ribombee
|-resisted|p2a: Ribombee
|-damage|p2a: Ribombee|69/100
|
|t:|1660652172
|switch|p1a: Perrserker|Perrserker, M|57/100|[from]move: U-turn
|
|upkeep
|turn|17
|
|t:|1660652182
|switch|p2a: Tangela|Tangela, F|100/100
|-damage|p2a: Tangela|88/100|[from] Stealth Rock
|move|p1a: Perrserker|Iron Head|p2a: Tangela
|-damage|p2a: Tangela|67/100
|
|upkeep
|turn|18
|
|t:|1660652192
|move|p1a: Perrserker|Iron Head|p2a: Tangela
|-damage|p2a: Tangela|44/100
|move|p2a: Tangela|Knock Off|p1a: Perrserker
|-damage|p1a: Perrserker|45/100
|-enditem|p1a: Perrserker|Assault Vest|[from] move: Knock Off|[of] p2a: Tangela
|
|upkeep
|turn|19
|
|t:|1660652217
|switch|p2a: Sandslash|Sandslash, F|100/100
|-damage|p2a: Sandslash|94/100|[from] Stealth Rock
|move|p1a: Perrserker|Iron Head|p2a: Sandslash
|-damage|p2a: Sandslash|56/100
|
|-heal|p2a: Sandslash|62/100|[from] item: Leftovers
|upkeep
|turn|20
|
|t:|1660652226
|switch|p1a: Audino|Audino, F|100/100
|move|p2a: Sandslash|Earthquake|p1a: Audino
|-damage|p1a: Audino|62/100
|
|-heal|p2a: Sandslash|68/100|[from] item: Leftovers
|upkeep
|turn|21
|
|t:|1660652232
|move|p2a: Sandslash|Rapid Spin|p1a: Audino
|-damage|p1a: Audino|51/100
|-boost|p2a: Sandslash|spe|1
|-sideend|p2: PULT4C1 Inder|Stealth Rock|[from] move: Rapid Spin|[of] p2a: Sandslash
|move|p1a: Audino|Knock Off|p2a: Sandslash
|-damage|p2a: Sandslash|55/100
|-enditem|p2a: Sandslash|Leftovers|[from] move: Knock Off|[of] p1a: Audino
|
|upkeep
|turn|22
|
|t:|1660652237
|move|p2a: Sandslash|Swords Dance|p2a: Sandslash
|-boost|p2a: Sandslash|atk|2
|move|p1a: Audino|Wish|p1a: Audino
|
|upkeep
|turn|23
|
|t:|1660652241
|move|p1a: Audino|Protect|p1a: Audino
|-singleturn|p1a: Audino|Protect
|move|p2a: Sandslash|Swords Dance|p2a: Sandslash
|-boost|p2a: Sandslash|atk|2
|
|-heal|p1a: Audino|100/100|[from] move: Wish|[wisher] Audino
|upkeep
|turn|24
|c|☆slam shark|gg
|-message|slam shark forfeited.
|
|win|PULT4C1 Inder
|raw|slam shark's rating: 1126 &rarr; <strong>1119</strong><br />(-7 for losing)
|raw|PULT4C1 Inder's rating: 1435 &rarr; <strong>1441</strong><br />(+6 for winning)
|c|☆PULT4C1 Inder|gg
|l|☆slam shark
