|html|<div class="broadcast-blue"><strong>[Gen 8] PU is currently suspecting Vanilluxe! For information on how to participate check out the <a href="https://www.smogon.com/forums/threads/np-ss-pu-stage-10-ice-cream-vanilluxe-suspect-test.3705646/">suspect thread</a>.</strong></div>
|raw|<div class="broadcast-blue"><strong>This battle is required to be public due to a player having a name starting with 'pult4c1'.</div>
|j|☆Delistyle
|j|☆PULT4C1 Inder
|t:|1660506041
|gametype|singles
|player|p1|Delistyle|veteran|1060
|player|p2|PULT4C1 Inder|lyra|1194
|teamsize|p1|6
|teamsize|p2|6
|gen|8
|tier|[Gen 8] PU
|rated|
|rule|Sleep Clause Mod: Limit one foe put to sleep
|rule|Species Clause: Limit one of each Pokémon
|rule|OHKO Clause: OHKO moves are banned
|rule|Evasion Items Clause: Evasion items are banned
|rule|Evasion Moves Clause: Evasion moves are banned
|rule|Endless Battle Clause: Forcing endless battles is banned
|rule|HP Percentage Mod: HP is shown in percentages
|rule|Dynamax Clause: You cannot dynamax
|clearpoke
|poke|p1|Hitmonlee, M|
|poke|p1|Ferroseed, F|
|poke|p1|Galvantula, M|
|poke|p1|Quagsire, M|
|poke|p1|Sandaconda, M|
|poke|p1|Ditto|
|poke|p2|Doublade, M|
|poke|p2|Vikavolt, M|
|poke|p2|Archeops, F|
|poke|p2|Silvally-*|
|poke|p2|Turtonator, F|
|poke|p2|Druddigon, F|
|teampreview
|inactive|Battle timer is ON: inactive players will automatically lose when time's up. (requested by PULT4C1 Inder)
|
|t:|1660506048
|start
|switch|p1a: Quagsire|Quagsire, M|100/100
|switch|p2a: Druddigon|Druddigon, F|100/100
|-ability|p2a: Druddigon|Mold Breaker
|turn|1
|
|t:|1660506054
|move|p2a: Druddigon|Taunt|p1a: Quagsire
|-start|p1a: Quagsire|move: Taunt
|move|p1a: Quagsire|Ice Beam|p2a: Druddigon
|-supereffective|p2a: Druddigon
|-damage|p2a: Druddigon|26/100
|-damage|p1a: Quagsire|91/100|[from] item: Life Orb
|
|upkeep
|turn|2
|
|t:|1660506061
|move|p2a: Druddigon|Stealth Rock|p1a: Quagsire
|-sidestart|p1: Delistyle|move: Stealth Rock
|move|p1a: Quagsire|Ice Beam|p2a: Druddigon
|-supereffective|p2a: Druddigon
|-damage|p2a: Druddigon|0 fnt
|faint|p2a: Druddigon
|-damage|p1a: Quagsire|81/100|[from] item: Life Orb
|
|upkeep
|
|t:|1660506086
|switch|p2a: Vikavolt|Vikavolt, M|100/100
|turn|3
|
|t:|1660506092
|move|p2a: Vikavolt|Bug Buzz|p1a: Quagsire
|-damage|p1a: Quagsire|23/100
|-enditem|p2a: Vikavolt|Throat Spray
|-boost|p2a: Vikavolt|spa|1|[from] item: Throat Spray
|move|p1a: Quagsire|Scald|p2a: Vikavolt
|-damage|p2a: Vikavolt|42/100
|-damage|p1a: Quagsire|13/100|[from] item: Life Orb
|
|-end|p1a: Quagsire|move: Taunt
|upkeep
|turn|4
|
|t:|1660506102
|move|p2a: Vikavolt|Bug Buzz|p1a: Quagsire
|-damage|p1a: Quagsire|0 fnt
|faint|p1a: Quagsire
|
|upkeep
|
|t:|1660506112
|switch|p1a: Ditto|Ditto|100/100
|-damage|p1a: Ditto|88/100|[from] Stealth Rock
|-transform|p1a: Ditto|p2a: Vikavolt|[from] ability: Imposter
|turn|5
|
|t:|1660506122
|move|p1a: Ditto|Thunderbolt|p2a: Vikavolt
|-resisted|p2a: Vikavolt
|-damage|p2a: Vikavolt|0 fnt
|faint|p2a: Vikavolt
|
|upkeep
|
|t:|1660506125
|switch|p2a: Turtonator|Turtonator, F|100/100
|turn|6
|
|t:|1660506128
|move|p1a: Ditto|Thunderbolt|p2a: Turtonator
|-resisted|p2a: Turtonator
|-damage|p2a: Turtonator|40/100
|move|p2a: Turtonator|Flamethrower|p1a: Ditto
|-supereffective|p1a: Ditto
|-damage|p1a: Ditto|0 fnt
|faint|p1a: Ditto
|
|upkeep
|
|t:|1660506136
|switch|p1a: Sandaconda|Sandaconda, M|100/100
|-damage|p1a: Sandaconda|94/100|[from] Stealth Rock
|turn|7
|
|t:|1660506142
|move|p2a: Turtonator|Flamethrower|p1a: Sandaconda
|-damage|p1a: Sandaconda|43/100
|move|p1a: Sandaconda|Coil|p1a: Sandaconda
|-boost|p1a: Sandaconda|atk|1
|-boost|p1a: Sandaconda|def|1
|-boost|p1a: Sandaconda|accuracy|1
|
|-heal|p1a: Sandaconda|49/100|[from] item: Leftovers
|upkeep
|turn|8
|
|t:|1660506151
|move|p2a: Turtonator|Flamethrower|p1a: Sandaconda
|-damage|p1a: Sandaconda|0 fnt
|faint|p1a: Sandaconda
|
|upkeep
|
|t:|1660506155
|switch|p1a: Hitmonlee|Hitmonlee, M|100/100
|-damage|p1a: Hitmonlee|94/100|[from] Stealth Rock
|turn|9
|
|t:|1660506161
|switch|p2a: Silvally|Silvally-Fairy|100/100
|move|p1a: Hitmonlee|Sucker Punch||[still]
|-fail|p1a: Hitmonlee
|
|upkeep
|turn|10
|
|t:|1660506168
|move|p1a: Hitmonlee|Endure|p1a: Hitmonlee
|-singleturn|p1a: Hitmonlee|move: Endure
|move|p2a: Silvally|Swords Dance|p2a: Silvally
|-boost|p2a: Silvally|atk|2
|
|upkeep
|turn|11
|
|t:|1660506175
|switch|p1a: Ferroseed|Ferroseed, F|100/100
|-damage|p1a: Ferroseed|94/100|[from] Stealth Rock
|move|p2a: Silvally|Swords Dance|p2a: Silvally
|-boost|p2a: Silvally|atk|2
|
|upkeep
|turn|12
|
|t:|1660506189
|move|p2a: Silvally|Multi-Attack|p1a: Ferroseed
|-resisted|p1a: Ferroseed
|-damage|p1a: Ferroseed|53/100
|-damage|p2a: Silvally|88/100|[from] ability: Iron Barbs|[of] p1a: Ferroseed
|move|p1a: Ferroseed|Leech Seed|p2a: Silvally
|-start|p2a: Silvally|move: Leech Seed
|
|-damage|p2a: Silvally|76/100|[from] Leech Seed|[of] p1a: Ferroseed
|-heal|p1a: Ferroseed|67/100|[silent]
|upkeep
|turn|13
|
|t:|1660506198
|move|p1a: Ferroseed|Protect|p1a: Ferroseed
|-singleturn|p1a: Ferroseed|Protect
|move|p2a: Silvally|Flame Charge|p1a: Ferroseed
|-activate|p1a: Ferroseed|move: Protect
|
|-damage|p2a: Silvally|63/100|[from] Leech Seed|[of] p1a: Ferroseed
|-heal|p1a: Ferroseed|81/100|[silent]
|upkeep
|turn|14
|
|t:|1660506213
|move|p2a: Silvally|Flame Charge|p1a: Ferroseed
|-supereffective|p1a: Ferroseed
|-damage|p1a: Ferroseed|0 fnt
|-boost|p2a: Silvally|spe|1
|-damage|p2a: Silvally|51/100|[from] ability: Iron Barbs|[of] p1a: Ferroseed
|faint|p1a: Ferroseed
|
|upkeep
|
|t:|1660506222
|switch|p1a: Hitmonlee|Hitmonlee, M|94/100
|-damage|p1a: Hitmonlee|88/100|[from] Stealth Rock
|turn|15
|
|t:|1660506227
|move|p1a: Hitmonlee|Endure|p1a: Hitmonlee
|-singleturn|p1a: Hitmonlee|move: Endure
|move|p2a: Silvally|Multi-Attack|p1a: Hitmonlee
|-supereffective|p1a: Hitmonlee
|-activate|p1a: Hitmonlee|move: Endure
|-damage|p1a: Hitmonlee|1/100
|-enditem|p1a: Hitmonlee|Liechi Berry|[eat]
|-boost|p1a: Hitmonlee|atk|1|[from] item: Liechi Berry
|
|-damage|p2a: Silvally|39/100|[from] Leech Seed|[of] p1a: Hitmonlee
|-heal|p1a: Hitmonlee|18/100|[silent]
|upkeep
|turn|16
|
|t:|1660506240
|move|p1a: Hitmonlee|Earthquake|p2a: Silvally
|-damage|p2a: Silvally|0 fnt
|faint|p2a: Silvally
|
|upkeep
|
|t:|1660506243
|switch|p2a: Doublade|Doublade, M|100/100
|turn|17
|
|t:|1660506249
|move|p1a: Hitmonlee|Sucker Punch|p2a: Doublade
|-supereffective|p2a: Doublade
|-damage|p2a: Doublade|59/100
|move|p2a: Doublade|Shadow Sneak|p1a: Hitmonlee
|-damage|p1a: Hitmonlee|0 fnt
|faint|p1a: Hitmonlee
|
|upkeep
|-message|Delistyle forfeited.
|
|win|PULT4C1 Inder
|raw|Delistyle's rating: 1060 &rarr; <strong>1049</strong><br />(-11 for losing)
|raw|PULT4C1 Inder's rating: 1215 &rarr; <strong>1230</strong><br />(+15 for winning)
