|raw|<div class="broadcast-blue"><strong>This battle is required to be public due to a player having a name starting with 'pult4c1'.</div>
|j|☆Venti♡Touched♡Me
|j|☆pult4c1 shane
|t:|1660653045
|gametype|singles
|player|p1|Venti♡Touched♡Me|ingo|1373
|player|p2|pult4c1 shane|veteran|1433
|teamsize|p1|6
|teamsize|p2|6
|gen|8
|tier|[Gen 8] PU
|rated|
|rule|Sleep Clause Mod: Limit one foe put to sleep
|rule|Species Clause: Limit one of each Pokémon
|rule|OHKO Clause: OHKO moves are banned
|rule|Evasion Items Clause: Evasion items are banned
|rule|Evasion Moves Clause: Evasion moves are banned
|rule|Endless Battle Clause: Forcing endless battles is banned
|rule|HP Percentage Mod: HP is shown in percentages
|rule|Dynamax Clause: You cannot dynamax
|clearpoke
|poke|p1|Stunfisk, F|
|poke|p1|Liepard, M|
|poke|p1|Aromatisse, F|
|poke|p1|Cradily, M|
|poke|p1|Perrserker, F|
|poke|p1|Gallade, M|
|poke|p2|Sandslash, M|
|poke|p2|Gigalith, F|
|poke|p2|Eldegoss, M|
|poke|p2|Basculin, F|
|poke|p2|Scyther, F|
|poke|p2|Weezing, F|
|teampreview
|inactive|Battle timer is ON: inactive players will automatically lose when time's up. (requested by pult4c1 shane)
|j| Haffling
|
|t:|1660653061
|start
|switch|p1a: Gallade|Gallade, M|100/100
|switch|p2a: Basculin|Basculin, F|100/100
|turn|1
|j|+avarice
|
|t:|1660653066
|move|p2a: Basculin|Flip Turn|p1a: Gallade
|-crit|p1a: Gallade
|-damage|p1a: Gallade|3/100
|
|t:|1660653069
|switch|p2a: Eldegoss|Eldegoss, M|100/100|[from]move: Flip Turn
|move|p1a: Gallade|Close Combat|p2a: Eldegoss
|-damage|p2a: Eldegoss|51/100
|-unboost|p1a: Gallade|def|1
|-unboost|p1a: Gallade|spd|1
|-enditem|p2a: Eldegoss|Eject Button
|
|t:|1660653071
|switch|p2a: Basculin|Basculin, F|100/100
|
|upkeep
|turn|2
|
|t:|1660653075
|switch|p1a: Cradily|Cradily, M, shiny|100/100
|move|p2a: Basculin|Superpower|p1a: Cradily
|-supereffective|p1a: Cradily
|-damage|p1a: Cradily|38/100
|-unboost|p2a: Basculin|atk|1
|-unboost|p2a: Basculin|def|1
|
|-heal|p1a: Cradily|44/100|[from] item: Leftovers
|upkeep
|turn|3
|
|t:|1660653101
|move|p2a: Basculin|Superpower|p1a: Cradily
|-supereffective|p1a: Cradily
|-damage|p1a: Cradily|2/100
|-unboost|p2a: Basculin|atk|1
|-unboost|p2a: Basculin|def|1
|move|p1a: Cradily|Recover|p1a: Cradily
|-heal|p1a: Cradily|52/100
|
|-heal|p1a: Cradily|58/100|[from] item: Leftovers
|upkeep
|turn|4
|
|t:|1660653120
|switch|p2a: Weezing|Weezing, F|100/100
|-ability|p2a: Weezing|Neutralizing Gas
|move|p1a: Cradily|Giga Drain|p2a: Weezing
|-resisted|p2a: Weezing
|-damage|p2a: Weezing|85/100
|-heal|p1a: Cradily|65/100|[from] drain|[of] p2a: Weezing
|
|-heal|p2a: Weezing|91/100|[from] item: Black Sludge
|-heal|p1a: Cradily|72/100|[from] item: Leftovers
|upkeep
|turn|5
|
|t:|1660653123
|switch|p1a: Gallade|Gallade, M|3/100
|move|p2a: Weezing|Toxic Spikes|p1a: Gallade
|-sidestart|p1: Venti♡Touched♡Me|move: Toxic Spikes
|
|-heal|p2a: Weezing|97/100|[from] item: Black Sludge
|upkeep
|turn|6
|
|t:|1660653128
|-end|p2a: Weezing|ability: Neutralizing Gas
|switch|p2a: Eldegoss|Eldegoss, M|85/100
|move|p1a: Gallade|Close Combat|p2a: Eldegoss
|-damage|p2a: Eldegoss|36/100
|-unboost|p1a: Gallade|def|1
|-unboost|p1a: Gallade|spd|1
|
|upkeep
|turn|7
|
|t:|1660653133
|switch|p2a: Scyther|Scyther, F|100/100
|move|p1a: Gallade|Close Combat|p2a: Scyther
|-resisted|p2a: Scyther
|-damage|p2a: Scyther|80/100
|-unboost|p1a: Gallade|def|1
|-unboost|p1a: Gallade|spd|1
|
|upkeep
|turn|8
|
|t:|1660653143
|switch|p1a: Stunfisk|Stunfisk, F|100/100
|-status|p1a: Stunfisk|psn
|move|p2a: Scyther|Roost|p2a: Scyther
|-heal|p2a: Scyther|100/100
|-singleturn|p2a: Scyther|move: Roost
|
|-damage|p1a: Stunfisk|88/100 psn|[from] psn
|upkeep
|turn|9
|
|t:|1660653147
|switch|p2a: Eldegoss|Eldegoss, M|70/100
|move|p1a: Stunfisk|Discharge|p2a: Eldegoss
|-resisted|p2a: Eldegoss
|-damage|p2a: Eldegoss|60/100
|
|-heal|p1a: Stunfisk|94/100 psn|[from] item: Leftovers
|-damage|p1a: Stunfisk|82/100 psn|[from] psn
|upkeep
|turn|10
|-message|Venti♡Touched♡Me forfeited.
|
|win|pult4c1 shane
|raw|Venti♡Touched♡Me's rating: 1373 &rarr; <strong>1356</strong><br />(-17 for losing)
|raw|pult4c1 shane's rating: 1433 &rarr; <strong>1450</strong><br />(+17 for winning)
|l|☆Venti♡Touched♡Me
