|j|☆srwak
|j|☆Steven Davis
|t:|1629230234
|gametype|singles
|player|p1|srwak|hooligans|1243
|player|p2|Steven Davis|steven|1356
|teamsize|p1|6
|teamsize|p2|6
|gen|8
|tier|[Gen 8] PU
|rated|
|rule|Sleep Clause Mod: Limit one foe put to sleep
|rule|Species Clause: Limit one of each Pokémon
|rule|OHKO Clause: OHKO moves are banned
|rule|Evasion Moves Clause: Evasion moves are banned
|rule|Endless Battle Clause: Forcing endless battles is banned
|rule|HP Percentage Mod: HP is shown in percentages
|rule|Dynamax Clause: You cannot dynamax
|clearpoke
|poke|p1|Archeops, F|
|poke|p1|Accelgor, F|
|poke|p1|Basculin, F|
|poke|p1|Tsareena, F|
|poke|p1|Wishiwashi, M|
|poke|p1|Silvally-*|
|poke|p2|Whimsicott, F|
|poke|p2|Mesprit|
|poke|p2|Passimian, M|
|poke|p2|Coalossal, M|
|poke|p2|Drifblim, M|
|poke|p2|Klinklang|
|teampreview
|inactive|Battle timer is ON: inactive players will automatically lose when time's up. (requested by srwak)
|
|t:|1629230251
|start
|switch|p1a: Basculin|Basculin, F|100/100
|switch|p2a: Whimsicott|Whimsicott, F, shiny|100/100
|turn|1
|
|t:|1629230261
|move|p1a: Basculin|Final Gambit|p2a: Whimsicott
|-damage|p2a: Whimsicott|0 fnt
|faint|p1a: Basculin
|faint|p2a: Whimsicott
|
|upkeep
|
|t:|1629230272
|switch|p2a: Mesprit|Mesprit|100/100
|switch|p1a: Archeops|Archeops, F|100/100
|turn|2
|
|t:|1629230277
|move|p1a: Archeops|U-turn|p2a: Mesprit
|-supereffective|p2a: Mesprit
|-damage|p2a: Mesprit|44/100
|
|t:|1629230285
|switch|p1a: Tsareena|Tsareena, F|100/100|[from]move: U-turn
|move|p2a: Mesprit|Psychic|p1a: Tsareena
|-damage|p1a: Tsareena|60/100
|
|upkeep
|turn|3
|
|t:|1629230292
|move|p2a: Mesprit|U-turn|p1a: Tsareena
|-supereffective|p1a: Tsareena
|-damage|p1a: Tsareena|32/100
|-enditem|p1a: Tsareena|Sitrus Berry|[eat]
|-heal|p1a: Tsareena|57/100|[from] item: Sitrus Berry
|
|t:|1629230297
|switch|p2a: Coalossal|Coalossal, M|100/100|[from]move: U-turn
|move|p1a: Tsareena|Knock Off|p2a: Coalossal
|-damage|p2a: Coalossal|78/100
|-enditem|p2a: Coalossal|Leftovers|[from] move: Knock Off|[of] p1a: Tsareena
|
|upkeep
|turn|4
|
|t:|1629230310
|switch|p1a: Wishiwashi|Wishiwashi, M|100/100
|-formechange|p1a: Wishiwashi|Wishiwashi-School||[from] ability: Schooling
|move|p2a: Coalossal|Spikes|p1a: Wishiwashi
|-sidestart|p1: srwak|Spikes
|
|upkeep
|turn|5
|
|t:|1629230322
|move|p1a: Wishiwashi|Surf|p2a: Coalossal
|-supereffective|p2a: Coalossal
|-damage|p2a: Coalossal|0 fnt
|faint|p2a: Coalossal
|
|upkeep
|
|t:|1629230330
|switch|p2a: Drifblim|Drifblim, M|100/100
|turn|6
|
|t:|1629230335
|move|p2a: Drifblim|Calm Mind|p2a: Drifblim
|-boost|p2a: Drifblim|spa|1
|-boost|p2a: Drifblim|spd|1
|move|p1a: Wishiwashi|Surf|p2a: Drifblim
|-damage|p2a: Drifblim|51/100
|
|upkeep
|turn|7
|
|t:|1629230351
|move|p2a: Drifblim|Thunder|p1a: Wishiwashi
|-supereffective|p1a: Wishiwashi
|-damage|p1a: Wishiwashi|45/100
|move|p1a: Wishiwashi|Surf|p2a: Drifblim
|-damage|p2a: Drifblim|3/100
|-enditem|p2a: Drifblim|Sitrus Berry|[eat]
|-heal|p2a: Drifblim|28/100|[from] item: Sitrus Berry
|
|upkeep
|turn|8
|
|t:|1629230360
|move|p2a: Drifblim|Thunder|p1a: Wishiwashi|[miss]
|-miss|p2a: Drifblim|p1a: Wishiwashi
|move|p1a: Wishiwashi|Ice Beam|p2a: Drifblim
|-supereffective|p2a: Drifblim
|-damage|p2a: Drifblim|0 fnt
|faint|p2a: Drifblim
|
|upkeep
|
|t:|1629230364
|switch|p2a: Klinklang|Klinklang|100/100
|turn|9
|
|t:|1629230372
|move|p2a: Klinklang|Wild Charge|p1a: Wishiwashi
|-supereffective|p1a: Wishiwashi
|-damage|p1a: Wishiwashi|0 fnt
|faint|p1a: Wishiwashi
|-damage|p2a: Klinklang|90/100|[from] Recoil
|
|-heal|p2a: Klinklang|96/100|[from] item: Leftovers
|upkeep
|
|t:|1629230387
|switch|p1a: Tsareena|Tsareena, F|57/100
|-damage|p1a: Tsareena|44/100|[from] Spikes
|turn|10
|
|t:|1629230392
|move|p2a: Klinklang|Shift Gear|p2a: Klinklang
|-boost|p2a: Klinklang|spe|2
|-boost|p2a: Klinklang|atk|1
|move|p1a: Tsareena|Rapid Spin|p2a: Klinklang
|-resisted|p2a: Klinklang
|-damage|p2a: Klinklang|87/100
|-boost|p1a: Tsareena|spe|1
|-sideend|p1: srwak|Spikes|[from] move: Rapid Spin|[of] p1a: Tsareena
|
|-heal|p2a: Klinklang|93/100|[from] item: Leftovers
|upkeep
|turn|11
|
|t:|1629230402
|move|p2a: Klinklang|Gear Grind|p1a: Tsareena|[miss]
|-miss|p2a: Klinklang|p1a: Tsareena
|move|p1a: Tsareena|High Jump Kick|p2a: Klinklang
|-supereffective|p2a: Klinklang
|-damage|p2a: Klinklang|0 fnt
|faint|p2a: Klinklang
|
|upkeep
|
|t:|1629230408
|switch|p2a: Passimian|Passimian, M, shiny|100/100
|turn|12
|
|t:|1629230414
|move|p2a: Passimian|Close Combat|p1a: Tsareena
|-damage|p1a: Tsareena|0 fnt
|-unboost|p2a: Passimian|def|1
|-unboost|p2a: Passimian|spd|1
|faint|p1a: Tsareena
|
|upkeep
|
|t:|1629230422
|switch|p1a: Archeops|Archeops, F|100/100
|turn|13
|
|t:|1629230425
|move|p1a: Archeops|Dual Wingbeat|p2a: Passimian
|-supereffective|p2a: Passimian
|-damage|p2a: Passimian|17/100
|-supereffective|p2a: Passimian
|-damage|p2a: Passimian|0 fnt
|faint|p2a: Passimian
|-hitcount|p2: Passimian|2
|
|upkeep
|-message|Steven Davis forfeited.
|
|win|srwak
|l|☆Steven Davis
|raw|srwak's rating: 1242 &rarr; <strong>1275</strong><br />(+33 for winning)
|raw|Steven Davis's rating: 1355 &rarr; <strong>1329</strong><br />(-26 for losing)
