|html|<div class="broadcast-blue"><strong>[Gen 8] PU is currently suspecting Virizion! For information on how to participate check out the <a href="https://www.smogon.com/forums/threads/np-pu-stage-4-and-justice-for-all-virizion-suspect-test.3676543/">suspect thread</a>.</strong></div>
|j|☆Testpu12
|j|☆Elite 4 Anubis
|t:|1611344050
|player|p1|Testpu12|blue-gen1|1376
|player|p2|Elite 4 Anubis|unknown|1368
|teamsize|p1|6
|teamsize|p2|6
|gametype|singles
|gen|8
|tier|[Gen 8] PU
|rated|
|clearpoke
|poke|p1|Xatu, M|
|poke|p1|Mesprit|
|poke|p1|Golduck, F|
|poke|p1|Froslass, F|
|poke|p1|Sandaconda, M|
|poke|p1|Weezing, F|
|poke|p2|Audino, M|
|poke|p2|Avalugg, F|
|poke|p2|Pyukumuku, F|
|poke|p2|Cofagrigus, F|
|poke|p2|Eldegoss, F|
|poke|p2|Stunfisk, M|
|rule|Sleep Clause Mod: Limit one foe put to sleep
|rule|Species Clause: Limit one of each Pokémon
|rule|OHKO Clause: OHKO moves are banned
|rule|Evasion Moves Clause: Evasion moves are banned
|rule|Endless Battle Clause: Forcing endless battles is banned
|rule|HP Percentage Mod: HP is shown in percentages
|rule|Dynamax Clause: You cannot dynamax
|teampreview
|
|t:|1611344076
|start
|switch|p1a: Mesprit|Mesprit|100/100
|switch|p2a: Cofagrigus|Cofagrigus, F|100/100
|turn|1
|
|t:|1611344082
|move|p1a: Mesprit|U-turn|p2a: Cofagrigus
|-resisted|p2a: Cofagrigus
|-damage|p2a: Cofagrigus|95/100
|-activate|p2a: Cofagrigus|ability: Mummy|Levitate|[of] p1a: Mesprit
|
|t:|1611344087
|switch|p1a: Weezing|Weezing, F|100/100|[from]move: U-turn
|move|p2a: Cofagrigus|Knock Off|p1a: Weezing
|-damage|p1a: Weezing|92/100
|-damage|p2a: Cofagrigus|79/100|[from] item: Rocky Helmet|[of] p1a: Weezing
|-enditem|p1a: Weezing|Rocky Helmet|[from] move: Knock Off|[of] p2a: Cofagrigus
|
|upkeep
|turn|2
|
|t:|1611344094
|move|p1a: Weezing|Toxic Spikes|p2a: Cofagrigus
|-sidestart|p2: Elite 4 Anubis|move: Toxic Spikes
|move|p2a: Cofagrigus|Will-O-Wisp|p1a: Weezing
|-status|p1a: Weezing|brn
|
|-damage|p1a: Weezing|86/100 brn|[from] brn
|upkeep
|turn|3
|
|t:|1611344099
|move|p1a: Weezing|Sludge Bomb|p2a: Cofagrigus
|-resisted|p2a: Cofagrigus
|-damage|p2a: Cofagrigus|64/100
|move|p2a: Cofagrigus|Toxic Spikes|p1a: Weezing
|-sidestart|p1: Testpu12|move: Toxic Spikes
|
|-damage|p1a: Weezing|80/100 brn|[from] brn
|upkeep
|turn|4
|
|t:|1611344105
|move|p1a: Weezing|Sludge Bomb|p2a: Cofagrigus
|-resisted|p2a: Cofagrigus
|-damage|p2a: Cofagrigus|51/100
|move|p2a: Cofagrigus|Hex|p1a: Weezing
|-damage|p1a: Weezing|26/100 brn
|
|-damage|p1a: Weezing|20/100 brn|[from] brn
|upkeep
|turn|5
|
|t:|1611344114
|switch|p2a: Audino|Audino, M|100/100
|-status|p2a: Audino|psn
|move|p1a: Weezing|Pain Split|p2a: Audino
|-sethp|p2a: Audino|58/100 psn|[from] move: Pain Split|[silent]
|-sethp|p1a: Weezing|71/100 brn|[from] move: Pain Split
|
|-heal|p2a: Audino|64/100 psn|[from] item: Leftovers
|-damage|p1a: Weezing|65/100 brn|[from] brn
|-damage|p2a: Audino|52/100 psn|[from] psn
|upkeep
|turn|6
|
|t:|1611344128
|move|p1a: Weezing|Toxic Spikes|p2a: Audino
|-sidestart|p2: Elite 4 Anubis|move: Toxic Spikes
|move|p2a: Audino|Wish|p2a: Audino
|
|-heal|p2a: Audino|58/100 psn|[from] item: Leftovers
|-damage|p1a: Weezing|59/100 brn|[from] brn
|-damage|p2a: Audino|46/100 psn|[from] psn
|upkeep
|turn|7
|
|t:|1611344135
|switch|p2a: Cofagrigus|Cofagrigus, F|51/100
|-status|p2a: Cofagrigus|tox
|move|p1a: Weezing|Sludge Bomb|p2a: Cofagrigus
|-resisted|p2a: Cofagrigus
|-damage|p2a: Cofagrigus|37/100 tox
|
|-heal|p2a: Cofagrigus|100/100 tox|[from] move: Wish|[wisher] Audino
|-damage|p1a: Weezing|53/100 brn|[from] brn
|-damage|p2a: Cofagrigus|94/100 tox|[from] psn
|upkeep
|turn|8
|
|t:|1611344147
|move|p1a: Weezing|Pain Split|p2a: Cofagrigus
|-sethp|p2a: Cofagrigus|75/100 tox|[from] move: Pain Split|[silent]
|-sethp|p1a: Weezing|72/100 brn|[from] move: Pain Split
|move|p2a: Cofagrigus|Hex|p1a: Weezing
|-damage|p1a: Weezing|9/100 brn
|
|-damage|p1a: Weezing|3/100 brn|[from] brn
|-damage|p2a: Cofagrigus|62/100 tox|[from] psn
|upkeep
|turn|9
|
|t:|1611344173
|move|p1a: Weezing|Pain Split|p2a: Cofagrigus
|-sethp|p2a: Cofagrigus|33/100 tox|[from] move: Pain Split|[silent]
|-sethp|p1a: Weezing|31/100 brn|[from] move: Pain Split
|move|p2a: Cofagrigus|Hex|p1a: Weezing
|-damage|p1a: Weezing|0 fnt
|faint|p1a: Weezing
|
|-damage|p2a: Cofagrigus|14/100 tox|[from] psn
|upkeep
|
|t:|1611344185
|switch|p1a: Xatu|Xatu, M|100/100
|turn|10
|
|t:|1611344192
|switch|p2a: Eldegoss|Eldegoss, F|100/100
|-status|p2a: Eldegoss|tox
|move|p1a: Xatu|Dazzling Gleam|p2a: Eldegoss
|-damage|p2a: Eldegoss|91/100 tox
|
|-damage|p2a: Eldegoss|85/100 tox|[from] psn
|upkeep
|turn|11
|
|t:|1611344206
|switch|p1a: Froslass|Froslass, F|100/100
|move|p2a: Eldegoss|Rapid Spin|p1a: Froslass
|-immune|p1a: Froslass
|
|-damage|p2a: Eldegoss|73/100 tox|[from] psn
|upkeep
|turn|12
|
|t:|1611344216
|switch|p2a: Audino|Audino, M|79/100 psn
|move|p1a: Froslass|Triple Axel|p2a: Audino
|-damage|p2a: Audino|72/100 psn
|-damage|p2a: Audino|58/100 psn
|-damage|p2a: Audino|39/100 psn
|-hitcount|p2a: Audino|3
|
|-heal|p2a: Audino|45/100 psn|[from] item: Leftovers
|-damage|p2a: Audino|32/100 psn|[from] psn
|upkeep
|turn|13
|
|t:|1611344228
|switch|p2a: Avalugg|Avalugg, F|100/100
|move|p1a: Froslass|Taunt|p2a: Avalugg
|-start|p2a: Avalugg|move: Taunt
|
|upkeep
|turn|14
|
|t:|1611344244
|switch|p2a: Audino|Audino, M|66/100 psn
|move|p1a: Froslass|Poltergeist|p2a: Audino
|-immune|p2a: Audino
|
|-heal|p2a: Audino|72/100 psn|[from] item: Leftovers
|-damage|p2a: Audino|59/100 psn|[from] psn
|upkeep
|turn|15
|
|t:|1611344254
|switch|p2a: Avalugg|Avalugg, F|100/100
|move|p1a: Froslass|Triple Axel|p2a: Avalugg
|-resisted|p2a: Avalugg
|-damage|p2a: Avalugg|99/100
|-resisted|p2a: Avalugg
|-damage|p2a: Avalugg|96/100
|-resisted|p2a: Avalugg
|-damage|p2a: Avalugg|91/100
|-hitcount|p2a: Avalugg|3
|
|upkeep
|turn|16
|
|t:|1611344272
|switch|p2a: Stunfisk|Stunfisk, M|100/100
|-status|p2a: Stunfisk|tox
|move|p1a: Froslass|Taunt|p2a: Stunfisk
|-start|p2a: Stunfisk|move: Taunt
|
|-damage|p2a: Stunfisk|94/100 tox|[from] psn
|upkeep
|turn|17
|
|t:|1611344285
|switch|p1a: Sandaconda|Sandaconda, M|100/100
|-status|p1a: Sandaconda|psn
|move|p2a: Stunfisk|Discharge|p1a: Sandaconda
|-immune|p1a: Sandaconda
|
|-heal|p2a: Stunfisk|100/100 tox|[from] item: Leftovers
|-damage|p1a: Sandaconda|88/100 psn|[from] psn
|-damage|p2a: Stunfisk|88/100 tox|[from] psn
|upkeep
|turn|18
|
|t:|1611344298
|switch|p1a: Golduck|Golduck, F|100/100
|-status|p1a: Golduck|psn
|-ability|p1a: Golduck|Cloud Nine
|switch|p2a: Eldegoss|Eldegoss, F|100/100 tox
|
|-damage|p1a: Golduck|88/100 psn|[from] psn
|-damage|p2a: Eldegoss|94/100 tox|[from] psn
|upkeep
|turn|19
|
|t:|1611344307
|move|p1a: Golduck|Ice Beam|p2a: Eldegoss
|-supereffective|p2a: Eldegoss
|-damage|p2a: Eldegoss|52/100 tox
|move|p2a: Eldegoss|Giga Drain|p1a: Golduck
|-supereffective|p1a: Golduck
|-damage|p1a: Golduck|20/100 psn
|-heal|p2a: Eldegoss|86/100 tox|[from] drain|[of] p1a: Golduck
|
|-damage|p1a: Golduck|8/100 psn|[from] psn
|-damage|p2a: Eldegoss|74/100 tox|[from] psn
|upkeep
|turn|20
|
|t:|1611344314
|switch|p1a: Froslass|Froslass, F|100/100
|move|p2a: Eldegoss|Pollen Puff|p1a: Froslass
|-resisted|p1a: Froslass
|-damage|p1a: Froslass|82/100
|
|-damage|p2a: Eldegoss|57/100 tox|[from] psn
|upkeep
|turn|21
|
|t:|1611344322
|switch|p2a: Avalugg|Avalugg, F|91/100
|move|p1a: Froslass|Triple Axel|p2a: Avalugg|[miss]
|-miss|p1a: Froslass|p2a: Avalugg
|
|upkeep
|turn|22
|
|t:|1611344336
|switch|p2a: Audino|Audino, M|92/100 psn
|move|p1a: Froslass|Taunt|p2a: Audino
|-start|p2a: Audino|move: Taunt
|
|-heal|p2a: Audino|99/100 psn|[from] item: Leftovers
|-damage|p2a: Audino|86/100 psn|[from] psn
|upkeep
|turn|23
|
|t:|1611344348
|switch|p2a: Avalugg|Avalugg, F|91/100
|move|p1a: Froslass|Poltergeist|p2a: Avalugg
|-activate|p2a: Avalugg|move: Poltergeist|Heavy-Duty Boots
|-damage|p2a: Avalugg|74/100
|
|upkeep
|turn|24
|
|t:|1611344363
|switch|p2a: Audino|Audino, M|100/100 psn
|move|p1a: Froslass|Taunt|p2a: Audino
|-start|p2a: Audino|move: Taunt
|
|-damage|p2a: Audino|88/100 psn|[from] psn
|upkeep
|turn|25
|j| sdgsty4564
|
|t:|1611344371
|move|p1a: Froslass|Triple Axel|p2a: Audino|[miss]
|-miss|p1a: Froslass|p2a: Audino
|-activate|p2a: Audino|move: Struggle
|move|p2a: Audino|Struggle|p1a: Froslass
|-damage|p1a: Froslass|72/100
|-damage|p2a: Audino|63/100 psn|[from] recoil
|
|-heal|p2a: Audino|69/100 psn|[from] item: Leftovers
|-damage|p2a: Audino|57/100 psn|[from] psn
|upkeep
|turn|26
|
|t:|1611344383
|switch|p2a: Avalugg|Avalugg, F|74/100
|move|p1a: Froslass|Triple Axel|p2a: Avalugg|[miss]
|-miss|p1a: Froslass|p2a: Avalugg
|
|upkeep
|turn|27
|
|t:|1611344391
|move|p1a: Froslass|Taunt|p2a: Avalugg
|-start|p2a: Avalugg|move: Taunt
|cant|p2a: Avalugg|move: Taunt|Toxic
|
|upkeep
|turn|28
|
|t:|1611344395
|switch|p2a: Audino|Audino, M|90/100 psn
|move|p1a: Froslass|Poltergeist|p2a: Audino
|-immune|p2a: Audino
|
|-heal|p2a: Audino|96/100 psn|[from] item: Leftovers
|-damage|p2a: Audino|83/100 psn|[from] psn
|upkeep
|turn|29
|
|t:|1611344402
|move|p1a: Froslass|Taunt|p2a: Audino
|-start|p2a: Audino|move: Taunt
|cant|p2a: Audino|move: Taunt|Toxic
|
|-heal|p2a: Audino|90/100 psn|[from] item: Leftovers
|-damage|p2a: Audino|77/100 psn|[from] psn
|upkeep
|turn|30
|
|t:|1611344405
|switch|p2a: Avalugg|Avalugg, F|74/100
|move|p1a: Froslass|Triple Axel|p2a: Avalugg
|-resisted|p2a: Avalugg
|-damage|p2a: Avalugg|72/100
|-resisted|p2a: Avalugg
|-damage|p2a: Avalugg|69/100
|-resisted|p2a: Avalugg
|-damage|p2a: Avalugg|65/100
|-hitcount|p2a: Avalugg|3
|
|upkeep
|turn|31
|
|t:|1611344418
|switch|p2a: Audino|Audino, M|100/100 psn
|move|p1a: Froslass|Taunt|p2a: Audino
|-start|p2a: Audino|move: Taunt
|
|-damage|p2a: Audino|88/100 psn|[from] psn
|upkeep
|turn|32
|
|t:|1611344425
|move|p1a: Froslass|Poltergeist|p2a: Audino
|-immune|p2a: Audino
|-activate|p2a: Audino|move: Struggle
|move|p2a: Audino|Struggle|p1a: Froslass
|-damage|p1a: Froslass|62/100
|-damage|p2a: Audino|63/100 psn|[from] recoil
|
|-heal|p2a: Audino|69/100 psn|[from] item: Leftovers
|-damage|p2a: Audino|57/100 psn|[from] psn
|upkeep
|turn|33
|
|t:|1611344435
|switch|p2a: Avalugg|Avalugg, F|65/100
|move|p1a: Froslass|Triple Axel|p2a: Avalugg
|-resisted|p2a: Avalugg
|-damage|p2a: Avalugg|63/100
|-hitcount|p2a: Avalugg|1
|
|upkeep
|turn|34
|
|t:|1611344450
|switch|p2a: Audino|Audino, M|90/100 psn
|move|p1a: Froslass|Taunt|p2a: Audino
|-start|p2a: Audino|move: Taunt
|
|-heal|p2a: Audino|96/100 psn|[from] item: Leftovers
|-damage|p2a: Audino|83/100 psn|[from] psn
|upkeep
|turn|35
|
|t:|1611344468
|move|p1a: Froslass|Triple Axel|p2a: Audino
|-damage|p2a: Audino|77/100 psn
|-damage|p2a: Audino|63/100 psn
|-hitcount|p2a: Audino|2
|-activate|p2a: Audino|move: Struggle
|move|p2a: Audino|Struggle|p1a: Froslass
|-damage|p1a: Froslass|52/100
|-damage|p2a: Audino|38/100 psn|[from] recoil
|
|-heal|p2a: Audino|44/100 psn|[from] item: Leftovers
|-damage|p2a: Audino|32/100 psn|[from] psn
|upkeep
|turn|36
|
|t:|1611344481
|switch|p2a: Avalugg|Avalugg, F|63/100
|move|p1a: Froslass|Poltergeist|p2a: Avalugg|[miss]
|-miss|p1a: Froslass|p2a: Avalugg
|
|upkeep
|turn|37
|
|t:|1611344487
|switch|p2a: Stunfisk|Stunfisk, M|88/100 tox
|move|p1a: Froslass|Taunt|p2a: Stunfisk
|-start|p2a: Stunfisk|move: Taunt
|
|-heal|p2a: Stunfisk|94/100 tox|[from] item: Leftovers
|-damage|p2a: Stunfisk|88/100 tox|[from] psn
|upkeep
|turn|38
|
|t:|1611344495
|move|p1a: Froslass|Triple Axel|p2a: Stunfisk
|-supereffective|p2a: Stunfisk
|-damage|p2a: Stunfisk|74/100 tox
|-supereffective|p2a: Stunfisk
|-damage|p2a: Stunfisk|48/100 tox
|-supereffective|p2a: Stunfisk
|-damage|p2a: Stunfisk|14/100 tox
|-hitcount|p2a: Stunfisk|3
|move|p2a: Stunfisk|Discharge|p1a: Froslass
|-damage|p1a: Froslass|15/100
|
|-heal|p2a: Stunfisk|20/100 tox|[from] item: Leftovers
|-damage|p2a: Stunfisk|7/100 tox|[from] psn
|upkeep
|turn|39
|
|t:|1611344508
|switch|p2a: Audino|Audino, M|65/100 psn
|move|p1a: Froslass|Ice Shard|p2a: Audino
|-crit|p2a: Audino
|-damage|p2a: Audino|46/100 psn
|
|-heal|p2a: Audino|52/100 psn|[from] item: Leftovers
|-damage|p2a: Audino|40/100 psn|[from] psn
|upkeep
|turn|40
|
|t:|1611344518
|switch|p2a: Avalugg|Avalugg, F|63/100
|move|p1a: Froslass|Triple Axel|p2a: Avalugg
|-resisted|p2a: Avalugg
|-damage|p2a: Avalugg|62/100
|-resisted|p2a: Avalugg
|-damage|p2a: Avalugg|59/100
|-resisted|p2a: Avalugg
|-damage|p2a: Avalugg|54/100
|-hitcount|p2a: Avalugg|3
|
|upkeep
|turn|41
|
|t:|1611344538
|switch|p2a: Audino|Audino, M|73/100 psn
|move|p1a: Froslass|Triple Axel|p2a: Audino
|-damage|p2a: Audino|65/100 psn
|-damage|p2a: Audino|53/100 psn
|-damage|p2a: Audino|34/100 psn
|-hitcount|p2a: Audino|3
|
|-heal|p2a: Audino|40/100 psn|[from] item: Leftovers
|-damage|p2a: Audino|27/100 psn|[from] psn
|upkeep
|turn|42
|
|t:|1611344551
|switch|p2a: Pyukumuku|Pyukumuku, F|100/100
|-status|p2a: Pyukumuku|tox
|move|p1a: Froslass|Poltergeist|p2a: Pyukumuku|[miss]
|-miss|p1a: Froslass|p2a: Pyukumuku
|
|-damage|p2a: Pyukumuku|94/100 tox|[from] psn
|upkeep
|turn|43
|
|t:|1611344561
|move|p1a: Froslass|Triple Axel|p2a: Pyukumuku
|-resisted|p2a: Pyukumuku
|-damage|p2a: Pyukumuku|91/100 tox
|-resisted|p2a: Pyukumuku
|-damage|p2a: Pyukumuku|84/100 tox
|-resisted|p2a: Pyukumuku
|-damage|p2a: Pyukumuku|74/100 tox
|-hitcount|p2a: Pyukumuku|3
|move|p2a: Pyukumuku|Toxic|p1a: Froslass
|-status|p1a: Froslass|tox
|
|-heal|p2a: Pyukumuku|80/100 tox|[from] item: Leftovers
|-damage|p1a: Froslass|9/100 tox|[from] psn
|-damage|p2a: Pyukumuku|68/100 tox|[from] psn
|upkeep
|turn|44
|
|t:|1611344568
|move|p1a: Froslass|Taunt|p2a: Pyukumuku
|-start|p2a: Pyukumuku|move: Taunt
|cant|p2a: Pyukumuku|move: Taunt|Recover
|
|-heal|p2a: Pyukumuku|74/100 tox|[from] item: Leftovers
|-damage|p1a: Froslass|0 fnt|[from] psn
|faint|p1a: Froslass
|-damage|p2a: Pyukumuku|55/100 tox|[from] psn
|upkeep
|
|t:|1611344574
|switch|p1a: Xatu|Xatu, M|100/100
|turn|45
|
|t:|1611344581
|switch|p2a: Eldegoss|Eldegoss, F|90/100 tox
|move|p1a: Xatu|Calm Mind|p1a: Xatu
|-boost|p1a: Xatu|spa|1
|-boost|p1a: Xatu|spd|1
|
|-damage|p2a: Eldegoss|84/100 tox|[from] psn
|upkeep
|turn|46
|
|t:|1611344587
|move|p1a: Xatu|Calm Mind|p1a: Xatu
|-boost|p1a: Xatu|spa|1
|-boost|p1a: Xatu|spd|1
|move|p2a: Eldegoss|Rapid Spin|p1a: Xatu
|-damage|p1a: Xatu|95/100
|-boost|p2a: Eldegoss|spe|1
|-sideend|p2: Elite 4 Anubis|Toxic Spikes|[from] move: Rapid Spin|[of] p2a: Eldegoss
|-enditem|p1a: Xatu|Kee Berry|[eat]
|-boost|p1a: Xatu|def|1|[from] item: Kee Berry
|
|-damage|p2a: Eldegoss|72/100 tox|[from] psn
|upkeep
|turn|47
|
|t:|1611344597
|switch|p2a: Pyukumuku|Pyukumuku, F|55/100 tox
|move|p1a: Xatu|Calm Mind|p1a: Xatu
|-boost|p1a: Xatu|spa|1
|-boost|p1a: Xatu|spd|1
|
|-heal|p2a: Pyukumuku|62/100 tox|[from] item: Leftovers
|-damage|p2a: Pyukumuku|55/100 tox|[from] psn
|upkeep
|turn|48
|
|t:|1611344602
|move|p1a: Xatu|Dazzling Gleam|p2a: Pyukumuku
|-damage|p2a: Pyukumuku|42/100 tox
|move|p2a: Pyukumuku|Recover|p2a: Pyukumuku
|-heal|p2a: Pyukumuku|92/100 tox
|
|-heal|p2a: Pyukumuku|99/100 tox|[from] item: Leftovers
|-damage|p2a: Pyukumuku|86/100 tox|[from] psn
|upkeep
|turn|49
|
|t:|1611344612
|switch|p2a: Audino|Audino, M|60/100 psn
|move|p1a: Xatu|Stored Power|p2a: Audino
|-damage|p2a: Audino|0 fnt
|faint|p2a: Audino
|
|upkeep
|
|t:|1611344618
|switch|p2a: Pyukumuku|Pyukumuku, F|86/100 tox
|turn|50
|
|t:|1611344627
|move|p1a: Xatu|Calm Mind|p1a: Xatu
|-boost|p1a: Xatu|spa|1
|-boost|p1a: Xatu|spd|1
|move|p2a: Pyukumuku|Mirror Coat||[still]
|-fail|p2a: Pyukumuku
|
|-heal|p2a: Pyukumuku|92/100 tox|[from] item: Leftovers
|-damage|p2a: Pyukumuku|86/100 tox|[from] psn
|upkeep
|turn|51
|-message|Elite 4 Anubis forfeited.
|
|win|Testpu12
|l|☆Elite 4 Anubis
|c|☆Testpu12|Bitch plz
||Ladder (probably) updated, but score could not be retrieved (Request timeout).
|l| sdgsty4564
|l|☆Testpu12
