|j|☆tjay
|j|☆Standard Ice
|player|p1|tjay|#tjay|1483
|player|p2|Standard Ice|130|1369
|teamsize|p1|6
|teamsize|p2|6
|gametype|singles
|gen|8
|tier|[Gen 8] PU
|rated|
|clearpoke
|poke|p1|Arctovish|
|poke|p1|Silvally-*|
|poke|p1|Mawile, F|
|poke|p1|Throh, M|
|poke|p1|Beheeyem, F|
|poke|p1|Stonjourner, F|
|poke|p2|Leafeon, F|
|poke|p2|Carkol, M|
|poke|p2|Dusclops, F|
|poke|p2|Lapras, F|
|poke|p2|Silvally-*|
|poke|p2|Meowstic-F, F|
|rule|Sleep Clause Mod: Limit one foe put to sleep
|rule|Species Clause: Limit one of each Pokémon
|rule|OHKO Clause: OHKO moves are banned
|rule|Evasion Moves Clause: Evasion moves are banned
|rule|Endless Battle Clause: Forcing endless battles is banned
|rule|HP Percentage Mod: HP is shown in percentages
|rule|Dynamax Clause: You cannot dynamax
|teampreview
|inactive|Battle timer is ON: inactive players will automatically lose when time's up. (requested by tjay)
|
|start
|switch|p1a: Silvally|Silvally-Ground|100/100
|switch|p2a: Meowstic|Meowstic-F, F|100/100
|turn|1
|
|move|p2a: Meowstic|Psychic|p1a: Silvally
|-damage|p1a: Silvally|64/100
|move|p1a: Silvally|Multi-Attack|p2a: Meowstic
|-damage|p2a: Meowstic|44/100
|
|upkeep
|turn|2
|
|switch|p2a: Leafeon|Leafeon, F|100/100
|move|p1a: Silvally|U-turn|p2a: Leafeon
|-supereffective|p2a: Leafeon
|-damage|p2a: Leafeon|72/100
|
|switch|p1a: Mawile|Mawile, F|100/100|[from]move: U-turn
|-ability|p1a: Mawile|Intimidate|boost
|-unboost|p2a: Leafeon|atk|1
|
|upkeep
|turn|3
|
|switch|p2a: Silvally|Silvally-Poison|100/100
|move|p1a: Mawile|Stealth Rock|p2a: Silvally
|-sidestart|p2: Standard Ice|move: Stealth Rock
|
|upkeep
|turn|4
|
|switch|p1a: Arctovish|Arctovish|100/100
|move|p2a: Silvally|Defog|p1a: Arctovish
|-unboost|p1a: Arctovish|evasion|1
|-sideend|p2: Standard Ice|Stealth Rock|[from] move: Defog|[of] p2a: Silvally
|
|upkeep
|turn|5
|
|move|p2a: Silvally|U-turn|p1a: Arctovish
|-damage|p1a: Arctovish|85/100
|
|switch|p2a: Lapras|Lapras, F|100/100|[from]move: U-turn
|move|p1a: Arctovish|Psychic Fangs|p2a: Lapras
|-damage|p2a: Lapras|69/100
|
|upkeep
|turn|6
|
|switch|p2a: Carkol|Carkol, M|100/100
|move|p1a: Arctovish|Psychic Fangs|p2a: Carkol
|-damage|p2a: Carkol|83/100
|
|upkeep
|turn|7
|
|switch|p1a: Silvally|Silvally-Ground|64/100
|move|p2a: Carkol|Stealth Rock|p1a: Silvally
|-sidestart|p1: tjay|move: Stealth Rock
|
|upkeep
|turn|8
|
|switch|p2a: Meowstic|Meowstic-F, F|44/100
|move|p1a: Silvally|Defog|p2a: Meowstic
|-unboost|p2a: Meowstic|evasion|1
|-ability|p2a: Meowstic|Competitive
|-boost|p2a: Meowstic|spa|2
|-sideend|p1: tjay|Stealth Rock|[from] move: Defog|[of] p1a: Silvally
|
|upkeep
|turn|9
|inactive|tjay has 120 seconds left.
|inactive|tjay has 90 seconds left.
|
|move|p2a: Meowstic|Psychic|p1a: Silvally
|-damage|p1a: Silvally|0 fnt
|faint|p1a: Silvally
|
|upkeep
|
|switch|p1a: Stonjourner|Stonjourner, F|100/100
|turn|10
|
|switch|p2a: Dusclops|Dusclops, F|100/100
|-item|p1a: Stonjourner|Choice Scarf|[from] ability: Frisk|[of] p2a: Dusclops|[identify]
|move|p1a: Stonjourner|Stone Edge|p2a: Dusclops
|-damage|p2a: Dusclops|66/100
|
|upkeep
|turn|11
|
|switch|p1a: Throh|Throh, M|100/100
|switch|p2a: Leafeon|Leafeon, F|72/100
|
|upkeep
|turn|12
|
|switch|p1a: Mawile|Mawile, F|100/100
|-ability|p1a: Mawile|Intimidate|boost
|-unboost|p2a: Leafeon|atk|1
|move|p2a: Leafeon|Knock Off|p1a: Mawile
|-resisted|p1a: Mawile
|-damage|p1a: Mawile|91/100
|-damage|p2a: Leafeon|55/100|[from] item: Rocky Helmet|[of] p1a: Mawile
|-enditem|p1a: Mawile|Rocky Helmet|[from] move: Knock Off|[of] p2a: Leafeon
|
|upkeep
|turn|13
|
|switch|p2a: Silvally|Silvally-Poison|100/100
|move|p1a: Mawile|Stealth Rock|p2a: Silvally
|-sidestart|p2: Standard Ice|move: Stealth Rock
|
|upkeep
|turn|14
|inactive|tjay has 120 seconds left.
|inactive|tjay has 90 seconds left.
|inactive|tjay has 60 seconds left.
|
|switch|p1a: Arctovish|Arctovish|85/100
|move|p2a: Silvally|Defog|p1a: Arctovish
|-unboost|p1a: Arctovish|evasion|1
|-sideend|p2: Standard Ice|Stealth Rock|[from] move: Defog|[of] p2a: Silvally
|
|upkeep
|turn|15
|
|move|p2a: Silvally|Multi-Attack|p1a: Arctovish
|-damage|p1a: Arctovish|40/100
|move|p1a: Arctovish|Psychic Fangs|p2a: Silvally
|-supereffective|p2a: Silvally
|-damage|p2a: Silvally|33/100
|
|upkeep
|turn|16
|
|switch|p1a: Mawile|Mawile, F|91/100
|-ability|p1a: Mawile|Intimidate|boost
|-unboost|p2a: Silvally|atk|1
|move|p2a: Silvally|U-turn|p1a: Mawile
|-resisted|p1a: Mawile
|-damage|p1a: Mawile|88/100
|
|switch|p2a: Dusclops|Dusclops, F|66/100|[from]move: U-turn
|
|upkeep
|turn|17
|
|move|p1a: Mawile|Knock Off|p2a: Dusclops
|-supereffective|p2a: Dusclops
|-damage|p2a: Dusclops|41/100
|-enditem|p2a: Dusclops|Eviolite|[from] move: Knock Off|[of] p1a: Mawile
|move|p2a: Dusclops|Mean Look|p1a: Mawile
|-activate|p1a: Mawile|trapped
|
|upkeep
|turn|18
|
|move|p1a: Mawile|Stealth Rock|p2a: Dusclops
|-sidestart|p2: Standard Ice|move: Stealth Rock
|move|p2a: Dusclops|Rest|p2a: Dusclops
|-status|p2a: Dusclops|slp|[from] move: Rest
|-heal|p2a: Dusclops|100/100 slp|[silent]
|
|upkeep
|turn|19
|
|move|p1a: Mawile|Knock Off|p2a: Dusclops
|-supereffective|p2a: Dusclops
|-damage|p2a: Dusclops|75/100 slp
|cant|p2a: Dusclops|slp
|
|upkeep
|turn|20
|
|move|p1a: Mawile|Knock Off|p2a: Dusclops
|-supereffective|p2a: Dusclops
|-damage|p2a: Dusclops|51/100 slp
|cant|p2a: Dusclops|slp
|
|upkeep
|turn|21
|
|move|p1a: Mawile|Knock Off|p2a: Dusclops
|-supereffective|p2a: Dusclops
|-damage|p2a: Dusclops|24/100 slp
|-curestatus|p2a: Dusclops|slp|[msg]
|move|p2a: Dusclops|Rest|p2a: Dusclops
|-status|p2a: Dusclops|slp|[from] move: Rest
|-heal|p2a: Dusclops|100/100 slp|[silent]
|
|upkeep
|turn|22
|
|move|p1a: Mawile|Knock Off|p2a: Dusclops
|-supereffective|p2a: Dusclops
|-damage|p2a: Dusclops|73/100 slp
|cant|p2a: Dusclops|slp
|
|upkeep
|turn|23
|
|move|p1a: Mawile|Knock Off|p2a: Dusclops
|-supereffective|p2a: Dusclops
|-crit|p2a: Dusclops
|-damage|p2a: Dusclops|34/100 slp
|cant|p2a: Dusclops|slp
|
|upkeep
|turn|24
|inactive|tjay has 120 seconds left.
|inactive|tjay has 90 seconds left.
|
|move|p1a: Mawile|Knock Off|p2a: Dusclops
|-supereffective|p2a: Dusclops
|-damage|p2a: Dusclops|7/100 slp
|-curestatus|p2a: Dusclops|slp|[msg]
|move|p2a: Dusclops|Rest|p2a: Dusclops
|-status|p2a: Dusclops|slp|[from] move: Rest
|-heal|p2a: Dusclops|100/100 slp|[silent]
|
|upkeep
|turn|25
|
|move|p1a: Mawile|Knock Off|p2a: Dusclops
|-supereffective|p2a: Dusclops
|-damage|p2a: Dusclops|75/100 slp
|cant|p2a: Dusclops|slp
|
|upkeep
|turn|26
|
|move|p1a: Mawile|Knock Off|p2a: Dusclops
|-supereffective|p2a: Dusclops
|-damage|p2a: Dusclops|51/100 slp
|cant|p2a: Dusclops|slp
|
|upkeep
|turn|27
|
|move|p1a: Mawile|Knock Off|p2a: Dusclops
|-supereffective|p2a: Dusclops
|-damage|p2a: Dusclops|24/100 slp
|-curestatus|p2a: Dusclops|slp|[msg]
|move|p2a: Dusclops|Rest|p2a: Dusclops
|-status|p2a: Dusclops|slp|[from] move: Rest
|-heal|p2a: Dusclops|100/100 slp|[silent]
|
|upkeep
|turn|28
|
|move|p1a: Mawile|Knock Off|p2a: Dusclops
|-supereffective|p2a: Dusclops
|-damage|p2a: Dusclops|76/100 slp
|cant|p2a: Dusclops|slp
|
|upkeep
|turn|29
|
|move|p1a: Mawile|Knock Off|p2a: Dusclops
|-supereffective|p2a: Dusclops
|-damage|p2a: Dusclops|51/100 slp
|cant|p2a: Dusclops|slp
|
|upkeep
|turn|30
|inactive|tjay has 120 seconds left.
|
|move|p1a: Mawile|Knock Off|p2a: Dusclops
|-supereffective|p2a: Dusclops
|-damage|p2a: Dusclops|25/100 slp
|-curestatus|p2a: Dusclops|slp|[msg]
|move|p2a: Dusclops|Rest|p2a: Dusclops
|-status|p2a: Dusclops|slp|[from] move: Rest
|-heal|p2a: Dusclops|100/100 slp|[silent]
|
|upkeep
|turn|31
|inactive|tjay has 120 seconds left.
|
|move|p1a: Mawile|Stealth Rock||[still]
|-fail|p1a: Mawile
|cant|p2a: Dusclops|slp
|
|upkeep
|turn|32
|
|move|p1a: Mawile|Stealth Rock||[still]
|-fail|p1a: Mawile
|cant|p2a: Dusclops|slp
|
|upkeep
|turn|33
|
|move|p1a: Mawile|Stealth Rock||[still]
|-fail|p1a: Mawile
|-curestatus|p2a: Dusclops|slp|[msg]
|move|p2a: Dusclops|Night Shade|p1a: Mawile
|-damage|p1a: Mawile|55/100
|
|upkeep
|turn|34
|
|move|p1a: Mawile|Stealth Rock||[still]
|-fail|p1a: Mawile
|move|p2a: Dusclops|Night Shade|p1a: Mawile
|-damage|p1a: Mawile|22/100
|
|upkeep
|turn|35
|
|move|p1a: Mawile|Stealth Rock||[still]
|-fail|p1a: Mawile
|move|p2a: Dusclops|Night Shade|p1a: Mawile
|-damage|p1a: Mawile|0 fnt
|faint|p1a: Mawile
|
|upkeep
|
|switch|p1a: Beheeyem|Beheeyem, F|100/100
|turn|36
|
|move|p2a: Dusclops|Curse|p1a: Beheeyem
|-start|p1a: Beheeyem|Curse|[of] p2a: Dusclops
|-damage|p2a: Dusclops|51/100
|move|p1a: Beheeyem|Psychic|p2a: Dusclops
|-damage|p2a: Dusclops|0 fnt
|faint|p2a: Dusclops
|
|-damage|p1a: Beheeyem|76/100|[from] Curse
|upkeep
|j| Big Black Chungus
|
|switch|p2a: Silvally|Silvally-Poison|33/100
|-damage|p2a: Silvally|21/100|[from] Stealth Rock
|turn|37
|
|move|p2a: Silvally|Defog|p1a: Beheeyem
|-unboost|p1a: Beheeyem|evasion|1
|-sideend|p2: Standard Ice|Stealth Rock|[from] move: Defog|[of] p2a: Silvally
|move|p1a: Beheeyem|Psychic|p2a: Silvally
|-supereffective|p2a: Silvally
|-damage|p2a: Silvally|0 fnt
|faint|p2a: Silvally
|
|-damage|p1a: Beheeyem|51/100|[from] Curse
|upkeep
|
|switch|p2a: Carkol|Carkol, M|83/100
|turn|38
|
|switch|p1a: Arctovish|Arctovish|40/100
|move|p2a: Carkol|Stealth Rock|p1a: Arctovish
|-sidestart|p1: tjay|move: Stealth Rock
|
|upkeep
|turn|39
|
|switch|p2a: Lapras|Lapras, F|69/100
|move|p1a: Arctovish|Stone Edge|p2a: Lapras
|-supereffective|p2a: Lapras
|-damage|p2a: Lapras|0 fnt
|faint|p2a: Lapras
|
|upkeep
|
|switch|p2a: Meowstic|Meowstic-F, F|44/100
|turn|40
|
|move|p2a: Meowstic|Psychic|p1a: Arctovish
|-damage|p1a: Arctovish|0 fnt
|faint|p1a: Arctovish
|
|upkeep
|
|switch|p1a: Stonjourner|Stonjourner, F|100/100
|-damage|p1a: Stonjourner|88/100|[from] Stealth Rock
|turn|41
|
|switch|p2a: Carkol|Carkol, M|83/100
|move|p1a: Stonjourner|Earthquake|p2a: Carkol
|-supereffective|p2a: Carkol
|-damage|p2a: Carkol|19/100
|
|upkeep
|turn|42
|
|switch|p2a: Leafeon|Leafeon, F|55/100
|move|p1a: Stonjourner|Earthquake|p2a: Leafeon
|-resisted|p2a: Leafeon
|-damage|p2a: Leafeon|38/100
|
|upkeep
|turn|43
|
|switch|p1a: Beheeyem|Beheeyem, F|51/100
|-damage|p1a: Beheeyem|38/100|[from] Stealth Rock
|move|p2a: Leafeon|Leaf Blade|p1a: Beheeyem
|-crit|p1a: Beheeyem
|-damage|p1a: Beheeyem|0 fnt
|faint|p1a: Beheeyem
|
|upkeep
|
|switch|p1a: Throh|Throh, M|100/100
|-damage|p1a: Throh|94/100|[from] Stealth Rock
|turn|44
|
|switch|p2a: Carkol|Carkol, M|19/100
|move|p1a: Throh|Poison Jab|p2a: Carkol
|-resisted|p2a: Carkol
|-damage|p2a: Carkol|12/100
|-status|p2a: Carkol|psn
|-status|p1a: Throh|brn|[from] ability: Flame Body|[of] p2a: Carkol
|
|-damage|p1a: Throh|88/100 brn|[from] brn
|-damage|p2a: Carkol|0 fnt|[from] psn
|faint|p2a: Carkol
|upkeep
|
|switch|p2a: Meowstic|Meowstic-F, F|44/100
|turn|45
|
|move|p2a: Meowstic|Psychic|p1a: Throh
|-supereffective|p1a: Throh
|-damage|p1a: Throh|23/100 brn
|move|p1a: Throh|Knock Off|p2a: Meowstic
|-supereffective|p2a: Meowstic
|-damage|p2a: Meowstic|0 fnt
|-enditem|p2a: Meowstic|Choice Specs|[from] move: Knock Off|[of] p1a: Throh
|faint|p2a: Meowstic
|
|-damage|p1a: Throh|17/100 brn|[from] brn
|upkeep
|
|switch|p2a: Leafeon|Leafeon, F|38/100
|turn|46
|
|move|p2a: Leafeon|Leaf Blade|p1a: Throh
|-damage|p1a: Throh|0 fnt
|faint|p1a: Throh
|
|upkeep
|
|switch|p1a: Stonjourner|Stonjourner, F|88/100
|-damage|p1a: Stonjourner|76/100|[from] Stealth Rock
|turn|47
|
|move|p2a: Leafeon|Leaf Blade|p1a: Stonjourner
|-supereffective|p1a: Stonjourner
|-damage|p1a: Stonjourner|14/100
|move|p1a: Stonjourner|Heat Crash|p2a: Leafeon
|-supereffective|p2a: Leafeon
|-damage|p2a: Leafeon|0 fnt
|faint|p2a: Leafeon
|
|win|tjay
|l| Big Black Chungus
|raw|tjay's rating: 1483 &rarr; <strong>1497</strong><br />(+14 for winning)
|raw|Standard Ice's rating: 1369 &rarr; <strong>1355</strong><br />(-14 for losing)
|l|☆tjay
