|j|☆Stamatis
|j|☆honor roll 520
|player|p1|Stamatis|grimsley|1330
|player|p2|honor roll 520|swimmer-gen4dp|1444
|teamsize|p1|6
|teamsize|p2|6
|gametype|singles
|gen|8
|tier|[Gen 8] PU
|rated|
|clearpoke
|poke|p1|Hattrem, F|
|poke|p1|Throh, M|
|poke|p1|Appletun, F|
|poke|p1|Thievul, F|
|poke|p1|Dusknoir, M|
|poke|p1|Ninjask, M|
|poke|p2|Ninjask, M|
|poke|p2|Beheeyem, F|
|poke|p2|Kangaskhan, F|
|poke|p2|Perrserker, F|
|poke|p2|Sandslash, F|
|poke|p2|Appletun, F|
|rule|Sleep Clause Mod: Limit one foe put to sleep
|rule|Species Clause: Limit one of each Pokémon
|rule|OHKO Clause: OHKO moves are banned
|rule|Evasion Moves Clause: Evasion moves are banned
|rule|Endless Battle Clause: Forcing endless battles is banned
|rule|HP Percentage Mod: HP is shown in percentages
|rule|Dynamax Clause: You cannot dynamax
|teampreview
|
|start
|switch|p1a: Thievul|Thievul, F|100/100
|switch|p2a: Sandslash|Sandslash, F|100/100
|turn|1
|inactive|Battle timer is ON: inactive players will automatically lose when time's up. (requested by Stamatis)
|
|move|p1a: Thievul|Dark Pulse|p2a: Sandslash
|-damage|p2a: Sandslash|20/100
|cant|p2a: Sandslash|flinch
|
|upkeep
|turn|2
|
|move|p1a: Thievul|Dark Pulse|p2a: Sandslash
|-damage|p2a: Sandslash|0 fnt
|faint|p2a: Sandslash
|
|upkeep
|
|switch|p2a: Ninjask|Ninjask, M|100/100
|turn|3
|
|switch|p1a: Appletun|Appletun, F|100/100
|move|p2a: Ninjask|U-turn|p1a: Appletun
|-supereffective|p1a: Appletun
|-damage|p1a: Appletun|59/100
|-damage|p2a: Ninjask|84/100|[from] item: Rocky Helmet|[of] p1a: Appletun
|
|switch|p2a: Kangaskhan|Kangaskhan, F|100/100|[from]move: U-turn
|
|upkeep
|turn|4
|
|move|p2a: Kangaskhan|Double-Edge|p1a: Appletun
|-damage|p1a: Appletun|5/100
|-damage|p2a: Kangaskhan|84/100|[from] item: Rocky Helmet|[of] p1a: Appletun
|-damage|p2a: Kangaskhan|62/100|[from] Recoil
|move|p1a: Appletun|Recover|p1a: Appletun
|-heal|p1a: Appletun|55/100
|
|upkeep
|turn|5
|
|move|p2a: Kangaskhan|Double-Edge|p1a: Appletun
|-damage|p1a: Appletun|0 fnt
|-damage|p2a: Kangaskhan|46/100|[from] item: Rocky Helmet|[of] p1a: Appletun
|-damage|p2a: Kangaskhan|24/100|[from] Recoil
|faint|p1a: Appletun
|
|upkeep
|
|switch|p1a: Ninjask|Ninjask, M|100/100
|turn|6
|
|switch|p2a: Perrserker|Perrserker, F|100/100
|move|p1a: Ninjask|U-turn|p2a: Perrserker
|-resisted|p2a: Perrserker
|-damage|p2a: Perrserker|86/100
|
|switch|p1a: Throh|Throh, M|100/100|[from]move: U-turn
|
|upkeep
|turn|7
|
|move|p2a: Perrserker|Iron Head|p1a: Throh
|-damage|p1a: Throh|61/100
|move|p1a: Throh|Knock Off|p2a: Perrserker
|-damage|p2a: Perrserker|63/100
|-enditem|p2a: Perrserker|Assault Vest|[from] move: Knock Off|[of] p1a: Throh
|
|-heal|p1a: Throh|67/100|[from] item: Leftovers
|upkeep
|turn|8
|
|move|p2a: Perrserker|Iron Head|p1a: Throh
|-damage|p1a: Throh|30/100
|cant|p1a: Throh|flinch
|
|-heal|p1a: Throh|36/100|[from] item: Leftovers
|upkeep
|turn|9
|
|move|p2a: Perrserker|Iron Head|p1a: Throh
|-damage|p1a: Throh|0 fnt
|faint|p1a: Throh
|
|upkeep
|
|switch|p1a: Thievul|Thievul, F|100/100
|turn|10
|
|move|p1a: Thievul|Dark Pulse|p2a: Perrserker
|-damage|p2a: Perrserker|5/100
|cant|p2a: Perrserker|flinch
|
|upkeep
|turn|11
|
|move|p1a: Thievul|Dark Pulse|p2a: Perrserker
|-damage|p2a: Perrserker|0 fnt
|faint|p2a: Perrserker
|
|upkeep
|c|☆honor roll 520|haha
|
|switch|p2a: Ninjask|Ninjask, M|84/100
|turn|12
|
|switch|p1a: Dusknoir|Dusknoir, M|100/100
|-item|p2a: Ninjask|Heavy-Duty Boots|[from] ability: Frisk|[of] p1a: Dusknoir|[identify]
|move|p2a: Ninjask|U-turn|p1a: Dusknoir
|-resisted|p1a: Dusknoir
|-damage|p1a: Dusknoir|85/100
|
|switch|p2a: Kangaskhan|Kangaskhan, F|24/100|[from]move: U-turn
|
|upkeep
|turn|13
|inactive|Stamatis has 120 seconds left.
|
|switch|p1a: Ninjask|Ninjask, M|100/100
|move|p2a: Kangaskhan|Double-Edge|p1a: Ninjask
|-damage|p1a: Ninjask|0 fnt
|-damage|p2a: Kangaskhan|0 fnt|[from] Recoil
|faint|p1a: Ninjask
|faint|p2a: Kangaskhan
|
|upkeep
|
|switch|p1a: Dusknoir|Dusknoir, M|85/100
|switch|p2a: Appletun|Appletun, F|100/100
|-item|p2a: Appletun|Leftovers|[from] ability: Frisk|[of] p1a: Dusknoir|[identify]
|turn|14
|
|switch|p1a: Thievul|Thievul, F|100/100
|move|p2a: Appletun|Iron Defense|p2a: Appletun
|-boost|p2a: Appletun|def|2
|
|upkeep
|turn|15
|
|move|p1a: Thievul|Dark Pulse|p2a: Appletun
|-damage|p2a: Appletun|54/100
|move|p2a: Appletun|Body Press|p1a: Thievul
|-supereffective|p1a: Thievul
|-damage|p1a: Thievul|0 fnt
|faint|p1a: Thievul
|
|-heal|p2a: Appletun|60/100|[from] item: Leftovers
|upkeep
|
|switch|p1a: Hattrem|Hattrem, F|100/100
|turn|16
|
|move|p1a: Hattrem|Calm Mind|p1a: Hattrem
|-boost|p1a: Hattrem|spa|1
|-boost|p1a: Hattrem|spd|1
|move|p2a: Appletun|Apple Acid|p1a: Hattrem
|-damage|p1a: Hattrem|84/100
|-unboost|p1a: Hattrem|spd|1
|
|-heal|p2a: Appletun|67/100|[from] item: Leftovers
|upkeep
|turn|17
|
|move|p1a: Hattrem|Calm Mind|p1a: Hattrem
|-boost|p1a: Hattrem|spa|1
|-boost|p1a: Hattrem|spd|1
|move|p2a: Appletun|Apple Acid|p1a: Hattrem
|-damage|p1a: Hattrem|68/100
|-unboost|p1a: Hattrem|spd|1
|
|-heal|p2a: Appletun|73/100|[from] item: Leftovers
|upkeep
|turn|18
|
|move|p1a: Hattrem|Calm Mind|p1a: Hattrem
|-boost|p1a: Hattrem|spa|1
|-boost|p1a: Hattrem|spd|1
|move|p2a: Appletun|Apple Acid|p1a: Hattrem
|-damage|p1a: Hattrem|50/100
|-unboost|p1a: Hattrem|spd|1
|
|-heal|p2a: Appletun|79/100|[from] item: Leftovers
|upkeep
|turn|19
|
|move|p1a: Hattrem|Calm Mind|p1a: Hattrem
|-boost|p1a: Hattrem|spa|1
|-boost|p1a: Hattrem|spd|1
|move|p2a: Appletun|Apple Acid|p1a: Hattrem
|-damage|p1a: Hattrem|34/100
|-unboost|p1a: Hattrem|spd|1
|
|-heal|p2a: Appletun|85/100|[from] item: Leftovers
|upkeep
|turn|20
|
|switch|p2a: Beheeyem|Beheeyem, F|100/100
|move|p1a: Hattrem|Psychic|p2a: Beheeyem
|-resisted|p2a: Beheeyem
|-damage|p2a: Beheeyem|58/100
|
|-status|p2a: Beheeyem|brn|[from] item: Flame Orb
|upkeep
|turn|21
|
|move|p1a: Hattrem|Giga Drain|p2a: Beheeyem
|-damage|p2a: Beheeyem|13/100 brn
|-heal|p1a: Hattrem|60/100|[from] drain|[of] p2a: Beheeyem
|move|p2a: Beheeyem|Cosmic Power|p2a: Beheeyem
|-boost|p2a: Beheeyem|def|1
|-boost|p2a: Beheeyem|spd|1
|
|-damage|p2a: Beheeyem|6/100 brn|[from] brn
|upkeep
|turn|22
|
|move|p1a: Hattrem|Giga Drain|p2a: Beheeyem
|-damage|p2a: Beheeyem|0 fnt
|-heal|p1a: Hattrem|63/100|[from] drain|[of] p2a: Beheeyem
|faint|p2a: Beheeyem
|
|upkeep
|
|switch|p2a: Ninjask|Ninjask, M|84/100
|turn|23
|
|move|p2a: Ninjask|U-turn|p1a: Hattrem
|-supereffective|p1a: Hattrem
|-damage|p1a: Hattrem|18/100
|
|switch|p2a: Appletun|Appletun, F|85/100|[from]move: U-turn
|move|p1a: Hattrem|Psychic|p2a: Appletun
|-damage|p2a: Appletun|3/100
|
|-heal|p2a: Appletun|9/100|[from] item: Leftovers
|upkeep
|turn|24
|
|move|p1a: Hattrem|Psychic|p2a: Appletun
|-damage|p2a: Appletun|0 fnt
|faint|p2a: Appletun
|
|upkeep
|c|☆honor roll 520|coulda won
|c|☆honor roll 520|if u didnt flinch everything
|
|switch|p2a: Ninjask|Ninjask, M|84/100
|turn|25
|c|☆Stamatis|Yes with hax
|-message|honor roll 520 forfeited.
|
|win|Stamatis
|l|☆honor roll 520
|c|☆Stamatis|As you won the last game
|c|☆Stamatis|Loser
|c|☆Stamatis|You flinched me too
||Ladder (probably) updated, but score could not be retrieved (Request timeout).
|c|☆Stamatis|Hax reliant loser
