|j|☆eruza02
|j|☆panned bomb
|t:|1643842101
|gametype|singles
|player|p1|eruza02|hooligans|1316
|player|p2|panned bomb|265|1457
|teamsize|p1|6
|teamsize|p2|6
|gen|8
|tier|[Gen 8] PU
|rated|
|rule|Sleep Clause Mod: Limit one foe put to sleep
|rule|Species Clause: Limit one of each Pokémon
|rule|OHKO Clause: OHKO moves are banned
|rule|Evasion Moves Clause: Evasion moves are banned
|rule|Endless Battle Clause: Forcing endless battles is banned
|rule|HP Percentage Mod: HP is shown in percentages
|rule|Dynamax Clause: You cannot dynamax
|clearpoke
|poke|p1|Whimsicott, F|
|poke|p1|Espeon, F|
|poke|p1|Leafeon, M|
|poke|p1|Vikavolt, F|
|poke|p1|Aggron, M|
|poke|p1|Wishiwashi, F|
|poke|p2|Frosmoth, M|
|poke|p2|Kabutops, M|
|poke|p2|Magneton|
|poke|p2|Palossand, M|
|poke|p2|Musharna, F|
|poke|p2|Eldegoss, F|
|teampreview
|inactive|Battle timer is ON: inactive players will automatically lose when time's up. (requested by eruza02)
|
|t:|1643842150
|start
|switch|p1a: Vikavolt|Vikavolt, F|100/100
|switch|p2a: Magneton|Magneton|100/100
|turn|1
|
|t:|1643842159
|move|p1a: Vikavolt|Agility|p1a: Vikavolt
|-boost|p1a: Vikavolt|spe|2
|move|p2a: Magneton|Volt Switch|p1a: Vikavolt
|-resisted|p1a: Vikavolt
|-damage|p1a: Vikavolt|63/100
|
|t:|1643842167
|switch|p2a: Frosmoth|Frosmoth, M|100/100|[from]move: Volt Switch
|
|upkeep
|turn|2
|
|t:|1643842174
|move|p1a: Vikavolt|Thunderbolt|p2a: Frosmoth
|-damage|p2a: Frosmoth|62/100
|-status|p2a: Frosmoth|par
|-damage|p1a: Vikavolt|53/100|[from] item: Life Orb
|cant|p2a: Frosmoth|par
|
|upkeep
|turn|3
|
|t:|1643842182
|move|p1a: Vikavolt|Bug Buzz|p2a: Frosmoth
|-damage|p2a: Frosmoth|19/100 par
|-damage|p1a: Vikavolt|43/100|[from] item: Life Orb
|move|p2a: Frosmoth|Ice Beam|p1a: Vikavolt
|-damage|p1a: Vikavolt|0 fnt
|faint|p1a: Vikavolt
|
|upkeep
|
|t:|1643842192
|switch|p1a: Leafeon|Leafeon, M|100/100
|turn|4
|
|t:|1643842195
|move|p1a: Leafeon|Knock Off|p2a: Frosmoth
|-damage|p2a: Frosmoth|0 fnt
|-enditem|p2a: Frosmoth|Heavy-Duty Boots|[from] move: Knock Off|[of] p1a: Leafeon
|faint|p2a: Frosmoth
|
|upkeep
|
|t:|1643842203
|switch|p2a: Magneton|Magneton|100/100
|turn|5
|
|t:|1643842212
|move|p1a: Leafeon|Swords Dance|p1a: Leafeon
|-boost|p1a: Leafeon|atk|2
|move|p2a: Magneton|Flash Cannon|p1a: Leafeon
|-damage|p1a: Leafeon|4/100
|
|upkeep
|turn|6
|
|t:|1643842227
|switch|p2a: Eldegoss|Eldegoss, F|100/100
|move|p1a: Leafeon|Knock Off|p2a: Eldegoss
|-damage|p2a: Eldegoss|25/100
|-enditem|p2a: Eldegoss|Heavy-Duty Boots|[from] move: Knock Off|[of] p1a: Leafeon
|
|upkeep
|turn|7
|
|t:|1643842235
|move|p1a: Leafeon|Knock Off|p2a: Eldegoss
|-damage|p2a: Eldegoss|0 fnt
|faint|p2a: Eldegoss
|
|upkeep
|
|t:|1643842237
|switch|p2a: Kabutops|Kabutops, M|100/100
|turn|8
|
|t:|1643842256
|switch|p1a: Wishiwashi|Wishiwashi, F|100/100
|-formechange|p1a: Wishiwashi|Wishiwashi-School||[from] ability: Schooling
|move|p2a: Kabutops|Aqua Jet|p1a: Wishiwashi
|-resisted|p1a: Wishiwashi
|-damage|p1a: Wishiwashi|88/100
|
|upkeep
|turn|9
|
|t:|1643842265
|switch|p2a: Musharna|Musharna, F|100/100
|-activate|p2a: Musharna|ability: Forewarn|Surf|[of] p1a: Wishiwashi
|move|p1a: Wishiwashi|Surf|p2a: Musharna
|-damage|p2a: Musharna|31/100
|
|upkeep
|turn|10
|
|t:|1643842273
|switch|p2a: Palossand|Palossand, M|100/100
|move|p1a: Wishiwashi|Surf|p2a: Palossand
|-supereffective|p2a: Palossand
|-damage|p2a: Palossand|0 fnt
|faint|p2a: Palossand
|
|upkeep
|
|t:|1643842277
|switch|p2a: Magneton|Magneton|100/100
|turn|11
|
|t:|1643842296
|switch|p1a: Whimsicott|Whimsicott, F|100/100
|move|p2a: Magneton|Volt Switch|p1a: Whimsicott
|-resisted|p1a: Whimsicott
|-damage|p1a: Whimsicott|60/100
|
|t:|1643842301
|switch|p2a: Musharna|Musharna, F|31/100|[from]move: Volt Switch
|-activate|p2a: Musharna|ability: Forewarn|Moonblast|[of] p1a: Whimsicott
|
|upkeep
|turn|12
|
|t:|1643842307
|switch|p2a: Magneton|Magneton|100/100
|move|p1a: Whimsicott|Moonblast|p2a: Magneton
|-resisted|p2a: Magneton
|-damage|p2a: Magneton|80/100
|-unboost|p2a: Magneton|spa|1
|
|upkeep
|turn|13
|
|t:|1643842319
|move|p1a: Whimsicott|Moonblast|p2a: Magneton
|-resisted|p2a: Magneton
|-damage|p2a: Magneton|62/100
|move|p2a: Magneton|Flash Cannon|p1a: Whimsicott
|-supereffective|p1a: Whimsicott
|-damage|p1a: Whimsicott|0 fnt
|faint|p1a: Whimsicott
|
|upkeep
|
|t:|1643842328
|switch|p1a: Aggron|Aggron, M|100/100
|turn|14
|
|t:|1643842336
|move|p2a: Magneton|Reflect|p2a: Magneton
|-sidestart|p2: panned bomb|Reflect
|move|p1a: Aggron|Earthquake|p2a: Magneton
|-supereffective|p2a: Magneton
|-damage|p2a: Magneton|3/100
|
|upkeep
|turn|15
|
|t:|1643842351
|move|p2a: Magneton|Flash Cannon|p1a: Aggron
|-damage|p1a: Aggron|70/100
|move|p1a: Aggron|Earthquake|p2a: Magneton
|-supereffective|p2a: Magneton
|-damage|p2a: Magneton|0 fnt
|faint|p2a: Magneton
|
|upkeep
|
|t:|1643842352
|switch|p2a: Musharna|Musharna, F|31/100
|-activate|p2a: Musharna|ability: Forewarn|Head Smash|[of] p1a: Aggron
|turn|16
|
|t:|1643842363
|move|p1a: Aggron|Head Smash|p2a: Musharna
|-damage|p2a: Musharna|7/100
|move|p2a: Musharna|Moonlight|p2a: Musharna
|-heal|p2a: Musharna|57/100
|
|upkeep
|turn|17
|
|t:|1643842371
|move|p1a: Aggron|Iron Head|p2a: Musharna
|-damage|p2a: Musharna|44/100
|move|p2a: Musharna|Calm Mind|p2a: Musharna
|-boost|p2a: Musharna|spa|1
|-boost|p2a: Musharna|spd|1
|
|upkeep
|turn|18
|
|t:|1643842384
|move|p1a: Aggron|Head Smash|p2a: Musharna
|-damage|p2a: Musharna|20/100
|move|p2a: Musharna|Moonlight|p2a: Musharna
|-heal|p2a: Musharna|70/100
|
|-sideend|p2: panned bomb|Reflect
|upkeep
|turn|19
|
|t:|1643842392
|move|p1a: Aggron|Iron Head|p2a: Musharna
|-damage|p2a: Musharna|45/100
|move|p2a: Musharna|Moonlight|p2a: Musharna
|-heal|p2a: Musharna|95/100
|
|upkeep
|turn|20
|
|t:|1643842399
|move|p1a: Aggron|Head Smash|p2a: Musharna
|-damage|p2a: Musharna|51/100
|move|p2a: Musharna|Psychic|p1a: Aggron
|-resisted|p1a: Aggron
|-damage|p1a: Aggron|47/100
|
|upkeep
|turn|21
|
|t:|1643842407
|move|p1a: Aggron|Head Smash|p2a: Musharna
|-damage|p2a: Musharna|1/100
|move|p2a: Musharna|Moonlight|p2a: Musharna
|-heal|p2a: Musharna|51/100
|
|upkeep
|turn|22
|
|t:|1643842414
|move|p1a: Aggron|Iron Head|p2a: Musharna
|-damage|p2a: Musharna|24/100
|move|p2a: Musharna|Moonlight|p2a: Musharna
|-heal|p2a: Musharna|74/100
|
|upkeep
|turn|23
|
|t:|1643842420
|move|p1a: Aggron|Iron Head|p2a: Musharna
|-damage|p2a: Musharna|48/100
|move|p2a: Musharna|Moonlight|p2a: Musharna
|-heal|p2a: Musharna|98/100
|
|upkeep
|turn|24
|
|t:|1643842427
|move|p1a: Aggron|Iron Head|p2a: Musharna
|-damage|p2a: Musharna|72/100
|move|p2a: Musharna|Psychic|p1a: Aggron
|-resisted|p1a: Aggron
|-damage|p1a: Aggron|23/100
|-unboost|p1a: Aggron|spd|1
|
|upkeep
|turn|25
|
|t:|1643842435
|move|p1a: Aggron|Head Smash|p2a: Musharna
|-crit|p2a: Musharna
|-damage|p2a: Musharna|0 fnt
|faint|p2a: Musharna
|
|upkeep
|
|t:|1643842442
|switch|p2a: Kabutops|Kabutops, M|100/100
|turn|26
|
|t:|1643842447
|move|p2a: Kabutops|Stone Edge|p1a: Aggron
|-resisted|p1a: Aggron
|-damage|p1a: Aggron|3/100
|move|p1a: Aggron|Earthquake|p2a: Kabutops
|-supereffective|p2a: Kabutops
|-damage|p2a: Kabutops|11/100
|-ability|p2a: Kabutops|Weak Armor|boost
|-unboost|p2a: Kabutops|def|1
|-boost|p2a: Kabutops|spe|2
|
|upkeep
|turn|27
|
|t:|1643842457
|move|p2a: Kabutops|Stone Edge|p1a: Aggron
|-resisted|p1a: Aggron
|-damage|p1a: Aggron|0 fnt
|faint|p1a: Aggron
|
|upkeep
|
|t:|1643842463
|switch|p1a: Leafeon|Leafeon, M|4/100
|turn|28
|
|t:|1643842467
|move|p1a: Leafeon|Quick Attack|p2a: Kabutops
|-resisted|p2a: Kabutops
|-damage|p2a: Kabutops|0 fnt
|faint|p2a: Kabutops
|
|win|eruza02
|raw|eruza02's rating: 1316 &rarr; <strong>1344</strong><br />(+28 for winning)
|raw|panned bomb's rating: 1457 &rarr; <strong>1429</strong><br />(-28 for losing)
|l|☆panned bomb
||Ladder isn't responding, score probably updated but might not have (Request timeout).
