|j|☆PULT4C1 Haffling
|j|☆PULT4C1 S1n
|t:|1660581173
|gametype|singles
|player|p1|PULT4C1 Haffling|cyrus|1369
|player|p2|PULT4C1 S1n|#ho3nconfirm3d|1424
|teamsize|p1|6
|teamsize|p2|6
|gen|8
|tier|[Gen 8] PU
|rated|
|rule|Sleep Clause Mod: Limit one foe put to sleep
|rule|Species Clause: Limit one of each Pokémon
|rule|OHKO Clause: OHKO moves are banned
|rule|Evasion Items Clause: Evasion items are banned
|rule|Evasion Moves Clause: Evasion moves are banned
|rule|Endless Battle Clause: Forcing endless battles is banned
|rule|HP Percentage Mod: HP is shown in percentages
|rule|Dynamax Clause: You cannot dynamax
|clearpoke
|poke|p1|Thwackey, M|
|poke|p1|Perrserker, F|
|poke|p1|Weezing, M|
|poke|p1|Charizard, M|
|poke|p1|Regirock|
|poke|p1|Lanturn, M|
|poke|p2|Kabutops, M|
|poke|p2|Glastrier|
|poke|p2|Qwilfish, F|
|poke|p2|Silvally-*|
|poke|p2|Accelgor, F|
|poke|p2|Turtonator, F|
|teampreview
|inactive|Battle timer is ON: inactive players will automatically lose when time's up. (requested by PULT4C1 S1n)
|j|+avarice
|
|t:|1660581186
|start
|switch|p1a: Tonton|Lanturn, M|100/100
|switch|p2a: Kabutops|Kabutops, M|100/100
|turn|1
|l|+avarice
|j|+avarice
|
|t:|1660581210
|move|p2a: Kabutops|Stealth Rock|p1a: Tonton
|-sidestart|p1: PULT4C1 Haffling|move: Stealth Rock
|move|p1a: Tonton|Volt Switch|p2a: Kabutops
|-supereffective|p2a: Kabutops
|-damage|p2a: Kabutops|27/100
|
|t:|1660581215
|switch|p1a: THWACK|Thwackey, M|100/100|[from]move: Volt Switch
|-damage|p1a: THWACK|88/100|[from] Stealth Rock
|-fieldstart|move: Grassy Terrain|[from] ability: Grassy Surge|[of] p1a: THWACK
|
|-heal|p1a: THWACK|94/100|[from] Grassy Terrain
|-heal|p2a: Kabutops|33/100|[from] Grassy Terrain
|upkeep
|turn|2
|
|t:|1660581225
|move|p1a: THWACK|U-turn|p2a: Kabutops
|-damage|p2a: Kabutops|1/100
|-ability|p2a: Kabutops|Weak Armor|boost
|-unboost|p2a: Kabutops|def|1
|-boost|p2a: Kabutops|spe|2
|j| poepepel
|c|☆PULT4C1 Haffling|aw
|c|☆PULT4C1 Haffling|thats not great
|
|t:|1660581238
|switch|p1a: Burble Dink|Weezing, M|100/100|[from]move: U-turn
|-ability|p1a: Burble Dink|Neutralizing Gas
|-damage|p1a: Burble Dink|88/100|[from] Stealth Rock
|move|p2a: Kabutops|Knock Off|p1a: Burble Dink
|-damage|p1a: Burble Dink|65/100
|-enditem|p1a: Burble Dink|Black Sludge|[from] move: Knock Off|[of] p2a: Kabutops
|
|-heal|p2a: Kabutops|7/100|[from] Grassy Terrain
|-heal|p1a: Burble Dink|71/100|[from] Grassy Terrain
|upkeep
|turn|3
|
|t:|1660581246
|move|p2a: Kabutops|Liquidation|p1a: Burble Dink
|-damage|p1a: Burble Dink|43/100
|move|p1a: Burble Dink|Toxic Spikes|p2a: Kabutops
|-sidestart|p2: PULT4C1 S1n|move: Toxic Spikes
|
|-heal|p2a: Kabutops|13/100|[from] Grassy Terrain
|-heal|p1a: Burble Dink|49/100|[from] Grassy Terrain
|upkeep
|turn|4
|
|t:|1660581250
|move|p2a: Kabutops|Rapid Spin|p1a: Burble Dink
|-damage|p1a: Burble Dink|38/100
|-boost|p2a: Kabutops|spe|1
|-sideend|p2: PULT4C1 S1n|Toxic Spikes|[from] move: Rapid Spin|[of] p2a: Kabutops
|move|p1a: Burble Dink|Sludge Bomb|p2a: Kabutops
|-resisted|p2a: Kabutops
|-damage|p2a: Kabutops|0 fnt
|faint|p2a: Kabutops
|
|-heal|p1a: Burble Dink|44/100|[from] Grassy Terrain
|upkeep
|
|t:|1660581259
|switch|p2a: Glastrier|Glastrier|100/100
|turn|5
|
|t:|1660581262
|move|p2a: Glastrier|Swords Dance|p2a: Glastrier
|-boost|p2a: Glastrier|atk|2
|move|p1a: Burble Dink|Pain Split|p2a: Glastrier
|-sethp|p2a: Glastrier|68/100|[from] move: Pain Split|[silent]
|-sethp|p1a: Burble Dink|83/100|[from] move: Pain Split
|
|-heal|p2a: Glastrier|75/100|[from] Grassy Terrain
|-heal|p2a: Glastrier|81/100|[from] item: Leftovers
|-heal|p1a: Burble Dink|89/100|[from] Grassy Terrain
|-fieldend|move: Grassy Terrain
|upkeep
|turn|6
|
|t:|1660581284
|move|p2a: Glastrier|Substitute|p2a: Glastrier
|-start|p2a: Glastrier|Substitute
|-damage|p2a: Glastrier|56/100
|move|p1a: Burble Dink|Flamethrower|p2a: Glastrier
|-supereffective|p2a: Glastrier
|-end|p2a: Glastrier|Substitute
|
|-heal|p2a: Glastrier|62/100|[from] item: Leftovers
|upkeep
|turn|7
|
|t:|1660581288
|-end|p1a: Burble Dink|ability: Neutralizing Gas
|switch|p1a: Mix-Max|Regirock|100/100
|-damage|p1a: Mix-Max|88/100|[from] Stealth Rock
|move|p2a: Glastrier|Icicle Crash|p1a: Mix-Max
|-damage|p1a: Mix-Max|57/100
|
|-heal|p2a: Glastrier|68/100|[from] item: Leftovers
|-heal|p1a: Mix-Max|63/100|[from] item: Leftovers
|upkeep
|turn|8
|
|t:|1660581292
|move|p2a: Glastrier|High Horsepower|p1a: Mix-Max
|-supereffective|p1a: Mix-Max
|-damage|p1a: Mix-Max|10/100
|move|p1a: Mix-Max|Body Press|p2a: Glastrier
|-supereffective|p2a: Glastrier
|-damage|p2a: Glastrier|8/100
|
|-heal|p2a: Glastrier|14/100|[from] item: Leftovers
|-heal|p1a: Mix-Max|16/100|[from] item: Leftovers
|upkeep
|turn|9
|
|t:|1660581300
|move|p2a: Glastrier|Icicle Crash|p1a: Mix-Max
|-damage|p1a: Mix-Max|0 fnt
|faint|p1a: Mix-Max
|-ability|p2a: Glastrier|Chilling Neigh|boost
|-boost|p2a: Glastrier|atk|1
|
|-heal|p2a: Glastrier|20/100|[from] item: Leftovers
|upkeep
|
|t:|1660581303
|switch|p1a: Kash-Mmoney|Perrserker, F, shiny|100/100
|-damage|p1a: Kash-Mmoney|95/100|[from] Stealth Rock
|turn|10
|
|t:|1660581311
|move|p1a: Kash-Mmoney|Iron Head|p2a: Glastrier
|-supereffective|p2a: Glastrier
|-damage|p2a: Glastrier|0 fnt
|faint|p2a: Glastrier
|
|-heal|p1a: Kash-Mmoney|100/100|[from] item: Leftovers
|upkeep
|
|t:|1660581315
|switch|p2a: Turtonator|Turtonator, F|100/100
|turn|11
|
|t:|1660581319
|move|p2a: Turtonator|Shell Smash|p2a: Turtonator
|-unboost|p2a: Turtonator|def|1
|-unboost|p2a: Turtonator|spd|1
|-boost|p2a: Turtonator|atk|2
|-boost|p2a: Turtonator|spa|2
|-boost|p2a: Turtonator|spe|2
|move|p1a: Kash-Mmoney|Substitute|p1a: Kash-Mmoney
|-start|p1a: Kash-Mmoney|Substitute
|-damage|p1a: Kash-Mmoney|76/100
|
|-heal|p1a: Kash-Mmoney|82/100|[from] item: Leftovers
|upkeep
|turn|12
|
|t:|1660581324
|move|p2a: Turtonator|Fire Blast|p1a: Kash-Mmoney
|-supereffective|p1a: Kash-Mmoney
|-end|p1a: Kash-Mmoney|Substitute
|move|p1a: Kash-Mmoney|Iron Head|p2a: Turtonator
|-resisted|p2a: Turtonator
|-damage|p2a: Turtonator|58/100
|
|-heal|p1a: Kash-Mmoney|88/100|[from] item: Leftovers
|upkeep
|turn|13
|
|t:|1660581328
|move|p2a: Turtonator|Fire Blast|p1a: Kash-Mmoney
|-supereffective|p1a: Kash-Mmoney
|-damage|p1a: Kash-Mmoney|0 fnt
|faint|p1a: Kash-Mmoney
|
|upkeep
|
|t:|1660581331
|switch|p1a: Tonton|Lanturn, M|100/100
|-damage|p1a: Tonton|88/100|[from] Stealth Rock
|turn|14
|
|t:|1660581333
|move|p2a: Turtonator|Draco Meteor|p1a: Tonton
|-damage|p1a: Tonton|7/100
|-unboost|p2a: Turtonator|spa|2
|move|p1a: Tonton|Scald|p2a: Turtonator
|-damage|p2a: Turtonator|13/100
|
|-heal|p1a: Tonton|13/100|[from] item: Leftovers
|upkeep
|turn|15
|
|t:|1660581339
|move|p2a: Turtonator|Fire Blast|p1a: Tonton
|-resisted|p1a: Tonton
|-damage|p1a: Tonton|0 fnt
|faint|p1a: Tonton
|
|upkeep
|
|t:|1660581340
|switch|p1a: THWACK|Thwackey, M|94/100
|-damage|p1a: THWACK|82/100|[from] Stealth Rock
|-fieldstart|move: Grassy Terrain|[from] ability: Grassy Surge|[of] p1a: THWACK
|turn|16
|
|t:|1660581342
|move|p1a: THWACK|Grassy Glide|p2a: Turtonator
|-resisted|p2a: Turtonator
|-damage|p2a: Turtonator|0 fnt
|faint|p2a: Turtonator
|
|-heal|p1a: THWACK|88/100|[from] Grassy Terrain
|upkeep
|
|t:|1660581345
|switch|p2a: Accelgor|Accelgor, F|100/100
|turn|17
|
|t:|1660581352
|switch|p1a: Zarders|Charizard, M|100/100
|move|p2a: Accelgor|Bug Buzz|p1a: Zarders
|-resisted|p1a: Zarders
|-damage|p1a: Zarders|85/100
|-enditem|p2a: Accelgor|Throat Spray
|-boost|p2a: Accelgor|spa|1|[from] item: Throat Spray
|
|upkeep
|turn|18
|
|t:|1660581354
|move|p2a: Accelgor|Sludge Bomb|p1a: Zarders
|-damage|p1a: Zarders|31/100
|move|p1a: Zarders|Flamethrower|p2a: Accelgor
|-supereffective|p2a: Accelgor
|-damage|p2a: Accelgor|0 fnt
|faint|p2a: Accelgor
|
|upkeep
|
|t:|1660581357
|switch|p2a: Qwilfish|Qwilfish, F|100/100
|-ability|p2a: Qwilfish|Intimidate|boost
|-unboost|p1a: Zarders|atk|1
|turn|19
|
|t:|1660581364
|move|p1a: Zarders|Hurricane|p2a: Qwilfish
|-damage|p2a: Qwilfish|0 fnt
|faint|p2a: Qwilfish
|
|upkeep
|
|t:|1660581366
|switch|p2a: Silvally|Silvally-Grass|100/100
|turn|20
|
|t:|1660581368
|move|p1a: Zarders|Flamethrower|p2a: Silvally
|-supereffective|p2a: Silvally
|-damage|p2a: Silvally|0 fnt
|faint|p2a: Silvally
|
|win|PULT4C1 Haffling
|raw|PULT4C1 Haffling's rating: 1369 &rarr; <strong>1393</strong><br />(+24 for winning)
|raw|PULT4C1 S1n's rating: 1438 &rarr; <strong>1414</strong><br />(-24 for losing)
|l|☆PULT4C1 S1n
|c|☆PULT4C1 Haffling|gg
|l|☆PULT4C1 Haffling
