|j|☆uult5 somalia
|j|☆nalEi
|player|p1|uult5 somalia|#somalia|1486
|player|p2|nalEi|acetrainerf-gen4dp|1387
|teamsize|p1|6
|teamsize|p2|6
|gametype|singles
|gen|8
|tier|[Gen 8] PU
|rated|
|clearpoke
|poke|p1|Heatmor, M|
|poke|p1|Bellossom, F|
|poke|p1|Crustle, F|
|poke|p1|Falinks|
|poke|p1|Linoone-Galar, F|
|poke|p1|Pikachu, F|
|poke|p2|Thievul, M|
|poke|p2|Tangela, M|
|poke|p2|Type: Null|
|poke|p2|Throh, M|
|poke|p2|Pincurchin, F|
|poke|p2|Mr. Mime-Galar, F|
|rule|Sleep Clause Mod: Limit one foe put to sleep
|rule|Species Clause: Limit one of each Pokémon
|rule|OHKO Clause: OHKO moves are banned
|rule|Evasion Moves Clause: Evasion moves are banned
|rule|Endless Battle Clause: Forcing endless battles is banned
|rule|HP Percentage Mod: HP is shown in percentages
|rule|Dynamax Clause: You cannot dynamax
|teampreview
|c|☆nalEi|gllhf
|j| xitrxA
|j| Erin Silver
|c|☆uult5 somalia|hf
|
|start
|switch|p1a: EVIL CRAB|Crustle, F|100/100
|switch|p2a: Throh|Throh, M|100/100
|turn|1
|
|move|p1a: EVIL CRAB|Stealth Rock|p2a: Throh
|-sidestart|p2: nalEi|move: Stealth Rock
|move|p2a: Throh|Bulk Up|p2a: Throh
|-boost|p2a: Throh|atk|1
|-boost|p2a: Throh|def|1
|
|upkeep
|turn|2
|
|switch|p1a: EVIL WORM|Falinks|100/100
|move|p2a: Throh|Storm Throw|p1a: EVIL WORM
|-crit|p1a: EVIL WORM
|-damage|p1a: EVIL WORM|37/100
|
|upkeep
|turn|3
|
|move|p1a: EVIL WORM|Close Combat|p2a: Throh
|-damage|p2a: Throh|64/100
|-unboost|p1a: EVIL WORM|def|1
|-unboost|p1a: EVIL WORM|spd|1
|-damage|p1a: EVIL WORM|27/100|[from] item: Life Orb
|move|p2a: Throh|Storm Throw|p1a: EVIL WORM
|-crit|p1a: EVIL WORM
|-damage|p1a: EVIL WORM|0 fnt
|faint|p1a: EVIL WORM
|
|-heal|p2a: Throh|70/100|[from] item: Leftovers
|upkeep
|
|switch|p1a: EVIL WITCH|Bellossom, F, shiny|100/100
|turn|4
|
|move|p1a: EVIL WITCH|Sleep Powder|p2a: Throh
|-status|p2a: Throh|slp|[from] move: Sleep Powder
|cant|p2a: Throh|slp
|
|-heal|p2a: Throh|77/100 slp|[from] item: Leftovers
|upkeep
|turn|5
|
|switch|p2a: Tangela|Tangela, M|100/100
|-damage|p2a: Tangela|88/100|[from] Stealth Rock
|move|p1a: EVIL WITCH|Quiver Dance|p1a: EVIL WITCH
|-boost|p1a: EVIL WITCH|spa|1
|-boost|p1a: EVIL WITCH|spd|1
|-boost|p1a: EVIL WITCH|spe|1
|
|upkeep
|turn|6
|
|move|p1a: EVIL WITCH|Sludge Bomb|p2a: Tangela
|-supereffective|p2a: Tangela
|-damage|p2a: Tangela|4/100
|-status|p2a: Tangela|psn
|move|p2a: Tangela|Toxic|p1a: EVIL WITCH
|-status|p1a: EVIL WITCH|tox
|-enditem|p1a: EVIL WITCH|Lum Berry|[eat]
|-curestatus|p1a: EVIL WITCH|tox|[msg]
|
|-damage|p2a: Tangela|0 fnt|[from] psn
|faint|p2a: Tangela
|upkeep
|
|switch|p2a: Type: Null|Type: Null|100/100
|-damage|p2a: Type: Null|88/100|[from] Stealth Rock
|turn|7
|
|switch|p1a: EVIL CRAB|Crustle, F|100/100
|move|p2a: Type: Null|Crush Claw|p1a: EVIL CRAB
|-resisted|p1a: EVIL CRAB
|-damage|p1a: EVIL CRAB|89/100
|-ability|p1a: EVIL CRAB|Weak Armor|boost
|-unboost|p1a: EVIL CRAB|def|1
|-boost|p1a: EVIL CRAB|spe|2
|
|upkeep
|turn|8
|
|move|p1a: EVIL CRAB|Spikes|p2a: Type: Null
|-sidestart|p2: nalEi|Spikes
|move|p2a: Type: Null|U-turn|p1a: EVIL CRAB
|-damage|p1a: EVIL CRAB|65/100
|-ability|p1a: EVIL CRAB|Weak Armor|boost
|-unboost|p1a: EVIL CRAB|def|1
|-boost|p1a: EVIL CRAB|spe|2
|
|switch|p2a: Throh|Throh, M|77/100 slp|[from]move: U-turn
|-damage|p2a: Throh|70/100 slp|[from] Stealth Rock
|-damage|p2a: Throh|58/100 slp|[from] Spikes
|
|-heal|p2a: Throh|64/100 slp|[from] item: Leftovers
|upkeep
|turn|9
|
|move|p1a: EVIL CRAB|Earthquake|p2a: Throh
|-damage|p2a: Throh|42/100 slp
|-curestatus|p2a: Throh|slp|[msg]
|move|p2a: Throh|Bulk Up|p2a: Throh
|-boost|p2a: Throh|atk|1
|-boost|p2a: Throh|def|1
|
|-heal|p2a: Throh|48/100|[from] item: Leftovers
|upkeep
|turn|10
|
|move|p1a: EVIL CRAB|Earthquake|p2a: Throh
|-damage|p2a: Throh|32/100
|move|p2a: Throh|Bulk Up|p2a: Throh
|-boost|p2a: Throh|atk|1
|-boost|p2a: Throh|def|1
|
|-heal|p2a: Throh|38/100|[from] item: Leftovers
|upkeep
|turn|11
|
|move|p1a: EVIL CRAB|Earthquake|p2a: Throh
|-damage|p2a: Throh|27/100
|move|p2a: Throh|Substitute|p2a: Throh
|-start|p2a: Throh|Substitute
|-damage|p2a: Throh|2/100
|
|-heal|p2a: Throh|8/100|[from] item: Leftovers
|upkeep
|turn|12
|
|move|p1a: EVIL CRAB|Rock Blast|p2a: Throh
|-resisted|p2a: Throh
|-activate|p2a: Throh|move: Substitute|[damage]
|-resisted|p2a: Throh
|-activate|p2a: Throh|move: Substitute|[damage]
|-resisted|p2a: Throh
|-crit|p2a: Throh
|-activate|p2a: Throh|move: Substitute|[damage]
|-hitcount|p2a: Throh|3
|move|p2a: Throh|Storm Throw|p1a: EVIL CRAB
|-crit|p1a: EVIL CRAB
|-damage|p1a: EVIL CRAB|0 fnt
|faint|p1a: EVIL CRAB
|
|-heal|p2a: Throh|14/100|[from] item: Leftovers
|upkeep
|
|switch|p1a: EVIL RAT|Pikachu, F|100/100
|turn|13
|
|move|p1a: EVIL RAT|Volt Switch|p2a: Throh
|-end|p2a: Throh|Substitute
|
|switch|p1a: EVIL CREEP|Heatmor, M, shiny|100/100|[from]move: Volt Switch
|move|p2a: Throh|Storm Throw|p1a: EVIL CREEP
|-crit|p1a: EVIL CREEP
|-damage|p1a: EVIL CREEP|4/100
|
|-heal|p2a: Throh|20/100|[from] item: Leftovers
|upkeep
|turn|14
|
|move|p1a: EVIL CREEP|Overheat|p2a: Throh
|-damage|p2a: Throh|0 fnt
|-unboost|p1a: EVIL CREEP|spa|2
|faint|p2a: Throh
|
|upkeep
|
|switch|p2a: Mr. Mime|Mr. Mime-Galar, F|100/100
|turn|15
|
|switch|p1a: EVIL BADGER|Linoone-Galar, F|100/100
|move|p2a: Mr. Mime|Rapid Spin|p1a: EVIL BADGER
|-damage|p1a: EVIL BADGER|91/100
|-boost|p2a: Mr. Mime|spe|1
|-sideend|p2: nalEi|Spikes|[from] move: Rapid Spin|[of] p2a: Mr. Mime
|-sideend|p2: nalEi|Stealth Rock|[from] move: Rapid Spin|[of] p2a: Mr. Mime
|
|-status|p1a: EVIL BADGER|tox|[from] item: Toxic Orb
|upkeep
|turn|16
|
|switch|p2a: Pincurchin|Pincurchin, F|100/100
|move|p1a: EVIL BADGER|Knock Off|p2a: Pincurchin
|-damage|p2a: Pincurchin|61/100
|-enditem|p2a: Pincurchin|Leftovers|[from] move: Knock Off|[of] p1a: EVIL BADGER
|
|-damage|p1a: EVIL BADGER|85/100 tox|[from] psn
|upkeep
|turn|17
|
|move|p1a: EVIL BADGER|Taunt|p2a: Pincurchin
|-start|p2a: Pincurchin|move: Taunt
|cant|p2a: Pincurchin|move: Taunt|Spikes
|
|-damage|p1a: EVIL BADGER|73/100 tox|[from] psn
|upkeep
|turn|18
|
|move|p1a: EVIL BADGER|Parting Shot|p2a: Pincurchin
|-unboost|p2a: Pincurchin|atk|1
|-unboost|p2a: Pincurchin|spa|1
|
|switch|p1a: EVIL WITCH|Bellossom, F, shiny|100/100|[from]move: Parting Shot
|move|p2a: Pincurchin|Discharge|p1a: EVIL WITCH
|-resisted|p1a: EVIL WITCH
|-damage|p1a: EVIL WITCH|91/100
|-status|p1a: EVIL WITCH|par
|
|upkeep
|turn|19
|
|switch|p2a: Type: Null|Type: Null|88/100
|cant|p1a: EVIL WITCH|par
|
|upkeep
|turn|20
|
|move|p2a: Type: Null|Crush Claw|p1a: EVIL WITCH
|-damage|p1a: EVIL WITCH|58/100 par
|-unboost|p1a: EVIL WITCH|def|1
|cant|p1a: EVIL WITCH|par
|
|upkeep
|turn|21
|c|☆uult5 somalia|lol
|
|move|p2a: Type: Null|U-turn|p1a: EVIL WITCH
|-supereffective|p1a: EVIL WITCH
|-damage|p1a: EVIL WITCH|2/100 par
|c|☆nalEi|>.<
|
|switch|p2a: Mr. Mime|Mr. Mime-Galar, F|100/100|[from]move: U-turn
|cant|p1a: EVIL WITCH|par
|
|upkeep
|turn|22
|c|☆uult5 somalia|yh
|c|☆uult5 somalia|w.e
|
|move|p2a: Mr. Mime|Rapid Spin|p1a: EVIL WITCH
|-damage|p1a: EVIL WITCH|0 fnt
|-boost|p2a: Mr. Mime|spe|1
|faint|p1a: EVIL WITCH
|
|upkeep
|
|switch|p1a: EVIL BADGER|Linoone-Galar, F|73/100 tox
|turn|23
|
|switch|p2a: Thievul|Thievul, M|100/100
|move|p1a: EVIL BADGER|Knock Off|p2a: Thievul
|-resisted|p2a: Thievul
|-damage|p2a: Thievul|68/100
|-enditem|p2a: Thievul|Choice Specs|[from] move: Knock Off|[of] p1a: EVIL BADGER
|
|-damage|p1a: EVIL BADGER|66/100 tox|[from] psn
|upkeep
|turn|24
|
|move|p1a: EVIL BADGER|Double-Edge|p2a: Thievul
|-damage|p2a: Thievul|0 fnt
|-damage|p1a: EVIL BADGER|45/100 tox|[from] Recoil
|faint|p2a: Thievul
|
|-damage|p1a: EVIL BADGER|33/100 tox|[from] psn
|upkeep
|
|switch|p2a: Pincurchin|Pincurchin, F|61/100
|turn|25
|
|move|p1a: EVIL BADGER|Parting Shot|p2a: Pincurchin
|-unboost|p2a: Pincurchin|atk|1
|-unboost|p2a: Pincurchin|spa|1
|
|switch|p1a: EVIL RAT|Pikachu, F|100/100|[from]move: Parting Shot
|move|p2a: Pincurchin|Discharge|p1a: EVIL RAT
|-resisted|p1a: EVIL RAT
|-crit|p1a: EVIL RAT
|-damage|p1a: EVIL RAT|44/100
|
|upkeep
|turn|26
|c|☆uult5 somalia|stop
|c|☆uult5 somalia|please
|c|☆uult5 somalia|pleasd
|c|☆nalEi|i can't ;-;
|
|move|p1a: EVIL RAT|Fake Out|p2a: Pincurchin
|-damage|p2a: Pincurchin|43/100
|cant|p2a: Pincurchin|flinch
|
|upkeep
|turn|27
|
|move|p1a: EVIL RAT|Extreme Speed|p2a: Pincurchin
|-damage|p2a: Pincurchin|5/100
|move|p2a: Pincurchin|Recover|p2a: Pincurchin
|-heal|p2a: Pincurchin|55/100
|
|upkeep
|turn|28
|
|move|p1a: EVIL RAT|Extreme Speed|p2a: Pincurchin
|-damage|p2a: Pincurchin|21/100
|move|p2a: Pincurchin|Recover|p2a: Pincurchin
|-heal|p2a: Pincurchin|71/100
|
|upkeep
|turn|29
|
|move|p1a: EVIL RAT|Extreme Speed|p2a: Pincurchin
|-damage|p2a: Pincurchin|39/100
|move|p2a: Pincurchin|Spikes|p1a: EVIL RAT
|-sidestart|p1: uult5 somalia|Spikes
|
|upkeep
|turn|30
|
|move|p1a: EVIL RAT|Extreme Speed|p2a: Pincurchin
|-damage|p2a: Pincurchin|5/100
|move|p2a: Pincurchin|Recover|p2a: Pincurchin
|-heal|p2a: Pincurchin|55/100
|
|upkeep
|turn|31
|
|move|p1a: EVIL RAT|Extreme Speed|p2a: Pincurchin
|-damage|p2a: Pincurchin|19/100
|move|p2a: Pincurchin|Recover|p2a: Pincurchin
|-heal|p2a: Pincurchin|69/100
|
|upkeep
|turn|32
|j| Gym socks!
|
|move|p1a: EVIL RAT|Knock Off|p2a: Pincurchin
|-damage|p2a: Pincurchin|38/100
|move|p2a: Pincurchin|Recover|p2a: Pincurchin
|-heal|p2a: Pincurchin|88/100
|
|upkeep
|turn|33
|
|move|p1a: EVIL RAT|Knock Off|p2a: Pincurchin
|-damage|p2a: Pincurchin|60/100
|move|p2a: Pincurchin|Discharge|p1a: EVIL RAT
|-resisted|p1a: EVIL RAT
|-damage|p1a: EVIL RAT|20/100
|
|upkeep
|turn|34
|
|move|p1a: EVIL RAT|Extreme Speed|p2a: Pincurchin
|-damage|p2a: Pincurchin|24/100
|move|p2a: Pincurchin|Discharge|p1a: EVIL RAT
|-resisted|p1a: EVIL RAT
|-damage|p1a: EVIL RAT|0 fnt
|faint|p1a: EVIL RAT
|
|upkeep
|c|☆uult5 somalia|yh
|c|☆uult5 somalia|gg
|c|☆uult5 somalia|w.e
|c|☆nalEi|gg
|
|switch|p1a: EVIL CREEP|Heatmor, M, shiny|4/100
|turn|35
|
|move|p1a: EVIL CREEP|Fire Lash|p2a: Pincurchin
|-damage|p2a: Pincurchin|0 fnt
|faint|p2a: Pincurchin
|
|upkeep
|
|switch|p2a: Mr. Mime|Mr. Mime-Galar, F|100/100
|turn|36
|
|move|p2a: Mr. Mime|Rapid Spin|p1a: EVIL CREEP
|-damage|p1a: EVIL CREEP|0 fnt
|-boost|p2a: Mr. Mime|spe|1
|faint|p1a: EVIL CREEP
|
|upkeep
|-message|uult5 somalia forfeited.
|
|win|nalEi
|l|☆uult5 somalia
|l|☆nalEi
|l| Gym socks!
