|j|☆Bigkevinm84
|j|☆Aer0naut11
|t:|1623304331
|gametype|singles
|player|p1|Bigkevinm84|acetrainer-gen4dp|1391
|player|p2|Aer0naut11|blue|1247
|teamsize|p1|6
|teamsize|p2|6
|gen|8
|tier|[Gen 8] PU
|rated|
|rule|Sleep Clause Mod: Limit one foe put to sleep
|rule|Species Clause: Limit one of each Pokémon
|rule|OHKO Clause: OHKO moves are banned
|rule|Evasion Moves Clause: Evasion moves are banned
|rule|Endless Battle Clause: Forcing endless battles is banned
|rule|HP Percentage Mod: HP is shown in percentages
|rule|Dynamax Clause: You cannot dynamax
|clearpoke
|poke|p1|Togedemaru, L1, M|
|poke|p1|Gigalith, M|
|poke|p1|Sandslash, M|
|poke|p1|Qwilfish, M|
|poke|p1|Silvally-*|
|poke|p1|Exeggutor-Alola, F|
|poke|p2|Galvantula, F|
|poke|p2|Aggron, F|
|poke|p2|Runerigus, F|
|poke|p2|Xatu, M|
|poke|p2|Whimsicott, F|
|poke|p2|Scrafty, M|
|teampreview
|
|t:|1623304357
|start
|switch|p1a: Purple Majesty|Gigalith, M, shiny|100/100
|switch|p2a: Galvantula|Galvantula, F, shiny|100/100
|-weather|Sandstorm|[from] ability: Sand Stream|[of] p1a: Purple Majesty
|turn|1
|
|t:|1623304362
|move|p2a: Galvantula|Sticky Web|p1a: Purple Majesty
|-sidestart|p1: Bigkevinm84|move: Sticky Web
|move|p1a: Purple Majesty|Rock Blast|p2a: Galvantula
|-supereffective|p2a: Galvantula
|-damage|p2a: Galvantula|59/100
|-supereffective|p2a: Galvantula
|-damage|p2a: Galvantula|20/100
|-supereffective|p2a: Galvantula
|-damage|p2a: Galvantula|0 fnt
|faint|p2a: Galvantula
|-hitcount|p2: Galvantula|3
|
|-weather|Sandstorm|[upkeep]
|upkeep
|
|t:|1623304371
|switch|p2a: Scrafty|Scrafty, M|100/100
|turn|2
|
|t:|1623304390
|move|p2a: Scrafty|Dragon Dance|p2a: Scrafty
|-boost|p2a: Scrafty|atk|1
|-boost|p2a: Scrafty|spe|1
|move|p1a: Purple Majesty|Toxic|p2a: Scrafty
|-status|p2a: Scrafty|tox
|
|-weather|Sandstorm|[upkeep]
|-damage|p2a: Scrafty|95/100 tox|[from] Sandstorm
|-activate|p2a: Scrafty|ability: Shed Skin
|-curestatus|p2a: Scrafty|tox|[msg]
|upkeep
|turn|3
|
|t:|1623304402
|switch|p1a: Squilly|Qwilfish, M|100/100
|-activate|p1a: Squilly|move: Sticky Web
|-unboost|p1a: Squilly|spe|1
|-ability|p1a: Squilly|Intimidate|boost
|-unboost|p2a: Scrafty|atk|1
|move|p2a: Scrafty|Dragon Dance|p2a: Scrafty
|-boost|p2a: Scrafty|atk|1
|-boost|p2a: Scrafty|spe|1
|
|-weather|Sandstorm|[upkeep]
|-damage|p2a: Scrafty|89/100|[from] Sandstorm
|-damage|p1a: Squilly|95/100|[from] Sandstorm
|-heal|p1a: Squilly|100/100|[from] item: Black Sludge
|upkeep
|turn|4
|
|t:|1623304409
|move|p2a: Scrafty|Knock Off|p1a: Squilly
|-damage|p1a: Squilly|33/100
|-enditem|p1a: Squilly|Black Sludge|[from] move: Knock Off|[of] p2a: Scrafty
|move|p1a: Squilly|Taunt|p2a: Scrafty
|-start|p2a: Scrafty|move: Taunt
|
|-weather|Sandstorm|[upkeep]
|-damage|p2a: Scrafty|83/100|[from] Sandstorm
|-damage|p1a: Squilly|27/100|[from] Sandstorm
|upkeep
|turn|5
|
|t:|1623304419
|move|p2a: Scrafty|Knock Off|p1a: Squilly
|-damage|p1a: Squilly|0 fnt
|faint|p1a: Squilly
|
|-weather|Sandstorm|[upkeep]
|-damage|p2a: Scrafty|77/100|[from] Sandstorm
|upkeep
|
|t:|1623304423
|switch|p1a: Mecha-Mickey|Togedemaru, L1, M|100/100
|-activate|p1a: Mecha-Mickey|move: Sticky Web
|-unboost|p1a: Mecha-Mickey|spe|1
|turn|6
|
|t:|1623304427
|move|p2a: Scrafty|High Jump Kick|p1a: Mecha-Mickey
|-supereffective|p1a: Mecha-Mickey
|-ability|p1a: Mecha-Mickey|Sturdy
|-damage|p1a: Mecha-Mickey|9/100
|move|p1a: Mecha-Mickey|Endeavor|p2a: Scrafty
|-damage|p2a: Scrafty|1/100
|-heal|p1a: Mecha-Mickey|100/100|[from] item: Shell Bell|[of] p2a: Scrafty
|
|-weather|Sandstorm|[upkeep]
|-damage|p2a: Scrafty|0 fnt|[from] Sandstorm
|faint|p2a: Scrafty
|upkeep
|
|t:|1623304460
|switch|p2a: Aggron|Aggron, F|100/100
|turn|7
|
|t:|1623304473
|move|p2a: Aggron|Body Press|p1a: Mecha-Mickey
|-supereffective|p1a: Mecha-Mickey
|-ability|p1a: Mecha-Mickey|Sturdy
|-damage|p1a: Mecha-Mickey|9/100
|move|p1a: Mecha-Mickey|Endeavor|p2a: Aggron
|-damage|p2a: Aggron|1/100
|-heal|p1a: Mecha-Mickey|100/100|[from] item: Shell Bell|[of] p2a: Aggron
|
|-weather|Sandstorm|[upkeep]
|upkeep
|turn|8
|-enditem|p2a: Aggron|Custap Berry|[eat]
|-activate|p2a: Aggron|item: Custap Berry|[consumed]
|
|t:|1623304483
|move|p1a: Mecha-Mickey|Spiky Shield|p1a: Mecha-Mickey
|-singleturn|p1a: Mecha-Mickey|move: Protect
|move|p2a: Aggron|Body Press|p1a: Mecha-Mickey
|-activate|p1a: Mecha-Mickey|move: Protect
|-damage|p2a: Aggron|0 fnt|[from] Spiky Shield|[of] p1a: Mecha-Mickey
|faint|p2a: Aggron
|
|-weather|none
|upkeep
|inactive|Battle timer is ON: inactive players will automatically lose when time's up. (requested by Bigkevinm84)
|
|t:|1623304490
|switch|p2a: Whimsicott|Whimsicott, F, shiny|100/100
|turn|9
|
|t:|1623304494
|move|p2a: Whimsicott|Leech Seed|p1a: Mecha-Mickey
|-start|p1a: Mecha-Mickey|move: Leech Seed
|move|p1a: Mecha-Mickey|Endeavor|p2a: Whimsicott
|-damage|p2a: Whimsicott|4/100
|
|-heal|p2a: Whimsicott|10/100|[from] item: Leftovers
|-damage|p1a: Mecha-Mickey|92/100|[from] Leech Seed|[of] p2a: Whimsicott
|-heal|p2a: Whimsicott|11/100|[silent]
|upkeep
|turn|10
|
|t:|1623304503
|switch|p1a: Purple Majesty|Gigalith, M, shiny|100/100
|-activate|p1a: Purple Majesty|move: Sticky Web
|-unboost|p1a: Purple Majesty|spe|1
|-weather|Sandstorm|[from] ability: Sand Stream|[of] p1a: Purple Majesty
|move|p2a: Whimsicott|Moonblast|p1a: Purple Majesty
|-damage|p1a: Purple Majesty|84/100
|
|-weather|Sandstorm|[upkeep]
|-damage|p2a: Whimsicott|5/100|[from] Sandstorm
|-heal|p2a: Whimsicott|11/100|[from] item: Leftovers
|upkeep
|turn|11
|
|t:|1623304512
|switch|p2a: Runerigus|Runerigus, F|100/100
|move|p1a: Purple Majesty|Stealth Rock|p2a: Runerigus
|-sidestart|p2: Aer0naut11|move: Stealth Rock
|
|-weather|Sandstorm|[upkeep]
|upkeep
|turn|12
|
|t:|1623304521
|move|p2a: Runerigus|Earthquake|p1a: Purple Majesty
|-supereffective|p1a: Purple Majesty
|-damage|p1a: Purple Majesty|24/100
|move|p1a: Purple Majesty|Toxic|p2a: Runerigus
|-status|p2a: Runerigus|tox
|
|-weather|Sandstorm|[upkeep]
|-damage|p2a: Runerigus|94/100 tox|[from] psn
|upkeep
|turn|13
|
|t:|1623304529
|switch|p1a: Long Girl|Exeggutor-Alola, F|100/100
|-activate|p1a: Long Girl|move: Sticky Web
|-unboost|p1a: Long Girl|spe|1
|move|p2a: Runerigus|Poltergeist|p1a: Long Girl
|-activate|p1a: Long Girl|move: Poltergeist|Sitrus Berry
|-damage|p1a: Long Girl|67/100
|
|-weather|Sandstorm|[upkeep]
|-damage|p1a: Long Girl|61/100|[from] Sandstorm
|-damage|p2a: Runerigus|82/100 tox|[from] psn
|upkeep
|turn|14
|
|t:|1623304539
|switch|p2a: Whimsicott|Whimsicott, F, shiny|11/100
|-damage|p2a: Whimsicott|0 fnt|[from] Stealth Rock
|faint|p2a: Whimsicott
|move|p1a: Long Girl|Substitute|p1a: Long Girl
|-start|p1a: Long Girl|Substitute
|-damage|p1a: Long Girl|36/100
|-enditem|p1a: Long Girl|Sitrus Berry|[eat]
|-heal|p1a: Long Girl|61/100|[from] item: Sitrus Berry
|
|-weather|Sandstorm|[upkeep]
|-damage|p1a: Long Girl|55/100|[from] Sandstorm
|upkeep
|
|t:|1623304542
|switch|p2a: Xatu|Xatu, M|100/100
|turn|15
|
|t:|1623304547
|move|p2a: Xatu|Psychic|p1a: Long Girl
|-end|p1a: Long Girl|Substitute
|move|p1a: Long Girl|Knock Off|p2a: Xatu
|-supereffective|p2a: Xatu
|-damage|p2a: Xatu|39/100
|-enditem|p2a: Xatu|Heavy-Duty Boots|[from] move: Knock Off|[of] p1a: Long Girl
|
|-weather|Sandstorm|[upkeep]
|-damage|p2a: Xatu|32/100|[from] Sandstorm
|-damage|p1a: Long Girl|49/100|[from] Sandstorm
|upkeep
|turn|16
|
|t:|1623304556
|move|p2a: Xatu|Roost|p2a: Xatu
|-heal|p2a: Xatu|82/100
|-singleturn|p2a: Xatu|move: Roost
|move|p1a: Long Girl|Knock Off|p2a: Xatu
|-supereffective|p2a: Xatu
|-damage|p2a: Xatu|38/100
|
|-weather|Sandstorm|[upkeep]
|-damage|p2a: Xatu|32/100|[from] Sandstorm
|-damage|p1a: Long Girl|43/100|[from] Sandstorm
|upkeep
|turn|17
|
|t:|1623304562
|move|p2a: Xatu|Psychic|p1a: Long Girl
|-damage|p1a: Long Girl|4/100
|move|p1a: Long Girl|Giga Drain|p2a: Xatu
|-resisted|p2a: Xatu
|-damage|p2a: Xatu|11/100
|-heal|p1a: Long Girl|12/100|[from] drain|[of] p2a: Xatu
|
|-weather|none
|-item|p1a: Long Girl|Sitrus Berry|[from] ability: Harvest
|upkeep
|-enditem|p1a: Long Girl|Sitrus Berry|[eat]
|-heal|p1a: Long Girl|37/100|[from] item: Sitrus Berry
|turn|18
|
|t:|1623304574
|switch|p1a: Purple Majesty|Gigalith, M, shiny|24/100
|-activate|p1a: Purple Majesty|move: Sticky Web
|-unboost|p1a: Purple Majesty|spe|1
|-weather|Sandstorm|[from] ability: Sand Stream|[of] p1a: Purple Majesty
|move|p2a: Xatu|Psychic|p1a: Purple Majesty
|-damage|p1a: Purple Majesty|7/100
|
|-weather|Sandstorm|[upkeep]
|-damage|p2a: Xatu|5/100|[from] Sandstorm
|upkeep
|turn|19
|
|t:|1623304582
|move|p2a: Xatu|Roost|p2a: Xatu
|-heal|p2a: Xatu|55/100
|-singleturn|p2a: Xatu|move: Roost
|move|p1a: Purple Majesty|Rock Blast|p2a: Xatu|[miss]
|-miss|p1a: Purple Majesty|p2a: Xatu
|
|-weather|Sandstorm|[upkeep]
|-damage|p2a: Xatu|48/100|[from] Sandstorm
|upkeep
|turn|20
|
|t:|1623304592
|switch|p1a: Guroe|Silvally-Ghost|100/100
|-activate|p1a: Guroe|move: Sticky Web
|-unboost|p1a: Guroe|spe|1
|move|p2a: Xatu|Psychic|p1a: Guroe
|-damage|p1a: Guroe|70/100
|-unboost|p1a: Guroe|spd|1
|
|-weather|Sandstorm|[upkeep]
|-damage|p2a: Xatu|42/100|[from] Sandstorm
|-damage|p1a: Guroe|64/100|[from] Sandstorm
|upkeep
|turn|21
|
|t:|1623304600
|move|p2a: Xatu|Psychic|p1a: Guroe
|-damage|p1a: Guroe|13/100
|move|p1a: Guroe|Multi-Attack|p2a: Xatu
|-supereffective|p2a: Xatu
|-damage|p2a: Xatu|0 fnt
|faint|p2a: Xatu
|
|-weather|Sandstorm|[upkeep]
|-damage|p1a: Guroe|7/100|[from] Sandstorm
|upkeep
|
|t:|1623304606
|switch|p2a: Runerigus|Runerigus, F|82/100 tox
|-damage|p2a: Runerigus|76/100 tox|[from] Stealth Rock
|turn|22
|
|t:|1623304613
|switch|p1a: Long Girl|Exeggutor-Alola, F|37/100
|-activate|p1a: Long Girl|move: Sticky Web
|-unboost|p1a: Long Girl|spe|1
|move|p2a: Runerigus|Earthquake|p1a: Long Girl
|-resisted|p1a: Long Girl
|-damage|p1a: Long Girl|22/100
|
|-weather|Sandstorm|[upkeep]
|-damage|p1a: Long Girl|16/100|[from] Sandstorm
|-damage|p2a: Runerigus|69/100 tox|[from] psn
|-item|p1a: Long Girl|Sitrus Berry|[from] ability: Harvest
|upkeep
|-enditem|p1a: Long Girl|Sitrus Berry|[eat]
|-heal|p1a: Long Girl|41/100|[from] item: Sitrus Berry
|turn|23
|-message|Aer0naut11 forfeited.
|
|win|Bigkevinm84
|raw|Bigkevinm84's rating: 1391 &rarr; <strong>1403</strong><br />(+12 for winning)
|raw|Aer0naut11's rating: 1247 &rarr; <strong>1232</strong><br />(-15 for losing)
|l|☆Aer0naut11
