|j|☆kink¨̮
|j|☆ayo bb
|player|p1|kink¨̮|#kinguu|1434
|player|p2|ayo bb|102|1438
|teamsize|p1|6
|teamsize|p2|6
|gametype|singles
|gen|8
|tier|[Gen 8] PU
|rated|
|clearpoke
|poke|p1|Lapras, F|
|poke|p1|Throh, M|
|poke|p1|Musharna, F|
|poke|p1|Mawile, M|
|poke|p1|Manectric, F|
|poke|p1|Vespiquen, F|
|poke|p2|Dubwool, M|
|poke|p2|Hippopotas, F|
|poke|p2|Duosion, M|
|poke|p2|Thievul, M|
|poke|p2|Mr. Rime, F|
|poke|p2|Trubbish, F|
|rule|Sleep Clause Mod: Limit one foe put to sleep
|rule|Species Clause: Limit one of each Pokémon
|rule|OHKO Clause: OHKO moves are banned
|rule|Evasion Moves Clause: Evasion moves are banned
|rule|Endless Battle Clause: Forcing endless battles is banned
|rule|HP Percentage Mod: HP is shown in percentages
|rule|Dynamax Clause: You cannot dynamax
|teampreview
|
|start
|switch|p1a: Lapras|Lapras, F|100/100
|switch|p2a: Duosion|Duosion, M|100/100
|turn|1
|
|move|p1a: Lapras|Ice Beam|p2a: Duosion
|-damage|p2a: Duosion|63/100
|move|p2a: Duosion|Future Sight|p1a: Lapras
|-start|p2a: Duosion|move: Future Sight
|
|upkeep
|turn|2
|
|switch|p2a: Mr. Rime|Mr. Rime, F|100/100
|move|p1a: Lapras|Ice Beam|p2a: Mr. Rime
|-resisted|p2a: Mr. Rime
|-damage|p2a: Mr. Rime|66/100
|
|upkeep
|turn|3
|
|switch|p1a: Musharna|Musharna, F|100/100
|move|p2a: Mr. Rime|Toxic|p1a: Musharna
|-status|p1a: Musharna|tox
|-activate|p1a: Musharna|ability: Synchronize
|-status|p2a: Mr. Rime|tox
|
|-end|p1a: Musharna|move: Future Sight
|-resisted|p1a: Musharna
|-crit|p1a: Musharna
|-damage|p1a: Musharna|73/100 tox
|-heal|p1a: Musharna|79/100 tox|[from] item: Leftovers
|-damage|p2a: Mr. Rime|60/100 tox|[from] psn
|-damage|p1a: Musharna|73/100 tox|[from] psn
|upkeep
|turn|4
|
|switch|p2a: Duosion|Duosion, M|96/100
|move|p1a: Musharna|Heal Bell|p1a: Musharna
|-activate|p1a: Musharna|move: Heal Bell
|-curestatus|p1a: Musharna|tox|[msg]
|
|-heal|p1a: Musharna|79/100|[from] item: Leftovers
|upkeep
|turn|5
|
|move|p2a: Duosion|Future Sight|p1a: Musharna
|-start|p2a: Duosion|move: Future Sight
|move|p1a: Musharna|Yawn|p2a: Duosion
|-start|p2a: Duosion|move: Yawn|[of] p1a: Musharna
|
|-heal|p1a: Musharna|85/100|[from] item: Leftovers
|upkeep
|turn|6
|
|switch|p2a: Thievul|Thievul, M|100/100
|move|p1a: Musharna|Psychic|p2a: Thievul
|-immune|p2a: Thievul
|
|-heal|p1a: Musharna|91/100|[from] item: Leftovers
|upkeep
|turn|7
|
|move|p2a: Thievul|Dark Pulse|p1a: Musharna
|-supereffective|p1a: Musharna
|-damage|p1a: Musharna|7/100
|move|p1a: Musharna|Yawn|p2a: Thievul
|-start|p2a: Thievul|move: Yawn|[of] p1a: Musharna
|
|-end|p1a: Musharna|move: Future Sight
|-resisted|p1a: Musharna
|-damage|p1a: Musharna|0 fnt
|faint|p1a: Musharna
|upkeep
|
|switch|p1a: Throh|Throh, M|100/100
|turn|8
|
|switch|p2a: Trubbish|Trubbish, F|100/100
|move|p1a: Throh|Bulk Up|p1a: Throh
|-boost|p1a: Throh|atk|1
|-boost|p1a: Throh|def|1
|
|upkeep
|turn|9
|
|move|p2a: Trubbish|Toxic|p1a: Throh
|-status|p1a: Throh|tox
|move|p1a: Throh|Substitute|p1a: Throh
|-start|p1a: Throh|Substitute
|-damage|p1a: Throh|76/100 tox
|
|-heal|p1a: Throh|82/100 tox|[from] item: Leftovers
|-damage|p1a: Throh|76/100 tox|[from] psn
|upkeep
|turn|10
|j| Pablochutest
|
|move|p2a: Trubbish|Spikes|p1a: Throh
|-sidestart|p1: kink¨̮|Spikes
|move|p1a: Throh|Knock Off|p2a: Trubbish
|-damage|p2a: Trubbish|59/100
|-activate|p2a: Trubbish|ability: Sticky Hold
|
|-heal|p1a: Throh|82/100 tox|[from] item: Leftovers
|-damage|p1a: Throh|69/100 tox|[from] psn
|upkeep
|turn|11
|
|switch|p2a: Dubwool|Dubwool, M|100/100
|move|p1a: Throh|Storm Throw|p2a: Dubwool
|-supereffective|p2a: Dubwool
|-crit|p2a: Dubwool
|-damage|p2a: Dubwool|55/100
|
|-heal|p2a: Dubwool|61/100|[from] item: Leftovers
|-heal|p1a: Throh|76/100 tox|[from] item: Leftovers
|-damage|p1a: Throh|57/100 tox|[from] psn
|upkeep
|turn|12
|
|move|p2a: Dubwool|Double-Edge|p1a: Throh
|-activate|p1a: Throh|move: Substitute|[damage]
|-damage|p2a: Dubwool|53/100|[from] Recoil|[of] p1a: Throh
|move|p1a: Throh|Storm Throw|p2a: Dubwool
|-supereffective|p2a: Dubwool
|-crit|p2a: Dubwool
|-damage|p2a: Dubwool|5/100
|
|-heal|p2a: Dubwool|11/100|[from] item: Leftovers
|-heal|p1a: Throh|63/100 tox|[from] item: Leftovers
|-damage|p1a: Throh|39/100 tox|[from] psn
|upkeep
|turn|13
|
|move|p2a: Dubwool|Rest|p2a: Dubwool
|-status|p2a: Dubwool|slp|[from] move: Rest
|-heal|p2a: Dubwool|100/100 slp|[silent]
|move|p1a: Throh|Storm Throw|p2a: Dubwool
|-supereffective|p2a: Dubwool
|-crit|p2a: Dubwool
|-damage|p2a: Dubwool|48/100 slp
|
|-heal|p2a: Dubwool|55/100 slp|[from] item: Leftovers
|-heal|p1a: Throh|45/100 tox|[from] item: Leftovers
|-damage|p1a: Throh|14/100 tox|[from] psn
|upkeep
|turn|14
|
|cant|p2a: Dubwool|slp
|move|p2a: Dubwool|Sleep Talk|p2a: Dubwool
|move|p2a: Dubwool|Double-Edge|p1a: Throh|[from]Sleep Talk
|-end|p1a: Throh|Substitute
|-damage|p2a: Dubwool|52/100 slp|[from] Recoil|[of] p1a: Throh
|move|p1a: Throh|Storm Throw|p2a: Dubwool
|-supereffective|p2a: Dubwool
|-crit|p2a: Dubwool
|-damage|p2a: Dubwool|2/100 slp
|
|-heal|p2a: Dubwool|8/100 slp|[from] item: Leftovers
|-heal|p1a: Throh|20/100 tox|[from] item: Leftovers
|-damage|p1a: Throh|0 fnt|[from] psn
|faint|p1a: Throh
|upkeep
|
|switch|p1a: Vespiquen|Vespiquen, F|100/100
|-ability|p1a: Vespiquen|Unnerve|p2: ayo bb
|turn|15
|
|switch|p2a: Trubbish|Trubbish, F|59/100
|move|p1a: Vespiquen|U-turn|p2a: Trubbish
|-resisted|p2a: Trubbish
|-damage|p2a: Trubbish|51/100
|
|switch|p1a: Lapras|Lapras, F|100/100|[from]move: U-turn
|-damage|p1a: Lapras|88/100|[from] Spikes
|
|upkeep
|turn|16
|
|switch|p2a: Duosion|Duosion, M|100/100
|move|p1a: Lapras|Ice Beam|p2a: Duosion
|-damage|p2a: Duosion|65/100
|
|upkeep
|turn|17
|
|move|p1a: Lapras|Ice Beam|p2a: Duosion
|-damage|p2a: Duosion|27/100
|move|p2a: Duosion|Recover|p2a: Duosion
|-heal|p2a: Duosion|77/100
|
|upkeep
|turn|18
|
|move|p1a: Lapras|Ice Beam|p2a: Duosion
|-damage|p2a: Duosion|40/100
|move|p2a: Duosion|Recover|p2a: Duosion
|-heal|p2a: Duosion|90/100
|
|upkeep
|turn|19
|
|move|p1a: Lapras|Ice Beam|p2a: Duosion
|-damage|p2a: Duosion|49/100
|move|p2a: Duosion|Future Sight|p1a: Lapras
|-start|p2a: Duosion|move: Future Sight
|
|upkeep
|turn|20
|
|move|p1a: Lapras|Ice Beam|p2a: Duosion
|-damage|p2a: Duosion|12/100
|move|p2a: Duosion|Recover|p2a: Duosion
|-heal|p2a: Duosion|62/100
|
|upkeep
|turn|21
|
|move|p1a: Lapras|Ice Beam|p2a: Duosion
|-damage|p2a: Duosion|23/100
|move|p2a: Duosion|Recover|p2a: Duosion
|-heal|p2a: Duosion|73/100
|
|-end|p1a: Lapras|move: Future Sight
|-damage|p1a: Lapras|46/100
|upkeep
|turn|22
|
|move|p1a: Lapras|Ice Beam|p2a: Duosion
|-damage|p2a: Duosion|34/100
|move|p2a: Duosion|Recover|p2a: Duosion
|-heal|p2a: Duosion|84/100
|
|upkeep
|turn|23
|
|move|p1a: Lapras|Ice Beam|p2a: Duosion
|-damage|p2a: Duosion|49/100
|move|p2a: Duosion|Future Sight|p1a: Lapras
|-start|p2a: Duosion|move: Future Sight
|
|upkeep
|turn|24
|
|switch|p2a: Mr. Rime|Mr. Rime, F|60/100 tox
|move|p1a: Lapras|Ice Beam|p2a: Mr. Rime
|-resisted|p2a: Mr. Rime
|-damage|p2a: Mr. Rime|25/100 tox
|
|-damage|p2a: Mr. Rime|19/100 tox|[from] psn
|upkeep
|turn|25
|
|move|p2a: Mr. Rime|Slack Off|p2a: Mr. Rime
|-heal|p2a: Mr. Rime|69/100 tox
|move|p1a: Lapras|Ice Beam|p2a: Mr. Rime
|-resisted|p2a: Mr. Rime
|-damage|p2a: Mr. Rime|39/100 tox
|
|-end|p1a: Lapras|move: Future Sight
|-damage|p1a: Lapras|5/100
|-damage|p2a: Mr. Rime|27/100 tox|[from] psn
|upkeep
|turn|26
|
|move|p2a: Mr. Rime|Ice Beam|p1a: Lapras
|-resisted|p1a: Lapras
|-damage|p1a: Lapras|0 fnt
|faint|p1a: Lapras
|
|-damage|p2a: Mr. Rime|9/100 tox|[from] psn
|upkeep
|
|switch|p1a: Vespiquen|Vespiquen, F|100/100
|-ability|p1a: Vespiquen|Unnerve|p2: ayo bb
|turn|27
|
|move|p2a: Mr. Rime|Toxic|p1a: Vespiquen
|-status|p1a: Vespiquen|tox
|move|p1a: Vespiquen|Defog|p2a: Mr. Rime
|-unboost|p2a: Mr. Rime|evasion|1
|-sideend|p1: kink¨̮|Spikes|[from] move: Defog|[of] p1a: Vespiquen
|
|-damage|p2a: Mr. Rime|0 fnt|[from] psn
|faint|p2a: Mr. Rime
|-damage|p1a: Vespiquen|94/100 tox|[from] psn
|upkeep
|
|switch|p2a: Trubbish|Trubbish, F|51/100
|turn|28
|
|move|p2a: Trubbish|Pain Split|p1a: Vespiquen
|-sethp|p1a: Vespiquen|70/100 tox|[from] move: Pain Split|[silent]
|-sethp|p2a: Trubbish|79/100|[from] move: Pain Split
|move|p1a: Vespiquen|U-turn|p2a: Trubbish
|-resisted|p2a: Trubbish
|-damage|p2a: Trubbish|70/100
|
|switch|p1a: Manectric|Manectric, F|100/100|[from]move: U-turn
|
|upkeep
|turn|29
|
|switch|p2a: Duosion|Duosion, M|82/100
|move|p1a: Manectric|Switcheroo|p2a: Duosion
|-activate|p1a: Manectric|move: Trick|[of] p2a: Duosion
|-item|p2a: Duosion|Choice Scarf|[from] move: Switcheroo
|-item|p1a: Manectric|Eviolite|[from] move: Switcheroo
|
|upkeep
|turn|30
|
|move|p1a: Manectric|Thunderbolt|p2a: Duosion
|-damage|p2a: Duosion|43/100
|move|p2a: Duosion|Psychic|p1a: Manectric
|-damage|p1a: Manectric|28/100
|
|upkeep
|turn|31
|
|move|p1a: Manectric|Volt Switch|p2a: Duosion
|-damage|p2a: Duosion|10/100
|
|switch|p1a: Mawile|Mawile, M|100/100|[from]move: Volt Switch
|-ability|p1a: Mawile|Intimidate|boost
|-unboost|p2a: Duosion|atk|1
|move|p2a: Duosion|Psychic|p1a: Mawile
|-resisted|p1a: Mawile
|-damage|p1a: Mawile|74/100
|
|-heal|p1a: Mawile|80/100|[from] item: Leftovers
|upkeep
|turn|32
|
|switch|p2a: Dubwool|Dubwool, M|8/100 slp
|move|p1a: Mawile|Stealth Rock|p2a: Dubwool
|-sidestart|p2: ayo bb|move: Stealth Rock
|
|-heal|p2a: Dubwool|14/100 slp|[from] item: Leftovers
|-heal|p1a: Mawile|86/100|[from] item: Leftovers
|upkeep
|turn|33
|
|switch|p1a: Manectric|Manectric, F|28/100
|cant|p2a: Dubwool|slp
|move|p2a: Dubwool|Sleep Talk|p2a: Dubwool
|move|p2a: Dubwool|Body Press|p1a: Manectric|[from]Sleep Talk
|-damage|p1a: Manectric|0 fnt
|faint|p1a: Manectric
|
|-heal|p2a: Dubwool|20/100 slp|[from] item: Leftovers
|upkeep
|-message|kink¨̮ forfeited.
|
|win|ayo bb
|l|☆kink¨̮
|raw|kink¨̮'s rating: 1434 &rarr; <strong>1414</strong><br />(-20 for losing)
|raw|ayo bb's rating: 1438 &rarr; <strong>1458</strong><br />(+20 for winning)
