|j|☆Toxicidad fuera
|j|☆fat flop
|t:|1619266762
|gametype|singles
|player|p1|Toxicidad fuera|argenta|1490
|player|p2|fat flop|1|1594
|teamsize|p1|6
|teamsize|p2|6
|gen|8
|tier|[Gen 8] PU
|rated|
|clearpoke
|poke|p1|Thwackey, M|
|poke|p1|Thievul, F|
|poke|p1|Gourgeist-*, M|
|poke|p1|Garbodor, F|
|poke|p1|Regirock|
|poke|p1|Xatu, M|
|poke|p2|Drednaw, M|
|poke|p2|Gigalith, F|
|poke|p2|Aromatisse, F|
|poke|p2|Stunfisk-Galar, F|
|poke|p2|Flapple, F|
|poke|p2|Golbat, F|
|rule|Sleep Clause Mod: Limit one foe put to sleep
|rule|Species Clause: Limit one of each Pokémon
|rule|OHKO Clause: OHKO moves are banned
|rule|Evasion Moves Clause: Evasion moves are banned
|rule|Endless Battle Clause: Forcing endless battles is banned
|rule|HP Percentage Mod: HP is shown in percentages
|rule|Dynamax Clause: You cannot dynamax
|teampreview
|
|t:|1619266791
|start
|switch|p1a: Thwackey|Thwackey, M|100/100
|switch|p2a: Golbat|Golbat, F|100/100
|-fieldstart|move: Grassy Terrain|[from] ability: Grassy Surge|[of] p1a: Thwackey
|turn|1
|
|t:|1619266796
|switch|p1a: Regirock|Regirock|100/100
|move|p2a: Golbat|U-turn|p1a: Regirock
|-damage|p1a: Regirock|94/100
|
|t:|1619266801
|switch|p2a: Drednaw|Drednaw, M|100/100|[from]move: U-turn
|
|-heal|p1a: Regirock|100/100|[from] Grassy Terrain
|upkeep
|turn|2
|
|t:|1619266806
|move|p2a: Drednaw|Liquidation|p1a: Regirock
|-supereffective|p1a: Regirock
|-damage|p1a: Regirock|49/100
|move|p1a: Regirock|Body Press|p2a: Drednaw
|-supereffective|p2a: Drednaw
|-damage|p2a: Drednaw|8/100
|
|-heal|p2a: Drednaw|14/100|[from] Grassy Terrain
|-heal|p1a: Regirock|55/100|[from] Grassy Terrain
|-heal|p1a: Regirock|61/100|[from] item: Leftovers
|upkeep
|turn|3
|
|t:|1619266814
|switch|p1a: Gourgeist|Gourgeist-Small, M|100/100
|-item|p2a: Drednaw|Choice Band|[from] ability: Frisk|[of] p1a: Gourgeist|[identify]
|move|p2a: Drednaw|Liquidation|p1a: Gourgeist
|-resisted|p1a: Gourgeist
|-damage|p1a: Gourgeist|66/100
|
|-heal|p1a: Gourgeist|72/100|[from] Grassy Terrain
|-heal|p2a: Drednaw|20/100|[from] Grassy Terrain
|upkeep
|turn|4
|
|t:|1619266820
|switch|p2a: Golbat|Golbat, F|100/100
|move|p1a: Gourgeist|Poltergeist|p2a: Golbat
|-activate|p2a: Golbat|move: Poltergeist|Eviolite
|-damage|p2a: Golbat|44/100
|
|-heal|p1a: Gourgeist|78/100|[from] Grassy Terrain
|upkeep
|turn|5
|
|t:|1619266828
|switch|p2a: Drednaw|Drednaw, M|20/100
|move|p1a: Gourgeist|Poltergeist|p2a: Drednaw
|-activate|p2a: Drednaw|move: Poltergeist|Choice Band
|-damage|p2a: Drednaw|0 fnt
|faint|p2a: Drednaw
|
|-heal|p1a: Gourgeist|84/100|[from] Grassy Terrain
|-fieldend|move: Grassy Terrain
|upkeep
|
|t:|1619266844
|switch|p2a: Flapple|Flapple, F|100/100
|turn|6
|
|t:|1619266876
|switch|p1a: Xatu|Xatu, M|100/100
|move|p2a: Flapple|U-turn|p1a: Xatu
|-damage|p1a: Xatu|61/100
|-damage|p2a: Flapple|91/100|[from] item: Life Orb
|
|t:|1619266882
|switch|p2a: Gigalith|Gigalith, F|100/100|[from]move: U-turn
|-weather|Sandstorm|[from] ability: Sand Stream|[of] p2a: Gigalith
|
|-weather|Sandstorm|[upkeep]
|-damage|p1a: Xatu|55/100|[from] Sandstorm
|upkeep
|turn|7
|
|t:|1619266892
|move|p1a: Xatu|Roost|p1a: Xatu
|-heal|p1a: Xatu|100/100
|-singleturn|p1a: Xatu|move: Roost
|move|p2a: Gigalith|Rock Blast|p1a: Xatu
|-damage|p1a: Xatu|89/100
|-damage|p1a: Xatu|79/100
|-hitcount|p1a: Xatu|2
|
|-weather|Sandstorm|[upkeep]
|-damage|p1a: Xatu|73/100|[from] Sandstorm
|upkeep
|turn|8
|
|t:|1619266902
|move|p1a: Xatu|Roost|p1a: Xatu
|-heal|p1a: Xatu|100/100
|-singleturn|p1a: Xatu|move: Roost
|move|p2a: Gigalith|Rock Blast|p1a: Xatu
|-damage|p1a: Xatu|90/100
|-damage|p1a: Xatu|80/100
|-damage|p1a: Xatu|70/100
|-hitcount|p1a: Xatu|3
|
|-weather|Sandstorm|[upkeep]
|-damage|p1a: Xatu|64/100|[from] Sandstorm
|upkeep
|turn|9
|
|t:|1619266905
|move|p1a: Xatu|Roost|p1a: Xatu
|-heal|p1a: Xatu|100/100
|-singleturn|p1a: Xatu|move: Roost
|move|p2a: Gigalith|Rock Blast|p1a: Xatu
|-damage|p1a: Xatu|90/100
|-damage|p1a: Xatu|79/100
|-damage|p1a: Xatu|68/100
|-hitcount|p1a: Xatu|3
|
|-weather|Sandstorm|[upkeep]
|-damage|p1a: Xatu|62/100|[from] Sandstorm
|upkeep
|turn|10
|
|t:|1619266909
|move|p1a: Xatu|Roost|p1a: Xatu
|-heal|p1a: Xatu|100/100
|-singleturn|p1a: Xatu|move: Roost
|move|p2a: Gigalith|Rock Blast|p1a: Xatu
|-damage|p1a: Xatu|90/100
|-damage|p1a: Xatu|80/100
|-hitcount|p1a: Xatu|2
|
|-weather|none
|upkeep
|turn|11
|
|t:|1619266917
|switch|p1a: Regirock|Regirock|61/100
|move|p2a: Gigalith|Rock Blast|p1a: Regirock|[miss]
|-miss|p2a: Gigalith|p1a: Regirock
|
|-heal|p1a: Regirock|67/100|[from] item: Leftovers
|upkeep
|turn|12
|
|t:|1619266924
|switch|p2a: Flapple|Flapple, F|91/100
|move|p1a: Regirock|Body Press|p2a: Flapple
|-damage|p2a: Flapple|23/100
|
|-heal|p1a: Regirock|73/100|[from] item: Leftovers
|upkeep
|turn|13
|
|t:|1619266931
|switch|p1a: Garbodor|Garbodor, F|100/100
|move|p2a: Flapple|Grav Apple|p1a: Garbodor
|-resisted|p1a: Garbodor
|-damage|p1a: Garbodor|56/100
|-unboost|p1a: Garbodor|def|1
|-damage|p2a: Flapple|13/100|[from] item: Life Orb
|
|-heal|p1a: Garbodor|63/100|[from] item: Black Sludge
|upkeep
|turn|14
|
|t:|1619266955
|move|p2a: Flapple|Grav Apple|p1a: Garbodor
|-resisted|p1a: Garbodor
|-damage|p1a: Garbodor|0 fnt
|-damage|p2a: Flapple|3/100|[from] item: Life Orb
|faint|p1a: Garbodor
|
|upkeep
|
|t:|1619266962
|switch|p1a: Thwackey|Thwackey, M|100/100
|-fieldstart|move: Grassy Terrain|[from] ability: Grassy Surge|[of] p1a: Thwackey
|turn|15
|
|t:|1619266979
|switch|p2a: Golbat|Golbat, F|44/100
|move|p1a: Thwackey|Swords Dance|p1a: Thwackey
|-boost|p1a: Thwackey|atk|2
|
|upkeep
|turn|16
|
|t:|1619266985
|move|p2a: Golbat|Roost|p2a: Golbat
|-heal|p2a: Golbat|94/100
|-singleturn|p2a: Golbat|move: Roost
|move|p1a: Thwackey|Knock Off|p2a: Golbat
|-damage|p2a: Golbat|43/100
|-enditem|p2a: Golbat|Eviolite|[from] move: Knock Off|[of] p1a: Thwackey
|-damage|p1a: Thwackey|91/100|[from] item: Life Orb
|
|-heal|p2a: Golbat|49/100|[from] Grassy Terrain
|-heal|p1a: Thwackey|97/100|[from] Grassy Terrain
|upkeep
|turn|17
|
|t:|1619266997
|switch|p1a: Regirock|Regirock|73/100
|move|p2a: Golbat|Roost|p2a: Golbat
|-heal|p2a: Golbat|99/100
|-singleturn|p2a: Golbat|move: Roost
|
|-heal|p2a: Golbat|100/100|[from] Grassy Terrain
|-heal|p1a: Regirock|79/100|[from] Grassy Terrain
|-heal|p1a: Regirock|85/100|[from] item: Leftovers
|upkeep
|turn|18
|
|t:|1619267000
|move|p2a: Golbat|U-turn|p1a: Regirock
|-damage|p1a: Regirock|80/100
|
|t:|1619267003
|switch|p2a: Stunfisk|Stunfisk-Galar, F|100/100|[from]move: U-turn
|-start|p2a: Stunfisk|typechange|Grass|[from] ability: Mimicry
|move|p1a: Regirock|Stealth Rock|p2a: Stunfisk
|-sidestart|p2: fat flop|move: Stealth Rock
|
|-heal|p1a: Regirock|86/100|[from] Grassy Terrain
|-heal|p1a: Regirock|92/100|[from] item: Leftovers
|upkeep
|turn|19
|
|t:|1619267011
|move|p1a: Regirock|Toxic|p2a: Stunfisk
|-status|p2a: Stunfisk|tox
|move|p2a: Stunfisk|Snap Trap|p1a: Regirock
|-supereffective|p1a: Regirock
|-damage|p1a: Regirock|81/100
|-activate|p1a: Regirock|move: Snap Trap|[of] p2a: Stunfisk
|
|-heal|p1a: Regirock|87/100|[from] Grassy Terrain
|-heal|p1a: Regirock|93/100|[from] item: Leftovers
|-fieldend|move: Grassy Terrain
|-damage|p2a: Stunfisk|94/100 tox|[from] psn
|-damage|p1a: Regirock|81/100|[from] move: Snap Trap|[partiallytrapped]
|upkeep
|-activate|p2a: Stunfisk|ability: Mimicry
|-end|p2a: Stunfisk|typechange|[silent]
|turn|20
|
|t:|1619267018
|move|p1a: Regirock|Body Press|p2a: Stunfisk
|-supereffective|p2a: Stunfisk
|-crit|p2a: Stunfisk
|-damage|p2a: Stunfisk|19/100 tox
|move|p2a: Stunfisk|Yawn|p1a: Regirock
|-start|p1a: Regirock|move: Yawn|[of] p2a: Stunfisk
|
|-heal|p1a: Regirock|87/100|[from] item: Leftovers
|-heal|p2a: Stunfisk|25/100 tox|[from] item: Leftovers
|-damage|p2a: Stunfisk|12/100 tox|[from] psn
|-damage|p1a: Regirock|75/100|[from] move: Snap Trap|[partiallytrapped]
|upkeep
|turn|21
|
|t:|1619267038
|move|p2a: Stunfisk|Protect|p2a: Stunfisk
|-singleturn|p2a: Stunfisk|Protect
|move|p1a: Regirock|Rock Blast|p2a: Stunfisk
|-activate|p2a: Stunfisk|move: Protect
|
|-heal|p1a: Regirock|81/100|[from] item: Leftovers
|-heal|p2a: Stunfisk|19/100 tox|[from] item: Leftovers
|-damage|p2a: Stunfisk|0 fnt|[from] psn
|faint|p2a: Stunfisk
|-end|p1a: Regirock|Snap Trap|[partiallytrapped]|[silent]
|-end|p1a: Regirock|move: Yawn|[silent]
|-status|p1a: Regirock|slp
|upkeep
|
|t:|1619267050
|switch|p2a: Aromatisse|Aromatisse, F|100/100
|turn|22
|
|t:|1619267058
|cant|p1a: Regirock|slp
|move|p2a: Aromatisse|Moonblast|p1a: Regirock
|-damage|p1a: Regirock|51/100 slp
|
|-heal|p1a: Regirock|57/100 slp|[from] item: Leftovers
|upkeep
|turn|23
|
|t:|1619267063
|switch|p1a: Thwackey|Thwackey, M|97/100
|-fieldstart|move: Grassy Terrain|[from] ability: Grassy Surge|[of] p1a: Thwackey
|move|p2a: Aromatisse|Moonblast|p1a: Thwackey
|-damage|p1a: Thwackey|42/100
|
|-heal|p1a: Thwackey|48/100|[from] Grassy Terrain
|upkeep
|turn|24
|
|t:|1619267072
|switch|p1a: Gourgeist|Gourgeist-Small, M|84/100
|-item|p2a: Aromatisse|Heavy-Duty Boots|[from] ability: Frisk|[of] p1a: Gourgeist|[identify]
|move|p2a: Aromatisse|Moonblast|p1a: Gourgeist
|-damage|p1a: Gourgeist|25/100
|
|-heal|p1a: Gourgeist|31/100|[from] Grassy Terrain
|upkeep
|turn|25
|
|t:|1619267075
|switch|p2a: Golbat|Golbat, F|100/100
|-damage|p2a: Golbat|76/100|[from] Stealth Rock
|move|p1a: Gourgeist|Power Whip|p2a: Golbat
|-resisted|p2a: Golbat
|-damage|p2a: Golbat|49/100
|
|-heal|p1a: Gourgeist|37/100|[from] Grassy Terrain
|upkeep
|turn|26
|
|t:|1619267086
|switch|p1a: Regirock|Regirock|57/100 slp
|move|p2a: Golbat|Roost|p2a: Golbat
|-heal|p2a: Golbat|99/100
|-singleturn|p2a: Golbat|move: Roost
|
|-heal|p2a: Golbat|100/100|[from] Grassy Terrain
|-heal|p1a: Regirock|63/100 slp|[from] Grassy Terrain
|-heal|p1a: Regirock|69/100 slp|[from] item: Leftovers
|upkeep
|turn|27
|
|t:|1619267091
|move|p2a: Golbat|U-turn|p1a: Regirock
|-damage|p1a: Regirock|63/100 slp
|
|t:|1619267092
|switch|p2a: Aromatisse|Aromatisse, F|100/100|[from]move: U-turn
|cant|p1a: Regirock|slp
|
|-heal|p1a: Regirock|69/100 slp|[from] Grassy Terrain
|-heal|p1a: Regirock|75/100 slp|[from] item: Leftovers
|-fieldend|move: Grassy Terrain
|upkeep
|turn|28
|
|t:|1619267098
|switch|p1a: Xatu|Xatu, M|80/100
|move|p2a: Aromatisse|Moonblast|p1a: Xatu
|-damage|p1a: Xatu|36/100
|-unboost|p1a: Xatu|spa|1
|
|upkeep
|turn|29
|
|t:|1619267105
|switch|p2a: Gigalith|Gigalith, F|100/100
|-damage|p2a: Gigalith|88/100|[from] Stealth Rock
|-weather|Sandstorm|[from] ability: Sand Stream|[of] p2a: Gigalith
|move|p1a: Xatu|Roost|p1a: Xatu
|-heal|p1a: Xatu|86/100
|-singleturn|p1a: Xatu|move: Roost
|
|-weather|Sandstorm|[upkeep]
|-damage|p1a: Xatu|80/100|[from] Sandstorm
|-heal|p2a: Gigalith|94/100|[from] item: Leftovers
|upkeep
|turn|30
|
|t:|1619267112
|move|p1a: Xatu|Roost|p1a: Xatu
|-heal|p1a: Xatu|100/100
|-singleturn|p1a: Xatu|move: Roost
|move|p2a: Gigalith|Rock Blast|p1a: Xatu
|-damage|p1a: Xatu|89/100
|-damage|p1a: Xatu|79/100
|-damage|p1a: Xatu|69/100
|-hitcount|p1a: Xatu|3
|
|-weather|Sandstorm|[upkeep]
|-damage|p1a: Xatu|63/100|[from] Sandstorm
|-heal|p2a: Gigalith|100/100|[from] item: Leftovers
|upkeep
|turn|31
|
|t:|1619267114
|move|p1a: Xatu|Roost|p1a: Xatu
|-heal|p1a: Xatu|100/100
|-singleturn|p1a: Xatu|move: Roost
|move|p2a: Gigalith|Rock Blast|p1a: Xatu
|-damage|p1a: Xatu|89/100
|-damage|p1a: Xatu|78/100
|-hitcount|p1a: Xatu|2
|
|-weather|Sandstorm|[upkeep]
|-damage|p1a: Xatu|72/100|[from] Sandstorm
|upkeep
|turn|32
|
|t:|1619267117
|move|p1a: Xatu|Roost|p1a: Xatu
|-heal|p1a: Xatu|100/100
|-singleturn|p1a: Xatu|move: Roost
|move|p2a: Gigalith|Rock Blast|p1a: Xatu
|-damage|p1a: Xatu|90/100
|-damage|p1a: Xatu|79/100
|-damage|p1a: Xatu|69/100
|-damage|p1a: Xatu|59/100
|-damage|p1a: Xatu|48/100
|-hitcount|p1a: Xatu|5
|
|-weather|Sandstorm|[upkeep]
|-damage|p1a: Xatu|42/100|[from] Sandstorm
|upkeep
|turn|33
|
|t:|1619267123
|move|p1a: Xatu|Roost|p1a: Xatu
|-heal|p1a: Xatu|92/100
|-singleturn|p1a: Xatu|move: Roost
|move|p2a: Gigalith|Rock Blast|p1a: Xatu
|-damage|p1a: Xatu|82/100
|-damage|p1a: Xatu|71/100
|-damage|p1a: Xatu|61/100
|-hitcount|p1a: Xatu|3
|
|-weather|none
|upkeep
|turn|34
|
|t:|1619267127
|move|p1a: Xatu|Roost|p1a: Xatu
|-heal|p1a: Xatu|100/100
|-singleturn|p1a: Xatu|move: Roost
|move|p2a: Gigalith|Rock Blast|p1a: Xatu
|-damage|p1a: Xatu|89/100
|-damage|p1a: Xatu|79/100
|-damage|p1a: Xatu|68/100
|-damage|p1a: Xatu|57/100
|-damage|p1a: Xatu|47/100
|-hitcount|p1a: Xatu|5
|
|upkeep
|turn|35
|
|t:|1619267132
|switch|p2a: Aromatisse|Aromatisse, F|100/100
|move|p1a: Xatu|Roost|p1a: Xatu
|-heal|p1a: Xatu|97/100
|-singleturn|p1a: Xatu|move: Roost
|
|upkeep
|turn|36
|
|t:|1619267138
|move|p1a: Xatu|Thunder Wave|p2a: Aromatisse|[miss]
|-miss|p1a: Xatu|p2a: Aromatisse
|move|p2a: Aromatisse|Moonblast|p1a: Xatu
|-damage|p1a: Xatu|50/100
|
|upkeep
|turn|37
|
|t:|1619267141
|move|p1a: Xatu|Thunder Wave|p2a: Aromatisse
|-status|p2a: Aromatisse|par
|move|p2a: Aromatisse|Moonblast|p1a: Xatu
|-damage|p1a: Xatu|3/100
|
|upkeep
|turn|38
|
|t:|1619267144
|move|p1a: Xatu|Roost|p1a: Xatu
|-heal|p1a: Xatu|53/100
|-singleturn|p1a: Xatu|move: Roost
|move|p2a: Aromatisse|Heal Bell|p2a: Aromatisse
|-activate|p2a: Aromatisse|move: Heal Bell
|-curestatus|p2a: Aromatisse|par|[msg]
|
|upkeep
|turn|39
|
|t:|1619267150
|switch|p2a: Gigalith|Gigalith, F|100/100
|-damage|p2a: Gigalith|88/100|[from] Stealth Rock
|-weather|Sandstorm|[from] ability: Sand Stream|[of] p2a: Gigalith
|move|p1a: Xatu|Thunder Wave|p2a: Gigalith
|-status|p2a: Gigalith|par
|
|-weather|Sandstorm|[upkeep]
|-damage|p1a: Xatu|47/100|[from] Sandstorm
|-heal|p2a: Gigalith|94/100 par|[from] item: Leftovers
|upkeep
|turn|40
|
|t:|1619267155
|move|p1a: Xatu|Roost|p1a: Xatu
|-heal|p1a: Xatu|97/100
|-singleturn|p1a: Xatu|move: Roost
|move|p2a: Gigalith|Rock Blast|p1a: Xatu|[miss]
|-miss|p2a: Gigalith|p1a: Xatu
|
|-weather|Sandstorm|[upkeep]
|-damage|p1a: Xatu|91/100|[from] Sandstorm
|-heal|p2a: Gigalith|100/100 par|[from] item: Leftovers
|upkeep
|turn|41
|
|t:|1619267162
|switch|p1a: Regirock|Regirock|75/100 slp
|cant|p2a: Gigalith|par
|
|-weather|Sandstorm|[upkeep]
|-heal|p1a: Regirock|81/100 slp|[from] item: Leftovers
|upkeep
|turn|42
|
|t:|1619267166
|switch|p2a: Aromatisse|Aromatisse, F|100/100
|cant|p1a: Regirock|slp
|
|-weather|Sandstorm|[upkeep]
|-damage|p2a: Aromatisse|94/100|[from] Sandstorm
|-heal|p1a: Regirock|87/100 slp|[from] item: Leftovers
|upkeep
|turn|43
|
|t:|1619267170
|-curestatus|p1a: Regirock|slp|[msg]
|move|p1a: Regirock|Toxic|p2a: Aromatisse
|-status|p2a: Aromatisse|tox
|move|p2a: Aromatisse|Moonblast|p1a: Regirock
|-damage|p1a: Regirock|66/100
|
|-weather|none
|-heal|p1a: Regirock|72/100|[from] item: Leftovers
|-damage|p2a: Aromatisse|88/100 tox|[from] psn
|upkeep
|turn|44
|
|t:|1619267179
|move|p1a: Regirock|Rock Blast|p2a: Aromatisse
|-damage|p2a: Aromatisse|81/100 tox
|-damage|p2a: Aromatisse|75/100 tox
|-damage|p2a: Aromatisse|68/100 tox
|-hitcount|p2a: Aromatisse|3
|move|p2a: Aromatisse|Heal Bell|p2a: Aromatisse
|-activate|p2a: Aromatisse|move: Heal Bell
|-curestatus|p2a: Aromatisse|tox|[msg]
|-curestatus|p2: Gigalith|par|[msg]
|
|-heal|p1a: Regirock|79/100|[from] item: Leftovers
|upkeep
|turn|45
|
|t:|1619267187
|move|p1a: Regirock|Toxic|p2a: Aromatisse
|-status|p2a: Aromatisse|tox
|move|p2a: Aromatisse|Moonblast|p1a: Regirock
|-damage|p1a: Regirock|48/100
|
|-heal|p1a: Regirock|54/100|[from] item: Leftovers
|-damage|p2a: Aromatisse|62/100 tox|[from] psn
|upkeep
|turn|46
|
|t:|1619267198
|switch|p1a: Xatu|Xatu, M|91/100
|move|p2a: Aromatisse|Wish|p2a: Aromatisse
|
|-damage|p2a: Aromatisse|49/100 tox|[from] psn
|upkeep
|turn|47
|
|t:|1619267206
|move|p1a: Xatu|Psychic|p2a: Aromatisse
|-damage|p2a: Aromatisse|23/100 tox
|move|p2a: Aromatisse|Heal Bell|p2a: Aromatisse
|-activate|p2a: Aromatisse|move: Heal Bell
|-curestatus|p2a: Aromatisse|tox|[msg]
|
|-heal|p2a: Aromatisse|73/100|[from] move: Wish|[wisher] Aromatisse
|upkeep
|turn|48
|
|t:|1619267210
|move|p1a: Xatu|Psychic|p2a: Aromatisse
|-damage|p2a: Aromatisse|47/100
|move|p2a: Aromatisse|Moonblast|p1a: Xatu
|-damage|p1a: Xatu|45/100
|
|upkeep
|turn|49
|
|t:|1619267214
|move|p1a: Xatu|Psychic|p2a: Aromatisse
|-damage|p2a: Aromatisse|21/100
|move|p2a: Aromatisse|Wish|p2a: Aromatisse
|
|upkeep
|turn|50
|
|t:|1619267218
|move|p2a: Aromatisse|Protect|p2a: Aromatisse
|-singleturn|p2a: Aromatisse|Protect
|move|p1a: Xatu|Roost|p1a: Xatu
|-heal|p1a: Xatu|95/100
|-singleturn|p1a: Xatu|move: Roost
|
|-heal|p2a: Aromatisse|71/100|[from] move: Wish|[wisher] Aromatisse
|upkeep
|turn|51
|
|t:|1619267221
|move|p1a: Xatu|Psychic|p2a: Aromatisse
|-damage|p2a: Aromatisse|45/100
|move|p2a: Aromatisse|Wish|p2a: Aromatisse
|
|upkeep
|turn|52
|
|t:|1619267224
|move|p1a: Xatu|Thunder Wave|p2a: Aromatisse
|-status|p2a: Aromatisse|par
|cant|p2a: Aromatisse|par
|
|-heal|p2a: Aromatisse|95/100 par|[from] move: Wish|[wisher] Aromatisse
|upkeep
|turn|53
|
|t:|1619267229
|move|p1a: Xatu|Psychic|p2a: Aromatisse
|-damage|p2a: Aromatisse|65/100 par
|move|p2a: Aromatisse|Wish|p2a: Aromatisse
|
|upkeep
|turn|54
|
|t:|1619267232
|move|p1a: Xatu|Psychic|p2a: Aromatisse
|-damage|p2a: Aromatisse|37/100 par
|move|p2a: Aromatisse|Moonblast|p1a: Xatu
|-damage|p1a: Xatu|54/100
|
|-heal|p2a: Aromatisse|87/100 par|[from] move: Wish|[wisher] Aromatisse
|upkeep
|turn|55
|
|t:|1619267236
|move|p1a: Xatu|Psychic|p2a: Aromatisse
|-damage|p2a: Aromatisse|60/100 par
|-unboost|p2a: Aromatisse|spd|1
|move|p2a: Aromatisse|Moonblast|p1a: Xatu
|-damage|p1a: Xatu|12/100
|
|upkeep
|turn|56
|
|t:|1619267240
|switch|p2a: Gigalith|Gigalith, F|100/100
|-damage|p2a: Gigalith|88/100|[from] Stealth Rock
|-weather|Sandstorm|[from] ability: Sand Stream|[of] p2a: Gigalith
|move|p1a: Xatu|Psychic|p2a: Gigalith
|-damage|p2a: Gigalith|73/100
|
|-weather|Sandstorm|[upkeep]
|-damage|p1a: Xatu|6/100|[from] Sandstorm
|-heal|p2a: Gigalith|79/100|[from] item: Leftovers
|upkeep
|turn|57
|
|t:|1619267246
|move|p1a: Xatu|Roost|p1a: Xatu
|-heal|p1a: Xatu|56/100
|-singleturn|p1a: Xatu|move: Roost
|move|p2a: Gigalith|Rock Blast|p1a: Xatu
|-damage|p1a: Xatu|45/100
|-damage|p1a: Xatu|35/100
|-hitcount|p1a: Xatu|2
|
|-weather|Sandstorm|[upkeep]
|-damage|p1a: Xatu|29/100|[from] Sandstorm
|-heal|p2a: Gigalith|85/100|[from] item: Leftovers
|upkeep
|turn|58
|
|t:|1619267251
|move|p1a: Xatu|Roost|p1a: Xatu
|-heal|p1a: Xatu|79/100
|-singleturn|p1a: Xatu|move: Roost
|move|p2a: Gigalith|Rock Blast|p1a: Xatu
|-damage|p1a: Xatu|68/100
|-damage|p1a: Xatu|56/100
|-damage|p1a: Xatu|45/100
|-hitcount|p1a: Xatu|3
|
|-weather|Sandstorm|[upkeep]
|-damage|p1a: Xatu|39/100|[from] Sandstorm
|-heal|p2a: Gigalith|91/100|[from] item: Leftovers
|upkeep
|turn|59
|
|t:|1619267256
|switch|p1a: Regirock|Regirock|54/100
|move|p2a: Gigalith|Rock Blast|p1a: Regirock
|-damage|p1a: Regirock|50/100
|-damage|p1a: Regirock|45/100
|-damage|p1a: Regirock|41/100
|-damage|p1a: Regirock|36/100
|-hitcount|p1a: Regirock|4
|
|-weather|Sandstorm|[upkeep]
|-heal|p1a: Regirock|43/100|[from] item: Leftovers
|-heal|p2a: Gigalith|97/100|[from] item: Leftovers
|upkeep
|turn|60
|
|t:|1619267267
|switch|p1a: Gourgeist|Gourgeist-Small, M|37/100
|-item|p2a: Gigalith|Leftovers|[from] ability: Frisk|[of] p1a: Gourgeist|[identify]
|switch|p2a: Flapple|Flapple, F|3/100
|-damage|p2a: Flapple|0 fnt|[from] Stealth Rock
|faint|p2a: Flapple
|
|-weather|none
|upkeep
|
|t:|1619267269
|switch|p2a: Golbat|Golbat, F|100/100
|-damage|p2a: Golbat|76/100|[from] Stealth Rock
|turn|61
|
|t:|1619267276
|switch|p1a: Xatu|Xatu, M|39/100
|move|p2a: Golbat|Defog|p1a: Xatu
|move|p1a: Xatu|Defog|p2a: Golbat|[from]ability: Magic Bounce
|-unboost|p2a: Golbat|evasion|1
|-sideend|p2: fat flop|Stealth Rock|[from] move: Defog|[of] p1a: Xatu
|
|upkeep
|turn|62
|
|t:|1619267288
|switch|p2a: Gigalith|Gigalith, F|97/100
|-weather|Sandstorm|[from] ability: Sand Stream|[of] p2a: Gigalith
|move|p1a: Xatu|Psychic|p2a: Gigalith
|-damage|p2a: Gigalith|82/100
|
|-weather|Sandstorm|[upkeep]
|-damage|p1a: Xatu|33/100|[from] Sandstorm
|-heal|p2a: Gigalith|88/100|[from] item: Leftovers
|upkeep
|turn|63
|
|t:|1619267315
|switch|p1a: Thievul|Thievul, F|100/100
|move|p2a: Gigalith|Protect||[still]
|-fail|p2a: Gigalith
|
|-weather|Sandstorm|[upkeep]
|-damage|p1a: Thievul|94/100|[from] Sandstorm
|-heal|p2a: Gigalith|94/100|[from] item: Leftovers
|upkeep
|turn|64
|
|t:|1619267327
|switch|p1a: Xatu|Xatu, M|33/100
|switch|p2a: Aromatisse|Aromatisse, F|60/100 par
|
|-weather|Sandstorm|[upkeep]
|-damage|p1a: Xatu|27/100|[from] Sandstorm
|-damage|p2a: Aromatisse|53/100 par|[from] Sandstorm
|upkeep
|turn|65
|
|t:|1619267333
|move|p1a: Xatu|Psychic|p2a: Aromatisse
|-damage|p2a: Aromatisse|28/100 par
|move|p2a: Aromatisse|Wish|p2a: Aromatisse
|
|-weather|Sandstorm|[upkeep]
|-damage|p1a: Xatu|21/100|[from] Sandstorm
|-damage|p2a: Aromatisse|22/100 par|[from] Sandstorm
|upkeep
|turn|66
|
|t:|1619267339
|move|p2a: Aromatisse|Protect|p2a: Aromatisse
|-singleturn|p2a: Aromatisse|Protect
|move|p1a: Xatu|Psychic|p2a: Aromatisse
|-activate|p2a: Aromatisse|move: Protect
|
|-weather|none
|-heal|p2a: Aromatisse|72/100 par|[from] move: Wish|[wisher] Aromatisse
|upkeep
|turn|67
|
|t:|1619267348
|move|p1a: Xatu|Psychic|p2a: Aromatisse
|-damage|p2a: Aromatisse|44/100 par
|move|p2a: Aromatisse|Heal Bell|p2a: Aromatisse
|-activate|p2a: Aromatisse|move: Heal Bell
|-curestatus|p2a: Aromatisse|par|[msg]
|
|upkeep
|turn|68
|
|t:|1619267352
|move|p1a: Xatu|Psychic|p2a: Aromatisse
|-damage|p2a: Aromatisse|17/100
|move|p2a: Aromatisse|Wish|p2a: Aromatisse
|
|upkeep
|turn|69
|
|t:|1619267357
|switch|p1a: Thwackey|Thwackey, M|48/100
|-fieldstart|move: Grassy Terrain|[from] ability: Grassy Surge|[of] p1a: Thwackey
|move|p2a: Aromatisse|Protect||[still]
|-fail|p2a: Aromatisse
|
|-heal|p2a: Aromatisse|67/100|[from] move: Wish|[wisher] Aromatisse
|-heal|p1a: Thwackey|54/100|[from] Grassy Terrain
|-heal|p2a: Aromatisse|73/100|[from] Grassy Terrain
|upkeep
|turn|70
|
|t:|1619267391
|switch|p1a: Thievul|Thievul, F|94/100
|-enditem|p1a: Thievul|Grassy Seed
|-boost|p1a: Thievul|def|1|[from] item: Grassy Seed
|switch|p2a: Golbat|Golbat, F|76/100
|
|-heal|p1a: Thievul|100/100|[from] Grassy Terrain
|upkeep
|turn|71
|
|t:|1619267395
|move|p1a: Thievul|Nasty Plot|p1a: Thievul
|-boost|p1a: Thievul|spa|2
|move|p2a: Golbat|U-turn|p1a: Thievul
|-supereffective|p1a: Thievul
|-damage|p1a: Thievul|69/100
|
|t:|1619267398
|switch|p2a: Gigalith|Gigalith, F|94/100|[from]move: U-turn
|-weather|Sandstorm|[from] ability: Sand Stream|[of] p2a: Gigalith
|
|-weather|Sandstorm|[upkeep]
|-damage|p1a: Thievul|63/100|[from] Sandstorm
|-heal|p1a: Thievul|69/100|[from] Grassy Terrain
|-heal|p2a: Gigalith|99/100|[from] Grassy Terrain
|-heal|p2a: Gigalith|100/100|[from] item: Leftovers
|upkeep
|turn|72
|
|t:|1619267412
|switch|p2a: Golbat|Golbat, F|76/100
|move|p1a: Thievul|Dark Pulse|p2a: Golbat
|-damage|p2a: Golbat|0 fnt
|faint|p2a: Golbat
|
|-weather|Sandstorm|[upkeep]
|-damage|p1a: Thievul|63/100|[from] Sandstorm
|-heal|p1a: Thievul|69/100|[from] Grassy Terrain
|upkeep
|
|t:|1619267416
|switch|p2a: Aromatisse|Aromatisse, F|73/100
|turn|73
|
|t:|1619267423
|move|p1a: Thievul|Psychic|p2a: Aromatisse
|-damage|p2a: Aromatisse|20/100
|-unboost|p2a: Aromatisse|spd|1
|move|p2a: Aromatisse|Moonblast|p1a: Thievul
|-supereffective|p1a: Thievul
|-damage|p1a: Thievul|0 fnt
|faint|p1a: Thievul
|
|-weather|Sandstorm|[upkeep]
|-damage|p2a: Aromatisse|14/100|[from] Sandstorm
|-heal|p2a: Aromatisse|20/100|[from] Grassy Terrain
|-fieldend|move: Grassy Terrain
|upkeep
|
|t:|1619267436
|switch|p1a: Thwackey|Thwackey, M|54/100
|-fieldstart|move: Grassy Terrain|[from] ability: Grassy Surge|[of] p1a: Thwackey
|turn|74
|
|t:|1619267440
|move|p1a: Thwackey|Grassy Glide|p2a: Aromatisse
|-damage|p2a: Aromatisse|0 fnt
|-damage|p1a: Thwackey|44/100|[from] item: Life Orb
|faint|p2a: Aromatisse
|
|-weather|Sandstorm|[upkeep]
|-damage|p1a: Thwackey|38/100|[from] Sandstorm
|-heal|p1a: Thwackey|44/100|[from] Grassy Terrain
|upkeep
|
|t:|1619267441
|switch|p2a: Gigalith|Gigalith, F|100/100
|turn|75
|
|t:|1619267446
|move|p1a: Thwackey|Grassy Glide|p2a: Gigalith
|-supereffective|p2a: Gigalith
|-damage|p2a: Gigalith|27/100
|-damage|p1a: Thwackey|34/100|[from] item: Life Orb
|move|p2a: Gigalith|Rock Blast|p1a: Thwackey
|-damage|p1a: Thwackey|15/100
|-damage|p1a: Thwackey|0 fnt
|-hitcount|p1a: Thwackey|2
|faint|p1a: Thwackey
|
|-weather|none
|-heal|p2a: Gigalith|33/100|[from] Grassy Terrain
|-heal|p2a: Gigalith|39/100|[from] item: Leftovers
|upkeep
|
|t:|1619267449
|switch|p1a: Gourgeist|Gourgeist-Small, M|37/100
|-item|p2a: Gigalith|Leftovers|[from] ability: Frisk|[of] p1a: Gourgeist|[identify]
|turn|76
|c|☆Toxicidad fuera|gg
|
|t:|1619267453
|move|p1a: Gourgeist|Grassy Glide|p2a: Gigalith
|-supereffective|p2a: Gigalith
|-damage|p2a: Gigalith|0 fnt
|faint|p2a: Gigalith
|
|win|Toxicidad fuera
|raw|Toxicidad fuera's rating: 1490 &rarr; <strong>1516</strong><br />(+26 for winning)
|raw|fat flop's rating: 1594 &rarr; <strong>1568</strong><br />(-26 for losing)
|c|☆fat flop|gg
|l|☆fat flop
