|j|☆PatternlessPlate
|j|☆JoJo Reference #11
|t:|1666491801
|gametype|singles
|player|p1|PatternlessPlate|depotagent|1148
|player|p2|JoJo Reference #11|2|1294
|teamsize|p1|6
|teamsize|p2|6
|gen|8
|tier|[Gen 8] PU
|rated|
|rule|Sleep Clause Mod: Limit one foe put to sleep
|rule|Species Clause: Limit one of each Pokémon
|rule|OHKO Clause: OHKO moves are banned
|rule|Evasion Items Clause: Evasion items are banned
|rule|Evasion Moves Clause: Evasion moves are banned
|rule|Endless Battle Clause: Forcing endless battles is banned
|rule|HP Percentage Mod: HP is shown in percentages
|rule|Dynamax Clause: You cannot dynamax
|clearpoke
|poke|p1|Charizard, F|
|poke|p1|Scrafty, M|
|poke|p1|Ribombee, F|
|poke|p1|Claydol|
|poke|p1|Articuno|
|poke|p1|Garbodor, M|
|poke|p2|Scrafty, M|
|poke|p2|Frosmoth, F|
|poke|p2|Gigalith, M|
|poke|p2|Sandslash, M|
|poke|p2|Silvally-*|
|poke|p2|Tangela, M|
|teampreview
|inactive|Battle timer is ON: inactive players will automatically lose when time's up. (requested by PatternlessPlate)
|
|t:|1666491810
|start
|switch|p1a: Garbodor|Garbodor, M|100/100
|switch|p2a: Gigalith|Gigalith, M|100/100
|-weather|Sandstorm|[from] ability: Sand Stream|[of] p2a: Gigalith
|turn|1
|c|☆PatternlessPlate|glhf
|c|☆JoJo Reference #11|u2
|
|t:|1666491821
|move|p1a: Garbodor|Stomping Tantrum|p2a: Gigalith
|-supereffective|p2a: Gigalith
|-damage|p2a: Gigalith|67/100
|move|p2a: Gigalith|Stealth Rock|p1a: Garbodor
|-sidestart|p1: PatternlessPlate|move: Stealth Rock
|
|-weather|Sandstorm|[upkeep]
|-damage|p1a: Garbodor|94/100|[from] Sandstorm
|-heal|p2a: Gigalith|73/100|[from] item: Leftovers
|upkeep
|turn|2
|
|t:|1666491825
|move|p2a: Gigalith|Protect|p2a: Gigalith
|-singleturn|p2a: Gigalith|Protect
|move|p1a: Garbodor|Stomping Tantrum|p2a: Gigalith
|-activate|p2a: Gigalith|move: Protect
|
|-weather|Sandstorm|[upkeep]
|-damage|p1a: Garbodor|88/100|[from] Sandstorm
|-heal|p2a: Gigalith|80/100|[from] item: Leftovers
|upkeep
|turn|3
|
|t:|1666491830
|switch|p2a: Sandslash|Sandslash, M|100/100
|move|p1a: Garbodor|Stomping Tantrum|p2a: Sandslash
|-crit|p2a: Sandslash
|-damage|p2a: Sandslash|66/100
|
|-weather|Sandstorm|[upkeep]
|-damage|p1a: Garbodor|82/100|[from] Sandstorm
|upkeep
|turn|4
|
|t:|1666491836
|move|p2a: Sandslash|Earthquake|p1a: Garbodor
|-supereffective|p1a: Garbodor
|-damage|p1a: Garbodor|0 fnt
|faint|p1a: Garbodor
|
|-weather|Sandstorm|[upkeep]
|upkeep
|
|t:|1666491842
|switch|p1a: Claydol|Claydol|100/100
|-damage|p1a: Claydol|94/100|[from] Stealth Rock
|turn|5
|
|t:|1666491849
|move|p2a: Sandslash|Knock Off|p1a: Claydol
|-supereffective|p1a: Claydol
|-enditem|p1a: Claydol|Colbur Berry|[eat]
|-enditem|p1a: Claydol|Colbur Berry|[weaken]
|-damage|p1a: Claydol|71/100
|move|p1a: Claydol|Stealth Rock|p2a: Sandslash
|-sidestart|p2: JoJo Reference #11|move: Stealth Rock
|
|-weather|none
|upkeep
|turn|6
|
|t:|1666491869
|move|p2a: Sandslash|Rapid Spin|p1a: Claydol
|-damage|p1a: Claydol|59/100
|-boost|p2a: Sandslash|spe|1
|-sideend|p2: JoJo Reference #11|Stealth Rock|[from] move: Rapid Spin|[of] p2a: Sandslash
|move|p1a: Claydol|Teleport|p1a: Claydol
|
|t:|1666491876
|switch|p1a: Scrafty|Scrafty, M|100/100|[from]move: Teleport
|-damage|p1a: Scrafty|95/100|[from] Stealth Rock
|
|-heal|p1a: Scrafty|100/100|[from] item: Leftovers
|upkeep
|turn|7
|
|t:|1666491879
|switch|p2a: Silvally|Silvally-Fairy|100/100
|move|p1a: Scrafty|Bulk Up|p1a: Scrafty
|-boost|p1a: Scrafty|atk|1
|-boost|p1a: Scrafty|def|1
|
|upkeep
|turn|8
|
|t:|1666491885
|switch|p1a: Charizard|Charizard, F|100/100
|move|p2a: Silvally|Multi-Attack|p1a: Charizard
|-resisted|p1a: Charizard
|-damage|p1a: Charizard|67/100
|
|upkeep
|turn|9
|
|t:|1666491887
|switch|p2a: Gigalith|Gigalith, M|80/100
|-weather|Sandstorm|[from] ability: Sand Stream|[of] p2a: Gigalith
|move|p1a: Charizard|Defog|p2a: Gigalith
|-unboost|p2a: Gigalith|evasion|1
|-sideend|p1: PatternlessPlate|Stealth Rock|[from] move: Defog|[of] p1a: Charizard
|
|-weather|Sandstorm|[upkeep]
|-damage|p1a: Charizard|61/100|[from] Sandstorm
|-heal|p2a: Gigalith|86/100|[from] item: Leftovers
|upkeep
|turn|10
|
|t:|1666491891
|switch|p1a: Scrafty|Scrafty, M|100/100
|move|p2a: Gigalith|Stealth Rock|p1a: Scrafty
|-sidestart|p1: PatternlessPlate|move: Stealth Rock
|
|-weather|Sandstorm|[upkeep]
|-damage|p1a: Scrafty|95/100|[from] Sandstorm
|-heal|p1a: Scrafty|100/100|[from] item: Leftovers
|-heal|p2a: Gigalith|92/100|[from] item: Leftovers
|upkeep
|turn|11
|
|t:|1666491896
|switch|p2a: Silvally|Silvally-Fairy|100/100
|move|p1a: Scrafty|Bulk Up|p1a: Scrafty
|-boost|p1a: Scrafty|atk|1
|-boost|p1a: Scrafty|def|1
|
|-weather|Sandstorm|[upkeep]
|-damage|p2a: Silvally|94/100|[from] Sandstorm
|-damage|p1a: Scrafty|95/100|[from] Sandstorm
|-heal|p1a: Scrafty|100/100|[from] item: Leftovers
|upkeep
|turn|12
|
|t:|1666491902
|switch|p1a: Claydol|Claydol|59/100
|-damage|p1a: Claydol|53/100|[from] Stealth Rock
|move|p2a: Silvally|Multi-Attack|p1a: Claydol
|-damage|p1a: Claydol|15/100
|
|-weather|Sandstorm|[upkeep]
|-damage|p2a: Silvally|88/100|[from] Sandstorm
|upkeep
|turn|13
|
|t:|1666491905
|move|p2a: Silvally|U-turn|p1a: Claydol
|-supereffective|p1a: Claydol
|-crit|p1a: Claydol
|-damage|p1a: Claydol|0 fnt
|faint|p1a: Claydol
|
|t:|1666491908
|switch|p2a: Tangela|Tangela, M|100/100|[from]move: U-turn
|
|-weather|none
|upkeep
|
|t:|1666491922
|switch|p1a: Articuno|Articuno|100/100
|-ability|p1a: Articuno|Pressure
|turn|14
|
|t:|1666491938
|switch|p2a: Gigalith|Gigalith, M|92/100
|-weather|Sandstorm|[from] ability: Sand Stream|[of] p2a: Gigalith
|move|p1a: Articuno|Freeze-Dry|p2a: Gigalith
|-damage|p2a: Gigalith|81/100
|
|-weather|Sandstorm|[upkeep]
|-damage|p1a: Articuno|94/100|[from] Sandstorm
|-heal|p2a: Gigalith|87/100|[from] item: Leftovers
|upkeep
|turn|15
|
|t:|1666491948
|move|p1a: Articuno|Defog|p2a: Gigalith
|-unboost|p2a: Gigalith|evasion|1
|-sideend|p1: PatternlessPlate|Stealth Rock|[from] move: Defog|[of] p1a: Articuno
|move|p2a: Gigalith|Rock Blast|p1a: Articuno
|-supereffective|p1a: Articuno
|-damage|p1a: Articuno|49/100
|-supereffective|p1a: Articuno
|-damage|p1a: Articuno|8/100
|-hitcount|p1a: Articuno|2
|
|-weather|Sandstorm|[upkeep]
|-damage|p1a: Articuno|2/100|[from] Sandstorm
|-heal|p2a: Gigalith|94/100|[from] item: Leftovers
|upkeep
|turn|16
|
|t:|1666491951
|move|p1a: Articuno|Freeze-Dry|p2a: Gigalith
|-damage|p2a: Gigalith|83/100
|move|p2a: Gigalith|Stealth Rock|p1a: Articuno
|-sidestart|p1: PatternlessPlate|move: Stealth Rock
|
|-weather|Sandstorm|[upkeep]
|-damage|p1a: Articuno|0 fnt|[from] Sandstorm
|faint|p1a: Articuno
|-heal|p2a: Gigalith|89/100|[from] item: Leftovers
|upkeep
|
|t:|1666491954
|switch|p1a: Scrafty|Scrafty, M|100/100
|-damage|p1a: Scrafty|95/100|[from] Stealth Rock
|turn|17
|
|t:|1666491958
|switch|p1a: Ribombee|Ribombee, F|100/100
|-damage|p1a: Ribombee|76/100|[from] Stealth Rock
|switch|p2a: Silvally|Silvally-Fairy|88/100
|
|-weather|Sandstorm|[upkeep]
|-damage|p1a: Ribombee|69/100|[from] Sandstorm
|-damage|p2a: Silvally|82/100|[from] Sandstorm
|upkeep
|turn|18
|
|t:|1666491963
|switch|p2a: Frosmoth|Frosmoth, F|100/100
|move|p1a: Ribombee|Moonblast|p2a: Frosmoth
|-damage|p2a: Frosmoth|73/100
|
|-weather|none
|upkeep
|turn|19
|
|t:|1666491966
|move|p1a: Ribombee|U-turn|p2a: Frosmoth
|-damage|p2a: Frosmoth|48/100
|
|t:|1666491968
|switch|p1a: Charizard|Charizard, F|61/100|[from]move: U-turn
|move|p2a: Frosmoth|Quiver Dance|p2a: Frosmoth
|-boost|p2a: Frosmoth|spa|1
|-boost|p2a: Frosmoth|spd|1
|-boost|p2a: Frosmoth|spe|1
|
|upkeep
|turn|20
|
|t:|1666491970
|move|p2a: Frosmoth|Ice Beam|p1a: Charizard
|-damage|p1a: Charizard|0 fnt
|faint|p1a: Charizard
|
|upkeep
|-message|PatternlessPlate forfeited.
|
|win|JoJo Reference #11
|raw|PatternlessPlate's rating: 1148 &rarr; <strong>1133</strong><br />(-15 for losing)
|raw|JoJo Reference #11's rating: 1294 &rarr; <strong>1309</strong><br />(+15 for winning)
|l|☆PatternlessPlate
