|j|☆Parm Cheese 15
|j|☆Haffling
|t:|1659205499
|gametype|singles
|player|p1|Parm Cheese 15|169|
|player|p2|Haffling|cyrus|
|teamsize|p1|6
|teamsize|p2|6
|gen|8
|tier|[Gen 8] PU
|rated|Tournament battle
|rule|Sleep Clause Mod: Limit one foe put to sleep
|rule|Species Clause: Limit one of each Pokémon
|rule|OHKO Clause: OHKO moves are banned
|rule|Evasion Moves Clause: Evasion moves are banned
|rule|Endless Battle Clause: Forcing endless battles is banned
|rule|HP Percentage Mod: HP is shown in percentages
|rule|Dynamax Clause: You cannot dynamax
|clearpoke
|poke|p1|Rotom|
|poke|p1|Ribombee, F|
|poke|p1|Garbodor, F|
|poke|p1|Regirock|
|poke|p1|Eldegoss, M|
|poke|p1|Togedemaru, M|
|poke|p2|Scyther, M|
|poke|p2|Magneton|
|poke|p2|Wishiwashi, F|
|poke|p2|Gigalith, M|
|poke|p2|Sandslash, M|
|poke|p2|Ribombee, M|
|teampreview
|j| overkillgamer
|j| thebestever543
|c| thebestever543|gl hf
|c| overkillgamer|Let's go parm cheese
|c| overkillgamer|Glhf
|j| Conor3197❤☁☆
|j| suloxiv ✿
|inactive|Battle timer is ON: inactive players will automatically lose when time's up. (requested by Haffling)
|j|+Jungle Fox
|inactive|Parm Cheese 15 has 120 seconds left.
|
|t:|1659205599
|start
|switch|p1a: Rotom|Rotom|100/100
|switch|p2a: Wishiwashi|Wishiwashi, F|100/100
|-formechange|p2a: Wishiwashi|Wishiwashi-School||[from] ability: Schooling
|turn|1
|inactive|Parm Cheese 15 has 120 seconds left.
|
|t:|1659205649
|switch|p2a: Gigalith|Gigalith, M|100/100
|-weather|Sandstorm|[from] ability: Sand Stream|[of] p2a: Gigalith
|move|p1a: Rotom|Volt Switch|p2a: Gigalith
|-damage|p2a: Gigalith|83/100
|inactive|Parm Cheese 15 has 90 seconds left.
|
|t:|1659205667
|switch|p1a: Eldegoss|Eldegoss, M|100/100|[from]move: Volt Switch
|
|-weather|Sandstorm|[upkeep]
|-damage|p1a: Eldegoss|94/100|[from] Sandstorm
|-heal|p2a: Gigalith|90/100|[from] item: Leftovers
|upkeep
|turn|2
|
|t:|1659205676
|switch|p2a: Wishiwashi|Wishiwashi, F|100/100
|-formechange|p2a: Wishiwashi|Wishiwashi-School||[from] ability: Schooling
|move|p1a: Eldegoss|Stun Spore|p2a: Wishiwashi
|-status|p2a: Wishiwashi|par
|
|-weather|Sandstorm|[upkeep]
|-damage|p1a: Eldegoss|88/100|[from] Sandstorm
|-damage|p2a: Wishiwashi|94/100 par|[from] Sandstorm
|-heal|p2a: Wishiwashi|100/100 par|[from] item: Leftovers
|upkeep
|turn|3
|
|t:|1659205690
|switch|p2a: Scyther|Scyther, M|100/100
|move|p1a: Eldegoss|Leech Seed|p2a: Scyther
|-start|p2a: Scyther|move: Leech Seed
|
|-weather|Sandstorm|[upkeep]
|-damage|p2a: Scyther|94/100|[from] Sandstorm
|-damage|p1a: Eldegoss|82/100|[from] Sandstorm
|-damage|p2a: Scyther|82/100|[from] Leech Seed|[of] p1a: Eldegoss
|-heal|p1a: Eldegoss|93/100|[silent]
|upkeep
|turn|4
|c| overkillgamer|Could be another 100 turner here
|c|☆Haffling|probs not tbh
|inactive|Parm Cheese 15 has 90 seconds left.
|
|t:|1659205705
|switch|p1a: Garbodor|Garbodor, F|100/100
|move|p2a: Scyther|Knock Off|p1a: Garbodor
|-damage|p1a: Garbodor|74/100
|-damage|p2a: Scyther|66/100|[from] item: Rocky Helmet|[of] p1a: Garbodor
|-enditem|p1a: Garbodor|Rocky Helmet|[from] move: Knock Off|[of] p2a: Scyther
|
|-weather|Sandstorm|[upkeep]
|-damage|p2a: Scyther|60/100|[from] Sandstorm
|-damage|p1a: Garbodor|68/100|[from] Sandstorm
|-damage|p2a: Scyther|47/100|[from] Leech Seed|[of] p1a: Garbodor
|-heal|p1a: Garbodor|77/100|[silent]
|upkeep
|turn|5
|c|☆Haffling|this mu looks rough
|inactive|Parm Cheese 15 has 90 seconds left.
|
|t:|1659205724
|switch|p2a: Sandslash|Sandslash, M|100/100
|move|p1a: Garbodor|Gunk Shot|p2a: Sandslash
|-resisted|p2a: Sandslash
|-damage|p2a: Sandslash|85/100
|
|-weather|none
|-heal|p2a: Sandslash|91/100|[from] item: Leftovers
|upkeep
|turn|6
|c| thebestever543|The way his team is set up it won’t be 100 turns
|inactive|Parm Cheese 15 has 90 seconds left.
|c| thebestever543|prolly not even 50
|
|t:|1659205739
|switch|p1a: Eldegoss|Eldegoss, M|100/100
|move|p2a: Sandslash|Knock Off|p1a: Eldegoss
|-damage|p1a: Eldegoss|74/100
|-enditem|p1a: Eldegoss|Heavy-Duty Boots|[from] move: Knock Off|[of] p2a: Sandslash
|
|-heal|p2a: Sandslash|98/100|[from] item: Leftovers
|upkeep
|turn|7
|c| overkillgamer|Lol
|
|t:|1659205758
|switch|p2a: Magneton|Magneton|100/100
|move|p1a: Eldegoss|Leech Seed|p2a: Magneton
|-start|p2a: Magneton|move: Leech Seed
|
|-damage|p2a: Magneton|88/100|[from] Leech Seed|[of] p1a: Eldegoss
|-heal|p1a: Eldegoss|84/100|[silent]
|upkeep
|turn|8
|l| suloxiv ✿
|inactive|Parm Cheese 15 has 60 seconds left.
|
|t:|1659205788
|switch|p2a: Sandslash|Sandslash, M|98/100
|switch|p1a: Rotom|Rotom|100/100
|
|-heal|p2a: Sandslash|100/100|[from] item: Leftovers
|upkeep
|turn|9
|inactive|Parm Cheese 15 has 60 seconds left.
|
|t:|1659205797
|switch|p1a: Eldegoss|Eldegoss, M|100/100
|move|p2a: Sandslash|Knock Off|p1a: Eldegoss
|-damage|p1a: Eldegoss|84/100
|
|upkeep
|turn|10
|inactive|Parm Cheese 15 has 60 seconds left.
|
|t:|1659205809
|move|p1a: Eldegoss|Stun Spore|p2a: Sandslash
|-status|p2a: Sandslash|par
|move|p2a: Sandslash|Spikes|p1a: Eldegoss
|-sidestart|p1: Parm Cheese 15|Spikes
|
|upkeep
|turn|11
|c| thebestever543|wasnt supposed to be a jab or anything
|
|t:|1659205816
|switch|p2a: Scyther|Scyther, M|47/100
|move|p1a: Eldegoss|Rapid Spin|p2a: Scyther
|-damage|p2a: Scyther|39/100
|-boost|p1a: Eldegoss|spe|1
|-sideend|p1: Parm Cheese 15|Spikes|[from] move: Rapid Spin|[of] p1a: Eldegoss
|
|upkeep
|turn|12
|
|t:|1659205825
|switch|p1a: Garbodor|Garbodor, F|77/100
|move|p2a: Scyther|U-turn|p1a: Garbodor
|-resisted|p1a: Garbodor
|-damage|p1a: Garbodor|64/100
|
|t:|1659205838
|switch|p2a: Gigalith|Gigalith, M|90/100|[from]move: U-turn
|-weather|Sandstorm|[from] ability: Sand Stream|[of] p2a: Gigalith
|
|-weather|Sandstorm|[upkeep]
|-damage|p1a: Garbodor|58/100|[from] Sandstorm
|-heal|p2a: Gigalith|96/100|[from] item: Leftovers
|upkeep
|turn|13
|
|t:|1659205850
|switch|p1a: Eldegoss|Eldegoss, M|100/100
|move|p2a: Gigalith|Stealth Rock|p1a: Eldegoss
|-sidestart|p1: Parm Cheese 15|move: Stealth Rock
|
|-weather|Sandstorm|[upkeep]
|-damage|p1a: Eldegoss|94/100|[from] Sandstorm
|-heal|p2a: Gigalith|100/100|[from] item: Leftovers
|upkeep
|turn|14
|
|t:|1659205859
|move|p1a: Eldegoss|Rapid Spin|p2a: Gigalith
|-resisted|p2a: Gigalith
|-damage|p2a: Gigalith|98/100
|-boost|p1a: Eldegoss|spe|1
|-sideend|p1: Parm Cheese 15|Stealth Rock|[from] move: Rapid Spin|[of] p1a: Eldegoss
|move|p2a: Gigalith|Toxic|p1a: Eldegoss
|-status|p1a: Eldegoss|tox
|
|-weather|Sandstorm|[upkeep]
|-damage|p1a: Eldegoss|88/100 tox|[from] Sandstorm
|-heal|p2a: Gigalith|100/100|[from] item: Leftovers
|-damage|p1a: Eldegoss|82/100 tox|[from] psn
|upkeep
|turn|15
|
|t:|1659205879
|move|p1a: Eldegoss|Leech Seed|p2a: Gigalith
|-start|p2a: Gigalith|move: Leech Seed
|move|p2a: Gigalith|Stealth Rock|p1a: Eldegoss
|-sidestart|p1: Parm Cheese 15|move: Stealth Rock
|
|-weather|Sandstorm|[upkeep]
|-damage|p1a: Eldegoss|76/100 tox|[from] Sandstorm
|-damage|p2a: Gigalith|88/100|[from] Leech Seed|[of] p1a: Eldegoss
|-heal|p1a: Eldegoss|90/100 tox|[silent]
|-damage|p1a: Eldegoss|77/100 tox|[from] psn
|upkeep
|turn|16
|
|t:|1659205888
|switch|p2a: Scyther|Scyther, M|39/100
|move|p1a: Eldegoss|Rapid Spin|p2a: Scyther
|-damage|p2a: Scyther|29/100
|-boost|p1a: Eldegoss|spe|1
|-sideend|p1: Parm Cheese 15|Stealth Rock|[from] move: Rapid Spin|[of] p1a: Eldegoss
|
|-weather|none
|-damage|p1a: Eldegoss|59/100 tox|[from] psn
|upkeep
|turn|17
|j| Mercedes 450 SLC
|inactive|Parm Cheese 15 has 60 seconds left.
|
|t:|1659205919
|switch|p1a: Ribombee|Ribombee, F|100/100
|move|p2a: Scyther|U-turn|p1a: Ribombee
|-resisted|p1a: Ribombee
|-damage|p1a: Ribombee|72/100
|
|t:|1659205922
|switch|p2a: Gigalith|Gigalith, M|88/100|[from]move: U-turn
|-weather|Sandstorm|[from] ability: Sand Stream|[of] p2a: Gigalith
|
|-weather|Sandstorm|[upkeep]
|-damage|p1a: Ribombee|66/100|[from] Sandstorm
|-heal|p2a: Gigalith|94/100|[from] item: Leftovers
|upkeep
|turn|18
|l| Mercedes 450 SLC
|inactive|Parm Cheese 15 has 60 seconds left.
|
|t:|1659205938
|switch|p1a: Regirock|Regirock|100/100
|move|p2a: Gigalith|Rock Blast|p1a: Regirock
|-damage|p1a: Regirock|95/100
|-damage|p1a: Regirock|90/100
|-damage|p1a: Regirock|85/100
|-damage|p1a: Regirock|80/100
|-hitcount|p1a: Regirock|4
|
|-weather|Sandstorm|[upkeep]
|-heal|p1a: Regirock|86/100|[from] item: Leftovers
|-heal|p2a: Gigalith|100/100|[from] item: Leftovers
|upkeep
|turn|19
|inactive|Parm Cheese 15 has 60 seconds left.
|
|t:|1659205953
|move|p1a: Regirock|Stealth Rock|p2a: Gigalith
|-sidestart|p2: Haffling|move: Stealth Rock
|move|p2a: Gigalith|Stealth Rock|p1a: Regirock
|-sidestart|p1: Parm Cheese 15|move: Stealth Rock
|
|-weather|Sandstorm|[upkeep]
|-heal|p1a: Regirock|93/100|[from] item: Leftovers
|upkeep
|turn|20
|
|t:|1659205961
|switch|p2a: Sandslash|Sandslash, M|100/100 par
|-damage|p2a: Sandslash|94/100 par|[from] Stealth Rock
|move|p1a: Regirock|Body Press|p2a: Sandslash
|-damage|p2a: Sandslash|64/100 par
|
|-weather|Sandstorm|[upkeep]
|-heal|p2a: Sandslash|70/100 par|[from] item: Leftovers
|-heal|p1a: Regirock|99/100|[from] item: Leftovers
|upkeep
|turn|21
|c| overkillgamer|Y y'all so quiet y'all not hyped for this
|
|t:|1659205972
|move|p2a: Sandslash|Rapid Spin|p1a: Regirock
|-resisted|p1a: Regirock
|-damage|p1a: Regirock|96/100
|-boost|p2a: Sandslash|spe|1
|-sideend|p2: Haffling|Stealth Rock|[from] move: Rapid Spin|[of] p2a: Sandslash
|move|p1a: Regirock|Body Press|p2a: Sandslash
|-damage|p2a: Sandslash|40/100 par
|
|-weather|none
|-heal|p2a: Sandslash|46/100 par|[from] item: Leftovers
|-heal|p1a: Regirock|100/100|[from] item: Leftovers
|upkeep
|turn|22
|
|t:|1659205985
|switch|p2a: Ribombee|Ribombee, M|100/100
|move|p1a: Regirock|Body Press|p2a: Ribombee
|-resisted|p2a: Ribombee
|-damage|p2a: Ribombee|81/100
|
|upkeep
|turn|23
|
|t:|1659205998
|switch|p2a: Magneton|Magneton|88/100
|move|p1a: Regirock|Stealth Rock|p2a: Magneton
|-sidestart|p2: Haffling|move: Stealth Rock
|
|upkeep
|turn|24
|l| Conor3197❤☁☆
|c| thebestever543|Its just a room tour
|
|t:|1659206005
|move|p2a: Magneton|Flash Cannon|p1a: Regirock
|-supereffective|p1a: Regirock
|-damage|p1a: Regirock|3/100
|move|p1a: Regirock|Body Press|p2a: Magneton
|-supereffective|p2a: Magneton
|-damage|p2a: Magneton|0 fnt
|faint|p2a: Magneton
|
|-heal|p1a: Regirock|9/100|[from] item: Leftovers
|upkeep
|
|t:|1659206012
|switch|p2a: Scyther|Scyther, M|29/100
|turn|25
|
|t:|1659206018
|move|p2a: Scyther|U-turn|p1a: Regirock
|-damage|p1a: Regirock|0 fnt
|faint|p1a: Regirock
|
|t:|1659206027
|switch|p2a: Ribombee|Ribombee, M|81/100|[from]move: U-turn
|
|upkeep
|
|t:|1659206033
|switch|p1a: Garbodor|Garbodor, F|58/100
|-damage|p1a: Garbodor|46/100|[from] Stealth Rock
|turn|26
|inactive|Parm Cheese 15 has 90 seconds left.
|
|t:|1659206041
|switch|p2a: Gigalith|Gigalith, M|100/100
|-damage|p2a: Gigalith|88/100|[from] Stealth Rock
|-weather|Sandstorm|[from] ability: Sand Stream|[of] p2a: Gigalith
|move|p1a: Garbodor|Stomping Tantrum|p2a: Gigalith
|-supereffective|p2a: Gigalith
|-damage|p2a: Gigalith|64/100
|
|-weather|Sandstorm|[upkeep]
|-damage|p1a: Garbodor|40/100|[from] Sandstorm
|-heal|p2a: Gigalith|70/100|[from] item: Leftovers
|upkeep
|turn|27
|inactive|Parm Cheese 15 has 90 seconds left.
|c| overkillgamer|I don't do these too much that may explain why
|
|t:|1659206057
|switch|p1a: Togedemaru|Togedemaru, M|100/100
|-damage|p1a: Togedemaru|95/100|[from] Stealth Rock
|move|p2a: Gigalith|Rock Blast|p1a: Togedemaru
|-resisted|p1a: Togedemaru
|-damage|p1a: Togedemaru|86/100
|-resisted|p1a: Togedemaru
|-crit|p1a: Togedemaru
|-damage|p1a: Togedemaru|74/100
|-resisted|p1a: Togedemaru
|-damage|p1a: Togedemaru|67/100
|-hitcount|p1a: Togedemaru|3
|
|-weather|Sandstorm|[upkeep]
|-heal|p1a: Togedemaru|73/100|[from] item: Leftovers
|-heal|p2a: Gigalith|76/100|[from] item: Leftovers
|upkeep
|turn|28
|inactive|Parm Cheese 15 has 90 seconds left.
|
|t:|1659206071
|switch|p2a: Wishiwashi|Wishiwashi, F|100/100 par
|-damage|p2a: Wishiwashi|88/100 par|[from] Stealth Rock
|-formechange|p2a: Wishiwashi|Wishiwashi-School||[from] ability: Schooling
|move|p1a: Togedemaru|Spiky Shield||[still]
|-fail|p1a: Togedemaru
|
|-weather|Sandstorm|[upkeep]
|-damage|p2a: Wishiwashi|82/100 par|[from] Sandstorm
|-heal|p1a: Togedemaru|79/100|[from] item: Leftovers
|-heal|p2a: Wishiwashi|88/100 par|[from] item: Leftovers
|upkeep
|turn|29
|inactive|Parm Cheese 15 has 90 seconds left.
|
|t:|1659206089
|move|p1a: Togedemaru|Spiky Shield|p1a: Togedemaru
|-singleturn|p1a: Togedemaru|move: Protect
|move|p2a: Wishiwashi|Scald|p1a: Togedemaru
|-activate|p1a: Togedemaru|move: Protect
|
|-weather|Sandstorm|[upkeep]
|-damage|p2a: Wishiwashi|82/100 par|[from] Sandstorm
|-heal|p1a: Togedemaru|85/100|[from] item: Leftovers
|-heal|p2a: Wishiwashi|88/100 par|[from] item: Leftovers
|upkeep
|turn|30
|
|t:|1659206104
|switch|p1a: Eldegoss|Eldegoss, M|92/100 tox
|-damage|p1a: Eldegoss|80/100 tox|[from] Stealth Rock
|move|p2a: Wishiwashi|Scald|p1a: Eldegoss
|-resisted|p1a: Eldegoss
|-damage|p1a: Eldegoss|62/100 tox
|
|-weather|none
|-heal|p2a: Wishiwashi|94/100 par|[from] item: Leftovers
|-damage|p1a: Eldegoss|56/100 tox|[from] psn
|upkeep
|turn|31
|
|t:|1659206115
|move|p1a: Eldegoss|Rapid Spin|p2a: Wishiwashi
|-crit|p2a: Wishiwashi
|-damage|p2a: Wishiwashi|87/100 par
|-boost|p1a: Eldegoss|spe|1
|-sideend|p1: Parm Cheese 15|Stealth Rock|[from] move: Rapid Spin|[of] p1a: Eldegoss
|cant|p2a: Wishiwashi|par
|
|-heal|p2a: Wishiwashi|93/100 par|[from] item: Leftovers
|-damage|p1a: Eldegoss|43/100 tox|[from] psn
|upkeep
|turn|32
|c|☆Haffling|dang
|
|t:|1659206130
|switch|p1a: Togedemaru|Togedemaru, M|85/100
|move|p2a: Wishiwashi|U-turn|p1a: Togedemaru
|-resisted|p1a: Togedemaru
|-damage|p1a: Togedemaru|68/100
|
|t:|1659206135
|switch|p2a: Sandslash|Sandslash, M|46/100 par|[from]move: U-turn
|-damage|p2a: Sandslash|40/100 par|[from] Stealth Rock
|
|-heal|p1a: Togedemaru|74/100|[from] item: Leftovers
|-heal|p2a: Sandslash|46/100 par|[from] item: Leftovers
|upkeep
|turn|33
|
|t:|1659206144
|move|p1a: Togedemaru|Iron Head|p2a: Sandslash
|-damage|p2a: Sandslash|27/100 par
|cant|p2a: Sandslash|flinch
|
|-heal|p1a: Togedemaru|80/100|[from] item: Leftovers
|-heal|p2a: Sandslash|33/100 par|[from] item: Leftovers
|upkeep
|turn|34
|inactive|Parm Cheese 15 has 90 seconds left.
|
|t:|1659206152
|move|p1a: Togedemaru|Iron Head|p2a: Sandslash
|-damage|p2a: Sandslash|12/100 par
|cant|p2a: Sandslash|par
|
|-heal|p1a: Togedemaru|86/100|[from] item: Leftovers
|-heal|p2a: Sandslash|18/100 par|[from] item: Leftovers
|upkeep
|turn|35
|
|t:|1659206161
|switch|p2a: Wishiwashi|Wishiwashi, F|93/100 par
|-damage|p2a: Wishiwashi|81/100 par|[from] Stealth Rock
|-formechange|p2a: Wishiwashi|Wishiwashi-School||[from] ability: Schooling
|move|p1a: Togedemaru|Iron Head|p2a: Wishiwashi
|-resisted|p2a: Wishiwashi
|-damage|p2a: Wishiwashi|72/100 par
|
|-heal|p1a: Togedemaru|92/100|[from] item: Leftovers
|-heal|p2a: Wishiwashi|78/100 par|[from] item: Leftovers
|upkeep
|turn|36
|
|t:|1659206172
|move|p1a: Togedemaru|U-turn|p2a: Wishiwashi
|-damage|p2a: Wishiwashi|68/100 par
|
|t:|1659206175
|switch|p1a: Eldegoss|Eldegoss, M|77/100 tox|[from]move: U-turn
|move|p2a: Wishiwashi|Scald|p1a: Eldegoss
|-resisted|p1a: Eldegoss
|-damage|p1a: Eldegoss|61/100 tox
|
|-heal|p2a: Wishiwashi|74/100 par|[from] item: Leftovers
|-damage|p1a: Eldegoss|54/100 tox|[from] psn
|upkeep
|turn|37
|
|t:|1659206186
|move|p1a: Eldegoss|Leech Seed|p2a: Wishiwashi
|-start|p2a: Wishiwashi|move: Leech Seed
|move|p2a: Wishiwashi|U-turn|p1a: Eldegoss
|-supereffective|p1a: Eldegoss
|-damage|p1a: Eldegoss|2/100 tox
|
|t:|1659206192
|switch|p2a: Gigalith|Gigalith, M|76/100|[from]move: U-turn
|-damage|p2a: Gigalith|64/100|[from] Stealth Rock
|-weather|Sandstorm|[from] ability: Sand Stream|[of] p2a: Gigalith
|
|-weather|Sandstorm|[upkeep]
|-damage|p1a: Eldegoss|0 fnt|[from] Sandstorm
|faint|p1a: Eldegoss
|-heal|p2a: Gigalith|70/100|[from] item: Leftovers
|upkeep
|
|t:|1659206203
|switch|p1a: Togedemaru|Togedemaru, M|92/100
|turn|38
|
|t:|1659206211
|switch|p2a: Sandslash|Sandslash, M|18/100 par
|-damage|p2a: Sandslash|12/100 par|[from] Stealth Rock
|move|p1a: Togedemaru|Iron Head|p2a: Sandslash
|-damage|p2a: Sandslash|0 fnt
|faint|p2a: Sandslash
|
|-weather|Sandstorm|[upkeep]
|-heal|p1a: Togedemaru|98/100|[from] item: Leftovers
|upkeep
|
|t:|1659206214
|switch|p2a: Wishiwashi|Wishiwashi, F|74/100 par
|-damage|p2a: Wishiwashi|61/100 par|[from] Stealth Rock
|-formechange|p2a: Wishiwashi|Wishiwashi-School||[from] ability: Schooling
|turn|39
|inactive|Parm Cheese 15 has 120 seconds left.
|
|t:|1659206227
|move|p1a: Togedemaru|U-turn|p2a: Wishiwashi
|-damage|p2a: Wishiwashi|50/100 par
|
|t:|1659206240
|switch|p1a: Garbodor|Garbodor, F|40/100|[from]move: U-turn
|cant|p2a: Wishiwashi|par
|
|-weather|Sandstorm|[upkeep]
|-damage|p1a: Garbodor|34/100|[from] Sandstorm
|-damage|p2a: Wishiwashi|44/100 par|[from] Sandstorm
|-heal|p2a: Wishiwashi|50/100 par|[from] item: Leftovers
|upkeep
|turn|40
|
|t:|1659206252
|move|p1a: Garbodor|Spikes|p2a: Wishiwashi
|-sidestart|p2: Haffling|Spikes
|move|p2a: Wishiwashi|Rest|p2a: Wishiwashi
|-status|p2a: Wishiwashi|slp|[from] move: Rest
|-heal|p2a: Wishiwashi|100/100 slp|[silent]
|
|-weather|Sandstorm|[upkeep]
|-damage|p1a: Garbodor|28/100|[from] Sandstorm
|-damage|p2a: Wishiwashi|94/100 slp|[from] Sandstorm
|-heal|p2a: Wishiwashi|100/100 slp|[from] item: Leftovers
|upkeep
|turn|41
|c|☆Haffling|dang
|
|t:|1659206264
|move|p1a: Garbodor|Gunk Shot|p2a: Wishiwashi
|-damage|p2a: Wishiwashi|71/100 slp
|cant|p2a: Wishiwashi|slp
|move|p2a: Wishiwashi|Sleep Talk|p2a: Wishiwashi
|move|p2a: Wishiwashi|Rest||[from]move: Sleep Talk|[still]
|-fail|p2a: Wishiwashi
|
|-weather|none
|-heal|p2a: Wishiwashi|77/100 slp|[from] item: Leftovers
|upkeep
|turn|42
|c| thebestever543|Damn
|
|t:|1659206275
|move|p1a: Garbodor|Spikes|p2a: Wishiwashi
|-sidestart|p2: Haffling|Spikes
|cant|p2a: Wishiwashi|slp
|move|p2a: Wishiwashi|Sleep Talk|p2a: Wishiwashi
|move|p2a: Wishiwashi|Scald|p1a: Garbodor|[from]move: Sleep Talk
|-damage|p1a: Garbodor|0 fnt
|faint|p1a: Garbodor
|
|-heal|p2a: Wishiwashi|83/100 slp|[from] item: Leftovers
|upkeep
|c| thebestever543|Wishi washi is so strong
|
|t:|1659206288
|switch|p1a: Rotom|Rotom|100/100
|turn|43
|
|t:|1659206302
|switch|p2a: Scyther|Scyther, M|29/100
|move|p1a: Rotom|Thunderbolt|p2a: Scyther
|-supereffective|p2a: Scyther
|-damage|p2a: Scyther|0 fnt
|faint|p2a: Scyther
|
|upkeep
|
|t:|1659206310
|switch|p2a: Gigalith|Gigalith, M|70/100
|-damage|p2a: Gigalith|57/100|[from] Stealth Rock
|-damage|p2a: Gigalith|41/100|[from] Spikes
|-weather|Sandstorm|[from] ability: Sand Stream|[of] p2a: Gigalith
|turn|44
|inactive|Parm Cheese 15 has 120 seconds left.
|c| overkillgamer|True
|c| overkillgamer|Imagine wishiwashi was it's schooling form only
|c| overkillgamer|Would be a fun pokemon
|
|t:|1659206348
|move|p1a: Rotom|Thunderbolt|p2a: Gigalith
|-damage|p2a: Gigalith|18/100
|move|p2a: Gigalith|Rest|p2a: Gigalith
|-status|p2a: Gigalith|slp|[from] move: Rest
|-heal|p2a: Gigalith|100/100 slp|[silent]
|
|-weather|Sandstorm|[upkeep]
|-damage|p1a: Rotom|94/100|[from] Sandstorm
|upkeep
|turn|45
|
|t:|1659206359
|switch|p1a: Togedemaru|Togedemaru, M|98/100
|cant|p2a: Gigalith|slp
|
|-weather|Sandstorm|[upkeep]
|-heal|p1a: Togedemaru|100/100|[from] item: Leftovers
|upkeep
|turn|46
|c| thebestever543|Would be better but still a shitmon
|c| overkillgamer|Might be publ lol
|
|t:|1659206371
|switch|p2a: Wishiwashi|Wishiwashi, F|83/100 slp
|-damage|p2a: Wishiwashi|71/100 slp|[from] Stealth Rock
|-damage|p2a: Wishiwashi|54/100 slp|[from] Spikes
|-formechange|p2a: Wishiwashi|Wishiwashi-School||[from] ability: Schooling
|move|p1a: Togedemaru|U-turn|p2a: Wishiwashi
|-damage|p2a: Wishiwashi|44/100 slp
|
|t:|1659206379
|switch|p1a: Rotom|Rotom|94/100|[from]move: U-turn
|
|-weather|Sandstorm|[upkeep]
|-damage|p1a: Rotom|88/100|[from] Sandstorm
|-damage|p2a: Wishiwashi|38/100 slp|[from] Sandstorm
|-heal|p2a: Wishiwashi|44/100 slp|[from] item: Leftovers
|upkeep
|turn|47
|c|☆Haffling|nah
|c| thebestever543|It’d be RU prolly
|c| thebestever543|NU
|c|☆Haffling|idk
|c| overkillgamer|Still an improvement
|c|☆Haffling|nu mabye
|
|t:|1659206398
|switch|p2a: Gigalith|Gigalith, M|100/100 slp
|-damage|p2a: Gigalith|88/100 slp|[from] Stealth Rock
|-damage|p2a: Gigalith|72/100 slp|[from] Spikes
|move|p1a: Rotom|Thunderbolt|p2a: Gigalith
|-damage|p2a: Gigalith|52/100 slp
|
|-weather|Sandstorm|[upkeep]
|-damage|p1a: Rotom|82/100|[from] Sandstorm
|-heal|p2a: Gigalith|58/100 slp|[from] item: Leftovers
|upkeep
|turn|48
|c| overkillgamer|Rather than the bottom of the barrel down here
|c| thebestever543|Yeah RU prolly a stretch lol
|
|t:|1659206410
|switch|p1a: Togedemaru|Togedemaru, M|100/100
|cant|p2a: Gigalith|slp
|
|-weather|none
|-heal|p2a: Gigalith|64/100 slp|[from] item: Leftovers
|upkeep
|turn|49
|c| overkillgamer|Lol
|c| thebestever543|its not the bottom of PU
|c| thebestever543|its good in PU
|
|t:|1659206420
|move|p1a: Togedemaru|Iron Head|p2a: Gigalith
|-supereffective|p2a: Gigalith
|-damage|p2a: Gigalith|26/100 slp
|-curestatus|p2a: Gigalith|slp|[msg]
|move|p2a: Gigalith|Stealth Rock|p1a: Togedemaru
|-sidestart|p1: Parm Cheese 15|move: Stealth Rock
|
|-heal|p2a: Gigalith|32/100|[from] item: Leftovers
|upkeep
|turn|50
|c| overkillgamer|No I meant the tier
|
|t:|1659206429
|move|p1a: Togedemaru|Iron Head|p2a: Gigalith
|-supereffective|p2a: Gigalith
|-crit|p2a: Gigalith
|-damage|p2a: Gigalith|0 fnt
|faint|p2a: Gigalith
|
|upkeep
|c| overkillgamer|The tier is bottom of the barrel
|c| thebestever543|Oh
|
|t:|1659206432
|switch|p2a: Wishiwashi|Wishiwashi, F|44/100 slp
|-damage|p2a: Wishiwashi|32/100 slp|[from] Stealth Rock
|-damage|p2a: Wishiwashi|15/100 slp|[from] Spikes
|turn|51
|c| thebestever543|yeah
|
|t:|1659206440
|move|p1a: Togedemaru|U-turn|p2a: Wishiwashi
|-damage|p2a: Wishiwashi|0 fnt
|faint|p2a: Wishiwashi
|
|t:|1659206445
|switch|p1a: Rotom|Rotom|82/100|[from]move: U-turn
|-damage|p1a: Rotom|69/100|[from] Stealth Rock
|
|upkeep
|c|☆Haffling|unfort some bad luck here
|
|t:|1659206449
|switch|p2a: Ribombee|Ribombee, M|81/100
|turn|52
|
|t:|1659206453
|move|p1a: Rotom|Thunderbolt|p2a: Ribombee
|-damage|p2a: Ribombee|12/100
|move|p2a: Ribombee|Quiver Dance|p2a: Ribombee
|-boost|p2a: Ribombee|spa|1
|-boost|p2a: Ribombee|spd|1
|-boost|p2a: Ribombee|spe|1
|
|upkeep
|turn|53
|
|t:|1659206460
|move|p2a: Ribombee|Roost|p2a: Ribombee
|-heal|p2a: Ribombee|62/100
|-singleturn|p2a: Ribombee|move: Roost
|move|p1a: Rotom|Thunderbolt|p2a: Ribombee
|-damage|p2a: Ribombee|10/100
|
|upkeep
|turn|54
|c| thebestever543|gg wp everyone
|
|t:|1659206470
|move|p2a: Ribombee|Moonblast|p1a: Rotom
|-damage|p1a: Rotom|0 fnt
|faint|p1a: Rotom
|
|upkeep
|
|t:|1659206475
|switch|p1a: Togedemaru|Togedemaru, M|100/100
|-damage|p1a: Togedemaru|95/100|[from] Stealth Rock
|turn|55
|
|t:|1659206479
|move|p2a: Ribombee|Moonblast|p1a: Togedemaru
|-resisted|p1a: Togedemaru
|-damage|p1a: Togedemaru|67/100
|-unboost|p1a: Togedemaru|spa|1
|move|p1a: Togedemaru|Iron Head|p2a: Ribombee
|-supereffective|p2a: Ribombee
|-damage|p2a: Ribombee|0 fnt
|faint|p2a: Ribombee
|
|win|Parm Cheese 15
|n|☆Parm Cheese 15|parmcheese15
|n|☆Haffling|haffling
|n| overkillgamer|overkillgamer
|n| thebestever543|thebestever543
|n| Jungle Fox|junglefox
