|j|☆ayo bb
|j|☆GUIDA PAMPARAQUI
|t:|1619607389
|gametype|singles
|player|p1|ayo bb|102|1586
|player|p2|GUIDA PAMPARAQUI|birdkeeper-gen4dp|1504
|teamsize|p1|6
|teamsize|p2|6
|gen|8
|tier|[Gen 8] PU
|rated|
|clearpoke
|poke|p1|Drednaw, M|
|poke|p1|Gigalith, M|
|poke|p1|Aromatisse, M|
|poke|p1|Stunfisk-Galar, F|
|poke|p1|Flapple, F|
|poke|p1|Golbat, M|
|poke|p2|Magneton|
|poke|p2|Xatu, F|
|poke|p2|Lanturn, M|
|poke|p2|Piloswine, M|
|poke|p2|Passimian, M|
|poke|p2|Silvally-*|
|rule|Sleep Clause Mod: Limit one foe put to sleep
|rule|Species Clause: Limit one of each Pokémon
|rule|OHKO Clause: OHKO moves are banned
|rule|Evasion Moves Clause: Evasion moves are banned
|rule|Endless Battle Clause: Forcing endless battles is banned
|rule|HP Percentage Mod: HP is shown in percentages
|rule|Dynamax Clause: You cannot dynamax
|teampreview
|
|t:|1619607409
|start
|switch|p1a: Drednaw|Drednaw, M|100/100
|switch|p2a: Passimian|Passimian, M|100/100
|turn|1
|
|t:|1619607416
|switch|p1a: Aromatisse|Aromatisse, M|100/100
|move|p2a: Passimian|Knock Off|p1a: Aromatisse
|-resisted|p1a: Aromatisse
|-crit|p1a: Aromatisse
|-damage|p1a: Aromatisse|83/100
|-enditem|p1a: Aromatisse|Heavy-Duty Boots|[from] move: Knock Off|[of] p2a: Passimian
|
|upkeep
|turn|2
|
|t:|1619607428
|switch|p2a: Magneton|Magneton|100/100
|move|p1a: Aromatisse|Moonblast|p2a: Magneton
|-resisted|p2a: Magneton
|-damage|p2a: Magneton|68/100
|
|upkeep
|turn|3
|
|t:|1619607443
|switch|p2a: Passimian|Passimian, M|100/100
|move|p1a: Aromatisse|Protect||[still]
|-fail|p1a: Aromatisse
|
|upkeep
|turn|4
|
|t:|1619607448
|move|p1a: Aromatisse|Protect|p1a: Aromatisse
|-singleturn|p1a: Aromatisse|Protect
|move|p2a: Passimian|Gunk Shot|p1a: Aromatisse
|-activate|p1a: Aromatisse|move: Protect
|
|upkeep
|turn|5
|
|t:|1619607458
|switch|p2a: Piloswine|Piloswine, M|100/100
|switch|p1a: Drednaw|Drednaw, M|100/100
|
|upkeep
|turn|6
|
|t:|1619607464
|switch|p2a: Lanturn|Lanturn, M|100/100
|move|p1a: Drednaw|Liquidation|p2a: Lanturn
|-resisted|p2a: Lanturn
|-damage|p2a: Lanturn|68/100
|
|upkeep
|turn|7
|
|t:|1619607474
|switch|p1a: Flapple|Flapple, F|100/100
|move|p2a: Lanturn|Volt Switch|p1a: Flapple
|-resisted|p1a: Flapple
|-damage|p1a: Flapple|88/100
|
|t:|1619607484
|switch|p2a: Passimian|Passimian, M|100/100|[from]move: Volt Switch
|
|upkeep
|turn|8
|
|t:|1619607487
|switch|p1a: Stunfisk|Stunfisk-Galar, F|100/100
|move|p2a: Passimian|U-turn|p1a: Stunfisk
|-resisted|p1a: Stunfisk
|-damage|p1a: Stunfisk|94/100
|
|t:|1619607497
|switch|p2a: Piloswine|Piloswine, M|100/100|[from]move: U-turn
|
|-heal|p1a: Stunfisk|99/100|[from] item: Leftovers
|upkeep
|turn|9
|
|t:|1619607503
|move|p2a: Piloswine|Stealth Rock|p1a: Stunfisk
|-sidestart|p1: ayo bb|move: Stealth Rock
|move|p1a: Stunfisk|Yawn|p2a: Piloswine
|-start|p2a: Piloswine|move: Yawn|[of] p1a: Stunfisk
|
|-heal|p1a: Stunfisk|100/100|[from] item: Leftovers
|upkeep
|turn|10
|
|t:|1619607515
|switch|p2a: Passimian|Passimian, M|100/100
|move|p1a: Stunfisk|Snap Trap|p2a: Passimian
|-damage|p2a: Passimian|93/100
|-activate|p2a: Passimian|move: Snap Trap|[of] p1a: Stunfisk
|
|-damage|p2a: Passimian|81/100|[from] move: Snap Trap|[partiallytrapped]
|upkeep
|turn|11
|
|t:|1619607522
|move|p1a: Stunfisk|Protect|p1a: Stunfisk
|-singleturn|p1a: Stunfisk|Protect
|move|p2a: Passimian|U-turn|p1a: Stunfisk
|-activate|p1a: Stunfisk|move: Protect
|
|-damage|p2a: Passimian|68/100|[from] move: Snap Trap|[partiallytrapped]
|upkeep
|turn|12
|
|t:|1619607529
|move|p2a: Passimian|U-turn|p1a: Stunfisk
|-resisted|p1a: Stunfisk
|-damage|p1a: Stunfisk|94/100
|
|t:|1619607532
|switch|p2a: Xatu|Xatu, F|100/100|[from]move: U-turn
|move|p1a: Stunfisk|Snap Trap|p2a: Xatu
|-resisted|p2a: Xatu
|-damage|p2a: Xatu|94/100
|-activate|p2a: Xatu|move: Snap Trap|[of] p1a: Stunfisk
|
|-heal|p1a: Stunfisk|99/100|[from] item: Leftovers
|-damage|p2a: Xatu|82/100|[from] move: Snap Trap|[partiallytrapped]
|upkeep
|turn|13
|
|t:|1619607543
|switch|p1a: Drednaw|Drednaw, M|100/100
|-damage|p1a: Drednaw|88/100|[from] Stealth Rock
|move|p2a: Xatu|Heat Wave|p1a: Drednaw
|-resisted|p1a: Drednaw
|-damage|p1a: Drednaw|74/100
|
|-end|p2a: Xatu|Snap Trap|[partiallytrapped]|[silent]
|upkeep
|turn|14
|
|t:|1619607550
|switch|p2a: Lanturn|Lanturn, M|68/100
|move|p1a: Drednaw|Liquidation|p2a: Lanturn
|-resisted|p2a: Lanturn
|-damage|p2a: Lanturn|34/100
|
|upkeep
|turn|15
|
|t:|1619607568
|switch|p1a: Gigalith|Gigalith, M|100/100
|-damage|p1a: Gigalith|88/100|[from] Stealth Rock
|-weather|Sandstorm|[from] ability: Sand Stream|[of] p1a: Gigalith
|move|p2a: Lanturn|Scald|p1a: Gigalith
|-supereffective|p1a: Gigalith
|-crit|p1a: Gigalith
|-damage|p1a: Gigalith|42/100
|
|-weather|Sandstorm|[upkeep]
|-damage|p2a: Lanturn|28/100|[from] Sandstorm
|-heal|p1a: Gigalith|48/100|[from] item: Leftovers
|upkeep
|turn|16
|
|t:|1619607582
|move|p1a: Gigalith|Protect|p1a: Gigalith
|-singleturn|p1a: Gigalith|Protect
|move|p2a: Lanturn|Volt Switch|p1a: Gigalith
|-activate|p1a: Gigalith|move: Protect
|
|-weather|Sandstorm|[upkeep]
|-damage|p2a: Lanturn|22/100|[from] Sandstorm
|-heal|p1a: Gigalith|54/100|[from] item: Leftovers
|upkeep
|turn|17
|
|t:|1619607590
|move|p2a: Lanturn|Scald|p1a: Gigalith
|-supereffective|p1a: Gigalith
|-damage|p1a: Gigalith|23/100
|move|p1a: Gigalith|Rock Blast|p2a: Lanturn
|-damage|p2a: Lanturn|9/100
|-damage|p2a: Lanturn|0 fnt
|-hitcount|p2a: Lanturn|2
|faint|p2a: Lanturn
|
|-weather|Sandstorm|[upkeep]
|-heal|p1a: Gigalith|29/100|[from] item: Leftovers
|upkeep
|
|t:|1619607601
|switch|p2a: Magneton|Magneton|68/100
|turn|18
|
|t:|1619607605
|switch|p1a: Stunfisk|Stunfisk-Galar, F|99/100
|-damage|p1a: Stunfisk|97/100|[from] Stealth Rock
|move|p2a: Magneton|Flash Cannon|p1a: Stunfisk
|-resisted|p1a: Stunfisk
|-damage|p1a: Stunfisk|58/100
|
|-weather|Sandstorm|[upkeep]
|-heal|p1a: Stunfisk|64/100|[from] item: Leftovers
|upkeep
|turn|19
|
|t:|1619607614
|switch|p2a: Xatu|Xatu, F|82/100
|move|p1a: Stunfisk|Snap Trap|p2a: Xatu
|-resisted|p2a: Xatu
|-damage|p2a: Xatu|76/100
|-activate|p2a: Xatu|move: Snap Trap|[of] p1a: Stunfisk
|
|-weather|none
|-heal|p1a: Stunfisk|71/100|[from] item: Leftovers
|-damage|p2a: Xatu|64/100|[from] move: Snap Trap|[partiallytrapped]
|upkeep
|turn|20
|
|t:|1619607625
|switch|p1a: Drednaw|Drednaw, M|74/100
|-damage|p1a: Drednaw|61/100|[from] Stealth Rock
|move|p2a: Xatu|Psychic|p1a: Drednaw
|-damage|p1a: Drednaw|0 fnt
|faint|p1a: Drednaw
|
|-end|p2a: Xatu|Snap Trap|[partiallytrapped]|[silent]
|upkeep
|
|t:|1619607632
|switch|p1a: Stunfisk|Stunfisk-Galar, F|71/100
|-damage|p1a: Stunfisk|68/100|[from] Stealth Rock
|turn|21
|j| ladder woat
|c|☆GUIDA PAMPARAQUI|I hate this thing so damn much
|c|☆GUIDA PAMPARAQUI|Love it too though
|c|☆ayo bb|loool yeah
|
|t:|1619607663
|switch|p2a: Passimian|Passimian, M|68/100
|move|p1a: Stunfisk|Snap Trap|p2a: Passimian
|-damage|p2a: Passimian|61/100
|-activate|p2a: Passimian|move: Snap Trap|[of] p1a: Stunfisk
|
|-heal|p1a: Stunfisk|74/100|[from] item: Leftovers
|-damage|p2a: Passimian|48/100|[from] move: Snap Trap|[partiallytrapped]
|upkeep
|turn|22
|
|t:|1619607672
|move|p1a: Stunfisk|Protect|p1a: Stunfisk
|-singleturn|p1a: Stunfisk|Protect
|move|p2a: Passimian|U-turn|p1a: Stunfisk
|-activate|p1a: Stunfisk|move: Protect
|
|-heal|p1a: Stunfisk|80/100|[from] item: Leftovers
|-damage|p2a: Passimian|36/100|[from] move: Snap Trap|[partiallytrapped]
|upkeep
|turn|23
|
|t:|1619607680
|move|p2a: Passimian|U-turn|p1a: Stunfisk
|-resisted|p1a: Stunfisk
|-damage|p1a: Stunfisk|73/100
|
|t:|1619607687
|switch|p2a: Xatu|Xatu, F|64/100|[from]move: U-turn
|move|p1a: Stunfisk|Snap Trap|p2a: Xatu
|-resisted|p2a: Xatu
|-crit|p2a: Xatu
|-damage|p2a: Xatu|54/100
|-activate|p2a: Xatu|move: Snap Trap|[of] p1a: Stunfisk
|
|-heal|p1a: Stunfisk|79/100|[from] item: Leftovers
|-damage|p2a: Xatu|42/100|[from] move: Snap Trap|[partiallytrapped]
|upkeep
|turn|24
|
|t:|1619607697
|move|p1a: Stunfisk|Protect|p1a: Stunfisk
|-singleturn|p1a: Stunfisk|Protect
|move|p2a: Xatu|Heat Wave|p1a: Stunfisk
|-activate|p1a: Stunfisk|move: Protect
|
|-heal|p1a: Stunfisk|85/100|[from] item: Leftovers
|-damage|p2a: Xatu|30/100|[from] move: Snap Trap|[partiallytrapped]
|upkeep
|turn|25
|
|t:|1619607709
|switch|p1a: Golbat|Golbat, M|100/100
|-damage|p1a: Golbat|76/100|[from] Stealth Rock
|move|p2a: Xatu|Heat Wave|p1a: Golbat
|-damage|p1a: Golbat|46/100
|
|-end|p2a: Xatu|Snap Trap|[partiallytrapped]|[silent]
|upkeep
|turn|26
|
|t:|1619607718
|switch|p2a: Magneton|Magneton|68/100
|move|p1a: Golbat|Defog|p2a: Magneton
|-unboost|p2a: Magneton|evasion|1
|-sideend|p1: ayo bb|Stealth Rock|[from] move: Defog|[of] p1a: Golbat
|
|upkeep
|turn|27
|
|t:|1619607728
|switch|p1a: Stunfisk|Stunfisk-Galar, F|85/100
|move|p2a: Magneton|Flash Cannon|p1a: Stunfisk
|-resisted|p1a: Stunfisk
|-damage|p1a: Stunfisk|51/100
|
|-heal|p1a: Stunfisk|57/100|[from] item: Leftovers
|upkeep
|turn|28
|
|t:|1619607738
|move|p2a: Magneton|Flash Cannon|p1a: Stunfisk
|-resisted|p1a: Stunfisk
|-crit|p1a: Stunfisk
|-damage|p1a: Stunfisk|14/100
|-unboost|p1a: Stunfisk|spd|1
|move|p1a: Stunfisk|Snap Trap|p2a: Magneton
|-resisted|p2a: Magneton
|-damage|p2a: Magneton|63/100
|-activate|p2a: Magneton|move: Snap Trap|[of] p1a: Stunfisk
|
|-heal|p1a: Stunfisk|20/100|[from] item: Leftovers
|-damage|p2a: Magneton|51/100|[from] move: Snap Trap|[partiallytrapped]
|upkeep
|turn|29
|
|t:|1619607752
|move|p1a: Stunfisk|Protect|p1a: Stunfisk
|-singleturn|p1a: Stunfisk|Protect
|move|p2a: Magneton|Flash Cannon|p1a: Stunfisk
|-activate|p1a: Stunfisk|move: Protect
|
|-heal|p1a: Stunfisk|26/100|[from] item: Leftovers
|-damage|p2a: Magneton|38/100|[from] move: Snap Trap|[partiallytrapped]
|upkeep
|turn|30
|
|t:|1619607767
|switch|p1a: Gigalith|Gigalith, M|29/100
|-weather|Sandstorm|[from] ability: Sand Stream|[of] p1a: Gigalith
|move|p2a: Magneton|Flash Cannon|p1a: Gigalith
|-supereffective|p1a: Gigalith
|-damage|p1a: Gigalith|0 fnt
|faint|p1a: Gigalith
|
|-weather|Sandstorm|[upkeep]
|-end|p2a: Magneton|Snap Trap|[partiallytrapped]|[silent]
|upkeep
|
|t:|1619607769
|switch|p1a: Flapple|Flapple, F|88/100
|turn|31
|
|t:|1619607794
|switch|p2a: Silvally|Silvally-Fairy|100/100
|move|p1a: Flapple|Sucker Punch||[still]
|-fail|p1a: Flapple
|
|-weather|Sandstorm|[upkeep]
|-damage|p2a: Silvally|94/100|[from] Sandstorm
|-damage|p1a: Flapple|82/100|[from] Sandstorm
|upkeep
|turn|32
|
|t:|1619607805
|move|p2a: Silvally|Swords Dance|p2a: Silvally
|-boost|p2a: Silvally|atk|2
|move|p1a: Flapple|Grav Apple|p2a: Silvally
|-damage|p2a: Silvally|33/100
|-unboost|p2a: Silvally|def|1
|
|-weather|Sandstorm|[upkeep]
|-damage|p2a: Silvally|26/100|[from] Sandstorm
|-damage|p1a: Flapple|76/100|[from] Sandstorm
|upkeep
|turn|33
|
|t:|1619607815
|move|p1a: Flapple|Sucker Punch|p2a: Silvally
|-resisted|p2a: Silvally
|-damage|p2a: Silvally|0 fnt
|faint|p2a: Silvally
|
|-weather|Sandstorm|[upkeep]
|-damage|p1a: Flapple|70/100|[from] Sandstorm
|upkeep
|
|t:|1619607821
|switch|p2a: Passimian|Passimian, M|36/100
|turn|34
|
|t:|1619607827
|switch|p1a: Stunfisk|Stunfisk-Galar, F|26/100
|move|p2a: Passimian|U-turn|p1a: Stunfisk
|-resisted|p1a: Stunfisk
|-damage|p1a: Stunfisk|19/100
|
|t:|1619607837
|switch|p2a: Piloswine|Piloswine, M|100/100|[from]move: U-turn
|
|-weather|none
|-heal|p1a: Stunfisk|25/100|[from] item: Leftovers
|upkeep
|turn|35
|
|t:|1619607867
|move|p1a: Stunfisk|Protect|p1a: Stunfisk
|-singleturn|p1a: Stunfisk|Protect
|move|p2a: Piloswine|Icicle Crash|p1a: Stunfisk
|-activate|p1a: Stunfisk|move: Protect
|
|-heal|p1a: Stunfisk|31/100|[from] item: Leftovers
|upkeep
|turn|36
|
|t:|1619607873
|switch|p1a: Aromatisse|Aromatisse, M|83/100
|move|p2a: Piloswine|Earthquake|p1a: Aromatisse
|-damage|p1a: Aromatisse|48/100
|
|upkeep
|turn|37
|
|t:|1619607883
|move|p2a: Piloswine|Stealth Rock|p1a: Aromatisse
|-sidestart|p1: ayo bb|move: Stealth Rock
|move|p1a: Aromatisse|Wish|p1a: Aromatisse
|
|upkeep
|turn|38
|
|t:|1619607887
|switch|p2a: Magneton|Magneton|38/100
|move|p1a: Aromatisse|Moonblast|p2a: Magneton
|-resisted|p2a: Magneton
|-damage|p2a: Magneton|8/100
|
|-heal|p1a: Aromatisse|98/100|[from] move: Wish|[wisher] Aromatisse
|upkeep
|turn|39
|
|t:|1619607923
|switch|p1a: Golbat|Golbat, M|46/100
|-damage|p1a: Golbat|21/100|[from] Stealth Rock
|move|p2a: Magneton|Flash Cannon|p1a: Golbat
|-damage|p1a: Golbat|0 fnt
|faint|p1a: Golbat
|
|upkeep
|
|t:|1619607924
|switch|p1a: Stunfisk|Stunfisk-Galar, F|31/100
|-damage|p1a: Stunfisk|28/100|[from] Stealth Rock
|turn|40
|
|t:|1619608001
|switch|p2a: Xatu|Xatu, F|30/100
|move|p1a: Stunfisk|Snap Trap|p2a: Xatu
|-resisted|p2a: Xatu
|-damage|p2a: Xatu|24/100
|-activate|p2a: Xatu|move: Snap Trap|[of] p1a: Stunfisk
|
|-heal|p1a: Stunfisk|34/100|[from] item: Leftovers
|-damage|p2a: Xatu|12/100|[from] move: Snap Trap|[partiallytrapped]
|upkeep
|turn|41
|
|t:|1619608010
|move|p1a: Stunfisk|Protect|p1a: Stunfisk
|-singleturn|p1a: Stunfisk|Protect
|move|p2a: Xatu|Heat Wave|p1a: Stunfisk
|-activate|p1a: Stunfisk|move: Protect
|
|-heal|p1a: Stunfisk|41/100|[from] item: Leftovers
|-damage|p2a: Xatu|0 fnt|[from] move: Snap Trap|[partiallytrapped]
|faint|p2a: Xatu
|upkeep
|
|t:|1619608025
|switch|p2a: Passimian|Passimian, M|36/100
|turn|42
|
|t:|1619608039
|move|p1a: Stunfisk|Protect||[still]
|-fail|p1a: Stunfisk
|move|p2a: Passimian|U-turn|p1a: Stunfisk
|-resisted|p1a: Stunfisk
|-damage|p1a: Stunfisk|34/100
|
|t:|1619608045
|switch|p2a: Piloswine|Piloswine, M|100/100|[from]move: U-turn
|
|-heal|p1a: Stunfisk|40/100|[from] item: Leftovers
|upkeep
|turn|43
|
|t:|1619608057
|switch|p2a: Passimian|Passimian, M|36/100
|switch|p1a: Aromatisse|Aromatisse, M|98/100
|-damage|p1a: Aromatisse|85/100|[from] Stealth Rock
|
|upkeep
|turn|44
|c|☆GUIDA PAMPARAQUI|this is a really good game
|
|t:|1619608085
|move|p2a: Passimian|Gunk Shot|p1a: Aromatisse
|-supereffective|p1a: Aromatisse
|-damage|p1a: Aromatisse|27/100
|move|p1a: Aromatisse|Moonblast|p2a: Passimian
|-supereffective|p2a: Passimian
|-damage|p2a: Passimian|0 fnt
|faint|p2a: Passimian
|
|upkeep
|c|☆ayo bb|yeah its been a good one
|
|t:|1619608105
|switch|p2a: Piloswine|Piloswine, M|100/100
|turn|45
|
|t:|1619608112
|move|p2a: Piloswine|Earthquake|p1a: Aromatisse
|-damage|p1a: Aromatisse|0 fnt
|faint|p1a: Aromatisse
|
|upkeep
|
|t:|1619608118
|switch|p1a: Flapple|Flapple, F|70/100
|-damage|p1a: Flapple|58/100|[from] Stealth Rock
|turn|46
|
|t:|1619608122
|move|p2a: Piloswine|Ice Shard|p1a: Flapple
|-supereffective|p1a: Flapple
|-damage|p1a: Flapple|0 fnt
|faint|p1a: Flapple
|
|upkeep
|
|t:|1619608124
|switch|p1a: Stunfisk|Stunfisk-Galar, F|40/100
|-damage|p1a: Stunfisk|37/100|[from] Stealth Rock
|turn|47
|
|t:|1619608128
|move|p2a: Piloswine|Earthquake|p1a: Stunfisk
|-supereffective|p1a: Stunfisk
|-damage|p1a: Stunfisk|0 fnt
|faint|p1a: Stunfisk
|
|win|GUIDA PAMPARAQUI
|raw|ayo bb's rating: 1586 &rarr; <strong>1561</strong><br />(-25 for losing)
|raw|GUIDA PAMPARAQUI's rating: 1504 &rarr; <strong>1529</strong><br />(+25 for winning)
|c|☆ayo bb|gg
|c|☆GUIDA PAMPARAQUI|what an excellent pig
|c|☆GUIDA PAMPARAQUI|gg
|c|☆ayo bb|cya around o/
|c|☆GUIDA PAMPARAQUI|I really do love your team!
|c|☆ayo bb|thank you! <3
|c|☆GUIDA PAMPARAQUI|the fucking stunfisk gives me nightmares
