|j|☆BiscotteKouloulou
|j|☆Rolaskatoxxx
|t:|1664412035
|gametype|singles
|player|p1|BiscotteKouloulou|unknown|1393
|player|p2|Rolaskatoxxx|2|1382
|teamsize|p1|6
|teamsize|p2|6
|gen|8
|tier|[Gen 8] PU
|rated|
|rule|Sleep Clause Mod: Limit one foe put to sleep
|rule|Species Clause: Limit one of each Pokémon
|rule|OHKO Clause: OHKO moves are banned
|rule|Evasion Items Clause: Evasion items are banned
|rule|Evasion Moves Clause: Evasion moves are banned
|rule|Endless Battle Clause: Forcing endless battles is banned
|rule|HP Percentage Mod: HP is shown in percentages
|rule|Dynamax Clause: You cannot dynamax
|clearpoke
|poke|p1|Gallade, M|
|poke|p1|Charizard, F|
|poke|p1|Silvally-*|
|poke|p1|Ferroseed, F|
|poke|p1|Gigalith, F|
|poke|p1|Ribombee, F|
|poke|p2|Audino, M|
|poke|p2|Cinccino, M|
|poke|p2|Roselia, F|
|poke|p2|Scrafty, F|
|poke|p2|Quagsire, F|
|poke|p2|Comfey, F|
|teampreview
|
|t:|1664412047
|start
|switch|p1a: Gallade|Gallade, M|100/100
|switch|p2a: Roselia|Roselia, F, shiny|100/100
|turn|1
|
|t:|1664412053
|switch|p2a: Quagsire|Quagsire, F, shiny|100/100
|move|p1a: Gallade|Psycho Cut|p2a: Quagsire
|-damage|p2a: Quagsire|71/100
|
|-heal|p2a: Quagsire|77/100|[from] item: Leftovers
|upkeep
|turn|2
|
|t:|1664412060
|switch|p1a: Silvally|Silvally-Grass|100/100
|move|p2a: Quagsire|Scald|p1a: Silvally
|-resisted|p1a: Silvally
|-damage|p1a: Silvally|90/100
|-status|p1a: Silvally|brn
|
|-heal|p2a: Quagsire|83/100|[from] item: Leftovers
|-damage|p1a: Silvally|84/100 brn|[from] brn
|upkeep
|turn|3
|
|t:|1664412066
|switch|p1a: Gallade|Gallade, M|100/100
|switch|p2a: Audino|Audino, M, shiny|100/100
|
|upkeep
|turn|4
|
|t:|1664412071
|move|p2a: Audino|Protect|p2a: Audino
|-singleturn|p2a: Audino|Protect
|move|p1a: Gallade|Close Combat|p2a: Audino
|-activate|p2a: Audino|move: Protect
|
|upkeep
|turn|5
|
|t:|1664412075
|switch|p2a: Comfey|Comfey, F|100/100
|move|p1a: Gallade|Close Combat|p2a: Comfey
|-resisted|p2a: Comfey
|-damage|p2a: Comfey|50/100
|-unboost|p1a: Gallade|def|1
|-unboost|p1a: Gallade|spd|1
|
|-heal|p2a: Comfey|56/100|[from] item: Leftovers
|upkeep
|turn|6
|
|t:|1664412084
|switch|p1a: Charizard|Charizard, F|100/100
|move|p2a: Comfey|Draining Kiss|p1a: Charizard
|-resisted|p1a: Charizard
|-crit|p1a: Charizard
|-damage|p1a: Charizard|84/100
|-heal|p2a: Comfey|74/100|[from] drain|[of] p1a: Charizard
|
|-heal|p2a: Comfey|80/100|[from] item: Leftovers
|upkeep
|turn|7
|
|t:|1664412087
|move|p1a: Charizard|Flamethrower|p2a: Comfey
|-damage|p2a: Comfey|43/100
|move|p2a: Comfey|Calm Mind|p2a: Comfey
|-boost|p2a: Comfey|spa|1
|-boost|p2a: Comfey|spd|1
|
|-heal|p2a: Comfey|49/100|[from] item: Leftovers
|upkeep
|turn|8
|
|t:|1664412110
|move|p1a: Charizard|Toxic|p2a: Comfey|[miss]
|-miss|p1a: Charizard|p2a: Comfey
|move|p2a: Comfey|Calm Mind|p2a: Comfey
|-boost|p2a: Comfey|spa|1
|-boost|p2a: Comfey|spd|1
|
|-heal|p2a: Comfey|56/100|[from] item: Leftovers
|upkeep
|turn|9
|
|t:|1664412114
|move|p1a: Charizard|Toxic|p2a: Comfey|[miss]
|-miss|p1a: Charizard|p2a: Comfey
|move|p2a: Comfey|Stored Power|p1a: Charizard
|-damage|p1a: Charizard|26/100
|
|-heal|p2a: Comfey|62/100|[from] item: Leftovers
|upkeep
|turn|10
|
|t:|1664412118
|move|p2a: Comfey|Draining Kiss|p1a: Charizard
|-resisted|p1a: Charizard
|-damage|p1a: Charizard|6/100
|-heal|p2a: Comfey|84/100|[from] drain|[of] p1a: Charizard
|move|p1a: Charizard|Toxic|p2a: Comfey|[miss]
|-miss|p1a: Charizard|p2a: Comfey
|
|-heal|p2a: Comfey|91/100|[from] item: Leftovers
|upkeep
|turn|11
|c|☆Rolaskatoxxx|lmao
|
|t:|1664412125
|switch|p1a: Ferroseed|Ferroseed, F|100/100
|move|p2a: Comfey|Draining Kiss|p1a: Ferroseed
|-resisted|p1a: Ferroseed
|-damage|p1a: Ferroseed|84/100
|-heal|p2a: Comfey|100/100|[from] drain|[of] p1a: Ferroseed
|-damage|p2a: Comfey|88/100|[from] ability: Iron Barbs|[of] p1a: Ferroseed
|
|-heal|p2a: Comfey|94/100|[from] item: Leftovers
|upkeep
|turn|12
|
|t:|1664412128
|move|p2a: Comfey|Substitute|p2a: Comfey
|-start|p2a: Comfey|Substitute
|-damage|p2a: Comfey|70/100
|move|p1a: Ferroseed|Knock Off|p2a: Comfey
|-resisted|p2a: Comfey
|-activate|p2a: Comfey|move: Substitute|[damage]
|
|-heal|p2a: Comfey|76/100|[from] item: Leftovers
|upkeep
|turn|13
|
|t:|1664412132
|switch|p1a: Gigalith|Gigalith, F|100/100
|-weather|Sandstorm|[from] ability: Sand Stream|[of] p1a: Gigalith
|move|p2a: Comfey|Calm Mind|p2a: Comfey
|-boost|p2a: Comfey|spa|1
|-boost|p2a: Comfey|spd|1
|
|-weather|Sandstorm|[upkeep]
|-damage|p2a: Comfey|70/100|[from] Sandstorm
|-heal|p2a: Comfey|76/100|[from] item: Leftovers
|upkeep
|turn|14
|
|t:|1664412135
|move|p2a: Comfey|Stored Power|p1a: Gigalith
|-damage|p1a: Gigalith|57/100
|move|p1a: Gigalith|Rock Blast|p2a: Comfey|[miss]
|-miss|p1a: Gigalith|p2a: Comfey
|
|-weather|Sandstorm|[upkeep]
|-damage|p2a: Comfey|70/100|[from] Sandstorm
|-heal|p2a: Comfey|76/100|[from] item: Leftovers
|-heal|p1a: Gigalith|63/100|[from] item: Leftovers
|upkeep
|turn|15
|c|☆BiscotteKouloulou|wowo
|c|☆Rolaskatoxxx|lmaoooooooo
|
|t:|1664412143
|move|p2a: Comfey|Calm Mind|p2a: Comfey
|-boost|p2a: Comfey|spa|1
|-boost|p2a: Comfey|spd|1
|move|p1a: Gigalith|Rock Blast|p2a: Comfey
|-end|p2a: Comfey|Substitute
|-damage|p2a: Comfey|61/100
|-damage|p2a: Comfey|44/100
|-damage|p2a: Comfey|29/100
|-damage|p2a: Comfey|14/100
|-hitcount|p2a: Comfey|5
|
|-weather|Sandstorm|[upkeep]
|-damage|p2a: Comfey|8/100|[from] Sandstorm
|-heal|p2a: Comfey|14/100|[from] item: Leftovers
|-heal|p1a: Gigalith|69/100|[from] item: Leftovers
|upkeep
|turn|16
|
|t:|1664412153
|switch|p1a: Charizard|Charizard, F|6/100
|move|p2a: Comfey|Draining Kiss|p1a: Charizard
|-resisted|p1a: Charizard
|-damage|p1a: Charizard|0 fnt
|-heal|p2a: Comfey|21/100|[from] drain|[of] p1a: Charizard
|faint|p1a: Charizard
|
|-weather|Sandstorm|[upkeep]
|-damage|p2a: Comfey|14/100|[from] Sandstorm
|-heal|p2a: Comfey|21/100|[from] item: Leftovers
|upkeep
|
|t:|1664412154
|switch|p1a: Gallade|Gallade, M|100/100
|turn|17
|
|t:|1664412156
|move|p2a: Comfey|Draining Kiss|p1a: Gallade
|-supereffective|p1a: Gallade
|-damage|p1a: Gallade|0 fnt
|-heal|p2a: Comfey|100/100|[from] drain|[of] p1a: Gallade
|faint|p1a: Gallade
|
|-weather|none
|upkeep
|-message|BiscotteKouloulou forfeited.
|
|win|Rolaskatoxxx
|raw|BiscotteKouloulou's rating: 1393 &rarr; <strong>1372</strong><br />(-21 for losing)
|raw|Rolaskatoxxx's rating: 1382 &rarr; <strong>1403</strong><br />(+21 for winning)
|l|☆BiscotteKouloulou
|l|☆Rolaskatoxxx
||Ladder isn't responding, score probably updated but might not have (Request timeout).
|j|☆BiscotteKouloulou
|player|p1|BiscotteKouloulou|unknown
