|j|☆quagysaurus
|j|☆INSANE CARZY GUY
|t:|1648850906
|gametype|singles
|player|p1|quagysaurus|petrel|1339
|player|p2|INSANE CARZY GUY|pilot|1331
|teamsize|p1|6
|teamsize|p2|6
|gen|8
|tier|[Gen 8] PU
|rated|
|rule|Sleep Clause Mod: Limit one foe put to sleep
|rule|Species Clause: Limit one of each Pokémon
|rule|OHKO Clause: OHKO moves are banned
|rule|Evasion Moves Clause: Evasion moves are banned
|rule|Endless Battle Clause: Forcing endless battles is banned
|rule|HP Percentage Mod: HP is shown in percentages
|rule|Dynamax Clause: You cannot dynamax
|clearpoke
|poke|p1|Type: Null|
|poke|p1|Tangela, F|
|poke|p1|Silvally-*|
|poke|p1|Aggron, M|
|poke|p1|Scrafty, F|
|poke|p1|Articuno-Galar|
|poke|p2|Articuno-Galar|
|poke|p2|Glastrier|
|poke|p2|Tangela, M|
|poke|p2|Magneton|
|poke|p2|Regirock|
|poke|p2|Froslass, F|
|teampreview
|c|☆INSANE CARZY GUY|lg hg
|
|t:|1648850929
|start
|switch|p1a: Tangela|Tangela, F|100/100
|switch|p2a: Magneton|Magneton, shiny|100/100
|turn|1
|
|t:|1648850934
|move|p2a: Magneton|Toxic|p1a: Tangela
|-status|p1a: Tangela|tox
|move|p1a: Tangela|Knock Off|p2a: Magneton
|-damage|p2a: Magneton|89/100
|-enditem|p2a: Magneton|Eviolite|[from] move: Knock Off|[of] p1a: Tangela
|
|-damage|p1a: Tangela|95/100 tox|[from] psn
|upkeep
|turn|2
|
|t:|1648850946
|move|p2a: Magneton|Flash Cannon|p1a: Tangela
|-damage|p1a: Tangela|40/100 tox
|move|p1a: Tangela|Leech Seed|p2a: Magneton
|-start|p2a: Magneton|move: Leech Seed
|
|-damage|p2a: Magneton|77/100|[from] Leech Seed|[of] p1a: Tangela
|-heal|p1a: Tangela|50/100 tox|[silent]
|-damage|p1a: Tangela|38/100 tox|[from] psn
|upkeep
|turn|3
|
|t:|1648850955
|switch|p1a: Type: Null|Type: Null|100/100
|move|p2a: Magneton|Volt Switch|p1a: Type: Null
|-damage|p1a: Type: Null|80/100
|
|t:|1648850968
|switch|p2a: Tangela|Tangela, M, shiny|100/100|[from]move: Volt Switch
|
|upkeep
|turn|4
|
|t:|1648850982
|switch|p1a: Silvally|Silvally-Fairy|100/100
|move|p2a: Tangela|Knock Off|p1a: Silvally
|-resisted|p1a: Silvally
|-damage|p1a: Silvally|97/100
|
|upkeep
|turn|5
|
|t:|1648850988
|move|p1a: Silvally|Flamethrower|p2a: Tangela
|-supereffective|p2a: Tangela
|-damage|p2a: Tangela|54/100
|move|p2a: Tangela|Sludge Bomb|p1a: Silvally
|-supereffective|p1a: Silvally
|-crit|p1a: Silvally
|-damage|p1a: Silvally|40/100
|
|upkeep
|turn|6
|
|t:|1648850996
|switch|p2a: Regirock|Regirock|100/100
|move|p1a: Silvally|Parting Shot|p2a: Regirock
|-fail|p2a: Regirock|unboost|[from] ability: Clear Body|[of] p2a: Regirock
|
|upkeep
|turn|7
|
|t:|1648851015
|switch|p1a: Tangela|Tangela, F|71/100 tox
|move|p2a: Regirock|Stealth Rock|p1a: Tangela
|-sidestart|p1: quagysaurus|move: Stealth Rock
|
|-damage|p1a: Tangela|65/100 tox|[from] psn
|upkeep
|turn|8
|
|t:|1648851023
|switch|p2a: Magneton|Magneton, shiny|77/100
|move|p1a: Tangela|Leech Seed|p2a: Magneton
|-start|p2a: Magneton|move: Leech Seed
|
|-damage|p2a: Magneton|64/100|[from] Leech Seed|[of] p1a: Tangela
|-heal|p1a: Tangela|75/100 tox|[silent]
|-damage|p1a: Tangela|63/100 tox|[from] psn
|upkeep
|turn|9
|l|☆quagysaurus
|player|p1|
|j|☆quagysaurus
|player|p1|quagysaurus|petrel
|
|t:|1648851065
|move|p1a: Tangela|Sleep Powder|p2a: Magneton
|-status|p2a: Magneton|slp|[from] move: Sleep Powder
|cant|p2a: Magneton|slp
|
|-damage|p2a: Magneton|52/100 slp|[from] Leech Seed|[of] p1a: Tangela
|-heal|p1a: Tangela|73/100 tox|[silent]
|-damage|p1a: Tangela|55/100 tox|[from] psn
|upkeep
|turn|10
|
|t:|1648851074
|switch|p1a: Silvally|Silvally-Fairy|40/100
|-damage|p1a: Silvally|27/100|[from] Stealth Rock
|cant|p2a: Magneton|slp
|
|-damage|p2a: Magneton|39/100 slp|[from] Leech Seed|[of] p1a: Silvally
|-heal|p1a: Silvally|36/100|[silent]
|upkeep
|turn|11
|
|t:|1648851095
|switch|p2a: Articuno|Articuno-Galar|100/100
|move|p1a: Silvally|Defog|p2a: Articuno
|-unboost|p2a: Articuno|evasion|1
|-ability|p2a: Articuno|Competitive
|-boost|p2a: Articuno|spa|2
|-sideend|p1: quagysaurus|Stealth Rock|[from] move: Defog|[of] p1a: Silvally
|
|upkeep
|turn|12
|
|t:|1648851100
|switch|p1a: Aggron|Aggron, M|100/100
|move|p2a: Articuno|Air Slash|p1a: Aggron
|-resisted|p1a: Aggron
|-damage|p1a: Aggron|83/100
|
|-heal|p1a: Aggron|89/100|[from] item: Leftovers
|upkeep
|turn|13
|
|t:|1648851110
|move|p2a: Articuno|U-turn|p1a: Aggron
|-resisted|p1a: Aggron
|-damage|p1a: Aggron|85/100
|
|t:|1648851118
|switch|p2a: Regirock|Regirock|100/100|[from]move: U-turn
|move|p1a: Aggron|Stealth Rock|p2a: Regirock
|-sidestart|p2: INSANE CARZY GUY|move: Stealth Rock
|
|-heal|p1a: Aggron|91/100|[from] item: Leftovers
|upkeep
|turn|14
|
|t:|1648851129
|move|p2a: Regirock|Body Press|p1a: Aggron
|-supereffective|p1a: Aggron
|-damage|p1a: Aggron|1/100
|move|p1a: Aggron|Toxic|p2a: Regirock
|-status|p2a: Regirock|tox
|
|-heal|p1a: Aggron|7/100|[from] item: Leftovers
|-damage|p2a: Regirock|94/100 tox|[from] psn
|upkeep
|turn|15
|
|t:|1648851149
|switch|p1a: Tangela|Tangela, F|88/100 tox
|move|p2a: Regirock|Stealth Rock|p1a: Tangela
|-sidestart|p1: quagysaurus|move: Stealth Rock
|
|-heal|p2a: Regirock|100/100 tox|[from] item: Leftovers
|-damage|p1a: Tangela|82/100 tox|[from] psn
|-damage|p2a: Regirock|88/100 tox|[from] psn
|upkeep
|turn|16
|
|t:|1648851166
|switch|p2a: Magneton|Magneton, shiny|39/100 slp
|-damage|p2a: Magneton|33/100 slp|[from] Stealth Rock
|move|p1a: Tangela|Knock Off|p2a: Magneton
|-damage|p2a: Magneton|23/100 slp
|
|-damage|p1a: Tangela|70/100 tox|[from] psn
|upkeep
|turn|17
|
|t:|1648851174
|-curestatus|p2a: Magneton|slp|[msg]
|move|p2a: Magneton|Flash Cannon|p1a: Tangela
|-damage|p1a: Tangela|11/100 tox
|move|p1a: Tangela|Leech Seed|p2a: Magneton
|-start|p2a: Magneton|move: Leech Seed
|
|-damage|p2a: Magneton|10/100|[from] Leech Seed|[of] p1a: Tangela
|-heal|p1a: Tangela|21/100 tox|[silent]
|-damage|p1a: Tangela|3/100 tox|[from] psn
|upkeep
|turn|18
|
|t:|1648851184
|switch|p1a: Aggron|Aggron, M|7/100
|-damage|p1a: Aggron|1/100|[from] Stealth Rock
|move|p2a: Magneton|Volt Switch|p1a: Aggron
|-damage|p1a: Aggron|0 fnt
|faint|p1a: Aggron
|
|t:|1648851192
|switch|p2a: Froslass|Froslass, F, shiny|100/100|[from]move: Volt Switch
|-damage|p2a: Froslass|76/100|[from] Stealth Rock
|
|upkeep
|
|t:|1648851215
|switch|p1a: Scrafty|Scrafty, F|100/100
|-damage|p1a: Scrafty|95/100|[from] Stealth Rock
|turn|19
|
|t:|1648851224
|move|p2a: Froslass|Trick|p1a: Scrafty
|-activate|p2a: Froslass|move: Trick|[of] p1a: Scrafty
|-item|p1a: Scrafty|Choice Band|[from] move: Trick
|-item|p2a: Froslass|Chople Berry|[from] move: Trick
|move|p1a: Scrafty|Dragon Dance|p1a: Scrafty
|-boost|p1a: Scrafty|atk|1
|-boost|p1a: Scrafty|spe|1
|
|upkeep
|turn|20
|
|t:|1648851233
|switch|p1a: Type: Null|Type: Null|80/100
|-damage|p1a: Type: Null|68/100|[from] Stealth Rock
|move|p2a: Froslass|Spikes|p1a: Type: Null
|-sidestart|p1: quagysaurus|Spikes
|
|upkeep
|turn|21
|
|t:|1648851239
|switch|p1a: Silvally|Silvally-Fairy|36/100
|-damage|p1a: Silvally|23/100|[from] Stealth Rock
|-damage|p1a: Silvally|11/100|[from] Spikes
|move|p2a: Froslass|Spikes|p1a: Silvally
|-sidestart|p1: quagysaurus|Spikes
|
|upkeep
|turn|22
|
|t:|1648851245
|move|p2a: Froslass|Icicle Crash|p1a: Silvally
|-damage|p1a: Silvally|0 fnt
|faint|p1a: Silvally
|
|upkeep
|-message|quagysaurus forfeited.
|
|win|INSANE CARZY GUY
|raw|quagysaurus's rating: 1339 &rarr; <strong>1319</strong><br />(-20 for losing)
|raw|INSANE CARZY GUY's rating: 1331 &rarr; <strong>1351</strong><br />(+20 for winning)
|l|☆quagysaurus
|c|☆INSANE CARZY GUY|gg
||Ladder isn't responding, score probably updated but might not have (Request timeout).
