|raw|<div class="broadcast-blue"><strong>This battle is required to be public due to a player having a name starting with 'pult4c1'.</div>
|j|☆gu87
|j|☆PULT4C1 Redemption
|t:|1661043916
|gametype|singles
|player|p1|gu87|170|1317
|player|p2|PULT4C1 Redemption|#redemptionxmas|1541
|teamsize|p1|6
|teamsize|p2|6
|gen|8
|tier|[Gen 8] PU
|rated|
|rule|Sleep Clause Mod: Limit one foe put to sleep
|rule|Species Clause: Limit one of each Pokémon
|rule|OHKO Clause: OHKO moves are banned
|rule|Evasion Items Clause: Evasion items are banned
|rule|Evasion Moves Clause: Evasion moves are banned
|rule|Endless Battle Clause: Forcing endless battles is banned
|rule|HP Percentage Mod: HP is shown in percentages
|rule|Dynamax Clause: You cannot dynamax
|clearpoke
|poke|p1|Jolteon, M|
|poke|p1|Claydol|
|poke|p1|Pincurchin, M|
|poke|p1|Hitmonlee, M|
|poke|p1|Wishiwashi, F|
|poke|p1|Perrserker, M|
|poke|p2|Archeops, F|
|poke|p2|Doublade, F|
|poke|p2|Frosmoth, F|
|poke|p2|Silvally-*|
|poke|p2|Sneasel, M|
|poke|p2|Mesprit|
|teampreview
|inactive|Battle timer is ON: inactive players will automatically lose when time's up. (requested by PULT4C1 Redemption)
|j| PULT4C1 Haffling
|j| Starfall
|inactive|gu87 has 120 seconds left.
|j| Carmin
|inactive|PULT4C1 Redemption has 120 seconds left.
|
|t:|1661043973
|start
|switch|p1a: Wishiwashi|Wishiwashi, F|100/100
|switch|p2a: Archeops|Archeops, F|100/100
|-formechange|p1a: Wishiwashi|Wishiwashi-School||[from] ability: Schooling
|turn|1
|j| yandaud
|inactive|gu87 has 120 seconds left.
|
|t:|1661044012
|move|p2a: Archeops|Stealth Rock|p1a: Wishiwashi
|-sidestart|p1: gu87|move: Stealth Rock
|move|p1a: Wishiwashi|Flip Turn|p2a: Archeops
|-supereffective|p2a: Archeops
|-enditem|p2a: Archeops|Focus Sash
|-damage|p2a: Archeops|1/100
|
|t:|1661044019
|switch|p1a: Claydol|Claydol|100/100|[from]move: Flip Turn
|-damage|p1a: Claydol|94/100|[from] Stealth Rock
|
|upkeep
|turn|2
|inactive|gu87 has 120 seconds left.
|
|t:|1661044034
|switch|p2a: Doublade|Doublade, F|100/100
|move|p1a: Claydol|Rapid Spin|p2a: Doublade
|-immune|p2a: Doublade
|
|upkeep
|turn|3
|
|t:|1661044044
|switch|p1a: Pincurchin|Pincurchin, M|100/100
|-damage|p1a: Pincurchin|88/100|[from] Stealth Rock
|-fieldstart|move: Electric Terrain|[from] ability: Electric Surge|[of] p1a: Pincurchin
|switch|p2a: Archeops|Archeops, F|1/100
|
|upkeep
|turn|4
|
|t:|1661044053
|move|p2a: Archeops|Taunt|p1a: Pincurchin
|-start|p1a: Pincurchin|move: Taunt
|move|p1a: Pincurchin|Scald|p2a: Archeops
|-supereffective|p2a: Archeops
|-damage|p2a: Archeops|0 fnt
|faint|p2a: Archeops
|
|upkeep
|
|t:|1661044069
|switch|p2a: Silvally|Silvally-Grass|100/100
|turn|5
|
|t:|1661044076
|switch|p1a: Perrserker|Perrserker, M|100/100
|-damage|p1a: Perrserker|94/100|[from] Stealth Rock
|move|p2a: Silvally|Swords Dance|p2a: Silvally
|-boost|p2a: Silvally|atk|2
|
|upkeep
|turn|6
|inactive|PULT4C1 Redemption has 120 seconds left.
|
|t:|1661044113
|move|p2a: Silvally|Flame Charge|p1a: Perrserker
|-supereffective|p1a: Perrserker
|-damage|p1a: Perrserker|27/100
|-boost|p2a: Silvally|spe|1
|move|p1a: Perrserker|U-turn|p2a: Silvally
|-supereffective|p2a: Silvally
|-damage|p2a: Silvally|29/100
|
|t:|1661044120
|switch|p1a: Hitmonlee|Hitmonlee, M|100/100|[from]move: U-turn
|-damage|p1a: Hitmonlee|95/100|[from] Stealth Rock
|-enditem|p1a: Hitmonlee|Electric Seed
|-boost|p1a: Hitmonlee|def|1|[from] item: Electric Seed
|
|upkeep
|turn|7
|inactive|PULT4C1 Redemption has 120 seconds left.
|c|☆gu87|e.e
|c|☆gu87|!calc
|c| gu87|/raw <div class="infobox">Pok&eacute;mon Showdown! damage calculator. (Courtesy of Honko, Austin, &amp; Kris)<br />- <a href="https://calc.pokemonshowdown.com/index.html">Damage Calculator</a></div>
|inactive|gu87 has 120 seconds left.
|inactive|PULT4C1 Redemption has 90 seconds left.
|c|☆gu87|you like
|c|☆gu87|calcule
|inactive|PULT4C1 Redemption has 60 seconds left.
|
|t:|1661044203
|move|p1a: Hitmonlee|Close Combat|p2a: Silvally
|-damage|p2a: Silvally|0 fnt
|-unboost|p1a: Hitmonlee|def|1
|-unboost|p1a: Hitmonlee|spd|1
|faint|p2a: Silvally
|
|upkeep
|
|t:|1661044207
|switch|p2a: Mesprit|Mesprit|100/100
|turn|8
|
|t:|1661044224
|move|p1a: Hitmonlee|Knock Off|p2a: Mesprit
|-supereffective|p2a: Mesprit
|-enditem|p2a: Mesprit|Colbur Berry|[eat]
|-enditem|p2a: Mesprit|Colbur Berry|[weaken]
|-damage|p2a: Mesprit|62/100
|move|p2a: Mesprit|Psyshock|p1a: Hitmonlee
|-supereffective|p1a: Hitmonlee
|-damage|p1a: Hitmonlee|0 fnt
|faint|p1a: Hitmonlee
|
|upkeep
|
|t:|1661044232
|switch|p1a: Jolteon|Jolteon, M|100/100
|-damage|p1a: Jolteon|88/100|[from] Stealth Rock
|turn|9
|
|t:|1661044248
|move|p1a: Jolteon|Thunderbolt|p2a: Mesprit
|-damage|p2a: Mesprit|0 fnt
|faint|p2a: Mesprit
|
|upkeep
|inactive|PULT4C1 Redemption has 60 seconds left.
|c|☆gu87|it not speks
|c|☆gu87|it scarf
|
|t:|1661044283
|switch|p2a: Sneasel|Sneasel, M|100/100
|turn|10
|inactive|gu87 has 90 seconds left.
|
|t:|1661044326
|move|p2a: Sneasel|Ice Shard|p1a: Jolteon
|-damage|p1a: Jolteon|45/100
|-damage|p2a: Sneasel|91/100|[from] item: Life Orb
|move|p1a: Jolteon|Thunderbolt|p2a: Sneasel
|-damage|p2a: Sneasel|0 fnt
|faint|p2a: Sneasel
|
|-fieldend|move: Electric Terrain
|upkeep
|inactive|PULT4C1 Redemption has 30 seconds left.
|
|t:|1661044356
|switch|p2a: Frosmoth|Frosmoth, F|100/100
|turn|11
|
|t:|1661044360
|move|p1a: Jolteon|Thunderbolt|p2a: Frosmoth
|-damage|p2a: Frosmoth|57/100
|move|p2a: Frosmoth|Quiver Dance|p2a: Frosmoth
|-boost|p2a: Frosmoth|spa|1
|-boost|p2a: Frosmoth|spd|1
|-boost|p2a: Frosmoth|spe|1
|
|upkeep
|turn|12
|c|☆gu87|!dt frosmoth
|raw|<div class="message"><ul class="utilichart"><li class="result"><span class="col numcol">PU</span> <span class="col iconcol"><psicon pokemon="frosmoth"/></span> <span class="col pokemonnamecol" style="white-space:nowrap"><a href="https://dex.pokemonshowdown.com/pokemon/frosmoth" target="_blank">Frosmoth</a></span> <span class="col typecol"><img src="https://play.pokemonshowdown.com/sprites/types/Ice.png" alt="Ice" height="14" width="32"><img src="https://play.pokemonshowdown.com/sprites/types/Bug.png" alt="Bug" height="14" width="32"></span> <span style="float:left;min-height:26px"><span class="col abilitycol">Shield Dust</span><span class="col abilitycol"><em>Ice Scales</em></span></span><span style="float:left;min-height:26px"><span class="col statcol"><em>HP</em><br />70</span> <span class="col statcol"><em>Atk</em><br />65</span> <span class="col statcol"><em>Def</em><br />60</span> <span class="col statcol"><em>SpA</em><br />125</span> <span class="col statcol"><em>SpD</em><br />90</span> <span class="col statcol"><em>Spe</em><br />65</span> <span class="col bstcol"><em>BST<br />475</em></span> </span></li><li style="clear:both"></li></ul></div>
|raw|<font size="1"><font color="#686868">Dex#:</font> 873&nbsp;|&ThickSpace;<font color="#686868">Gen:</font> 8&nbsp;|&ThickSpace;<font color="#686868">Height:</font> 1.3 m&nbsp;|&ThickSpace;<font color="#686868">Weight:</font> 42 kg <em>(60 BP)</em>&nbsp;|&ThickSpace;<font color="#686868">Dex Colour:</font> White&nbsp;|&ThickSpace;<font color="#686868">Egg Group(s):</font> Bug&nbsp;|&ThickSpace;<font color="#686868">Does Not Evolve</font></font>

|inactive|gu87 has 90 seconds left.
|inactive|PULT4C1 Redemption has 30 seconds left.
|inactive|PULT4C1 Redemption has 20 seconds left.
|inactive|gu87 has 60 seconds left.
|
|t:|1661044420
|move|p1a: Jolteon|Thunderbolt|p2a: Frosmoth
|-damage|p2a: Frosmoth|31/100
|move|p2a: Frosmoth|Giga Drain|p1a: Jolteon
|-damage|p1a: Jolteon|0 fnt
|-heal|p2a: Frosmoth|53/100|[from] drain|[of] p1a: Jolteon
|faint|p1a: Jolteon
|
|upkeep
|inactive|PULT4C1 Redemption has 25 seconds left this turn.
|
|t:|1661044428
|switch|p1a: Perrserker|Perrserker, M|27/100
|-damage|p1a: Perrserker|21/100|[from] Stealth Rock
|turn|13
|
|t:|1661044432
|move|p2a: Frosmoth|Ice Beam|p1a: Perrserker
|-resisted|p1a: Perrserker
|-damage|p1a: Perrserker|0 fnt
|faint|p1a: Perrserker
|
|upkeep
|
|t:|1661044435
|switch|p1a: Wishiwashi|Wishiwashi, F|100/100
|-damage|p1a: Wishiwashi|88/100|[from] Stealth Rock
|-formechange|p1a: Wishiwashi|Wishiwashi-School||[from] ability: Schooling
|turn|14
|
|t:|1661044451
|move|p2a: Frosmoth|Giga Drain|p1a: Wishiwashi
|-supereffective|p1a: Wishiwashi
|-damage|p1a: Wishiwashi|24/100
|-heal|p2a: Frosmoth|86/100|[from] drain|[of] p1a: Wishiwashi
|move|p1a: Wishiwashi|Liquidation|p2a: Frosmoth
|-crit|p2a: Frosmoth
|-damage|p2a: Frosmoth|0 fnt
|faint|p2a: Frosmoth
|
|-formechange|p1a: Wishiwashi|Wishiwashi||[from] ability: Schooling
|upkeep
|
|t:|1661044457
|switch|p2a: Doublade|Doublade, F|100/100
|turn|15
|
|t:|1661044461
|move|p2a: Doublade|Swords Dance|p2a: Doublade
|-boost|p2a: Doublade|atk|2
|move|p1a: Wishiwashi|Liquidation|p2a: Doublade
|-damage|p2a: Doublade|85/100
|-unboost|p2a: Doublade|def|1
|
|upkeep
|turn|16
|
|t:|1661044464
|move|p2a: Doublade|Swords Dance|p2a: Doublade
|-boost|p2a: Doublade|atk|2
|move|p1a: Wishiwashi|Liquidation|p2a: Doublade
|-damage|p2a: Doublade|63/100
|-unboost|p2a: Doublade|def|1
|
|upkeep
|turn|17
|
|t:|1661044467
|move|p2a: Doublade|Swords Dance|p2a: Doublade
|-boost|p2a: Doublade|atk|2
|move|p1a: Wishiwashi|Liquidation|p2a: Doublade
|-damage|p2a: Doublade|32/100
|-unboost|p2a: Doublade|def|1
|
|upkeep
|turn|18
|
|t:|1661044470
|move|p2a: Doublade|Shadow Sneak|p1a: Wishiwashi
|-damage|p1a: Wishiwashi|0 fnt
|faint|p1a: Wishiwashi
|
|upkeep
|
|t:|1661044472
|switch|p1a: Claydol|Claydol|94/100
|-damage|p1a: Claydol|88/100|[from] Stealth Rock
|turn|19
|
|t:|1661044475
|move|p2a: Doublade|Shadow Sneak|p1a: Claydol
|-supereffective|p1a: Claydol
|-damage|p1a: Claydol|0 fnt
|faint|p1a: Claydol
|
|upkeep
|
|t:|1661044478
|switch|p1a: Pincurchin|Pincurchin, M|88/100
|-damage|p1a: Pincurchin|76/100|[from] Stealth Rock
|-fieldstart|move: Electric Terrain|[from] ability: Electric Surge|[of] p1a: Pincurchin
|turn|20
|
|t:|1661044482
|move|p2a: Doublade|Shadow Sneak|p1a: Pincurchin
|-damage|p1a: Pincurchin|1/100
|move|p1a: Pincurchin|Rising Voltage|p2a: Doublade
|-hint|Rising Voltage's BP doubled on grounded target.
|-damage|p2a: Doublade|0 fnt
|faint|p2a: Doublade
|
|win|gu87
|raw|gu87's rating: 1317 &rarr; <strong>1348</strong><br />(+31 for winning)
|raw|PULT4C1 Redemption's rating: 1541 &rarr; <strong>1510</strong><br />(-31 for losing)
|c|☆gu87|gg
|c|☆gu87|iz
|c|☆PULT4C1 Redemption|efshorsz
|l|☆PULT4C1 Redemption
|l| PULT4C1 Haffling
|c| Starfall|mdrrrrrr
|c|☆gu87|kkkkkkkkkkkkkkkkk
|l|☆gu87
|l| yandaud
|l| Carmin
||Ladder isn't responding, score probably updated but might not have (Request timeout).
