|j|☆Vishoclock
|j|☆Auricher Typ
|t:|1647860367
|gametype|singles
|player|p1|Vishoclock|cyrus|1129
|player|p2|Auricher Typ|170|1089
|teamsize|p1|6
|teamsize|p2|6
|gen|8
|tier|[Gen 8] PU
|rated|
|rule|Sleep Clause Mod: Limit one foe put to sleep
|rule|Species Clause: Limit one of each Pokémon
|rule|OHKO Clause: OHKO moves are banned
|rule|Evasion Moves Clause: Evasion moves are banned
|rule|Endless Battle Clause: Forcing endless battles is banned
|rule|HP Percentage Mod: HP is shown in percentages
|rule|Dynamax Clause: You cannot dynamax
|clearpoke
|poke|p1|Arctovish|
|poke|p1|Togedemaru, M|
|poke|p1|Weezing, F|
|poke|p1|Eldegoss, F|
|poke|p1|Uxie|
|poke|p1|Scrafty, M|
|poke|p2|Hitmontop, M|
|poke|p2|Lycanroc, M|
|poke|p2|Gigalith, F|
|poke|p2|Charizard, F|
|poke|p2|Quagsire, M|
|poke|p2|Cofagrigus, F|
|teampreview
|
|t:|1647860391
|start
|switch|p1a: Uxie|Uxie|100/100
|switch|p2a: Gigalith|Gigalith, F|100/100
|-weather|Sandstorm|[from] ability: Sand Stream|[of] p2a: Gigalith
|turn|1
|
|t:|1647860399
|move|p1a: Uxie|Stealth Rock|p2a: Gigalith
|-sidestart|p2: Auricher Typ|move: Stealth Rock
|move|p2a: Gigalith|Stealth Rock|p1a: Uxie
|-sidestart|p1: Vishoclock|move: Stealth Rock
|
|-weather|Sandstorm|[upkeep]
|-damage|p1a: Uxie|94/100|[from] Sandstorm
|upkeep
|turn|2
|
|t:|1647860409
|move|p1a: Uxie|Knock Off|p2a: Gigalith
|-damage|p2a: Gigalith|90/100
|-enditem|p2a: Gigalith|Shuca Berry|[from] move: Knock Off|[of] p1a: Uxie
|move|p2a: Gigalith|Throat Chop|p1a: Uxie
|-supereffective|p1a: Uxie
|-enditem|p1a: Uxie|Colbur Berry|[eat]
|-enditem|p1a: Uxie|Colbur Berry|[weaken]
|-damage|p1a: Uxie|80/100
|-start|p1a: Uxie|Throat Chop|[silent]
|
|-weather|Sandstorm|[upkeep]
|-damage|p1a: Uxie|74/100|[from] Sandstorm
|upkeep
|turn|3
|
|t:|1647860418
|move|p1a: Uxie|U-turn|p2a: Gigalith
|-damage|p2a: Gigalith|84/100
|
|t:|1647860421
|switch|p1a: Scrafty|Scrafty, M|100/100|[from]move: U-turn
|-damage|p1a: Scrafty|95/100|[from] Stealth Rock
|move|p2a: Gigalith|Throat Chop|p1a: Scrafty
|-resisted|p1a: Scrafty
|-damage|p1a: Scrafty|88/100
|-start|p1a: Scrafty|Throat Chop|[silent]
|
|-weather|Sandstorm|[upkeep]
|-damage|p1a: Scrafty|82/100|[from] Sandstorm
|-heal|p1a: Scrafty|88/100|[from] item: Leftovers
|upkeep
|turn|4
|
|t:|1647860437
|switch|p2a: Cofagrigus|Cofagrigus, F|100/100
|-damage|p2a: Cofagrigus|88/100|[from] Stealth Rock
|move|p1a: Scrafty|Close Combat|p2a: Cofagrigus
|-immune|p2a: Cofagrigus
|
|-weather|Sandstorm|[upkeep]
|-damage|p1a: Scrafty|82/100|[from] Sandstorm
|-damage|p2a: Cofagrigus|82/100|[from] Sandstorm
|-heal|p1a: Scrafty|88/100|[from] item: Leftovers
|-end|p1a: Scrafty|Throat Chop|[silent]
|upkeep
|turn|5
|
|t:|1647860452
|switch|p2a: Quagsire|Quagsire, M|100/100
|-damage|p2a: Quagsire|94/100|[from] Stealth Rock
|move|p1a: Scrafty|Knock Off|p2a: Quagsire
|-damage|p2a: Quagsire|54/100
|-enditem|p2a: Quagsire|Leftovers|[from] move: Knock Off|[of] p1a: Scrafty
|
|-weather|none
|-heal|p1a: Scrafty|94/100|[from] item: Leftovers
|upkeep
|turn|6
|
|t:|1647860464
|move|p1a: Scrafty|Close Combat|p2a: Quagsire
|-damage|p2a: Quagsire|0 fnt
|-unboost|p1a: Scrafty|def|1
|-unboost|p1a: Scrafty|spd|1
|faint|p2a: Quagsire
|
|-heal|p1a: Scrafty|99/100|[from] item: Leftovers
|upkeep
|
|t:|1647860471
|switch|p2a: Charizard|Charizard, F|100/100
|turn|7
|
|t:|1647860486
|switch|p1a: Uxie|Uxie|74/100
|-damage|p1a: Uxie|62/100|[from] Stealth Rock
|move|p2a: Charizard|Air Slash|p1a: Uxie
|-damage|p1a: Uxie|31/100
|
|upkeep
|turn|8
|
|t:|1647860498
|switch|p2a: Gigalith|Gigalith, F|84/100
|-damage|p2a: Gigalith|71/100|[from] Stealth Rock
|-weather|Sandstorm|[from] ability: Sand Stream|[of] p2a: Gigalith
|move|p1a: Uxie|Knock Off|p2a: Gigalith
|-damage|p2a: Gigalith|64/100
|
|-weather|Sandstorm|[upkeep]
|-damage|p1a: Uxie|25/100|[from] Sandstorm
|upkeep
|turn|9
|
|t:|1647860511
|move|p1a: Uxie|U-turn|p2a: Gigalith
|-damage|p2a: Gigalith|57/100
|
|t:|1647860513
|switch|p1a: Scrafty|Scrafty, M|99/100|[from]move: U-turn
|-damage|p1a: Scrafty|94/100|[from] Stealth Rock
|move|p2a: Gigalith|Toxic|p1a: Scrafty
|-status|p1a: Scrafty|tox
|
|-weather|Sandstorm|[upkeep]
|-damage|p1a: Scrafty|88/100 tox|[from] Sandstorm
|-activate|p1a: Scrafty|ability: Shed Skin
|-curestatus|p1a: Scrafty|tox|[msg]
|-heal|p1a: Scrafty|94/100|[from] item: Leftovers
|upkeep
|turn|10
|
|t:|1647860528
|move|p1a: Scrafty|Dragon Dance|p1a: Scrafty
|-boost|p1a: Scrafty|atk|1
|-boost|p1a: Scrafty|spe|1
|move|p2a: Gigalith|Toxic|p1a: Scrafty
|-status|p1a: Scrafty|tox
|
|-weather|Sandstorm|[upkeep]
|-damage|p1a: Scrafty|88/100 tox|[from] Sandstorm
|-heal|p1a: Scrafty|94/100 tox|[from] item: Leftovers
|-damage|p1a: Scrafty|88/100 tox|[from] psn
|upkeep
|turn|11
|
|t:|1647860549
|move|p1a: Scrafty|Dragon Dance|p1a: Scrafty
|-boost|p1a: Scrafty|atk|1
|-boost|p1a: Scrafty|spe|1
|move|p2a: Gigalith|Body Press|p1a: Scrafty
|-supereffective|p1a: Scrafty
|-damage|p1a: Scrafty|27/100 tox
|
|-weather|Sandstorm|[upkeep]
|-damage|p1a: Scrafty|22/100 tox|[from] Sandstorm
|-activate|p1a: Scrafty|ability: Shed Skin
|-curestatus|p1a: Scrafty|tox|[msg]
|-heal|p1a: Scrafty|27/100|[from] item: Leftovers
|upkeep
|turn|12
|
|t:|1647860561
|move|p1a: Scrafty|Close Combat|p2a: Gigalith
|-supereffective|p2a: Gigalith
|-crit|p2a: Gigalith
|-damage|p2a: Gigalith|0 fnt
|-unboost|p1a: Scrafty|def|1
|-unboost|p1a: Scrafty|spd|1
|faint|p2a: Gigalith
|
|-weather|none
|-heal|p1a: Scrafty|33/100|[from] item: Leftovers
|upkeep
|
|t:|1647860571
|switch|p2a: Lycanroc|Lycanroc, M|100/100
|-damage|p2a: Lycanroc|88/100|[from] Stealth Rock
|turn|13
|
|t:|1647860578
|move|p1a: Scrafty|Knock Off|p2a: Lycanroc
|-damage|p2a: Lycanroc|0 fnt
|-enditem|p2a: Lycanroc|Choice Band|[from] move: Knock Off|[of] p1a: Scrafty
|faint|p2a: Lycanroc
|
|-heal|p1a: Scrafty|39/100|[from] item: Leftovers
|upkeep
|-message|Auricher Typ forfeited.
|
|win|Vishoclock
|raw|Vishoclock's rating: 1129 &rarr; <strong>1151</strong><br />(+22 for winning)
|raw|Auricher Typ's rating: 1089 &rarr; <strong>1068</strong><br />(-21 for losing)
|l|☆Auricher Typ
