|raw|<div class="broadcast-blue"><strong>This battle is required to be public due to a player having a name starting with 'pult4c1'.</div>
|j|☆pult4c1 shane
|j|☆PULT4C1 Inder
|t:|1660780860
|gametype|singles
|player|p1|pult4c1 shane|veteran|1490
|player|p2|PULT4C1 Inder|lyra|1533
|teamsize|p1|6
|teamsize|p2|6
|gen|8
|tier|[Gen 8] PU
|rated|
|rule|Sleep Clause Mod: Limit one foe put to sleep
|rule|Species Clause: Limit one of each Pokémon
|rule|OHKO Clause: OHKO moves are banned
|rule|Evasion Items Clause: Evasion items are banned
|rule|Evasion Moves Clause: Evasion moves are banned
|rule|Endless Battle Clause: Forcing endless battles is banned
|rule|HP Percentage Mod: HP is shown in percentages
|rule|Dynamax Clause: You cannot dynamax
|clearpoke
|poke|p1|Sandslash, F|
|poke|p1|Gigalith, F|
|poke|p1|Eldegoss, M|
|poke|p1|Basculin, M|
|poke|p1|Scyther, F|
|poke|p1|Weezing, F|
|poke|p2|Doublade, F|
|poke|p2|Vikavolt, M|
|poke|p2|Archeops, F|
|poke|p2|Silvally-*|
|poke|p2|Turtonator, M|
|poke|p2|Druddigon, F|
|teampreview
|inactive|Battle timer is ON: inactive players will automatically lose when time's up. (requested by pult4c1 shane)
|inactive|PULT4C1 Inder also wants the timer to be on.
|j| LT91BB LA BOMBA
|l| LT91BB LA BOMBA
|inactive|PULT4C1 Inder has 120 seconds left.
|
|t:|1660780893
|start
|switch|p1a: Scyther|Scyther, F|100/100
|switch|p2a: Druddigon|Druddigon, F|100/100
|-ability|p2a: Druddigon|Mold Breaker
|turn|1
|
|t:|1660780901
|move|p1a: Scyther|U-turn|p2a: Druddigon
|-damage|p2a: Druddigon|58/100
|
|t:|1660780904
|switch|p1a: Eldegoss|Eldegoss, M|100/100|[from]move: U-turn
|move|p2a: Druddigon|Stealth Rock|p1a: Eldegoss
|-sidestart|p1: pult4c1 shane|move: Stealth Rock
|
|upkeep
|turn|2
|
|t:|1660780908
|move|p2a: Druddigon|Earthquake|p1a: Eldegoss
|-resisted|p1a: Eldegoss
|-damage|p1a: Eldegoss|86/100
|-enditem|p1a: Eldegoss|Eject Button
|
|t:|1660780913
|switch|p1a: Scyther|Scyther, F|100/100
|
|upkeep
|turn|3
|j| tlenit
|
|t:|1660780925
|move|p1a: Scyther|U-turn|p2a: Druddigon
|-damage|p2a: Druddigon|20/100
|
|t:|1660780926
|switch|p1a: Eldegoss|Eldegoss, M|100/100|[from]move: U-turn
|-damage|p1a: Eldegoss|88/100|[from] Stealth Rock
|move|p2a: Druddigon|Scale Shot|p1a: Eldegoss
|-damage|p1a: Eldegoss|77/100
|-damage|p1a: Eldegoss|66/100
|-hitcount|p1a: Eldegoss|2
|-unboost|p2a: Druddigon|def|1
|-boost|p2a: Druddigon|spe|1
|
|upkeep
|turn|4
|
|t:|1660780936
|switch|p2a: Doublade|Doublade, F|100/100
|move|p1a: Eldegoss|Rapid Spin|p2a: Doublade
|-immune|p2a: Doublade
|
|upkeep
|turn|5
|
|t:|1660780944
|move|p1a: Eldegoss|Rapid Spin|p2a: Doublade
|-immune|p2a: Doublade
|move|p2a: Doublade|Shadow Claw|p1a: Eldegoss
|-damage|p1a: Eldegoss|37/100
|
|upkeep
|turn|6
|
|t:|1660780952
|switch|p2a: Druddigon|Druddigon, F|20/100
|-ability|p2a: Druddigon|Mold Breaker
|move|p1a: Eldegoss|Rapid Spin|p2a: Druddigon
|-damage|p2a: Druddigon|12/100
|-boost|p1a: Eldegoss|spe|1
|-sideend|p1: pult4c1 shane|Stealth Rock|[from] move: Rapid Spin|[of] p1a: Eldegoss
|
|upkeep
|turn|7
|
|t:|1660780958
|switch|p2a: Doublade|Doublade, F|100/100
|move|p1a: Eldegoss|Giga Drain|p2a: Doublade
|-resisted|p2a: Doublade
|-damage|p2a: Doublade|87/100
|-heal|p1a: Eldegoss|43/100|[from] drain|[of] p2a: Doublade
|
|upkeep
|turn|8
|
|t:|1660780964
|switch|p2a: Druddigon|Druddigon, F|12/100
|-ability|p2a: Druddigon|Mold Breaker
|move|p1a: Eldegoss|Giga Drain|p2a: Druddigon
|-resisted|p2a: Druddigon
|-damage|p2a: Druddigon|0 fnt
|-heal|p1a: Eldegoss|49/100|[from] drain|[of] p2a: Druddigon
|faint|p2a: Druddigon
|
|upkeep
|
|t:|1660780968
|switch|p2a: Vikavolt|Vikavolt, M|100/100
|turn|9
|c| tlenit|chill shane
|
|t:|1660780980
|switch|p2a: Doublade|Doublade, F|87/100
|move|p1a: Eldegoss|Sleep Powder|p2a: Doublade
|-status|p2a: Doublade|slp|[from] move: Sleep Powder
|
|upkeep
|turn|10
|c| tlenit|Chill for love of god
|
|t:|1660781000
|switch|p1a: Gigalith|Gigalith, F|100/100
|-weather|Sandstorm|[from] ability: Sand Stream|[of] p1a: Gigalith
|switch|p2a: Archeops|Archeops, F|100/100
|
|-weather|Sandstorm|[upkeep]
|upkeep
|turn|11
|
|t:|1660781016
|switch|p2a: Silvally|Silvally-Fairy|100/100
|move|p1a: Gigalith|Stealth Rock|p2a: Silvally
|-sidestart|p2: PULT4C1 Inder|move: Stealth Rock
|
|-weather|Sandstorm|[upkeep]
|-damage|p2a: Silvally|94/100|[from] Sandstorm
|upkeep
|turn|12
|j| PULT4C1 Haffling
|
|t:|1660781025
|switch|p2a: Archeops|Archeops, F|100/100
|-damage|p2a: Archeops|76/100|[from] Stealth Rock
|switch|p1a: Weezing|Weezing, F|100/100
|-ability|p1a: Weezing|Neutralizing Gas
|
|-weather|Sandstorm|[upkeep]
|-damage|p1a: Weezing|95/100|[from] Sandstorm
|-heal|p1a: Weezing|100/100|[from] item: Black Sludge
|upkeep
|turn|13
|inactive|pult4c1 shane has 120 seconds left.
|
|t:|1660781056
|-end|p1a: Weezing|ability: Neutralizing Gas
|switch|p1a: Gigalith|Gigalith, F|100/100
|move|p2a: Archeops|Meteor Beam||[still]
|-prepare|p2a: Archeops|Meteor Beam
|-boost|p2a: Archeops|spa|1
|-enditem|p2a: Archeops|Power Herb
|-anim|p2a: Archeops|Meteor Beam|p1a: Gigalith
|-damage|p1a: Gigalith|52/100
|
|-weather|Sandstorm|[upkeep]
|-heal|p1a: Gigalith|59/100|[from] item: Leftovers
|upkeep
|turn|14
|inactive|pult4c1 shane has 120 seconds left.
|
|t:|1660781068
|move|p2a: Archeops|Air Slash|p1a: Gigalith
|-resisted|p1a: Gigalith
|-damage|p1a: Gigalith|45/100
|move|p1a: Gigalith|Rock Blast|p2a: Archeops
|-supereffective|p2a: Archeops
|-damage|p2a: Archeops|34/100
|-supereffective|p2a: Archeops
|-damage|p2a: Archeops|0 fnt
|faint|p2a: Archeops
|-hitcount|p2: Archeops|2
|
|-weather|none
|-heal|p1a: Gigalith|51/100|[from] item: Leftovers
|upkeep
|
|t:|1660781084
|switch|p2a: Silvally|Silvally-Fairy|94/100
|-damage|p2a: Silvally|82/100|[from] Stealth Rock
|turn|15
|
|t:|1660781087
|switch|p2a: Turtonator|Turtonator, M|100/100
|switch|p1a: Weezing|Weezing, F|100/100
|-ability|p1a: Weezing|Neutralizing Gas
|
|upkeep
|turn|16
|inactive|pult4c1 shane has 120 seconds left.
|
|t:|1660781119
|-end|p1a: Weezing|ability: Neutralizing Gas
|switch|p1a: Gigalith|Gigalith, F|51/100
|-weather|Sandstorm|[from] ability: Sand Stream|[of] p1a: Gigalith
|move|p2a: Turtonator|Shell Smash|p2a: Turtonator
|-unboost|p2a: Turtonator|def|1
|-unboost|p2a: Turtonator|spd|1
|-boost|p2a: Turtonator|atk|2
|-boost|p2a: Turtonator|spa|2
|-boost|p2a: Turtonator|spe|2
|
|-weather|Sandstorm|[upkeep]
|-damage|p2a: Turtonator|94/100|[from] Sandstorm
|-heal|p1a: Gigalith|57/100|[from] item: Leftovers
|upkeep
|turn|17
|inactive|pult4c1 shane has 120 seconds left.
|
|t:|1660781127
|move|p2a: Turtonator|Draco Meteor|p1a: Gigalith
|-damage|p1a: Gigalith|1/100
|-unboost|p2a: Turtonator|spa|2
|move|p1a: Gigalith|Rock Blast|p2a: Turtonator
|-supereffective|p2a: Turtonator
|-damage|p2a: Turtonator|60/100
|-supereffective|p2a: Turtonator
|-damage|p2a: Turtonator|25/100
|-hitcount|p2a: Turtonator|2
|
|-weather|Sandstorm|[upkeep]
|-damage|p2a: Turtonator|19/100|[from] Sandstorm
|-heal|p1a: Gigalith|7/100|[from] item: Leftovers
|upkeep
|turn|18
|inactive|pult4c1 shane has 120 seconds left.
|
|t:|1660781143
|switch|p1a: Scyther|Scyther, F|100/100
|move|p2a: Turtonator|Shell Smash|p2a: Turtonator
|-unboost|p2a: Turtonator|def|1
|-unboost|p2a: Turtonator|spd|1
|-boost|p2a: Turtonator|atk|2
|-boost|p2a: Turtonator|spa|2
|-boost|p2a: Turtonator|spe|2
|
|-weather|Sandstorm|[upkeep]
|-damage|p2a: Turtonator|12/100|[from] Sandstorm
|-damage|p1a: Scyther|94/100|[from] Sandstorm
|upkeep
|turn|19
|inactive|pult4c1 shane has 120 seconds left.
|
|t:|1660781167
|move|p2a: Turtonator|Flamethrower|p1a: Scyther
|-supereffective|p1a: Scyther
|-damage|p1a: Scyther|0 fnt
|faint|p1a: Scyther
|
|-weather|Sandstorm|[upkeep]
|-damage|p2a: Turtonator|6/100|[from] Sandstorm
|upkeep
|inactive|pult4c1 shane has 90 seconds left.
|
|t:|1660781189
|switch|p1a: Weezing|Weezing, F|100/100
|-ability|p1a: Weezing|Neutralizing Gas
|turn|20
|inactive|pult4c1 shane has 90 seconds left.
|
|t:|1660781202
|move|p2a: Turtonator|Flamethrower|p1a: Weezing
|-damage|p1a: Weezing|0 fnt
|faint|p1a: Weezing
|-end|p1a: Weezing|ability: Neutralizing Gas
|
|-weather|none
|upkeep
|
|t:|1660781206
|switch|p1a: Gigalith|Gigalith, F|7/100
|-weather|Sandstorm|[from] ability: Sand Stream|[of] p1a: Gigalith
|turn|21
|inactive|pult4c1 shane has 90 seconds left.
|inactive|PULT4C1 Inder has 120 seconds left.
|
|t:|1660781262
|switch|p1a: Eldegoss|Eldegoss, M|82/100
|move|p2a: Turtonator|Flamethrower|p1a: Eldegoss
|-supereffective|p1a: Eldegoss
|-damage|p1a: Eldegoss|0 fnt
|faint|p1a: Eldegoss
|
|-weather|Sandstorm|[upkeep]
|-damage|p2a: Turtonator|0 fnt|[from] Sandstorm
|faint|p2a: Turtonator
|upkeep
|
|t:|1660781279
|switch|p2a: Vikavolt|Vikavolt, M|100/100
|switch|p1a: Basculin|Basculin, M|100/100
|-damage|p2a: Vikavolt|76/100|[from] Stealth Rock
|turn|22
|inactive|pult4c1 shane has 90 seconds left.
|inactive|PULT4C1 Inder has 90 seconds left.
|
|t:|1660781322
|move|p1a: Basculin|Flip Turn|p2a: Vikavolt
|-damage|p2a: Vikavolt|28/100
|
|t:|1660781325
|switch|p1a: Gigalith|Gigalith, F|7/100|[from]move: Flip Turn
|move|p2a: Vikavolt|Thunderbolt|p1a: Gigalith
|-damage|p1a: Gigalith|0 fnt
|faint|p1a: Gigalith
|
|-weather|Sandstorm|[upkeep]
|-damage|p2a: Vikavolt|22/100|[from] Sandstorm
|upkeep
|
|t:|1660781330
|switch|p1a: Basculin|Basculin, M|100/100
|turn|23
|inactive|PULT4C1 Inder has 90 seconds left.
|
|t:|1660781356
|switch|p2a: Doublade|Doublade, F|87/100 slp
|-damage|p2a: Doublade|81/100 slp|[from] Stealth Rock
|move|p1a: Basculin|Flip Turn|p2a: Doublade
|-damage|p2a: Doublade|60/100 slp
|
|t:|1660781363
|switch|p1a: Sandslash|Sandslash, F|100/100|[from]move: Flip Turn
|
|-weather|Sandstorm|[upkeep]
|upkeep
|turn|24
|
|t:|1660781368
|switch|p2a: Vikavolt|Vikavolt, M|22/100
|-damage|p2a: Vikavolt|0 fnt|[from] Stealth Rock
|faint|p2a: Vikavolt
|move|p1a: Sandslash|Earthquake|p2: Vikavolt|[notarget]
|-fail|p1a: Sandslash
|
|-weather|Sandstorm|[upkeep]
|upkeep
|
|t:|1660781384
|switch|p2a: Silvally|Silvally-Fairy|82/100
|-damage|p2a: Silvally|70/100|[from] Stealth Rock
|turn|25
|inactive|pult4c1 shane has 60 seconds left.
|
|t:|1660781411
|move|p1a: Sandslash|Earthquake|p2a: Silvally
|-damage|p2a: Silvally|6/100
|-damage|p1a: Sandslash|91/100|[from] item: Life Orb
|move|p2a: Silvally|Swords Dance|p2a: Silvally
|-boost|p2a: Silvally|atk|2
|
|-weather|none
|upkeep
|turn|26
|
|t:|1660781419
|move|p2a: Silvally|Multi-Attack|p1a: Sandslash
|-damage|p1a: Sandslash|0 fnt
|faint|p1a: Sandslash
|
|upkeep
|
|t:|1660781424
|switch|p1a: Basculin|Basculin, M|100/100
|turn|27
|
|t:|1660781426
|move|p1a: Basculin|Liquidation|p2a: Silvally
|-damage|p2a: Silvally|0 fnt
|faint|p2a: Silvally
|
|upkeep
|
|t:|1660781428
|switch|p2a: Doublade|Doublade, F|60/100 slp
|-damage|p2a: Doublade|54/100 slp|[from] Stealth Rock
|turn|28
|
|t:|1660781430
|move|p1a: Basculin|Liquidation|p2a: Doublade
|-damage|p2a: Doublade|28/100 slp
|cant|p2a: Doublade|slp
|
|upkeep
|turn|29
|
|t:|1660781435
|move|p1a: Basculin|Liquidation|p2a: Doublade
|-damage|p2a: Doublade|3/100 slp
|cant|p2a: Doublade|slp
|
|upkeep
|turn|30
|c|☆PULT4C1 Inder|gg
|c|☆pult4c1 shane|gg
|
|t:|1660781443
|cant|p2a: Doublade|slp
|move|p1a: Basculin|Liquidation|p2a: Doublade
|-damage|p2a: Doublade|0 fnt
|faint|p2a: Doublade
|
|win|pult4c1 shane
|raw|pult4c1 shane's rating: 1471 &rarr; <strong>1495</strong><br />(+24 for winning)
|raw|PULT4C1 Inder's rating: 1544 &rarr; <strong>1520</strong><br />(-24 for losing)
