|j|‽VladTenev
|j|☆Allejo 07
|t:|1633966714
|gametype|singles
|player|p1|VladTenev|2|1450
|player|p2|Allejo 07|cyrus|1371
|teamsize|p1|6
|teamsize|p2|6
|gen|8
|tier|[Gen 8] PU
|rated|
|rule|Sleep Clause Mod: Limit one foe put to sleep
|rule|Species Clause: Limit one of each Pokémon
|rule|OHKO Clause: OHKO moves are banned
|rule|Evasion Moves Clause: Evasion moves are banned
|rule|Endless Battle Clause: Forcing endless battles is banned
|rule|HP Percentage Mod: HP is shown in percentages
|rule|Dynamax Clause: You cannot dynamax
|clearpoke
|poke|p1|Slowpoke, F|
|poke|p1|Miltank, F|
|poke|p1|Audino, M|
|poke|p1|Eldegoss, M|
|poke|p1|Articuno|
|poke|p1|Quagsire, M|
|poke|p2|Kangaskhan, F|
|poke|p2|Hitmonchan, M|
|poke|p2|Archeops, M|
|poke|p2|Froslass, F|
|poke|p2|Togedemaru, F|
|poke|p2|Aromatisse, M|
|teampreview
|inactive|Battle timer is ON: inactive players will automatically lose when time's up. (requested by VladTenev)
|
|t:|1633966728
|start
|switch|p1a: Audino|Audino, M|100/100
|switch|p2a: Archeops|Archeops, M|100/100
|turn|1
|
|t:|1633966735
|move|p2a: Archeops|Stealth Rock|p1a: Audino
|-sidestart|p1: VladTenev|move: Stealth Rock
|move|p1a: Audino|Knock Off|p2a: Archeops
|-damage|p2a: Archeops|78/100
|-enditem|p2a: Archeops|Focus Sash|[from] move: Knock Off|[of] p1a: Audino
|
|upkeep
|turn|2
|
|t:|1633966740
|move|p2a: Archeops|Head Smash|p1a: Audino
|-damage|p1a: Audino|39/100
|-damage|p2a: Archeops|43/100|[from] Recoil
|move|p1a: Audino|Toxic|p2a: Archeops
|-status|p2a: Archeops|tox
|
|-damage|p2a: Archeops|36/100 tox|[from] psn
|upkeep
|turn|3
|
|t:|1633966750
|move|p1a: Audino|Protect|p1a: Audino
|-singleturn|p1a: Audino|Protect
|move|p2a: Archeops|Head Smash|p1a: Audino
|-activate|p1a: Audino|move: Protect
|
|-damage|p2a: Archeops|24/100 tox|[from] psn
|upkeep
|turn|4
|
|t:|1633966756
|switch|p1a: Quagsire|Quagsire, M|100/100
|-damage|p1a: Quagsire|94/100|[from] Stealth Rock
|move|p2a: Archeops|Endeavor|p1a: Quagsire
|-damage|p1a: Quagsire|22/100
|
|-heal|p1a: Quagsire|28/100|[from] item: Leftovers
|-damage|p2a: Archeops|5/100 tox|[from] psn
|upkeep
|turn|5
|
|t:|1633966766
|move|p2a: Archeops|Taunt|p1a: Quagsire
|-start|p1a: Quagsire|move: Taunt
|cant|p1a: Quagsire|move: Taunt|Recover
|
|-heal|p1a: Quagsire|34/100|[from] item: Leftovers
|-damage|p2a: Archeops|0 fnt|[from] psn
|faint|p2a: Archeops
|upkeep
|
|t:|1633966787
|switch|p2a: Kangaskhan|Kangaskhan, F|100/100
|turn|6
|
|t:|1633966791
|switch|p1a: Slowpoke|Slowpoke, F, shiny|100/100
|-damage|p1a: Slowpoke|88/100|[from] Stealth Rock
|move|p2a: Kangaskhan|Double-Edge|p1a: Slowpoke
|-damage|p1a: Slowpoke|53/100
|-damage|p2a: Kangaskhan|88/100|[from] Recoil
|
|upkeep
|turn|7
|
|t:|1633966805
|switch|p2a: Froslass|Froslass, F|100/100
|move|p1a: Slowpoke|Toxic|p2a: Froslass
|-status|p2a: Froslass|tox
|
|-damage|p2a: Froslass|94/100 tox|[from] psn
|upkeep
|turn|8
|
|t:|1633966813
|switch|p1a: Articuno|Articuno, shiny|100/100
|-ability|p1a: Articuno|Pressure
|move|p2a: Froslass|Spikes|p1a: Articuno
|-sidestart|p1: VladTenev|Spikes
|
|-damage|p2a: Froslass|82/100 tox|[from] psn
|upkeep
|turn|9
|
|t:|1633966821
|move|p2a: Froslass|Taunt|p1a: Articuno
|-start|p1a: Articuno|move: Taunt
|cant|p1a: Articuno|move: Taunt|Defog
|
|-damage|p2a: Froslass|64/100 tox|[from] psn
|upkeep
|turn|10
|
|t:|1633966828
|move|p2a: Froslass|Spikes|p1a: Articuno
|-sidestart|p1: VladTenev|Spikes
|move|p1a: Articuno|Freeze-Dry|p2a: Froslass
|-resisted|p2a: Froslass
|-damage|p2a: Froslass|49/100 tox
|-start|p1a: Articuno|Disable|Freeze-Dry|[from] ability: Cursed Body|[of] p2a: Froslass
|
|-damage|p2a: Froslass|24/100 tox|[from] psn
|upkeep
|turn|11
|
|t:|1633966840
|switch|p1a: Audino|Audino, M|72/100
|move|p2a: Froslass|Spikes|p1a: Audino
|-sidestart|p1: VladTenev|Spikes
|
|-damage|p2a: Froslass|0 fnt|[from] psn
|faint|p2a: Froslass
|upkeep
|
|t:|1633966846
|switch|p2a: Hitmonchan|Hitmonchan, M|100/100
|turn|12
|
|t:|1633966852
|switch|p1a: Slowpoke|Slowpoke, F, shiny|86/100
|-damage|p1a: Slowpoke|61/100|[from] Spikes
|-damage|p1a: Slowpoke|49/100|[from] Stealth Rock
|move|p2a: Hitmonchan|Power-Up Punch|p1a: Slowpoke
|-resisted|p1a: Slowpoke
|-damage|p1a: Slowpoke|41/100
|-boost|p2a: Hitmonchan|atk|1
|
|upkeep
|turn|13
|
|t:|1633966863
|move|p2a: Hitmonchan|Throat Chop|p1a: Slowpoke
|-supereffective|p1a: Slowpoke
|-damage|p1a: Slowpoke|0 fnt
|faint|p1a: Slowpoke
|
|upkeep
|
|t:|1633966870
|switch|p1a: Eldegoss|Eldegoss, M, shiny|100/100
|turn|14
|
|t:|1633966875
|move|p2a: Hitmonchan|Close Combat|p1a: Eldegoss
|-damage|p1a: Eldegoss|0 fnt
|-unboost|p2a: Hitmonchan|def|1
|-unboost|p2a: Hitmonchan|spd|1
|faint|p1a: Eldegoss
|
|upkeep
|
|t:|1633966884
|switch|p1a: Articuno|Articuno, shiny|100/100
|-ability|p1a: Articuno|Pressure
|turn|15
|
|t:|1633966889
|move|p2a: Hitmonchan|Close Combat|p1a: Articuno
|-damage|p1a: Articuno|5/100
|-unboost|p2a: Hitmonchan|def|1
|-unboost|p2a: Hitmonchan|spd|1
|move|p1a: Articuno|Defog|p2a: Hitmonchan
|-unboost|p2a: Hitmonchan|evasion|1
|-sideend|p1: VladTenev|Spikes|[from] move: Defog|[of] p1a: Articuno
|-sideend|p1: VladTenev|Stealth Rock|[from] move: Defog|[of] p1a: Articuno
|
|upkeep
|turn|16
|
|t:|1633966901
|move|p2a: Hitmonchan|Power-Up Punch|p1a: Articuno
|-damage|p1a: Articuno|0 fnt
|-boost|p2a: Hitmonchan|atk|1
|faint|p1a: Articuno
|
|upkeep
|
|t:|1633966906
|switch|p1a: Quagsire|Quagsire, M|34/100
|turn|17
|
|t:|1633966908
|move|p2a: Hitmonchan|Close Combat|p1a: Quagsire
|-damage|p1a: Quagsire|0 fnt
|-unboost|p2a: Hitmonchan|def|1
|-unboost|p2a: Hitmonchan|spd|1
|faint|p1a: Quagsire
|
|upkeep
|-message|VladTenev forfeited.
|
|win|Allejo 07
|raw|VladTenev's rating: 1450 &rarr; <strong>1426</strong><br />(-24 for losing)
|raw|Allejo 07's rating: 1371 &rarr; <strong>1395</strong><br />(+24 for winning)
|l|‽VladTenev
