|j|☆Antares
|j|☆Abbehzt
|t:|1664202178
|gametype|singles
|player|p1|Antares|galacticgrunt|
|player|p2|Abbehzt|ethan|
|teamsize|p1|6
|teamsize|p2|6
|gen|8
|tier|[Gen 8] PU
|rule|Sleep Clause Mod: Limit one foe put to sleep
|rule|Species Clause: Limit one of each Pokémon
|rule|OHKO Clause: OHKO moves are banned
|rule|Evasion Items Clause: Evasion items are banned
|rule|Evasion Moves Clause: Evasion moves are banned
|rule|Endless Battle Clause: Forcing endless battles is banned
|rule|HP Percentage Mod: HP is shown in percentages
|rule|Dynamax Clause: You cannot dynamax
|clearpoke
|poke|p1|Trevenant, M|
|poke|p1|Rhydon, M|
|poke|p1|Wishiwashi, F|
|poke|p1|Togedemaru, F|
|poke|p1|Charizard, F|
|poke|p1|Ribombee, F|
|poke|p2|Rotom|
|poke|p2|Ribombee, F|
|poke|p2|Garbodor, M|
|poke|p2|Regirock|
|poke|p2|Eldegoss, F|
|poke|p2|Togedemaru, M|
|teampreview
|inactive|Battle timer is ON: inactive players will automatically lose when time's up. (requested by Abbehzt)
|c|☆Antares|gl
|c|☆Abbehzt|glhf
|inactive|Abbehzt has 270 seconds left.
|
|t:|1664202216
|start
|switch|p1a: Trevenant|Trevenant, M|100/100
|switch|p2a: Eldegoss|Eldegoss, F|100/100
|turn|1
|
|t:|1664202226
|switch|p2a: Regirock|Regirock|100/100
|move|p1a: Trevenant|Poltergeist|p2a: Regirock
|-activate|p2a: Regirock|move: Poltergeist|Leftovers
|-damage|p2a: Regirock|63/100
|
|-heal|p2a: Regirock|69/100|[from] item: Leftovers
|upkeep
|turn|2
|
|t:|1664202235
|switch|p1a: Wishiwashi|Wishiwashi, F|100/100
|-formechange|p1a: Wishiwashi|Wishiwashi-School||[from] ability: Schooling
|move|p2a: Regirock|Stealth Rock|p1a: Wishiwashi
|-sidestart|p1: Antares|move: Stealth Rock
|
|-heal|p2a: Regirock|75/100|[from] item: Leftovers
|upkeep
|turn|3
|
|t:|1664202248
|move|p2a: Regirock|Body Press|p1a: Wishiwashi
|-damage|p1a: Wishiwashi|70/100
|move|p1a: Wishiwashi|U-turn|p2a: Regirock
|-damage|p2a: Regirock|65/100
|
|t:|1664202251
|switch|p1a: Trevenant|Trevenant, M|100/100|[from]move: U-turn
|-damage|p1a: Trevenant|88/100|[from] Stealth Rock
|
|-heal|p2a: Regirock|71/100|[from] item: Leftovers
|upkeep
|turn|4
|
|t:|1664202254
|switch|p2a: Eldegoss|Eldegoss, F|100/100
|move|p1a: Trevenant|Poltergeist|p2a: Eldegoss
|-activate|p2a: Eldegoss|move: Poltergeist|Heavy-Duty Boots
|-damage|p2a: Eldegoss|5/100
|
|upkeep
|turn|5
|
|t:|1664202262
|switch|p2a: Regirock|Regirock|71/100
|move|p1a: Trevenant|Poltergeist|p2a: Regirock
|-activate|p2a: Regirock|move: Poltergeist|Leftovers
|-damage|p2a: Regirock|35/100
|
|-heal|p2a: Regirock|41/100|[from] item: Leftovers
|upkeep
|turn|6
|
|t:|1664202267
|switch|p1a: Wishiwashi|Wishiwashi, F|70/100
|-damage|p1a: Wishiwashi|58/100|[from] Stealth Rock
|-formechange|p1a: Wishiwashi|Wishiwashi-School||[from] ability: Schooling
|move|p2a: Regirock|Rock Blast|p1a: Wishiwashi
|-damage|p1a: Wishiwashi|51/100
|-damage|p1a: Wishiwashi|45/100
|-damage|p1a: Wishiwashi|38/100
|-damage|p1a: Wishiwashi|32/100
|-hitcount|p1a: Wishiwashi|4
|
|-heal|p2a: Regirock|47/100|[from] item: Leftovers
|-heal|p1a: Wishiwashi|38/100|[from] item: Leftovers
|upkeep
|turn|7
|
|t:|1664202277
|move|p2a: Regirock|Body Press|p1a: Wishiwashi
|-damage|p1a: Wishiwashi|7/100
|move|p1a: Wishiwashi|Rest|p1a: Wishiwashi
|-status|p1a: Wishiwashi|slp|[from] move: Rest
|-heal|p1a: Wishiwashi|100/100 slp|[silent]
|
|-heal|p2a: Regirock|53/100|[from] item: Leftovers
|upkeep
|turn|8
|
|t:|1664202285
|switch|p2a: Rotom|Rotom|100/100
|cant|p1a: Wishiwashi|slp
|move|p1a: Wishiwashi|Sleep Talk|p1a: Wishiwashi
|move|p1a: Wishiwashi|U-turn|p2a: Rotom|[from]move: Sleep Talk
|-resisted|p2a: Rotom
|-damage|p2a: Rotom|83/100
|
|t:|1664202303
|switch|p1a: Togedemaru|Togedemaru, F|100/100|[from]move: U-turn
|-damage|p1a: Togedemaru|95/100|[from] Stealth Rock
|
|upkeep
|turn|9
|
|t:|1664202311
|move|p2a: Rotom|Shadow Ball|p1a: Togedemaru
|-damage|p1a: Togedemaru|62/100
|move|p1a: Togedemaru|U-turn|p2a: Rotom
|-resisted|p2a: Rotom
|-damage|p2a: Rotom|69/100
|
|t:|1664202319
|switch|p1a: Trevenant|Trevenant, M|88/100|[from]move: U-turn
|-damage|p1a: Trevenant|76/100|[from] Stealth Rock
|
|upkeep
|turn|10
|
|t:|1664202323
|switch|p1a: Togedemaru|Togedemaru, F|62/100
|-damage|p1a: Togedemaru|56/100|[from] Stealth Rock
|move|p2a: Rotom|Shadow Ball|p1a: Togedemaru
|-damage|p1a: Togedemaru|20/100
|
|upkeep
|turn|11
|
|t:|1664202329
|move|p2a: Rotom|Shadow Ball|p1a: Togedemaru
|-damage|p1a: Togedemaru|0 fnt
|faint|p1a: Togedemaru
|
|upkeep
|
|t:|1664202332
|switch|p1a: Wishiwashi|Wishiwashi, F|100/100 slp
|-damage|p1a: Wishiwashi|88/100 slp|[from] Stealth Rock
|-formechange|p1a: Wishiwashi|Wishiwashi-School||[from] ability: Schooling
|turn|12
|
|t:|1664202338
|switch|p2a: Togedemaru|Togedemaru, M|100/100
|cant|p1a: Wishiwashi|slp
|move|p1a: Wishiwashi|Sleep Talk|p1a: Wishiwashi
|move|p1a: Wishiwashi|U-turn|p2a: Togedemaru|[from]move: Sleep Talk
|-resisted|p2a: Togedemaru
|-damage|p2a: Togedemaru|85/100
|
|t:|1664202345
|switch|p1a: Rhydon|Rhydon, M|100/100|[from]move: U-turn
|-damage|p1a: Rhydon|94/100|[from] Stealth Rock
|
|-heal|p2a: Togedemaru|91/100|[from] item: Leftovers
|upkeep
|turn|13
|
|t:|1664202349
|move|p2a: Togedemaru|Wish|p2a: Togedemaru
|move|p1a: Rhydon|Stealth Rock|p2a: Togedemaru
|-sidestart|p2: Abbehzt|move: Stealth Rock
|
|-heal|p2a: Togedemaru|97/100|[from] item: Leftovers
|upkeep
|turn|14
|
|t:|1664202356
|move|p2a: Togedemaru|Iron Head|p1a: Rhydon
|-supereffective|p1a: Rhydon
|-damage|p1a: Rhydon|70/100
|move|p1a: Rhydon|Heat Crash|p2a: Togedemaru
|-supereffective|p2a: Togedemaru
|-damage|p2a: Togedemaru|0 fnt
|faint|p2a: Togedemaru
|
|upkeep
|
|t:|1664202370
|switch|p2a: Eldegoss|Eldegoss, F|38/100
|turn|15
|
|t:|1664202375
|switch|p1a: Trevenant|Trevenant, M|76/100
|-damage|p1a: Trevenant|64/100|[from] Stealth Rock
|move|p2a: Eldegoss|Leaf Storm|p1a: Trevenant
|-resisted|p1a: Trevenant
|-damage|p1a: Trevenant|35/100
|-unboost|p2a: Eldegoss|spa|2
|
|upkeep
|turn|16
|
|t:|1664202388
|switch|p2a: Garbodor|Garbodor, M|100/100
|-damage|p2a: Garbodor|88/100|[from] Stealth Rock
|move|p1a: Trevenant|Poltergeist|p2a: Garbodor
|-activate|p2a: Garbodor|move: Poltergeist|Rocky Helmet
|-damage|p2a: Garbodor|19/100
|
|upkeep
|turn|17
|
|t:|1664202407
|switch|p1a: Rhydon|Rhydon, M|70/100
|-damage|p1a: Rhydon|64/100|[from] Stealth Rock
|move|p2a: Garbodor|Gunk Shot|p1a: Rhydon
|-resisted|p1a: Rhydon
|-damage|p1a: Rhydon|59/100
|
|upkeep
|turn|18
|
|t:|1664202414
|move|p2a: Garbodor|Spikes|p1a: Rhydon
|-sidestart|p1: Antares|Spikes
|move|p1a: Rhydon|Rock Blast|p2a: Garbodor
|-damage|p2a: Garbodor|9/100
|-damage|p2a: Garbodor|0 fnt
|faint|p2a: Garbodor
|-hitcount|p2: Garbodor|2
|
|upkeep
|
|t:|1664202419
|switch|p2a: Eldegoss|Eldegoss, F|72/100
|turn|19
|
|t:|1664202422
|switch|p1a: Charizard|Charizard, F|100/100
|move|p2a: Eldegoss|Leaf Storm|p1a: Charizard
|-resisted|p1a: Charizard
|-damage|p1a: Charizard|85/100
|-unboost|p2a: Eldegoss|spa|2
|
|upkeep
|turn|20
|
|t:|1664202427
|move|p1a: Charizard|Focus Blast|p2a: Eldegoss|[miss]
|-miss|p1a: Charizard|p2a: Eldegoss
|move|p2a: Eldegoss|Stun Spore|p1a: Charizard|[miss]
|-miss|p2a: Eldegoss|p1a: Charizard
|
|upkeep
|turn|21
|
|t:|1664202438
|switch|p2a: Regirock|Regirock|53/100
|-damage|p2a: Regirock|41/100|[from] Stealth Rock
|move|p1a: Charizard|Flamethrower|p2a: Regirock
|-resisted|p2a: Regirock
|-crit|p2a: Regirock
|-damage|p2a: Regirock|14/100
|
|-heal|p2a: Regirock|20/100|[from] item: Leftovers
|upkeep
|turn|22
|
|t:|1664202452
|switch|p1a: Rhydon|Rhydon, M|59/100
|-damage|p1a: Rhydon|53/100|[from] Stealth Rock
|-damage|p1a: Rhydon|41/100|[from] Spikes
|move|p2a: Regirock|Body Press|p1a: Rhydon
|-supereffective|p1a: Rhydon
|-damage|p1a: Rhydon|6/100
|
|-heal|p2a: Regirock|26/100|[from] item: Leftovers
|upkeep
|turn|23
|
|t:|1664202460
|move|p1a: Rhydon|Rock Blast|p2a: Regirock
|-damage|p2a: Regirock|20/100
|-damage|p2a: Regirock|14/100
|-hitcount|p2a: Regirock|2
|move|p2a: Regirock|Body Press|p1a: Rhydon
|-supereffective|p1a: Rhydon
|-damage|p1a: Rhydon|0 fnt
|faint|p1a: Rhydon
|
|-heal|p2a: Regirock|20/100|[from] item: Leftovers
|upkeep
|
|t:|1664202464
|switch|p1a: Trevenant|Trevenant, M|35/100
|-damage|p1a: Trevenant|23/100|[from] Stealth Rock
|-damage|p1a: Trevenant|11/100|[from] Spikes
|turn|24
|
|t:|1664202469
|move|p1a: Trevenant|Horn Leech|p2a: Regirock
|-supereffective|p2a: Regirock
|-damage|p2a: Regirock|0 fnt
|-heal|p1a: Trevenant|22/100|[from] drain|[of] p2a: Regirock
|faint|p2a: Regirock
|
|upkeep
|
|t:|1664202490
|switch|p2a: Rotom|Rotom|69/100
|-damage|p2a: Rotom|57/100|[from] Stealth Rock
|turn|25
|
|t:|1664202496
|move|p2a: Rotom|Shadow Ball|p1a: Trevenant
|-supereffective|p1a: Trevenant
|-damage|p1a: Trevenant|0 fnt
|faint|p1a: Trevenant
|
|upkeep
|
|t:|1664202499
|switch|p1a: Ribombee|Ribombee, F|100/100
|turn|26
|
|t:|1664202503
|switch|p2a: Eldegoss|Eldegoss, F|100/100
|move|p1a: Ribombee|Quiver Dance|p1a: Ribombee
|-boost|p1a: Ribombee|spa|1
|-boost|p1a: Ribombee|spd|1
|-boost|p1a: Ribombee|spe|1
|
|upkeep
|turn|27
|
|t:|1664202507
|move|p1a: Ribombee|Quiver Dance|p1a: Ribombee
|-boost|p1a: Ribombee|spa|1
|-boost|p1a: Ribombee|spd|1
|-boost|p1a: Ribombee|spe|1
|move|p2a: Eldegoss|Stun Spore|p1a: Ribombee
|-status|p1a: Ribombee|par
|
|upkeep
|turn|28
|
|t:|1664202515
|move|p1a: Ribombee|Quiver Dance|p1a: Ribombee
|-boost|p1a: Ribombee|spa|1
|-boost|p1a: Ribombee|spd|1
|-boost|p1a: Ribombee|spe|1
|move|p2a: Eldegoss|Leech Seed|p1a: Ribombee
|-start|p1a: Ribombee|move: Leech Seed
|
|-damage|p1a: Ribombee|88/100 par|[from] Leech Seed|[of] p2a: Eldegoss
|upkeep
|turn|29
|
|t:|1664202523
|move|p1a: Ribombee|Aromatherapy|p1a: Ribombee
|-activate|p1a: Ribombee|move: Aromatherapy
|-curestatus|p1a: Ribombee|par|[msg]
|-curestatus|p1: Wishiwashi|slp|[msg]
|move|p2a: Eldegoss|Rapid Spin|p1a: Ribombee
|-damage|p1a: Ribombee|77/100
|-boost|p2a: Eldegoss|spe|1
|-sideend|p2: Abbehzt|Stealth Rock|[from] move: Rapid Spin|[of] p2a: Eldegoss
|
|-damage|p1a: Ribombee|65/100|[from] Leech Seed|[of] p2a: Eldegoss
|upkeep
|turn|30
|
|t:|1664202526
|move|p1a: Ribombee|Moonblast|p2a: Eldegoss
|-damage|p2a: Eldegoss|10/100
|-unboost|p2a: Eldegoss|spa|1
|move|p2a: Eldegoss|Stun Spore|p1a: Ribombee
|-status|p1a: Ribombee|par
|
|-damage|p1a: Ribombee|53/100 par|[from] Leech Seed|[of] p2a: Eldegoss
|-heal|p2a: Eldegoss|20/100|[silent]
|upkeep
|turn|31
|
|t:|1664202534
|move|p1a: Ribombee|Aromatherapy|p1a: Ribombee
|-activate|p1a: Ribombee|move: Aromatherapy
|-curestatus|p1a: Ribombee|par|[msg]
|move|p2a: Eldegoss|Rapid Spin|p1a: Ribombee
|-damage|p1a: Ribombee|42/100
|-boost|p2a: Eldegoss|spe|1
|
|-damage|p1a: Ribombee|29/100|[from] Leech Seed|[of] p2a: Eldegoss
|-heal|p2a: Eldegoss|30/100|[silent]
|upkeep
|turn|32
|j| Beka ❤
|
|t:|1664202546
|move|p1a: Ribombee|Moonblast|p2a: Eldegoss
|-damage|p2a: Eldegoss|0 fnt
|faint|p2a: Eldegoss
|
|upkeep
|
|t:|1664202555
|switch|p2a: Ribombee|Ribombee, F|100/100
|turn|33
|
|t:|1664202561
|move|p1a: Ribombee|Moonblast|p2a: Ribombee
|-damage|p2a: Ribombee|0 fnt
|faint|p2a: Ribombee
|
|upkeep
|
|t:|1664202563
|switch|p2a: Rotom|Rotom|57/100
|turn|34
|
|t:|1664202570
|move|p1a: Ribombee|Moonblast|p2a: Rotom
|-damage|p2a: Rotom|0 fnt
|faint|p2a: Rotom
|
|win|Antares
|c|☆Antares|gg
