|j|☆Kickassinsuxdick
|j|☆m3p0
|player|p1|Kickassinsuxdick|101|1472
|player|p2|m3p0|130|1448
|teamsize|p1|6
|teamsize|p2|6
|gametype|singles
|gen|8
|tier|[Gen 8] PU
|rated|
|clearpoke
|poke|p1|Mawile, F|
|poke|p1|Roselia, M|
|poke|p1|Clefairy, F|
|poke|p1|Pyukumuku, M|
|poke|p1|Trapinch, M|
|poke|p1|Duosion, M|
|poke|p2|Greedent, F|
|poke|p2|Wishiwashi, F|
|poke|p2|Musharna, F|
|poke|p2|Mr. Mime, M|
|poke|p2|Glaceon, M|
|poke|p2|Silvally-*|
|rule|Sleep Clause Mod: Limit one foe put to sleep
|rule|Species Clause: Limit one of each Pokémon
|rule|OHKO Clause: OHKO moves are banned
|rule|Evasion Moves Clause: Evasion moves are banned
|rule|Endless Battle Clause: Forcing endless battles is banned
|rule|HP Percentage Mod: HP is shown in percentages
|rule|Dynamax Clause: You cannot dynamax
|teampreview
|inactive|Battle timer is ON: inactive players will automatically lose when time's up. (requested by Kickassinsuxdick)
|
|start
|switch|p1a: Mawile|Mawile, F|100/100
|switch|p2a: Silvally|Silvally-Fire|100/100
|-ability|p1a: Mawile|Intimidate|boost
|-unboost|p2a: Silvally|atk|1
|turn|1
|
|move|p2a: Silvally|Flamethrower|p1a: Mawile
|-supereffective|p1a: Mawile
|-damage|p1a: Mawile|0 fnt
|faint|p1a: Mawile
|
|upkeep
|
|switch|p1a: Trapinch|Trapinch, M|100/100
|turn|2
|
|move|p2a: Silvally|Parting Shot|p1a: Trapinch
|-unboost|p1a: Trapinch|atk|1
|-unboost|p1a: Trapinch|spa|1
|
|switch|p2a: Wishiwashi|Wishiwashi, F|100/100|[from]move: Parting Shot
|-formechange|p2a: Wishiwashi|Wishiwashi-School||[from] ability: Schooling
|move|p1a: Trapinch|Toxic|p2a: Wishiwashi
|-status|p2a: Wishiwashi|tox
|
|-damage|p2a: Wishiwashi|94/100 tox|[from] psn
|upkeep
|turn|3
|
|switch|p1a: Roselia|Roselia, M|100/100
|move|p2a: Wishiwashi|U-turn|p1a: Roselia
|-damage|p1a: Roselia|82/100
|
|switch|p2a: Glaceon|Glaceon, M|100/100|[from]move: U-turn
|
|upkeep
|turn|4
|
|switch|p1a: Clefairy|Clefairy, F|100/100
|move|p2a: Glaceon|Ice Beam|p1a: Clefairy
|-damage|p1a: Clefairy|50/100
|
|upkeep
|turn|5
|
|switch|p1a: Pyukumuku|Pyukumuku, M|100/100
|move|p2a: Glaceon|Ice Beam|p1a: Pyukumuku
|-resisted|p1a: Pyukumuku
|-damage|p1a: Pyukumuku|73/100
|
|upkeep
|turn|6
|
|switch|p2a: Wishiwashi|Wishiwashi, F|94/100 tox
|-formechange|p2a: Wishiwashi|Wishiwashi-School||[from] ability: Schooling
|move|p1a: Pyukumuku|Recover|p1a: Pyukumuku
|-heal|p1a: Pyukumuku|100/100
|
|-damage|p2a: Wishiwashi|88/100 tox|[from] psn
|upkeep
|turn|7
|
|move|p2a: Wishiwashi|U-turn|p1a: Pyukumuku
|-damage|p1a: Pyukumuku|84/100
|j| Team Raging Fire
|
|switch|p2a: Musharna|Musharna, F|100/100|[from]move: U-turn
|move|p1a: Pyukumuku|Toxic|p2a: Musharna
|-status|p2a: Musharna|tox
|-activate|p2a: Musharna|ability: Synchronize
|-status|p1a: Pyukumuku|tox
|
|-damage|p2a: Musharna|94/100 tox|[from] psn
|-damage|p1a: Pyukumuku|78/100 tox|[from] psn
|upkeep
|turn|8
|
|switch|p2a: Glaceon|Glaceon, M|100/100
|switch|p1a: Clefairy|Clefairy, F|50/100
|
|upkeep
|turn|9
|
|move|p1a: Clefairy|Protect|p1a: Clefairy
|-singleturn|p1a: Clefairy|Protect
|move|p2a: Glaceon|Ice Beam|p1a: Clefairy
|-activate|p1a: Clefairy|move: Protect
|
|upkeep
|turn|10
|
|move|p2a: Glaceon|Ice Beam|p1a: Clefairy
|-damage|p1a: Clefairy|0 fnt
|faint|p1a: Clefairy
|
|upkeep
|
|switch|p1a: Duosion|Duosion, M|100/100
|turn|11
|
|move|p2a: Glaceon|Ice Beam|p1a: Duosion
|-damage|p1a: Duosion|34/100
|move|p1a: Duosion|Calm Mind|p1a: Duosion
|-boost|p1a: Duosion|spa|1
|-boost|p1a: Duosion|spd|1
|
|upkeep
|turn|12
|
|move|p2a: Glaceon|Ice Beam|p1a: Duosion
|-damage|p1a: Duosion|0 fnt
|faint|p1a: Duosion
|
|upkeep
|-message|Kickassinsuxdick forfeited.
|
|win|m3p0
|l|☆Kickassinsuxdick
|raw|Kickassinsuxdick's rating: 1472 &rarr; <strong>1451</strong><br />(-21 for losing)
|raw|m3p0's rating: 1449 &rarr; <strong>1470</strong><br />(+21 for winning)
