|j|☆Schizoption
|j|☆Zenadark
|t:|1608930123
|player|p1|Schizoption|burglar-gen1|1554
|player|p2|Zenadark|cyrus|1400
|teamsize|p1|6
|teamsize|p2|6
|gametype|singles
|gen|8
|tier|[Gen 8] PU
|rated|
|clearpoke
|poke|p1|Exploud, F|
|poke|p1|Scyther, F|
|poke|p1|Lanturn, F|
|poke|p1|Aromatisse, F|
|poke|p1|Sandslash-Alola, M|
|poke|p1|Silvally-*|
|poke|p2|Gigalith, M|
|poke|p2|Hitmonlee, M|
|poke|p2|Charizard, M|
|poke|p2|Exeggutor, M|
|poke|p2|Silvally-*|
|poke|p2|Dugtrio-Alola, M|
|rule|Sleep Clause Mod: Limit one foe put to sleep
|rule|Species Clause: Limit one of each Pokémon
|rule|OHKO Clause: OHKO moves are banned
|rule|Evasion Moves Clause: Evasion moves are banned
|rule|Endless Battle Clause: Forcing endless battles is banned
|rule|HP Percentage Mod: HP is shown in percentages
|rule|Dynamax Clause: You cannot dynamax
|teampreview
|c|☆Zenadark|HF
|
|t:|1608930145
|start
|switch|p1a: Silvally|Silvally-Ground|100/100
|switch|p2a: Gigalith|Gigalith, M, shiny|100/100
|-weather|Sandstorm|[from] ability: Sand Stream|[of] p2a: Gigalith
|turn|1
|
|t:|1608930155
|switch|p2a: Charizard|Charizard, M, shiny|100/100
|move|p1a: Silvally|Multi-Attack|p2a: Charizard
|-immune|p2a: Charizard
|
|-weather|Sandstorm|[upkeep]
|-damage|p2a: Charizard|94/100|[from] Sandstorm
|upkeep
|turn|2
|c|☆Schizoption|u2
|c|☆Zenadark|arco
|c|☆Zenadark|tu peux plus voc
|
|t:|1608930173
|move|p2a: Charizard|Scorching Sands|p1a: Silvally
|-damage|p1a: Silvally|80/100
|-status|p1a: Silvally|brn
|move|p1a: Silvally|Rock Slide|p2a: Charizard
|-supereffective|p2a: Charizard
|-damage|p2a: Charizard|49/100
|
|-weather|Sandstorm|[upkeep]
|-damage|p2a: Charizard|43/100|[from] Sandstorm
|-damage|p1a: Silvally|74/100 brn|[from] brn
|upkeep
|turn|3
|c|☆Schizoption|honteux
|
|t:|1608930183
|move|p2a: Charizard|Roost|p2a: Charizard
|-heal|p2a: Charizard|93/100
|-singleturn|p2a: Charizard|move: Roost
|move|p1a: Silvally|Parting Shot|p2a: Charizard
|-unboost|p2a: Charizard|atk|1
|-unboost|p2a: Charizard|spa|1
|
|t:|1608930189
|switch|p1a: Exploud|Exploud, F|100/100|[from]move: Parting Shot
|
|-weather|Sandstorm|[upkeep]
|-damage|p2a: Charizard|87/100|[from] Sandstorm
|-damage|p1a: Exploud|94/100|[from] Sandstorm
|upkeep
|turn|4
|
|t:|1608930195
|switch|p2a: Gigalith|Gigalith, M, shiny|100/100
|move|p1a: Exploud|Focus Blast|p2a: Gigalith
|-supereffective|p2a: Gigalith
|-damage|p2a: Gigalith|47/100
|
|-weather|Sandstorm|[upkeep]
|-damage|p1a: Exploud|88/100|[from] Sandstorm
|-heal|p2a: Gigalith|54/100|[from] item: Leftovers
|upkeep
|turn|5
|
|t:|1608930205
|switch|p2a: Charizard|Charizard, M, shiny|87/100
|move|p1a: Exploud|Focus Blast|p2a: Charizard
|-resisted|p2a: Charizard
|-damage|p2a: Charizard|57/100
|
|-weather|none
|upkeep
|turn|6
|
|t:|1608930211
|switch|p1a: Aromatisse|Aromatisse, F|100/100
|move|p2a: Charizard|Roost|p2a: Charizard
|-heal|p2a: Charizard|100/100
|-singleturn|p2a: Charizard|move: Roost
|
|upkeep
|turn|7
|
|t:|1608930215
|switch|p2a: Gigalith|Gigalith, M, shiny|54/100
|-weather|Sandstorm|[from] ability: Sand Stream|[of] p2a: Gigalith
|move|p1a: Aromatisse|Heal Bell|p1a: Aromatisse
|-activate|p1a: Aromatisse|move: Heal Bell
|-curestatus|p1: Silvally|brn|[msg]
|
|-weather|Sandstorm|[upkeep]
|-damage|p1a: Aromatisse|94/100|[from] Sandstorm
|-heal|p1a: Aromatisse|100/100|[from] item: Leftovers
|-heal|p2a: Gigalith|60/100|[from] item: Leftovers
|upkeep
|turn|8
|
|t:|1608930219
|switch|p1a: Silvally|Silvally-Ground|74/100
|move|p2a: Gigalith|Stealth Rock|p1a: Silvally
|-sidestart|p1: Schizoption|move: Stealth Rock
|
|-weather|Sandstorm|[upkeep]
|-heal|p2a: Gigalith|66/100|[from] item: Leftovers
|upkeep
|turn|9
|
|t:|1608930224
|move|p1a: Silvally|Defog|p2a: Gigalith
|-unboost|p2a: Gigalith|evasion|1
|-sideend|p1: Schizoption|Stealth Rock|[from] move: Defog|[of] p1a: Silvally
|move|p2a: Gigalith|Toxic|p1a: Silvally
|-status|p1a: Silvally|tox
|
|-weather|Sandstorm|[upkeep]
|-heal|p2a: Gigalith|72/100|[from] item: Leftovers
|-damage|p1a: Silvally|68/100 tox|[from] psn
|upkeep
|turn|10
|
|t:|1608930231
|move|p1a: Silvally|Parting Shot|p2a: Gigalith
|-unboost|p2a: Gigalith|atk|1
|-unboost|p2a: Gigalith|spa|1
|
|t:|1608930235
|switch|p1a: Sandslash|Sandslash-Alola, M|100/100|[from]move: Parting Shot
|move|p2a: Gigalith|Stealth Rock|p1a: Sandslash
|-sidestart|p1: Schizoption|move: Stealth Rock
|
|-weather|Sandstorm|[upkeep]
|-heal|p2a: Gigalith|78/100|[from] item: Leftovers
|upkeep
|turn|11
|
|t:|1608930243
|move|p1a: Sandslash|Rapid Spin|p2a: Gigalith
|-resisted|p2a: Gigalith
|-damage|p2a: Gigalith|74/100
|-boost|p1a: Sandslash|spe|1
|-sideend|p1: Schizoption|Stealth Rock|[from] move: Rapid Spin|[of] p1a: Sandslash
|move|p2a: Gigalith|Body Press|p1a: Sandslash
|-supereffective|p1a: Sandslash
|-damage|p1a: Sandslash|19/100
|
|-weather|none
|-heal|p1a: Sandslash|25/100|[from] item: Leftovers
|-heal|p2a: Gigalith|80/100|[from] item: Leftovers
|upkeep
|turn|12
|
|t:|1608930251
|move|p1a: Sandslash|Toxic|p2a: Gigalith
|-status|p2a: Gigalith|tox
|move|p2a: Gigalith|Stealth Rock|p1a: Sandslash
|-sidestart|p1: Schizoption|move: Stealth Rock
|
|-heal|p1a: Sandslash|32/100|[from] item: Leftovers
|-heal|p2a: Gigalith|86/100 tox|[from] item: Leftovers
|-damage|p2a: Gigalith|80/100 tox|[from] psn
|upkeep
|turn|13
|j| GulagChampYo
|
|t:|1608930257
|switch|p1a: Aromatisse|Aromatisse, F|100/100
|-damage|p1a: Aromatisse|88/100|[from] Stealth Rock
|move|p2a: Gigalith|Body Press|p1a: Aromatisse
|-resisted|p1a: Aromatisse
|-damage|p1a: Aromatisse|80/100
|
|-heal|p1a: Aromatisse|86/100|[from] item: Leftovers
|-heal|p2a: Gigalith|86/100 tox|[from] item: Leftovers
|-damage|p2a: Gigalith|74/100 tox|[from] psn
|upkeep
|turn|14
|l| GulagChampYo
|
|t:|1608930261
|switch|p2a: Dugtrio|Dugtrio-Alola, M, shiny|100/100
|move|p1a: Aromatisse|Heal Bell|p1a: Aromatisse
|-activate|p1a: Aromatisse|move: Heal Bell
|-curestatus|p1: Silvally|tox|[msg]
|
|-heal|p1a: Aromatisse|92/100|[from] item: Leftovers
|upkeep
|turn|15
|
|t:|1608930268
|move|p1a: Aromatisse|Protect|p1a: Aromatisse
|-singleturn|p1a: Aromatisse|Protect
|move|p2a: Dugtrio|Iron Head|p1a: Aromatisse
|-activate|p1a: Aromatisse|move: Protect
|
|-heal|p1a: Aromatisse|98/100|[from] item: Leftovers
|upkeep
|turn|16
|
|t:|1608930275
|switch|p2a: Hitmonlee|Hitmonlee, M|100/100
|move|p1a: Aromatisse|Wish|p1a: Aromatisse
|
|-heal|p1a: Aromatisse|100/100|[from] item: Leftovers
|upkeep
|turn|17
|
|t:|1608930279
|move|p2a: Hitmonlee|Close Combat|p1a: Aromatisse
|-resisted|p1a: Aromatisse
|-damage|p1a: Aromatisse|79/100
|-unboost|p2a: Hitmonlee|def|1
|-unboost|p2a: Hitmonlee|spd|1
|-enditem|p2a: Hitmonlee|Eject Pack
|
|t:|1608930282
|switch|p2a: Dugtrio|Dugtrio-Alola, M, shiny|100/100
|move|p1a: Aromatisse|Moonblast|p2a: Dugtrio
|-resisted|p2a: Dugtrio
|-damage|p2a: Dugtrio|64/100
|
|-heal|p1a: Aromatisse|100/100|[from] move: Wish|[wisher] Aromatisse
|upkeep
|turn|18
|
|t:|1608930287
|switch|p1a: Lanturn|Lanturn, F|100/100
|move|p2a: Dugtrio|Iron Head|p1a: Lanturn
|-resisted|p1a: Lanturn
|-damage|p1a: Lanturn|94/100
|
|upkeep
|turn|19
|
|t:|1608930294
|move|p2a: Dugtrio|Iron Head|p1a: Lanturn
|-resisted|p1a: Lanturn
|-damage|p1a: Lanturn|87/100
|cant|p1a: Lanturn|flinch
|
|upkeep
|turn|20
|
|t:|1608930301
|switch|p2a: Gigalith|Gigalith, M, shiny|74/100 tox
|-weather|Sandstorm|[from] ability: Sand Stream|[of] p2a: Gigalith
|move|p1a: Lanturn|Volt Switch|p2a: Gigalith
|-damage|p2a: Gigalith|65/100 tox
|
|t:|1608930306
|switch|p1a: Silvally|Silvally-Ground|68/100|[from]move: Volt Switch
|-damage|p1a: Silvally|62/100|[from] Stealth Rock
|
|-weather|Sandstorm|[upkeep]
|-heal|p2a: Gigalith|71/100 tox|[from] item: Leftovers
|-damage|p2a: Gigalith|65/100 tox|[from] psn
|upkeep
|turn|21
|
|t:|1608930313
|switch|p2a: Charizard|Charizard, M, shiny|100/100
|move|p1a: Silvally|Defog|p2a: Charizard
|-unboost|p2a: Charizard|evasion|1
|-sideend|p1: Schizoption|Stealth Rock|[from] move: Defog|[of] p1a: Silvally
|
|-weather|Sandstorm|[upkeep]
|-damage|p2a: Charizard|94/100|[from] Sandstorm
|upkeep
|turn|22
|
|t:|1608930318
|switch|p2a: Hitmonlee|Hitmonlee, M|100/100
|switch|p1a: Lanturn|Lanturn, F|87/100
|
|-weather|Sandstorm|[upkeep]
|-damage|p2a: Hitmonlee|94/100|[from] Sandstorm
|-damage|p1a: Lanturn|81/100|[from] Sandstorm
|upkeep
|turn|23
|
|t:|1608930324
|switch|p1a: Aromatisse|Aromatisse, F|100/100
|move|p2a: Hitmonlee|Knock Off|p1a: Aromatisse
|-resisted|p1a: Aromatisse
|-damage|p1a: Aromatisse|89/100
|-enditem|p1a: Aromatisse|Leftovers|[from] move: Knock Off|[of] p2a: Hitmonlee
|
|-weather|Sandstorm|[upkeep]
|-damage|p2a: Hitmonlee|88/100|[from] Sandstorm
|-damage|p1a: Aromatisse|83/100|[from] Sandstorm
|upkeep
|turn|24
|
|t:|1608930334
|switch|p2a: Dugtrio|Dugtrio-Alola, M, shiny|64/100
|move|p1a: Aromatisse|Moonblast|p2a: Dugtrio
|-resisted|p2a: Dugtrio
|-damage|p2a: Dugtrio|31/100
|-unboost|p2a: Dugtrio|spa|1
|
|-weather|none
|upkeep
|turn|25
|j| yedla
|
|t:|1608930344
|move|p1a: Aromatisse|Protect|p1a: Aromatisse
|-singleturn|p1a: Aromatisse|Protect
|move|p2a: Dugtrio|Iron Head|p1a: Aromatisse
|-activate|p1a: Aromatisse|move: Protect
|
|upkeep
|turn|26
|
|t:|1608930349
|switch|p2a: Exeggutor|Exeggutor, M, shiny|100/100
|switch|p1a: Lanturn|Lanturn, F|81/100
|
|upkeep
|turn|27
|
|t:|1608930355
|move|p1a: Lanturn|Protect|p1a: Lanturn
|-singleturn|p1a: Lanturn|Protect
|move|p2a: Exeggutor|Substitute|p2a: Exeggutor
|-start|p2a: Exeggutor|Substitute
|-damage|p2a: Exeggutor|75/100
|
|upkeep
|turn|28
|
|t:|1608930360
|move|p2a: Exeggutor|Psyshock|p1a: Lanturn
|-damage|p1a: Lanturn|43/100
|move|p1a: Lanturn|Volt Switch|p2a: Exeggutor
|-resisted|p2a: Exeggutor
|-activate|p2a: Exeggutor|move: Substitute|[damage]
|
|t:|1608930364
|switch|p1a: Scyther|Scyther, F|100/100|[from]move: Volt Switch
|
|upkeep
|turn|29
|
|t:|1608930370
|switch|p2a: Gigalith|Gigalith, M, shiny|65/100 tox
|-weather|Sandstorm|[from] ability: Sand Stream|[of] p2a: Gigalith
|move|p1a: Scyther|Dual Wingbeat|p2a: Gigalith
|-resisted|p2a: Gigalith
|-damage|p2a: Gigalith|54/100 tox
|-resisted|p2a: Gigalith
|-damage|p2a: Gigalith|44/100 tox
|-hitcount|p2a: Gigalith|2
|
|-weather|Sandstorm|[upkeep]
|-damage|p1a: Scyther|94/100|[from] Sandstorm
|-heal|p2a: Gigalith|50/100 tox|[from] item: Leftovers
|-damage|p2a: Gigalith|44/100 tox|[from] psn
|upkeep
|turn|30
|
|t:|1608930375
|switch|p1a: Silvally|Silvally-Ground|62/100
|move|p2a: Gigalith|Toxic|p1a: Silvally|[miss]
|-miss|p2a: Gigalith|p1a: Silvally
|
|-weather|Sandstorm|[upkeep]
|-heal|p2a: Gigalith|50/100 tox|[from] item: Leftovers
|-damage|p2a: Gigalith|38/100 tox|[from] psn
|upkeep
|turn|31
|
|t:|1608930382
|move|p1a: Silvally|Rock Slide|p2a: Gigalith
|-damage|p2a: Gigalith|25/100 tox
|move|p2a: Gigalith|Toxic|p1a: Silvally
|-status|p1a: Silvally|tox
|
|-weather|Sandstorm|[upkeep]
|-heal|p2a: Gigalith|32/100 tox|[from] item: Leftovers
|-damage|p1a: Silvally|56/100 tox|[from] psn
|-damage|p2a: Gigalith|13/100 tox|[from] psn
|upkeep
|turn|32
|
|t:|1608930388
|move|p1a: Silvally|Multi-Attack|p2a: Gigalith
|-supereffective|p2a: Gigalith
|-damage|p2a: Gigalith|0 fnt
|faint|p2a: Gigalith
|
|-weather|Sandstorm|[upkeep]
|-damage|p1a: Silvally|43/100 tox|[from] psn
|upkeep
|
|t:|1608930391
|switch|p2a: Charizard|Charizard, M, shiny|94/100
|turn|33
|
|t:|1608930400
|move|p2a: Charizard|Fire Blast|p1a: Silvally
|-crit|p1a: Silvally
|-damage|p1a: Silvally|0 fnt
|faint|p1a: Silvally
|
|-weather|none
|upkeep
|
|t:|1608930405
|switch|p1a: Exploud|Exploud, F|88/100
|turn|34
|
|t:|1608930421
|switch|p2a: Dugtrio|Dugtrio-Alola, M, shiny|31/100
|move|p1a: Exploud|Boomburst|p2a: Dugtrio
|-resisted|p2a: Dugtrio
|-damage|p2a: Dugtrio|0 fnt
|faint|p2a: Dugtrio
|
|upkeep
|
|t:|1608930425
|switch|p2a: Hitmonlee|Hitmonlee, M|88/100
|turn|35
|
|t:|1608930430
|switch|p2a: Exeggutor|Exeggutor, M, shiny|75/100
|switch|p1a: Aromatisse|Aromatisse, F|83/100
|
|upkeep
|turn|36
|
|t:|1608930437
|switch|p1a: Exploud|Exploud, F|88/100
|move|p2a: Exeggutor|Substitute|p2a: Exeggutor
|-start|p2a: Exeggutor|Substitute
|-damage|p2a: Exeggutor|50/100
|-enditem|p2a: Exeggutor|Sitrus Berry|[eat]
|-heal|p2a: Exeggutor|75/100|[from] item: Sitrus Berry
|
|upkeep
|turn|37
|
|t:|1608930448
|switch|p2a: Hitmonlee|Hitmonlee, M|88/100
|move|p1a: Exploud|Boomburst|p2a: Hitmonlee
|-damage|p2a: Hitmonlee|0 fnt
|faint|p2a: Hitmonlee
|
|upkeep
|
|t:|1608930451
|switch|p2a: Charizard|Charizard, M, shiny|94/100
|turn|38
|
|t:|1608930456
|move|p2a: Charizard|Hurricane|p1a: Exploud
|-damage|p1a: Exploud|21/100
|move|p1a: Exploud|Boomburst|p2a: Charizard
|-damage|p2a: Charizard|0 fnt
|faint|p2a: Charizard
|
|upkeep
|
|t:|1608930463
|switch|p2a: Silvally|Silvally-Fairy, shiny|100/100
|turn|39
|
|t:|1608930470
|move|p2a: Silvally|Flame Charge|p1a: Exploud
|-damage|p1a: Exploud|0 fnt
|-boost|p2a: Silvally|spe|1
|faint|p1a: Exploud
|
|upkeep
|
|t:|1608930477
|switch|p1a: Lanturn|Lanturn, F|43/100
|turn|40
|
|t:|1608930481
|move|p2a: Silvally|Multi-Attack|p1a: Lanturn
|-damage|p1a: Lanturn|0 fnt
|faint|p1a: Lanturn
|
|upkeep
|
|t:|1608930489
|switch|p1a: Scyther|Scyther, F|94/100
|turn|41
|
|t:|1608930493
|move|p1a: Scyther|Dual Wingbeat|p2a: Silvally
|-crit|p2a: Silvally
|-damage|p2a: Silvally|59/100
|-damage|p2a: Silvally|26/100
|-hitcount|p2a: Silvally|2
|move|p2a: Silvally|Flame Charge|p1a: Scyther
|-supereffective|p1a: Scyther
|-damage|p1a: Scyther|52/100
|-boost|p2a: Silvally|spe|1
|
|upkeep
|turn|42
|
|t:|1608930502
|switch|p1a: Sandslash|Sandslash-Alola, M|32/100
|move|p2a: Silvally|Multi-Attack|p1a: Sandslash
|-resisted|p1a: Sandslash
|-damage|p1a: Sandslash|11/100
|
|-heal|p1a: Sandslash|17/100|[from] item: Leftovers
|upkeep
|turn|43
|
|t:|1608930507
|move|p2a: Silvally|Flame Charge|p1a: Sandslash
|-supereffective|p1a: Sandslash
|-damage|p1a: Sandslash|0 fnt
|-boost|p2a: Silvally|spe|1
|faint|p1a: Sandslash
|
|upkeep
|
|t:|1608930510
|switch|p1a: Aromatisse|Aromatisse, F|83/100
|turn|44
|
|t:|1608930515
|switch|p2a: Exeggutor|Exeggutor, M, shiny|75/100
|move|p1a: Aromatisse|Moonblast|p2a: Exeggutor
|-damage|p2a: Exeggutor|31/100
|
|-item|p2a: Exeggutor|Sitrus Berry|[from] ability: Harvest
|upkeep
|-enditem|p2a: Exeggutor|Sitrus Berry|[eat]
|-heal|p2a: Exeggutor|56/100|[from] item: Sitrus Berry
|turn|45
|
|t:|1608930524
|move|p2a: Exeggutor|Psyshock|p1a: Aromatisse
|-damage|p1a: Aromatisse|47/100
|move|p1a: Aromatisse|Moonblast|p2a: Exeggutor
|-damage|p2a: Exeggutor|12/100
|-unboost|p2a: Exeggutor|spa|1
|
|upkeep
|turn|46
|
|t:|1608930531
|move|p2a: Exeggutor|Giga Drain|p1a: Aromatisse
|-damage|p1a: Aromatisse|22/100
|-heal|p2a: Exeggutor|27/100|[from] drain|[of] p1a: Aromatisse
|move|p1a: Aromatisse|Moonblast|p2a: Exeggutor
|-damage|p2a: Exeggutor|0 fnt
|faint|p2a: Exeggutor
|
|upkeep
|
|t:|1608930535
|switch|p2a: Silvally|Silvally-Fairy, shiny|26/100
|turn|47
|
|t:|1608930542
|move|p2a: Silvally|Flame Charge|p1a: Aromatisse
|-damage|p1a: Aromatisse|12/100
|-boost|p2a: Silvally|spe|1
|move|p1a: Aromatisse|Moonblast|p2a: Silvally
|-damage|p2a: Silvally|0 fnt
|faint|p2a: Silvally
|
|win|Schizoption
|raw|Schizoption's rating: 1568 &rarr; <strong>1579</strong><br />(+11 for winning)
|raw|Zenadark's rating: 1400 &rarr; <strong>1389</strong><br />(-11 for losing)
|l|☆Schizoption
|c|☆Zenadark|gg
|c|☆Zenadark|zs ?
