|html|<div class="broadcast-blue"><strong>[Gen 8] PU is currently suspecting Araquanid! For information on how to participate check out the <a href="https://www.smogon.com/forums/threads/np-pu-stage-9-itsy-bitsy-spider.3704256/">suspect thread</a>.</strong></div>
|j|☆The Prince of PU
|j|☆cafay sukray
|t:|1657716851
|gametype|singles
|player|p1|The Prince of PU|crasherwake|1312
|player|p2|cafay sukray|swimmer-gen4dp|1572
|teamsize|p1|6
|teamsize|p2|6
|gen|8
|tier|[Gen 8] PU
|rated|
|rule|Sleep Clause Mod: Limit one foe put to sleep
|rule|Species Clause: Limit one of each Pokémon
|rule|OHKO Clause: OHKO moves are banned
|rule|Evasion Moves Clause: Evasion moves are banned
|rule|Endless Battle Clause: Forcing endless battles is banned
|rule|HP Percentage Mod: HP is shown in percentages
|rule|Dynamax Clause: You cannot dynamax
|clearpoke
|poke|p1|Guzzlord|
|poke|p1|Ribombee, M|
|poke|p1|Centiskorch, M|
|poke|p1|Rotom|
|poke|p1|Aggron, M|
|poke|p1|Wishiwashi, M|
|poke|p2|Lunatone|
|poke|p2|Sandaconda, M|
|poke|p2|Togedemaru, F|
|poke|p2|Shiftry, F|
|poke|p2|Silvally-*|
|poke|p2|Jolteon, M|
|teampreview
|
|t:|1657716878
|start
|switch|p1a: Gron Cena|Aggron, M|100/100
|switch|p2a: Jolteon|Jolteon, M|100/100
|turn|1
|
|t:|1657716888
|switch|p1a: Tomi Lahren|Guzzlord, shiny|100/100
|move|p2a: Jolteon|Volt Switch|p1a: Tomi Lahren
|-resisted|p1a: Tomi Lahren
|-damage|p1a: Tomi Lahren|77/100
|
|t:|1657716893
|switch|p2a: Silvally|Silvally-Fairy|100/100|[from]move: Volt Switch
|
|upkeep
|turn|2
|
|t:|1657716901
|switch|p2a: Sandaconda|Sandaconda, M|100/100
|switch|p1a: Gron Cena|Aggron, M|100/100
|
|upkeep
|turn|3
|
|t:|1657716906
|move|p2a: Sandaconda|Stealth Rock|p1a: Gron Cena
|-sidestart|p1: The Prince of PU|move: Stealth Rock
|move|p1a: Gron Cena|Stealth Rock|p2a: Sandaconda
|-sidestart|p2: cafay sukray|move: Stealth Rock
|
|upkeep
|turn|4
|
|t:|1657716911
|switch|p2a: Jolteon|Jolteon, M|100/100
|-damage|p2a: Jolteon|88/100|[from] Stealth Rock
|switch|p1a: SHODAN|Rotom|100/100
|-damage|p1a: SHODAN|88/100|[from] Stealth Rock
|
|upkeep
|turn|5
|
|t:|1657716923
|switch|p1a: Tomi Lahren|Guzzlord, shiny|77/100
|-damage|p1a: Tomi Lahren|65/100|[from] Stealth Rock
|move|p2a: Jolteon|Volt Switch|p1a: Tomi Lahren
|-resisted|p1a: Tomi Lahren
|-damage|p1a: Tomi Lahren|40/100
|
|t:|1657716928
|switch|p2a: Silvally|Silvally-Fairy|100/100|[from]move: Volt Switch
|-damage|p2a: Silvally|88/100|[from] Stealth Rock
|
|upkeep
|turn|6
|
|t:|1657716933
|switch|p1a: Chunguskorch|Centiskorch, M|100/100
|move|p2a: Silvally|Multi-Attack|p1a: Chunguskorch
|-resisted|p1a: Chunguskorch
|-damage|p1a: Chunguskorch|69/100
|-status|p2a: Silvally|brn|[from] ability: Flame Body|[of] p1a: Chunguskorch
|
|-damage|p2a: Silvally|82/100 brn|[from] brn
|upkeep
|turn|7
|
|t:|1657716942
|switch|p1a: Gron Cena|Aggron, M|100/100
|-damage|p1a: Gron Cena|95/100|[from] Stealth Rock
|move|p2a: Silvally|Surf|p1a: Gron Cena
|-supereffective|p1a: Gron Cena
|-damage|p1a: Gron Cena|32/100
|
|-heal|p1a: Gron Cena|38/100|[from] item: Leftovers
|-damage|p2a: Silvally|76/100 brn|[from] brn
|upkeep
|turn|8
|
|t:|1657716951
|switch|p1a: The Shoal|Wishiwashi, M|100/100
|-damage|p1a: The Shoal|88/100|[from] Stealth Rock
|-formechange|p1a: The Shoal|Wishiwashi-School||[from] ability: Schooling
|move|p2a: Silvally|Surf|p1a: The Shoal
|-resisted|p1a: The Shoal
|-damage|p1a: The Shoal|76/100
|
|-heal|p1a: The Shoal|82/100|[from] item: Leftovers
|-damage|p2a: Silvally|70/100 brn|[from] brn
|upkeep
|turn|9
|
|t:|1657716962
|move|p2a: Silvally|Grass Pledge|p1a: The Shoal
|-supereffective|p1a: The Shoal
|-damage|p1a: The Shoal|35/100
|move|p1a: The Shoal|U-turn|p2a: Silvally
|-resisted|p2a: Silvally
|-damage|p2a: Silvally|59/100 brn
|
|t:|1657716973
|switch|p1a: Morbeeus|Ribombee, M|100/100|[from]move: U-turn
|-damage|p1a: Morbeeus|76/100|[from] Stealth Rock
|
|-damage|p2a: Silvally|53/100 brn|[from] brn
|upkeep
|turn|10
|
|t:|1657716979
|switch|p2a: Togedemaru|Togedemaru, F|100/100
|-damage|p2a: Togedemaru|95/100|[from] Stealth Rock
|move|p1a: Morbeeus|Moonblast|p2a: Togedemaru
|-resisted|p2a: Togedemaru
|-damage|p2a: Togedemaru|65/100
|
|-heal|p2a: Togedemaru|71/100|[from] item: Leftovers
|upkeep
|turn|11
|
|t:|1657716988
|switch|p1a: Chunguskorch|Centiskorch, M|69/100
|move|p2a: Togedemaru|Wish|p2a: Togedemaru
|
|-heal|p2a: Togedemaru|77/100|[from] item: Leftovers
|upkeep
|turn|12
|
|t:|1657716997
|switch|p2a: Sandaconda|Sandaconda, M|100/100
|-damage|p2a: Sandaconda|94/100|[from] Stealth Rock
|move|p1a: Chunguskorch|Fire Lash|p2a: Sandaconda
|-damage|p2a: Sandaconda|67/100
|-unboost|p2a: Sandaconda|def|1
|-damage|p1a: Chunguskorch|53/100|[from] item: Rocky Helmet|[of] p2a: Sandaconda
|
|-heal|p2a: Sandaconda|100/100|[from] move: Wish|[wisher] Togedemaru
|upkeep
|turn|13
|
|t:|1657717008
|switch|p2a: Silvally|Silvally-Fairy|53/100 brn
|-damage|p2a: Silvally|41/100 brn|[from] Stealth Rock
|move|p1a: Chunguskorch|Power Whip|p2a: Silvally
|-damage|p2a: Silvally|0 fnt
|faint|p2a: Silvally
|
|upkeep
|
|t:|1657717012
|switch|p2a: Jolteon|Jolteon, M|88/100
|-damage|p2a: Jolteon|75/100|[from] Stealth Rock
|turn|14
|
|t:|1657717018
|switch|p1a: Tomi Lahren|Guzzlord, shiny|40/100
|-damage|p1a: Tomi Lahren|27/100|[from] Stealth Rock
|move|p2a: Jolteon|Thunderbolt|p1a: Tomi Lahren
|-resisted|p1a: Tomi Lahren
|-damage|p1a: Tomi Lahren|0 fnt
|faint|p1a: Tomi Lahren
|
|upkeep
|
|t:|1657717031
|switch|p1a: SHODAN|Rotom|88/100
|-damage|p1a: SHODAN|76/100|[from] Stealth Rock
|turn|15
|
|t:|1657717041
|switch|p2a: Shiftry|Shiftry, F|100/100
|move|p1a: SHODAN|Shadow Ball|p2a: Shiftry
|-resisted|p2a: Shiftry
|-damage|p2a: Shiftry|81/100
|
|upkeep
|turn|16
|
|t:|1657717049
|switch|p1a: The Shoal|Wishiwashi, M|35/100
|-damage|p1a: The Shoal|23/100|[from] Stealth Rock
|move|p2a: Shiftry|Knock Off|p1a: The Shoal
|-damage|p1a: The Shoal|0 fnt
|-enditem|p1a: The Shoal|Leftovers|[from] move: Knock Off|[of] p2a: Shiftry
|faint|p1a: The Shoal
|
|upkeep
|
|t:|1657717057
|switch|p1a: Morbeeus|Ribombee, M|76/100
|-damage|p1a: Morbeeus|51/100|[from] Stealth Rock
|turn|17
|
|t:|1657717063
|switch|p2a: Togedemaru|Togedemaru, F|77/100
|-damage|p2a: Togedemaru|71/100|[from] Stealth Rock
|move|p1a: Morbeeus|Moonblast|p2a: Togedemaru
|-resisted|p2a: Togedemaru
|-damage|p2a: Togedemaru|45/100
|
|-heal|p2a: Togedemaru|51/100|[from] item: Leftovers
|upkeep
|turn|18
|
|t:|1657717072
|switch|p1a: SHODAN|Rotom|76/100
|-damage|p1a: SHODAN|63/100|[from] Stealth Rock
|move|p2a: Togedemaru|Wish|p2a: Togedemaru
|
|-heal|p2a: Togedemaru|57/100|[from] item: Leftovers
|upkeep
|turn|19
|
|t:|1657717078
|move|p2a: Togedemaru|Spiky Shield|p2a: Togedemaru
|-singleturn|p2a: Togedemaru|move: Protect
|move|p1a: SHODAN|Trick|p2a: Togedemaru
|-activate|p2a: Togedemaru|move: Protect
|
|-heal|p2a: Togedemaru|100/100|[from] move: Wish|[wisher] Togedemaru
|upkeep
|turn|20
|inactive|Battle timer is ON: inactive players will automatically lose when time's up. (requested by The Prince of PU)
|
|t:|1657717117
|switch|p2a: Jolteon|Jolteon, M|75/100
|-damage|p2a: Jolteon|63/100|[from] Stealth Rock
|move|p1a: SHODAN|Trick|p2a: Jolteon
|-activate|p1a: SHODAN|move: Trick|[of] p2a: Jolteon
|-item|p2a: Jolteon|Choice Scarf|[from] move: Trick
|-item|p1a: SHODAN|Choice Specs|[from] move: Trick
|
|upkeep
|turn|21
|
|t:|1657717129
|move|p2a: Jolteon|Shadow Ball|p1a: SHODAN
|-supereffective|p1a: SHODAN
|-damage|p1a: SHODAN|0 fnt
|faint|p1a: SHODAN
|
|upkeep
|
|t:|1657717132
|switch|p1a: Chunguskorch|Centiskorch, M|53/100
|turn|22
|
|t:|1657717136
|switch|p2a: Sandaconda|Sandaconda, M|100/100
|-damage|p2a: Sandaconda|94/100|[from] Stealth Rock
|move|p1a: Chunguskorch|Knock Off|p2a: Sandaconda
|-damage|p2a: Sandaconda|71/100
|-damage|p1a: Chunguskorch|36/100|[from] item: Rocky Helmet|[of] p2a: Sandaconda
|-enditem|p2a: Sandaconda|Rocky Helmet|[from] move: Knock Off|[of] p1a: Chunguskorch
|
|upkeep
|turn|23
|
|t:|1657717144
|move|p1a: Chunguskorch|Power Whip|p2a: Sandaconda
|-supereffective|p2a: Sandaconda
|-damage|p2a: Sandaconda|14/100
|move|p2a: Sandaconda|Earthquake|p1a: Chunguskorch
|-damage|p1a: Chunguskorch|0 fnt
|faint|p1a: Chunguskorch
|
|upkeep
|
|t:|1657717149
|switch|p1a: Morbeeus|Ribombee, M|51/100
|-damage|p1a: Morbeeus|26/100|[from] Stealth Rock
|turn|24
|-message|The Prince of PU forfeited.
|
|win|cafay sukray
|raw|The Prince of PU's rating: 1312 &rarr; <strong>1305</strong><br />(-7 for losing)
|raw|cafay sukray's rating: 1572 &rarr; <strong>1579</strong><br />(+7 for winning)
|l|☆The Prince of PU
||Ladder isn't responding, score probably updated but might not have (Request timeout).
