|j|☆one step from eden
|j|☆Jhang
|t:|1628281157
|gametype|singles
|player|p1|one step from eden|grimsley-gen7|1498
|player|p2|Jhang|juan|1449
|teamsize|p1|6
|teamsize|p2|6
|gen|8
|tier|[Gen 8] PU
|rated|
|rule|Sleep Clause Mod: Limit one foe put to sleep
|rule|Species Clause: Limit one of each Pokémon
|rule|OHKO Clause: OHKO moves are banned
|rule|Evasion Moves Clause: Evasion moves are banned
|rule|Endless Battle Clause: Forcing endless battles is banned
|rule|HP Percentage Mod: HP is shown in percentages
|rule|Dynamax Clause: You cannot dynamax
|clearpoke
|poke|p1|Magmortar, M|
|poke|p1|Archeops, M|
|poke|p1|Whimsicott, M|
|poke|p1|Silvally-*|
|poke|p1|Ferroseed, M|
|poke|p1|Mesprit|
|poke|p2|Piloswine, F|
|poke|p2|Togedemaru, M|
|poke|p2|Tsareena, F|
|poke|p2|Wishiwashi, F|
|poke|p2|Whimsicott, M|
|poke|p2|Charizard, M|
|teampreview
|
|t:|1628281182
|start
|switch|p1a: Ferroseed|Ferroseed, M|100/100
|switch|p2a: Piloswine|Piloswine, F|100/100
|turn|1
|
|t:|1628281197
|move|p2a: Piloswine|Stealth Rock|p1a: Ferroseed
|-sidestart|p1: one step from eden|move: Stealth Rock
|move|p1a: Ferroseed|Stealth Rock|p2a: Piloswine
|-sidestart|p2: Jhang|move: Stealth Rock
|
|upkeep
|turn|2
|
|t:|1628281210
|move|p2a: Piloswine|Icicle Crash|p1a: Ferroseed|[miss]
|-miss|p2a: Piloswine|p1a: Ferroseed
|move|p1a: Ferroseed|Leech Seed|p2a: Piloswine
|-start|p2a: Piloswine|move: Leech Seed
|
|-damage|p2a: Piloswine|88/100|[from] Leech Seed|[of] p1a: Ferroseed
|upkeep
|turn|3
|
|t:|1628281217
|move|p2a: Piloswine|Icicle Crash|p1a: Ferroseed
|-damage|p1a: Ferroseed|73/100
|move|p1a: Ferroseed|Leech Seed|p2a: Piloswine|[miss]
|-miss|p1a: Ferroseed|p2a: Piloswine
|
|-damage|p2a: Piloswine|76/100|[from] Leech Seed|[of] p1a: Ferroseed
|-heal|p1a: Ferroseed|90/100|[silent]
|upkeep
|turn|4
|
|t:|1628281227
|switch|p2a: Tsareena|Tsareena, F|100/100
|move|p1a: Ferroseed|Leech Seed|p2a: Tsareena
|-immune|p2a: Tsareena
|
|upkeep
|turn|5
|
|t:|1628281242
|move|p1a: Ferroseed|Protect|p1a: Ferroseed
|-singleturn|p1a: Ferroseed|Protect
|move|p2a: Tsareena|Knock Off|p1a: Ferroseed
|-activate|p1a: Ferroseed|move: Protect
|
|upkeep
|turn|6
|
|t:|1628281250
|switch|p1a: Whimsicott|Whimsicott, M|100/100
|move|p2a: Tsareena|Rapid Spin|p1a: Whimsicott
|-damage|p1a: Whimsicott|80/100
|-boost|p2a: Tsareena|spe|1
|-sideend|p2: Jhang|Stealth Rock|[from] move: Rapid Spin|[of] p2a: Tsareena
|
|upkeep
|turn|7
|
|t:|1628281260
|switch|p2a: Togedemaru|Togedemaru, M|100/100
|move|p1a: Whimsicott|Leech Seed|p2a: Togedemaru
|-start|p2a: Togedemaru|move: Leech Seed
|
|-damage|p2a: Togedemaru|88/100|[from] Leech Seed|[of] p1a: Whimsicott
|-heal|p1a: Whimsicott|90/100|[silent]
|upkeep
|turn|8
|
|t:|1628281277
|move|p2a: Togedemaru|U-turn|p1a: Whimsicott
|-damage|p1a: Whimsicott|67/100
|
|t:|1628281284
|switch|p2a: Whimsicott|Whimsicott, M|100/100|[from]move: U-turn
|move|p1a: Whimsicott|U-turn|p2a: Whimsicott
|-damage|p2a: Whimsicott|91/100
|
|t:|1628281289
|switch|p1a: Magmortar|Magmortar, M|100/100|[from]move: U-turn
|
|-heal|p2a: Whimsicott|97/100|[from] item: Leftovers
|upkeep
|turn|9
|
|t:|1628281296
|move|p2a: Whimsicott|Substitute|p2a: Whimsicott
|-start|p2a: Whimsicott|Substitute
|-damage|p2a: Whimsicott|72/100
|move|p1a: Magmortar|Fire Blast|p2a: Whimsicott
|-supereffective|p2a: Whimsicott
|-end|p2a: Whimsicott|Substitute
|
|-heal|p2a: Whimsicott|79/100|[from] item: Leftovers
|upkeep
|turn|10
|
|t:|1628281305
|switch|p2a: Wishiwashi|Wishiwashi, F|100/100
|-formechange|p2a: Wishiwashi|Wishiwashi-School||[from] ability: Schooling
|move|p1a: Magmortar|Thunderbolt|p2a: Wishiwashi
|-supereffective|p2a: Wishiwashi
|-damage|p2a: Wishiwashi|55/100
|
|-heal|p2a: Wishiwashi|61/100|[from] item: Leftovers
|upkeep
|turn|11
|
|t:|1628281315
|switch|p1a: Ferroseed|Ferroseed, M|90/100
|-damage|p1a: Ferroseed|84/100|[from] Stealth Rock
|move|p2a: Wishiwashi|Protect||[still]
|-fail|p2a: Wishiwashi
|
|-heal|p2a: Wishiwashi|67/100|[from] item: Leftovers
|upkeep
|turn|12
|
|t:|1628281329
|switch|p2a: Charizard|Charizard, M|100/100
|move|p1a: Ferroseed|Stealth Rock|p2a: Charizard
|-sidestart|p2: Jhang|move: Stealth Rock
|
|upkeep
|turn|13
|
|t:|1628281337
|switch|p1a: Archeops|Archeops, M|100/100
|move|p2a: Charizard|Hurricane|p1a: Archeops
|-resisted|p1a: Archeops
|-damage|p1a: Archeops|59/100
|
|upkeep
|turn|14
|
|t:|1628281350
|switch|p2a: Piloswine|Piloswine, F|76/100
|-damage|p2a: Piloswine|63/100|[from] Stealth Rock
|move|p1a: Archeops|Knock Off|p2a: Piloswine
|-damage|p2a: Piloswine|38/100
|-enditem|p2a: Piloswine|Eviolite|[from] move: Knock Off|[of] p1a: Archeops
|
|upkeep
|turn|15
|
|t:|1628281358
|switch|p1a: Ferroseed|Ferroseed, M|84/100
|-damage|p1a: Ferroseed|78/100|[from] Stealth Rock
|move|p2a: Piloswine|Ice Shard|p1a: Ferroseed
|-damage|p1a: Ferroseed|64/100
|
|upkeep
|turn|16
|
|t:|1628281366
|switch|p2a: Tsareena|Tsareena, F|100/100
|move|p1a: Ferroseed|Gyro Ball|p2a: Tsareena
|-damage|p2a: Tsareena|61/100
|
|upkeep
|turn|17
|
|t:|1628281376
|switch|p1a: Whimsicott|Whimsicott, M|67/100
|move|p2a: Tsareena|Knock Off|p1a: Whimsicott
|-resisted|p1a: Whimsicott
|-damage|p1a: Whimsicott|49/100
|-enditem|p1a: Whimsicott|Heavy-Duty Boots|[from] move: Knock Off|[of] p2a: Tsareena
|
|upkeep
|turn|18
|
|t:|1628281382
|move|p1a: Whimsicott|Moonblast|p2a: Tsareena
|-damage|p2a: Tsareena|27/100
|-unboost|p2a: Tsareena|spa|1
|move|p2a: Tsareena|Rapid Spin|p1a: Whimsicott
|-damage|p1a: Whimsicott|30/100
|-boost|p2a: Tsareena|spe|1
|-sideend|p2: Jhang|Stealth Rock|[from] move: Rapid Spin|[of] p2a: Tsareena
|
|upkeep
|turn|19
|
|t:|1628281397
|move|p1a: Whimsicott|Defog||[still]
|cant|p2a: Tsareena|ability: Queenly Majesty|Defog|[of] p1a: Whimsicott
|move|p2a: Tsareena|Power Whip|p1a: Whimsicott
|-resisted|p1a: Whimsicott
|-damage|p1a: Whimsicott|0 fnt
|faint|p1a: Whimsicott
|
|upkeep
|
|t:|1628281405
|switch|p1a: Mesprit|Mesprit|100/100
|-damage|p1a: Mesprit|88/100|[from] Stealth Rock
|turn|20
|c|☆Jhang|Oh wow
|
|t:|1628281411
|move|p1a: Mesprit|U-turn|p2a: Tsareena
|-supereffective|p2a: Tsareena
|-damage|p2a: Tsareena|0 fnt
|faint|p2a: Tsareena
|
|t:|1628281428
|switch|p1a: Silvally|Silvally-Water|100/100|[from]move: U-turn
|-damage|p1a: Silvally|88/100|[from] Stealth Rock
|
|upkeep
|
|t:|1628281441
|switch|p2a: Whimsicott|Whimsicott, M|79/100
|turn|21
|
|t:|1628281452
|switch|p1a: Magmortar|Magmortar, M|100/100
|move|p2a: Whimsicott|Substitute|p2a: Whimsicott
|-start|p2a: Whimsicott|Substitute
|-damage|p2a: Whimsicott|54/100
|
|-heal|p2a: Whimsicott|60/100|[from] item: Leftovers
|upkeep
|turn|22
|
|t:|1628281456
|move|p2a: Whimsicott|Leech Seed|p1a: Magmortar
|-start|p1a: Magmortar|move: Leech Seed
|move|p1a: Magmortar|Teleport|p1a: Magmortar
|
|t:|1628281461
|switch|p1a: Ferroseed|Ferroseed, M|64/100|[from]move: Teleport
|-damage|p1a: Ferroseed|58/100|[from] Stealth Rock
|
|-heal|p2a: Whimsicott|66/100|[from] item: Leftovers
|upkeep
|turn|23
|j| Zuzuman
|
|t:|1628281469
|move|p2a: Whimsicott|Taunt|p1a: Ferroseed
|-start|p1a: Ferroseed|move: Taunt
|move|p1a: Ferroseed|Gyro Ball|p2a: Whimsicott
|-supereffective|p2a: Whimsicott
|-end|p2a: Whimsicott|Substitute
|
|-heal|p2a: Whimsicott|72/100|[from] item: Leftovers
|upkeep
|turn|24
|j| BennyGor
|
|t:|1628281486
|switch|p2a: Wishiwashi|Wishiwashi, F|67/100
|-formechange|p2a: Wishiwashi|Wishiwashi-School||[from] ability: Schooling
|switch|p1a: Magmortar|Magmortar, M|100/100
|
|-heal|p2a: Wishiwashi|73/100|[from] item: Leftovers
|upkeep
|turn|25
|
|t:|1628281491
|switch|p1a: Ferroseed|Ferroseed, M|58/100
|-damage|p1a: Ferroseed|52/100|[from] Stealth Rock
|move|p2a: Wishiwashi|Scald|p1a: Ferroseed
|-resisted|p1a: Ferroseed
|-damage|p1a: Ferroseed|37/100
|
|-heal|p2a: Wishiwashi|79/100|[from] item: Leftovers
|upkeep
|turn|26
|
|t:|1628281505
|move|p2a: Wishiwashi|Scald|p1a: Ferroseed
|-resisted|p1a: Ferroseed
|-crit|p1a: Ferroseed
|-damage|p1a: Ferroseed|15/100
|-status|p1a: Ferroseed|brn
|move|p1a: Ferroseed|Leech Seed|p2a: Wishiwashi
|-start|p2a: Wishiwashi|move: Leech Seed
|
|-heal|p2a: Wishiwashi|86/100|[from] item: Leftovers
|-damage|p2a: Wishiwashi|73/100|[from] Leech Seed|[of] p1a: Ferroseed
|-heal|p1a: Ferroseed|27/100 brn|[silent]
|-damage|p1a: Ferroseed|21/100 brn|[from] brn
|upkeep
|turn|27
|
|t:|1628281511
|move|p2a: Wishiwashi|Scald|p1a: Ferroseed
|-resisted|p1a: Ferroseed
|-damage|p1a: Ferroseed|6/100 brn
|move|p1a: Ferroseed|Stealth Rock|p2a: Wishiwashi
|-sidestart|p2: Jhang|move: Stealth Rock
|
|-heal|p2a: Wishiwashi|79/100|[from] item: Leftovers
|-damage|p2a: Wishiwashi|67/100|[from] Leech Seed|[of] p1a: Ferroseed
|-heal|p1a: Ferroseed|18/100 brn|[silent]
|-damage|p1a: Ferroseed|12/100 brn|[from] brn
|upkeep
|turn|28
|
|t:|1628281535
|switch|p2a: Whimsicott|Whimsicott, M|72/100
|-damage|p2a: Whimsicott|60/100|[from] Stealth Rock
|move|p1a: Ferroseed|Leech Seed|p2a: Whimsicott
|-immune|p2a: Whimsicott
|
|-heal|p2a: Whimsicott|66/100|[from] item: Leftovers
|-damage|p1a: Ferroseed|6/100 brn|[from] brn
|upkeep
|turn|29
|
|t:|1628281546
|switch|p1a: Mesprit|Mesprit|88/100
|-damage|p1a: Mesprit|76/100|[from] Stealth Rock
|move|p2a: Whimsicott|Substitute|p2a: Whimsicott
|-start|p2a: Whimsicott|Substitute
|-damage|p2a: Whimsicott|41/100
|
|-heal|p2a: Whimsicott|47/100|[from] item: Leftovers
|upkeep
|turn|30
|
|t:|1628281557
|move|p1a: Mesprit|U-turn|p2a: Whimsicott
|-activate|p2a: Whimsicott|move: Substitute|[damage]
|
|t:|1628281561
|switch|p1a: Magmortar|Magmortar, M|100/100|[from]move: U-turn
|move|p2a: Whimsicott|Moonblast|p1a: Magmortar
|-resisted|p1a: Magmortar
|-damage|p1a: Magmortar|84/100
|
|-heal|p2a: Whimsicott|53/100|[from] item: Leftovers
|upkeep
|turn|31
|
|t:|1628281574
|move|p2a: Whimsicott|Leech Seed|p1a: Magmortar
|-start|p1a: Magmortar|move: Leech Seed
|move|p1a: Magmortar|Thunderbolt|p2a: Whimsicott
|-resisted|p2a: Whimsicott
|-end|p2a: Whimsicott|Substitute
|
|-heal|p2a: Whimsicott|59/100|[from] item: Leftovers
|-damage|p1a: Magmortar|71/100|[from] Leech Seed|[of] p2a: Whimsicott
|-heal|p2a: Whimsicott|71/100|[silent]
|upkeep
|turn|32
|
|t:|1628281589
|move|p2a: Whimsicott|Substitute|p2a: Whimsicott
|-start|p2a: Whimsicott|Substitute
|-damage|p2a: Whimsicott|46/100
|move|p1a: Magmortar|Teleport|p1a: Magmortar
|
|t:|1628281591
|switch|p1a: Mesprit|Mesprit|76/100|[from]move: Teleport
|-damage|p1a: Mesprit|64/100|[from] Stealth Rock
|
|-heal|p2a: Whimsicott|52/100|[from] item: Leftovers
|upkeep
|turn|33
|
|t:|1628281601
|move|p1a: Mesprit|Healing Wish|p1a: Mesprit
|faint|p1a: Mesprit
|move|p2a: Whimsicott|Moonblast|p1: Mesprit|[notarget]
|-fail|p2a: Whimsicott
|
|-heal|p2a: Whimsicott|58/100|[from] item: Leftovers
|upkeep
|
|t:|1628281604
|switch|p1a: Ferroseed|Ferroseed, M|6/100 brn
|-heal|p1a: Ferroseed|100/100|[from] move: Healing Wish
|-damage|p1a: Ferroseed|94/100|[from] Stealth Rock
|turn|34
|
|t:|1628281612
|move|p2a: Whimsicott|Taunt|p1a: Ferroseed
|-start|p1a: Ferroseed|move: Taunt
|move|p1a: Ferroseed|Gyro Ball|p2a: Whimsicott
|-supereffective|p2a: Whimsicott
|-end|p2a: Whimsicott|Substitute
|
|-heal|p2a: Whimsicott|64/100|[from] item: Leftovers
|upkeep
|turn|35
|
|t:|1628281623
|switch|p2a: Charizard|Charizard, M|100/100
|switch|p1a: Magmortar|Magmortar, M|71/100
|
|upkeep
|turn|36
|
|t:|1628281631
|move|p2a: Charizard|Hurricane|p1a: Magmortar
|-damage|p1a: Magmortar|9/100
|-start|p1a: Magmortar|confusion
|-activate|p1a: Magmortar|confusion
|move|p1a: Magmortar|Thunderbolt|p2a: Charizard
|-supereffective|p2a: Charizard
|-damage|p2a: Charizard|16/100
|
|upkeep
|turn|37
|
|t:|1628281637
|switch|p1a: Archeops|Archeops, M|59/100
|move|p2a: Charizard|Fire Blast|p1a: Archeops|[miss]
|-miss|p2a: Charizard|p1a: Archeops
|
|upkeep
|turn|38
|
|t:|1628281648
|switch|p2a: Togedemaru|Togedemaru, M|88/100
|-damage|p2a: Togedemaru|82/100|[from] Stealth Rock
|move|p1a: Archeops|Roost|p1a: Archeops
|-heal|p1a: Archeops|100/100
|-singleturn|p1a: Archeops|move: Roost
|
|upkeep
|turn|39
|
|t:|1628281661
|switch|p1a: Magmortar|Magmortar, M|9/100
|move|p2a: Togedemaru|Iron Head|p1a: Magmortar
|-resisted|p1a: Magmortar
|-damage|p1a: Magmortar|0 fnt
|faint|p1a: Magmortar
|
|upkeep
|
|t:|1628281668
|switch|p1a: Silvally|Silvally-Water|88/100
|-damage|p1a: Silvally|76/100|[from] Stealth Rock
|turn|40
|
|t:|1628281677
|switch|p2a: Whimsicott|Whimsicott, M|64/100
|-damage|p2a: Whimsicott|52/100|[from] Stealth Rock
|move|p1a: Silvally|Flame Charge|p2a: Whimsicott
|-supereffective|p2a: Whimsicott
|-crit|p2a: Whimsicott
|-damage|p2a: Whimsicott|14/100
|-boost|p1a: Silvally|spe|1
|
|-heal|p2a: Whimsicott|20/100|[from] item: Leftovers
|upkeep
|turn|41
|
|t:|1628281694
|move|p2a: Whimsicott|Taunt|p1a: Silvally
|-start|p1a: Silvally|move: Taunt
|move|p1a: Silvally|Flame Charge|p2a: Whimsicott
|-supereffective|p2a: Whimsicott
|-damage|p2a: Whimsicott|0 fnt
|-boost|p1a: Silvally|spe|1
|faint|p2a: Whimsicott
|
|upkeep
|
|t:|1628281705
|switch|p2a: Togedemaru|Togedemaru, M|82/100
|-damage|p2a: Togedemaru|77/100|[from] Stealth Rock
|turn|42
|
|t:|1628281711
|move|p1a: Silvally|Multi-Attack|p2a: Togedemaru
|-damage|p2a: Togedemaru|0 fnt
|-damage|p1a: Silvally|63/100|[from] ability: Iron Barbs|[of] p2a: Togedemaru
|faint|p2a: Togedemaru
|
|upkeep
|
|t:|1628281718
|switch|p2a: Wishiwashi|Wishiwashi, F|67/100
|-damage|p2a: Wishiwashi|55/100|[from] Stealth Rock
|-formechange|p2a: Wishiwashi|Wishiwashi-School||[from] ability: Schooling
|turn|43
|
|t:|1628281724
|move|p1a: Silvally|U-turn|p2a: Wishiwashi
|-damage|p2a: Wishiwashi|36/100
|
|t:|1628281727
|switch|p1a: Ferroseed|Ferroseed, M|94/100|[from]move: U-turn
|-damage|p1a: Ferroseed|88/100|[from] Stealth Rock
|move|p2a: Wishiwashi|Toxic|p1a: Ferroseed
|-immune|p1a: Ferroseed
|
|-heal|p2a: Wishiwashi|42/100|[from] item: Leftovers
|upkeep
|turn|44
|
|t:|1628281738
|move|p2a: Wishiwashi|Protect|p2a: Wishiwashi
|-singleturn|p2a: Wishiwashi|Protect
|move|p1a: Ferroseed|Leech Seed|p2a: Wishiwashi
|-activate|p2a: Wishiwashi|move: Protect
|
|-heal|p2a: Wishiwashi|48/100|[from] item: Leftovers
|upkeep
|turn|45
|
|t:|1628281748
|move|p2a: Wishiwashi|Rest|p2a: Wishiwashi
|-status|p2a: Wishiwashi|slp|[from] move: Rest
|-heal|p2a: Wishiwashi|100/100 slp|[silent]
|move|p1a: Ferroseed|Leech Seed|p2a: Wishiwashi
|-start|p2a: Wishiwashi|move: Leech Seed
|
|-damage|p2a: Wishiwashi|88/100 slp|[from] Leech Seed|[of] p1a: Ferroseed
|-heal|p1a: Ferroseed|100/100|[silent]
|upkeep
|turn|46
|
|t:|1628281760
|switch|p2a: Charizard|Charizard, M|16/100
|move|p1a: Ferroseed|Leech Seed|p2a: Charizard|[miss]
|-miss|p1a: Ferroseed|p2a: Charizard
|
|upkeep
|turn|47
|
|t:|1628281780
|switch|p1a: Archeops|Archeops, M|100/100
|move|p2a: Charizard|Fire Blast|p1a: Archeops
|-resisted|p1a: Archeops
|-damage|p1a: Archeops|34/100
|
|upkeep
|turn|48
|
|t:|1628281796
|move|p1a: Archeops|Roost|p1a: Archeops
|-heal|p1a: Archeops|84/100
|-singleturn|p1a: Archeops|move: Roost
|move|p2a: Charizard|Fire Blast|p1a: Archeops
|-resisted|p1a: Archeops
|-damage|p1a: Archeops|21/100
|
|upkeep
|turn|49
|
|t:|1628281806
|switch|p2a: Piloswine|Piloswine, F|38/100
|-damage|p2a: Piloswine|25/100|[from] Stealth Rock
|move|p1a: Archeops|Roost|p1a: Archeops
|-heal|p1a: Archeops|72/100
|-singleturn|p1a: Archeops|move: Roost
|
|upkeep
|turn|50
|
|t:|1628281815
|switch|p1a: Silvally|Silvally-Water|63/100
|-damage|p1a: Silvally|51/100|[from] Stealth Rock
|move|p2a: Piloswine|Icicle Crash|p1a: Silvally
|-resisted|p1a: Silvally
|-damage|p1a: Silvally|29/100
|
|upkeep
|turn|51
|
|t:|1628281825
|move|p1a: Silvally|Multi-Attack|p2a: Piloswine
|-supereffective|p2a: Piloswine
|-damage|p2a: Piloswine|0 fnt
|faint|p2a: Piloswine
|
|upkeep
|
|t:|1628281830
|switch|p2a: Charizard|Charizard, M|16/100
|turn|52
|
|t:|1628281836
|move|p2a: Charizard|Hurricane|p1a: Silvally
|-damage|p1a: Silvally|0 fnt
|faint|p1a: Silvally
|
|upkeep
|
|t:|1628281840
|switch|p1a: Archeops|Archeops, M|72/100
|turn|53
|
|t:|1628281845
|switch|p2a: Wishiwashi|Wishiwashi, F|88/100 slp
|-damage|p2a: Wishiwashi|76/100 slp|[from] Stealth Rock
|-formechange|p2a: Wishiwashi|Wishiwashi-School||[from] ability: Schooling
|move|p1a: Archeops|Knock Off|p2a: Wishiwashi
|-damage|p2a: Wishiwashi|42/100 slp
|-enditem|p2a: Wishiwashi|Leftovers|[from] move: Knock Off|[of] p1a: Archeops
|
|upkeep
|turn|54
|
|t:|1628281856
|cant|p2a: Wishiwashi|slp
|move|p1a: Archeops|Stone Edge|p2a: Wishiwashi
|-damage|p2a: Wishiwashi|0 fnt
|faint|p2a: Wishiwashi
|
|upkeep
|
|t:|1628281862
|switch|p2a: Charizard|Charizard, M|16/100
|turn|55
|c|☆Jhang|Gg!
|
|t:|1628281872
|move|p1a: Archeops|Knock Off|p2a: Charizard
|-damage|p2a: Charizard|0 fnt
|-enditem|p2a: Charizard|Heavy-Duty Boots|[from] move: Knock Off|[of] p1a: Archeops
|faint|p2a: Charizard
|
|win|one step from eden
|raw|one step from eden's rating: 1498 &rarr; <strong>1515</strong><br />(+17 for winning)
|raw|Jhang's rating: 1449 &rarr; <strong>1432</strong><br />(-17 for losing)
|l| BennyGor
|c|☆Jhang|Oh nice
|c|☆Jhang|You crossed the 1500!
|c|☆one step from eden|gg
|c|☆Jhang|Congratulations!
|c|☆one step from eden|thx
|c|☆one step from eden|!
|c|☆Jhang|Catch you around, and thank you for the game
|l|☆Jhang
|l|☆one step from eden
||Ladder isn't responding, score probably updated but might not have (Request timeout).
|j|☆one step from eden
|player|p1|one step from eden|grimsley-gen7
