|j|☆CaspaRuskoYo
|j|☆cafay sen sukr
|t:|1604667572
|player|p1|CaspaRuskoYo|1|1419
|player|p2|cafay sen sukr|swimmer-gen4dp|1445
|teamsize|p1|6
|teamsize|p2|6
|gametype|singles
|gen|8
|tier|[Gen 8] PU
|rated|
|clearpoke
|poke|p1|Flareon, F|
|poke|p1|Mareanie, M|
|poke|p1|Mr. Rime, F|
|poke|p1|Marowak, M|
|poke|p1|Gourgeist-*, M|
|poke|p1|Throh, M|
|poke|p2|Hattrem, F|
|poke|p2|Magmar, M|
|poke|p2|Drifblim, F|
|poke|p2|Rhydon, M|
|poke|p2|Perrserker, F|
|poke|p2|Leafeon, M|
|rule|Sleep Clause Mod: Limit one foe put to sleep
|rule|Species Clause: Limit one of each Pokémon
|rule|OHKO Clause: OHKO moves are banned
|rule|Evasion Moves Clause: Evasion moves are banned
|rule|Endless Battle Clause: Forcing endless battles is banned
|rule|HP Percentage Mod: HP is shown in percentages
|rule|Dynamax Clause: You cannot dynamax
|teampreview
|inactive|Battle timer is ON: inactive players will automatically lose when time's up. (requested by CaspaRuskoYo)
|
|t:|1604667582
|start
|switch|p1a: Marowak|Marowak, M|100/100
|switch|p2a: Leafeon|Leafeon, M|100/100
|turn|1
|
|t:|1604667592
|switch|p1a: Mareanie|Mareanie, M|100/100
|move|p2a: Leafeon|Knock Off|p1a: Mareanie
|-damage|p1a: Mareanie|79/100
|-enditem|p1a: Mareanie|Eviolite|[from] move: Knock Off|[of] p2a: Leafeon
|
|upkeep
|turn|2
|
|t:|1604667595
|switch|p2a: Hattrem|Hattrem, F|100/100
|move|p1a: Mareanie|Toxic Spikes|p2a: Hattrem
|move|p2a: Hattrem|Toxic Spikes|p1a: Mareanie|[from]Magic Bounce
|-sidestart|p1: CaspaRuskoYo|move: Toxic Spikes
|
|upkeep
|turn|3
|
|t:|1604667601
|switch|p1a: Flareon|Flareon, F|100/100
|move|p2a: Hattrem|Psychic|p1a: Flareon
|-damage|p1a: Flareon|80/100
|
|upkeep
|turn|4
|
|t:|1604667609
|switch|p1a: Mareanie|Mareanie, M|100/100
|-sideend|p1: CaspaRuskoYo|move: Toxic Spikes|[of] p1a: Mareanie
|switch|p2a: Rhydon|Rhydon, M|100/100
|
|upkeep
|turn|5
|
|t:|1604667617
|switch|p2a: Hattrem|Hattrem, F|100/100
|move|p1a: Mareanie|Knock Off|p2a: Hattrem
|-supereffective|p2a: Hattrem
|-damage|p2a: Hattrem|77/100
|-enditem|p2a: Hattrem|Eviolite|[from] move: Knock Off|[of] p1a: Mareanie
|
|upkeep
|turn|6
|
|t:|1604667622
|switch|p1a: Flareon|Flareon, F|80/100
|move|p2a: Hattrem|Psychic|p1a: Flareon
|-damage|p1a: Flareon|61/100
|
|upkeep
|turn|7
|
|t:|1604667627
|switch|p2a: Rhydon|Rhydon, M|100/100
|move|p1a: Flareon|Wish|p1a: Flareon
|
|upkeep
|turn|8
|
|t:|1604667632
|switch|p1a: Marowak|Marowak, M|100/100
|move|p2a: Rhydon|Roar|p1a: Marowak
|drag|p1a: Gourgeist|Gourgeist-Large, M|100/100
|-item|p2a: Rhydon|Eviolite|[from] ability: Frisk|[of] p1a: Gourgeist|[identify]
|
|upkeep
|turn|9
|
|t:|1604667649
|switch|p1a: Marowak|Marowak, M|100/100
|switch|p2a: Magmar|Magmar, M|100/100
|
|upkeep
|turn|10
|
|t:|1604667655
|switch|p1a: Flareon|Flareon, F|61/100
|move|p2a: Magmar|Fire Blast|p1a: Flareon
|-start|p1a: Flareon|ability: Flash Fire
|
|upkeep
|turn|11
|
|t:|1604667661
|switch|p2a: Rhydon|Rhydon, M|100/100
|move|p1a: Flareon|Flare Blitz|p2a: Rhydon
|-resisted|p2a: Rhydon
|-damage|p2a: Rhydon|87/100
|-damage|p1a: Flareon|55/100|[from] Recoil
|
|upkeep
|turn|12
|
|t:|1604667669
|-end|p1a: Flareon|ability: Flash Fire|[silent]
|switch|p1a: Gourgeist|Gourgeist-Large, M|100/100
|-item|p2a: Rhydon|Eviolite|[from] ability: Frisk|[of] p1a: Gourgeist|[identify]
|move|p2a: Rhydon|Stealth Rock|p1a: Gourgeist
|-sidestart|p1: CaspaRuskoYo|move: Stealth Rock
|
|upkeep
|turn|13
|
|t:|1604667676
|switch|p2a: Magmar|Magmar, M|100/100
|move|p1a: Gourgeist|Leech Seed|p2a: Magmar
|-start|p2a: Magmar|move: Leech Seed
|
|-damage|p2a: Magmar|88/100|[from] Leech Seed|[of] p1a: Gourgeist
|upkeep
|turn|14
|
|t:|1604667686
|switch|p1a: Flareon|Flareon, F|55/100
|move|p2a: Magmar|Scorching Sands|p1a: Flareon
|-supereffective|p1a: Flareon
|-damage|p1a: Flareon|9/100
|
|-damage|p2a: Magmar|76/100|[from] Leech Seed|[of] p1a: Flareon
|-heal|p1a: Flareon|19/100|[silent]
|upkeep
|turn|15
|
|t:|1604667696
|switch|p2a: Rhydon|Rhydon, M|87/100
|move|p1a: Flareon|Wish|p1a: Flareon
|
|upkeep
|turn|16
|
|t:|1604667700
|move|p1a: Flareon|Protect|p1a: Flareon
|-singleturn|p1a: Flareon|Protect
|move|p2a: Rhydon|Roar|p1a: Flareon
|drag|p1a: Throh|Throh, M|100/100
|-damage|p1a: Throh|94/100|[from] Stealth Rock
|
|-heal|p1a: Throh|100/100|[from] move: Wish|[wisher] Flareon
|upkeep
|turn|17
|
|t:|1604667707
|switch|p2a: Drifblim|Drifblim, F|100/100
|move|p1a: Throh|Circle Throw|p2a: Drifblim
|-immune|p2a: Drifblim
|
|upkeep
|turn|18
|
|t:|1604667714
|move|p2a: Drifblim|Calm Mind|p2a: Drifblim
|-boost|p2a: Drifblim|spa|1
|-boost|p2a: Drifblim|spd|1
|move|p1a: Throh|Knock Off|p2a: Drifblim
|-supereffective|p2a: Drifblim
|-damage|p2a: Drifblim|27/100
|-enditem|p2a: Drifblim|Weakness Policy
|-boost|p2a: Drifblim|atk|2|[from] item: Weakness Policy
|-boost|p2a: Drifblim|spa|2|[from] item: Weakness Policy
|
|upkeep
|turn|19
|
|t:|1604667728
|move|p2a: Drifblim|Strength Sap|p1a: Throh
|-unboost|p1a: Throh|atk|1
|-heal|p2a: Drifblim|100/100
|move|p1a: Throh|Knock Off|p2a: Drifblim
|-supereffective|p2a: Drifblim
|-damage|p2a: Drifblim|67/100
|
|upkeep
|turn|20
|
|t:|1604667736
|move|p2a: Drifblim|Strength Sap|p1a: Throh
|-unboost|p1a: Throh|atk|1
|-heal|p2a: Drifblim|100/100
|move|p1a: Throh|Ice Punch|p2a: Drifblim
|-supereffective|p2a: Drifblim
|-damage|p2a: Drifblim|72/100
|
|upkeep
|turn|21
|inactive|CaspaRuskoYo has 120 seconds left.
|
|t:|1604667785
|move|p2a: Drifblim|Shadow Ball|p1a: Throh
|-damage|p1a: Throh|40/100
|move|p1a: Throh|Ice Punch|p2a: Drifblim
|-supereffective|p2a: Drifblim
|-damage|p2a: Drifblim|42/100
|
|-heal|p1a: Throh|46/100|[from] item: Leftovers
|upkeep
|turn|22
|
|t:|1604667802
|move|p2a: Drifblim|Shadow Ball|p1a: Throh
|-damage|p1a: Throh|0 fnt
|faint|p1a: Throh
|
|upkeep
|
|t:|1604667804
|switch|p1a: Mr. Rime|Mr. Rime, F|100/100
|turn|23
|
|t:|1604667808
|move|p2a: Drifblim|Shadow Ball|p1a: Mr. Rime
|-supereffective|p1a: Mr. Rime
|-damage|p1a: Mr. Rime|0 fnt
|faint|p1a: Mr. Rime
|
|upkeep
|inactive|CaspaRuskoYo has 120 seconds left.
|-message|CaspaRuskoYo forfeited.
|
|win|cafay sen sukr
|l|☆CaspaRuskoYo
|raw|CaspaRuskoYo's rating: 1420 &rarr; <strong>1401</strong><br />(-19 for losing)
|raw|cafay sen sukr's rating: 1446 &rarr; <strong>1464</strong><br />(+18 for winning)
