|raw|<div class="broadcast-blue"><strong>This battle is required to be public due to a player having a name starting with 'pult94d'.</div>
|j|☆ScarapaceJoL
|j|☆pult94d baby keem
|t:|1628774209
|gametype|singles
|player|p1|ScarapaceJoL|102|1419
|player|p2|pult94d baby keem|dragontamer|1490
|teamsize|p1|6
|teamsize|p2|6
|gen|8
|tier|[Gen 8] PU
|rated|
|rule|Sleep Clause Mod: Limit one foe put to sleep
|rule|Species Clause: Limit one of each Pokémon
|rule|OHKO Clause: OHKO moves are banned
|rule|Evasion Moves Clause: Evasion moves are banned
|rule|Endless Battle Clause: Forcing endless battles is banned
|rule|HP Percentage Mod: HP is shown in percentages
|rule|Dynamax Clause: You cannot dynamax
|clearpoke
|poke|p1|Perrserker, F|
|poke|p1|Silvally-*|
|poke|p1|Cramorant, M|
|poke|p1|Gigalith, F|
|poke|p1|Scyther, F|
|poke|p1|Whimsicott, M|
|poke|p2|Silvally-*|
|poke|p2|Audino, M|
|poke|p2|Weezing, M|
|poke|p2|Clefairy, M|
|poke|p2|Quagsire, F|
|poke|p2|Mesprit|
|teampreview
|inactive|Battle timer is ON: inactive players will automatically lose when time's up. (requested by pult94d baby keem)
|j|+chlo
|j| kani baru
|inactive|ScarapaceJoL has 120 seconds left.
|
|t:|1628774263
|start
|switch|p1a: Whimsicott|Whimsicott, M|100/100
|switch|p2a: Weezing|Weezing, M|100/100
|-ability|p2a: Weezing|Neutralizing Gas
|turn|1
|
|t:|1628774274
|switch|p1a: Cramorant|Cramorant, M|100/100
|-end|p2a: Weezing|ability: Neutralizing Gas
|switch|p2a: Silvally|Silvally-Steel|100/100
|
|upkeep
|turn|2
|
|t:|1628774280
|switch|p1a: Gigalith|Gigalith, F|100/100
|-weather|Sandstorm|[from] ability: Sand Stream|[of] p1a: Gigalith
|move|p2a: Silvally|Thunderbolt|p1a: Gigalith
|-damage|p1a: Gigalith|91/100
|
|-weather|Sandstorm|[upkeep]
|-heal|p1a: Gigalith|97/100|[from] item: Leftovers
|upkeep
|turn|3
|
|t:|1628774290
|move|p2a: Silvally|Toxic|p1a: Gigalith
|-status|p1a: Gigalith|tox
|move|p1a: Gigalith|Stealth Rock|p2a: Silvally
|-sidestart|p2: pult94d baby keem|move: Stealth Rock
|
|-weather|Sandstorm|[upkeep]
|-heal|p1a: Gigalith|100/100 tox|[from] item: Leftovers
|-damage|p1a: Gigalith|94/100 tox|[from] psn
|upkeep
|turn|4
|
|t:|1628774300
|switch|p2a: Quagsire|Quagsire, F|100/100
|-damage|p2a: Quagsire|94/100|[from] Stealth Rock
|move|p1a: Gigalith|Earthquake|p2a: Quagsire
|-damage|p2a: Quagsire|74/100
|
|-weather|Sandstorm|[upkeep]
|-heal|p2a: Quagsire|80/100|[from] item: Leftovers
|-heal|p1a: Gigalith|100/100 tox|[from] item: Leftovers
|-damage|p1a: Gigalith|88/100 tox|[from] psn
|upkeep
|turn|5
|
|t:|1628774311
|switch|p1a: Perrserker|Perrserker, F|100/100
|move|p2a: Quagsire|Toxic|p1a: Perrserker
|-immune|p1a: Perrserker
|
|-weather|Sandstorm|[upkeep]
|-heal|p2a: Quagsire|86/100|[from] item: Leftovers
|upkeep
|turn|6
|
|t:|1628774318
|switch|p2a: Weezing|Weezing, M|100/100
|-ability|p2a: Weezing|Neutralizing Gas
|-damage|p2a: Weezing|88/100|[from] Stealth Rock
|move|p1a: Perrserker|U-turn|p2a: Weezing
|-resisted|p2a: Weezing
|-damage|p2a: Weezing|76/100
|-damage|p1a: Perrserker|84/100|[from] item: Rocky Helmet|[of] p2a: Weezing
|
|t:|1628774328
|switch|p1a: Cramorant|Cramorant, M|100/100|[from]move: U-turn
|
|-weather|none
|upkeep
|turn|7
|
|t:|1628774334
|-end|p2a: Weezing|ability: Neutralizing Gas
|switch|p2a: Clefairy|Clefairy, M|100/100
|move|p1a: Cramorant|Surf|p2a: Clefairy
|-formechange|p1a: Cramorant|Cramorant-Gulping|
|-crit|p2a: Clefairy
|-damage|p2a: Clefairy|54/100
|
|upkeep
|turn|8
|
|t:|1628774342
|switch|p1a: Perrserker|Perrserker, F|84/100
|move|p2a: Clefairy|Soft-Boiled|p2a: Clefairy
|-heal|p2a: Clefairy|100/100
|
|upkeep
|turn|9
|
|t:|1628774347
|switch|p2a: Silvally|Silvally-Steel|100/100
|-damage|p2a: Silvally|94/100|[from] Stealth Rock
|move|p1a: Perrserker|Iron Head|p2a: Silvally
|-resisted|p2a: Silvally
|-damage|p2a: Silvally|52/100
|
|upkeep
|turn|10
|
|t:|1628774355
|switch|p1a: Gigalith|Gigalith, F|88/100 tox
|-weather|Sandstorm|[from] ability: Sand Stream|[of] p1a: Gigalith
|move|p2a: Silvally|Defog|p1a: Gigalith
|-unboost|p1a: Gigalith|evasion|1
|-sideend|p2: pult94d baby keem|Stealth Rock|[from] move: Defog|[of] p2a: Silvally
|
|-weather|Sandstorm|[upkeep]
|-heal|p1a: Gigalith|94/100 tox|[from] item: Leftovers
|-damage|p1a: Gigalith|88/100 tox|[from] psn
|upkeep
|turn|11
|
|t:|1628774367
|switch|p2a: Weezing|Weezing, M|76/100
|-ability|p2a: Weezing|Neutralizing Gas
|switch|p1a: Perrserker|Perrserker, F|84/100
|
|-weather|Sandstorm|[upkeep]
|-damage|p2a: Weezing|70/100|[from] Sandstorm
|upkeep
|turn|12
|
|t:|1628774381
|switch|p1a: Cramorant|Cramorant, M|100/100
|move|p2a: Weezing|Will-O-Wisp|p1a: Cramorant
|-status|p1a: Cramorant|brn
|
|-weather|Sandstorm|[upkeep]
|-damage|p1a: Cramorant|94/100 brn|[from] Sandstorm
|-damage|p2a: Weezing|64/100|[from] Sandstorm
|-damage|p1a: Cramorant|88/100 brn|[from] brn
|upkeep
|turn|13
|
|t:|1628774392
|-end|p2a: Weezing|ability: Neutralizing Gas
|switch|p2a: Clefairy|Clefairy, M|100/100
|move|p1a: Cramorant|Surf|p2a: Clefairy
|-formechange|p1a: Cramorant|Cramorant-Gulping|
|-damage|p2a: Clefairy|73/100
|
|-weather|Sandstorm|[upkeep]
|-damage|p1a: Cramorant|82/100 brn|[from] Sandstorm
|-damage|p1a: Cramorant|76/100 brn|[from] brn
|upkeep
|turn|14
|
|t:|1628774404
|switch|p1a: Perrserker|Perrserker, F|84/100
|move|p2a: Clefairy|Stealth Rock|p1a: Perrserker
|-sidestart|p1: ScarapaceJoL|move: Stealth Rock
|
|-weather|none
|upkeep
|turn|15
|
|t:|1628774415
|switch|p2a: Weezing|Weezing, M|64/100
|-ability|p2a: Weezing|Neutralizing Gas
|move|p1a: Perrserker|Close Combat|p2a: Weezing
|-resisted|p2a: Weezing
|-damage|p2a: Weezing|44/100
|-unboost|p1a: Perrserker|def|1
|-unboost|p1a: Perrserker|spd|1
|-damage|p1a: Perrserker|67/100|[from] item: Rocky Helmet|[of] p2a: Weezing
|
|upkeep
|turn|16
|
|t:|1628774438
|switch|p1a: Scyther|Scyther, F|100/100
|move|p2a: Weezing|Pain Split|p1a: Scyther
|-sethp|p1a: Scyther|76/100|[from] move: Pain Split|[silent]
|-sethp|p2a: Weezing|64/100|[from] move: Pain Split
|
|upkeep
|turn|17
|
|t:|1628774445
|move|p1a: Scyther|Defog|p2a: Weezing
|-unboost|p2a: Weezing|evasion|1
|-sideend|p1: ScarapaceJoL|Stealth Rock|[from] move: Defog|[of] p1a: Scyther
|move|p2a: Weezing|Will-O-Wisp|p1a: Scyther
|-status|p1a: Scyther|brn
|
|-damage|p1a: Scyther|70/100 brn|[from] brn
|upkeep
|turn|18
|
|t:|1628774456
|-end|p2a: Weezing|ability: Neutralizing Gas
|switch|p2a: Silvally|Silvally-Steel|52/100
|move|p1a: Scyther|Knock Off|p2a: Silvally
|-damage|p2a: Silvally|43/100
|
|-damage|p1a: Scyther|64/100 brn|[from] brn
|upkeep
|turn|19
|
|t:|1628774464
|switch|p2a: Quagsire|Quagsire, F|86/100
|move|p1a: Scyther|U-turn|p2a: Quagsire
|-damage|p2a: Quagsire|74/100
|
|t:|1628774472
|switch|p1a: Whimsicott|Whimsicott, M|100/100|[from]move: U-turn
|
|-heal|p2a: Quagsire|80/100|[from] item: Leftovers
|upkeep
|turn|20
|
|t:|1628774478
|switch|p2a: Audino|Audino, M|100/100
|move|p1a: Whimsicott|U-turn|p2a: Audino
|-damage|p2a: Audino|92/100
|
|t:|1628774483
|switch|p1a: Perrserker|Perrserker, F|67/100|[from]move: U-turn
|
|upkeep
|turn|21
|
|t:|1628774487
|move|p2a: Audino|Protect|p2a: Audino
|-singleturn|p2a: Audino|Protect
|move|p1a: Perrserker|Iron Head|p2a: Audino
|-activate|p2a: Audino|move: Protect
|
|upkeep
|turn|22
|
|t:|1628774493
|switch|p1a: Whimsicott|Whimsicott, M|100/100
|switch|p2a: Weezing|Weezing, M|64/100
|-ability|p2a: Weezing|Neutralizing Gas
|
|upkeep
|turn|23
|j| IX - THE HERMIT
|
|t:|1628774501
|-end|p2a: Weezing|ability: Neutralizing Gas
|switch|p2a: Audino|Audino, M|100/100
|move|p1a: Whimsicott|Moonblast|p2a: Audino
|-damage|p2a: Audino|67/100
|
|upkeep
|turn|24
|
|t:|1628774508
|move|p1a: Whimsicott|Moonblast|p2a: Audino
|-damage|p2a: Audino|30/100
|move|p2a: Audino|Wish|p2a: Audino
|
|upkeep
|turn|25
|j| hyogafodex
|
|t:|1628774518
|switch|p1a: Perrserker|Perrserker, F|67/100
|switch|p2a: Silvally|Silvally-Steel|43/100
|
|-heal|p2a: Silvally|98/100|[from] move: Wish|[wisher] Audino
|upkeep
|turn|26
|
|t:|1628774525
|switch|p1a: Gigalith|Gigalith, F|88/100 tox
|-weather|Sandstorm|[from] ability: Sand Stream|[of] p1a: Gigalith
|move|p2a: Silvally|Flamethrower|p1a: Gigalith
|-resisted|p1a: Gigalith
|-damage|p1a: Gigalith|83/100 tox
|
|-weather|Sandstorm|[upkeep]
|-heal|p1a: Gigalith|89/100 tox|[from] item: Leftovers
|-damage|p1a: Gigalith|83/100 tox|[from] psn
|upkeep
|turn|27
|
|t:|1628774542
|switch|p2a: Quagsire|Quagsire, F|80/100
|switch|p1a: Perrserker|Perrserker, F|67/100
|
|-weather|Sandstorm|[upkeep]
|-heal|p2a: Quagsire|86/100|[from] item: Leftovers
|upkeep
|turn|28
|
|t:|1628774550
|switch|p2a: Weezing|Weezing, M|64/100
|-ability|p2a: Weezing|Neutralizing Gas
|move|p1a: Perrserker|Iron Head|p2a: Weezing
|-damage|p2a: Weezing|25/100
|-damage|p1a: Perrserker|51/100|[from] item: Rocky Helmet|[of] p2a: Weezing
|
|-weather|Sandstorm|[upkeep]
|-damage|p2a: Weezing|19/100|[from] Sandstorm
|upkeep
|turn|29
|
|t:|1628774560
|move|p1a: Perrserker|Iron Head|p2a: Weezing
|-damage|p2a: Weezing|0 fnt
|-damage|p1a: Perrserker|34/100|[from] item: Rocky Helmet|[of] p2a: Weezing
|faint|p2a: Weezing
|-end|p2a: Weezing|ability: Neutralizing Gas
|
|-weather|Sandstorm|[upkeep]
|upkeep
|
|t:|1628774561
|switch|p2a: Silvally|Silvally-Steel|98/100
|turn|30
|
|t:|1628774571
|switch|p1a: Gigalith|Gigalith, F|83/100 tox
|move|p2a: Silvally|Thunderbolt|p1a: Gigalith
|-damage|p1a: Gigalith|72/100 tox
|
|-weather|none
|-heal|p1a: Gigalith|78/100 tox|[from] item: Leftovers
|-damage|p1a: Gigalith|72/100 tox|[from] psn
|upkeep
|turn|31
|
|t:|1628774584
|move|p2a: Silvally|Thunderbolt|p1a: Gigalith
|-damage|p1a: Gigalith|57/100 tox
|move|p1a: Gigalith|Earthquake|p2a: Silvally
|-supereffective|p2a: Silvally
|-damage|p2a: Silvally|44/100
|
|-heal|p1a: Gigalith|63/100 tox|[from] item: Leftovers
|-damage|p1a: Gigalith|51/100 tox|[from] psn
|upkeep
|turn|32
|
|t:|1628774599
|switch|p2a: Audino|Audino, M|63/100
|switch|p1a: Scyther|Scyther, F|64/100 brn
|
|-damage|p1a: Scyther|58/100 brn|[from] brn
|upkeep
|turn|33
|
|t:|1628774615
|move|p1a: Scyther|U-turn|p2a: Audino
|-damage|p2a: Audino|48/100
|
|t:|1628774620
|switch|p1a: Perrserker|Perrserker, F|34/100|[from]move: U-turn
|move|p2a: Audino|Wish|p2a: Audino
|
|upkeep
|turn|34
|j| pult94d arce
|
|t:|1628774633
|switch|p2a: Mesprit|Mesprit|100/100
|move|p1a: Perrserker|Iron Head|p2a: Mesprit
|-damage|p2a: Mesprit|35/100
|-enditem|p2a: Mesprit|Kee Berry|[eat]
|-boost|p2a: Mesprit|def|1|[from] item: Kee Berry
|
|-heal|p2a: Mesprit|91/100|[from] move: Wish|[wisher] Audino
|upkeep
|turn|35
|inactive|ScarapaceJoL has 120 seconds left.
|
|t:|1628774674
|switch|p1a: Silvally|Silvally-Fairy|100/100
|move|p2a: Mesprit|Calm Mind|p2a: Mesprit
|-boost|p2a: Mesprit|spa|1
|-boost|p2a: Mesprit|spd|1
|
|upkeep
|turn|36
|
|t:|1628774683
|move|p1a: Silvally|Swords Dance|p1a: Silvally
|-boost|p1a: Silvally|atk|2
|move|p2a: Mesprit|Stored Power|p1a: Silvally
|-damage|p1a: Silvally|52/100
|
|upkeep
|turn|37
|inactive|ScarapaceJoL has 120 seconds left.
|
|t:|1628774690
|switch|p2a: Quagsire|Quagsire, F|86/100
|move|p1a: Silvally|Multi-Attack|p2a: Quagsire
|-damage|p2a: Quagsire|50/100
|
|-heal|p2a: Quagsire|56/100|[from] item: Leftovers
|upkeep
|turn|38
|
|t:|1628774700
|switch|p1a: Scyther|Scyther, F|58/100 brn
|move|p2a: Quagsire|Recover|p2a: Quagsire
|-heal|p2a: Quagsire|100/100
|
|-damage|p1a: Scyther|52/100 brn|[from] brn
|upkeep
|turn|39
|
|t:|1628774706
|move|p1a: Scyther|U-turn|p2a: Quagsire
|-damage|p2a: Quagsire|90/100
|
|t:|1628774709
|switch|p1a: Whimsicott|Whimsicott, M|100/100|[from]move: U-turn
|move|p2a: Quagsire|Toxic|p1a: Whimsicott
|-status|p1a: Whimsicott|tox
|
|-heal|p2a: Quagsire|96/100|[from] item: Leftovers
|-damage|p1a: Whimsicott|94/100 tox|[from] psn
|upkeep
|turn|40
|
|t:|1628774717
|switch|p2a: Audino|Audino, M|82/100
|move|p1a: Whimsicott|U-turn|p2a: Audino
|-damage|p2a: Audino|72/100
|
|t:|1628774724
|switch|p1a: Perrserker|Perrserker, F|34/100|[from]move: U-turn
|
|upkeep
|turn|41
|
|t:|1628774733
|switch|p2a: Mesprit|Mesprit|91/100
|move|p1a: Perrserker|Iron Head|p2a: Mesprit
|-damage|p2a: Mesprit|30/100
|
|upkeep
|turn|42
|
|t:|1628774739
|switch|p2a: Silvally|Silvally-Steel|44/100
|move|p1a: Perrserker|Iron Head|p2a: Silvally
|-resisted|p2a: Silvally
|-damage|p2a: Silvally|0 fnt
|faint|p2a: Silvally
|
|upkeep
|
|t:|1628774744
|switch|p2a: Quagsire|Quagsire, F|96/100
|turn|43
|
|t:|1628774749
|switch|p1a: Cramorant|Cramorant, M|76/100 brn
|move|p2a: Quagsire|Earthquake|p1a: Cramorant
|-immune|p1a: Cramorant
|
|-heal|p2a: Quagsire|100/100|[from] item: Leftovers
|-damage|p1a: Cramorant|70/100 brn|[from] brn
|upkeep
|turn|44
|
|t:|1628774761
|switch|p2a: Clefairy|Clefairy, M|73/100
|move|p1a: Cramorant|Surf|p2a: Clefairy
|-formechange|p1a: Cramorant|Cramorant-Gulping|
|-damage|p2a: Clefairy|45/100
|
|-damage|p1a: Cramorant|64/100 brn|[from] brn
|upkeep
|turn|45
|
|t:|1628774770
|switch|p1a: Perrserker|Perrserker, F|34/100
|move|p2a: Clefairy|Soft-Boiled|p2a: Clefairy
|-heal|p2a: Clefairy|96/100
|
|upkeep
|turn|46
|
|t:|1628774777
|switch|p2a: Mesprit|Mesprit|30/100
|move|p1a: Perrserker|Seed Bomb|p2a: Mesprit
|-damage|p2a: Mesprit|4/100
|
|upkeep
|turn|47
|
|t:|1628774799
|switch|p2a: Audino|Audino, M|100/100
|move|p1a: Perrserker|Seed Bomb|p2a: Audino
|-damage|p2a: Audino|66/100
|
|upkeep
|turn|48
|
|t:|1628774810
|move|p1a: Perrserker|Seed Bomb|p2a: Audino
|-damage|p2a: Audino|27/100
|move|p2a: Audino|Wish|p2a: Audino
|
|upkeep
|turn|49
|
|t:|1628774816
|move|p2a: Audino|Protect|p2a: Audino
|-singleturn|p2a: Audino|Protect
|move|p1a: Perrserker|Seed Bomb|p2a: Audino
|-activate|p2a: Audino|move: Protect
|
|-heal|p2a: Audino|77/100|[from] move: Wish|[wisher] Audino
|upkeep
|turn|50
|
|t:|1628774825
|switch|p1a: Silvally|Silvally-Fairy|52/100
|move|p2a: Audino|Wish|p2a: Audino
|
|upkeep
|turn|51
|
|t:|1628774846
|switch|p2a: Quagsire|Quagsire, F|100/100
|move|p1a: Silvally|Swords Dance|p1a: Silvally
|-boost|p1a: Silvally|atk|2
|
|upkeep
|turn|52
|
|t:|1628774864
|switch|p1a: Whimsicott|Whimsicott, M|94/100 tox
|move|p2a: Quagsire|Earthquake|p1a: Whimsicott
|-resisted|p1a: Whimsicott
|-damage|p1a: Whimsicott|72/100 tox
|
|-damage|p1a: Whimsicott|66/100 tox|[from] psn
|upkeep
|turn|53
|
|t:|1628774883
|switch|p2a: Clefairy|Clefairy, M|96/100
|move|p1a: Whimsicott|U-turn|p2a: Clefairy
|-resisted|p2a: Clefairy
|-damage|p2a: Clefairy|89/100
|
|t:|1628774891
|switch|p1a: Perrserker|Perrserker, F|34/100|[from]move: U-turn
|
|upkeep
|turn|54
|
|t:|1628774899
|switch|p2a: Mesprit|Mesprit|4/100
|move|p1a: Perrserker|Iron Head|p2a: Mesprit
|-damage|p2a: Mesprit|0 fnt
|faint|p2a: Mesprit
|
|upkeep
|
|t:|1628774901
|switch|p2a: Quagsire|Quagsire, F|100/100
|turn|55
|
|t:|1628774911
|switch|p1a: Cramorant|Cramorant, M|64/100 brn
|move|p2a: Quagsire|Earthquake|p1a: Cramorant
|-immune|p1a: Cramorant
|
|-damage|p1a: Cramorant|58/100 brn|[from] brn
|upkeep
|turn|56
|inactive|ScarapaceJoL has 120 seconds left.
|
|t:|1628774951
|switch|p1a: Whimsicott|Whimsicott, M|66/100 tox
|switch|p2a: Audino|Audino, M|100/100
|
|-damage|p1a: Whimsicott|60/100 tox|[from] psn
|upkeep
|turn|57
|inactive|ScarapaceJoL has 120 seconds left.
|
|t:|1628774963
|switch|p1a: Silvally|Silvally-Fairy|52/100
|move|p2a: Audino|Protect||[still]
|-fail|p2a: Audino
|
|upkeep
|turn|58
|inactive|ScarapaceJoL has 120 seconds left.
|
|t:|1628774971
|switch|p1a: Perrserker|Perrserker, F|34/100
|switch|p2a: Quagsire|Quagsire, F|100/100
|
|upkeep
|turn|59
|
|t:|1628774979
|switch|p2a: Audino|Audino, M|100/100
|move|p1a: Perrserker|Iron Head|p2a: Audino
|-damage|p2a: Audino|21/100
|
|upkeep
|turn|60
|inactive|ScarapaceJoL has 120 seconds left.
|
|t:|1628774999
|switch|p1a: Whimsicott|Whimsicott, M|60/100 tox
|switch|p2a: Quagsire|Quagsire, F|100/100
|
|-damage|p1a: Whimsicott|53/100 tox|[from] psn
|upkeep
|turn|61
|inactive|ScarapaceJoL has 120 seconds left.
|
|t:|1628775018
|switch|p2a: Audino|Audino, M|54/100
|move|p1a: Whimsicott|Moonblast|p2a: Audino
|-damage|p2a: Audino|19/100
|
|-damage|p1a: Whimsicott|41/100 tox|[from] psn
|upkeep
|turn|62
|
|t:|1628775025
|switch|p2a: Clefairy|Clefairy, M|89/100
|move|p1a: Whimsicott|Moonblast|p2a: Clefairy
|-damage|p2a: Clefairy|54/100
|
|-damage|p1a: Whimsicott|23/100 tox|[from] psn
|upkeep
|turn|63
|inactive|ScarapaceJoL has 120 seconds left.
|
|t:|1628775033
|switch|p1a: Perrserker|Perrserker, F|34/100
|move|p2a: Clefairy|Soft-Boiled|p2a: Clefairy
|-heal|p2a: Clefairy|100/100
|
|upkeep
|turn|64
|c|☆pult94d baby keem|[Invalid choice] There's nothing to cancel
|c|☆pult94d baby keem|z
|
|t:|1628775053
|switch|p2a: Quagsire|Quagsire, F|100/100
|move|p1a: Perrserker|Seed Bomb|p2a: Quagsire
|-supereffective|p2a: Quagsire
|-damage|p2a: Quagsire|0 fnt
|faint|p2a: Quagsire
|
|upkeep
|j| Typhlosion4
|
|t:|1628775056
|switch|p2a: Clefairy|Clefairy, M|100/100
|turn|65
|
|t:|1628775065
|switch|p1a: Scyther|Scyther, F|52/100 brn
|move|p2a: Clefairy|Seismic Toss|p1a: Scyther
|-damage|p1a: Scyther|16/100 brn
|
|-damage|p1a: Scyther|10/100 brn|[from] brn
|upkeep
|turn|66
|
|t:|1628775077
|switch|p2a: Audino|Audino, M|53/100
|move|p1a: Scyther|Knock Off|p2a: Audino
|-crit|p2a: Audino
|-damage|p2a: Audino|33/100
|-enditem|p2a: Audino|Heavy-Duty Boots|[from] move: Knock Off|[of] p1a: Scyther
|
|-damage|p1a: Scyther|4/100 brn|[from] brn
|upkeep
|turn|67
|
|t:|1628775085
|move|p2a: Audino|Protect|p2a: Audino
|-singleturn|p2a: Audino|Protect
|move|p1a: Scyther|U-turn|p2a: Audino
|-activate|p2a: Audino|move: Protect
|
|-damage|p1a: Scyther|0 fnt|[from] brn
|faint|p1a: Scyther
|upkeep
|
|t:|1628775092
|switch|p1a: Perrserker|Perrserker, F|34/100
|turn|68
|c| IX - THE HERMIT|geen 6-0
|c|☆pult94d baby keem|vorige game was zn perrserker niet cb
|c|☆pult94d baby keem|dus ik nam aan dat t weer niet cb was
|inactive|pult94d baby keem has 120 seconds left.
|
|t:|1628775131
|move|p2a: Audino|Protect|p2a: Audino
|-singleturn|p2a: Audino|Protect
|move|p1a: Perrserker|Iron Head|p2a: Audino
|-activate|p2a: Audino|move: Protect
|
|upkeep
|turn|69
|inactive|pult94d baby keem has 120 seconds left.
|
|t:|1628775142
|move|p1a: Perrserker|Iron Head|p2a: Audino
|-damage|p2a: Audino|0 fnt
|faint|p2a: Audino
|
|upkeep
|inactive|pult94d baby keem has 120 seconds left.
|
|t:|1628775151
|switch|p2a: Clefairy|Clefairy, M|100/100
|turn|70
|
|t:|1628775160
|move|p1a: Perrserker|Iron Head|p2a: Clefairy
|-supereffective|p2a: Clefairy
|-damage|p2a: Clefairy|0 fnt
|faint|p2a: Clefairy
|
|win|ScarapaceJoL
|raw|ScarapaceJoL's rating: 1419 &rarr; <strong>1443</strong><br />(+24 for winning)
|raw|pult94d baby keem's rating: 1490 &rarr; <strong>1466</strong><br />(-24 for losing)
|l|☆pult94d baby keem
|l| hyogafodex
|c|☆ScarapaceJoL|gg
|l|+chlo
|l| IX - THE HERMIT
||Ladder isn't responding, score probably updated but might not have (Request timeout).
