|html|<div class="broadcast-blue"><strong>[Gen 8] PU is currently suspecting Scyther! For information on how to participate check out the <a href="https://www.smogon.com/forums/threads/np-ss-pu-stage-11-turn-turn-turn-scyther-retest.3707179/">suspect thread</a>.</strong></div>
|raw|<div class="broadcast-blue"><strong>This battle is required to be public due to a player having a name starting with 'pult4v4'.</div>
|j|☆GamrDood69
|j|☆PULT4V4 S1n
|t:|1662942660
|gametype|singles
|player|p1|GamrDood69|brendan-gen3rs|1353
|player|p2|PULT4V4 S1n|#scl2foxes|1479
|teamsize|p1|6
|teamsize|p2|6
|gen|8
|tier|[Gen 8] PU
|rated|
|rule|Sleep Clause Mod: Limit one foe put to sleep
|rule|Species Clause: Limit one of each Pokémon
|rule|OHKO Clause: OHKO moves are banned
|rule|Evasion Items Clause: Evasion items are banned
|rule|Evasion Moves Clause: Evasion moves are banned
|rule|Endless Battle Clause: Forcing endless battles is banned
|rule|HP Percentage Mod: HP is shown in percentages
|rule|Dynamax Clause: You cannot dynamax
|clearpoke
|poke|p1|Scyther, F|
|poke|p1|Flapple, F|
|poke|p1|Scrafty, F|
|poke|p1|Gigalith, M|
|poke|p1|Comfey, F|
|poke|p1|Sandslash, M|
|poke|p2|Gigalith, F|
|poke|p2|Sandslash, F|
|poke|p2|Lycanroc, F|
|poke|p2|Wishiwashi, M|
|poke|p2|Articuno-Galar|
|poke|p2|Silvally-*|
|teampreview
|
|t:|1662942679
|start
|switch|p1a: Flapple|Flapple, F|100/100
|switch|p2a: Gigalith|Gigalith, F|100/100
|-weather|Sandstorm|[from] ability: Sand Stream|[of] p2a: Gigalith
|turn|1
|
|t:|1662942683
|switch|p2a: Silvally|Silvally-Poison|100/100
|move|p1a: Flapple|Grav Apple|p2a: Silvally|[miss]
|-miss|p1a: Flapple|p2a: Silvally
|
|-weather|Sandstorm|[upkeep]
|-damage|p1a: Flapple|94/100|[from] Sandstorm
|-damage|p2a: Silvally|94/100|[from] Sandstorm
|upkeep
|turn|2
|
|t:|1662942691
|switch|p1a: Sandslash|Sandslash, M|100/100
|move|p2a: Silvally|U-turn|p1a: Sandslash
|-damage|p1a: Sandslash|82/100
|
|t:|1662942697
|switch|p2a: Wishiwashi|Wishiwashi, M|100/100|[from]move: U-turn
|-formechange|p2a: Wishiwashi|Wishiwashi-School||[from] ability: Schooling
|
|-weather|Sandstorm|[upkeep]
|-damage|p2a: Wishiwashi|94/100|[from] Sandstorm
|-heal|p2a: Wishiwashi|100/100|[from] item: Leftovers
|upkeep
|turn|3
|
|t:|1662942704
|switch|p1a: Comfey|Comfey, F|100/100
|move|p2a: Wishiwashi|Scald|p1a: Comfey
|-damage|p1a: Comfey|49/100
|
|-weather|Sandstorm|[upkeep]
|-damage|p1a: Comfey|42/100|[from] Sandstorm
|-damage|p2a: Wishiwashi|94/100|[from] Sandstorm
|-heal|p1a: Comfey|49/100|[from] item: Leftovers
|-heal|p2a: Wishiwashi|100/100|[from] item: Leftovers
|upkeep
|turn|4
|
|t:|1662942709
|move|p1a: Comfey|Giga Drain|p2a: Wishiwashi
|-supereffective|p2a: Wishiwashi
|-damage|p2a: Wishiwashi|66/100
|-heal|p1a: Comfey|70/100|[from] drain|[of] p2a: Wishiwashi
|move|p2a: Wishiwashi|U-turn|p1a: Comfey
|-resisted|p1a: Comfey
|-damage|p1a: Comfey|52/100
|
|t:|1662942712
|switch|p2a: Lycanroc|Lycanroc, F|100/100|[from]move: U-turn
|
|-weather|Sandstorm|[upkeep]
|-damage|p1a: Comfey|46/100|[from] Sandstorm
|-heal|p1a: Comfey|52/100|[from] item: Leftovers
|upkeep
|turn|5
|
|t:|1662942715
|move|p1a: Comfey|Giga Drain|p2a: Lycanroc
|-supereffective|p2a: Lycanroc
|-damage|p2a: Lycanroc|61/100
|-heal|p1a: Comfey|76/100|[from] drain|[of] p2a: Lycanroc
|move|p2a: Lycanroc|Stone Edge|p1a: Comfey
|-damage|p1a: Comfey|0 fnt
|faint|p1a: Comfey
|-damage|p2a: Lycanroc|51/100|[from] item: Life Orb
|
|-weather|Sandstorm|[upkeep]
|upkeep
|
|t:|1662942724
|switch|p1a: Scrafty|Scrafty, F|100/100
|turn|6
|
|t:|1662942734
|move|p2a: Lycanroc|Close Combat|p1a: Scrafty
|-supereffective|p1a: Scrafty
|-enditem|p1a: Scrafty|Chople Berry|[eat]
|-enditem|p1a: Scrafty|Chople Berry|[weaken]
|-damage|p1a: Scrafty|37/100
|-unboost|p2a: Lycanroc|def|1
|-unboost|p2a: Lycanroc|spd|1
|-damage|p2a: Lycanroc|41/100|[from] item: Life Orb
|move|p1a: Scrafty|Knock Off|p2a: Lycanroc
|-damage|p2a: Lycanroc|0 fnt
|-enditem|p2a: Lycanroc|Life Orb|[from] move: Knock Off|[of] p1a: Scrafty
|faint|p2a: Lycanroc
|
|-weather|Sandstorm|[upkeep]
|-damage|p1a: Scrafty|31/100|[from] Sandstorm
|upkeep
|
|t:|1662942740
|switch|p2a: Sandslash|Sandslash, F|100/100
|turn|7
|
|t:|1662942752
|switch|p1a: Flapple|Flapple, F|94/100
|move|p2a: Sandslash|Earthquake|p1a: Flapple
|-resisted|p1a: Flapple
|-damage|p1a: Flapple|48/100
|-damage|p2a: Sandslash|91/100|[from] item: Life Orb
|
|-weather|Sandstorm|[upkeep]
|-damage|p1a: Flapple|42/100|[from] Sandstorm
|upkeep
|turn|8
|inactive|Battle timer is ON: inactive players will automatically lose when time's up. (requested by PULT4V4 S1n)
|
|t:|1662942762
|switch|p1a: Scyther|Scyther, F|100/100
|move|p2a: Sandslash|Leech Life|p1a: Scyther
|-resisted|p1a: Scyther
|-damage|p1a: Scyther|76/100
|-heal|p2a: Sandslash|100/100|[from] drain|[of] p1a: Scyther
|-damage|p2a: Sandslash|91/100|[from] item: Life Orb
|
|-weather|none
|upkeep
|turn|9
|
|t:|1662942771
|switch|p2a: Gigalith|Gigalith, F|100/100
|-weather|Sandstorm|[from] ability: Sand Stream|[of] p2a: Gigalith
|move|p1a: Scyther|Dual Wingbeat|p2a: Gigalith
|-resisted|p2a: Gigalith
|-damage|p2a: Gigalith|91/100
|-resisted|p2a: Gigalith
|-damage|p2a: Gigalith|83/100
|-hitcount|p2a: Gigalith|2
|
|-weather|Sandstorm|[upkeep]
|-damage|p1a: Scyther|70/100|[from] Sandstorm
|upkeep
|turn|10
|
|t:|1662942773
|move|p1a: Scyther|U-turn|p2a: Gigalith
|-damage|p2a: Gigalith|62/100
|
|t:|1662942780
|switch|p1a: Scrafty|Scrafty, F|31/100|[from]move: U-turn
|move|p2a: Gigalith|Stealth Rock|p1a: Scrafty
|-sidestart|p1: GamrDood69|move: Stealth Rock
|
|-weather|Sandstorm|[upkeep]
|-damage|p1a: Scrafty|25/100|[from] Sandstorm
|upkeep
|turn|11
|
|t:|1662942783
|switch|p2a: Silvally|Silvally-Poison|94/100
|move|p1a: Scrafty|Close Combat|p2a: Silvally
|-resisted|p2a: Silvally
|-damage|p2a: Silvally|71/100
|-unboost|p1a: Scrafty|def|1
|-unboost|p1a: Scrafty|spd|1
|
|-weather|Sandstorm|[upkeep]
|-damage|p1a: Scrafty|19/100|[from] Sandstorm
|-damage|p2a: Silvally|65/100|[from] Sandstorm
|upkeep
|turn|12
|
|t:|1662942788
|move|p1a: Scrafty|Knock Off|p2a: Silvally
|-damage|p2a: Silvally|40/100
|move|p2a: Silvally|U-turn|p1a: Scrafty
|-damage|p1a: Scrafty|0 fnt
|faint|p1a: Scrafty
|
|t:|1662942791
|switch|p2a: Sandslash|Sandslash, F|91/100|[from]move: U-turn
|
|-weather|Sandstorm|[upkeep]
|upkeep
|
|t:|1662942798
|switch|p1a: Sandslash|Sandslash, M|82/100
|turn|13
|
|t:|1662942808
|switch|p2a: Articuno|Articuno-Galar|100/100
|move|p1a: Sandslash|Swords Dance|p1a: Sandslash
|-boost|p1a: Sandslash|atk|2
|
|-weather|Sandstorm|[upkeep]
|-damage|p2a: Articuno|94/100|[from] Sandstorm
|upkeep
|turn|14
|
|t:|1662942813
|move|p1a: Sandslash|Stone Edge|p2a: Articuno|[miss]
|-miss|p1a: Sandslash|p2a: Articuno
|move|p2a: Articuno|Future Sight|p1a: Sandslash
|-start|p2a: Articuno|move: Future Sight
|
|-weather|Sandstorm|[upkeep]
|-damage|p2a: Articuno|88/100|[from] Sandstorm
|upkeep
|turn|15
|
|t:|1662942825
|switch|p2a: Silvally|Silvally-Poison|40/100
|move|p1a: Sandslash|Stone Edge|p2a: Silvally
|-damage|p2a: Silvally|0 fnt
|faint|p2a: Silvally
|
|-weather|Sandstorm|[upkeep]
|upkeep
|
|t:|1662942829
|switch|p2a: Wishiwashi|Wishiwashi, M|66/100
|-formechange|p2a: Wishiwashi|Wishiwashi-School||[from] ability: Schooling
|turn|16
|
|t:|1662942836
|switch|p1a: Gigalith|Gigalith, M|100/100
|-damage|p1a: Gigalith|88/100|[from] Stealth Rock
|switch|p2a: Articuno|Articuno-Galar|88/100
|
|-weather|none
|-end|p1a: Gigalith|move: Future Sight
|-damage|p1a: Gigalith|43/100
|-heal|p1a: Gigalith|49/100|[from] item: Leftovers
|upkeep
|turn|17
|
|t:|1662942840
|move|p2a: Articuno|Future Sight|p1a: Gigalith
|-start|p2a: Articuno|move: Future Sight
|move|p1a: Gigalith|Rock Blast|p2a: Articuno
|-supereffective|p2a: Articuno
|-damage|p2a: Articuno|61/100
|-supereffective|p2a: Articuno
|-damage|p2a: Articuno|33/100
|-supereffective|p2a: Articuno
|-damage|p2a: Articuno|6/100
|-hitcount|p2a: Articuno|3
|
|-heal|p1a: Gigalith|56/100|[from] item: Leftovers
|upkeep
|turn|18
|
|t:|1662942851
|move|p2a: Articuno|U-turn|p1a: Gigalith
|-damage|p1a: Gigalith|45/100
|
|t:|1662942861
|switch|p2a: Sandslash|Sandslash, F|91/100|[from]move: U-turn
|move|p1a: Gigalith|Rock Blast|p2a: Sandslash
|-resisted|p2a: Sandslash
|-damage|p2a: Sandslash|84/100
|-resisted|p2a: Sandslash
|-damage|p2a: Sandslash|78/100
|-hitcount|p2a: Sandslash|2
|
|-heal|p1a: Gigalith|52/100|[from] item: Leftovers
|upkeep
|turn|19
|
|t:|1662942873
|move|p2a: Sandslash|Earthquake|p1a: Gigalith
|-supereffective|p1a: Gigalith
|-damage|p1a: Gigalith|0 fnt
|faint|p1a: Gigalith
|-damage|p2a: Sandslash|68/100|[from] item: Life Orb
|
|-hint|Future Sight did not hit because the target is fainted.
|upkeep
|
|t:|1662942886
|switch|p1a: Scyther|Scyther, F|70/100
|turn|20
|
|t:|1662942898
|switch|p2a: Articuno|Articuno-Galar|6/100
|move|p1a: Scyther|U-turn|p2a: Articuno
|-damage|p2a: Articuno|0 fnt
|faint|p2a: Articuno
|
|t:|1662942902
|switch|p1a: Flapple|Flapple, F|42/100|[from]move: U-turn
|-damage|p1a: Flapple|30/100|[from] Stealth Rock
|
|upkeep
|
|t:|1662942909
|switch|p2a: Gigalith|Gigalith, F|62/100
|-weather|Sandstorm|[from] ability: Sand Stream|[of] p2a: Gigalith
|turn|21
|
|t:|1662942919
|move|p1a: Flapple|Grav Apple|p2a: Gigalith
|-supereffective|p2a: Gigalith
|-damage|p2a: Gigalith|0 fnt
|faint|p2a: Gigalith
|
|-weather|Sandstorm|[upkeep]
|-damage|p1a: Flapple|24/100|[from] Sandstorm
|upkeep
|
|t:|1662942921
|switch|p2a: Sandslash|Sandslash, F|68/100
|turn|22
|
|t:|1662942927
|switch|p1a: Scyther|Scyther, F|70/100
|move|p2a: Sandslash|Leech Life|p1a: Scyther
|-resisted|p1a: Scyther
|-damage|p1a: Scyther|44/100
|-heal|p2a: Sandslash|81/100|[from] drain|[of] p1a: Scyther
|-damage|p2a: Sandslash|71/100|[from] item: Life Orb
|
|-weather|Sandstorm|[upkeep]
|-damage|p1a: Scyther|38/100|[from] Sandstorm
|upkeep
|turn|23
|
|t:|1662942942
|move|p2a: Sandslash|Knock Off|p1a: Scyther
|-damage|p1a: Scyther|0 fnt
|-enditem|p1a: Scyther|Heavy-Duty Boots|[from] move: Knock Off|[of] p2a: Sandslash
|faint|p1a: Scyther
|-damage|p2a: Sandslash|61/100|[from] item: Life Orb
|
|-weather|Sandstorm|[upkeep]
|upkeep
|
|t:|1662942945
|switch|p1a: Sandslash|Sandslash, M|82/100
|turn|24
|
|t:|1662942955
|move|p1a: Sandslash|Earthquake|p2a: Sandslash
|-damage|p2a: Sandslash|16/100
|move|p2a: Sandslash|Leech Life|p1a: Sandslash
|-damage|p1a: Sandslash|49/100
|-heal|p2a: Sandslash|33/100|[from] drain|[of] p1a: Sandslash
|-damage|p2a: Sandslash|23/100|[from] item: Life Orb
|
|-weather|Sandstorm|[upkeep]
|upkeep
|turn|25
|
|t:|1662942968
|switch|p2a: Wishiwashi|Wishiwashi, M|66/100
|-formechange|p2a: Wishiwashi|Wishiwashi-School||[from] ability: Schooling
|move|p1a: Sandslash|Earthquake|p2a: Wishiwashi
|-damage|p2a: Wishiwashi|37/100
|
|-weather|Sandstorm|[upkeep]
|-damage|p2a: Wishiwashi|31/100|[from] Sandstorm
|-heal|p2a: Wishiwashi|37/100|[from] item: Leftovers
|upkeep
|turn|26
|
|t:|1662942974
|move|p1a: Sandslash|Earthquake|p2a: Wishiwashi
|-damage|p2a: Wishiwashi|6/100
|move|p2a: Wishiwashi|Scald|p1a: Sandslash
|-supereffective|p1a: Sandslash
|-damage|p1a: Sandslash|0 fnt
|faint|p1a: Sandslash
|
|-weather|Sandstorm|[upkeep]
|-damage|p2a: Wishiwashi|0 fnt|[from] Sandstorm
|faint|p2a: Wishiwashi
|upkeep
|
|t:|1662942977
|switch|p1a: Flapple|Flapple, F|24/100
|switch|p2a: Sandslash|Sandslash, F|23/100
|-damage|p1a: Flapple|11/100|[from] Stealth Rock
|turn|27
|
|t:|1662943006
|move|p1a: Flapple|Sucker Punch||[still]
|-fail|p1a: Flapple
|move|p2a: Sandslash|Swords Dance|p2a: Sandslash
|-boost|p2a: Sandslash|atk|2
|
|-weather|Sandstorm|[upkeep]
|-damage|p1a: Flapple|5/100|[from] Sandstorm
|upkeep
|turn|28
|
|t:|1662943008
|move|p1a: Flapple|Sucker Punch||[still]
|-fail|p1a: Flapple
|move|p2a: Sandslash|Swords Dance|p2a: Sandslash
|-boost|p2a: Sandslash|atk|2
|
|-weather|none
|upkeep
|turn|29
|
|t:|1662943011
|move|p1a: Flapple|Sucker Punch||[still]
|-fail|p1a: Flapple
|move|p2a: Sandslash|Swords Dance|p2a: Sandslash
|-boost|p2a: Sandslash|atk|2
|
|upkeep
|turn|30
|
|t:|1662943013
|move|p1a: Flapple|Sucker Punch||[still]
|-fail|p1a: Flapple
|move|p2a: Sandslash|Swords Dance|p2a: Sandslash
|-boost|p2a: Sandslash|atk|0
|
|upkeep
|turn|31
|
|t:|1662943014
|move|p1a: Flapple|Sucker Punch||[still]
|-fail|p1a: Flapple
|move|p2a: Sandslash|Swords Dance|p2a: Sandslash
|-boost|p2a: Sandslash|atk|0
|
|upkeep
|turn|32
|
|t:|1662943017
|move|p1a: Flapple|Sucker Punch||[still]
|-fail|p1a: Flapple
|move|p2a: Sandslash|Swords Dance|p2a: Sandslash
|-boost|p2a: Sandslash|atk|0
|
|upkeep
|turn|33
|
|t:|1662943018
|move|p1a: Flapple|Sucker Punch||[still]
|-fail|p1a: Flapple
|move|p2a: Sandslash|Swords Dance|p2a: Sandslash
|-boost|p2a: Sandslash|atk|0
|
|upkeep
|turn|34
|
|t:|1662943020
|move|p1a: Flapple|Sucker Punch||[still]
|-fail|p1a: Flapple
|move|p2a: Sandslash|Swords Dance|p2a: Sandslash
|-boost|p2a: Sandslash|atk|0
|
|upkeep
|turn|35
|
|t:|1662943021
|-activate|p1a: Flapple|move: Struggle
|move|p1a: Flapple|Struggle|p2a: Sandslash
|-damage|p2a: Sandslash|0 fnt
|faint|p2a: Sandslash
|-damage|p1a: Flapple|0 fnt|[from] recoil
|faint|p1a: Flapple
|
|win|GamrDood69
|raw|GamrDood69's rating: 1353 &rarr; <strong>1381</strong><br />(+28 for winning)
|raw|PULT4V4 S1n's rating: 1490 &rarr; <strong>1462</strong><br />(-28 for losing)
|l|☆PULT4V4 S1n
||Ladder isn't responding, score probably updated but might not have (Request timeout).
