|j|☆Saker
|j|☆cafay sukray
|t:|1658321033
|gametype|singles
|player|p1|Saker|burglar|1360
|player|p2|cafay sukray|swimmer-gen4dp|1607
|teamsize|p1|6
|teamsize|p2|6
|gen|8
|tier|[Gen 8] PU
|rated|
|rule|Sleep Clause Mod: Limit one foe put to sleep
|rule|Species Clause: Limit one of each Pokémon
|rule|OHKO Clause: OHKO moves are banned
|rule|Evasion Moves Clause: Evasion moves are banned
|rule|Endless Battle Clause: Forcing endless battles is banned
|rule|HP Percentage Mod: HP is shown in percentages
|rule|Dynamax Clause: You cannot dynamax
|clearpoke
|poke|p1|Hitmonlee, M|
|poke|p1|Sneasel, M|
|poke|p1|Gigalith, F|
|poke|p1|Sandslash, F|
|poke|p1|Mr. Rime, M|
|poke|p1|Butterfree, M|
|poke|p2|Cinccino, M|
|poke|p2|Claydol|
|poke|p2|Gigalith, M|
|poke|p2|Cryogonal|
|poke|p2|Alcremie, F|
|poke|p2|Lanturn, M|
|teampreview
|inactive|Battle timer is ON: inactive players will automatically lose when time's up. (requested by Saker)
|
|t:|1658321049
|start
|switch|p1a: Sneasel|Sneasel, M|100/100
|switch|p2a: Alcremie|Alcremie, F|100/100
|turn|1
|j| NamedDude
|l| NamedDude
|
|t:|1658321058
|switch|p1a: Gigalith|Gigalith, F|100/100
|-weather|Sandstorm|[from] ability: Sand Stream|[of] p1a: Gigalith
|move|p2a: Alcremie|Dazzling Gleam|p1a: Gigalith
|-damage|p1a: Gigalith|76/100
|
|-weather|Sandstorm|[upkeep]
|-damage|p2a: Alcremie|95/100|[from] Sandstorm
|upkeep
|turn|2
|
|t:|1658321069
|switch|p2a: Gigalith|Gigalith, M|100/100
|move|p1a: Gigalith|Stealth Rock|p2a: Gigalith
|-sidestart|p2: cafay sukray|move: Stealth Rock
|
|-weather|Sandstorm|[upkeep]
|upkeep
|turn|3
|
|t:|1658321076
|move|p2a: Gigalith|Toxic|p1a: Gigalith
|-status|p1a: Gigalith|tox
|move|p1a: Gigalith|Explosion|p2a: Gigalith
|-resisted|p2a: Gigalith
|-damage|p2a: Gigalith|62/100
|faint|p1a: Gigalith
|
|-weather|Sandstorm|[upkeep]
|-heal|p2a: Gigalith|68/100|[from] item: Leftovers
|upkeep
|
|t:|1658321086
|switch|p1a: Sandslash|Sandslash, F|100/100
|turn|4
|
|t:|1658321090
|move|p1a: Sandslash|Swords Dance|p1a: Sandslash
|-boost|p1a: Sandslash|atk|2
|move|p2a: Gigalith|Toxic|p1a: Sandslash
|-status|p1a: Sandslash|tox
|
|-weather|Sandstorm|[upkeep]
|-heal|p2a: Gigalith|75/100|[from] item: Leftovers
|-damage|p1a: Sandslash|94/100 tox|[from] psn
|upkeep
|turn|5
|
|t:|1658321100
|move|p1a: Sandslash|Earthquake|p2a: Gigalith
|-supereffective|p2a: Gigalith
|-damage|p2a: Gigalith|0 fnt
|faint|p2a: Gigalith
|-damage|p1a: Sandslash|84/100 tox|[from] item: Life Orb
|
|-weather|Sandstorm|[upkeep]
|-damage|p1a: Sandslash|72/100 tox|[from] psn
|upkeep
|
|t:|1658321103
|switch|p2a: Claydol|Claydol|100/100
|-damage|p2a: Claydol|94/100|[from] Stealth Rock
|turn|6
|inactive|cafay sukray has 120 seconds left.
|
|t:|1658321137
|switch|p2a: Alcremie|Alcremie, F|95/100
|-damage|p2a: Alcremie|82/100|[from] Stealth Rock
|move|p1a: Sandslash|Knock Off|p2a: Alcremie
|-resisted|p2a: Alcremie
|-damage|p2a: Alcremie|44/100
|-damage|p1a: Sandslash|55/100 tox|[from] item: Rocky Helmet|[of] p2a: Alcremie
|-enditem|p2a: Alcremie|Rocky Helmet|[from] move: Knock Off|[of] p1a: Sandslash
|-damage|p1a: Sandslash|46/100 tox|[from] item: Life Orb
|
|-weather|Sandstorm|[upkeep]
|-damage|p2a: Alcremie|38/100|[from] Sandstorm
|-damage|p1a: Sandslash|27/100 tox|[from] psn
|upkeep
|turn|7
|inactive|cafay sukray has 120 seconds left.
|
|t:|1658321151
|switch|p1a: Mr. Rime|Mr. Rime, M|100/100
|move|p2a: Alcremie|Recover|p2a: Alcremie
|-heal|p2a: Alcremie|88/100
|
|-weather|Sandstorm|[upkeep]
|-damage|p1a: Mr. Rime|95/100|[from] Sandstorm
|-damage|p2a: Alcremie|82/100|[from] Sandstorm
|upkeep
|turn|8
|
|t:|1658321160
|move|p1a: Mr. Rime|Trick|p2a: Alcremie
|-activate|p1a: Mr. Rime|move: Trick|[of] p2a: Alcremie
|-item|p2a: Alcremie|Choice Scarf|[from] move: Trick
|-enditem|p1a: Mr. Rime|Choice Scarf|[silent]|[from] move: Trick
|move|p2a: Alcremie|Mystical Fire|p1a: Mr. Rime
|-supereffective|p1a: Mr. Rime
|-damage|p1a: Mr. Rime|55/100
|-unboost|p1a: Mr. Rime|spa|1
|
|-weather|none
|upkeep
|turn|9
|
|t:|1658321170
|move|p1a: Mr. Rime|Healing Wish|p1a: Mr. Rime
|faint|p1a: Mr. Rime
|move|p2a: Alcremie|Mystical Fire|p1: Mr. Rime|[notarget]
|-fail|p2a: Alcremie
|
|upkeep
|
|t:|1658321175
|switch|p1a: Sandslash|Sandslash, F|27/100 tox
|-heal|p1a: Sandslash|100/100|[from] move: Healing Wish
|turn|10
|j| NamedDude
|l| NamedDude
|
|t:|1658321186
|switch|p2a: Cryogonal|Cryogonal|100/100
|move|p1a: Sandslash|Swords Dance|p1a: Sandslash
|-boost|p1a: Sandslash|atk|2
|
|upkeep
|turn|11
|
|t:|1658321196
|move|p2a: Cryogonal|Freeze-Dry|p1a: Sandslash
|-supereffective|p1a: Sandslash
|-damage|p1a: Sandslash|0 fnt
|faint|p1a: Sandslash
|
|upkeep
|
|t:|1658321204
|switch|p1a: Hitmonlee|Hitmonlee, M|100/100
|turn|12
|
|t:|1658321210
|move|p2a: Cryogonal|Rapid Spin|p1a: Hitmonlee
|-damage|p1a: Hitmonlee|86/100
|-boost|p2a: Cryogonal|spe|1
|-sideend|p2: cafay sukray|Stealth Rock|[from] move: Rapid Spin|[of] p2a: Cryogonal
|move|p1a: Hitmonlee|Curse|p1a: Hitmonlee
|-unboost|p1a: Hitmonlee|spe|1
|-boost|p1a: Hitmonlee|atk|1
|-boost|p1a: Hitmonlee|def|1
|-enditem|p1a: Hitmonlee|White Herb
|-clearnegativeboost|p1a: Hitmonlee|[silent]
|
|upkeep
|turn|13
|
|t:|1658321220
|move|p1a: Hitmonlee|Close Combat|p2a: Cryogonal
|-supereffective|p2a: Cryogonal
|-damage|p2a: Cryogonal|0 fnt
|-unboost|p1a: Hitmonlee|def|1
|-unboost|p1a: Hitmonlee|spd|1
|faint|p2a: Cryogonal
|
|upkeep
|
|t:|1658321237
|switch|p2a: Claydol|Claydol|94/100
|turn|14
|
|t:|1658321240
|move|p1a: Hitmonlee|Knock Off|p2a: Claydol
|-supereffective|p2a: Claydol
|-damage|p2a: Claydol|13/100
|-enditem|p2a: Claydol|Weakness Policy
|-boost|p2a: Claydol|atk|2|[from] item: Weakness Policy
|-boost|p2a: Claydol|spa|2|[from] item: Weakness Policy
|move|p2a: Claydol|Cosmic Power|p2a: Claydol
|-boost|p2a: Claydol|def|1
|-boost|p2a: Claydol|spd|1
|
|upkeep
|turn|15
|
|t:|1658321249
|move|p1a: Hitmonlee|Knock Off|p2a: Claydol
|-supereffective|p2a: Claydol
|-damage|p2a: Claydol|0 fnt
|faint|p2a: Claydol
|
|upkeep
|
|t:|1658321252
|switch|p2a: Alcremie|Alcremie, F|82/100
|turn|16
|
|t:|1658321257
|move|p1a: Hitmonlee|Stone Edge|p2a: Alcremie|[miss]
|-miss|p1a: Hitmonlee|p2a: Alcremie
|move|p2a: Alcremie|Dazzling Gleam|p1a: Hitmonlee
|-supereffective|p1a: Hitmonlee
|-damage|p1a: Hitmonlee|0 fnt
|faint|p1a: Hitmonlee
|
|upkeep
|
|t:|1658321267
|switch|p1a: Butterfree|Butterfree, M|100/100
|turn|17
|
|t:|1658321270
|switch|p2a: Cinccino|Cinccino, M|100/100
|move|p1a: Butterfree|Quiver Dance|p1a: Butterfree
|-boost|p1a: Butterfree|spa|1
|-boost|p1a: Butterfree|spd|1
|-boost|p1a: Butterfree|spe|1
|
|upkeep
|turn|18
|
|t:|1658321278
|move|p2a: Cinccino|Tail Slap|p1a: Butterfree
|-damage|p1a: Butterfree|72/100
|-damage|p1a: Butterfree|41/100
|-damage|p1a: Butterfree|10/100
|-damage|p1a: Butterfree|0 fnt
|faint|p1a: Butterfree
|-hitcount|p1: Butterfree|4
|-damage|p2a: Cinccino|91/100|[from] item: Life Orb
|
|upkeep
|
|t:|1658321288
|switch|p1a: Sneasel|Sneasel, M|100/100
|turn|19
|
|t:|1658321296
|move|p1a: Sneasel|Triple Axel|p2a: Cinccino
|-crit|p2a: Cinccino
|-damage|p2a: Cinccino|66/100
|-damage|p2a: Cinccino|38/100
|-damage|p2a: Cinccino|0 fnt
|faint|p2a: Cinccino
|-hitcount|p2: Cinccino|3
|
|upkeep
|
|t:|1658321299
|switch|p2a: Lanturn|Lanturn, M|100/100
|turn|20
|
|t:|1658321307
|move|p1a: Sneasel|Knock Off|p2a: Lanturn
|-damage|p2a: Lanturn|67/100
|-enditem|p2a: Lanturn|Leftovers|[from] move: Knock Off|[of] p1a: Sneasel
|move|p2a: Lanturn|Scald|p1a: Sneasel
|-damage|p1a: Sneasel|63/100
|-status|p1a: Sneasel|brn
|
|-damage|p1a: Sneasel|57/100 brn|[from] brn
|upkeep
|turn|21
|
|t:|1658321323
|move|p1a: Sneasel|Knock Off|p2a: Lanturn
|-damage|p2a: Lanturn|55/100
|move|p2a: Lanturn|Scald|p1a: Sneasel
|-damage|p1a: Sneasel|18/100 brn
|
|-damage|p1a: Sneasel|12/100 brn|[from] brn
|upkeep
|turn|22
|
|t:|1658321331
|move|p1a: Sneasel|Knock Off|p2a: Lanturn
|-damage|p2a: Lanturn|44/100
|move|p2a: Lanturn|Scald|p1a: Sneasel
|-damage|p1a: Sneasel|0 fnt
|faint|p1a: Sneasel
|
|win|cafay sukray
|raw|Saker's rating: 1360 &rarr; <strong>1352</strong><br />(-8 for losing)
|raw|cafay sukray's rating: 1607 &rarr; <strong>1615</strong><br />(+8 for winning)
|c|☆Saker|Gg
|l|☆cafay sukray
|l|☆Saker
||Ladder isn't responding, score probably updated but might not have (Request timeout).
|j|☆cafay sukray
|player|p2|cafay sukray|swimmer-gen4dp
