|j|☆sugar ovens
|j|☆Haffling
|t:|1668110440
|gametype|singles
|player|p1|sugar ovens|twins|
|player|p2|Haffling|cyrus|
|teamsize|p1|6
|teamsize|p2|6
|gen|8
|tier|[Gen 8] PU
|rated|Tournament battle
|rule|Sleep Clause Mod: Limit one foe put to sleep
|rule|Species Clause: Limit one of each Pokémon
|rule|OHKO Clause: OHKO moves are banned
|rule|Evasion Items Clause: Evasion items are banned
|rule|Evasion Moves Clause: Evasion moves are banned
|rule|Endless Battle Clause: Forcing endless battles is banned
|rule|HP Percentage Mod: HP is shown in percentages
|rule|Dynamax Clause: You cannot dynamax
|clearpoke
|poke|p1|Marowak, M|
|poke|p1|Gigalith, F|
|poke|p1|Tangela, M|
|poke|p1|Ribombee, F|
|poke|p1|Charizard, M|
|poke|p1|Lanturn, M|
|poke|p2|Ribombee, M|
|poke|p2|Magmortar, F|
|poke|p2|Gigalith, M|
|poke|p2|Sandslash, F|
|poke|p2|Eldegoss, F|
|poke|p2|Basculin-Blue-Striped, M|
|teampreview
|c|☆Haffling|hf
|c|☆sugar ovens|u2
|j| shiny mr mime
|
|t:|1668110456
|start
|switch|p1a: Lanturn|Lanturn, M|100/100
|switch|p2a: Basculin|Basculin-Blue-Striped, M|100/100
|turn|1
|
|t:|1668110461
|move|p2a: Basculin|Flip Turn|p1a: Lanturn
|-immune|p1a: Lanturn|[from] ability: Water Absorb
|move|p1a: Lanturn|Volt Switch|p2a: Basculin
|-supereffective|p2a: Basculin
|-damage|p2a: Basculin|0 fnt
|faint|p2a: Basculin
|c|☆Haffling|bruh
|c|☆Haffling|lol
|
|t:|1668110475
|switch|p1a: Ribombee|Ribombee, F|100/100|[from]move: Volt Switch
|
|upkeep
|
|t:|1668110479
|switch|p2a: Magmortar|Magmortar, F|100/100
|turn|2
|
|t:|1668110489
|move|p1a: Ribombee|U-turn|p2a: Magmortar
|-resisted|p2a: Magmortar
|-damage|p2a: Magmortar|90/100
|j| enemyjurist
|
|t:|1668110503
|switch|p1a: Lanturn|Lanturn, M|100/100|[from]move: U-turn
|move|p2a: Magmortar|Focus Blast|p1a: Lanturn
|-damage|p1a: Lanturn|57/100
|
|-heal|p1a: Lanturn|63/100|[from] item: Leftovers
|upkeep
|turn|3
|
|t:|1668110511
|switch|p2a: Eldegoss|Eldegoss, F|100/100
|move|p1a: Lanturn|Scald|p2a: Eldegoss
|-resisted|p2a: Eldegoss
|-damage|p2a: Eldegoss|87/100
|-enditem|p2a: Eldegoss|Eject Button
|
|t:|1668110514
|switch|p2a: Sandslash|Sandslash, F|100/100
|
|-heal|p1a: Lanturn|69/100|[from] item: Leftovers
|upkeep
|turn|4
|
|t:|1668110520
|switch|p1a: Tangela|Tangela, M|100/100
|move|p2a: Sandslash|Knock Off|p1a: Tangela
|-damage|p1a: Tangela|83/100
|-enditem|p1a: Tangela|Eviolite|[from] move: Knock Off|[of] p2a: Sandslash
|-damage|p2a: Sandslash|91/100|[from] item: Life Orb
|
|upkeep
|turn|5
|
|t:|1668110530
|switch|p2a: Gigalith|Gigalith, M|100/100
|-weather|Sandstorm|[from] ability: Sand Stream|[of] p2a: Gigalith
|move|p1a: Tangela|Knock Off|p2a: Gigalith
|-damage|p2a: Gigalith|91/100
|-enditem|p2a: Gigalith|Leftovers|[from] move: Knock Off|[of] p1a: Tangela
|
|-weather|Sandstorm|[upkeep]
|-damage|p1a: Tangela|77/100|[from] Sandstorm
|upkeep
|turn|6
|
|t:|1668110538
|switch|p1a: Marowak|Marowak, M|100/100
|move|p2a: Gigalith|Stealth Rock|p1a: Marowak
|-sidestart|p1: sugar ovens|move: Stealth Rock
|
|-weather|Sandstorm|[upkeep]
|upkeep
|turn|7
|
|t:|1668110544
|move|p1a: Marowak|Substitute|p1a: Marowak
|-start|p1a: Marowak|Substitute
|-damage|p1a: Marowak|76/100
|move|p2a: Gigalith|Earthquake|p1a: Marowak
|-end|p1a: Marowak|Substitute
|
|-weather|Sandstorm|[upkeep]
|upkeep
|turn|8
|
|t:|1668110550
|switch|p2a: Eldegoss|Eldegoss, F|100/100
|move|p1a: Marowak|Earthquake|p2a: Eldegoss
|-resisted|p2a: Eldegoss
|-damage|p2a: Eldegoss|70/100
|
|-weather|Sandstorm|[upkeep]
|-damage|p2a: Eldegoss|64/100|[from] Sandstorm
|upkeep
|turn|9
|
|t:|1668110558
|move|p1a: Marowak|Fire Punch|p2a: Eldegoss
|-supereffective|p2a: Eldegoss
|-damage|p2a: Eldegoss|0 fnt
|faint|p2a: Eldegoss
|
|-weather|none
|upkeep
|
|t:|1668110564
|switch|p2a: Magmortar|Magmortar, F|90/100
|turn|10
|j| BluBirD
|
|t:|1668110574
|switch|p1a: Charizard|Charizard, M|100/100
|move|p2a: Magmortar|Focus Blast|p1a: Charizard
|-resisted|p1a: Charizard
|-damage|p1a: Charizard|72/100
|
|upkeep
|turn|11
|
|t:|1668110583
|move|p1a: Charizard|Roost|p1a: Charizard
|-heal|p1a: Charizard|100/100
|-singleturn|p1a: Charizard|move: Roost
|move|p2a: Magmortar|Thunderbolt|p1a: Charizard
|-damage|p1a: Charizard|60/100
|
|upkeep
|turn|12
|
|t:|1668110596
|switch|p1a: Gigalith|Gigalith, F|100/100
|-damage|p1a: Gigalith|88/100|[from] Stealth Rock
|-weather|Sandstorm|[from] ability: Sand Stream|[of] p1a: Gigalith
|move|p2a: Magmortar|Thunderbolt|p1a: Gigalith
|-damage|p1a: Gigalith|72/100
|
|-weather|Sandstorm|[upkeep]
|-damage|p2a: Magmortar|84/100|[from] Sandstorm
|-heal|p1a: Gigalith|78/100|[from] item: Leftovers
|upkeep
|turn|13
|
|t:|1668110603
|switch|p2a: Sandslash|Sandslash, F|91/100
|move|p1a: Gigalith|Rock Blast|p2a: Sandslash
|-resisted|p2a: Sandslash
|-damage|p2a: Sandslash|85/100
|-resisted|p2a: Sandslash
|-damage|p2a: Sandslash|79/100
|-hitcount|p2a: Sandslash|2
|
|-weather|Sandstorm|[upkeep]
|-heal|p1a: Gigalith|84/100|[from] item: Leftovers
|upkeep
|turn|14
|
|t:|1668110612
|move|p2a: Sandslash|Swords Dance|p2a: Sandslash
|-boost|p2a: Sandslash|atk|2
|move|p1a: Gigalith|Stealth Rock|p2a: Sandslash
|-sidestart|p2: Haffling|move: Stealth Rock
|
|-weather|Sandstorm|[upkeep]
|-heal|p1a: Gigalith|91/100|[from] item: Leftovers
|upkeep
|turn|15
|
|t:|1668110618
|switch|p1a: Tangela|Tangela, M|100/100
|-damage|p1a: Tangela|88/100|[from] Stealth Rock
|move|p2a: Sandslash|Knock Off|p1a: Tangela
|-damage|p1a: Tangela|53/100
|-damage|p2a: Sandslash|69/100|[from] item: Life Orb
|
|-weather|Sandstorm|[upkeep]
|-damage|p1a: Tangela|47/100|[from] Sandstorm
|upkeep
|turn|16
|
|t:|1668110641
|switch|p1a: Charizard|Charizard, M|60/100
|move|p2a: Sandslash|Leech Life|p1a: Charizard
|-resisted|p1a: Charizard
|-damage|p1a: Charizard|40/100
|-heal|p2a: Sandslash|80/100|[from] drain|[of] p1a: Charizard
|-damage|p2a: Sandslash|70/100|[from] item: Life Orb
|
|-weather|none
|upkeep
|turn|17
|
|t:|1668110650
|move|p1a: Charizard|Flamethrower|p2a: Sandslash
|-damage|p2a: Sandslash|0 fnt
|faint|p2a: Sandslash
|
|upkeep
|
|t:|1668110652
|switch|p2a: Magmortar|Magmortar, F|84/100
|turn|18
|
|t:|1668110657
|move|p1a: Charizard|Hurricane|p2a: Magmortar
|-crit|p2a: Magmortar
|-damage|p2a: Magmortar|0 fnt
|faint|p2a: Magmortar
|
|upkeep
|c|☆Haffling|bruh
|
|t:|1668110666
|switch|p2a: Gigalith|Gigalith, M|91/100
|-damage|p2a: Gigalith|79/100|[from] Stealth Rock
|-weather|Sandstorm|[from] ability: Sand Stream|[of] p2a: Gigalith
|turn|19
|
|t:|1668110671
|move|p1a: Charizard|Flamethrower|p2a: Gigalith
|-resisted|p2a: Gigalith
|-damage|p2a: Gigalith|69/100
|-status|p2a: Gigalith|brn
|move|p2a: Gigalith|Rock Blast|p1a: Charizard
|-supereffective|p1a: Charizard
|-damage|p1a: Charizard|11/100
|-supereffective|p1a: Charizard
|-damage|p1a: Charizard|0 fnt
|faint|p1a: Charizard
|-hitcount|p1: Charizard|2
|
|-weather|Sandstorm|[upkeep]
|-damage|p2a: Gigalith|63/100 brn|[from] brn
|upkeep
|
|t:|1668110674
|switch|p1a: Marowak|Marowak, M|76/100
|-damage|p1a: Marowak|69/100|[from] Stealth Rock
|turn|20
|
|t:|1668110680
|move|p1a: Marowak|Substitute|p1a: Marowak
|-start|p1a: Marowak|Substitute
|-damage|p1a: Marowak|45/100
|move|p2a: Gigalith|Earthquake|p1a: Marowak
|-activate|p1a: Marowak|move: Substitute|[damage]
|
|-weather|Sandstorm|[upkeep]
|-damage|p2a: Gigalith|57/100 brn|[from] brn
|upkeep
|turn|21
|c|☆Haffling|epic
|
|t:|1668110687
|move|p1a: Marowak|Earthquake|p2a: Gigalith
|-supereffective|p2a: Gigalith
|-damage|p2a: Gigalith|0 fnt
|faint|p2a: Gigalith
|
|-weather|Sandstorm|[upkeep]
|upkeep
|
|t:|1668110689
|switch|p2a: Ribombee|Ribombee, M|100/100
|turn|22
|c|☆sugar ovens|i mean
|c|☆sugar ovens|now it probably does not matter right
|c|☆Haffling|it dont matter ye but still insane luck rgardless
|
|t:|1668110718
|move|p2a: Ribombee|Moonblast|p1a: Marowak
|-end|p1a: Marowak|Substitute
|move|p1a: Marowak|Fire Punch|p2a: Ribombee
|-supereffective|p2a: Ribombee
|-damage|p2a: Ribombee|0 fnt
|faint|p2a: Ribombee
|
|win|sugar ovens
|n|☆sugar ovens|sugarovens
|n|☆Haffling|haffling
|n| shiny mr mime|shinymrmime
|n| enemyjurist|enemyjurist
|n| BluBirD|blubird
