|j|☆acluh1
|j|☆ALlCE
|t:|1652275722
|gametype|singles
|player|p1|acluh1|102|1347
|player|p2|ALlCE|#uuplxsisters|1512
|teamsize|p1|6
|teamsize|p2|6
|gen|8
|tier|[Gen 8] PU
|rated|
|rule|Sleep Clause Mod: Limit one foe put to sleep
|rule|Species Clause: Limit one of each Pokémon
|rule|OHKO Clause: OHKO moves are banned
|rule|Evasion Moves Clause: Evasion moves are banned
|rule|Endless Battle Clause: Forcing endless battles is banned
|rule|HP Percentage Mod: HP is shown in percentages
|rule|Dynamax Clause: You cannot dynamax
|clearpoke
|poke|p1|Charizard, M|
|poke|p1|Gigalith, F|
|poke|p1|Jolteon, F|
|poke|p1|Pincurchin, F|
|poke|p1|Sandaconda, F|
|poke|p1|Sneasel, M|
|poke|p2|Arctovish|
|poke|p2|Sandaconda, F|
|poke|p2|Eldegoss, M|
|poke|p2|Hattrem, F|
|poke|p2|Togedemaru, M|
|poke|p2|Clefairy, M|
|teampreview
|inactive|Battle timer is ON: inactive players will automatically lose when time's up. (requested by acluh1)
|
|t:|1652275756
|start
|switch|p1a: Sneasel|Sneasel, M|100/100
|switch|p2a: Arctovish|Arctovish|100/100
|turn|1
|j| no+de3xdia
|
|t:|1652275765
|move|p1a: Sneasel|Knock Off|p2a: Arctovish
|-damage|p2a: Arctovish|60/100
|-enditem|p2a: Arctovish|Choice Band|[from] move: Knock Off|[of] p1a: Sneasel
|move|p2a: Arctovish|Fishious Rend|p1a: Sneasel
|-damage|p1a: Sneasel|13/100
|
|upkeep
|turn|2
|
|t:|1652275780
|switch|p1a: Sandaconda|Sandaconda, F, shiny|100/100
|move|p2a: Arctovish|Fishious Rend|p1a: Sandaconda
|-supereffective|p1a: Sandaconda
|-damage|p1a: Sandaconda|0 fnt
|-damage|p2a: Arctovish|44/100|[from] item: Rocky Helmet|[of] p1a: Sandaconda
|faint|p1a: Sandaconda
|
|upkeep
|
|t:|1652275785
|switch|p1a: Jolteon|Jolteon, F|100/100
|turn|3
|
|t:|1652275788
|switch|p2a: Clefairy|Clefairy, M|100/100
|move|p1a: Jolteon|Hyper Voice|p2a: Clefairy
|-damage|p2a: Clefairy|75/100
|
|upkeep
|turn|4
|
|t:|1652275795
|switch|p1a: Gigalith|Gigalith, F, shiny|100/100
|-weather|Sandstorm|[from] ability: Sand Stream|[of] p1a: Gigalith
|move|p2a: Clefairy|Knock Off|p1a: Gigalith
|-damage|p1a: Gigalith|92/100
|-enditem|p1a: Gigalith|Leftovers|[from] move: Knock Off|[of] p2a: Clefairy
|
|-weather|Sandstorm|[upkeep]
|upkeep
|turn|5
|j| Jamsonbingus
|
|t:|1652275823
|switch|p2a: Sandaconda|Sandaconda, F|100/100
|move|p1a: Gigalith|Rock Blast|p2a: Sandaconda
|-resisted|p2a: Sandaconda
|-damage|p2a: Sandaconda|97/100
|-resisted|p2a: Sandaconda
|-damage|p2a: Sandaconda|94/100
|-resisted|p2a: Sandaconda
|-damage|p2a: Sandaconda|90/100
|-hitcount|p2a: Sandaconda|3
|
|-weather|Sandstorm|[upkeep]
|upkeep
|turn|6
|c| Jamsonbingus|pp hehe
|c|☆acluh1|thanks jamson!
|c|☆ALlCE|^
|inactive|acluh1 has 120 seconds left.
|
|t:|1652275847
|switch|p1a: Sneasel|Sneasel, M|13/100
|move|p2a: Sandaconda|Stealth Rock|p1a: Sneasel
|-sidestart|p1: acluh1|move: Stealth Rock
|
|-weather|Sandstorm|[upkeep]
|-damage|p1a: Sneasel|7/100|[from] Sandstorm
|upkeep
|turn|7
|c| Jamsonbingus|8====D
|
|t:|1652275853
|switch|p2a: Togedemaru|Togedemaru, M|100/100
|move|p1a: Sneasel|Triple Axel|p2a: Togedemaru
|-resisted|p2a: Togedemaru
|-damage|p2a: Togedemaru|95/100
|-damage|p1a: Sneasel|0 fnt|[from] ability: Iron Barbs|[of] p2a: Togedemaru
|faint|p1a: Sneasel
|-hitcount|p2a: Togedemaru|1
|
|-weather|Sandstorm|[upkeep]
|upkeep
|c| Jamsonbingus|he
|c| Jamsonbingus|he
|c| Jamsonbingus|he
|c| Jamsonbingus|he
|c| Jamsonbingus|he
|c| Jamsonbingus|he
|
|t:|1652275862
|switch|p1a: Gigalith|Gigalith, F, shiny|92/100
|-damage|p1a: Gigalith|80/100|[from] Stealth Rock
|turn|8
|c| Jamsonbingus|he
|c| Jamsonbingus|he
|c| Jamsonbingus|he
|c| Jamsonbingus|he
|c| Jamsonbingus|he
|c| Jamsonbingus|heh
|c| Jamsonbingus|heee heee
|
|t:|1652275877
|move|p2a: Togedemaru|U-turn|p1a: Gigalith
|-damage|p1a: Gigalith|69/100
|
|t:|1652275879
|switch|p2a: Arctovish|Arctovish|44/100|[from]move: U-turn
|move|p1a: Gigalith|Earthquake|p2a: Arctovish
|-damage|p2a: Arctovish|12/100
|
|-weather|none
|upkeep
|turn|9
|j| pannu ra cotta
|c| Jamsonbingus|IM A SMOOTH CRIMINAL
|c| Jamsonbingus|HOOOO
|c| Jamsonbingus|SHAMON
|
|t:|1652275891
|move|p2a: Arctovish|Fishious Rend|p1a: Gigalith
|-supereffective|p1a: Gigalith
|-damage|p1a: Gigalith|0 fnt
|faint|p1a: Gigalith
|
|upkeep
|
|t:|1652275894
|switch|p1a: Charizard|Charizard, M, shiny|100/100
|turn|10
|c| Jamsonbingus|ANNIE ARE U OK
|
|t:|1652275905
|move|p1a: Charizard|Fire Blast|p2a: Arctovish
|-damage|p2a: Arctovish|0 fnt
|faint|p2a: Arctovish
|
|upkeep
|c| Jamsonbingus|HOOO
|
|t:|1652275912
|switch|p2a: Hattrem|Hattrem, F|100/100
|turn|11
|
|t:|1652275922
|move|p1a: Charizard|Fire Blast|p2a: Hattrem
|-damage|p2a: Hattrem|49/100
|move|p2a: Hattrem|Nuzzle|p1a: Charizard
|-supereffective|p1a: Charizard
|-damage|p1a: Charizard|94/100
|-status|p1a: Charizard|par
|
|upkeep
|turn|12
|j| grasskicker03
|
|t:|1652275932
|move|p1a: Charizard|Fire Blast|p2a: Hattrem
|-damage|p2a: Hattrem|2/100
|move|p2a: Hattrem|Psychic|p1a: Charizard
|-damage|p1a: Charizard|59/100 par
|
|upkeep
|turn|13
|c| Jamsonbingus|GO GO GO ACLUH
|
|t:|1652275938
|move|p1a: Charizard|Fire Blast|p2a: Hattrem
|-damage|p2a: Hattrem|0 fnt
|faint|p2a: Hattrem
|
|upkeep
|c| Jamsonbingus|IF U CAN WIN ILL SUCK U OFF
|inactive|ALlCE has 120 seconds left.
|l| no+de3xdia
|
|t:|1652275975
|switch|p2a: Clefairy|Clefairy, M|75/100
|turn|14
|
|t:|1652275983
|switch|p1a: Pincurchin|Pincurchin, F, shiny|100/100
|-damage|p1a: Pincurchin|88/100|[from] Stealth Rock
|-fieldstart|move: Electric Terrain|[from] ability: Electric Surge|[of] p1a: Pincurchin
|move|p2a: Clefairy|Soft-Boiled|p2a: Clefairy
|-heal|p2a: Clefairy|100/100
|
|upkeep
|turn|15
|c| Jamsonbingus|GOOOOO
|
|t:|1652275990
|switch|p2a: Eldegoss|Eldegoss, M|100/100
|move|p1a: Pincurchin|Scald|p2a: Eldegoss
|-resisted|p2a: Eldegoss
|-damage|p2a: Eldegoss|89/100
|
|upkeep
|turn|16
|l| pannu ra cotta
|c| Jamsonbingus|uhoh
|
|t:|1652276002
|switch|p2a: Clefairy|Clefairy, M|100/100
|move|p1a: Pincurchin|Rising Voltage|p2a: Clefairy
|-hint|Rising Voltage's BP doubled on grounded target.
|-damage|p2a: Clefairy|50/100
|
|upkeep
|turn|17
|
|t:|1652276014
|switch|p2a: Sandaconda|Sandaconda, F|90/100
|move|p1a: Pincurchin|Rising Voltage|p2a: Sandaconda
|-immune|p2a: Sandaconda
|
|upkeep
|turn|18
|
|t:|1652276019
|move|p2a: Sandaconda|Earthquake|p1a: Pincurchin
|-supereffective|p1a: Pincurchin
|-damage|p1a: Pincurchin|0 fnt
|faint|p1a: Pincurchin
|
|upkeep
|
|t:|1652276024
|switch|p1a: Charizard|Charizard, M, shiny|59/100 par
|turn|19
|c| Jamsonbingus|ALICE IF U LEAVE ILL SEND U PICS NO BALLS
|c| Jamsonbingus|MY BOYFRIEND NEEDS THIS
|inactive|ALlCE has 120 seconds left.
|
|t:|1652276081
|switch|p2a: Eldegoss|Eldegoss, M|100/100
|move|p1a: Charizard|Fire Blast|p2a: Eldegoss
|-supereffective|p2a: Eldegoss
|-damage|p2a: Eldegoss|11/100
|-status|p2a: Eldegoss|brn
|
|-damage|p2a: Eldegoss|5/100 brn|[from] brn
|upkeep
|turn|20
|
|t:|1652276091
|move|p2a: Eldegoss|Leaf Storm|p1a: Charizard|[miss]
|-miss|p2a: Eldegoss|p1a: Charizard
|move|p1a: Charizard|Roost|p1a: Charizard
|-heal|p1a: Charizard|100/100 par
|-singleturn|p1a: Charizard|move: Roost
|
|-damage|p2a: Eldegoss|0 fnt|[from] brn
|faint|p2a: Eldegoss
|upkeep
|j| Domination_Nat
|
|t:|1652276097
|switch|p2a: Clefairy|Clefairy, M|50/100
|turn|21
|c| Domination_Nat|penis
|
|t:|1652276100
|move|p1a: Charizard|Fire Blast|p2a: Clefairy|[miss]
|-miss|p1a: Charizard|p2a: Clefairy
|move|p2a: Clefairy|Soft-Boiled|p2a: Clefairy
|-heal|p2a: Clefairy|99/100
|
|-fieldend|move: Electric Terrain
|upkeep
|turn|22
|
|t:|1652276105
|move|p1a: Charizard|Fire Blast|p2a: Clefairy
|-damage|p2a: Clefairy|68/100
|move|p2a: Clefairy|Soft-Boiled|p2a: Clefairy
|-heal|p2a: Clefairy|100/100
|
|upkeep
|turn|23
|
|t:|1652276109
|switch|p1a: Jolteon|Jolteon, F|100/100
|-damage|p1a: Jolteon|88/100|[from] Stealth Rock
|move|p2a: Clefairy|Knock Off|p1a: Jolteon
|-damage|p1a: Jolteon|69/100
|-enditem|p1a: Jolteon|Choice Specs|[from] move: Knock Off|[of] p2a: Clefairy
|
|upkeep
|turn|24
|
|t:|1652276121
|switch|p2a: Togedemaru|Togedemaru, M|95/100
|move|p1a: Jolteon|Rising Voltage|p2a: Togedemaru
|-resisted|p2a: Togedemaru
|-damage|p2a: Togedemaru|76/100
|
|upkeep
|turn|25
|
|t:|1652276127
|move|p1a: Jolteon|Shadow Ball|p2a: Togedemaru
|-damage|p2a: Togedemaru|48/100
|-unboost|p2a: Togedemaru|spd|1
|move|p2a: Togedemaru|Wish|p2a: Togedemaru
|
|upkeep
|turn|26
|
|t:|1652276131
|move|p2a: Togedemaru|Spiky Shield|p2a: Togedemaru
|-singleturn|p2a: Togedemaru|move: Protect
|move|p1a: Jolteon|Shadow Ball|p2a: Togedemaru
|-activate|p2a: Togedemaru|move: Protect
|
|-heal|p2a: Togedemaru|98/100|[from] move: Wish|[wisher] Togedemaru
|upkeep
|turn|27
|
|t:|1652276134
|switch|p1a: Charizard|Charizard, M, shiny|100/100 par
|move|p2a: Togedemaru|Wish|p2a: Togedemaru
|
|upkeep
|turn|28
|c| Jamsonbingus|pwease
|c| Jamsonbingus|:(
|
|t:|1652276139
|switch|p2a: Clefairy|Clefairy, M|100/100
|move|p1a: Charizard|Fire Blast|p2a: Clefairy
|-damage|p2a: Clefairy|70/100
|
|-heal|p2a: Clefairy|100/100|[from] move: Wish|[wisher] Togedemaru
|upkeep
|turn|29
|-message|acluh1 forfeited.
|
|win|ALlCE
|raw|acluh1's rating: 1347 &rarr; <strong>1336</strong><br />(-11 for losing)
|raw|ALlCE's rating: 1512 &rarr; <strong>1523</strong><br />(+11 for winning)
|l|☆acluh1
|c|☆ALlCE|gg
|c| Jamsonbingus|no
|c| Domination_Nat|no
|c| Jamsonbingus|wanna f?
|j|%aQrator
|c| Domination_Nat|yes
|c| Jamsonbingus|k
|c| Domination_Nat|lets go
|c|%aQrator|/log Jamsonbingus was locked from talking for a week by aQrator. (inap, spam, rule 3)
|c|%aQrator|/log Domination_Nat was locked from talking by aQrator. (inap)
||Ladder isn't responding, score probably updated but might not have (Request timeout).
|c|☆ALlCE|ty
|j| pannu ra cotta
|l|☆ALlCE
|l|%aQrator
