|j|☆Breakfastbiscuit
|j|☆Haffling testing
|t:|1656348974
|gametype|singles
|player|p1|Breakfastbiscuit|2|1402
|player|p2|Haffling testing|cyrus|1585
|teamsize|p1|6
|teamsize|p2|6
|gen|8
|tier|[Gen 8] PU
|rated|
|rule|Sleep Clause Mod: Limit one foe put to sleep
|rule|Species Clause: Limit one of each Pokémon
|rule|OHKO Clause: OHKO moves are banned
|rule|Evasion Moves Clause: Evasion moves are banned
|rule|Endless Battle Clause: Forcing endless battles is banned
|rule|HP Percentage Mod: HP is shown in percentages
|rule|Dynamax Clause: You cannot dynamax
|clearpoke
|poke|p1|Persian-Alola, F|
|poke|p1|Carracosta, M|
|poke|p1|Lanturn, M|
|poke|p1|Dugtrio-Alola, M|
|poke|p1|Rotom|
|poke|p1|Skuntank, F|
|poke|p2|Arctovish|
|poke|p2|Gigalith, F|
|poke|p2|Mesprit|
|poke|p2|Eldegoss, M|
|poke|p2|Scrafty, F|
|poke|p2|Weezing, M|
|teampreview
|inactive|Battle timer is ON: inactive players will automatically lose when time's up. (requested by Breakfastbiscuit)
|
|t:|1656348992
|start
|switch|p1a: Persian|Persian-Alola, F|100/100
|switch|p2a: Scrafty|Scrafty, F|100/100
|turn|1
|
|t:|1656349013
|move|p1a: Persian|Taunt|p2a: Scrafty
|-start|p2a: Scrafty|move: Taunt
|move|p2a: Scrafty|Knock Off|p1a: Persian
|-resisted|p1a: Persian
|-damage|p1a: Persian|88/100
|-enditem|p1a: Persian|Leftovers|[from] move: Knock Off|[of] p2a: Scrafty
|
|upkeep
|turn|2
|
|t:|1656349017
|move|p1a: Persian|Knock Off|p2a: Scrafty
|-resisted|p2a: Scrafty
|-damage|p2a: Scrafty|95/100
|-enditem|p2a: Scrafty|Leftovers|[from] move: Knock Off|[of] p1a: Persian
|move|p2a: Scrafty|Knock Off|p1a: Persian
|-resisted|p1a: Persian
|-damage|p1a: Persian|80/100
|
|upkeep
|turn|3
|
|t:|1656349020
|move|p1a: Persian|U-turn|p2a: Scrafty
|-damage|p2a: Scrafty|85/100
|
|t:|1656349022
|switch|p1a: Dugtrio|Dugtrio-Alola, M|100/100|[from]move: U-turn
|move|p2a: Scrafty|Knock Off|p1a: Dugtrio
|-damage|p1a: Dugtrio|29/100
|-ability|p1a: Dugtrio|Tangling Hair
|-unboost|p2a: Scrafty|spe|1
|-enditem|p1a: Dugtrio|Metronome|[from] move: Knock Off|[of] p2a: Scrafty
|
|-end|p2a: Scrafty|move: Taunt
|upkeep
|turn|4
|
|t:|1656349032
|move|p1a: Dugtrio|Iron Head|p2a: Scrafty
|-damage|p2a: Scrafty|52/100
|cant|p2a: Scrafty|flinch
|
|upkeep
|turn|5
|
|t:|1656349037
|move|p1a: Dugtrio|Iron Head|p2a: Scrafty
|-damage|p2a: Scrafty|22/100
|cant|p2a: Scrafty|flinch
|
|upkeep
|turn|6
|c|☆Haffling testing|sigh
|
|t:|1656349045
|switch|p2a: Eldegoss|Eldegoss, M|100/100
|move|p1a: Dugtrio|Iron Head|p2a: Eldegoss
|-damage|p2a: Eldegoss|73/100
|
|upkeep
|turn|7
|
|t:|1656349049
|move|p1a: Dugtrio|Toxic|p2a: Eldegoss
|-status|p2a: Eldegoss|tox
|move|p2a: Eldegoss|Giga Drain|p1a: Dugtrio
|-damage|p1a: Dugtrio|0 fnt
|-heal|p2a: Eldegoss|82/100 tox|[from] drain|[of] p1a: Dugtrio
|faint|p1a: Dugtrio
|
|-damage|p2a: Eldegoss|76/100 tox|[from] psn
|upkeep
|
|t:|1656349058
|switch|p1a: Skuntank|Skuntank, F|100/100
|turn|8
|
|t:|1656349062
|switch|p2a: Gigalith|Gigalith, F|100/100
|-weather|Sandstorm|[from] ability: Sand Stream|[of] p2a: Gigalith
|move|p1a: Skuntank|Crunch|p2a: Gigalith
|-damage|p2a: Gigalith|78/100
|
|-weather|Sandstorm|[upkeep]
|-damage|p1a: Skuntank|94/100|[from] Sandstorm
|-heal|p1a: Skuntank|100/100|[from] item: Black Sludge
|-heal|p2a: Gigalith|84/100|[from] item: Leftovers
|upkeep
|turn|9
|
|t:|1656349068
|switch|p1a: Persian|Persian-Alola, F|80/100
|move|p2a: Gigalith|Earthquake|p1a: Persian
|-damage|p1a: Persian|56/100
|
|-weather|Sandstorm|[upkeep]
|-damage|p1a: Persian|50/100|[from] Sandstorm
|-heal|p2a: Gigalith|90/100|[from] item: Leftovers
|upkeep
|turn|10
|
|t:|1656349072
|move|p2a: Gigalith|Protect|p2a: Gigalith
|-singleturn|p2a: Gigalith|Protect
|move|p1a: Persian|U-turn|p2a: Gigalith
|-activate|p2a: Gigalith|move: Protect
|
|-weather|Sandstorm|[upkeep]
|-damage|p1a: Persian|45/100|[from] Sandstorm
|-heal|p2a: Gigalith|96/100|[from] item: Leftovers
|upkeep
|turn|11
|
|t:|1656349077
|move|p1a: Persian|Knock Off|p2a: Gigalith
|-damage|p2a: Gigalith|82/100
|-enditem|p2a: Gigalith|Leftovers|[from] move: Knock Off|[of] p1a: Persian
|move|p2a: Gigalith|Rock Blast|p1a: Persian
|-damage|p1a: Persian|36/100
|-damage|p1a: Persian|28/100
|-hitcount|p1a: Persian|2
|
|-weather|Sandstorm|[upkeep]
|-damage|p1a: Persian|22/100|[from] Sandstorm
|upkeep
|turn|12
|
|t:|1656349080
|move|p1a: Persian|Foul Play|p2a: Gigalith
|-damage|p2a: Gigalith|49/100
|move|p2a: Gigalith|Rock Blast|p1a: Persian
|-damage|p1a: Persian|14/100
|-damage|p1a: Persian|6/100
|-hitcount|p1a: Persian|2
|
|-weather|none
|upkeep
|turn|13
|
|t:|1656349083
|move|p1a: Persian|Foul Play|p2a: Gigalith
|-damage|p2a: Gigalith|20/100
|move|p2a: Gigalith|Rock Blast|p1a: Persian
|-damage|p1a: Persian|0 fnt
|faint|p1a: Persian
|-hitcount|p1: Persian|1
|
|upkeep
|
|t:|1656349094
|switch|p1a: Carracosta|Carracosta, M|100/100
|turn|14
|
|t:|1656349100
|move|p1a: Carracosta|Shell Smash|p1a: Carracosta
|-unboost|p1a: Carracosta|def|1
|-unboost|p1a: Carracosta|spd|1
|-boost|p1a: Carracosta|atk|2
|-boost|p1a: Carracosta|spa|2
|-boost|p1a: Carracosta|spe|2
|move|p2a: Gigalith|Earthquake|p1a: Carracosta
|-supereffective|p1a: Carracosta
|-damage|p1a: Carracosta|37/100
|-enditem|p1a: Carracosta|Weakness Policy
|-boost|p1a: Carracosta|atk|2|[from] item: Weakness Policy
|-boost|p1a: Carracosta|spa|2|[from] item: Weakness Policy
|
|upkeep
|turn|15
|
|t:|1656349104
|move|p1a: Carracosta|Shell Smash|p1a: Carracosta
|-unboost|p1a: Carracosta|def|1
|-unboost|p1a: Carracosta|spd|1
|-boost|p1a: Carracosta|atk|2
|-boost|p1a: Carracosta|spa|2
|-boost|p1a: Carracosta|spe|2
|move|p2a: Gigalith|Earthquake|p1a: Carracosta
|-supereffective|p1a: Carracosta
|-damage|p1a: Carracosta|0 fnt
|faint|p1a: Carracosta
|
|upkeep
|
|t:|1656349108
|switch|p1a: Skuntank|Skuntank, F|100/100
|turn|16
|c|☆Haffling testing|ok
|
|t:|1656349115
|move|p1a: Skuntank|Crunch|p2a: Gigalith
|-damage|p2a: Gigalith|0 fnt
|faint|p2a: Gigalith
|
|upkeep
|
|t:|1656349120
|switch|p2a: Arctovish|Arctovish|100/100
|turn|17
|
|t:|1656349124
|move|p1a: Skuntank|Sucker Punch|p2a: Arctovish
|-damage|p2a: Arctovish|71/100
|move|p2a: Arctovish|Fishious Rend|p1a: Skuntank
|-damage|p1a: Skuntank|20/100
|
|-heal|p1a: Skuntank|26/100|[from] item: Black Sludge
|upkeep
|turn|18
|
|t:|1656349129
|move|p1a: Skuntank|Sucker Punch|p2a: Arctovish
|-damage|p2a: Arctovish|41/100
|move|p2a: Arctovish|Fishious Rend|p1a: Skuntank
|-damage|p1a: Skuntank|0 fnt
|-damage|p2a: Arctovish|16/100|[from] ability: Aftermath|[of] p1a: Skuntank
|faint|p1a: Skuntank
|
|upkeep
|
|t:|1656349132
|switch|p1a: Lanturn|Lanturn, M|100/100
|turn|19
|
|t:|1656349135
|move|p2a: Arctovish|Fishious Rend|p1a: Lanturn
|-resisted|p1a: Lanturn
|-damage|p1a: Lanturn|36/100
|move|p1a: Lanturn|Volt Switch|p2a: Arctovish
|-supereffective|p2a: Arctovish
|-damage|p2a: Arctovish|0 fnt
|faint|p2a: Arctovish
|
|t:|1656349137
|switch|p1a: Rotom|Rotom|100/100|[from]move: Volt Switch
|
|upkeep
|
|t:|1656349142
|switch|p2a: Eldegoss|Eldegoss, M|100/100 tox
|turn|20
|
|t:|1656349144
|move|p1a: Rotom|Substitute|p1a: Rotom
|-start|p1a: Rotom|Substitute
|-damage|p1a: Rotom|76/100
|move|p2a: Eldegoss|Aromatherapy|p2a: Eldegoss
|-activate|p2a: Eldegoss|move: Aromatherapy
|-curestatus|p2a: Eldegoss|tox|[msg]
|
|upkeep
|turn|21
|
|t:|1656349147
|move|p1a: Rotom|Nasty Plot|p1a: Rotom
|-boost|p1a: Rotom|spa|2
|move|p2a: Eldegoss|Giga Drain|p1a: Rotom
|-end|p1a: Rotom|Substitute
|
|upkeep
|turn|22
|
|t:|1656349149
|move|p1a: Rotom|Shadow Ball|p2a: Eldegoss
|-damage|p2a: Eldegoss|35/100
|move|p2a: Eldegoss|Giga Drain|p1a: Rotom
|-damage|p1a: Rotom|35/100
|-heal|p2a: Eldegoss|50/100|[from] drain|[of] p1a: Rotom
|
|upkeep
|turn|23
|
|t:|1656349157
|switch|p2a: Scrafty|Scrafty, F|22/100
|move|p1a: Rotom|Nasty Plot|p1a: Rotom
|-boost|p1a: Rotom|spa|2
|
|upkeep
|turn|24
|
|t:|1656349160
|move|p1a: Rotom|Thunderbolt|p2a: Scrafty
|-damage|p2a: Scrafty|0 fnt
|faint|p2a: Scrafty
|
|upkeep
|
|t:|1656349161
|switch|p2a: Eldegoss|Eldegoss, M|84/100
|turn|25
|
|t:|1656349164
|move|p1a: Rotom|Shadow Ball|p2a: Eldegoss
|-damage|p2a: Eldegoss|0 fnt
|faint|p2a: Eldegoss
|
|upkeep
|
|t:|1656349168
|switch|p2a: Mesprit|Mesprit|100/100
|turn|26
|
|t:|1656349171
|move|p1a: Rotom|Shadow Ball|p2a: Mesprit
|-supereffective|p2a: Mesprit
|-damage|p2a: Mesprit|0 fnt
|faint|p2a: Mesprit
|
|upkeep
|c|☆Haffling testing|yea
|c|☆Haffling testing|sad day when skill is punished
|c|☆Breakfastbiscuit|:^)
|inactive|Haffling testing has 120 seconds left.
|
|t:|1656349201
|switch|p2a: Weezing|Weezing, M|100/100
|-ability|p2a: Weezing|Neutralizing Gas
|turn|27
|c|☆Breakfastbiscuit|Shitted on bozo
|c|☆Haffling testing|eh
|c|☆Breakfastbiscuit|🧂
|
|t:|1656349216
|move|p1a: Rotom|Shadow Ball|p2a: Weezing
|-damage|p2a: Weezing|0 fnt
|faint|p2a: Weezing
|-end|p2a: Weezing|ability: Neutralizing Gas
|
|win|Breakfastbiscuit
|raw|Breakfastbiscuit's rating: 1402 &rarr; <strong>1432</strong><br />(+30 for winning)
|raw|Haffling testing's rating: 1585 &rarr; <strong>1555</strong><br />(-30 for losing)
|c|☆Haffling testing|its only one of many low alts
