|j|☆kacj2
|j|☆EclecticEmpiricist
|t:|1638393013
|gametype|singles
|player|p1|kacj2|101|1390
|player|p2|EclecticEmpiricist|hiker-gen4|1521
|teamsize|p1|6
|teamsize|p2|6
|gen|8
|tier|[Gen 8] PU
|rated|
|rule|Sleep Clause Mod: Limit one foe put to sleep
|rule|Species Clause: Limit one of each Pokémon
|rule|OHKO Clause: OHKO moves are banned
|rule|Evasion Moves Clause: Evasion moves are banned
|rule|Endless Battle Clause: Forcing endless battles is banned
|rule|HP Percentage Mod: HP is shown in percentages
|rule|Dynamax Clause: You cannot dynamax
|clearpoke
|poke|p1|Electivire, M|
|poke|p1|Magmortar, M|
|poke|p1|Walrein, F|
|poke|p1|Accelgor, F|
|poke|p1|Tsareena, F|
|poke|p1|Hitmonlee, M|
|poke|p2|Kabutops, M|
|poke|p2|Articuno-Galar|
|poke|p2|Tsareena, F|
|poke|p2|Togedemaru, M|
|poke|p2|Silvally-*|
|poke|p2|Regirock|
|teampreview
|inactive|Battle timer is ON: inactive players will automatically lose when time's up. (requested by kacj2)
|inactive|EclecticEmpiricist has 120 seconds left.
|
|t:|1638393052
|start
|switch|p1a: Walrein|Walrein, F|100/100
|switch|p2a: Regirock|Regirock|100/100
|turn|1
|
|t:|1638393059
|move|p1a: Walrein|Surf|p2a: Regirock
|-supereffective|p2a: Regirock
|-damage|p2a: Regirock|0 fnt
|faint|p2a: Regirock
|
|upkeep
|
|t:|1638393071
|switch|p2a: Kabutops|Kabutops, M|100/100
|turn|2
|
|t:|1638393074
|move|p2a: Kabutops|Stone Edge|p1a: Walrein
|-supereffective|p1a: Walrein
|-damage|p1a: Walrein|0 fnt
|faint|p1a: Walrein
|
|upkeep
|
|t:|1638393083
|switch|p1a: Hitmonlee|Hitmonlee, M|100/100
|turn|3
|
|t:|1638393087
|switch|p2a: Silvally|Silvally-Fairy|100/100
|move|p1a: Hitmonlee|Knock Off|p2a: Silvally
|-resisted|p2a: Silvally
|-damage|p2a: Silvally|83/100
|
|upkeep
|turn|4
|
|t:|1638393111
|switch|p1a: Magmortar|Magmortar, M|100/100
|move|p2a: Silvally|Surf|p1a: Magmortar
|-supereffective|p1a: Magmortar
|-damage|p1a: Magmortar|37/100
|
|upkeep
|turn|5
|
|t:|1638393130
|move|p1a: Magmortar|Flamethrower|p2a: Silvally
|-damage|p2a: Silvally|32/100
|move|p2a: Silvally|Surf|p1a: Magmortar
|-supereffective|p1a: Magmortar
|-damage|p1a: Magmortar|0 fnt
|faint|p1a: Magmortar
|
|upkeep
|
|t:|1638393142
|switch|p1a: Accelgor|Accelgor, F|100/100
|turn|6
|
|t:|1638393152
|switch|p2a: Togedemaru|Togedemaru, M|100/100
|move|p1a: Accelgor|Bug Buzz|p2a: Togedemaru
|-resisted|p2a: Togedemaru
|-damage|p2a: Togedemaru|51/100
|
|upkeep
|turn|7
|inactive|EclecticEmpiricist has 120 seconds left.
|inactive|EclecticEmpiricist has 90 seconds left.
|
|t:|1638393203
|move|p2a: Togedemaru|U-turn|p1a: Accelgor
|-damage|p1a: Accelgor|58/100
|inactive|EclecticEmpiricist has 90 seconds left.
|
|t:|1638393224
|switch|p2a: Tsareena|Tsareena, F|100/100|[from]move: U-turn
|move|p1a: Accelgor|Bug Buzz|p2a: Tsareena
|-supereffective|p2a: Tsareena
|-damage|p2a: Tsareena|0 fnt
|faint|p2a: Tsareena
|
|upkeep
|
|t:|1638393225
|switch|p2a: Articuno|Articuno-Galar|100/100
|turn|8
|
|t:|1638393235
|move|p1a: Accelgor|Bug Buzz|p2a: Articuno
|-damage|p2a: Articuno|28/100
|move|p2a: Articuno|Psyshock|p1a: Accelgor
|-damage|p1a: Accelgor|0 fnt
|faint|p1a: Accelgor
|
|upkeep
|
|t:|1638393245
|switch|p1a: Electivire|Electivire, M|100/100
|turn|9
|inactive|EclecticEmpiricist has 90 seconds left.
|
|t:|1638393259
|switch|p2a: Togedemaru|Togedemaru, M|51/100
|move|p1a: Electivire|Ice Punch|p2a: Togedemaru
|-resisted|p2a: Togedemaru
|-damage|p2a: Togedemaru|26/100
|-damage|p1a: Electivire|88/100|[from] ability: Iron Barbs|[of] p2a: Togedemaru
|
|upkeep
|turn|10
|
|t:|1638393269
|move|p2a: Togedemaru|U-turn|p1a: Electivire
|-damage|p1a: Electivire|57/100
|
|t:|1638393271
|switch|p2a: Kabutops|Kabutops, M|100/100|[from]move: U-turn
|move|p1a: Electivire|Ice Punch|p2a: Kabutops
|-resisted|p2a: Kabutops
|-damage|p2a: Kabutops|83/100
|-ability|p2a: Kabutops|Weak Armor|boost
|-unboost|p2a: Kabutops|def|1
|-boost|p2a: Kabutops|spe|2
|
|upkeep
|turn|11
|
|t:|1638393291
|switch|p1a: Hitmonlee|Hitmonlee, M|100/100
|move|p2a: Kabutops|Flip Turn|p1a: Hitmonlee
|-damage|p1a: Hitmonlee|5/100
|
|t:|1638393303
|switch|p2a: Togedemaru|Togedemaru, M|26/100|[from]move: Flip Turn
|
|upkeep
|turn|12
|inactive|EclecticEmpiricist has 90 seconds left.
|
|t:|1638393326
|switch|p2a: Articuno|Articuno-Galar|28/100
|move|p1a: Hitmonlee|Mach Punch|p2a: Articuno
|-resisted|p2a: Articuno
|-damage|p2a: Articuno|18/100
|
|upkeep
|turn|13
|inactive|EclecticEmpiricist has 90 seconds left.
|
|t:|1638393337
|move|p1a: Hitmonlee|Mach Punch|p2a: Articuno
|-resisted|p2a: Articuno
|-damage|p2a: Articuno|8/100
|move|p2a: Articuno|Psyshock|p1a: Hitmonlee
|-supereffective|p1a: Hitmonlee
|-damage|p1a: Hitmonlee|0 fnt
|faint|p1a: Hitmonlee
|
|upkeep
|
|t:|1638393345
|switch|p1a: Electivire|Electivire, M|57/100
|turn|14
|inactive|EclecticEmpiricist has 90 seconds left.
|
|t:|1638393355
|move|p1a: Electivire|Wild Charge|p2a: Articuno
|-supereffective|p2a: Articuno
|-damage|p2a: Articuno|0 fnt
|faint|p2a: Articuno
|-damage|p1a: Electivire|55/100|[from] Recoil
|
|upkeep
|inactive|EclecticEmpiricist has 90 seconds left.
|
|t:|1638393361
|switch|p2a: Togedemaru|Togedemaru, M|26/100
|turn|15
|
|t:|1638393365
|move|p2a: Togedemaru|U-turn|p1a: Electivire
|-damage|p1a: Electivire|23/100
|inactive|EclecticEmpiricist has 90 seconds left.
|
|t:|1638393381
|switch|p2a: Kabutops|Kabutops, M|83/100|[from]move: U-turn
|move|p1a: Electivire|Wild Charge|p2a: Kabutops
|-supereffective|p2a: Kabutops
|-damage|p2a: Kabutops|0 fnt
|faint|p2a: Kabutops
|-damage|p1a: Electivire|4/100|[from] Recoil
|
|upkeep
|
|t:|1638393385
|switch|p2a: Togedemaru|Togedemaru, M|26/100
|turn|16
|
|t:|1638393393
|move|p2a: Togedemaru|U-turn|p1a: Electivire
|-damage|p1a: Electivire|0 fnt
|faint|p1a: Electivire
|
|t:|1638393395
|switch|p2a: Silvally|Silvally-Fairy|32/100|[from]move: U-turn
|
|upkeep
|
|t:|1638393400
|switch|p1a: Tsareena|Tsareena, F|100/100
|turn|17
|
|t:|1638393405
|move|p2a: Silvally|Flamethrower|p1a: Tsareena
|-supereffective|p1a: Tsareena
|-damage|p1a: Tsareena|47/100
|-enditem|p1a: Tsareena|Sitrus Berry|[eat]
|-heal|p1a: Tsareena|72/100|[from] item: Sitrus Berry
|move|p1a: Tsareena|Power Whip|p2a: Silvally
|-damage|p2a: Silvally|0 fnt
|faint|p2a: Silvally
|
|upkeep
|inactive|EclecticEmpiricist has 120 seconds left.
|
|t:|1638393412
|switch|p2a: Togedemaru|Togedemaru, M|26/100
|turn|18
|
|t:|1638393420
|move|p2a: Togedemaru|Iron Head|p1a: Tsareena
|-damage|p1a: Tsareena|40/100
|cant|p1a: Tsareena|flinch
|
|upkeep
|turn|19
|
|t:|1638393426
|move|p2a: Togedemaru|Iron Head|p1a: Tsareena
|-damage|p1a: Tsareena|6/100
|cant|p1a: Tsareena|flinch
|
|upkeep
|turn|20
|
|t:|1638393432
|move|p2a: Togedemaru|Iron Head|p1a: Tsareena
|-crit|p1a: Tsareena
|-damage|p1a: Tsareena|0 fnt
|faint|p1a: Tsareena
|
|win|EclecticEmpiricist
|raw|kacj2's rating: 1390 &rarr; <strong>1377</strong><br />(-13 for losing)
|raw|EclecticEmpiricist's rating: 1521 &rarr; <strong>1534</strong><br />(+13 for winning)
|l|☆EclecticEmpiricist
