|j|☆living fungus
|j|☆Karrakarra
|t:|1597881826
|player|p1|living fungus|swimmer-gen4dp|
|player|p2|Karrakarra|saturn|
|teamsize|p1|6
|teamsize|p2|6
|gametype|singles
|gen|8
|tier|[Gen 8] PU
|rated|Tournament battle
|clearpoke
|poke|p1|Octillery, F|
|poke|p1|Vibrava, M|
|poke|p1|Morpeko, M|
|poke|p1|Mawile, F|
|poke|p1|Oranguru, F|
|poke|p1|Heatmor, M|
|poke|p2|Roselia, F|
|poke|p2|Flareon, M|
|poke|p2|Golduck, M|
|poke|p2|Emolga, M|
|poke|p2|Boltund, M|
|poke|p2|Glaceon, F|
|rule|Sleep Clause Mod: Limit one foe put to sleep
|rule|Species Clause: Limit one of each Pokémon
|rule|OHKO Clause: OHKO moves are banned
|rule|Evasion Moves Clause: Evasion moves are banned
|rule|Endless Battle Clause: Forcing endless battles is banned
|rule|HP Percentage Mod: HP is shown in percentages
|rule|Dynamax Clause: You cannot dynamax
|teampreview
|j|@ShuckleDeath
|j| secteurC
|j| The_Gunstar_Black
|j|@Jungle Fox ㋛
|j| Deferio
|
|t:|1597881865
|start
|switch|p1a: Octillery|Octillery, F|100/100
|switch|p2a: Boltund|Boltund, M|100/100
|turn|1
|
|t:|1597881874
|switch|p2a: Emolga|Emolga, M|100/100
|switch|p1a: Mawile|Mawile, F|100/100
|-ability|p1a: Mawile|Intimidate|boost
|-unboost|p2a: Emolga|atk|1
|
|upkeep
|turn|2
|
|t:|1597881879
|switch|p1a: Vibrava|Vibrava, M|100/100
|move|p2a: Emolga|U-turn|p1a: Vibrava
|-damage|p1a: Vibrava|89/100
|
|t:|1597881886
|switch|p2a: Glaceon|Glaceon, F|100/100|[from]move: U-turn
|
|upkeep
|turn|3
|j| no+de3xdia
|
|t:|1597881892
|switch|p1a: Heatmor|Heatmor, M|100/100
|move|p2a: Glaceon|Ice Beam|p1a: Heatmor
|-resisted|p1a: Heatmor
|-damage|p1a: Heatmor|44/100
|-enditem|p1a: Heatmor|Aguav Berry|[eat]
|-heal|p1a: Heatmor|77/100|[from] item: Aguav Berry
|
|upkeep
|turn|4
|
|t:|1597881908
|switch|p2a: Flareon|Flareon, M|100/100
|move|p1a: Heatmor|Recycle|p1a: Heatmor
|-item|p1a: Heatmor|Aguav Berry|[from] move: Recycle
|
|upkeep
|turn|5
|
|t:|1597881923
|switch|p1a: Mawile|Mawile, F|100/100
|-ability|p1a: Mawile|Intimidate|boost
|-unboost|p2a: Flareon|atk|1
|move|p2a: Flareon|Superpower|p1a: Mawile
|-damage|p1a: Mawile|81/100
|-unboost|p2a: Flareon|atk|1
|-unboost|p2a: Flareon|def|1
|-damage|p2a: Flareon|84/100|[from] item: Rocky Helmet|[of] p1a: Mawile
|
|upkeep
|turn|6
|l| no+de3xdia
|
|t:|1597881933
|switch|p2a: Golduck|Golduck, M|100/100
|-ability|p2a: Golduck|Cloud Nine
|switch|p1a: Octillery|Octillery, F|100/100
|
|upkeep
|turn|7
|
|t:|1597881941
|move|p2a: Golduck|Flip Turn|p1a: Octillery
|-resisted|p1a: Octillery
|-damage|p1a: Octillery|89/100
|
|t:|1597881947
|switch|p2a: Roselia|Roselia, F|100/100|[from]move: Flip Turn
|move|p1a: Octillery|Thunder Wave|p2a: Roselia
|-status|p2a: Roselia|par
|
|-heal|p1a: Octillery|95/100|[from] item: Leftovers
|upkeep
|turn|8
|
|t:|1597881954
|switch|p1a: Mawile|Mawile, F|81/100
|-ability|p1a: Mawile|Intimidate|boost
|-unboost|p2a: Roselia|atk|1
|move|p2a: Roselia|Toxic Spikes|p1a: Mawile
|-sidestart|p1: living fungus|move: Toxic Spikes
|
|upkeep
|turn|9
|
|t:|1597881967
|switch|p2a: Flareon|Flareon, M|84/100
|move|p1a: Mawile|Stealth Rock|p2a: Flareon
|-sidestart|p2: Karrakarra|move: Stealth Rock
|
|upkeep
|turn|10
|
|t:|1597881975
|switch|p1a: Vibrava|Vibrava, M|89/100
|move|p2a: Flareon|Flare Blitz|p1a: Vibrava
|-resisted|p1a: Vibrava
|-damage|p1a: Vibrava|54/100
|-damage|p2a: Flareon|73/100|[from] Recoil
|
|upkeep
|turn|11
|
|t:|1597881987
|switch|p2a: Emolga|Emolga, M|100/100
|move|p1a: Vibrava|Defog|p2a: Emolga
|-unboost|p2a: Emolga|evasion|1
|-sideend|p2: Karrakarra|Stealth Rock|[from] move: Defog|[of] p1a: Vibrava
|-sideend|p1: living fungus|Toxic Spikes|[from] move: Defog|[of] p1a: Vibrava
|
|upkeep
|turn|12
|
|t:|1597881992
|move|p2a: Emolga|U-turn|p1a: Vibrava
|-damage|p1a: Vibrava|37/100
|
|t:|1597881999
|switch|p2a: Golduck|Golduck, M|100/100|[from]move: U-turn
|-ability|p2a: Golduck|Cloud Nine
|move|p1a: Vibrava|U-turn|p2a: Golduck
|-damage|p2a: Golduck|91/100
|
|t:|1597882005
|switch|p1a: Octillery|Octillery, F|95/100|[from]move: U-turn
|
|-heal|p1a: Octillery|100/100|[from] item: Leftovers
|upkeep
|turn|13
|
|t:|1597882015
|move|p2a: Golduck|Flip Turn|p1a: Octillery
|-resisted|p1a: Octillery
|-damage|p1a: Octillery|90/100
|
|t:|1597882019
|switch|p2a: Roselia|Roselia, F|100/100 par|[from]move: Flip Turn
|move|p1a: Octillery|Gunk Shot|p2a: Roselia
|-damage|p2a: Roselia|60/100 par
|
|-heal|p1a: Octillery|96/100|[from] item: Leftovers
|upkeep
|turn|14
|
|t:|1597882037
|switch|p1a: Mawile|Mawile, F|81/100
|-ability|p1a: Mawile|Intimidate|boost
|-unboost|p2a: Roselia|atk|1
|move|p2a: Roselia|Toxic Spikes|p1a: Mawile
|-sidestart|p1: living fungus|move: Toxic Spikes
|
|upkeep
|turn|15
|j| BigConns
|
|t:|1597882098
|switch|p2a: Glaceon|Glaceon, F|100/100
|move|p1a: Mawile|Stealth Rock|p2a: Glaceon
|-sidestart|p2: Karrakarra|move: Stealth Rock
|
|upkeep
|turn|16
|
|t:|1597882105
|move|p2a: Glaceon|Shadow Ball|p1a: Mawile
|-damage|p1a: Mawile|1/100
|-unboost|p1a: Mawile|spd|1
|move|p1a: Mawile|Play Rough|p2a: Glaceon
|-damage|p2a: Glaceon|72/100
|
|upkeep
|turn|17
|
|t:|1597882112
|switch|p1a: Oranguru|Oranguru, F|100/100
|-status|p1a: Oranguru|psn
|move|p2a: Glaceon|Shadow Ball|p1a: Oranguru
|-immune|p1a: Oranguru
|
|-damage|p1a: Oranguru|88/100 psn|[from] psn
|upkeep
|turn|18
|
|t:|1597882116
|switch|p2a: Flareon|Flareon, M|73/100
|move|p1a: Oranguru|Psychic|p2a: Flareon
|-damage|p2a: Flareon|47/100
|
|-heal|p1a: Oranguru|94/100 psn|[from] item: Leftovers
|-damage|p1a: Oranguru|82/100 psn|[from] psn
|upkeep
|turn|19
|
|t:|1597882124
|switch|p1a: Mawile|Mawile, F|1/100
|-ability|p1a: Mawile|Intimidate|boost
|-unboost|p2a: Flareon|atk|1
|move|p2a: Flareon|Wish|p2a: Flareon
|
|upkeep
|turn|20
|
|t:|1597882131
|move|p2a: Flareon|Flare Blitz|p1a: Mawile
|-supereffective|p1a: Mawile
|-damage|p1a: Mawile|0 fnt
|-damage|p2a: Flareon|31/100|[from] item: Rocky Helmet|[of] p1a: Mawile
|-damage|p2a: Flareon|31/100|[from] Recoil
|faint|p1a: Mawile
|
|-heal|p2a: Flareon|80/100|[from] move: Wish|[wisher] Flareon
|upkeep
|
|t:|1597882147
|switch|p1a: Octillery|Octillery, F|96/100
|-status|p1a: Octillery|psn
|turn|21
|
|t:|1597882164
|switch|p2a: Roselia|Roselia, F|60/100 par
|-damage|p2a: Roselia|48/100 par|[from] Stealth Rock
|move|p1a: Octillery|Liquidation|p2a: Roselia
|-resisted|p2a: Roselia
|-damage|p2a: Roselia|23/100 par
|
|-heal|p1a: Octillery|100/100 psn|[from] item: Leftovers
|-damage|p1a: Octillery|88/100 psn|[from] psn
|upkeep
|turn|22
|
|t:|1597882170
|move|p1a: Octillery|Liquidation|p2a: Roselia
|-resisted|p2a: Roselia
|-damage|p2a: Roselia|2/100 par
|move|p2a: Roselia|Giga Drain|p1a: Octillery
|-supereffective|p1a: Octillery
|-damage|p1a: Octillery|21/100 psn
|-heal|p2a: Roselia|45/100 par|[from] drain|[of] p1a: Octillery
|
|-heal|p1a: Octillery|27/100 psn|[from] item: Leftovers
|-damage|p1a: Octillery|15/100 psn|[from] psn
|upkeep
|turn|23
|
|t:|1597882181
|move|p1a: Octillery|Gunk Shot|p2a: Roselia
|-damage|p2a: Roselia|5/100 par
|move|p2a: Roselia|Giga Drain|p1a: Octillery
|-supereffective|p1a: Octillery
|-damage|p1a: Octillery|0 fnt
|-heal|p2a: Roselia|15/100 par|[from] drain|[of] p1a: Octillery
|faint|p1a: Octillery
|
|upkeep
|
|t:|1597882190
|switch|p1a: Morpeko|Morpeko, M|100/100
|turn|24
|j| TermsAndService
|
|t:|1597882207
|move|p1a: Morpeko|Rapid Spin|p2a: Roselia
|-damage|p2a: Roselia|0 fnt
|-boost|p1a: Morpeko|spe|1
|-sideend|p1: living fungus|Toxic Spikes|[from] move: Rapid Spin|[of] p1a: Morpeko
|faint|p2a: Roselia
|
|-formechange|p1a: Morpeko|Morpeko-Hangry||[from] ability: Hunger Switch
|upkeep
|l| secteurC
|
|t:|1597882258
|switch|p2a: Flareon|Flareon, M|80/100
|turn|25
|j| telemarked
|
|t:|1597882273
|move|p1a: Morpeko|Parting Shot|p2a: Flareon
|-unboost|p2a: Flareon|atk|1
|-unboost|p2a: Flareon|spa|1
|
|t:|1597882276
|switch|p1a: Vibrava|Vibrava, M|37/100|[from]move: Parting Shot
|move|p2a: Flareon|Superpower|p1a: Vibrava
|-crit|p1a: Vibrava
|-damage|p1a: Vibrava|0 fnt
|-unboost|p2a: Flareon|atk|1
|-unboost|p2a: Flareon|def|1
|faint|p1a: Vibrava
|
|upkeep
|
|t:|1597882284
|switch|p1a: Morpeko|Morpeko, M|100/100
|turn|26
|
|t:|1597882304
|switch|p2a: Emolga|Emolga, M|100/100
|move|p1a: Morpeko|Rapid Spin|p2a: Emolga
|-damage|p2a: Emolga|85/100
|-boost|p1a: Morpeko|spe|1
|
|-formechange|p1a: Morpeko|Morpeko-Hangry||[from] ability: Hunger Switch
|upkeep
|turn|27
|
|t:|1597882316
|move|p1a: Morpeko|Aura Wheel|p2a: Emolga
|-damage|p2a: Emolga|31/100
|-boost|p1a: Morpeko|spe|1
|move|p2a: Emolga|U-turn|p1a: Morpeko
|-supereffective|p1a: Morpeko
|-damage|p1a: Morpeko|52/100
|
|t:|1597882326
|switch|p2a: Flareon|Flareon, M|80/100|[from]move: U-turn
|
|-formechange|p1a: Morpeko|Morpeko||[from] ability: Hunger Switch
|upkeep
|turn|28
|
|t:|1597882330
|move|p1a: Morpeko|Aura Wheel|p2a: Flareon
|-damage|p2a: Flareon|8/100
|-boost|p1a: Morpeko|spe|1
|move|p2a: Flareon|Superpower|p1a: Morpeko
|-supereffective|p1a: Morpeko
|-damage|p1a: Morpeko|0 fnt
|-unboost|p2a: Flareon|atk|1
|-unboost|p2a: Flareon|def|1
|faint|p1a: Morpeko
|
|upkeep
|
|t:|1597882337
|switch|p1a: Heatmor|Heatmor, M|77/100
|turn|29
|
|t:|1597882341
|move|p1a: Heatmor|Giga Drain|p2a: Flareon
|-resisted|p2a: Flareon
|-damage|p2a: Flareon|0 fnt
|-heal|p1a: Heatmor|81/100|[from] drain|[of] p2a: Flareon
|faint|p2a: Flareon
|
|upkeep
|j| UUJ6 lul
|
|t:|1597882388
|switch|p2a: Boltund|Boltund, M|100/100
|-damage|p2a: Boltund|88/100|[from] Stealth Rock
|turn|30
|
|t:|1597882393
|move|p2a: Boltund|Volt Switch|p1a: Heatmor
|-damage|p1a: Heatmor|39/100
|-enditem|p1a: Heatmor|Aguav Berry|[eat]
|-heal|p1a: Heatmor|72/100|[from] item: Aguav Berry
|-damage|p2a: Boltund|79/100|[from] item: Life Orb
|
|t:|1597882399
|switch|p2a: Emolga|Emolga, M|31/100|[from]move: Volt Switch
|move|p1a: Heatmor|Flamethrower|p2a: Emolga
|-damage|p2a: Emolga|0 fnt
|faint|p2a: Emolga
|
|upkeep
|
|t:|1597882406
|switch|p2a: Golduck|Golduck, M|91/100
|-damage|p2a: Golduck|79/100|[from] Stealth Rock
|-ability|p2a: Golduck|Cloud Nine
|turn|31
|
|t:|1597882412
|switch|p1a: Oranguru|Oranguru, F|82/100 psn
|move|p2a: Golduck|Flip Turn|p1a: Oranguru
|-damage|p1a: Oranguru|60/100 psn
|
|t:|1597882415
|switch|p2a: Glaceon|Glaceon, F|72/100|[from]move: Flip Turn
|-damage|p2a: Glaceon|48/100|[from] Stealth Rock
|
|-heal|p1a: Oranguru|66/100 psn|[from] item: Leftovers
|-damage|p1a: Oranguru|53/100 psn|[from] psn
|upkeep
|turn|32
|
|t:|1597882420
|move|p1a: Oranguru|Psychic|p2a: Glaceon
|-crit|p2a: Glaceon
|-damage|p2a: Glaceon|0 fnt
|faint|p2a: Glaceon
|
|-heal|p1a: Oranguru|59/100 psn|[from] item: Leftovers
|-damage|p1a: Oranguru|47/100 psn|[from] psn
|upkeep
|
|t:|1597882428
|switch|p2a: Boltund|Boltund, M|79/100
|-damage|p2a: Boltund|66/100|[from] Stealth Rock
|turn|33
|
|t:|1597882430
|move|p2a: Boltund|Thunder Fang|p1a: Oranguru
|-damage|p1a: Oranguru|0 fnt
|-damage|p2a: Boltund|57/100|[from] item: Life Orb
|faint|p1a: Oranguru
|
|upkeep
|
|t:|1597882433
|switch|p1a: Heatmor|Heatmor, M|72/100
|turn|34
|
|t:|1597882437
|move|p2a: Boltund|Thunder Fang|p1a: Heatmor
|-damage|p1a: Heatmor|0 fnt
|-damage|p2a: Boltund|47/100|[from] item: Life Orb
|faint|p1a: Heatmor
|
|win|Karrakarra
