|j|☆Gorlbin OP
|j|☆JoJo Reference #11
|t:|1666735980
|gametype|singles
|player|p1|Gorlbin OP|red-masters|1394
|player|p2|JoJo Reference #11|102|1338
|teamsize|p1|6
|teamsize|p2|6
|gen|8
|tier|[Gen 8] PU
|rated|
|rule|Sleep Clause Mod: Limit one foe put to sleep
|rule|Species Clause: Limit one of each Pokémon
|rule|OHKO Clause: OHKO moves are banned
|rule|Evasion Items Clause: Evasion items are banned
|rule|Evasion Moves Clause: Evasion moves are banned
|rule|Endless Battle Clause: Forcing endless battles is banned
|rule|HP Percentage Mod: HP is shown in percentages
|rule|Dynamax Clause: You cannot dynamax
|clearpoke
|poke|p1|Doublade, F|
|poke|p1|Tangela, M|
|poke|p1|Mareanie, M|
|poke|p1|Comfey, F|
|poke|p1|Charizard, F|
|poke|p1|Eldegoss, M|
|poke|p2|Gallade, M|
|poke|p2|Doublade, F|
|poke|p2|Centiskorch, M|
|poke|p2|Ninjask, F|
|poke|p2|Sudowoodo, M|
|poke|p2|Malamar, M|
|teampreview
|inactive|Battle timer is ON: inactive players will automatically lose when time's up. (requested by JoJo Reference #11)
|
|t:|1666736024
|start
|switch|p1a: Comfey|Comfey, F|100/100
|switch|p2a: Sudowoodo|Sudowoodo, M|100/100
|turn|1
|
|t:|1666736032
|move|p1a: Comfey|Calm Mind|p1a: Comfey
|-boost|p1a: Comfey|spa|1
|-boost|p1a: Comfey|spd|1
|move|p2a: Sudowoodo|Stealth Rock|p1a: Comfey
|-sidestart|p1: Gorlbin OP|move: Stealth Rock
|
|upkeep
|turn|2
|
|t:|1666736051
|move|p1a: Comfey|Calm Mind|p1a: Comfey
|-boost|p1a: Comfey|spa|1
|-boost|p1a: Comfey|spd|1
|move|p2a: Sudowoodo|Head Smash|p1a: Comfey
|-damage|p1a: Comfey|17/100
|-damage|p2a: Sudowoodo|63/100|[from] Recoil
|
|-heal|p1a: Comfey|23/100|[from] item: Leftovers
|upkeep
|turn|3
|
|t:|1666736067
|switch|p2a: Centiskorch|Centiskorch, M|100/100
|move|p1a: Comfey|Stored Power|p2a: Centiskorch
|-damage|p2a: Centiskorch|63/100
|
|-heal|p1a: Comfey|29/100|[from] item: Leftovers
|upkeep
|turn|4
|
|t:|1666736080
|switch|p1a: Charizard|Charizard, F|100/100
|move|p2a: Centiskorch|Fire Lash|p1a: Charizard
|-resisted|p1a: Charizard
|-damage|p1a: Charizard|82/100
|-unboost|p1a: Charizard|def|1
|
|upkeep
|turn|5
|
|t:|1666736085
|switch|p2a: Sudowoodo|Sudowoodo, M|63/100
|move|p1a: Charizard|Toxic|p2a: Sudowoodo|[miss]
|-miss|p1a: Charizard|p2a: Sudowoodo
|
|upkeep
|turn|6
|
|t:|1666736091
|switch|p1a: Doublade|Doublade, F|100/100
|-damage|p1a: Doublade|94/100|[from] Stealth Rock
|move|p2a: Sudowoodo|Head Smash|p1a: Doublade
|-resisted|p1a: Doublade
|-damage|p1a: Doublade|76/100
|-damage|p2a: Sudowoodo|55/100|[from] Recoil
|
|upkeep
|turn|7
|
|t:|1666736104
|switch|p1a: Mareanie|Mareanie, M|100/100
|-damage|p1a: Mareanie|88/100|[from] Stealth Rock
|switch|p2a: Centiskorch|Centiskorch, M|63/100
|
|upkeep
|turn|8
|
|t:|1666736119
|move|p2a: Centiskorch|Fire Lash|p1a: Mareanie
|-resisted|p1a: Mareanie
|-damage|p1a: Mareanie|78/100
|-unboost|p1a: Mareanie|def|1
|move|p1a: Mareanie|Toxic Spikes|p2a: Centiskorch
|-sidestart|p2: JoJo Reference #11|move: Toxic Spikes
|
|upkeep
|turn|9
|
|t:|1666736125
|move|p2a: Centiskorch|Coil|p2a: Centiskorch
|-boost|p2a: Centiskorch|atk|1
|-boost|p2a: Centiskorch|def|1
|-boost|p2a: Centiskorch|accuracy|1
|move|p1a: Mareanie|Knock Off|p2a: Centiskorch
|-damage|p2a: Centiskorch|51/100
|-enditem|p2a: Centiskorch|Heavy-Duty Boots|[from] move: Knock Off|[of] p1a: Mareanie
|
|upkeep
|turn|10
|
|t:|1666736133
|switch|p1a: Charizard|Charizard, F|82/100
|move|p2a: Centiskorch|Fire Lash|p1a: Charizard
|-resisted|p1a: Charizard
|-damage|p1a: Charizard|55/100
|-unboost|p1a: Charizard|def|1
|
|upkeep
|turn|11
|
|t:|1666736141
|move|p1a: Charizard|Flamethrower|p2a: Centiskorch
|-start|p2a: Centiskorch|ability: Flash Fire
|move|p2a: Centiskorch|Fire Lash|p1a: Charizard
|-resisted|p1a: Charizard
|-damage|p1a: Charizard|0 fnt
|faint|p1a: Charizard
|
|upkeep
|
|t:|1666736150
|switch|p1a: Mareanie|Mareanie, M|100/100
|-damage|p1a: Mareanie|88/100|[from] Stealth Rock
|turn|12
|
|t:|1666736153
|move|p2a: Centiskorch|Fire Lash|p1a: Mareanie
|-resisted|p1a: Mareanie
|-damage|p1a: Mareanie|65/100
|-unboost|p1a: Mareanie|def|1
|move|p1a: Mareanie|Scald|p2a: Centiskorch
|-supereffective|p2a: Centiskorch
|-damage|p2a: Centiskorch|33/100
|
|upkeep
|turn|13
|
|t:|1666736164
|move|p2a: Centiskorch|Leech Life|p1a: Mareanie
|-resisted|p1a: Mareanie
|-damage|p1a: Mareanie|39/100
|-heal|p2a: Centiskorch|43/100|[from] drain|[of] p1a: Mareanie
|move|p1a: Mareanie|Scald|p2a: Centiskorch
|-supereffective|p2a: Centiskorch
|-crit|p2a: Centiskorch
|-damage|p2a: Centiskorch|15/100
|
|upkeep
|turn|14
|
|t:|1666736180
|move|p2a: Centiskorch|Fire Lash|p1a: Mareanie
|-resisted|p1a: Mareanie
|-damage|p1a: Mareanie|1/100
|-unboost|p1a: Mareanie|def|1
|move|p1a: Mareanie|Scald|p2a: Centiskorch
|-supereffective|p2a: Centiskorch
|-damage|p2a: Centiskorch|0 fnt
|faint|p2a: Centiskorch
|
|upkeep
|
|t:|1666736186
|switch|p2a: Ninjask|Ninjask, F|100/100
|turn|15
|
|t:|1666736193
|switch|p1a: Doublade|Doublade, F|76/100
|-damage|p1a: Doublade|70/100|[from] Stealth Rock
|move|p2a: Ninjask|Swords Dance|p2a: Ninjask
|-boost|p2a: Ninjask|atk|2
|
|-ability|p2a: Ninjask|Speed Boost|boost
|-boost|p2a: Ninjask|spe|1
|upkeep
|turn|16
|
|t:|1666736199
|move|p2a: Ninjask|Dig||[still]
|-prepare|p2a: Ninjask|Dig
|-enditem|p2a: Ninjask|Power Herb
|-anim|p2a: Ninjask|Dig|p1a: Doublade
|-supereffective|p1a: Doublade
|-damage|p1a: Doublade|24/100
|move|p1a: Doublade|Iron Head|p2a: Ninjask
|-damage|p2a: Ninjask|2/100
|
|-ability|p2a: Ninjask|Speed Boost|boost
|-boost|p2a: Ninjask|spe|1
|upkeep
|turn|17
|
|t:|1666736206
|switch|p2a: Sudowoodo|Sudowoodo, M|55/100
|-status|p2a: Sudowoodo|psn
|move|p1a: Doublade|Shadow Sneak|p2a: Sudowoodo
|-damage|p2a: Sudowoodo|35/100 psn
|
|-damage|p2a: Sudowoodo|23/100 psn|[from] psn
|upkeep
|turn|18
|-enditem|p2a: Sudowoodo|Custap Berry|[eat]
|-activate|p2a: Sudowoodo|item: Custap Berry|[consumed]
|
|t:|1666736217
|move|p1a: Doublade|Shadow Sneak|p2a: Sudowoodo
|-damage|p2a: Sudowoodo|5/100 psn
|move|p2a: Sudowoodo|Head Smash|p1a: Doublade
|-resisted|p1a: Doublade
|-damage|p1a: Doublade|7/100
|-damage|p2a: Sudowoodo|0 fnt|[from] Recoil
|faint|p2a: Sudowoodo
|
|upkeep
|
|t:|1666736221
|switch|p2a: Doublade|Doublade, F|100/100
|turn|19
|
|t:|1666736224
|move|p1a: Doublade|Shadow Sneak|p2a: Doublade
|-supereffective|p2a: Doublade
|-damage|p2a: Doublade|68/100
|move|p2a: Doublade|Shadow Sneak|p1a: Doublade
|-supereffective|p1a: Doublade
|-damage|p1a: Doublade|0 fnt
|faint|p1a: Doublade
|
|upkeep
|
|t:|1666736229
|switch|p1a: Tangela|Tangela, M|100/100
|-damage|p1a: Tangela|88/100|[from] Stealth Rock
|turn|20
|
|t:|1666736233
|move|p1a: Tangela|Infestation|p2a: Doublade
|-resisted|p2a: Doublade
|-damage|p2a: Doublade|66/100
|-activate|p2a: Doublade|move: Infestation|[of] p1a: Tangela
|move|p2a: Doublade|Swords Dance|p2a: Doublade
|-boost|p2a: Doublade|atk|2
|
|-damage|p2a: Doublade|54/100|[from] move: Infestation|[partiallytrapped]
|upkeep
|turn|21
|
|t:|1666736237
|move|p1a: Tangela|Knock Off|p2a: Doublade
|-supereffective|p2a: Doublade
|-damage|p2a: Doublade|32/100
|-enditem|p2a: Doublade|Heavy-Duty Boots|[from] move: Knock Off|[of] p1a: Tangela
|move|p2a: Doublade|Shadow Claw|p1a: Tangela
|-damage|p1a: Tangela|54/100
|
|-damage|p2a: Doublade|19/100|[from] move: Infestation|[partiallytrapped]
|upkeep
|turn|22
|
|t:|1666736247
|move|p1a: Tangela|Knock Off|p2a: Doublade
|-supereffective|p2a: Doublade
|-damage|p2a: Doublade|6/100
|move|p2a: Doublade|Shadow Claw|p1a: Tangela
|-damage|p1a: Tangela|21/100
|
|-damage|p2a: Doublade|0 fnt|[from] move: Infestation|[partiallytrapped]
|faint|p2a: Doublade
|upkeep
|
|t:|1666736251
|switch|p2a: Ninjask|Ninjask, F|2/100
|turn|23
|
|t:|1666736256
|switch|p1a: Mareanie|Mareanie, M|35/100
|-damage|p1a: Mareanie|23/100|[from] Stealth Rock
|move|p2a: Ninjask|Acrobatics|p1a: Mareanie
|-damage|p1a: Mareanie|0 fnt
|faint|p1a: Mareanie
|
|-ability|p2a: Ninjask|Speed Boost|boost
|-boost|p2a: Ninjask|spe|1
|upkeep
|
|t:|1666736259
|switch|p1a: Comfey|Comfey, F|29/100
|-damage|p1a: Comfey|17/100|[from] Stealth Rock
|turn|24
|
|t:|1666736275
|move|p1a: Comfey|Draining Kiss|p2a: Ninjask
|-damage|p2a: Ninjask|0 fnt
|-heal|p1a: Comfey|18/100|[from] drain|[of] p2a: Ninjask
|faint|p2a: Ninjask
|
|-heal|p1a: Comfey|24/100|[from] item: Leftovers
|upkeep
|
|t:|1666736276
|switch|p2a: Gallade|Gallade, M|100/100
|-status|p2a: Gallade|psn
|turn|25
|
|t:|1666736281
|move|p1a: Comfey|Synthesis|p1a: Comfey
|-heal|p1a: Comfey|74/100
|move|p2a: Gallade|Poison Jab|p1a: Comfey
|-supereffective|p1a: Comfey
|-damage|p1a: Comfey|8/100
|
|-heal|p1a: Comfey|14/100|[from] item: Leftovers
|-damage|p2a: Gallade|88/100 psn|[from] psn
|upkeep
|turn|26
|inactive|Gorlbin OP has 120 seconds left.
|
|t:|1666736311
|switch|p1a: Tangela|Tangela, M|55/100
|-damage|p1a: Tangela|42/100|[from] Stealth Rock
|move|p2a: Gallade|Poison Jab|p1a: Tangela
|-supereffective|p1a: Tangela
|-damage|p1a: Tangela|18/100
|
|-damage|p2a: Gallade|76/100 psn|[from] psn
|upkeep
|turn|27
|
|t:|1666736318
|switch|p1a: Eldegoss|Eldegoss, M|100/100
|-damage|p1a: Eldegoss|88/100|[from] Stealth Rock
|move|p2a: Gallade|Poison Jab|p1a: Eldegoss
|-supereffective|p1a: Eldegoss
|-damage|p1a: Eldegoss|30/100
|
|-heal|p1a: Eldegoss|36/100|[from] item: Leftovers
|-damage|p2a: Gallade|64/100 psn|[from] psn
|upkeep
|turn|28
|
|t:|1666736327
|switch|p1a: Tangela|Tangela, M|51/100
|-damage|p1a: Tangela|39/100|[from] Stealth Rock
|move|p2a: Gallade|Poison Jab|p1a: Tangela
|-supereffective|p1a: Tangela
|-damage|p1a: Tangela|13/100
|-status|p1a: Tangela|psn
|
|-damage|p2a: Gallade|51/100 psn|[from] psn
|-damage|p1a: Tangela|0 fnt|[from] psn
|faint|p1a: Tangela
|upkeep
|
|t:|1666736335
|switch|p1a: Comfey|Comfey, F|14/100
|-damage|p1a: Comfey|1/100|[from] Stealth Rock
|turn|29
|
|t:|1666736337
|move|p1a: Comfey|Draining Kiss|p2a: Gallade
|-supereffective|p2a: Gallade
|-damage|p2a: Gallade|12/100 psn
|-heal|p1a: Comfey|29/100|[from] drain|[of] p2a: Gallade
|move|p2a: Gallade|Poison Jab|p1a: Comfey
|-supereffective|p1a: Comfey
|-damage|p1a: Comfey|0 fnt
|faint|p1a: Comfey
|
|-damage|p2a: Gallade|0 fnt|[from] psn
|faint|p2a: Gallade
|upkeep
|
|t:|1666736341
|switch|p2a: Malamar|Malamar, M|100/100
|switch|p1a: Eldegoss|Eldegoss, M|69/100
|-status|p2a: Malamar|psn
|-damage|p1a: Eldegoss|57/100|[from] Stealth Rock
|turn|30
|
|t:|1666736343
|move|p2a: Malamar|Substitute|p2a: Malamar
|-start|p2a: Malamar|Substitute
|-damage|p2a: Malamar|75/100 psn
|move|p1a: Eldegoss|Leech Seed|p2a: Malamar|[miss]
|-miss|p1a: Eldegoss|p2a: Malamar
|
|-heal|p2a: Malamar|82/100 psn|[from] item: Leftovers
|-heal|p1a: Eldegoss|63/100|[from] item: Leftovers
|-damage|p2a: Malamar|69/100 psn|[from] psn
|upkeep
|turn|31
|
|t:|1666736346
|move|p2a: Malamar|Superpower|p1a: Eldegoss
|-damage|p1a: Eldegoss|31/100
|-boost|p2a: Malamar|atk|1
|-boost|p2a: Malamar|def|1
|move|p1a: Eldegoss|Giga Drain|p2a: Malamar
|-activate|p2a: Malamar|move: Substitute|[damage]
|-heal|p1a: Eldegoss|42/100|[from] drain|[of] p2a: Malamar
|
|-heal|p2a: Malamar|75/100 psn|[from] item: Leftovers
|-heal|p1a: Eldegoss|48/100|[from] item: Leftovers
|-damage|p2a: Malamar|63/100 psn|[from] psn
|upkeep
|turn|32
|
|t:|1666736350
|move|p2a: Malamar|Superpower|p1a: Eldegoss
|-damage|p1a: Eldegoss|1/100
|-boost|p2a: Malamar|atk|1
|-boost|p2a: Malamar|def|1
|move|p1a: Eldegoss|Giga Drain|p2a: Malamar
|-end|p2a: Malamar|Substitute
|-heal|p1a: Eldegoss|3/100|[from] drain|[of] p2a: Malamar
|
|-heal|p2a: Malamar|69/100 psn|[from] item: Leftovers
|-heal|p1a: Eldegoss|9/100|[from] item: Leftovers
|-damage|p2a: Malamar|57/100 psn|[from] psn
|upkeep
|turn|33
|
|t:|1666736353
|move|p2a: Malamar|Superpower|p1a: Eldegoss
|-damage|p1a: Eldegoss|0 fnt
|-boost|p2a: Malamar|atk|1
|-boost|p2a: Malamar|def|1
|faint|p1a: Eldegoss
|
|win|JoJo Reference #11
|raw|Gorlbin OP's rating: 1394 &rarr; <strong>1371</strong><br />(-23 for losing)
|raw|JoJo Reference #11's rating: 1338 &rarr; <strong>1361</strong><br />(+23 for winning)
|c|☆JoJo Reference #11|gg
|c|☆Gorlbin OP|gg
|l|☆Gorlbin OP
||Ladder isn't responding, score probably updated but might not have (Request timeout).
