|j|☆mefrog
|j|☆Uberfiend
|t:|1616196941
|player|p1|mefrog|veteran|1350
|player|p2|Uberfiend|pokefan-gen4|1290
|teamsize|p1|6
|teamsize|p2|6
|gametype|singles
|gen|8
|tier|[Gen 8] PU
|rated|
|clearpoke
|poke|p1|Froslass, F|
|poke|p1|Archeops, M|
|poke|p1|Hitmonlee, M|
|poke|p1|Kangaskhan, F|
|poke|p1|Aromatisse, F|
|poke|p1|Togedemaru, M|
|poke|p2|Whimsicott, M|
|poke|p2|Scyther, F|
|poke|p2|Silvally-*|
|poke|p2|Garbodor, M|
|poke|p2|Gourgeist-*, F|
|poke|p2|Braviary, M|
|rule|Sleep Clause Mod: Limit one foe put to sleep
|rule|Species Clause: Limit one of each Pokémon
|rule|OHKO Clause: OHKO moves are banned
|rule|Evasion Moves Clause: Evasion moves are banned
|rule|Endless Battle Clause: Forcing endless battles is banned
|rule|HP Percentage Mod: HP is shown in percentages
|rule|Dynamax Clause: You cannot dynamax
|teampreview
|
|t:|1616196954
|start
|switch|p1a: Archeops|Archeops, M|100/100
|switch|p2a: Silvally–Flying|Silvally-Steel|100/100
|turn|1
|
|t:|1616196970
|move|p1a: Archeops|Stealth Rock|p2a: Silvally–Flying
|-sidestart|p2: Uberfiend|move: Stealth Rock
|move|p2a: Silvally–Flying|Flame Charge|p1a: Archeops
|-resisted|p1a: Archeops
|-damage|p1a: Archeops|91/100
|-boost|p2a: Silvally–Flying|spe|1
|
|upkeep
|turn|2
|
|t:|1616196979
|move|p2a: Silvally–Flying|Swords Dance|p2a: Silvally–Flying
|-boost|p2a: Silvally–Flying|atk|2
|move|p1a: Archeops|Endeavor|p2a: Silvally–Flying
|-damage|p2a: Silvally–Flying|97/100
|
|upkeep
|turn|3
|
|t:|1616196990
|move|p2a: Silvally–Flying|Multi-Attack|p1a: Archeops
|-supereffective|p1a: Archeops
|-damage|p1a: Archeops|0 fnt
|faint|p1a: Archeops
|
|upkeep
|
|t:|1616196995
|switch|p1a: Hitmonlee|Hitmonlee, M|100/100
|turn|4
|
|t:|1616196999
|move|p1a: Hitmonlee|Fake Out|p2a: Silvally–Flying
|-enditem|p1a: Hitmonlee|Normal Gem|[from] gem
|-resisted|p2a: Silvally–Flying
|-damage|p2a: Silvally–Flying|87/100
|cant|p2a: Silvally–Flying|flinch
|
|upkeep
|turn|5
|
|t:|1616197004
|move|p1a: Hitmonlee|Close Combat|p2a: Silvally–Flying
|-supereffective|p2a: Silvally–Flying
|-damage|p2a: Silvally–Flying|0 fnt
|-unboost|p1a: Hitmonlee|def|1
|-unboost|p1a: Hitmonlee|spd|1
|faint|p2a: Silvally–Flying
|
|upkeep
|
|t:|1616197011
|switch|p2a: Garbodor|Garbodor, M|100/100
|-damage|p2a: Garbodor|88/100|[from] Stealth Rock
|turn|6
|
|t:|1616197028
|move|p1a: Hitmonlee|Knock Off|p2a: Garbodor
|-damage|p2a: Garbodor|55/100
|-ability|p2a: Garbodor|Weak Armor|boost
|-unboost|p2a: Garbodor|def|1
|-boost|p2a: Garbodor|spe|2
|-enditem|p2a: Garbodor|Life Orb|[from] move: Knock Off|[of] p1a: Hitmonlee
|move|p2a: Garbodor|Gunk Shot|p1a: Hitmonlee
|-damage|p1a: Hitmonlee|0 fnt
|faint|p1a: Hitmonlee
|
|upkeep
|
|t:|1616197055
|switch|p1a: Kangaskhan|Kangaskhan, F|100/100
|turn|7
|
|t:|1616197062
|move|p1a: Kangaskhan|Fake Out|p2a: Garbodor
|-damage|p2a: Garbodor|21/100
|-ability|p2a: Garbodor|Weak Armor|boost
|-unboost|p2a: Garbodor|def|1
|-boost|p2a: Garbodor|spe|2
|cant|p2a: Garbodor|flinch
|
|upkeep
|turn|8
|
|t:|1616197074
|move|p1a: Kangaskhan|Sucker Punch|p2a: Garbodor
|-damage|p2a: Garbodor|0 fnt
|faint|p2a: Garbodor
|
|upkeep
|inactive|Battle timer is ON: inactive players will automatically lose when time's up. (requested by mefrog)
|
|t:|1616197079
|switch|p2a: Braviary|Braviary, M|100/100
|-damage|p2a: Braviary|75/100|[from] Stealth Rock
|turn|9
|
|t:|1616197089
|switch|p1a: Froslass|Froslass, F|100/100
|move|p2a: Braviary|Defog|p1a: Froslass
|-unboost|p1a: Froslass|evasion|1
|-sideend|p2: Uberfiend|Stealth Rock|[from] move: Defog|[of] p2a: Braviary
|
|upkeep
|turn|10
|
|t:|1616197095
|move|p1a: Froslass|Spikes|p2a: Braviary
|-sidestart|p2: Uberfiend|Spikes
|move|p2a: Braviary|Brave Bird|p1a: Froslass
|-enditem|p1a: Froslass|Focus Sash
|-damage|p1a: Froslass|1/100
|-damage|p2a: Braviary|48/100|[from] Recoil
|-damage|p2a: Braviary|38/100|[from] item: Life Orb
|
|upkeep
|turn|11
|
|t:|1616197104
|move|p1a: Froslass|Taunt|p2a: Braviary
|-start|p2a: Braviary|move: Taunt
|cant|p2a: Braviary|move: Taunt|Roost
|
|upkeep
|turn|12
|
|t:|1616197113
|move|p1a: Froslass|Spikes|p2a: Braviary
|-sidestart|p2: Uberfiend|Spikes
|move|p2a: Braviary|Brave Bird|p1a: Froslass
|-damage|p1a: Froslass|0 fnt
|-damage|p2a: Braviary|37/100|[from] Recoil
|-damage|p2a: Braviary|27/100|[from] item: Life Orb
|faint|p1a: Froslass
|
|upkeep
|
|t:|1616197126
|switch|p1a: Kangaskhan|Kangaskhan, F|100/100
|turn|13
|
|t:|1616197131
|move|p1a: Kangaskhan|Fake Out|p2a: Braviary
|-damage|p2a: Braviary|4/100
|cant|p2a: Braviary|flinch
|
|-end|p2a: Braviary|move: Taunt
|upkeep
|turn|14
|
|t:|1616197143
|move|p1a: Kangaskhan|Double-Edge|p2a: Braviary
|-damage|p2a: Braviary|0 fnt
|-damage|p1a: Kangaskhan|99/100|[from] Recoil
|faint|p2a: Braviary
|
|upkeep
|
|t:|1616197148
|switch|p2a: Scyther|Scyther, F|100/100
|turn|15
|
|t:|1616197157
|move|p2a: Scyther|Swords Dance|p2a: Scyther
|-boost|p2a: Scyther|atk|2
|move|p1a: Kangaskhan|Double-Edge|p2a: Scyther
|-damage|p2a: Scyther|38/100
|-damage|p1a: Kangaskhan|83/100|[from] Recoil
|
|upkeep
|turn|16
|
|t:|1616197164
|move|p2a: Scyther|Dual Wingbeat|p1a: Kangaskhan
|-damage|p1a: Kangaskhan|23/100
|-damage|p1a: Kangaskhan|0 fnt
|-hitcount|p1a: Kangaskhan|2
|faint|p1a: Kangaskhan
|
|upkeep
|
|t:|1616197168
|switch|p1a: Togedemaru|Togedemaru, M|100/100
|turn|17
|
|t:|1616197172
|move|p2a: Scyther|Quick Attack|p1a: Togedemaru
|-resisted|p1a: Togedemaru
|-damage|p1a: Togedemaru|65/100
|move|p1a: Togedemaru|Zing Zap|p2a: Scyther
|-supereffective|p2a: Scyther
|-damage|p2a: Scyther|0 fnt
|faint|p2a: Scyther
|
|upkeep
|
|t:|1616197180
|switch|p2a: Gourgeist|Gourgeist-Small, F|100/100
|-damage|p2a: Gourgeist|84/100|[from] Spikes
|-item|p1a: Togedemaru|Choice Scarf|[from] ability: Frisk|[of] p2a: Gourgeist|[identify]
|turn|18
|
|t:|1616197186
|switch|p1a: Aromatisse|Aromatisse, F|100/100
|move|p2a: Gourgeist|Poltergeist|p1a: Aromatisse
|-activate|p1a: Aromatisse|move: Poltergeist|Leftovers
|-damage|p1a: Aromatisse|45/100
|
|-heal|p1a: Aromatisse|51/100|[from] item: Leftovers
|upkeep
|turn|19
|
|t:|1616197194
|move|p2a: Gourgeist|Poltergeist|p1a: Aromatisse
|-activate|p1a: Aromatisse|move: Poltergeist|Leftovers
|-damage|p1a: Aromatisse|0 fnt
|faint|p1a: Aromatisse
|
|upkeep
|
|t:|1616197198
|switch|p1a: Togedemaru|Togedemaru, M|65/100
|turn|20
|
|t:|1616197204
|move|p1a: Togedemaru|Iron Head|p2a: Gourgeist
|-damage|p2a: Gourgeist|41/100
|move|p2a: Gourgeist|Poltergeist|p1a: Togedemaru
|-activate|p1a: Togedemaru|move: Poltergeist|Choice Scarf
|-damage|p1a: Togedemaru|0 fnt
|faint|p1a: Togedemaru
|
|win|Uberfiend
|raw|mefrog's rating: 1350 &rarr; <strong>1327</strong><br />(-23 for losing)
|raw|Uberfiend's rating: 1290 &rarr; <strong>1319</strong><br />(+29 for winning)
|l|☆mefrog
