|j|☆realaccountami?
|j|☆BiscotteKouloulou
|t:|1664715775
|gametype|singles
|player|p1|realaccountami?|emma|
|player|p2|BiscotteKouloulou|unknown|
|teamsize|p1|6
|teamsize|p2|6
|gen|8
|tier|[Gen 8] PU
|rule|Sleep Clause Mod: Limit one foe put to sleep
|rule|Species Clause: Limit one of each Pokémon
|rule|OHKO Clause: OHKO moves are banned
|rule|Evasion Items Clause: Evasion items are banned
|rule|Evasion Moves Clause: Evasion moves are banned
|rule|Endless Battle Clause: Forcing endless battles is banned
|rule|HP Percentage Mod: HP is shown in percentages
|rule|Dynamax Clause: You cannot dynamax
|clearpoke
|poke|p1|Ninjask, M|
|poke|p1|Charizard, M|
|poke|p1|Jolteon, F|
|poke|p1|Druddigon, F|
|poke|p1|Drifblim, M|
|poke|p1|Cottonee, L1, M|
|poke|p2|Gallade, M|
|poke|p2|Charizard, M|
|poke|p2|Silvally-*|
|poke|p2|Ferroseed, M|
|poke|p2|Gigalith, F|
|poke|p2|Ribombee, M|
|teampreview
|inactive|Battle timer is ON: inactive players will automatically lose when time's up. (requested by realaccountami?)
|c|☆realaccountami?|hf
|c|☆BiscotteKouloulou|U too
|
|t:|1664715791
|start
|switch|p1a: Druddigon|Druddigon, F|100/100
|switch|p2a: Gigalith|Gigalith, F|100/100
|-weather|Sandstorm|[from] ability: Sand Stream|[of] p2a: Gigalith
|turn|1
|
|t:|1664715800
|move|p1a: Druddigon|Glare|p2a: Gigalith
|-status|p2a: Gigalith|par
|move|p2a: Gigalith|Toxic|p1a: Druddigon|[miss]
|-miss|p2a: Gigalith|p1a: Druddigon
|
|-weather|Sandstorm|[upkeep]
|-damage|p1a: Druddigon|94/100|[from] Sandstorm
|upkeep
|turn|2
|
|t:|1664715803
|move|p1a: Druddigon|Stealth Rock|p2a: Gigalith
|-sidestart|p2: BiscotteKouloulou|move: Stealth Rock
|cant|p2a: Gigalith|par
|
|-weather|Sandstorm|[upkeep]
|-damage|p1a: Druddigon|88/100|[from] Sandstorm
|upkeep
|turn|3
|
|t:|1664715812
|move|p1a: Druddigon|Stealth Rock||[still]
|-fail|p1a: Druddigon
|move|p2a: Gigalith|Stealth Rock|p1a: Druddigon
|-sidestart|p1: realaccountami?|move: Stealth Rock
|
|-weather|Sandstorm|[upkeep]
|-damage|p1a: Druddigon|82/100|[from] Sandstorm
|upkeep
|turn|4
|c|☆realaccountami?|misclick D:
|
|t:|1664715819
|move|p1a: Druddigon|Earthquake|p2a: Gigalith
|-supereffective|p2a: Gigalith
|-damage|p2a: Gigalith|59/100 par
|move|p2a: Gigalith|Toxic|p1a: Druddigon
|-status|p1a: Druddigon|tox
|
|-weather|Sandstorm|[upkeep]
|-damage|p1a: Druddigon|76/100 tox|[from] Sandstorm
|-heal|p2a: Gigalith|65/100 par|[from] item: Leftovers
|-damage|p1a: Druddigon|70/100 tox|[from] psn
|upkeep
|turn|5
|
|t:|1664715826
|switch|p2a: Ferroseed|Ferroseed, M|100/100
|-damage|p2a: Ferroseed|94/100|[from] Stealth Rock
|move|p1a: Druddigon|Earthquake|p2a: Ferroseed
|-damage|p2a: Ferroseed|76/100
|
|-weather|none
|-damage|p1a: Druddigon|57/100 tox|[from] psn
|upkeep
|turn|6
|
|t:|1664715843
|switch|p1a: Drifblim|Drifblim, M|100/100
|move|p2a: Ferroseed|Spikes|p1a: Drifblim
|-sidestart|p1: realaccountami?|Spikes
|
|upkeep
|turn|7
|
|t:|1664715854
|move|p1a: Drifblim|Will-O-Wisp|p2a: Ferroseed
|-status|p2a: Ferroseed|brn
|move|p2a: Ferroseed|Toxic|p1a: Drifblim
|-status|p1a: Drifblim|tox
|
|-damage|p1a: Drifblim|94/100 tox|[from] psn
|-damage|p2a: Ferroseed|70/100 brn|[from] brn
|upkeep
|turn|8
|
|t:|1664715861
|move|p1a: Drifblim|Hex|p2a: Ferroseed
|-damage|p2a: Ferroseed|37/100 brn
|move|p2a: Ferroseed|Leech Seed|p1a: Drifblim
|-start|p1a: Drifblim|move: Leech Seed
|
|-damage|p1a: Drifblim|82/100 tox|[from] Leech Seed|[of] p2a: Ferroseed
|-heal|p2a: Ferroseed|58/100 brn|[silent]
|-damage|p1a: Drifblim|70/100 tox|[from] psn
|-damage|p2a: Ferroseed|52/100 brn|[from] brn
|upkeep
|turn|9
|
|t:|1664715866
|switch|p2a: Gigalith|Gigalith, F|65/100 par
|-damage|p2a: Gigalith|53/100 par|[from] Stealth Rock
|-weather|Sandstorm|[from] ability: Sand Stream|[of] p2a: Gigalith
|move|p1a: Drifblim|Hex|p2a: Gigalith
|-damage|p2a: Gigalith|30/100 par
|
|-weather|Sandstorm|[upkeep]
|-damage|p1a: Drifblim|64/100 tox|[from] Sandstorm
|-heal|p2a: Gigalith|36/100 par|[from] item: Leftovers
|-damage|p1a: Drifblim|51/100 tox|[from] Leech Seed|[of] p2a: Gigalith
|-heal|p2a: Gigalith|52/100 par|[silent]
|-damage|p1a: Drifblim|33/100 tox|[from] psn
|upkeep
|turn|10
|
|t:|1664715881
|move|p2a: Gigalith|Protect|p2a: Gigalith
|-singleturn|p2a: Gigalith|Protect
|move|p1a: Drifblim|Defog|p2a: Gigalith
|-activate|p2a: Gigalith|move: Protect
|
|-weather|Sandstorm|[upkeep]
|-damage|p1a: Drifblim|27/100 tox|[from] Sandstorm
|-heal|p2a: Gigalith|59/100 par|[from] item: Leftovers
|-damage|p1a: Drifblim|14/100 tox|[from] Leech Seed|[of] p2a: Gigalith
|-heal|p2a: Gigalith|75/100 par|[silent]
|-damage|p1a: Drifblim|0 fnt|[from] psn
|faint|p1a: Drifblim
|upkeep
|
|t:|1664715901
|switch|p1a: Jolteon|Jolteon, F|100/100
|-damage|p1a: Jolteon|88/100|[from] Stealth Rock
|-damage|p1a: Jolteon|76/100|[from] Spikes
|turn|11
|
|t:|1664715911
|switch|p2a: Ferroseed|Ferroseed, M|52/100 brn
|-damage|p2a: Ferroseed|46/100 brn|[from] Stealth Rock
|move|p1a: Jolteon|Thunderbolt|p2a: Ferroseed
|-resisted|p2a: Ferroseed
|-damage|p2a: Ferroseed|22/100 brn
|
|-weather|Sandstorm|[upkeep]
|-damage|p1a: Jolteon|70/100|[from] Sandstorm
|-damage|p2a: Ferroseed|16/100 brn|[from] brn
|upkeep
|turn|12
|
|t:|1664715918
|move|p1a: Jolteon|Thunderbolt|p2a: Ferroseed
|-resisted|p2a: Ferroseed
|-damage|p2a: Ferroseed|0 fnt
|faint|p2a: Ferroseed
|
|-weather|Sandstorm|[upkeep]
|-damage|p1a: Jolteon|64/100|[from] Sandstorm
|upkeep
|
|t:|1664715922
|switch|p2a: Silvally|Silvally-Grass|100/100
|-damage|p2a: Silvally|88/100|[from] Stealth Rock
|turn|13
|
|t:|1664715946
|switch|p1a: Druddigon|Druddigon, F|57/100 tox
|-damage|p1a: Druddigon|45/100 tox|[from] Stealth Rock
|-damage|p1a: Druddigon|33/100 tox|[from] Spikes
|move|p2a: Silvally|Swords Dance|p2a: Silvally
|-boost|p2a: Silvally|atk|2
|
|-weather|none
|-damage|p1a: Druddigon|27/100 tox|[from] psn
|upkeep
|turn|14
|
|t:|1664715973
|move|p2a: Silvally|Multi-Attack|p1a: Druddigon
|-resisted|p1a: Druddigon
|-damage|p1a: Druddigon|0 fnt
|-damage|p2a: Silvally|76/100|[from] ability: Rough Skin|[of] p1a: Druddigon
|-damage|p2a: Silvally|59/100|[from] item: Rocky Helmet|[of] p1a: Druddigon
|faint|p1a: Druddigon
|
|upkeep
|
|t:|1664715994
|switch|p1a: Charizard|Charizard, M|100/100
|-damage|p1a: Charizard|50/100|[from] Stealth Rock
|turn|15
|
|t:|1664716001
|move|p2a: Silvally|Flame Charge|p1a: Charizard
|-resisted|p1a: Charizard
|-damage|p1a: Charizard|31/100
|-boost|p2a: Silvally|spe|1
|move|p1a: Charizard|Scale Shot|p2a: Silvally
|-damage|p2a: Silvally|52/100
|-damage|p2a: Silvally|45/100
|-damage|p2a: Silvally|38/100
|-hitcount|p2a: Silvally|3
|-unboost|p1a: Charizard|def|1
|-boost|p1a: Charizard|spe|1
|
|upkeep
|turn|16
|
|t:|1664716024
|move|p2a: Silvally|Multi-Attack|p1a: Charizard
|-resisted|p1a: Charizard
|-damage|p1a: Charizard|0 fnt
|faint|p1a: Charizard
|
|upkeep
|
|t:|1664716027
|switch|p1a: Jolteon|Jolteon, F|64/100
|-damage|p1a: Jolteon|52/100|[from] Stealth Rock
|-damage|p1a: Jolteon|40/100|[from] Spikes
|turn|17
|
|t:|1664716034
|move|p2a: Silvally|Multi-Attack|p1a: Jolteon
|-damage|p1a: Jolteon|0 fnt
|faint|p1a: Jolteon
|
|upkeep
|
|t:|1664716039
|switch|p1a: Ninjask|Ninjask, M|100/100
|-damage|p1a: Ninjask|51/100|[from] Stealth Rock
|turn|18
|
|t:|1664716046
|move|p2a: Silvally|Flame Charge|p1a: Ninjask
|-supereffective|p1a: Ninjask
|-damage|p1a: Ninjask|0 fnt
|-boost|p2a: Silvally|spe|1
|faint|p1a: Ninjask
|
|upkeep
|-message|realaccountami? forfeited.
|
|win|BiscotteKouloulou
|c|☆realaccountami?|gg
|l|☆realaccountami?
|j|☆realaccountami?
|player|p1|realaccountami?|emma
