|j|☆long story short
|j|☆Antares
|t:|1665265744
|gametype|singles
|player|p1|long story short|camper|
|player|p2|Antares|galacticgrunt|
|teamsize|p1|6
|teamsize|p2|6
|gen|8
|tier|[Gen 8] PU
|rule|Sleep Clause Mod: Limit one foe put to sleep
|rule|Species Clause: Limit one of each Pokémon
|rule|OHKO Clause: OHKO moves are banned
|rule|Evasion Items Clause: Evasion items are banned
|rule|Evasion Moves Clause: Evasion moves are banned
|rule|Endless Battle Clause: Forcing endless battles is banned
|rule|HP Percentage Mod: HP is shown in percentages
|rule|Dynamax Clause: You cannot dynamax
|clearpoke
|poke|p1|Frosmoth, F|
|poke|p1|Sandslash, M|
|poke|p1|Charizard, F|
|poke|p1|Gigalith, M|
|poke|p1|Ribombee, F|
|poke|p1|Wishiwashi, M|
|poke|p2|Shuckle, F|
|poke|p2|Silvally-*|
|poke|p2|Mesprit|
|poke|p2|Jolteon, F|
|poke|p2|Qwilfish, M|
|poke|p2|Sandslash, M|
|teampreview
|
|t:|1665265790
|start
|switch|p1a: mercurial world|Ribombee, F|100/100
|switch|p2a: Shuckle|Shuckle, F|100/100
|turn|1
|
|t:|1665265796
|switch|p2a: Silvally|Silvally-Ghost|100/100
|move|p1a: mercurial world|Switcheroo||[still]
|-fail|p1a: mercurial world
|
|upkeep
|turn|2
|
|t:|1665265804
|switch|p1a: follow the leader|Wishiwashi, M|100/100
|-formechange|p1a: follow the leader|Wishiwashi-School||[from] ability: Schooling
|switch|p2a: Shuckle|Shuckle, F|100/100
|
|upkeep
|turn|3
|
|t:|1665265811
|move|p1a: follow the leader|Scald|p2a: Shuckle
|-supereffective|p2a: Shuckle
|-damage|p2a: Shuckle|59/100
|-status|p2a: Shuckle|brn
|move|p2a: Shuckle|Stealth Rock|p1a: follow the leader
|-sidestart|p1: long story short|move: Stealth Rock
|
|-damage|p2a: Shuckle|52/100 brn|[from] brn
|upkeep
|turn|4
|
|t:|1665265820
|move|p1a: follow the leader|Scald|p2a: Shuckle
|-supereffective|p2a: Shuckle
|-damage|p2a: Shuckle|10/100 brn
|move|p2a: Shuckle|Sticky Web|p1a: follow the leader
|-sidestart|p1: long story short|move: Sticky Web
|
|-damage|p2a: Shuckle|4/100 brn|[from] brn
|upkeep
|turn|5
|
|t:|1665265833
|move|p1a: follow the leader|U-turn|p2a: Shuckle
|-damage|p2a: Shuckle|0 fnt
|faint|p2a: Shuckle
|
|t:|1665265836
|switch|p1a: secrets|Charizard, F|100/100|[from]move: U-turn
|
|upkeep
|
|t:|1665265839
|switch|p2a: Jolteon|Jolteon, F|100/100
|turn|6
|
|t:|1665265847
|switch|p1a: the end|Gigalith, M|100/100
|-damage|p1a: the end|88/100|[from] Stealth Rock
|-activate|p1a: the end|move: Sticky Web
|-unboost|p1a: the end|spe|1
|-weather|Sandstorm|[from] ability: Sand Stream|[of] p1a: the end
|move|p2a: Jolteon|Volt Switch|p1a: the end
|-damage|p1a: the end|66/100
|
|t:|1665265856
|switch|p2a: Sandslash|Sandslash, M|100/100|[from]move: Volt Switch
|
|-weather|Sandstorm|[upkeep]
|-heal|p1a: the end|72/100|[from] item: Leftovers
|upkeep
|turn|7
|
|t:|1665265861
|switch|p1a: follow the leader|Wishiwashi, M|100/100
|-damage|p1a: follow the leader|88/100|[from] Stealth Rock
|-activate|p1a: follow the leader|move: Sticky Web
|-unboost|p1a: follow the leader|spe|1
|-formechange|p1a: follow the leader|Wishiwashi-School||[from] ability: Schooling
|move|p2a: Sandslash|Swords Dance|p2a: Sandslash
|-boost|p2a: Sandslash|atk|2
|
|-weather|Sandstorm|[upkeep]
|-damage|p1a: follow the leader|82/100|[from] Sandstorm
|-heal|p1a: follow the leader|88/100|[from] item: Leftovers
|upkeep
|turn|8
|
|t:|1665265863
|move|p2a: Sandslash|Earthquake|p1a: follow the leader
|-damage|p1a: follow the leader|14/100
|move|p1a: follow the leader|Scald|p2a: Sandslash
|-supereffective|p2a: Sandslash
|-damage|p2a: Sandslash|0 fnt
|faint|p2a: Sandslash
|
|-weather|Sandstorm|[upkeep]
|-damage|p1a: follow the leader|8/100|[from] Sandstorm
|-heal|p1a: follow the leader|14/100|[from] item: Leftovers
|-formechange|p1a: follow the leader|Wishiwashi||[from] ability: Schooling
|upkeep
|
|t:|1665265869
|switch|p2a: Qwilfish|Qwilfish, M|100/100
|-ability|p2a: Qwilfish|Intimidate|boost
|-unboost|p1a: follow the leader|atk|1
|turn|9
|
|t:|1665265877
|move|p2a: Qwilfish|Swords Dance|p2a: Qwilfish
|-boost|p2a: Qwilfish|atk|2
|move|p1a: follow the leader|U-turn|p2a: Qwilfish
|-resisted|p2a: Qwilfish
|-damage|p2a: Qwilfish|98/100
|
|t:|1665265916
|switch|p1a: the beginning|Sandslash, M|100/100|[from]move: U-turn
|-damage|p1a: the beginning|94/100|[from] Stealth Rock
|-activate|p1a: the beginning|move: Sticky Web
|-unboost|p1a: the beginning|spe|1
|
|-weather|Sandstorm|[upkeep]
|-damage|p2a: Qwilfish|92/100|[from] Sandstorm
|-heal|p1a: the beginning|100/100|[from] item: Leftovers
|upkeep
|turn|10
|
|t:|1665265944
|switch|p2a: Silvally|Silvally-Ghost|100/100
|move|p1a: the beginning|Earthquake|p2a: Silvally
|-damage|p2a: Silvally|65/100
|
|-weather|none
|upkeep
|turn|11
|
|t:|1665265984
|move|p2a: Silvally|Swords Dance|p2a: Silvally
|-boost|p2a: Silvally|atk|2
|move|p1a: the beginning|Earthquake|p2a: Silvally
|-damage|p2a: Silvally|29/100
|
|upkeep
|turn|12
|
|t:|1665266002
|switch|p1a: the end|Gigalith, M|72/100
|-damage|p1a: the end|60/100|[from] Stealth Rock
|-activate|p1a: the end|move: Sticky Web
|-unboost|p1a: the end|spe|1
|-weather|Sandstorm|[from] ability: Sand Stream|[of] p1a: the end
|move|p2a: Silvally|Flame Charge|p1a: the end
|-resisted|p1a: the end
|-damage|p1a: the end|48/100
|-boost|p2a: Silvally|spe|1
|
|-weather|Sandstorm|[upkeep]
|-damage|p2a: Silvally|23/100|[from] Sandstorm
|-heal|p1a: the end|55/100|[from] item: Leftovers
|upkeep
|turn|13
|
|t:|1665266009
|switch|p1a: follow the leader|Wishiwashi, M|14/100
|-damage|p1a: follow the leader|2/100|[from] Stealth Rock
|-activate|p1a: follow the leader|move: Sticky Web
|-unboost|p1a: follow the leader|spe|1
|move|p2a: Silvally|Multi-Attack|p1a: follow the leader
|-damage|p1a: follow the leader|0 fnt
|faint|p1a: follow the leader
|
|-weather|Sandstorm|[upkeep]
|-damage|p2a: Silvally|17/100|[from] Sandstorm
|upkeep
|
|t:|1665266024
|switch|p1a: the beginning|Sandslash, M|100/100
|-damage|p1a: the beginning|94/100|[from] Stealth Rock
|-activate|p1a: the beginning|move: Sticky Web
|-unboost|p1a: the beginning|spe|1
|turn|14
|
|t:|1665266028
|move|p2a: Silvally|Multi-Attack|p1a: the beginning
|-damage|p1a: the beginning|22/100
|move|p1a: the beginning|Earthquake|p2a: Silvally
|-damage|p2a: Silvally|0 fnt
|faint|p2a: Silvally
|
|-weather|Sandstorm|[upkeep]
|-heal|p1a: the beginning|28/100|[from] item: Leftovers
|upkeep
|
|t:|1665266033
|switch|p2a: Jolteon|Jolteon, F|100/100
|turn|15
|
|t:|1665266040
|switch|p1a: mercurial world|Ribombee, F|100/100
|-damage|p1a: mercurial world|76/100|[from] Stealth Rock
|-activate|p1a: mercurial world|move: Sticky Web
|-unboost|p1a: mercurial world|spe|1
|move|p2a: Jolteon|Shadow Ball|p1a: mercurial world
|-damage|p1a: mercurial world|16/100
|
|-weather|Sandstorm|[upkeep]
|-damage|p2a: Jolteon|95/100|[from] Sandstorm
|-damage|p1a: mercurial world|10/100|[from] Sandstorm
|upkeep
|turn|16
|
|t:|1665266056
|switch|p2a: Mesprit|Mesprit|100/100
|move|p1a: mercurial world|Moonblast|p2a: Mesprit
|-damage|p2a: Mesprit|38/100
|-unboost|p2a: Mesprit|spa|1
|
|-weather|none
|-heal|p2a: Mesprit|44/100|[from] item: Leftovers
|upkeep
|turn|17
|
|t:|1665266059
|move|p2a: Mesprit|Nasty Plot|p2a: Mesprit
|-boost|p2a: Mesprit|spa|2
|move|p1a: mercurial world|Moonblast|p2a: Mesprit
|-damage|p2a: Mesprit|0 fnt
|faint|p2a: Mesprit
|
|upkeep
|
|t:|1665266063
|switch|p2a: Qwilfish|Qwilfish, M|92/100
|-ability|p2a: Qwilfish|Intimidate|boost
|-unboost|p1a: mercurial world|atk|1
|turn|18
|
|t:|1665266066
|move|p2a: Qwilfish|Swords Dance|p2a: Qwilfish
|-boost|p2a: Qwilfish|atk|2
|move|p1a: mercurial world|Moonblast|p2a: Qwilfish
|-resisted|p2a: Qwilfish
|-damage|p2a: Qwilfish|32/100
|-unboost|p2a: Qwilfish|spa|1
|
|upkeep
|turn|19
|
|t:|1665266094
|switch|p1a: the end|Gigalith, M|55/100
|-damage|p1a: the end|42/100|[from] Stealth Rock
|-activate|p1a: the end|move: Sticky Web
|-unboost|p1a: the end|spe|1
|-weather|Sandstorm|[from] ability: Sand Stream|[of] p1a: the end
|move|p2a: Qwilfish|Liquidation|p1a: the end
|-supereffective|p1a: the end
|-damage|p1a: the end|0 fnt
|faint|p1a: the end
|-damage|p2a: Qwilfish|22/100|[from] item: Life Orb
|
|-weather|Sandstorm|[upkeep]
|-damage|p2a: Qwilfish|16/100|[from] Sandstorm
|upkeep
|
|t:|1665266106
|switch|p1a: secrets|Charizard, F|100/100
|turn|20
|
|t:|1665266111
|switch|p2a: Jolteon|Jolteon, F|95/100
|move|p1a: secrets|Flamethrower|p2a: Jolteon
|-damage|p2a: Jolteon|45/100
|
|-weather|Sandstorm|[upkeep]
|-damage|p2a: Jolteon|39/100|[from] Sandstorm
|-damage|p1a: secrets|94/100|[from] Sandstorm
|upkeep
|turn|21
|
|t:|1665266122
|switch|p1a: mercurial world|Ribombee, F|10/100
|-damage|p1a: mercurial world|0 fnt|[from] Stealth Rock
|-activate|p1a: mercurial world|move: Sticky Web
|faint|p1a: mercurial world
|move|p2a: Jolteon|Shadow Ball|p1: mercurial world|[notarget]
|-fail|p2a: Jolteon
|
|-weather|Sandstorm|[upkeep]
|-damage|p2a: Jolteon|33/100|[from] Sandstorm
|upkeep
|
|t:|1665266125
|switch|p1a: you lose!|Frosmoth, F|100/100
|turn|22
|c|☆Antares|ggs
|-message|Antares forfeited.
|
|win|long story short
|c|☆long story short|ggs
|l|☆Antares
