|j|☆Haffling
|j|☆Combaetilics
|t:|1666118440
|gametype|singles
|player|p1|Haffling|cyrus|
|player|p2|Combaetilics|102|
|teamsize|p1|6
|teamsize|p2|6
|gen|8
|tier|[Gen 8] PU
|rated|Tournament battle
|rule|Sleep Clause Mod: Limit one foe put to sleep
|rule|Species Clause: Limit one of each Pokémon
|rule|OHKO Clause: OHKO moves are banned
|rule|Evasion Items Clause: Evasion items are banned
|rule|Evasion Moves Clause: Evasion moves are banned
|rule|Endless Battle Clause: Forcing endless battles is banned
|rule|HP Percentage Mod: HP is shown in percentages
|rule|Dynamax Clause: You cannot dynamax
|clearpoke
|poke|p1|Comfey, F|
|poke|p1|Gigalith, M|
|poke|p1|Mesprit|
|poke|p1|Wishiwashi, F|
|poke|p1|Thwackey, F|
|poke|p1|Hitmonlee, M|
|poke|p2|Absol, M|
|poke|p2|Comfey, M|
|poke|p2|Weezing, F|
|poke|p2|Scrafty, M|
|poke|p2|Kadabra, F|
|poke|p2|Silvally-*|
|teampreview
|j| digitalhzad
|inactive|Battle timer is ON: inactive players will automatically lose when time's up. (requested by Combaetilics)
|
|t:|1666118455
|start
|switch|p1a: Gigalith|Gigalith, M|100/100
|switch|p2a: Scrafty|Scrafty, M|100/100
|turn|1
|
|t:|1666118460
|move|p2a: Scrafty|Knock Off|p1a: Gigalith
|-damage|p1a: Gigalith|70/100
|-enditem|p1a: Gigalith|Custap Berry|[from] move: Knock Off|[of] p2a: Scrafty
|move|p1a: Gigalith|Stealth Rock|p2a: Scrafty
|-sidestart|p2: Combaetilics|move: Stealth Rock
|
|upkeep
|turn|2
|
|t:|1666118467
|move|p2a: Scrafty|Bulk Up|p2a: Scrafty
|-boost|p2a: Scrafty|atk|1
|-boost|p2a: Scrafty|def|1
|move|p1a: Gigalith|Explosion|p2a: Scrafty
|-damage|p2a: Scrafty|45/100
|faint|p1a: Gigalith
|
|-heal|p2a: Scrafty|50/100|[from] item: Leftovers
|upkeep
|
|t:|1666118475
|switch|p1a: Comfey|Comfey, F|100/100
|turn|3
|
|t:|1666118480
|switch|p2a: Silvally|Silvally-Steel|100/100
|-damage|p2a: Silvally|94/100|[from] Stealth Rock
|move|p1a: Comfey|Calm Mind|p1a: Comfey
|-boost|p1a: Comfey|spa|1
|-boost|p1a: Comfey|spd|1
|
|upkeep
|turn|4
|
|t:|1666118489
|switch|p1a: Thwackey|Thwackey, F|100/100
|-fieldstart|move: Grassy Terrain|[from] ability: Grassy Surge|[of] p1a: Thwackey
|move|p2a: Silvally|Defog|p1a: Thwackey
|-unboost|p1a: Thwackey|evasion|1
|-sideend|p2: Combaetilics|Stealth Rock|[from] move: Defog|[of] p2a: Silvally
|-fieldend|move: Grassy Terrain
|
|upkeep
|turn|5
|j| kemman
|
|t:|1666118495
|switch|p2a: Weezing|Weezing, F|100/100
|move|p1a: Thwackey|U-turn|p2a: Weezing
|-resisted|p2a: Weezing
|-damage|p2a: Weezing|95/100
|-damage|p1a: Thwackey|84/100|[from] item: Rocky Helmet|[of] p2a: Weezing
|
|t:|1666118502
|switch|p1a: Wishiwashi|Wishiwashi, F|100/100|[from]move: U-turn
|-formechange|p1a: Wishiwashi|Wishiwashi-School||[from] ability: Schooling
|
|upkeep
|turn|6
|
|t:|1666118507
|move|p2a: Weezing|Toxic Spikes|p1a: Wishiwashi
|-sidestart|p1: Haffling|move: Toxic Spikes
|move|p1a: Wishiwashi|Scald|p2a: Weezing
|-damage|p2a: Weezing|42/100
|-status|p2a: Weezing|brn
|
|-damage|p2a: Weezing|36/100 brn|[from] brn
|upkeep
|turn|7
|l| digitalhzad
|
|t:|1666118514
|switch|p2a: Scrafty|Scrafty, M|50/100
|move|p1a: Wishiwashi|Scald|p2a: Scrafty
|-damage|p2a: Scrafty|23/100
|-status|p2a: Scrafty|brn
|
|-heal|p2a: Scrafty|29/100 brn|[from] item: Leftovers
|-damage|p2a: Scrafty|23/100 brn|[from] brn
|upkeep
|turn|8
|
|t:|1666118518
|move|p2a: Scrafty|Knock Off|p1a: Wishiwashi
|-damage|p1a: Wishiwashi|87/100
|-enditem|p1a: Wishiwashi|Leftovers|[from] move: Knock Off|[of] p2a: Scrafty
|move|p1a: Wishiwashi|U-turn|p2a: Scrafty
|-damage|p2a: Scrafty|5/100 brn
|
|t:|1666118521
|switch|p1a: Thwackey|Thwackey, F|84/100|[from]move: U-turn
|-status|p1a: Thwackey|psn
|-fieldstart|move: Grassy Terrain|[from] ability: Grassy Surge|[of] p1a: Thwackey
|
|-heal|p1a: Thwackey|90/100 psn|[from] Grassy Terrain
|-heal|p2a: Scrafty|11/100 brn|[from] Grassy Terrain
|-activate|p2a: Scrafty|ability: Shed Skin
|-curestatus|p2a: Scrafty|brn|[msg]
|-heal|p2a: Scrafty|17/100|[from] item: Leftovers
|-damage|p1a: Thwackey|78/100 psn|[from] psn
|upkeep
|turn|9
|
|t:|1666118530
|switch|p2a: Weezing|Weezing, F|36/100 brn
|move|p1a: Thwackey|U-turn|p2a: Weezing
|-resisted|p2a: Weezing
|-damage|p2a: Weezing|30/100 brn
|-damage|p1a: Thwackey|61/100 psn|[from] item: Rocky Helmet|[of] p2a: Weezing
|
|t:|1666118535
|switch|p1a: Mesprit|Mesprit|100/100|[from]move: U-turn
|-enditem|p1a: Mesprit|Grassy Seed
|-boost|p1a: Mesprit|def|1|[from] item: Grassy Seed
|
|-damage|p2a: Weezing|24/100 brn|[from] brn
|upkeep
|turn|10
|
|t:|1666118551
|switch|p2a: Silvally|Silvally-Steel|94/100
|move|p1a: Mesprit|Substitute|p1a: Mesprit
|-start|p1a: Mesprit|Substitute
|-damage|p1a: Mesprit|76/100
|
|-heal|p2a: Silvally|100/100|[from] Grassy Terrain
|upkeep
|turn|11
|
|t:|1666118554
|move|p1a: Mesprit|Calm Mind|p1a: Mesprit
|-boost|p1a: Mesprit|spa|1
|-boost|p1a: Mesprit|spd|1
|move|p2a: Silvally|Multi-Attack|p1a: Mesprit
|-end|p1a: Mesprit|Substitute
|
|upkeep
|turn|12
|
|t:|1666118560
|move|p1a: Mesprit|Calm Mind|p1a: Mesprit
|-boost|p1a: Mesprit|spa|1
|-boost|p1a: Mesprit|spd|1
|move|p2a: Silvally|Multi-Attack|p1a: Mesprit
|-damage|p1a: Mesprit|46/100
|
|upkeep
|turn|13
|
|t:|1666118565
|move|p1a: Mesprit|Stored Power|p2a: Silvally
|-resisted|p2a: Silvally
|-damage|p2a: Silvally|53/100
|move|p2a: Silvally|Multi-Attack|p1a: Mesprit
|-damage|p1a: Mesprit|18/100
|
|-heal|p2a: Silvally|59/100|[from] Grassy Terrain
|upkeep
|turn|14
|
|t:|1666118568
|move|p1a: Mesprit|Stored Power|p2a: Silvally
|-resisted|p2a: Silvally
|-damage|p2a: Silvally|13/100
|move|p2a: Silvally|Multi-Attack|p1a: Mesprit
|-damage|p1a: Mesprit|0 fnt
|faint|p1a: Mesprit
|
|-heal|p2a: Silvally|19/100|[from] Grassy Terrain
|upkeep
|
|t:|1666118573
|switch|p1a: Hitmonlee|Hitmonlee, M|100/100
|-status|p1a: Hitmonlee|psn
|-enditem|p1a: Hitmonlee|Grassy Seed
|-boost|p1a: Hitmonlee|def|1|[from] item: Grassy Seed
|turn|15
|
|t:|1666118577
|switch|p2a: Weezing|Weezing, F|24/100 brn
|move|p1a: Hitmonlee|Knock Off|p2a: Weezing
|-damage|p2a: Weezing|0 fnt
|-damage|p1a: Hitmonlee|84/100 psn|[from] item: Rocky Helmet|[of] p2a: Weezing
|-enditem|p2a: Weezing|Rocky Helmet|[from] move: Knock Off|[of] p1a: Hitmonlee
|faint|p2a: Weezing
|
|-heal|p1a: Hitmonlee|90/100 psn|[from] Grassy Terrain
|-damage|p1a: Hitmonlee|78/100 psn|[from] psn
|-fieldend|move: Grassy Terrain
|upkeep
|inactive|Combaetilics has 120 seconds left.
|
|t:|1666118624
|switch|p2a: Absol|Absol, M|100/100
|turn|16
|
|t:|1666118628
|move|p2a: Absol|Sucker Punch|p1a: Hitmonlee
|-resisted|p1a: Hitmonlee
|-damage|p1a: Hitmonlee|45/100 psn
|move|p1a: Hitmonlee|Close Combat|p2a: Absol
|-supereffective|p2a: Absol
|-damage|p2a: Absol|0 fnt
|-unboost|p1a: Hitmonlee|def|1
|-unboost|p1a: Hitmonlee|spd|1
|faint|p2a: Absol
|
|-damage|p1a: Hitmonlee|32/100 psn|[from] psn
|upkeep
|
|t:|1666118633
|switch|p2a: Comfey|Comfey, M|100/100
|turn|17
|
|t:|1666118637
|move|p2a: Comfey|Draining Kiss|p1a: Hitmonlee
|-supereffective|p1a: Hitmonlee
|-damage|p1a: Hitmonlee|0 fnt
|faint|p1a: Hitmonlee
|-damage|p2a: Comfey|91/100|[from] item: Life Orb
|
|upkeep
|
|t:|1666118641
|switch|p1a: Thwackey|Thwackey, F|61/100 psn
|-fieldstart|move: Grassy Terrain|[from] ability: Grassy Surge|[of] p1a: Thwackey
|turn|18
|
|t:|1666118646
|switch|p2a: Scrafty|Scrafty, M|17/100
|move|p1a: Thwackey|Taunt|p2a: Scrafty
|-start|p2a: Scrafty|move: Taunt
|
|-heal|p1a: Thwackey|67/100 psn|[from] Grassy Terrain
|-heal|p2a: Scrafty|23/100|[from] Grassy Terrain
|-heal|p2a: Scrafty|29/100|[from] item: Leftovers
|-damage|p1a: Thwackey|55/100 psn|[from] psn
|upkeep
|turn|19
|
|t:|1666118652
|move|p1a: Thwackey|Grassy Glide|p2a: Scrafty
|-damage|p2a: Scrafty|0 fnt
|faint|p2a: Scrafty
|
|-heal|p1a: Thwackey|61/100 psn|[from] Grassy Terrain
|-damage|p1a: Thwackey|49/100 psn|[from] psn
|upkeep
|
|t:|1666118663
|switch|p2a: Silvally|Silvally-Steel|19/100
|turn|20
|
|t:|1666118666
|move|p1a: Thwackey|Grassy Glide|p2a: Silvally
|-resisted|p2a: Silvally
|-damage|p2a: Silvally|8/100
|move|p2a: Silvally|Multi-Attack|p1a: Thwackey
|-damage|p1a: Thwackey|0 fnt
|faint|p1a: Thwackey
|
|-heal|p2a: Silvally|14/100|[from] Grassy Terrain
|upkeep
|
|t:|1666118680
|switch|p1a: Wishiwashi|Wishiwashi, F|87/100
|-status|p1a: Wishiwashi|psn
|-formechange|p1a: Wishiwashi|Wishiwashi-School||[from] ability: Schooling
|turn|21
|
|t:|1666118690
|move|p2a: Silvally|Parting Shot|p1a: Wishiwashi
|-unboost|p1a: Wishiwashi|atk|1
|-unboost|p1a: Wishiwashi|spa|1
|
|t:|1666118692
|switch|p2a: Kadabra|Kadabra, F|100/100|[from]move: Parting Shot
|move|p1a: Wishiwashi|Scald|p2a: Kadabra
|-damage|p2a: Kadabra|50/100
|
|-heal|p2a: Kadabra|56/100|[from] Grassy Terrain
|-heal|p1a: Wishiwashi|93/100 psn|[from] Grassy Terrain
|-damage|p1a: Wishiwashi|80/100 psn|[from] psn
|upkeep
|turn|22
|
|t:|1666118695
|move|p2a: Kadabra|Psychic|p1a: Wishiwashi
|-damage|p1a: Wishiwashi|49/100 psn
|move|p1a: Wishiwashi|U-turn|p2a: Kadabra
|-supereffective|p2a: Kadabra
|-damage|p2a: Kadabra|0 fnt
|faint|p2a: Kadabra
|
|t:|1666118697
|switch|p1a: Comfey|Comfey, F|100/100|[from]move: U-turn
|-status|p1a: Comfey|psn
|-enditem|p1a: Comfey|Grassy Seed
|-boost|p1a: Comfey|def|1|[from] item: Grassy Seed
|
|-damage|p1a: Comfey|88/100 psn|[from] psn
|upkeep
|
|t:|1666118701
|switch|p2a: Comfey|Comfey, M|91/100
|turn|23
|
|t:|1666118705
|move|p1a: Comfey|Calm Mind|p1a: Comfey
|-boost|p1a: Comfey|spa|1
|-boost|p1a: Comfey|spd|1
|move|p2a: Comfey|Calm Mind|p2a: Comfey
|-boost|p2a: Comfey|spa|1
|-boost|p2a: Comfey|spd|1
|
|-heal|p2a: Comfey|97/100|[from] Grassy Terrain
|-heal|p1a: Comfey|94/100 psn|[from] Grassy Terrain
|-damage|p1a: Comfey|82/100 psn|[from] psn
|upkeep
|turn|24
|
|t:|1666118708
|move|p2a: Comfey|Calm Mind|p2a: Comfey
|-boost|p2a: Comfey|spa|1
|-boost|p2a: Comfey|spd|1
|move|p1a: Comfey|Calm Mind|p1a: Comfey
|-boost|p1a: Comfey|spa|1
|-boost|p1a: Comfey|spd|1
|
|-heal|p1a: Comfey|88/100 psn|[from] Grassy Terrain
|-heal|p2a: Comfey|100/100|[from] Grassy Terrain
|-damage|p1a: Comfey|76/100 psn|[from] psn
|upkeep
|turn|25
|
|t:|1666118711
|move|p1a: Comfey|Calm Mind|p1a: Comfey
|-boost|p1a: Comfey|spa|1
|-boost|p1a: Comfey|spd|1
|move|p2a: Comfey|Calm Mind|p2a: Comfey
|-boost|p2a: Comfey|spa|1
|-boost|p2a: Comfey|spd|1
|
|-heal|p1a: Comfey|82/100 psn|[from] Grassy Terrain
|-damage|p1a: Comfey|69/100 psn|[from] psn
|-fieldend|move: Grassy Terrain
|upkeep
|turn|26
|
|t:|1666118715
|move|p2a: Comfey|Calm Mind|p2a: Comfey
|-boost|p2a: Comfey|spa|1
|-boost|p2a: Comfey|spd|1
|move|p1a: Comfey|Stored Power|p2a: Comfey
|-damage|p2a: Comfey|65/100
|
|-damage|p1a: Comfey|57/100 psn|[from] psn
|upkeep
|turn|27
|
|t:|1666118720
|move|p2a: Comfey|Draining Kiss|p1a: Comfey
|-damage|p1a: Comfey|29/100 psn
|-heal|p2a: Comfey|86/100|[from] drain|[of] p1a: Comfey
|-damage|p2a: Comfey|76/100|[from] item: Life Orb
|move|p1a: Comfey|Stored Power|p2a: Comfey
|-damage|p2a: Comfey|35/100
|
|-damage|p1a: Comfey|16/100 psn|[from] psn
|upkeep
|turn|28
|
|t:|1666118725
|move|p1a: Comfey|Draining Kiss|p2a: Comfey
|-damage|p2a: Comfey|17/100
|-heal|p1a: Comfey|30/100 psn|[from] drain|[of] p2a: Comfey
|move|p2a: Comfey|Draining Kiss|p1a: Comfey
|-damage|p1a: Comfey|2/100 psn
|-heal|p2a: Comfey|38/100|[from] drain|[of] p1a: Comfey
|-damage|p2a: Comfey|28/100|[from] item: Life Orb
|
|-damage|p1a: Comfey|0 fnt|[from] psn
|faint|p1a: Comfey
|upkeep
|j| Cosmopolite
|
|t:|1666118731
|switch|p1a: Wishiwashi|Wishiwashi, F|49/100 psn
|-formechange|p1a: Wishiwashi|Wishiwashi-School||[from] ability: Schooling
|turn|29
|
|t:|1666118734
|move|p2a: Comfey|Giga Drain|p1a: Wishiwashi
|-supereffective|p1a: Wishiwashi
|-damage|p1a: Wishiwashi|0 fnt
|-heal|p2a: Comfey|51/100|[from] drain|[of] p1a: Wishiwashi
|faint|p1a: Wishiwashi
|-damage|p2a: Comfey|42/100|[from] item: Life Orb
|
|win|Combaetilics
|n|☆Haffling|haffling
|n|☆Combaetilics|combaetilics
|n| kemman|kemman
|n| Cosmopolite|cosmopolite
