|j|☆gringa lover
|j|☆siegbackto
|t:|1612568798
|player|p1|gringa lover|lass-gen3|
|player|p2|siegbackto|byron|
|teamsize|p1|6
|teamsize|p2|6
|gametype|singles
|gen|8
|tier|[Gen 8] PU
|rated|Tournament battle
|clearpoke
|poke|p1|Braviary, M|
|poke|p1|Garbodor, F|
|poke|p1|Jellicent, M|
|poke|p1|Aromatisse, M|
|poke|p1|Sandaconda, F|
|poke|p1|Sandslash-Alola, M|
|poke|p2|Magneton|
|poke|p2|Scrafty, F|
|poke|p2|Talonflame, M|
|poke|p2|Claydol|
|poke|p2|Jellicent, M|
|poke|p2|Vikavolt, M|
|rule|Sleep Clause Mod: Limit one foe put to sleep
|rule|Species Clause: Limit one of each Pokémon
|rule|OHKO Clause: OHKO moves are banned
|rule|Evasion Moves Clause: Evasion moves are banned
|rule|Endless Battle Clause: Forcing endless battles is banned
|rule|HP Percentage Mod: HP is shown in percentages
|rule|Dynamax Clause: You cannot dynamax
|teampreview
|j|%allstarapology
|c|☆gringa lover|Hf
|c|☆siegbackto|u2
|
|t:|1612568893
|start
|switch|p1a: Sandslash|Sandslash-Alola, M|100/100
|switch|p2a: Vikavolt|Vikavolt, M|100/100
|turn|1
|
|t:|1612568905
|switch|p2a: Jellicent|Jellicent, M|100/100
|move|p1a: Sandslash|Toxic|p2a: Jellicent
|-status|p2a: Jellicent|tox
|
|-damage|p2a: Jellicent|94/100 tox|[from] psn
|upkeep
|turn|2
|
|t:|1612568912
|move|p2a: Jellicent|Will-O-Wisp|p1a: Sandslash
|-status|p1a: Sandslash|brn
|move|p1a: Sandslash|Knock Off|p2a: Jellicent
|-supereffective|p2a: Jellicent
|-enditem|p2a: Jellicent|Colbur Berry|[eat]
|-enditem|p2a: Jellicent|Colbur Berry|[weaken]
|-damage|p2a: Jellicent|84/100 tox
|
|-damage|p2a: Jellicent|72/100 tox|[from] psn
|-damage|p1a: Sandslash|94/100 brn|[from] brn
|upkeep
|turn|3
|
|t:|1612568920
|switch|p2a: Magneton|Magneton|100/100
|switch|p1a: Braviary|Braviary, M|100/100
|
|upkeep
|turn|4
|
|t:|1612568936
|switch|p2a: Talonflame|Talonflame, M|100/100
|switch|p1a: Sandaconda|Sandaconda, F|100/100
|
|upkeep
|turn|5
|
|t:|1612568962
|switch|p2a: Vikavolt|Vikavolt, M|100/100
|move|p1a: Sandaconda|Stealth Rock|p2a: Vikavolt
|-sidestart|p2: siegbackto|move: Stealth Rock
|
|upkeep
|turn|6
|
|t:|1612568972
|switch|p2a: Claydol|Claydol|100/100
|-damage|p2a: Claydol|94/100|[from] Stealth Rock
|switch|p1a: Aromatisse|Aromatisse, M|100/100
|
|upkeep
|turn|7
|
|t:|1612568975
|switch|p1a: Jellicent|Jellicent, M|100/100
|move|p2a: Claydol|Stealth Rock|p1a: Jellicent
|-sidestart|p1: gringa lover|move: Stealth Rock
|
|upkeep
|turn|8
|j|+gum
|l|%allstarapology
|
|t:|1612568980
|switch|p2a: Jellicent|Jellicent, M|72/100 tox
|-damage|p2a: Jellicent|60/100 tox|[from] Stealth Rock
|move|p1a: Jellicent|Scald|p2a: Jellicent
|-heal|p2a: Jellicent|85/100 tox|[from] ability: Water Absorb|[of] p1a: Jellicent
|
|-damage|p2a: Jellicent|78/100 tox|[from] psn
|upkeep
|turn|9
|
|t:|1612568987
|switch|p1a: Aromatisse|Aromatisse, M|100/100
|-damage|p1a: Aromatisse|88/100|[from] Stealth Rock
|move|p2a: Jellicent|Scald|p1a: Aromatisse
|-damage|p1a: Aromatisse|66/100
|
|-heal|p1a: Aromatisse|72/100|[from] item: Leftovers
|-damage|p2a: Jellicent|66/100 tox|[from] psn
|upkeep
|turn|10
|
|t:|1612569007
|switch|p2a: Claydol|Claydol|94/100
|-damage|p2a: Claydol|88/100|[from] Stealth Rock
|move|p1a: Aromatisse|Wish|p1a: Aromatisse
|
|-heal|p1a: Aromatisse|78/100|[from] item: Leftovers
|upkeep
|turn|11
|
|t:|1612569019
|switch|p1a: Jellicent|Jellicent, M|100/100
|-damage|p1a: Jellicent|88/100|[from] Stealth Rock
|move|p2a: Claydol|Teleport|p2a: Claydol
|
|t:|1612569027
|switch|p2a: Magneton|Magneton|100/100|[from]move: Teleport
|-damage|p2a: Magneton|94/100|[from] Stealth Rock
|
|-heal|p1a: Jellicent|100/100|[from] move: Wish|[wisher] Aromatisse
|upkeep
|turn|12
|
|t:|1612569038
|move|p2a: Magneton|Flash Cannon|p1a: Jellicent
|-resisted|p1a: Jellicent
|-damage|p1a: Jellicent|75/100
|move|p1a: Jellicent|Scald|p2a: Magneton
|-crit|p2a: Magneton
|-damage|p2a: Magneton|20/100
|
|upkeep
|turn|13
|
|t:|1612569046
|switch|p2a: Jellicent|Jellicent, M|66/100 tox
|-damage|p2a: Jellicent|54/100 tox|[from] Stealth Rock
|move|p1a: Jellicent|Recover|p1a: Jellicent
|-heal|p1a: Jellicent|100/100
|
|-damage|p2a: Jellicent|48/100 tox|[from] psn
|upkeep
|turn|14
|
|t:|1612569050
|switch|p1a: Aromatisse|Aromatisse, M|78/100
|-damage|p1a: Aromatisse|66/100|[from] Stealth Rock
|move|p2a: Jellicent|Recover|p2a: Jellicent
|-heal|p2a: Jellicent|98/100 tox
|
|-heal|p1a: Aromatisse|72/100|[from] item: Leftovers
|-damage|p2a: Jellicent|85/100 tox|[from] psn
|upkeep
|turn|15
|c|☆siegbackto|oh man
|c|☆siegbackto|that was so dumb
|l|+gum
|
|t:|1612569080
|switch|p2a: Claydol|Claydol|88/100
|-damage|p2a: Claydol|82/100|[from] Stealth Rock
|move|p1a: Aromatisse|Aromatherapy|p1a: Aromatisse
|-activate|p1a: Aromatisse|move: Aromatherapy
|-curestatus|p1: Sandslash|brn|[msg]
|
|-heal|p1a: Aromatisse|78/100|[from] item: Leftovers
|upkeep
|turn|16
|c|☆siegbackto|without mag its pretty much done
|
|t:|1612569096
|move|p1a: Aromatisse|Protect|p1a: Aromatisse
|-singleturn|p1a: Aromatisse|Protect
|move|p2a: Claydol|Teleport|p2a: Claydol
|
|t:|1612569101
|switch|p2a: Magneton|Magneton|20/100|[from]move: Teleport
|-damage|p2a: Magneton|13/100|[from] Stealth Rock
|
|-heal|p1a: Aromatisse|84/100|[from] item: Leftovers
|upkeep
|turn|17
|
|t:|1612569142
|move|p2a: Magneton|Flash Cannon|p1a: Aromatisse
|-supereffective|p1a: Aromatisse
|-damage|p1a: Aromatisse|0 fnt
|faint|p1a: Aromatisse
|
|upkeep
|
|t:|1612569146
|switch|p1a: Jellicent|Jellicent, M|100/100
|-damage|p1a: Jellicent|88/100|[from] Stealth Rock
|turn|18
|
|t:|1612569153
|switch|p2a: Jellicent|Jellicent, M|85/100 tox
|-damage|p2a: Jellicent|73/100 tox|[from] Stealth Rock
|move|p1a: Jellicent|Scald|p2a: Jellicent
|-heal|p2a: Jellicent|98/100 tox|[from] ability: Water Absorb|[of] p1a: Jellicent
|
|-damage|p2a: Jellicent|92/100 tox|[from] psn
|upkeep
|turn|19
|
|t:|1612569158
|move|p2a: Jellicent|Will-O-Wisp|p1a: Jellicent
|-status|p1a: Jellicent|brn
|move|p1a: Jellicent|Scald|p2a: Jellicent
|-heal|p2a: Jellicent|100/100 tox|[from] ability: Water Absorb|[of] p1a: Jellicent
|
|-damage|p2a: Jellicent|88/100 tox|[from] psn
|-damage|p1a: Jellicent|82/100 brn|[from] brn
|upkeep
|turn|20
|
|t:|1612569186
|switch|p1a: Braviary|Braviary, M|100/100
|move|p2a: Jellicent|Taunt|p1a: Braviary
|-start|p1a: Braviary|move: Taunt
|
|-damage|p2a: Jellicent|70/100 tox|[from] psn
|upkeep
|turn|21
|c|☆gringa lover|Nah I choked
|
|t:|1612569245
|switch|p1a: Jellicent|Jellicent, M|82/100 brn
|-damage|p1a: Jellicent|70/100 brn|[from] Stealth Rock
|move|p2a: Jellicent|Scald|p1a: Jellicent
|-heal|p1a: Jellicent|95/100 brn|[from] ability: Water Absorb|[of] p2a: Jellicent
|
|-damage|p2a: Jellicent|45/100 tox|[from] psn
|-damage|p1a: Jellicent|88/100 brn|[from] brn
|upkeep
|turn|22
|
|t:|1612569281
|move|p2a: Jellicent|Recover|p2a: Jellicent
|-heal|p2a: Jellicent|95/100 tox
|move|p1a: Jellicent|Taunt|p2a: Jellicent
|-start|p2a: Jellicent|move: Taunt
|
|-damage|p2a: Jellicent|64/100 tox|[from] psn
|-damage|p1a: Jellicent|82/100 brn|[from] brn
|upkeep
|turn|23
|
|t:|1612569306
|switch|p2a: Vikavolt|Vikavolt, M|100/100
|move|p1a: Jellicent|Scald|p2a: Vikavolt
|-damage|p2a: Vikavolt|68/100
|
|-damage|p1a: Jellicent|76/100 brn|[from] brn
|upkeep
|turn|24
|
|t:|1612569330
|switch|p1a: Sandaconda|Sandaconda, F|100/100
|-damage|p1a: Sandaconda|94/100|[from] Stealth Rock
|move|p2a: Vikavolt|Volt Switch|p1a: Sandaconda
|-immune|p1a: Sandaconda
|
|-heal|p1a: Sandaconda|100/100|[from] item: Leftovers
|upkeep
|turn|25
|
|t:|1612569342
|move|p2a: Vikavolt|Sticky Web|p1a: Sandaconda
|-sidestart|p1: gringa lover|move: Sticky Web
|move|p1a: Sandaconda|Rock Slide|p2a: Vikavolt
|-supereffective|p2a: Vikavolt
|-damage|p2a: Vikavolt|24/100
|
|upkeep
|turn|26
|
|t:|1612569352
|move|p2a: Vikavolt|Roost|p2a: Vikavolt
|-heal|p2a: Vikavolt|74/100
|-singleturn|p2a: Vikavolt|move: Roost
|move|p1a: Sandaconda|Earthquake|p2a: Vikavolt
|-immune|p2a: Vikavolt|[from] ability: Levitate
|
|upkeep
|turn|27
|
|t:|1612569364
|move|p2a: Vikavolt|Bug Buzz|p1a: Sandaconda
|-damage|p1a: Sandaconda|32/100
|move|p1a: Sandaconda|Rock Slide|p2a: Vikavolt
|-supereffective|p2a: Vikavolt
|-damage|p2a: Vikavolt|28/100
|
|-heal|p1a: Sandaconda|38/100|[from] item: Leftovers
|upkeep
|turn|28
|
|t:|1612569374
|switch|p1a: Garbodor|Garbodor, F|100/100
|-activate|p1a: Garbodor|move: Sticky Web
|-unboost|p1a: Garbodor|spe|1
|-damage|p1a: Garbodor|88/100|[from] Stealth Rock
|move|p2a: Vikavolt|Roost|p2a: Vikavolt
|-heal|p2a: Vikavolt|78/100
|-singleturn|p2a: Vikavolt|move: Roost
|
|-heal|p1a: Garbodor|94/100|[from] item: Black Sludge
|upkeep
|turn|29
|
|t:|1612569380
|move|p2a: Vikavolt|Volt Switch|p1a: Garbodor
|-damage|p1a: Garbodor|59/100
|
|t:|1612569384
|switch|p2a: Claydol|Claydol|82/100|[from]move: Volt Switch
|-damage|p2a: Claydol|76/100|[from] Stealth Rock
|move|p1a: Garbodor|Spikes|p2a: Claydol
|-sidestart|p2: siegbackto|Spikes
|
|-heal|p1a: Garbodor|65/100|[from] item: Black Sludge
|upkeep
|turn|30
|
|t:|1612569395
|switch|p1a: Jellicent|Jellicent, M|76/100 brn
|-damage|p1a: Jellicent|64/100 brn|[from] Stealth Rock
|-activate|p1a: Jellicent|move: Sticky Web
|-unboost|p1a: Jellicent|spe|1
|move|p2a: Claydol|Teleport|p2a: Claydol
|
|t:|1612569402
|switch|p2a: Vikavolt|Vikavolt, M|78/100|[from]move: Teleport
|
|-damage|p1a: Jellicent|57/100 brn|[from] brn
|upkeep
|turn|31
|
|t:|1612569424
|switch|p1a: Sandaconda|Sandaconda, F|38/100
|-damage|p1a: Sandaconda|32/100|[from] Stealth Rock
|-activate|p1a: Sandaconda|move: Sticky Web
|-unboost|p1a: Sandaconda|spe|1
|move|p2a: Vikavolt|Volt Switch|p1a: Sandaconda
|-immune|p1a: Sandaconda
|
|-heal|p1a: Sandaconda|38/100|[from] item: Leftovers
|upkeep
|turn|32
|
|t:|1612569435
|switch|p1a: Sandslash|Sandslash-Alola, M|94/100
|-activate|p1a: Sandslash|move: Sticky Web
|-unboost|p1a: Sandslash|spe|1
|-damage|p1a: Sandslash|82/100|[from] Stealth Rock
|move|p2a: Vikavolt|Bug Buzz|p1a: Sandslash
|-resisted|p1a: Sandslash
|-damage|p1a: Sandslash|58/100
|
|-heal|p1a: Sandslash|64/100|[from] item: Leftovers
|upkeep
|turn|33
|
|t:|1612569444
|move|p2a: Vikavolt|Volt Switch|p1a: Sandslash
|-damage|p1a: Sandslash|26/100
|
|t:|1612569448
|switch|p2a: Jellicent|Jellicent, M|64/100 tox|[from]move: Volt Switch
|-damage|p2a: Jellicent|51/100 tox|[from] Stealth Rock
|-damage|p2a: Jellicent|39/100 tox|[from] Spikes
|move|p1a: Sandslash|Knock Off|p2a: Jellicent
|-supereffective|p2a: Jellicent
|-damage|p2a: Jellicent|11/100 tox
|
|-heal|p1a: Sandslash|32/100|[from] item: Leftovers
|-damage|p2a: Jellicent|5/100 tox|[from] psn
|upkeep
|turn|34
|
|t:|1612569480
|move|p2a: Jellicent|Recover|p2a: Jellicent
|-heal|p2a: Jellicent|55/100 tox
|move|p1a: Sandslash|Knock Off|p2a: Jellicent
|-supereffective|p2a: Jellicent
|-damage|p2a: Jellicent|28/100 tox
|
|-heal|p1a: Sandslash|38/100|[from] item: Leftovers
|-damage|p2a: Jellicent|16/100 tox|[from] psn
|upkeep
|turn|35
|
|t:|1612569486
|move|p2a: Jellicent|Scald|p1a: Sandslash
|-damage|p1a: Sandslash|16/100
|move|p1a: Sandslash|Knock Off|p2a: Jellicent
|-supereffective|p2a: Jellicent
|-damage|p2a: Jellicent|0 fnt
|faint|p2a: Jellicent
|
|-heal|p1a: Sandslash|22/100|[from] item: Leftovers
|upkeep
|
|t:|1612569516
|switch|p2a: Vikavolt|Vikavolt, M|78/100
|turn|36
|
|t:|1612569519
|move|p2a: Vikavolt|Bug Buzz|p1a: Sandslash
|-resisted|p1a: Sandslash
|-damage|p1a: Sandslash|0 fnt
|faint|p1a: Sandslash
|
|upkeep
|
|t:|1612569523
|switch|p1a: Braviary|Braviary, M|100/100
|turn|37
|
|t:|1612569538
|move|p1a: Braviary|Brave Bird|p2a: Vikavolt
|-damage|p2a: Vikavolt|22/100
|-damage|p1a: Braviary|86/100|[from] Recoil
|move|p2a: Vikavolt|Volt Switch|p1a: Braviary
|-supereffective|p1a: Braviary
|-damage|p1a: Braviary|7/100
|
|t:|1612569547
|switch|p2a: Talonflame|Talonflame, M|100/100|[from]move: Volt Switch
|
|upkeep
|turn|38
|
|t:|1612569557
|switch|p1a: Garbodor|Garbodor, F|65/100
|-damage|p1a: Garbodor|52/100|[from] Stealth Rock
|-activate|p1a: Garbodor|move: Sticky Web
|-unboost|p1a: Garbodor|spe|1
|move|p2a: Talonflame|Flare Blitz|p1a: Garbodor
|-damage|p1a: Garbodor|4/100
|-status|p1a: Garbodor|brn
|-damage|p2a: Talonflame|81/100|[from] Recoil
|
|-heal|p1a: Garbodor|10/100 brn|[from] item: Black Sludge
|-damage|p1a: Garbodor|4/100 brn|[from] brn
|upkeep
|turn|39
|
|t:|1612569575
|move|p2a: Talonflame|Flare Blitz|p1a: Garbodor
|-damage|p1a: Garbodor|0 fnt
|-damage|p2a: Talonflame|56/100|[from] ability: Aftermath|[of] p1a: Garbodor
|-damage|p2a: Talonflame|55/100|[from] Recoil
|faint|p1a: Garbodor
|
|upkeep
|
|t:|1612569577
|switch|p1a: Jellicent|Jellicent, M|57/100 brn
|-damage|p1a: Jellicent|45/100 brn|[from] Stealth Rock
|-activate|p1a: Jellicent|move: Sticky Web
|-unboost|p1a: Jellicent|spe|1
|turn|40
|
|t:|1612569606
|switch|p2a: Magneton|Magneton|13/100
|-damage|p2a: Magneton|7/100|[from] Stealth Rock
|-damage|p2a: Magneton|0 fnt|[from] Spikes
|faint|p2a: Magneton
|move|p1a: Jellicent|Scald|p2: Magneton|[notarget]
|-fail|p1a: Jellicent
|
|-damage|p1a: Jellicent|39/100 brn|[from] brn
|upkeep
|
|t:|1612569610
|switch|p2a: Scrafty|Scrafty, F|100/100
|-damage|p2a: Scrafty|88/100|[from] Spikes
|-damage|p2a: Scrafty|82/100|[from] Stealth Rock
|turn|41
|
|t:|1612569615
|move|p2a: Scrafty|Dragon Dance|p2a: Scrafty
|-boost|p2a: Scrafty|atk|1
|-boost|p2a: Scrafty|spe|1
|move|p1a: Jellicent|Taunt|p2a: Scrafty
|-start|p2a: Scrafty|move: Taunt
|
|-damage|p1a: Jellicent|33/100 brn|[from] brn
|upkeep
|turn|42
|
|t:|1612569621
|move|p2a: Scrafty|Knock Off|p1a: Jellicent
|-supereffective|p1a: Jellicent
|-enditem|p1a: Jellicent|Colbur Berry|[eat]
|-enditem|p1a: Jellicent|Colbur Berry|[weaken]
|-damage|p1a: Jellicent|0 fnt
|faint|p1a: Jellicent
|-ability|p2a: Scrafty|Moxie|boost
|-boost|p2a: Scrafty|atk|1
|
|upkeep
|
|t:|1612569626
|switch|p1a: Sandaconda|Sandaconda, F|38/100
|-activate|p1a: Sandaconda|move: Sticky Web
|-unboost|p1a: Sandaconda|spe|1
|-damage|p1a: Sandaconda|32/100|[from] Stealth Rock
|turn|43
|c|☆gringa lover|Gg
|
|t:|1612569631
|move|p2a: Scrafty|Close Combat|p1a: Sandaconda
|-damage|p1a: Sandaconda|0 fnt
|-unboost|p2a: Scrafty|def|1
|-unboost|p2a: Scrafty|spd|1
|faint|p1a: Sandaconda
|-ability|p2a: Scrafty|Moxie|boost
|-boost|p2a: Scrafty|atk|1
|
|upkeep
|c|☆siegbackto|gg
|-message|gringa lover forfeited.
|
|win|siegbackto
|n|☆gringa lover|gringalover
|n|☆siegbackto|siegbackto
