|j|☆sugar ovens
|j|☆Yeyenation12121
|t:|1655091148
|gametype|singles
|player|p1|sugar ovens|twins|
|player|p2|Yeyenation12121|gambler|
|teamsize|p1|6
|teamsize|p2|6
|gen|8
|tier|[Gen 8] PU
|rated|Tournament battle
|rule|Sleep Clause Mod: Limit one foe put to sleep
|rule|Species Clause: Limit one of each Pokémon
|rule|OHKO Clause: OHKO moves are banned
|rule|Evasion Moves Clause: Evasion moves are banned
|rule|Endless Battle Clause: Forcing endless battles is banned
|rule|HP Percentage Mod: HP is shown in percentages
|rule|Dynamax Clause: You cannot dynamax
|clearpoke
|poke|p1|Charizard, F|
|poke|p1|Scrafty, F|
|poke|p1|Gigalith, M|
|poke|p1|Weezing, F|
|poke|p1|Eldegoss, M|
|poke|p1|Poliwrath, M|
|poke|p2|Cofagrigus, F|
|poke|p2|Klinklang|
|poke|p2|Claydol|
|poke|p2|Absol, F|
|poke|p2|Scrafty, F|
|poke|p2|Aggron, F|
|teampreview
|inactive|Battle timer is ON: inactive players will automatically lose when time's up. (requested by Yeyenation12121)
|inactive|sugar ovens has 120 seconds left.
|
|t:|1655091192
|start
|switch|p1a: Weezing|Weezing, F|100/100
|switch|p2a: Claydol|Claydol, shiny|100/100
|-ability|p1a: Weezing|Neutralizing Gas
|turn|1
|j|+Roonie217
|l|+Roonie217
|
|t:|1655091203
|-end|p1a: Weezing|ability: Neutralizing Gas
|switch|p1a: Eldegoss|Eldegoss, M|100/100
|move|p2a: Claydol|Stealth Rock|p1a: Eldegoss
|-sidestart|p1: sugar ovens|move: Stealth Rock
|
|upkeep
|turn|2
|
|t:|1655091211
|switch|p2a: Klinklang|Klinklang, shiny|100/100
|move|p1a: Eldegoss|Rapid Spin|p2a: Klinklang
|-resisted|p2a: Klinklang
|-damage|p2a: Klinklang|97/100
|-boost|p1a: Eldegoss|spe|1
|-sideend|p1: sugar ovens|Stealth Rock|[from] move: Rapid Spin|[of] p1a: Eldegoss
|
|upkeep
|turn|3
|j| Kython
|
|t:|1655091219
|switch|p1a: Charizard|Charizard, F|100/100
|move|p2a: Klinklang|Shift Gear|p2a: Klinklang
|-boost|p2a: Klinklang|spe|2
|-boost|p2a: Klinklang|atk|1
|
|upkeep
|turn|4
|
|t:|1655091223
|move|p2a: Klinklang|Substitute|p2a: Klinklang
|-start|p2a: Klinklang|Substitute
|-damage|p2a: Klinklang|72/100
|move|p1a: Charizard|Flamethrower|p2a: Klinklang
|-supereffective|p2a: Klinklang
|-end|p2a: Klinklang|Substitute
|
|upkeep
|turn|5
|
|t:|1655091226
|move|p2a: Klinklang|Wild Charge|p1a: Charizard
|-supereffective|p1a: Charizard
|-damage|p1a: Charizard|0 fnt
|faint|p1a: Charizard
|-damage|p2a: Klinklang|43/100|[from] Recoil
|-damage|p2a: Klinklang|33/100|[from] item: Life Orb
|
|upkeep
|j| OmegaWanderer
|
|t:|1655091253
|switch|p1a: Scrafty|Scrafty, F|100/100
|turn|6
|
|t:|1655091263
|move|p2a: Klinklang|Gear Grind|p1a: Scrafty
|-damage|p1a: Scrafty|57/100
|-damage|p1a: Scrafty|13/100
|-hitcount|p1a: Scrafty|2
|-damage|p2a: Klinklang|23/100|[from] item: Life Orb
|move|p1a: Scrafty|Drain Punch|p2a: Klinklang
|-supereffective|p2a: Klinklang
|-damage|p2a: Klinklang|0 fnt
|-heal|p1a: Scrafty|22/100|[from] drain|[of] p2a: Klinklang
|faint|p2a: Klinklang
|
|-heal|p1a: Scrafty|28/100|[from] item: Leftovers
|upkeep
|
|t:|1655091281
|switch|p2a: Claydol|Claydol, shiny|100/100
|turn|7
|
|t:|1655091286
|move|p2a: Claydol|Body Press|p1a: Scrafty
|-supereffective|p1a: Scrafty
|-damage|p1a: Scrafty|0 fnt
|faint|p1a: Scrafty
|
|upkeep
|
|t:|1655091292
|switch|p1a: Eldegoss|Eldegoss, M|100/100
|turn|8
|
|t:|1655091300
|switch|p2a: Aggron|Aggron, F, shiny|100/100
|move|p1a: Eldegoss|Leaf Storm|p2a: Aggron
|-damage|p2a: Aggron|0 fnt
|-unboost|p1a: Eldegoss|spa|2
|faint|p2a: Aggron
|
|upkeep
|
|t:|1655091304
|switch|p2a: Scrafty|Scrafty, F, shiny|100/100
|turn|9
|
|t:|1655091310
|switch|p1a: Poliwrath|Poliwrath, M|100/100
|move|p2a: Scrafty|Dragon Dance|p2a: Scrafty
|-boost|p2a: Scrafty|atk|1
|-boost|p2a: Scrafty|spe|1
|
|upkeep
|turn|10
|
|t:|1655091314
|move|p1a: Poliwrath|Close Combat|p2a: Scrafty
|-supereffective|p2a: Scrafty
|-damage|p2a: Scrafty|0 fnt
|-unboost|p1a: Poliwrath|def|1
|-unboost|p1a: Poliwrath|spd|1
|faint|p2a: Scrafty
|
|upkeep
|
|t:|1655091319
|switch|p2a: Cofagrigus|Cofagrigus, F, shiny|100/100
|turn|11
|
|t:|1655091327
|switch|p1a: Eldegoss|Eldegoss, M|100/100
|move|p2a: Cofagrigus|Will-O-Wisp|p1a: Eldegoss
|-status|p1a: Eldegoss|brn
|
|-damage|p1a: Eldegoss|94/100 brn|[from] brn
|upkeep
|turn|12
|
|t:|1655091337
|move|p1a: Eldegoss|Leaf Storm|p2a: Cofagrigus|[miss]
|-miss|p1a: Eldegoss|p2a: Cofagrigus
|move|p2a: Cofagrigus|Calm Mind|p2a: Cofagrigus
|-boost|p2a: Cofagrigus|spa|1
|-boost|p2a: Cofagrigus|spd|1
|
|-damage|p1a: Eldegoss|88/100 brn|[from] brn
|upkeep
|turn|13
|
|t:|1655091346
|move|p1a: Eldegoss|Sleep Powder|p2a: Cofagrigus
|-status|p2a: Cofagrigus|slp|[from] move: Sleep Powder
|cant|p2a: Cofagrigus|slp
|
|-damage|p1a: Eldegoss|82/100 brn|[from] brn
|upkeep
|turn|14
|
|t:|1655091350
|move|p1a: Eldegoss|Leaf Storm|p2a: Cofagrigus
|-damage|p2a: Cofagrigus|61/100 slp
|-unboost|p1a: Eldegoss|spa|2
|-curestatus|p2a: Cofagrigus|slp|[msg]
|move|p2a: Cofagrigus|Hex|p1a: Eldegoss
|-damage|p1a: Eldegoss|0 fnt
|faint|p1a: Eldegoss
|
|upkeep
|
|t:|1655091365
|switch|p1a: Gigalith|Gigalith, M|100/100
|-weather|Sandstorm|[from] ability: Sand Stream|[of] p1a: Gigalith
|turn|15
|
|t:|1655091369
|move|p2a: Cofagrigus|Will-O-Wisp|p1a: Gigalith|[miss]
|-miss|p2a: Cofagrigus|p1a: Gigalith
|move|p1a: Gigalith|Toxic|p2a: Cofagrigus
|-status|p2a: Cofagrigus|tox
|
|-weather|Sandstorm|[upkeep]
|-damage|p2a: Cofagrigus|55/100 tox|[from] Sandstorm
|-damage|p2a: Cofagrigus|49/100 tox|[from] psn
|upkeep
|turn|16
|
|t:|1655091374
|move|p2a: Cofagrigus|Will-O-Wisp|p1a: Gigalith
|-status|p1a: Gigalith|brn
|move|p1a: Gigalith|Rock Blast|p2a: Cofagrigus
|-damage|p2a: Cofagrigus|44/100 tox
|-damage|p2a: Cofagrigus|40/100 tox
|-damage|p2a: Cofagrigus|35/100 tox
|-hitcount|p2a: Cofagrigus|3
|
|-weather|Sandstorm|[upkeep]
|-damage|p2a: Cofagrigus|29/100 tox|[from] Sandstorm
|-damage|p2a: Cofagrigus|16/100 tox|[from] psn
|-damage|p1a: Gigalith|94/100 brn|[from] brn
|upkeep
|turn|17
|
|t:|1655091379
|move|p1a: Gigalith|Protect|p1a: Gigalith
|-singleturn|p1a: Gigalith|Protect
|move|p2a: Cofagrigus|Hex|p1a: Gigalith
|-activate|p1a: Gigalith|move: Protect
|
|-weather|Sandstorm|[upkeep]
|-damage|p2a: Cofagrigus|10/100 tox|[from] Sandstorm
|-heal|p1a: Gigalith|100/100 brn|[from] item: Leftovers
|-damage|p2a: Cofagrigus|0 fnt|[from] psn
|faint|p2a: Cofagrigus
|-damage|p1a: Gigalith|94/100 brn|[from] brn
|upkeep
|
|t:|1655091382
|switch|p2a: Absol|Absol, F, shiny|100/100
|turn|18
|
|t:|1655091387
|move|p2a: Absol|Swords Dance|p2a: Absol
|-boost|p2a: Absol|atk|2
|move|p1a: Gigalith|Rock Blast|p2a: Absol
|-damage|p2a: Absol|89/100
|-damage|p2a: Absol|78/100
|-damage|p2a: Absol|67/100
|-hitcount|p2a: Absol|3
|
|-weather|Sandstorm|[upkeep]
|-damage|p2a: Absol|61/100|[from] Sandstorm
|-heal|p1a: Gigalith|100/100 brn|[from] item: Leftovers
|-damage|p1a: Gigalith|94/100 brn|[from] brn
|upkeep
|turn|19
|
|t:|1655091399
|move|p2a: Absol|Night Slash|p1a: Gigalith
|-crit|p1a: Gigalith
|-damage|p1a: Gigalith|18/100 brn
|move|p1a: Gigalith|Rock Blast|p2a: Absol
|-damage|p2a: Absol|51/100
|-damage|p2a: Absol|39/100
|-damage|p2a: Absol|29/100
|-hitcount|p2a: Absol|3
|
|-weather|none
|-heal|p1a: Gigalith|24/100 brn|[from] item: Leftovers
|-damage|p1a: Gigalith|18/100 brn|[from] brn
|upkeep
|turn|20
|
|t:|1655091406
|move|p2a: Absol|Psycho Cut|p1a: Gigalith
|-crit|p1a: Gigalith
|-damage|p1a: Gigalith|0 fnt
|faint|p1a: Gigalith
|
|upkeep
|
|t:|1655091413
|switch|p1a: Poliwrath|Poliwrath, M|100/100
|turn|21
|
|t:|1655091421
|switch|p2a: Claydol|Claydol, shiny|100/100
|move|p1a: Poliwrath|Liquidation|p2a: Claydol
|-supereffective|p2a: Claydol
|-damage|p2a: Claydol|43/100
|
|-heal|p2a: Claydol|49/100|[from] item: Leftovers
|upkeep
|turn|22
|c|☆Yeyenation12121|gg
|
|t:|1655091428
|move|p1a: Poliwrath|Liquidation|p2a: Claydol
|-supereffective|p2a: Claydol
|-crit|p2a: Claydol
|-damage|p2a: Claydol|0 fnt
|faint|p2a: Claydol
|
|upkeep
|
|t:|1655091429
|switch|p2a: Absol|Absol, F, shiny|29/100
|turn|23
|
|t:|1655091432
|move|p2a: Absol|Sucker Punch|p1a: Poliwrath
|-resisted|p1a: Poliwrath
|-crit|p1a: Poliwrath
|-damage|p1a: Poliwrath|71/100
|move|p1a: Poliwrath|Liquidation|p2a: Absol
|-damage|p2a: Absol|0 fnt
|faint|p2a: Absol
|
|win|sugar ovens
|n|☆sugar ovens|sugarovens
|n|☆Yeyenation12121|yeyenation12121
|n| Kython|kython
|n| OmegaWanderer|omegawanderer
