|j|☆Pyroeh
|j|☆falcu
|t:|1650012016
|gametype|singles
|player|p1|Pyroeh|gentleman-gen4|1406
|player|p2|falcu|giovanni|1390
|teamsize|p1|6
|teamsize|p2|6
|gen|8
|tier|[Gen 8] PU
|rated|
|rule|Sleep Clause Mod: Limit one foe put to sleep
|rule|Species Clause: Limit one of each Pokémon
|rule|OHKO Clause: OHKO moves are banned
|rule|Evasion Moves Clause: Evasion moves are banned
|rule|Endless Battle Clause: Forcing endless battles is banned
|rule|HP Percentage Mod: HP is shown in percentages
|rule|Dynamax Clause: You cannot dynamax
|clearpoke
|poke|p1|Appletun, M|
|poke|p1|Charizard, M|
|poke|p1|Lanturn, F|
|poke|p1|Miltank, F|
|poke|p1|Ribombee, F|
|poke|p1|Skuntank, F|
|poke|p2|Gigalith, M|
|poke|p2|Comfey, F|
|poke|p2|Lycanroc, M|
|poke|p2|Charizard, M|
|poke|p2|Weezing, F|
|poke|p2|Trevenant, F|
|teampreview
|
|t:|1650012052
|start
|switch|p1a: Appletun|Appletun, M|100/100
|switch|p2a: Gigalith|Gigalith, M|100/100
|-weather|Sandstorm|[from] ability: Sand Stream|[of] p2a: Gigalith
|turn|1
|inactive|Battle timer is ON: inactive players will automatically lose when time's up. (requested by falcu)
|
|t:|1650012060
|move|p1a: Appletun|Apple Acid|p2a: Gigalith
|-supereffective|p2a: Gigalith
|-damage|p2a: Gigalith|73/100
|-unboost|p2a: Gigalith|spd|1
|move|p2a: Gigalith|Toxic|p1a: Appletun
|-status|p1a: Appletun|tox
|
|-weather|Sandstorm|[upkeep]
|-damage|p1a: Appletun|94/100 tox|[from] Sandstorm
|-heal|p1a: Appletun|100/100 tox|[from] item: Leftovers
|-damage|p1a: Appletun|94/100 tox|[from] psn
|upkeep
|turn|2
|
|t:|1650012071
|switch|p2a: Charizard|Charizard, M|100/100
|move|p1a: Appletun|Apple Acid|p2a: Charizard
|-resisted|p2a: Charizard
|-damage|p2a: Charizard|92/100
|-unboost|p2a: Charizard|spd|1
|
|-weather|Sandstorm|[upkeep]
|-damage|p2a: Charizard|86/100|[from] Sandstorm
|-damage|p1a: Appletun|88/100 tox|[from] Sandstorm
|-heal|p1a: Appletun|94/100 tox|[from] item: Leftovers
|-damage|p1a: Appletun|82/100 tox|[from] psn
|upkeep
|turn|3
|
|t:|1650012082
|switch|p1a: Lanturn|Lanturn, F|100/100
|move|p2a: Charizard|Flamethrower|p1a: Lanturn
|-resisted|p1a: Lanturn
|-damage|p1a: Lanturn|84/100
|
|-weather|Sandstorm|[upkeep]
|-damage|p2a: Charizard|80/100|[from] Sandstorm
|-damage|p1a: Lanturn|78/100|[from] Sandstorm
|-heal|p1a: Lanturn|84/100|[from] item: Leftovers
|upkeep
|turn|4
|
|t:|1650012091
|switch|p2a: Trevenant|Trevenant, F|100/100
|-item|p1a: Lanturn|Leftovers|[from] ability: Frisk|[of] p2a: Trevenant|[identify]
|move|p1a: Lanturn|Volt Switch|p2a: Trevenant
|-resisted|p2a: Trevenant
|-damage|p2a: Trevenant|88/100
|
|t:|1650012098
|switch|p1a: Miltank|Miltank, F|100/100|[from]move: Volt Switch
|
|-weather|Sandstorm|[upkeep]
|-damage|p1a: Miltank|94/100|[from] Sandstorm
|-damage|p2a: Trevenant|82/100|[from] Sandstorm
|-heal|p1a: Miltank|100/100|[from] item: Leftovers
|upkeep
|turn|5
|
|t:|1650012105
|switch|p1a: Skuntank|Skuntank, F|100/100
|move|p2a: Trevenant|Wood Hammer|p1a: Skuntank
|-resisted|p1a: Skuntank
|-damage|p1a: Skuntank|48/100
|-damage|p2a: Trevenant|62/100|[from] Recoil
|
|-weather|Sandstorm|[upkeep]
|-damage|p1a: Skuntank|42/100|[from] Sandstorm
|-damage|p2a: Trevenant|56/100|[from] Sandstorm
|-heal|p1a: Skuntank|48/100|[from] item: Black Sludge
|upkeep
|turn|6
|
|t:|1650012122
|switch|p2a: Weezing|Weezing, F|100/100
|move|p1a: Skuntank|Sucker Punch||[still]
|-fail|p1a: Skuntank
|
|-weather|Sandstorm|[upkeep]
|-damage|p1a: Skuntank|42/100|[from] Sandstorm
|-damage|p2a: Weezing|95/100|[from] Sandstorm
|-heal|p1a: Skuntank|48/100|[from] item: Black Sludge
|-heal|p2a: Weezing|100/100|[from] item: Black Sludge
|upkeep
|turn|7
|
|t:|1650012134
|switch|p1a: Miltank|Miltank, F|100/100
|move|p2a: Weezing|Flamethrower|p1a: Miltank
|-damage|p1a: Miltank|80/100
|
|-weather|Sandstorm|[upkeep]
|-damage|p1a: Miltank|74/100|[from] Sandstorm
|-damage|p2a: Weezing|95/100|[from] Sandstorm
|-heal|p1a: Miltank|80/100|[from] item: Leftovers
|-heal|p2a: Weezing|100/100|[from] item: Black Sludge
|upkeep
|turn|8
|
|t:|1650012161
|move|p1a: Miltank|Stealth Rock|p2a: Weezing
|-sidestart|p2: falcu|move: Stealth Rock
|move|p2a: Weezing|Toxic Spikes|p1a: Miltank
|-sidestart|p1: Pyroeh|move: Toxic Spikes
|
|-weather|none
|-heal|p1a: Miltank|86/100|[from] item: Leftovers
|upkeep
|turn|9
|
|t:|1650012171
|switch|p2a: Gigalith|Gigalith, M|73/100
|-damage|p2a: Gigalith|61/100|[from] Stealth Rock
|-weather|Sandstorm|[from] ability: Sand Stream|[of] p2a: Gigalith
|move|p1a: Miltank|Heal Bell|p1a: Miltank
|-activate|p1a: Miltank|move: Heal Bell
|-curestatus|p1: Appletun|tox|[msg]
|
|-weather|Sandstorm|[upkeep]
|-damage|p1a: Miltank|80/100|[from] Sandstorm
|-heal|p1a: Miltank|86/100|[from] item: Leftovers
|upkeep
|turn|10
|
|t:|1650012183
|switch|p1a: Skuntank|Skuntank, F|48/100
|-sideend|p1: Pyroeh|move: Toxic Spikes|[of] p1a: Skuntank
|move|p2a: Gigalith|Body Press|p1a: Skuntank
|-damage|p1a: Skuntank|22/100
|
|-weather|Sandstorm|[upkeep]
|-damage|p1a: Skuntank|16/100|[from] Sandstorm
|-heal|p1a: Skuntank|22/100|[from] item: Black Sludge
|upkeep
|turn|11
|
|t:|1650012193
|switch|p1a: Appletun|Appletun, M|82/100
|move|p2a: Gigalith|Rock Blast|p1a: Appletun
|-damage|p1a: Appletun|74/100
|-damage|p1a: Appletun|65/100
|-damage|p1a: Appletun|55/100
|-hitcount|p1a: Appletun|3
|
|-weather|Sandstorm|[upkeep]
|-damage|p1a: Appletun|49/100|[from] Sandstorm
|-heal|p1a: Appletun|55/100|[from] item: Leftovers
|upkeep
|turn|12
|
|t:|1650012208
|move|p1a: Appletun|Recover|p1a: Appletun
|-heal|p1a: Appletun|100/100
|move|p2a: Gigalith|Stealth Rock|p1a: Appletun
|-sidestart|p1: Pyroeh|move: Stealth Rock
|
|-weather|Sandstorm|[upkeep]
|-damage|p1a: Appletun|94/100|[from] Sandstorm
|-heal|p1a: Appletun|100/100|[from] item: Leftovers
|upkeep
|turn|13
|
|t:|1650012217
|move|p1a: Appletun|Apple Acid|p2a: Gigalith
|-supereffective|p2a: Gigalith
|-damage|p2a: Gigalith|36/100
|-unboost|p2a: Gigalith|spd|1
|move|p2a: Gigalith|Toxic|p1a: Appletun
|-status|p1a: Appletun|tox
|
|-weather|Sandstorm|[upkeep]
|-damage|p1a: Appletun|94/100 tox|[from] Sandstorm
|-heal|p1a: Appletun|100/100 tox|[from] item: Leftovers
|-damage|p1a: Appletun|94/100 tox|[from] psn
|upkeep
|turn|14
|j| ii88
|
|t:|1650012235
|switch|p2a: Charizard|Charizard, M|80/100
|move|p1a: Appletun|Apple Acid|p2a: Charizard
|-resisted|p2a: Charizard
|-damage|p2a: Charizard|72/100
|-unboost|p2a: Charizard|spd|1
|
|-weather|Sandstorm|[upkeep]
|-damage|p2a: Charizard|66/100|[from] Sandstorm
|-damage|p1a: Appletun|88/100 tox|[from] Sandstorm
|-heal|p1a: Appletun|94/100 tox|[from] item: Leftovers
|-damage|p1a: Appletun|82/100 tox|[from] psn
|upkeep
|turn|15
|
|t:|1650012247
|switch|p2a: Trevenant|Trevenant, F|56/100
|-damage|p2a: Trevenant|44/100|[from] Stealth Rock
|-item|p1a: Appletun|Leftovers|[from] ability: Frisk|[of] p2a: Trevenant|[identify]
|switch|p1a: Lanturn|Lanturn, F|84/100
|-damage|p1a: Lanturn|72/100|[from] Stealth Rock
|
|-weather|Sandstorm|[upkeep]
|-damage|p2a: Trevenant|38/100|[from] Sandstorm
|-damage|p1a: Lanturn|65/100|[from] Sandstorm
|-heal|p1a: Lanturn|72/100|[from] item: Leftovers
|upkeep
|turn|16
|
|t:|1650012258
|move|p1a: Lanturn|Protect|p1a: Lanturn
|-singleturn|p1a: Lanturn|Protect
|move|p2a: Trevenant|Wood Hammer|p1a: Lanturn
|-activate|p1a: Lanturn|move: Protect
|
|-weather|none
|-heal|p1a: Lanturn|78/100|[from] item: Leftovers
|upkeep
|turn|17
|
|t:|1650012266
|switch|p1a: Charizard|Charizard, M|100/100
|move|p2a: Trevenant|Wood Hammer|p1a: Charizard
|-resisted|p1a: Charizard
|-damage|p1a: Charizard|66/100
|-damage|p2a: Trevenant|27/100|[from] Recoil
|
|upkeep
|turn|18
|
|t:|1650012274
|switch|p2a: Gigalith|Gigalith, M|36/100
|-damage|p2a: Gigalith|24/100|[from] Stealth Rock
|-weather|Sandstorm|[from] ability: Sand Stream|[of] p2a: Gigalith
|move|p1a: Charizard|Toxic|p2a: Gigalith|[miss]
|-miss|p1a: Charizard|p2a: Gigalith
|
|-weather|Sandstorm|[upkeep]
|-damage|p1a: Charizard|60/100|[from] Sandstorm
|upkeep
|turn|19
|inactive|Pyroeh has 120 seconds left.
|
|t:|1650012307
|move|p1a: Charizard|Focus Blast|p2a: Gigalith
|-supereffective|p2a: Gigalith
|-damage|p2a: Gigalith|0 fnt
|faint|p2a: Gigalith
|
|-weather|Sandstorm|[upkeep]
|-damage|p1a: Charizard|54/100|[from] Sandstorm
|upkeep
|
|t:|1650012312
|switch|p2a: Lycanroc|Lycanroc, M|100/100
|-damage|p2a: Lycanroc|88/100|[from] Stealth Rock
|turn|20
|
|t:|1650012317
|switch|p1a: Miltank|Miltank, F|86/100
|-damage|p1a: Miltank|74/100|[from] Stealth Rock
|move|p2a: Lycanroc|Swords Dance|p2a: Lycanroc
|-boost|p2a: Lycanroc|atk|2
|
|-weather|Sandstorm|[upkeep]
|-damage|p1a: Miltank|68/100|[from] Sandstorm
|-heal|p1a: Miltank|74/100|[from] item: Leftovers
|upkeep
|turn|21
|
|t:|1650012329
|switch|p1a: Skuntank|Skuntank, F|22/100
|-damage|p1a: Skuntank|9/100|[from] Stealth Rock
|move|p2a: Lycanroc|Close Combat|p1a: Skuntank
|-damage|p1a: Skuntank|0 fnt
|-unboost|p2a: Lycanroc|def|1
|-unboost|p2a: Lycanroc|spd|1
|faint|p1a: Skuntank
|-damage|p2a: Lycanroc|78/100|[from] item: Life Orb
|
|-weather|Sandstorm|[upkeep]
|upkeep
|
|t:|1650012343
|switch|p1a: Appletun|Appletun, M|82/100 tox
|-damage|p1a: Appletun|70/100 tox|[from] Stealth Rock
|turn|22
|inactive|falcu has 120 seconds left.
|inactive|Pyroeh has 120 seconds left.
|inactive|Pyroeh has 90 seconds left.
|
|t:|1650012421
|move|p2a: Lycanroc|Stone Edge|p1a: Appletun|[miss]
|-miss|p2a: Lycanroc|p1a: Appletun
|move|p1a: Appletun|Apple Acid|p2a: Lycanroc
|-supereffective|p2a: Lycanroc
|-damage|p2a: Lycanroc|0 fnt
|faint|p2a: Lycanroc
|
|-weather|Sandstorm|[upkeep]
|-damage|p1a: Appletun|64/100 tox|[from] Sandstorm
|-heal|p1a: Appletun|70/100 tox|[from] item: Leftovers
|-damage|p1a: Appletun|64/100 tox|[from] psn
|upkeep
|inactive|falcu has 90 seconds left.
|
|t:|1650012439
|switch|p2a: Comfey|Comfey, F|100/100
|-damage|p2a: Comfey|88/100|[from] Stealth Rock
|turn|23
|
|t:|1650012445
|switch|p1a: Ribombee|Ribombee, F|100/100
|move|p2a: Comfey|Calm Mind|p2a: Comfey
|-boost|p2a: Comfey|spa|1
|-boost|p2a: Comfey|spd|1
|
|-weather|Sandstorm|[upkeep]
|-damage|p1a: Ribombee|94/100|[from] Sandstorm
|-damage|p2a: Comfey|82/100|[from] Sandstorm
|-heal|p2a: Comfey|88/100|[from] item: Leftovers
|upkeep
|turn|24
|
|t:|1650012454
|switch|p2a: Charizard|Charizard, M|66/100
|move|p1a: Ribombee|Quiver Dance|p1a: Ribombee
|-boost|p1a: Ribombee|spa|1
|-boost|p1a: Ribombee|spd|1
|-boost|p1a: Ribombee|spe|1
|
|-weather|Sandstorm|[upkeep]
|-damage|p1a: Ribombee|88/100|[from] Sandstorm
|-damage|p2a: Charizard|60/100|[from] Sandstorm
|upkeep
|turn|25
|
|t:|1650012462
|switch|p1a: Lanturn|Lanturn, F|78/100
|-damage|p1a: Lanturn|65/100|[from] Stealth Rock
|move|p2a: Charizard|Flamethrower|p1a: Lanturn
|-resisted|p1a: Lanturn
|-damage|p1a: Lanturn|50/100
|
|-weather|none
|-heal|p1a: Lanturn|57/100|[from] item: Leftovers
|upkeep
|turn|26
|
|t:|1650012474
|move|p2a: Charizard|Roost|p2a: Charizard
|-heal|p2a: Charizard|100/100
|-singleturn|p2a: Charizard|move: Roost
|move|p1a: Lanturn|Volt Switch|p2a: Charizard
|-damage|p2a: Charizard|76/100
|
|t:|1650012483
|switch|p1a: Miltank|Miltank, F|74/100|[from]move: Volt Switch
|-damage|p1a: Miltank|61/100|[from] Stealth Rock
|
|-heal|p1a: Miltank|67/100|[from] item: Leftovers
|upkeep
|turn|27
|inactive|falcu has 120 seconds left.
|
|t:|1650012500
|switch|p2a: Weezing|Weezing, F|100/100
|-damage|p2a: Weezing|88/100|[from] Stealth Rock
|move|p1a: Miltank|Body Slam|p2a: Weezing
|-damage|p2a: Weezing|72/100
|
|-heal|p1a: Miltank|74/100|[from] item: Leftovers
|-heal|p2a: Weezing|78/100|[from] item: Black Sludge
|upkeep
|turn|28
|inactive|Pyroeh has 120 seconds left.
|
|t:|1650012512
|switch|p1a: Charizard|Charizard, M|54/100
|move|p2a: Weezing|Toxic Spikes|p1a: Charizard
|-sidestart|p1: Pyroeh|move: Toxic Spikes
|
|-heal|p2a: Weezing|84/100|[from] item: Black Sludge
|upkeep
|turn|29
|inactive|Pyroeh has 120 seconds left.
|
|t:|1650012520
|move|p1a: Charizard|Fire Blast|p2a: Weezing|[miss]
|-miss|p1a: Charizard|p2a: Weezing
|move|p2a: Weezing|Sludge Bomb|p1a: Charizard
|-damage|p1a: Charizard|20/100
|-status|p1a: Charizard|psn
|
|-heal|p2a: Weezing|90/100|[from] item: Black Sludge
|-damage|p1a: Charizard|7/100 psn|[from] psn
|upkeep
|turn|30
|
|t:|1650012530
|switch|p2a: Charizard|Charizard, M|76/100
|move|p1a: Charizard|Fire Blast|p2a: Charizard
|-resisted|p2a: Charizard
|-damage|p2a: Charizard|28/100
|
|-damage|p1a: Charizard|0 fnt|[from] psn
|faint|p1a: Charizard
|upkeep
|inactive|Pyroeh has 120 seconds left.
|
|t:|1650012555
|switch|p1a: Lanturn|Lanturn, F|57/100
|-damage|p1a: Lanturn|44/100|[from] Stealth Rock
|-status|p1a: Lanturn|psn
|turn|31
|
|t:|1650012563
|move|p2a: Charizard|Roost|p2a: Charizard
|-heal|p2a: Charizard|78/100
|-singleturn|p2a: Charizard|move: Roost
|move|p1a: Lanturn|Scald|p2a: Charizard
|-supereffective|p2a: Charizard
|-damage|p2a: Charizard|22/100
|
|-heal|p1a: Lanturn|50/100 psn|[from] item: Leftovers
|-damage|p1a: Lanturn|38/100 psn|[from] psn
|upkeep
|turn|32
|
|t:|1650012576
|move|p2a: Charizard|Roost|p2a: Charizard
|-heal|p2a: Charizard|72/100
|-singleturn|p2a: Charizard|move: Roost
|move|p1a: Lanturn|Scald|p2a: Charizard
|-supereffective|p2a: Charizard
|-damage|p2a: Charizard|17/100
|
|-heal|p1a: Lanturn|44/100 psn|[from] item: Leftovers
|-damage|p1a: Lanturn|32/100 psn|[from] psn
|upkeep
|turn|33
|
|t:|1650012587
|switch|p1a: Miltank|Miltank, F|74/100
|-status|p1a: Miltank|psn
|-damage|p1a: Miltank|61/100 psn|[from] Stealth Rock
|move|p2a: Charizard|Roost|p2a: Charizard
|-heal|p2a: Charizard|67/100
|-singleturn|p2a: Charizard|move: Roost
|
|-heal|p1a: Miltank|67/100 psn|[from] item: Leftovers
|-damage|p1a: Miltank|55/100 psn|[from] psn
|upkeep
|turn|34
|
|t:|1650012600
|switch|p2a: Trevenant|Trevenant, F|27/100
|-damage|p2a: Trevenant|15/100|[from] Stealth Rock
|-item|p1a: Miltank|Leftovers|[from] ability: Frisk|[of] p2a: Trevenant|[identify]
|move|p1a: Miltank|Body Slam|p2a: Trevenant
|-damage|p2a: Trevenant|0 fnt
|faint|p2a: Trevenant
|
|-heal|p1a: Miltank|61/100 psn|[from] item: Leftovers
|-damage|p1a: Miltank|48/100 psn|[from] psn
|upkeep
|
|t:|1650012606
|switch|p2a: Comfey|Comfey, F|88/100
|-damage|p2a: Comfey|76/100|[from] Stealth Rock
|turn|35
|
|t:|1650012615
|move|p1a: Miltank|Body Slam|p2a: Comfey
|-damage|p2a: Comfey|56/100
|move|p2a: Comfey|Calm Mind|p2a: Comfey
|-boost|p2a: Comfey|spa|1
|-boost|p2a: Comfey|spd|1
|
|-heal|p1a: Miltank|54/100 psn|[from] item: Leftovers
|-heal|p2a: Comfey|62/100|[from] item: Leftovers
|-damage|p1a: Miltank|42/100 psn|[from] psn
|upkeep
|turn|36
|
|t:|1650012625
|switch|p1a: Ribombee|Ribombee, F|88/100
|move|p2a: Comfey|Calm Mind|p2a: Comfey
|-boost|p2a: Comfey|spa|1
|-boost|p2a: Comfey|spd|1
|
|-heal|p2a: Comfey|68/100|[from] item: Leftovers
|upkeep
|turn|37
|
|t:|1650012632
|move|p2a: Comfey|Draining Kiss|p1a: Ribombee
|-damage|p1a: Ribombee|41/100
|-heal|p2a: Comfey|98/100|[from] drain|[of] p1a: Ribombee
|move|p1a: Ribombee|Quiver Dance|p1a: Ribombee
|-boost|p1a: Ribombee|spa|1
|-boost|p1a: Ribombee|spd|1
|-boost|p1a: Ribombee|spe|1
|
|-heal|p2a: Comfey|100/100|[from] item: Leftovers
|upkeep
|turn|38
|
|t:|1650012641
|move|p2a: Comfey|Draining Kiss|p1a: Ribombee
|-damage|p1a: Ribombee|6/100
|move|p1a: Ribombee|Roost|p1a: Ribombee
|-heal|p1a: Ribombee|56/100
|-singleturn|p1a: Ribombee|move: Roost
|
|upkeep
|turn|39
|
|t:|1650012647
|switch|p2a: Charizard|Charizard, M|67/100
|move|p1a: Ribombee|Quiver Dance|p1a: Ribombee
|-boost|p1a: Ribombee|spa|1
|-boost|p1a: Ribombee|spd|1
|-boost|p1a: Ribombee|spe|1
|
|upkeep
|turn|40
|
|t:|1650012655
|move|p1a: Ribombee|Moonblast|p2a: Charizard
|-resisted|p2a: Charizard
|-damage|p2a: Charizard|10/100
|-unboost|p2a: Charizard|spa|1
|move|p2a: Charizard|Flamethrower|p1a: Ribombee
|-supereffective|p1a: Ribombee
|-damage|p1a: Ribombee|0 fnt
|faint|p1a: Ribombee
|
|upkeep
|
|t:|1650012668
|switch|p1a: Miltank|Miltank, F|42/100 psn
|-damage|p1a: Miltank|30/100 psn|[from] Stealth Rock
|turn|41
|
|t:|1650012678
|move|p2a: Charizard|Roost|p2a: Charizard
|-heal|p2a: Charizard|60/100
|-singleturn|p2a: Charizard|move: Roost
|move|p1a: Miltank|Body Slam|p2a: Charizard
|-damage|p2a: Charizard|29/100
|
|-heal|p1a: Miltank|36/100 psn|[from] item: Leftovers
|-damage|p1a: Miltank|23/100 psn|[from] psn
|upkeep
|turn|42
|l| ii88
|
|t:|1650012686
|move|p2a: Charizard|Roost|p2a: Charizard
|-heal|p2a: Charizard|79/100
|-singleturn|p2a: Charizard|move: Roost
|move|p1a: Miltank|Body Slam|p2a: Charizard
|-damage|p2a: Charizard|44/100
|
|-heal|p1a: Miltank|29/100 psn|[from] item: Leftovers
|-damage|p1a: Miltank|17/100 psn|[from] psn
|upkeep
|turn|43
|
|t:|1650012696
|move|p2a: Charizard|Roost|p2a: Charizard
|-heal|p2a: Charizard|94/100
|-singleturn|p2a: Charizard|move: Roost
|move|p1a: Miltank|Milk Drink|p1a: Miltank
|-heal|p1a: Miltank|67/100 psn
|
|-heal|p1a: Miltank|73/100 psn|[from] item: Leftovers
|-damage|p1a: Miltank|61/100 psn|[from] psn
|upkeep
|turn|44
|
|t:|1650012704
|switch|p2a: Comfey|Comfey, F|100/100
|-damage|p2a: Comfey|88/100|[from] Stealth Rock
|move|p1a: Miltank|Milk Drink|p1a: Miltank
|-heal|p1a: Miltank|100/100 psn
|
|-heal|p2a: Comfey|94/100|[from] item: Leftovers
|-damage|p1a: Miltank|88/100 psn|[from] psn
|upkeep
|turn|45
|
|t:|1650012713
|move|p1a: Miltank|Body Slam|p2a: Comfey
|-damage|p2a: Comfey|71/100
|move|p2a: Comfey|Calm Mind|p2a: Comfey
|-boost|p2a: Comfey|spa|1
|-boost|p2a: Comfey|spd|1
|
|-heal|p1a: Miltank|94/100 psn|[from] item: Leftovers
|-heal|p2a: Comfey|78/100|[from] item: Leftovers
|-damage|p1a: Miltank|82/100 psn|[from] psn
|upkeep
|turn|46
|
|t:|1650012722
|move|p1a: Miltank|Body Slam|p2a: Comfey
|-damage|p2a: Comfey|57/100
|move|p2a: Comfey|Calm Mind|p2a: Comfey
|-boost|p2a: Comfey|spa|1
|-boost|p2a: Comfey|spd|1
|
|-heal|p1a: Miltank|88/100 psn|[from] item: Leftovers
|-heal|p2a: Comfey|63/100|[from] item: Leftovers
|-damage|p1a: Miltank|75/100 psn|[from] psn
|upkeep
|turn|47
|
|t:|1650012735
|move|p2a: Comfey|Draining Kiss|p1a: Miltank
|-damage|p1a: Miltank|42/100 psn
|-heal|p2a: Comfey|95/100|[from] drain|[of] p1a: Miltank
|move|p1a: Miltank|Body Slam|p2a: Comfey
|-damage|p2a: Comfey|74/100
|
|-heal|p1a: Miltank|49/100 psn|[from] item: Leftovers
|-heal|p2a: Comfey|80/100|[from] item: Leftovers
|-damage|p1a: Miltank|36/100 psn|[from] psn
|upkeep
|turn|48
|-message|Pyroeh forfeited.
|
|win|falcu
|raw|Pyroeh's rating: 1406 &rarr; <strong>1385</strong><br />(-21 for losing)
|raw|falcu's rating: 1390 &rarr; <strong>1411</strong><br />(+21 for winning)
|l|☆Pyroeh
