|raw|<div class="broadcast-blue"><strong>This battle is required to be public due to a player having a name starting with 'pult4c1'.</div>
|j|☆LivarUpp
|j|☆PULT4C1 eifo
|t:|1660905345
|gametype|singles
|player|p1|LivarUpp|265|1501
|player|p2|PULT4C1 eifo|youngster-gen4dp|1612
|teamsize|p1|6
|teamsize|p2|6
|gen|8
|tier|[Gen 8] PU
|rated|
|rule|Sleep Clause Mod: Limit one foe put to sleep
|rule|Species Clause: Limit one of each Pokémon
|rule|OHKO Clause: OHKO moves are banned
|rule|Evasion Items Clause: Evasion items are banned
|rule|Evasion Moves Clause: Evasion moves are banned
|rule|Endless Battle Clause: Forcing endless battles is banned
|rule|HP Percentage Mod: HP is shown in percentages
|rule|Dynamax Clause: You cannot dynamax
|clearpoke
|poke|p1|Ferroseed, M|
|poke|p1|Weezing, F|
|poke|p1|Quagsire, F|
|poke|p1|Audino, M|
|poke|p1|Throh, M|
|poke|p1|Altaria, M|
|poke|p2|Scyther, M|
|poke|p2|Jellicent, M|
|poke|p2|Audino, M|
|poke|p2|Sandslash, M|
|poke|p2|Aggron, M|
|poke|p2|Comfey, F|
|teampreview
|inactive|Battle timer is ON: inactive players will automatically lose when time's up. (requested by LivarUpp)
|j| PULT4C1 spacial
|inactive|PULT4C1 eifo has 120 seconds left.
|
|t:|1660905418
|start
|switch|p1a: Weezing|Weezing, F|100/100
|switch|p2a: Sandslash|Sandslash, M|100/100
|-ability|p1a: Weezing|Neutralizing Gas
|turn|1
|
|t:|1660905444
|move|p2a: Sandslash|Knock Off|p1a: Weezing
|-damage|p1a: Weezing|85/100
|-enditem|p1a: Weezing|Heavy-Duty Boots|[from] move: Knock Off|[of] p2a: Sandslash
|move|p1a: Weezing|Will-O-Wisp|p2a: Sandslash
|-status|p2a: Sandslash|brn
|
|-damage|p2a: Sandslash|94/100 brn|[from] brn
|upkeep
|turn|2
|
|t:|1660905461
|move|p2a: Sandslash|Spikes|p1a: Weezing
|-sidestart|p1: LivarUpp|Spikes
|move|p1a: Weezing|Toxic Spikes|p2a: Sandslash
|-sidestart|p2: PULT4C1 eifo|move: Toxic Spikes
|
|-heal|p2a: Sandslash|100/100 brn|[from] item: Leftovers
|-damage|p2a: Sandslash|94/100 brn|[from] brn
|upkeep
|turn|3
|
|t:|1660905482
|switch|p2a: Aggron|Aggron, M|100/100
|move|p1a: Weezing|Sludge Bomb|p2a: Aggron
|-immune|p2a: Aggron
|
|upkeep
|turn|4
|
|t:|1660905485
|move|p1a: Weezing|Will-O-Wisp|p2a: Aggron
|-status|p2a: Aggron|brn
|move|p2a: Aggron|Stealth Rock|p1a: Weezing
|-sidestart|p1: LivarUpp|move: Stealth Rock
|
|-damage|p2a: Aggron|94/100 brn|[from] brn
|upkeep
|turn|5
|
|t:|1660905499
|-end|p1a: Weezing|ability: Neutralizing Gas
|switch|p1a: Throh|Throh, M|100/100
|-damage|p1a: Throh|88/100|[from] Spikes
|-damage|p1a: Throh|82/100|[from] Stealth Rock
|-ability|p1a: Throh|Mold Breaker
|switch|p2a: Audino|Audino, M|100/100
|
|-heal|p1a: Throh|88/100|[from] item: Leftovers
|upkeep
|turn|6
|
|t:|1660905511
|move|p1a: Throh|Substitute|p1a: Throh
|-start|p1a: Throh|Substitute
|-damage|p1a: Throh|63/100
|move|p2a: Audino|Knock Off|p1a: Throh
|-resisted|p1a: Throh
|-activate|p1a: Throh|move: Substitute|[damage]
|
|-heal|p1a: Throh|69/100|[from] item: Leftovers
|upkeep
|turn|7
|
|t:|1660905516
|switch|p2a: Scyther|Scyther, M|100/100
|move|p1a: Throh|Knock Off|p2a: Scyther
|-damage|p2a: Scyther|66/100
|-enditem|p2a: Scyther|Heavy-Duty Boots|[from] move: Knock Off|[of] p1a: Throh
|
|-heal|p1a: Throh|75/100|[from] item: Leftovers
|upkeep
|turn|8
|
|t:|1660905534
|switch|p1a: Ferroseed|Ferroseed, M|100/100
|-damage|p1a: Ferroseed|88/100|[from] Spikes
|-damage|p1a: Ferroseed|82/100|[from] Stealth Rock
|move|p2a: Scyther|Dual Wingbeat|p1a: Ferroseed
|-damage|p1a: Ferroseed|63/100
|-damage|p2a: Scyther|53/100|[from] ability: Iron Barbs|[of] p1a: Ferroseed
|-damage|p1a: Ferroseed|45/100
|-damage|p2a: Scyther|41/100|[from] ability: Iron Barbs|[of] p1a: Ferroseed
|-hitcount|p1a: Ferroseed|2
|
|upkeep
|turn|9
|
|t:|1660905548
|move|p2a: Scyther|U-turn|p1a: Ferroseed
|-damage|p1a: Ferroseed|23/100
|-damage|p2a: Scyther|28/100|[from] ability: Iron Barbs|[of] p1a: Ferroseed
|
|t:|1660905554
|switch|p2a: Sandslash|Sandslash, M|94/100 brn|[from]move: U-turn
|move|p1a: Ferroseed|Stealth Rock|p2a: Sandslash
|-sidestart|p2: PULT4C1 eifo|move: Stealth Rock
|
|-heal|p2a: Sandslash|100/100 brn|[from] item: Leftovers
|-damage|p2a: Sandslash|94/100 brn|[from] brn
|upkeep
|turn|10
|
|t:|1660905567
|move|p2a: Sandslash|Rapid Spin|p1a: Ferroseed
|-resisted|p1a: Ferroseed
|-damage|p1a: Ferroseed|21/100
|-boost|p2a: Sandslash|spe|1
|-damage|p2a: Sandslash|82/100 brn|[from] ability: Iron Barbs|[of] p1a: Ferroseed
|-sideend|p2: PULT4C1 eifo|Toxic Spikes|[from] move: Rapid Spin|[of] p2a: Sandslash
|-sideend|p2: PULT4C1 eifo|Stealth Rock|[from] move: Rapid Spin|[of] p2a: Sandslash
|move|p1a: Ferroseed|Leech Seed|p2a: Sandslash
|-start|p2a: Sandslash|move: Leech Seed
|
|-heal|p2a: Sandslash|88/100 brn|[from] item: Leftovers
|-damage|p2a: Sandslash|76/100 brn|[from] Leech Seed|[of] p1a: Ferroseed
|-heal|p1a: Ferroseed|36/100|[silent]
|-damage|p2a: Sandslash|69/100 brn|[from] brn
|upkeep
|turn|11
|
|t:|1660905578
|switch|p2a: Jellicent|Jellicent, M|100/100
|move|p1a: Ferroseed|Stealth Rock|p2a: Jellicent
|-sidestart|p2: PULT4C1 eifo|move: Stealth Rock
|
|upkeep
|turn|12
|inactive|LivarUpp has 120 seconds left.
|
|t:|1660905617
|switch|p1a: Audino|Audino, M|100/100
|move|p2a: Jellicent|Will-O-Wisp|p1a: Audino
|-status|p1a: Audino|brn
|
|-damage|p1a: Audino|94/100 brn|[from] brn
|upkeep
|turn|13
|inactive|LivarUpp has 120 seconds left.
|
|t:|1660905634
|move|p2a: Jellicent|Taunt|p1a: Audino
|-start|p1a: Audino|move: Taunt
|move|p1a: Audino|Knock Off|p2a: Jellicent
|-supereffective|p2a: Jellicent
|-enditem|p2a: Jellicent|Colbur Berry|[eat]
|-enditem|p2a: Jellicent|Colbur Berry|[weaken]
|-damage|p2a: Jellicent|94/100
|
|-damage|p1a: Audino|88/100 brn|[from] brn
|upkeep
|turn|14
|
|t:|1660905652
|switch|p2a: Comfey|Comfey, F|100/100
|-damage|p2a: Comfey|88/100|[from] Stealth Rock
|switch|p1a: Altaria|Altaria, M|100/100
|
|upkeep
|turn|15
|inactive|LivarUpp has 120 seconds left.
|
|t:|1660905682
|move|p2a: Comfey|Calm Mind|p2a: Comfey
|-boost|p2a: Comfey|spa|1
|-boost|p2a: Comfey|spd|1
|move|p1a: Altaria|Defog|p2a: Comfey
|-unboost|p2a: Comfey|evasion|1
|-sideend|p2: PULT4C1 eifo|Stealth Rock|[from] move: Defog|[of] p1a: Altaria
|-sideend|p1: LivarUpp|Spikes|[from] move: Defog|[of] p1a: Altaria
|-sideend|p1: LivarUpp|Stealth Rock|[from] move: Defog|[of] p1a: Altaria
|
|upkeep
|turn|16
|
|t:|1660905686
|switch|p1a: Audino|Audino, M|100/100 brn
|move|p2a: Comfey|Calm Mind|p2a: Comfey
|-boost|p2a: Comfey|spa|1
|-boost|p2a: Comfey|spd|1
|
|-damage|p1a: Audino|94/100 brn|[from] brn
|upkeep
|turn|17
|
|t:|1660905691
|move|p2a: Comfey|Calm Mind|p2a: Comfey
|-boost|p2a: Comfey|spa|1
|-boost|p2a: Comfey|spd|1
|move|p1a: Audino|Wish|p1a: Audino
|
|-damage|p1a: Audino|88/100 brn|[from] brn
|upkeep
|turn|18
|
|t:|1660905709
|switch|p1a: Ferroseed|Ferroseed, M|36/100
|move|p2a: Comfey|Draining Kiss|p1a: Ferroseed
|-resisted|p1a: Ferroseed
|-damage|p1a: Ferroseed|9/100
|-heal|p2a: Comfey|100/100|[from] drain|[of] p1a: Ferroseed
|-damage|p2a: Comfey|88/100|[from] ability: Iron Barbs|[of] p1a: Ferroseed
|-damage|p2a: Comfey|78/100|[from] item: Life Orb
|
|-heal|p1a: Ferroseed|79/100|[from] move: Wish|[wisher] Audino
|upkeep
|turn|19
|
|t:|1660905726
|switch|p2a: Jellicent|Jellicent, M|94/100
|move|p1a: Ferroseed|Leech Seed|p2a: Jellicent
|-start|p2a: Jellicent|move: Leech Seed
|
|-damage|p2a: Jellicent|82/100|[from] Leech Seed|[of] p1a: Ferroseed
|-heal|p1a: Ferroseed|95/100|[silent]
|upkeep
|turn|20
|
|t:|1660905742
|move|p2a: Jellicent|Taunt|p1a: Ferroseed
|-start|p1a: Ferroseed|move: Taunt
|cant|p1a: Ferroseed|move: Taunt|Stealth Rock
|
|-damage|p2a: Jellicent|69/100|[from] Leech Seed|[of] p1a: Ferroseed
|-heal|p1a: Ferroseed|100/100|[silent]
|upkeep
|turn|21
|inactive|LivarUpp has 120 seconds left.
|
|t:|1660905775
|switch|p2a: Comfey|Comfey, F|78/100
|move|p1a: Ferroseed|Knock Off|p2a: Comfey
|-resisted|p2a: Comfey
|-damage|p2a: Comfey|71/100
|-enditem|p2a: Comfey|Life Orb|[from] move: Knock Off|[of] p1a: Ferroseed
|
|upkeep
|turn|22
|inactive|LivarUpp has 120 seconds left.
|
|t:|1660905784
|switch|p2a: Jellicent|Jellicent, M|69/100
|switch|p1a: Weezing|Weezing, F|85/100
|-ability|p1a: Weezing|Neutralizing Gas
|
|upkeep
|turn|23
|inactive|LivarUpp has 120 seconds left.
|
|t:|1660905802
|move|p2a: Jellicent|Scald|p1a: Weezing
|-damage|p1a: Weezing|53/100
|move|p1a: Weezing|Toxic Spikes|p2a: Jellicent
|-sidestart|p2: PULT4C1 eifo|move: Toxic Spikes
|
|upkeep
|turn|24
|inactive|LivarUpp has 120 seconds left.
|
|t:|1660905807
|-end|p1a: Weezing|ability: Neutralizing Gas
|switch|p1a: Altaria|Altaria, M|100/100
|move|p2a: Jellicent|Taunt|p1a: Altaria
|-start|p1a: Altaria|move: Taunt
|
|upkeep
|turn|25
|
|t:|1660905827
|switch|p1a: Throh|Throh, M|75/100
|-ability|p1a: Throh|Mold Breaker
|switch|p2a: Comfey|Comfey, F|71/100
|-status|p2a: Comfey|psn
|
|-heal|p1a: Throh|82/100|[from] item: Leftovers
|-damage|p2a: Comfey|59/100 psn|[from] psn
|upkeep
|turn|26
|inactive|LivarUpp has 120 seconds left.
|
|t:|1660905869
|switch|p1a: Ferroseed|Ferroseed, M|100/100
|move|p2a: Comfey|Aromatherapy|p2a: Comfey
|-activate|p2a: Comfey|move: Aromatherapy
|-curestatus|p2a: Comfey|psn|[msg]
|-curestatus|p2: Sandslash|brn|[msg]
|-curestatus|p2: Aggron|brn|[msg]
|
|upkeep
|turn|27
|
|t:|1660905879
|switch|p2a: Aggron|Aggron, M|94/100
|move|p1a: Ferroseed|Leech Seed|p2a: Aggron
|-start|p2a: Aggron|move: Leech Seed
|
|-heal|p2a: Aggron|100/100|[from] item: Leftovers
|-damage|p2a: Aggron|88/100|[from] Leech Seed|[of] p1a: Ferroseed
|upkeep
|turn|28
|
|t:|1660905892
|switch|p2a: Scyther|Scyther, M|28/100
|move|p1a: Ferroseed|Knock Off|p2a: Scyther
|-damage|p2a: Scyther|16/100
|
|upkeep
|turn|29
|
|t:|1660905898
|move|p2a: Scyther|Roost|p2a: Scyther
|-heal|p2a: Scyther|66/100
|-singleturn|p2a: Scyther|move: Roost
|move|p1a: Ferroseed|Stealth Rock|p2a: Scyther
|-sidestart|p2: PULT4C1 eifo|move: Stealth Rock
|
|upkeep
|turn|30
|
|t:|1660905905
|move|p2a: Scyther|Roost|p2a: Scyther
|-heal|p2a: Scyther|100/100
|-singleturn|p2a: Scyther|move: Roost
|move|p1a: Ferroseed|Leech Seed|p2a: Scyther
|-start|p2a: Scyther|move: Leech Seed
|
|-damage|p2a: Scyther|88/100|[from] Leech Seed|[of] p1a: Ferroseed
|upkeep
|turn|31
|inactive|LivarUpp has 120 seconds left.
|
|t:|1660905932
|move|p2a: Scyther|Knock Off|p1a: Ferroseed
|-damage|p1a: Ferroseed|80/100
|-damage|p2a: Scyther|76/100|[from] ability: Iron Barbs|[of] p1a: Ferroseed
|-enditem|p1a: Ferroseed|Eviolite|[from] move: Knock Off|[of] p2a: Scyther
|move|p1a: Ferroseed|Leech Seed||[still]
|-fail|p1a: Ferroseed
|
|-damage|p2a: Scyther|63/100|[from] Leech Seed|[of] p1a: Ferroseed
|-heal|p1a: Ferroseed|92/100|[silent]
|upkeep
|turn|32
|
|t:|1660905956
|move|p2a: Scyther|U-turn|p1a: Ferroseed
|-damage|p1a: Ferroseed|62/100
|-damage|p2a: Scyther|51/100|[from] ability: Iron Barbs|[of] p1a: Ferroseed
|
|t:|1660905957
|switch|p2a: Aggron|Aggron, M|88/100|[from]move: U-turn
|-damage|p2a: Aggron|82/100|[from] Stealth Rock
|move|p1a: Ferroseed|Leech Seed|p2a: Aggron
|-start|p2a: Aggron|move: Leech Seed
|
|-heal|p2a: Aggron|88/100|[from] item: Leftovers
|-damage|p2a: Aggron|75/100|[from] Leech Seed|[of] p1a: Ferroseed
|-heal|p1a: Ferroseed|77/100|[silent]
|upkeep
|turn|33
|inactive|LivarUpp has 120 seconds left.
|
|t:|1660905978
|move|p2a: Aggron|Body Press|p1a: Ferroseed
|-supereffective|p1a: Ferroseed
|-damage|p1a: Ferroseed|19/100
|-damage|p2a: Aggron|63/100|[from] ability: Iron Barbs|[of] p1a: Ferroseed
|move|p1a: Ferroseed|Knock Off|p2a: Aggron
|-damage|p2a: Aggron|55/100
|-enditem|p2a: Aggron|Leftovers|[from] move: Knock Off|[of] p1a: Ferroseed
|
|-damage|p2a: Aggron|43/100|[from] Leech Seed|[of] p1a: Ferroseed
|-heal|p1a: Ferroseed|33/100|[silent]
|upkeep
|turn|34
|inactive|LivarUpp has 120 seconds left.
|inactive|PULT4C1 eifo has 120 seconds left.
|
|t:|1660906002
|switch|p2a: Sandslash|Sandslash, M|69/100
|-status|p2a: Sandslash|psn
|-damage|p2a: Sandslash|63/100 psn|[from] Stealth Rock
|move|p1a: Ferroseed|Rest|p1a: Ferroseed
|-status|p1a: Ferroseed|slp|[from] move: Rest
|-heal|p1a: Ferroseed|100/100 slp|[silent]
|
|-heal|p2a: Sandslash|69/100 psn|[from] item: Leftovers
|-damage|p2a: Sandslash|57/100 psn|[from] psn
|upkeep
|turn|35
|inactive|LivarUpp has 120 seconds left.
|
|t:|1660906038
|switch|p1a: Audino|Audino, M|100/100 brn
|move|p2a: Sandslash|Rapid Spin|p1a: Audino
|-damage|p1a: Audino|90/100 brn
|-boost|p2a: Sandslash|spe|1
|-sideend|p2: PULT4C1 eifo|Toxic Spikes|[from] move: Rapid Spin|[of] p2a: Sandslash
|-sideend|p2: PULT4C1 eifo|Stealth Rock|[from] move: Rapid Spin|[of] p2a: Sandslash
|
|-heal|p2a: Sandslash|63/100 psn|[from] item: Leftovers
|-damage|p2a: Sandslash|51/100 psn|[from] psn
|-damage|p1a: Audino|84/100 brn|[from] brn
|upkeep
|turn|36
|inactive|PULT4C1 eifo has 120 seconds left.
|
|t:|1660906055
|move|p2a: Sandslash|Spikes|p1a: Audino
|-sidestart|p1: LivarUpp|Spikes
|move|p1a: Audino|Heal Bell|p1a: Audino
|-activate|p1a: Audino|move: Heal Bell
|-curestatus|p1a: Audino|brn|[msg]
|-curestatus|p1: Ferroseed|slp|[msg]
|
|-heal|p2a: Sandslash|57/100 psn|[from] item: Leftovers
|-damage|p2a: Sandslash|45/100 psn|[from] psn
|upkeep
|turn|37
|
|t:|1660906075
|switch|p2a: Scyther|Scyther, M|51/100
|move|p1a: Audino|Knock Off|p2a: Scyther
|-damage|p2a: Scyther|36/100
|
|upkeep
|turn|38
|
|t:|1660906081
|move|p2a: Scyther|Dual Wingbeat|p1a: Audino
|-damage|p1a: Audino|59/100
|-damage|p1a: Audino|33/100
|-hitcount|p1a: Audino|2
|move|p1a: Audino|Wish|p1a: Audino
|
|upkeep
|turn|39
|j| PULT4C1 Haffling
|
|t:|1660906093
|switch|p1a: Weezing|Weezing, F|53/100
|-ability|p1a: Weezing|Neutralizing Gas
|-damage|p1a: Weezing|41/100|[from] Spikes
|move|p2a: Scyther|U-turn|p1a: Weezing
|-resisted|p1a: Weezing
|-damage|p1a: Weezing|29/100
|
|t:|1660906095
|switch|p2a: Jellicent|Jellicent, M|69/100|[from]move: U-turn
|
|-heal|p1a: Weezing|91/100|[from] move: Wish|[wisher] Audino
|upkeep
|turn|40
|
|t:|1660906101
|move|p2a: Jellicent|Taunt|p1a: Weezing
|-start|p1a: Weezing|move: Taunt
|cant|p1a: Weezing|move: Taunt|Toxic Spikes
|
|upkeep
|turn|41
|
|t:|1660906112
|-end|p1a: Weezing|ability: Neutralizing Gas
|switch|p1a: Altaria|Altaria, M|100/100
|move|p2a: Jellicent|Will-O-Wisp|p1a: Altaria
|-status|p1a: Altaria|brn
|
|-damage|p1a: Altaria|94/100 brn|[from] brn
|upkeep
|turn|42
|
|t:|1660906127
|move|p1a: Altaria|Defog|p2a: Jellicent
|-unboost|p2a: Jellicent|evasion|1
|-sideend|p1: LivarUpp|Spikes|[from] move: Defog|[of] p1a: Altaria
|move|p2a: Jellicent|Taunt|p1a: Altaria
|-start|p1a: Altaria|move: Taunt
|
|-damage|p1a: Altaria|88/100 brn|[from] brn
|upkeep
|turn|43
|
|t:|1660906133
|-curestatus|p1a: Altaria|brn|[from] ability: Natural Cure
|switch|p1a: Audino|Audino, M|66/100
|switch|p2a: Audino|Audino, M|100/100
|
|upkeep
|turn|44
|
|t:|1660906144
|move|p1a: Audino|Knock Off|p2a: Audino
|-damage|p2a: Audino|87/100
|-enditem|p2a: Audino|Heavy-Duty Boots|[from] move: Knock Off|[of] p1a: Audino
|move|p2a: Audino|Wish|p2a: Audino
|
|upkeep
|turn|45
|
|t:|1660906148
|switch|p2a: Aggron|Aggron, M|43/100
|move|p1a: Audino|Wish|p1a: Audino
|
|-heal|p2a: Aggron|100/100|[from] move: Wish|[wisher] Audino
|upkeep
|turn|46
|
|t:|1660906156
|switch|p1a: Weezing|Weezing, F|91/100
|-ability|p1a: Weezing|Neutralizing Gas
|move|p2a: Aggron|Stealth Rock|p1a: Weezing
|-sidestart|p1: LivarUpp|move: Stealth Rock
|
|-heal|p1a: Weezing|100/100|[from] move: Wish|[wisher] Audino
|upkeep
|turn|47
|
|t:|1660906169
|switch|p2a: Audino|Audino, M|100/100
|move|p1a: Weezing|Toxic Spikes|p2a: Audino
|-sidestart|p2: PULT4C1 eifo|move: Toxic Spikes
|
|upkeep
|turn|48
|
|t:|1660906179
|-end|p1a: Weezing|ability: Neutralizing Gas
|switch|p1a: Ferroseed|Ferroseed, M|100/100
|-damage|p1a: Ferroseed|94/100|[from] Stealth Rock
|move|p2a: Audino|Wish|p2a: Audino
|
|upkeep
|turn|49
|
|t:|1660906184
|switch|p2a: Scyther|Scyther, M|36/100
|move|p1a: Ferroseed|Leech Seed|p2a: Scyther
|-start|p2a: Scyther|move: Leech Seed
|
|-heal|p2a: Scyther|100/100|[from] move: Wish|[wisher] Audino
|-damage|p2a: Scyther|88/100|[from] Leech Seed|[of] p1a: Ferroseed
|-heal|p1a: Ferroseed|100/100|[silent]
|upkeep
|turn|50
|
|t:|1660906198
|move|p2a: Scyther|U-turn|p1a: Ferroseed
|-damage|p1a: Ferroseed|67/100
|-damage|p2a: Scyther|76/100|[from] ability: Iron Barbs|[of] p1a: Ferroseed
|
|t:|1660906206
|switch|p2a: Aggron|Aggron, M|100/100|[from]move: U-turn
|move|p1a: Ferroseed|Stealth Rock|p2a: Aggron
|-sidestart|p2: PULT4C1 eifo|move: Stealth Rock
|
|upkeep
|turn|51
|
|t:|1660906215
|switch|p1a: Quagsire|Quagsire, F|100/100
|move|p2a: Aggron|Body Press|p1a: Quagsire
|-damage|p1a: Quagsire|69/100
|
|upkeep
|turn|52
|
|t:|1660906233
|move|p2a: Aggron|Toxic|p1a: Quagsire
|-status|p1a: Quagsire|tox
|move|p1a: Quagsire|Recover|p1a: Quagsire
|-heal|p1a: Quagsire|100/100 tox
|
|-damage|p1a: Quagsire|94/100 tox|[from] psn
|upkeep
|turn|53
|
|t:|1660906245
|switch|p2a: Jellicent|Jellicent, M|69/100
|-status|p2a: Jellicent|psn
|-damage|p2a: Jellicent|57/100 psn|[from] Stealth Rock
|switch|p1a: Weezing|Weezing, F|100/100
|-ability|p1a: Weezing|Neutralizing Gas
|-damage|p1a: Weezing|88/100|[from] Stealth Rock
|
|-damage|p2a: Jellicent|45/100 psn|[from] psn
|upkeep
|turn|54
|
|t:|1660906251
|-end|p1a: Weezing|ability: Neutralizing Gas
|switch|p1a: Audino|Audino, M|99/100
|move|p2a: Jellicent|Recover|p2a: Jellicent
|-heal|p2a: Jellicent|95/100 psn
|
|-damage|p2a: Jellicent|82/100 psn|[from] psn
|upkeep
|turn|55
|
|t:|1660906254
|move|p1a: Audino|Protect|p1a: Audino
|-singleturn|p1a: Audino|Protect
|move|p2a: Jellicent|Taunt|p1a: Audino
|-activate|p1a: Audino|move: Protect
|
|-damage|p2a: Jellicent|70/100 psn|[from] psn
|upkeep
|turn|56
|
|t:|1660906265
|switch|p2a: Audino|Audino, M|100/100
|-status|p2a: Audino|psn
|-damage|p2a: Audino|88/100 psn|[from] Stealth Rock
|move|p1a: Audino|Wish|p1a: Audino
|
|-damage|p2a: Audino|76/100 psn|[from] psn
|upkeep
|turn|57
|
|t:|1660906272
|switch|p1a: Ferroseed|Ferroseed, M|67/100
|-damage|p1a: Ferroseed|60/100|[from] Stealth Rock
|move|p2a: Audino|Wish|p2a: Audino
|
|-heal|p1a: Ferroseed|100/100|[from] move: Wish|[wisher] Audino
|-damage|p2a: Audino|63/100 psn|[from] psn
|upkeep
|turn|58
|
|t:|1660906289
|switch|p2a: Sandslash|Sandslash, M|45/100 psn
|-damage|p2a: Sandslash|38/100 psn|[from] Stealth Rock
|move|p1a: Ferroseed|Knock Off|p2a: Sandslash
|-damage|p2a: Sandslash|29/100 psn
|-enditem|p2a: Sandslash|Leftovers|[from] move: Knock Off|[of] p1a: Ferroseed
|
|-heal|p2a: Sandslash|87/100 psn|[from] move: Wish|[wisher] Audino
|-damage|p2a: Sandslash|75/100 psn|[from] psn
|upkeep
|turn|59
|
|t:|1660906317
|move|p2a: Sandslash|Rapid Spin|p1a: Ferroseed
|-resisted|p1a: Ferroseed
|-damage|p1a: Ferroseed|95/100
|-boost|p2a: Sandslash|spe|1
|-damage|p2a: Sandslash|62/100 psn|[from] ability: Iron Barbs|[of] p1a: Ferroseed
|-sideend|p2: PULT4C1 eifo|Toxic Spikes|[from] move: Rapid Spin|[of] p2a: Sandslash
|-sideend|p2: PULT4C1 eifo|Stealth Rock|[from] move: Rapid Spin|[of] p2a: Sandslash
|move|p1a: Ferroseed|Leech Seed|p2a: Sandslash
|-start|p2a: Sandslash|move: Leech Seed
|
|-damage|p2a: Sandslash|50/100 psn|[from] Leech Seed|[of] p1a: Ferroseed
|-heal|p1a: Ferroseed|100/100|[silent]
|-damage|p2a: Sandslash|37/100 psn|[from] psn
|upkeep
|turn|60
|
|t:|1660906322
|switch|p2a: Scyther|Scyther, M|76/100
|move|p1a: Ferroseed|Stealth Rock|p2a: Scyther
|-sidestart|p2: PULT4C1 eifo|move: Stealth Rock
|
|upkeep
|turn|61
|
|t:|1660906333
|move|p2a: Scyther|Dual Wingbeat|p1a: Ferroseed
|-damage|p1a: Ferroseed|70/100
|-damage|p2a: Scyther|63/100|[from] ability: Iron Barbs|[of] p1a: Ferroseed
|-damage|p1a: Ferroseed|44/100
|-damage|p2a: Scyther|51/100|[from] ability: Iron Barbs|[of] p1a: Ferroseed
|-hitcount|p1a: Ferroseed|2
|move|p1a: Ferroseed|Leech Seed|p2a: Scyther
|-start|p2a: Scyther|move: Leech Seed
|
|-damage|p2a: Scyther|38/100|[from] Leech Seed|[of] p1a: Ferroseed
|-heal|p1a: Ferroseed|56/100|[silent]
|upkeep
|turn|62
|
|t:|1660906338
|switch|p1a: Weezing|Weezing, F|88/100
|-ability|p1a: Weezing|Neutralizing Gas
|-damage|p1a: Weezing|76/100|[from] Stealth Rock
|move|p2a: Scyther|U-turn|p1a: Weezing
|-resisted|p1a: Weezing
|-damage|p1a: Weezing|66/100
|
|t:|1660906357
|switch|p2a: Jellicent|Jellicent, M|70/100 psn|[from]move: U-turn
|-damage|p2a: Jellicent|58/100 psn|[from] Stealth Rock
|
|-damage|p2a: Jellicent|45/100 psn|[from] psn
|upkeep
|turn|63
|
|t:|1660906363
|move|p2a: Jellicent|Taunt|p1a: Weezing
|-start|p1a: Weezing|move: Taunt
|cant|p1a: Weezing|move: Taunt|Toxic Spikes
|
|-damage|p2a: Jellicent|33/100 psn|[from] psn
|upkeep
|turn|64
|
|t:|1660906368
|-end|p1a: Weezing|ability: Neutralizing Gas
|switch|p1a: Audino|Audino, M|100/100
|move|p2a: Jellicent|Recover|p2a: Jellicent
|-heal|p2a: Jellicent|83/100 psn
|
|-damage|p2a: Jellicent|71/100 psn|[from] psn
|upkeep
|turn|65
|
|t:|1660906375
|switch|p2a: Audino|Audino, M|96/100 psn
|-damage|p2a: Audino|84/100 psn|[from] Stealth Rock
|move|p1a: Audino|Protect||[still]
|-fail|p1a: Audino
|
|-damage|p2a: Audino|71/100 psn|[from] psn
|upkeep
|turn|66
|
|t:|1660906387
|move|p1a: Audino|Heal Bell|p1a: Audino
|-activate|p1a: Audino|move: Heal Bell
|-curestatus|p1: Quagsire|tox|[msg]
|move|p2a: Audino|Wish|p2a: Audino
|
|-damage|p2a: Audino|59/100 psn|[from] psn
|upkeep
|turn|67
|
|t:|1660906391
|switch|p2a: Sandslash|Sandslash, M|37/100 psn
|-damage|p2a: Sandslash|31/100 psn|[from] Stealth Rock
|move|p1a: Audino|Knock Off|p2a: Sandslash
|-crit|p2a: Sandslash
|-damage|p2a: Sandslash|19/100 psn
|
|-heal|p2a: Sandslash|77/100 psn|[from] move: Wish|[wisher] Audino
|-damage|p2a: Sandslash|65/100 psn|[from] psn
|upkeep
|turn|68
|
|t:|1660906413
|move|p1a: Audino|Protect|p1a: Audino
|-singleturn|p1a: Audino|Protect
|move|p2a: Sandslash|Rapid Spin|p1a: Audino
|-activate|p1a: Audino|move: Protect
|
|-damage|p2a: Sandslash|52/100 psn|[from] psn
|upkeep
|turn|69
|inactive|LivarUpp has 120 seconds left.
|l| PULT4C1 Haffling
|inactive|PULT4C1 eifo has 120 seconds left.
|
|t:|1660906474
|move|p2a: Sandslash|Rapid Spin|p1a: Audino
|-damage|p1a: Audino|89/100
|-boost|p2a: Sandslash|spe|1
|-sideend|p2: PULT4C1 eifo|Stealth Rock|[from] move: Rapid Spin|[of] p2a: Sandslash
|move|p1a: Audino|Wish|p1a: Audino
|
|-damage|p2a: Sandslash|40/100 psn|[from] psn
|upkeep
|turn|70
|
|t:|1660906494
|switch|p2a: Jellicent|Jellicent, M|71/100 psn
|switch|p1a: Ferroseed|Ferroseed, M|56/100
|-damage|p1a: Ferroseed|50/100|[from] Stealth Rock
|
|-heal|p1a: Ferroseed|100/100|[from] move: Wish|[wisher] Audino
|-damage|p2a: Jellicent|59/100 psn|[from] psn
|upkeep
|turn|71
|
|t:|1660906498
|move|p2a: Jellicent|Taunt|p1a: Ferroseed
|-start|p1a: Ferroseed|move: Taunt
|move|p1a: Ferroseed|Knock Off|p2a: Jellicent
|-supereffective|p2a: Jellicent
|-damage|p2a: Jellicent|44/100 psn
|
|-damage|p2a: Jellicent|32/100 psn|[from] psn
|upkeep
|turn|72
|
|t:|1660906502
|move|p2a: Jellicent|Recover|p2a: Jellicent
|-heal|p2a: Jellicent|82/100 psn
|move|p1a: Ferroseed|Knock Off|p2a: Jellicent
|-supereffective|p2a: Jellicent
|-damage|p2a: Jellicent|65/100 psn
|
|-damage|p2a: Jellicent|53/100 psn|[from] psn
|upkeep
|turn|73
|
|t:|1660906515
|move|p2a: Jellicent|Will-O-Wisp|p1a: Ferroseed
|-status|p1a: Ferroseed|brn
|move|p1a: Ferroseed|Knock Off|p2a: Jellicent
|-supereffective|p2a: Jellicent
|-damage|p2a: Jellicent|46/100 psn
|
|-damage|p2a: Jellicent|33/100 psn|[from] psn
|-damage|p1a: Ferroseed|94/100 brn|[from] brn
|-end|p1a: Ferroseed|move: Taunt
|upkeep
|turn|74
|
|t:|1660906519
|move|p2a: Jellicent|Taunt|p1a: Ferroseed
|-start|p1a: Ferroseed|move: Taunt
|cant|p1a: Ferroseed|move: Taunt|Stealth Rock
|
|-damage|p2a: Jellicent|21/100 psn|[from] psn
|-damage|p1a: Ferroseed|88/100 brn|[from] brn
|upkeep
|turn|75
|
|t:|1660906521
|switch|p1a: Audino|Audino, M|100/100
|move|p2a: Jellicent|Recover|p2a: Jellicent
|-heal|p2a: Jellicent|71/100 psn
|
|-damage|p2a: Jellicent|59/100 psn|[from] psn
|upkeep
|turn|76
|
|t:|1660906541
|switch|p2a: Scyther|Scyther, M|38/100
|move|p1a: Audino|Protect||[still]
|-fail|p1a: Audino
|
|upkeep
|turn|77
|
|t:|1660906547
|move|p2a: Scyther|Roost|p2a: Scyther
|-heal|p2a: Scyther|88/100
|-singleturn|p2a: Scyther|move: Roost
|move|p1a: Audino|Heal Bell|p1a: Audino
|-activate|p1a: Audino|move: Heal Bell
|-curestatus|p1: Ferroseed|brn|[msg]
|
|upkeep
|turn|78
|
|t:|1660906551
|move|p2a: Scyther|Dual Wingbeat|p1a: Audino
|-damage|p1a: Audino|76/100
|-damage|p1a: Audino|51/100
|-hitcount|p1a: Audino|2
|move|p1a: Audino|Wish|p1a: Audino
|
|upkeep
|turn|79
|
|t:|1660906556
|switch|p1a: Weezing|Weezing, F|66/100
|-ability|p1a: Weezing|Neutralizing Gas
|-damage|p1a: Weezing|54/100|[from] Stealth Rock
|move|p2a: Scyther|U-turn|p1a: Weezing
|-resisted|p1a: Weezing
|-damage|p1a: Weezing|43/100
|
|t:|1660906569
|switch|p2a: Audino|Audino, M|92/100 psn|[from]move: U-turn
|
|-heal|p1a: Weezing|100/100|[from] move: Wish|[wisher] Audino
|-damage|p2a: Audino|80/100 psn|[from] psn
|upkeep
|turn|80
|
|t:|1660906588
|move|p1a: Weezing|Toxic Spikes|p2a: Audino
|-sidestart|p2: PULT4C1 eifo|move: Toxic Spikes
|move|p2a: Audino|Wish|p2a: Audino
|
|-damage|p2a: Audino|67/100 psn|[from] psn
|upkeep
|turn|81
|
|t:|1660906602
|switch|p2a: Sandslash|Sandslash, M|40/100 psn
|move|p1a: Weezing|Sludge Bomb|p2a: Sandslash
|-resisted|p2a: Sandslash
|-damage|p2a: Sandslash|19/100 psn
|
|-heal|p2a: Sandslash|76/100 psn|[from] move: Wish|[wisher] Audino
|-damage|p2a: Sandslash|64/100 psn|[from] psn
|upkeep
|turn|82
|inactive|PULT4C1 eifo has 120 seconds left.
|
|t:|1660906636
|switch|p2a: Aggron|Aggron, M|100/100
|move|p1a: Weezing|Sludge Bomb|p2a: Aggron
|-immune|p2a: Aggron
|
|upkeep
|turn|83
|inactive|LivarUpp has 120 seconds left.
|
|t:|1660906671
|switch|p2a: Audino|Audino, M|67/100 psn
|move|p1a: Weezing|Will-O-Wisp||[still]
|-fail|p1a: Weezing
|
|-damage|p2a: Audino|55/100 psn|[from] psn
|upkeep
|turn|84
|
|t:|1660906675
|move|p1a: Weezing|Sludge Bomb|p2a: Audino
|-damage|p2a: Audino|36/100 psn
|move|p2a: Audino|Wish|p2a: Audino
|
|-damage|p2a: Audino|23/100 psn|[from] psn
|upkeep
|turn|85
|
|t:|1660906680
|switch|p2a: Sandslash|Sandslash, M|64/100 psn
|move|p1a: Weezing|Sludge Bomb|p2a: Sandslash
|-resisted|p2a: Sandslash
|-damage|p2a: Sandslash|42/100 psn
|
|-heal|p2a: Sandslash|99/100 psn|[from] move: Wish|[wisher] Audino
|-damage|p2a: Sandslash|88/100 psn|[from] psn
|upkeep
|turn|86
|
|t:|1660906686
|move|p2a: Sandslash|Earthquake|p1a: Weezing
|-supereffective|p1a: Weezing
|-damage|p1a: Weezing|55/100
|move|p1a: Weezing|Toxic Spikes|p2a: Sandslash
|-sidestart|p2: PULT4C1 eifo|move: Toxic Spikes
|
|-damage|p2a: Sandslash|75/100 psn|[from] psn
|upkeep
|turn|87
|
|t:|1660906691
|-end|p1a: Weezing|ability: Neutralizing Gas
|switch|p1a: Ferroseed|Ferroseed, M|88/100
|-damage|p1a: Ferroseed|82/100|[from] Stealth Rock
|move|p2a: Sandslash|Rapid Spin|p1a: Ferroseed
|-resisted|p1a: Ferroseed
|-damage|p1a: Ferroseed|76/100
|-boost|p2a: Sandslash|spe|1
|-damage|p2a: Sandslash|63/100 psn|[from] ability: Iron Barbs|[of] p1a: Ferroseed
|-sideend|p2: PULT4C1 eifo|Toxic Spikes|[from] move: Rapid Spin|[of] p2a: Sandslash
|
|-damage|p2a: Sandslash|50/100 psn|[from] psn
|upkeep
|turn|88
|
|t:|1660906704
|switch|p2a: Scyther|Scyther, M|88/100
|move|p1a: Ferroseed|Stealth Rock|p2a: Scyther
|-sidestart|p2: PULT4C1 eifo|move: Stealth Rock
|
|upkeep
|turn|89
|
|t:|1660906715
|move|p2a: Scyther|Dual Wingbeat|p1a: Ferroseed
|-damage|p1a: Ferroseed|49/100
|-damage|p2a: Scyther|76/100|[from] ability: Iron Barbs|[of] p1a: Ferroseed
|-damage|p1a: Ferroseed|20/100
|-damage|p2a: Scyther|63/100|[from] ability: Iron Barbs|[of] p1a: Ferroseed
|-hitcount|p1a: Ferroseed|2
|move|p1a: Ferroseed|Leech Seed|p2a: Scyther
|-start|p2a: Scyther|move: Leech Seed
|
|-damage|p2a: Scyther|51/100|[from] Leech Seed|[of] p1a: Ferroseed
|-heal|p1a: Ferroseed|32/100|[silent]
|upkeep
|turn|90
|
|t:|1660906721
|switch|p1a: Audino|Audino, M|84/100
|move|p2a: Scyther|U-turn|p1a: Audino
|-damage|p1a: Audino|54/100
|
|t:|1660906730
|switch|p2a: Aggron|Aggron, M|100/100|[from]move: U-turn
|-damage|p2a: Aggron|94/100|[from] Stealth Rock
|
|upkeep
|turn|91
|
|t:|1660906759
|switch|p1a: Quagsire|Quagsire, F|94/100
|move|p2a: Aggron|Body Press|p1a: Quagsire
|-damage|p1a: Quagsire|66/100
|
|upkeep
|turn|92
|
|t:|1660906769
|switch|p2a: Jellicent|Jellicent, M|59/100 psn
|-damage|p2a: Jellicent|46/100 psn|[from] Stealth Rock
|move|p1a: Quagsire|Recover|p1a: Quagsire
|-heal|p1a: Quagsire|100/100
|
|-damage|p2a: Jellicent|34/100 psn|[from] psn
|upkeep
|turn|93
|
|t:|1660906788
|move|p2a: Jellicent|Recover|p2a: Jellicent
|-heal|p2a: Jellicent|84/100 psn
|move|p1a: Quagsire|Curse|p1a: Quagsire
|-unboost|p1a: Quagsire|spe|1
|-boost|p1a: Quagsire|atk|1
|-boost|p1a: Quagsire|def|1
|
|-damage|p2a: Jellicent|72/100 psn|[from] psn
|upkeep
|turn|94
|
|t:|1660906792
|switch|p1a: Altaria|Altaria, M|88/100
|move|p2a: Jellicent|Will-O-Wisp|p1a: Altaria|[miss]
|-miss|p2a: Jellicent|p1a: Altaria
|
|-damage|p2a: Jellicent|60/100 psn|[from] psn
|upkeep
|turn|95
|inactive|LivarUpp has 120 seconds left.
|inactive|PULT4C1 eifo has 120 seconds left.
|
|t:|1660906836
|switch|p2a: Aggron|Aggron, M|94/100
|-damage|p2a: Aggron|88/100|[from] Stealth Rock
|move|p1a: Altaria|Flamethrower|p2a: Aggron
|-damage|p2a: Aggron|74/100
|
|upkeep
|turn|96
|inactive|LivarUpp has 90 seconds left.
|
|t:|1660906882
|switch|p1a: Quagsire|Quagsire, F|100/100
|switch|p2a: Comfey|Comfey, F|59/100
|-damage|p2a: Comfey|46/100|[from] Stealth Rock
|
|upkeep
|turn|97
|inactive|PULT4C1 eifo has 90 seconds left.
|
|t:|1660906921
|switch|p1a: Audino|Audino, M|87/100
|move|p2a: Comfey|Giga Drain|p1a: Audino
|-damage|p1a: Audino|73/100
|-heal|p2a: Comfey|56/100|[from] drain|[of] p1a: Audino
|
|upkeep
|turn|98
|
|t:|1660906934
|move|p2a: Comfey|Aromatherapy|p2a: Comfey
|-activate|p2a: Comfey|move: Aromatherapy
|-curestatus|p2: Sandslash|psn|[msg]
|-curestatus|p2: Audino|psn|[msg]
|-curestatus|p2: Jellicent|psn|[msg]
|move|p1a: Audino|Wish|p1a: Audino
|
|upkeep
|turn|99
|
|t:|1660906942
|switch|p2a: Audino|Audino, M|23/100
|-damage|p2a: Audino|11/100|[from] Stealth Rock
|switch|p1a: Weezing|Weezing, F|55/100
|-ability|p1a: Weezing|Neutralizing Gas
|-damage|p1a: Weezing|43/100|[from] Stealth Rock
|
|-heal|p1a: Weezing|100/100|[from] move: Wish|[wisher] Audino
|upkeep
|turn|100
|
|t:|1660906953
|move|p1a: Weezing|Sludge Bomb|p2a: Audino
|-damage|p2a: Audino|0 fnt
|faint|p2a: Audino
|
|upkeep
|
|t:|1660906956
|switch|p2a: Sandslash|Sandslash, M|50/100
|-damage|p2a: Sandslash|44/100|[from] Stealth Rock
|turn|101
|
|t:|1660906963
|move|p2a: Sandslash|Earthquake|p1a: Weezing
|-supereffective|p1a: Weezing
|-damage|p1a: Weezing|50/100
|move|p1a: Weezing|Will-O-Wisp|p2a: Sandslash
|-status|p2a: Sandslash|brn
|
|-damage|p2a: Sandslash|38/100 brn|[from] brn
|upkeep
|turn|102
|
|t:|1660906971
|move|p2a: Sandslash|Earthquake|p1a: Weezing
|-supereffective|p1a: Weezing
|-damage|p1a: Weezing|25/100
|move|p1a: Weezing|Rest|p1a: Weezing
|-status|p1a: Weezing|slp|[from] move: Rest
|-heal|p1a: Weezing|100/100 slp|[silent]
|
|-damage|p2a: Sandslash|32/100 brn|[from] brn
|upkeep
|turn|103
|
|t:|1660906976
|-end|p1a: Weezing|ability: Neutralizing Gas
|switch|p1a: Altaria|Altaria, M|88/100
|move|p2a: Sandslash|Rapid Spin|p1a: Altaria
|-crit|p1a: Altaria
|-damage|p1a: Altaria|79/100
|-boost|p2a: Sandslash|spe|1
|-sideend|p2: PULT4C1 eifo|Stealth Rock|[from] move: Rapid Spin|[of] p2a: Sandslash
|
|-damage|p2a: Sandslash|26/100 brn|[from] brn
|upkeep
|turn|104
|
|t:|1660906995
|switch|p2a: Comfey|Comfey, F|56/100
|move|p1a: Altaria|Defog|p2a: Comfey
|-unboost|p2a: Comfey|evasion|1
|-sideend|p1: LivarUpp|Stealth Rock|[from] move: Defog|[of] p1a: Altaria
|
|upkeep
|turn|105
|
|t:|1660907017
|switch|p1a: Audino|Audino, M|100/100
|move|p2a: Comfey|Calm Mind|p2a: Comfey
|-boost|p2a: Comfey|spa|1
|-boost|p2a: Comfey|spd|1
|
|upkeep
|turn|106
|
|t:|1660907020
|move|p2a: Comfey|Calm Mind|p2a: Comfey
|-boost|p2a: Comfey|spa|1
|-boost|p2a: Comfey|spd|1
|move|p1a: Audino|Wish|p1a: Audino
|
|upkeep
|turn|107
|
|t:|1660907035
|switch|p1a: Ferroseed|Ferroseed, M|32/100
|move|p2a: Comfey|Calm Mind|p2a: Comfey
|-boost|p2a: Comfey|spa|1
|-boost|p2a: Comfey|spd|1
|
|-heal|p1a: Ferroseed|100/100|[from] move: Wish|[wisher] Audino
|upkeep
|turn|108
|
|t:|1660907054
|move|p2a: Comfey|Calm Mind|p2a: Comfey
|-boost|p2a: Comfey|spa|1
|-boost|p2a: Comfey|spd|1
|move|p1a: Ferroseed|Leech Seed|p2a: Comfey
|-start|p2a: Comfey|move: Leech Seed
|
|-damage|p2a: Comfey|44/100|[from] Leech Seed|[of] p1a: Ferroseed
|upkeep
|turn|109
|
|t:|1660907060
|move|p2a: Comfey|Calm Mind|p2a: Comfey
|-boost|p2a: Comfey|spa|1
|-boost|p2a: Comfey|spd|1
|move|p1a: Ferroseed|Stealth Rock|p2a: Comfey
|-sidestart|p2: PULT4C1 eifo|move: Stealth Rock
|
|-damage|p2a: Comfey|32/100|[from] Leech Seed|[of] p1a: Ferroseed
|upkeep
|turn|110
|
|t:|1660907063
|move|p2a: Comfey|Draining Kiss|p1a: Ferroseed
|-resisted|p1a: Ferroseed
|-damage|p1a: Ferroseed|59/100
|-heal|p2a: Comfey|62/100|[from] drain|[of] p1a: Ferroseed
|-damage|p2a: Comfey|49/100|[from] ability: Iron Barbs|[of] p1a: Ferroseed
|move|p1a: Ferroseed|Knock Off|p2a: Comfey
|-resisted|p2a: Comfey
|-damage|p2a: Comfey|44/100
|
|-damage|p2a: Comfey|32/100|[from] Leech Seed|[of] p1a: Ferroseed
|-heal|p1a: Ferroseed|72/100|[silent]
|upkeep
|turn|111
|j| Squash
|inactive|LivarUpp has 90 seconds left.
|c|☆PULT4C1 eifo|fuck this shit lmfao
|c|☆PULT4C1 eifo|why did i only pull stall today
|c|☆LivarUpp|idk
|
|t:|1660907096
|move|p2a: Comfey|Draining Kiss|p1a: Ferroseed
|-resisted|p1a: Ferroseed
|-damage|p1a: Ferroseed|29/100
|-heal|p2a: Comfey|64/100|[from] drain|[of] p1a: Ferroseed
|-damage|p2a: Comfey|51/100|[from] ability: Iron Barbs|[of] p1a: Ferroseed
|move|p1a: Ferroseed|Knock Off|p2a: Comfey
|-resisted|p2a: Comfey
|-damage|p2a: Comfey|46/100
|
|-damage|p2a: Comfey|34/100|[from] Leech Seed|[of] p1a: Ferroseed
|-heal|p1a: Ferroseed|42/100|[silent]
|upkeep
|turn|112
|inactive|LivarUpp has 60 seconds left.
|
|t:|1660907112
|move|p2a: Comfey|Draining Kiss|p1a: Ferroseed
|-resisted|p1a: Ferroseed
|-damage|p1a: Ferroseed|0 fnt
|-heal|p2a: Comfey|64/100|[from] drain|[of] p1a: Ferroseed
|-damage|p2a: Comfey|51/100|[from] ability: Iron Barbs|[of] p1a: Ferroseed
|faint|p1a: Ferroseed
|
|upkeep
|
|t:|1660907114
|switch|p1a: Audino|Audino, M|100/100
|turn|113
|inactive|PULT4C1 eifo has 90 seconds left.
|
|t:|1660907149
|move|p1a: Audino|Protect|p1a: Audino
|-singleturn|p1a: Audino|Protect
|move|p2a: Comfey|Calm Mind|p2a: Comfey
|-boost|p2a: Comfey|spa|1
|-boost|p2a: Comfey|spd|1
|
|-damage|p2a: Comfey|39/100|[from] Leech Seed|[of] p1a: Audino
|upkeep
|turn|114
|
|t:|1660907154
|move|p2a: Comfey|Giga Drain|p1a: Audino
|-damage|p1a: Audino|43/100
|-heal|p2a: Comfey|78/100|[from] drain|[of] p1a: Audino
|move|p1a: Audino|Heal Bell|p1a: Audino
|-activate|p1a: Audino|move: Heal Bell
|-curestatus|p1: Weezing|slp|[msg]
|
|-damage|p2a: Comfey|66/100|[from] Leech Seed|[of] p1a: Audino
|-heal|p1a: Audino|52/100|[silent]
|upkeep
|turn|115
|inactive|PULT4C1 eifo has 60 seconds left.
|
|t:|1660907176
|move|p1a: Audino|Protect|p1a: Audino
|-singleturn|p1a: Audino|Protect
|move|p2a: Comfey|Calm Mind|p2a: Comfey
|-boost|p2a: Comfey|spa|0
|-boost|p2a: Comfey|spd|0
|
|-damage|p2a: Comfey|54/100|[from] Leech Seed|[of] p1a: Audino
|-heal|p1a: Audino|61/100|[silent]
|upkeep
|turn|116
|
|t:|1660907181
|switch|p1a: Quagsire|Quagsire, F|100/100
|move|p2a: Comfey|Draining Kiss|p1a: Quagsire
|-damage|p1a: Quagsire|84/100
|-heal|p2a: Comfey|69/100|[from] drain|[of] p1a: Quagsire
|
|-damage|p2a: Comfey|57/100|[from] Leech Seed|[of] p1a: Quagsire
|-heal|p1a: Quagsire|94/100|[silent]
|upkeep
|turn|117
|
|t:|1660907187
|switch|p1a: Weezing|Weezing, F|100/100
|-ability|p1a: Weezing|Neutralizing Gas
|move|p2a: Comfey|Giga Drain|p1a: Weezing
|-resisted|p1a: Weezing
|-damage|p1a: Weezing|47/100
|-heal|p2a: Comfey|86/100|[from] drain|[of] p1a: Weezing
|
|-damage|p2a: Comfey|74/100|[from] Leech Seed|[of] p1a: Weezing
|-heal|p1a: Weezing|58/100|[silent]
|upkeep
|turn|118
|c|☆LivarUpp|its okay tho
|c|☆LivarUpp|i donated this
|inactive|PULT4C1 eifo has 60 seconds left.
|
|t:|1660907213
|move|p2a: Comfey|Draining Kiss|p1a: Weezing
|-resisted|p1a: Weezing
|-damage|p1a: Weezing|0 fnt
|-heal|p2a: Comfey|100/100|[from] drain|[of] p1a: Weezing
|faint|p1a: Weezing
|-end|p1a: Weezing|ability: Neutralizing Gas
|
|upkeep
|l| PULT4C1 spacial
|-message|LivarUpp forfeited.
|
|win|PULT4C1 eifo
|raw|LivarUpp's rating: 1443 &rarr; <strong>1432</strong><br />(-11 for losing)
|raw|PULT4C1 eifo's rating: 1612 &rarr; <strong>1623</strong><br />(+11 for winning)
|l|☆LivarUpp
|c|☆PULT4C1 eifo|i suppos
|c|☆PULT4C1 eifo|bruh
|l| Squash
|c|☆PULT4C1 eifo|it sasy u are 1501
|c|☆PULT4C1 eifo|wtf
|c|☆PULT4C1 eifo|comee on man
||Ladder isn't responding, score probably updated but might not have (Request timeout).
