|j|☆Charegg1127
|j|☆Matsou
|t:|1619249503
|gametype|singles
|player|p1|Charegg1127|clown|1384
|player|p2|Matsou|grimsley|1448
|teamsize|p1|6
|teamsize|p2|6
|gen|8
|tier|[Gen 8] PU
|rated|
|clearpoke
|poke|p1|Weezing, F|
|poke|p1|Jolteon, F|
|poke|p1|Turtonator, M|
|poke|p1|Hitmonlee, M|
|poke|p1|Lycanroc, M|
|poke|p1|Silvally-*|
|poke|p2|Tsareena, F|
|poke|p2|Absol, F|
|poke|p2|Gigalith, M|
|poke|p2|Weezing, F|
|poke|p2|Lanturn, F|
|poke|p2|Ribombee, M|
|rule|Sleep Clause Mod: Limit one foe put to sleep
|rule|Species Clause: Limit one of each Pokémon
|rule|OHKO Clause: OHKO moves are banned
|rule|Evasion Moves Clause: Evasion moves are banned
|rule|Endless Battle Clause: Forcing endless battles is banned
|rule|HP Percentage Mod: HP is shown in percentages
|rule|Dynamax Clause: You cannot dynamax
|teampreview
|inactive|Battle timer is ON: inactive players will automatically lose when time's up. (requested by Matsou)
|
|t:|1619249514
|start
|switch|p1a: Turtonator|Turtonator, M|100/100
|switch|p2a: Tsareena|Tsareena, F|100/100
|turn|1
|
|t:|1619249519
|move|p2a: Tsareena|U-turn|p1a: Turtonator
|-resisted|p1a: Turtonator
|-damage|p1a: Turtonator|90/100
|
|t:|1619249521
|switch|p2a: Gigalith|Gigalith, M|100/100|[from]move: U-turn
|-weather|Sandstorm|[from] ability: Sand Stream|[of] p2a: Gigalith
|move|p1a: Turtonator|Shell Smash|p1a: Turtonator
|-unboost|p1a: Turtonator|def|1
|-unboost|p1a: Turtonator|spd|1
|-boost|p1a: Turtonator|atk|2
|-boost|p1a: Turtonator|spa|2
|-boost|p1a: Turtonator|spe|2
|-enditem|p1a: Turtonator|White Herb
|-clearnegativeboost|p1a: Turtonator|[silent]
|
|-weather|Sandstorm|[upkeep]
|-damage|p1a: Turtonator|84/100|[from] Sandstorm
|upkeep
|turn|2
|
|t:|1619249530
|move|p1a: Turtonator|Flash Cannon|p2a: Gigalith
|-supereffective|p2a: Gigalith
|-damage|p2a: Gigalith|54/100
|move|p2a: Gigalith|Rock Blast|p1a: Turtonator
|-supereffective|p1a: Turtonator
|-damage|p1a: Turtonator|60/100
|-supereffective|p1a: Turtonator
|-damage|p1a: Turtonator|36/100
|-hitcount|p1a: Turtonator|2
|
|-weather|Sandstorm|[upkeep]
|-damage|p1a: Turtonator|30/100|[from] Sandstorm
|-heal|p2a: Gigalith|60/100|[from] item: Leftovers
|upkeep
|turn|3
|
|t:|1619249539
|move|p2a: Gigalith|Protect|p2a: Gigalith
|-singleturn|p2a: Gigalith|Protect
|move|p1a: Turtonator|Flash Cannon|p2a: Gigalith
|-activate|p2a: Gigalith|move: Protect
|
|-weather|Sandstorm|[upkeep]
|-damage|p1a: Turtonator|24/100|[from] Sandstorm
|-heal|p2a: Gigalith|66/100|[from] item: Leftovers
|upkeep
|turn|4
|
|t:|1619249542
|move|p1a: Turtonator|Flash Cannon|p2a: Gigalith
|-supereffective|p2a: Gigalith
|-damage|p2a: Gigalith|15/100
|move|p2a: Gigalith|Rock Blast|p1a: Turtonator
|-supereffective|p1a: Turtonator
|-damage|p1a: Turtonator|0 fnt
|-hitcount|p1a: Turtonator|1
|faint|p1a: Turtonator
|
|-weather|Sandstorm|[upkeep]
|-heal|p2a: Gigalith|21/100|[from] item: Leftovers
|upkeep
|
|t:|1619249559
|switch|p1a: Hitmonlee|Hitmonlee, M|100/100
|turn|5
|
|t:|1619249561
|switch|p2a: Weezing|Weezing, F|100/100
|move|p1a: Hitmonlee|Fake Out|p2a: Weezing
|-enditem|p1a: Hitmonlee|Normal Gem|[from] gem
|-damage|p2a: Weezing|89/100
|
|-weather|none
|-heal|p2a: Weezing|95/100|[from] item: Black Sludge
|upkeep
|turn|6
|
|t:|1619249570
|switch|p1a: Weezing|Weezing, F|100/100
|move|p2a: Weezing|Will-O-Wisp|p1a: Weezing
|-status|p1a: Weezing|brn
|
|-heal|p2a: Weezing|100/100|[from] item: Black Sludge
|-damage|p1a: Weezing|95/100 brn|[from] brn
|upkeep
|turn|7
|
|t:|1619249583
|switch|p2a: Ribombee|Ribombee, M|100/100
|move|p1a: Weezing|Fire Blast|p2a: Ribombee
|-supereffective|p2a: Ribombee
|-damage|p2a: Ribombee|0 fnt
|faint|p2a: Ribombee
|
|-heal|p1a: Weezing|100/100 brn|[from] item: Black Sludge
|-damage|p1a: Weezing|95/100 brn|[from] brn
|upkeep
|
|t:|1619249591
|switch|p2a: Lanturn|Lanturn, F|100/100
|turn|8
|
|t:|1619249595
|move|p2a: Lanturn|Scald|p1a: Weezing
|-damage|p1a: Weezing|66/100 brn
|move|p1a: Weezing|Sludge Wave|p2a: Lanturn
|-damage|p2a: Lanturn|72/100
|
|-heal|p2a: Lanturn|78/100|[from] item: Leftovers
|-heal|p1a: Weezing|72/100 brn|[from] item: Black Sludge
|-damage|p1a: Weezing|66/100 brn|[from] brn
|upkeep
|turn|9
|
|t:|1619249604
|move|p2a: Lanturn|Scald|p1a: Weezing
|-damage|p1a: Weezing|38/100 brn
|move|p1a: Weezing|Toxic Spikes|p2a: Lanturn
|-sidestart|p2: Matsou|move: Toxic Spikes
|
|-heal|p2a: Lanturn|84/100|[from] item: Leftovers
|-heal|p1a: Weezing|44/100 brn|[from] item: Black Sludge
|-damage|p1a: Weezing|38/100 brn|[from] brn
|upkeep
|turn|10
|
|t:|1619249609
|move|p2a: Lanturn|Scald|p1a: Weezing
|-damage|p1a: Weezing|6/100 brn
|move|p1a: Weezing|Pain Split|p2a: Lanturn
|-sethp|p2a: Lanturn|45/100|[from] move: Pain Split|[silent]
|-sethp|p1a: Weezing|53/100 brn|[from] move: Pain Split
|
|-heal|p2a: Lanturn|51/100|[from] item: Leftovers
|-heal|p1a: Weezing|59/100 brn|[from] item: Black Sludge
|-damage|p1a: Weezing|53/100 brn|[from] brn
|upkeep
|turn|11
|
|t:|1619249615
|move|p2a: Lanturn|Scald|p1a: Weezing
|-damage|p1a: Weezing|24/100 brn
|move|p1a: Weezing|Toxic Spikes|p2a: Lanturn
|-sidestart|p2: Matsou|move: Toxic Spikes
|
|-heal|p2a: Lanturn|57/100|[from] item: Leftovers
|-heal|p1a: Weezing|30/100 brn|[from] item: Black Sludge
|-damage|p1a: Weezing|24/100 brn|[from] brn
|upkeep
|turn|12
|
|t:|1619249619
|move|p2a: Lanturn|Scald|p1a: Weezing
|-damage|p1a: Weezing|0 fnt
|faint|p1a: Weezing
|
|-heal|p2a: Lanturn|63/100|[from] item: Leftovers
|upkeep
|
|t:|1619249625
|switch|p1a: Hitmonlee|Hitmonlee, M|100/100
|turn|13
|
|t:|1619249634
|switch|p2a: Weezing|Weezing, F|100/100
|move|p1a: Hitmonlee|Earthquake|p2a: Weezing
|-immune|p2a: Weezing|[from] ability: Levitate
|
|upkeep
|turn|14
|
|t:|1619249646
|move|p1a: Hitmonlee|Stone Edge|p2a: Weezing
|-damage|p2a: Weezing|74/100
|move|p2a: Weezing|Will-O-Wisp|p1a: Hitmonlee
|-status|p1a: Hitmonlee|brn
|
|-heal|p2a: Weezing|80/100|[from] item: Black Sludge
|-damage|p1a: Hitmonlee|94/100 brn|[from] brn
|upkeep
|turn|15
|
|t:|1619249649
|switch|p2a: Tsareena|Tsareena, F|100/100
|move|p1a: Hitmonlee|Stone Edge|p2a: Tsareena
|-crit|p2a: Tsareena
|-damage|p2a: Tsareena|68/100
|
|-damage|p1a: Hitmonlee|88/100 brn|[from] brn
|upkeep
|turn|16
|
|t:|1619249654
|move|p1a: Hitmonlee|Close Combat|p2a: Tsareena
|-damage|p2a: Tsareena|25/100
|-unboost|p1a: Hitmonlee|def|1
|-unboost|p1a: Hitmonlee|spd|1
|move|p2a: Tsareena|Rapid Spin|p1a: Hitmonlee
|-damage|p1a: Hitmonlee|26/100 brn
|-boost|p2a: Tsareena|spe|1
|-sideend|p2: Matsou|Toxic Spikes|[from] move: Rapid Spin|[of] p2a: Tsareena
|
|-damage|p1a: Hitmonlee|20/100 brn|[from] brn
|upkeep
|turn|17
|
|t:|1619249663
|move|p2a: Tsareena|Rapid Spin|p1a: Hitmonlee
|-damage|p1a: Hitmonlee|0 fnt
|-boost|p2a: Tsareena|spe|1
|faint|p1a: Hitmonlee
|
|upkeep
|
|t:|1619249670
|switch|p1a: Lycanroc|Lycanroc, M|100/100
|turn|18
|
|t:|1619249673
|move|p1a: Lycanroc|Accelerock||[still]
|cant|p2a: Tsareena|ability: Queenly Majesty|Accelerock|[of] p1a: Lycanroc
|move|p2a: Tsareena|Power Whip|p1a: Lycanroc
|-supereffective|p1a: Lycanroc
|-enditem|p1a: Lycanroc|Focus Sash
|-damage|p1a: Lycanroc|1/100
|
|upkeep
|turn|19
|c|☆Charegg1127|oops
|
|t:|1619249681
|move|p2a: Tsareena|Knock Off|p1a: Lycanroc
|-damage|p1a: Lycanroc|0 fnt
|faint|p1a: Lycanroc
|
|upkeep
|
|t:|1619249687
|switch|p1a: Jolteon|Jolteon, F|100/100
|turn|20
|
|t:|1619249691
|move|p2a: Tsareena|Power Whip|p1a: Jolteon
|-damage|p1a: Jolteon|0 fnt
|faint|p1a: Jolteon
|
|upkeep
|
|t:|1619249693
|switch|p1a: Silvally|Silvally-Dark|100/100
|turn|21
|
|t:|1619249698
|move|p2a: Tsareena|Power Whip|p1a: Silvally
|-damage|p1a: Silvally|36/100
|move|p1a: Silvally|Swords Dance|p1a: Silvally
|-boost|p1a: Silvally|atk|2
|
|upkeep
|turn|22
|
|t:|1619249703
|move|p2a: Tsareena|U-turn|p1a: Silvally
|-supereffective|p1a: Silvally
|-damage|p1a: Silvally|0 fnt
|faint|p1a: Silvally
|
|win|Matsou
|raw|Charegg1127's rating: 1384 &rarr; <strong>1368</strong><br />(-16 for losing)
|raw|Matsou's rating: 1448 &rarr; <strong>1464</strong><br />(+16 for winning)
|c|☆Matsou|Gg
