|raw|<div class="broadcast-blue"><strong>This battle is required to be public due to a player having a name starting with 'pult4c1'.</div>
|j|☆PULT4C1 Redemption
|j|☆PULT4C1 Akeras
|t:|1660950728
|gametype|singles
|player|p1|PULT4C1 Redemption|#redemption|1426
|player|p2|PULT4C1 Akeras|avery|1415
|teamsize|p1|6
|teamsize|p2|6
|gen|8
|tier|[Gen 8] PU
|rated|
|rule|Sleep Clause Mod: Limit one foe put to sleep
|rule|Species Clause: Limit one of each Pokémon
|rule|OHKO Clause: OHKO moves are banned
|rule|Evasion Items Clause: Evasion items are banned
|rule|Evasion Moves Clause: Evasion moves are banned
|rule|Endless Battle Clause: Forcing endless battles is banned
|rule|HP Percentage Mod: HP is shown in percentages
|rule|Dynamax Clause: You cannot dynamax
|clearpoke
|poke|p1|Archeops, F|
|poke|p1|Rapidash-Galar, M|
|poke|p1|Frosmoth, M|
|poke|p1|Doublade, F|
|poke|p1|Lycanroc, F|
|poke|p1|Charizard, F|
|poke|p2|Froslass, F|
|poke|p2|Comfey, F|
|poke|p2|Archeops, F|
|poke|p2|Doublade, F|
|poke|p2|Silvally-*|
|poke|p2|Turtonator, M|
|teampreview
|inactive|Battle timer is ON: inactive players will automatically lose when time's up. (requested by PULT4C1 Akeras)
|
|t:|1660950734
|start
|switch|p1a: Archeops|Archeops, F|100/100
|switch|p2a: Froslass|Froslass, F|100/100
|turn|1
|
|t:|1660950740
|move|p1a: Archeops|Stealth Rock|p2a: Froslass
|-sidestart|p2: PULT4C1 Akeras|move: Stealth Rock
|move|p2a: Froslass|Taunt|p1a: Archeops
|-start|p1a: Archeops|move: Taunt
|
|upkeep
|turn|2
|
|t:|1660950742
|move|p2a: Froslass|Spikes|p1a: Archeops
|-sidestart|p1: PULT4C1 Redemption|Spikes
|move|p1a: Archeops|Earthquake|p2a: Froslass
|-damage|p2a: Froslass|52/100
|
|upkeep
|turn|3
|
|t:|1660950748
|move|p2a: Froslass|Will-O-Wisp|p1a: Archeops
|-status|p1a: Archeops|brn
|move|p1a: Archeops|Head Smash|p2a: Froslass
|-supereffective|p2a: Froslass
|-damage|p2a: Froslass|0 fnt
|-start|p1a: Archeops|Disable|Head Smash|[from] ability: Cursed Body|[of] p2a: Froslass
|faint|p2a: Froslass
|-damage|p1a: Archeops|70/100 brn|[from] Recoil
|
|-damage|p1a: Archeops|64/100 brn|[from] brn
|upkeep
|j| PULT4C1 Carmin
|
|t:|1660950754
|switch|p2a: Archeops|Archeops, F|100/100
|-damage|p2a: Archeops|76/100|[from] Stealth Rock
|turn|4
|
|t:|1660950759
|move|p2a: Archeops|Meteor Beam||[still]
|-prepare|p2a: Archeops|Meteor Beam
|-boost|p2a: Archeops|spa|1
|-enditem|p2a: Archeops|Power Herb
|-anim|p2a: Archeops|Meteor Beam|p1a: Archeops
|-supereffective|p1a: Archeops
|-damage|p1a: Archeops|0 fnt
|faint|p1a: Archeops
|
|upkeep
|
|t:|1660950766
|switch|p1a: Lycanroc|Lycanroc, F|100/100
|-damage|p1a: Lycanroc|88/100|[from] Spikes
|turn|5
|
|t:|1660950769
|move|p1a: Lycanroc|Accelerock|p2a: Archeops
|-supereffective|p2a: Archeops
|-damage|p2a: Archeops|0 fnt
|faint|p2a: Archeops
|-damage|p1a: Lycanroc|78/100|[from] item: Life Orb
|
|upkeep
|
|t:|1660950773
|switch|p2a: Doublade|Doublade, F|100/100
|-damage|p2a: Doublade|94/100|[from] Stealth Rock
|turn|6
|
|t:|1660950783
|switch|p1a: Charizard|Charizard, F|100/100
|move|p2a: Doublade|Swords Dance|p2a: Doublade
|-boost|p2a: Doublade|atk|2
|
|upkeep
|turn|7
|
|t:|1660950793
|move|p2a: Doublade|Shadow Sneak|p1a: Charizard
|-damage|p1a: Charizard|43/100
|move|p1a: Charizard|Fire Punch|p2a: Doublade
|-supereffective|p2a: Doublade
|-damage|p2a: Doublade|59/100
|
|upkeep
|turn|8
|j| PULT4C1 QiYu5
|
|t:|1660950799
|move|p2a: Doublade|Shadow Sneak|p1a: Charizard
|-damage|p1a: Charizard|0 fnt
|faint|p1a: Charizard
|
|upkeep
|
|t:|1660950817
|switch|p1a: Frosmoth|Frosmoth, M|100/100
|turn|9
|
|t:|1660950821
|move|p2a: Doublade|Shadow Sneak|p1a: Frosmoth
|-damage|p1a: Frosmoth|28/100
|move|p1a: Frosmoth|Ice Beam|p2a: Doublade
|-resisted|p2a: Doublade
|-damage|p2a: Doublade|29/100
|-status|p2a: Doublade|frz
|
|upkeep
|turn|10
|
|t:|1660950824
|cant|p2a: Doublade|frz
|move|p1a: Frosmoth|Ice Beam|p2a: Doublade
|-resisted|p2a: Doublade
|-damage|p2a: Doublade|0 fnt
|faint|p2a: Doublade
|
|upkeep
|c|☆PULT4C1 Akeras|Bahahah
|c|☆PULT4C1 Redemption|ez
|
|t:|1660950831
|switch|p2a: Silvally|Silvally-Grass|100/100
|-damage|p2a: Silvally|88/100|[from] Stealth Rock
|turn|11
|
|t:|1660950843
|move|p2a: Silvally|Flame Charge|p1a: Frosmoth
|-supereffective|p1a: Frosmoth
|-damage|p1a: Frosmoth|0 fnt
|-boost|p2a: Silvally|spe|1
|faint|p1a: Frosmoth
|
|upkeep
|
|t:|1660950847
|switch|p1a: Doublade|Doublade, F|100/100
|-damage|p1a: Doublade|88/100|[from] Spikes
|turn|12
|j| turtledoggo1
|j| PULT4C1 Haffling
|inactive|PULT4C1 Redemption has 120 seconds left.
|
|t:|1660950884
|switch|p2a: Turtonator|Turtonator, M|100/100
|move|p1a: Doublade|Iron Head|p2a: Turtonator
|-resisted|p2a: Turtonator
|-damage|p2a: Turtonator|80/100
|
|upkeep
|turn|13
|l|☆PULT4C1 Akeras
|inactive|PULT4C1 Akeras disconnected and has a minute to reconnect!
|player|p2|
|inactive|PULT4C1 Redemption has 120 seconds left.
|j|☆PULT4C1 Akeras
|inactive|PULT4C1 Akeras reconnected and has 125 seconds left.
|player|p2|PULT4C1 Akeras|avery
|inactive|PULT4C1 Akeras has 120 seconds left.
|j| Destination Bandol
|
|t:|1660950918
|switch|p1a: Lycanroc|Lycanroc, F|78/100
|-damage|p1a: Lycanroc|66/100|[from] Spikes
|move|p2a: Turtonator|Flamethrower|p1a: Lycanroc
|-resisted|p1a: Lycanroc
|-damage|p1a: Lycanroc|36/100
|
|upkeep
|turn|14
|
|t:|1660950933
|move|p1a: Lycanroc|Stone Edge|p2a: Turtonator
|-supereffective|p2a: Turtonator
|-damage|p2a: Turtonator|0 fnt
|faint|p2a: Turtonator
|-damage|p1a: Lycanroc|26/100|[from] item: Life Orb
|
|upkeep
|
|t:|1660950938
|switch|p2a: Comfey|Comfey, F|100/100
|-damage|p2a: Comfey|88/100|[from] Stealth Rock
|turn|15
|
|t:|1660950944
|switch|p1a: Doublade|Doublade, F|88/100
|-damage|p1a: Doublade|76/100|[from] Spikes
|move|p2a: Comfey|Draining Kiss|p1a: Doublade
|-resisted|p1a: Doublade
|-damage|p1a: Doublade|67/100
|-heal|p2a: Comfey|95/100|[from] drain|[of] p1a: Doublade
|
|upkeep
|turn|16
|
|t:|1660950950
|move|p2a: Comfey|Calm Mind|p2a: Comfey
|-boost|p2a: Comfey|spa|1
|-boost|p2a: Comfey|spd|1
|move|p1a: Doublade|Swords Dance|p1a: Doublade
|-boost|p1a: Doublade|atk|2
|
|upkeep
|turn|17
|
|t:|1660950953
|move|p2a: Comfey|Draining Kiss|p1a: Doublade
|-resisted|p1a: Doublade
|-damage|p1a: Doublade|52/100
|-heal|p2a: Comfey|100/100|[from] drain|[of] p1a: Doublade
|move|p1a: Doublade|Iron Head|p2a: Comfey
|-supereffective|p2a: Comfey
|-damage|p2a: Comfey|0 fnt
|faint|p2a: Comfey
|
|upkeep
|
|t:|1660950959
|switch|p2a: Silvally|Silvally-Grass|88/100
|-damage|p2a: Silvally|76/100|[from] Stealth Rock
|turn|18
|
|t:|1660950963
|move|p1a: Doublade|Shadow Sneak|p2a: Silvally
|-damage|p2a: Silvally|35/100
|move|p2a: Silvally|Swords Dance|p2a: Silvally
|-boost|p2a: Silvally|atk|2
|
|upkeep
|turn|19
|
|t:|1660950965
|move|p1a: Doublade|Shadow Sneak|p2a: Silvally
|-damage|p2a: Silvally|0 fnt
|faint|p2a: Silvally
|
|win|PULT4C1 Redemption
|raw|PULT4C1 Redemption's rating: 1426 &rarr; <strong>1445</strong><br />(+19 for winning)
|raw|PULT4C1 Akeras's rating: 1415 &rarr; <strong>1396</strong><br />(-19 for losing)
|c|☆PULT4C1 Akeras|Gg
|l| PULT4C1 Carmin
|l| PULT4C1 Haffling
|l| turtledoggo1
||Ladder isn't responding, score probably updated but might not have (Request timeout).
|l|☆PULT4C1 Akeras
|l| Destination Bandol
|l| PULT4C1 QiYu5
|j|☆PULT4C1 Akeras
|player|p2|PULT4C1 Akeras|avery
