|j|☆zoowi
|j|☆panned bomb
|t:|1644535189
|gametype|singles
|player|p1|zoowi|burglar-gen2|1428
|player|p2|panned bomb|265|1599
|teamsize|p1|6
|teamsize|p2|6
|gen|8
|tier|[Gen 8] PU
|rated|
|rule|Sleep Clause Mod: Limit one foe put to sleep
|rule|Species Clause: Limit one of each Pokémon
|rule|OHKO Clause: OHKO moves are banned
|rule|Evasion Moves Clause: Evasion moves are banned
|rule|Endless Battle Clause: Forcing endless battles is banned
|rule|HP Percentage Mod: HP is shown in percentages
|rule|Dynamax Clause: You cannot dynamax
|clearpoke
|poke|p1|Togedemaru, M|
|poke|p1|Spiritomb, M|
|poke|p1|Aromatisse, M|
|poke|p1|Sandaconda, M|
|poke|p1|Poliwrath, M|
|poke|p1|Charizard, F|
|poke|p2|Espeon, F|
|poke|p2|Vikavolt, F|
|poke|p2|Weezing, F|
|poke|p2|Ribombee, M|
|poke|p2|Flapple, M|
|poke|p2|Regigigas|
|teampreview
|
|t:|1644535224
|start
|switch|p1a: Charizard|Charizard, F|100/100
|switch|p2a: Vikavolt|Vikavolt, F|100/100
|turn|1
|
|t:|1644535228
|switch|p2a: Regigigas|Regigigas|100/100
|-start|p2a: Regigigas|ability: Slow Start
|move|p1a: Charizard|Flamethrower|p2a: Regigigas
|-crit|p2a: Regigigas
|-damage|p2a: Regigigas|63/100
|
|-heal|p2a: Regigigas|70/100|[from] item: Leftovers
|upkeep
|turn|2
|
|t:|1644535240
|switch|p1a: Poliwrath|Poliwrath, M|100/100
|move|p2a: Regigigas|Knock Off|p1a: Poliwrath
|-resisted|p1a: Poliwrath
|-damage|p1a: Poliwrath|91/100
|-enditem|p1a: Poliwrath|Leftovers|[from] move: Knock Off|[of] p2a: Regigigas
|
|-heal|p2a: Regigigas|76/100|[from] item: Leftovers
|upkeep
|turn|3
|
|t:|1644535252
|-end|p2a: Regigigas|Slow Start|[silent]
|switch|p2a: Espeon|Espeon, F|100/100
|move|p1a: Poliwrath|Substitute|p1a: Poliwrath
|-start|p1a: Poliwrath|Substitute
|-damage|p1a: Poliwrath|66/100
|
|upkeep
|turn|4
|
|t:|1644535259
|move|p2a: Espeon|Psychic|p1a: Poliwrath
|-supereffective|p1a: Poliwrath
|-end|p1a: Poliwrath|Substitute
|move|p1a: Poliwrath|Scald|p2a: Espeon
|-damage|p2a: Espeon|67/100
|
|-heal|p2a: Espeon|73/100|[from] item: Leftovers
|upkeep
|turn|5
|
|t:|1644535264
|switch|p1a: Togedemaru|Togedemaru, M|100/100
|move|p2a: Espeon|Future Sight|p1a: Togedemaru
|-start|p2a: Espeon|move: Future Sight
|
|-heal|p2a: Espeon|79/100|[from] item: Leftovers
|upkeep
|turn|6
|
|t:|1644535272
|switch|p2a: Vikavolt|Vikavolt, F|100/100
|move|p1a: Togedemaru|U-turn|p2a: Vikavolt
|-damage|p2a: Vikavolt|82/100
|
|t:|1644535277
|switch|p1a: Spiritomb|Spiritomb, M|100/100|[from]move: U-turn
|
|upkeep
|turn|7
|
|t:|1644535282
|move|p2a: Vikavolt|Bug Buzz|p1a: Spiritomb
|-damage|p1a: Spiritomb|47/100
|-damage|p2a: Vikavolt|72/100|[from] item: Life Orb
|move|p1a: Spiritomb|Dark Pulse|p2a: Vikavolt
|-damage|p2a: Vikavolt|34/100
|
|-end|p1a: Spiritomb|move: Future Sight
|-immune|p1a: Spiritomb
|-heal|p1a: Spiritomb|53/100|[from] item: Leftovers
|upkeep
|turn|8
|
|t:|1644535290
|switch|p1a: Togedemaru|Togedemaru, M|100/100
|move|p2a: Vikavolt|Roost|p2a: Vikavolt
|-heal|p2a: Vikavolt|84/100
|-singleturn|p2a: Vikavolt|move: Roost
|
|upkeep
|turn|9
|
|t:|1644535297
|move|p1a: Togedemaru|Wish|p1a: Togedemaru
|move|p2a: Vikavolt|Mud Shot|p1a: Togedemaru
|-supereffective|p1a: Togedemaru
|-damage|p1a: Togedemaru|0 fnt
|faint|p1a: Togedemaru
|-damage|p2a: Vikavolt|74/100|[from] item: Life Orb
|
|upkeep
|c|☆zoowi|U WHAT
|c|☆zoowi|LOL
|c|☆zoowi|*flips table
|
|t:|1644535333
|switch|p1a: Charizard|Charizard, F|100/100
|turn|10
|c|☆zoowi|christ
|c|☆panned bomb|55bp, it's like bringing back hidden power hehe
|c|☆zoowi|aaaaaaaaaaaa
|c|☆zoowi|it is tho
|c|☆zoowi|thats so cheeky
|
|t:|1644535353
|switch|p2a: Regigigas|Regigigas|76/100
|-start|p2a: Regigigas|ability: Slow Start
|move|p1a: Charizard|Flamethrower|p2a: Regigigas
|-damage|p2a: Regigigas|49/100
|
|-heal|p2a: Regigigas|55/100|[from] item: Leftovers
|upkeep
|turn|11
|
|t:|1644535357
|move|p1a: Charizard|Flamethrower|p2a: Regigigas
|-damage|p2a: Regigigas|31/100
|move|p2a: Regigigas|Rest|p2a: Regigigas
|-status|p2a: Regigigas|slp|[from] move: Rest
|-heal|p2a: Regigigas|100/100 slp|[silent]
|
|upkeep
|turn|12
|
|t:|1644535363
|switch|p1a: Sandaconda|Sandaconda, M|100/100
|cant|p2a: Regigigas|slp
|move|p2a: Regigigas|Sleep Talk|p2a: Regigigas
|move|p2a: Regigigas|Knock Off|p1a: Sandaconda|[from]move: Sleep Talk
|-damage|p1a: Sandaconda|84/100
|-damage|p2a: Regigigas|84/100 slp|[from] item: Rocky Helmet|[of] p1a: Sandaconda
|-enditem|p1a: Sandaconda|Rocky Helmet|[from] move: Knock Off|[of] p2a: Regigigas
|
|-heal|p2a: Regigigas|90/100 slp|[from] item: Leftovers
|upkeep
|turn|13
|
|t:|1644535368
|-end|p2a: Regigigas|Slow Start|[silent]
|switch|p2a: Flapple|Flapple, M|100/100
|move|p1a: Sandaconda|Stealth Rock|p2a: Flapple
|-sidestart|p2: panned bomb|move: Stealth Rock
|
|upkeep
|turn|14
|
|t:|1644535373
|move|p2a: Flapple|Grav Apple|p1a: Sandaconda
|-supereffective|p1a: Sandaconda
|-damage|p1a: Sandaconda|5/100
|-unboost|p1a: Sandaconda|def|1
|-damage|p2a: Flapple|91/100|[from] item: Life Orb
|move|p1a: Sandaconda|Glare|p2a: Flapple
|-status|p2a: Flapple|par
|
|upkeep
|turn|15
|
|t:|1644535381
|switch|p1a: Charizard|Charizard, F|100/100
|move|p2a: Flapple|Grav Apple|p1a: Charizard
|-resisted|p1a: Charizard
|-damage|p1a: Charizard|81/100
|-unboost|p1a: Charizard|def|1
|-damage|p2a: Flapple|81/100 par|[from] item: Life Orb
|
|upkeep
|turn|16
|
|t:|1644535386
|move|p2a: Flapple|Sucker Punch|p1a: Charizard
|-damage|p1a: Charizard|14/100
|-damage|p2a: Flapple|71/100 par|[from] item: Life Orb
|move|p1a: Charizard|Flamethrower|p2a: Flapple
|-damage|p2a: Flapple|0 fnt
|faint|p2a: Flapple
|
|upkeep
|
|t:|1644535391
|switch|p2a: Ribombee|Ribombee, M|100/100
|turn|17
|
|t:|1644535397
|switch|p1a: Sandaconda|Sandaconda, M|5/100
|move|p2a: Ribombee|Moonblast|p1a: Sandaconda
|-damage|p1a: Sandaconda|0 fnt
|faint|p1a: Sandaconda
|
|upkeep
|
|t:|1644535402
|switch|p1a: Aromatisse|Aromatisse, M|100/100
|turn|18
|
|t:|1644535405
|move|p2a: Ribombee|Quiver Dance|p2a: Ribombee
|-boost|p2a: Ribombee|spa|1
|-boost|p2a: Ribombee|spd|1
|-boost|p2a: Ribombee|spe|1
|move|p1a: Aromatisse|Moonblast|p2a: Ribombee
|-damage|p2a: Ribombee|60/100
|
|upkeep
|turn|19
|
|t:|1644535407
|move|p2a: Ribombee|Quiver Dance|p2a: Ribombee
|-boost|p2a: Ribombee|spa|1
|-boost|p2a: Ribombee|spd|1
|-boost|p2a: Ribombee|spe|1
|move|p1a: Aromatisse|Moonblast|p2a: Ribombee
|-damage|p2a: Ribombee|31/100
|
|upkeep
|turn|20
|
|t:|1644535412
|move|p2a: Ribombee|Roost|p2a: Ribombee
|-heal|p2a: Ribombee|81/100
|-singleturn|p2a: Ribombee|move: Roost
|move|p1a: Aromatisse|Moonblast|p2a: Ribombee
|-damage|p2a: Ribombee|52/100
|
|upkeep
|turn|21
|c|☆zoowi|yep gege
|-message|zoowi forfeited.
|
|win|panned bomb
|raw|zoowi's rating: 1428 &rarr; <strong>1417</strong><br />(-11 for losing)
|raw|panned bomb's rating: 1599 &rarr; <strong>1610</strong><br />(+11 for winning)
|c|☆panned bomb|GG
|l|☆zoowi
