|raw|<div class="broadcast-blue"><strong>This battle is required to be public due to a player having a name starting with 'pult4c1'.</div>
|j|☆PULT4C1 Inder
|j|☆pult4c1 shane
|t:|1661010659
|gametype|singles
|player|p1|PULT4C1 Inder|lyra|1678
|player|p2|pult4c1 shane|veteran|1554
|teamsize|p1|6
|teamsize|p2|6
|gen|8
|tier|[Gen 8] PU
|rated|
|rule|Sleep Clause Mod: Limit one foe put to sleep
|rule|Species Clause: Limit one of each Pokémon
|rule|OHKO Clause: OHKO moves are banned
|rule|Evasion Items Clause: Evasion items are banned
|rule|Evasion Moves Clause: Evasion moves are banned
|rule|Endless Battle Clause: Forcing endless battles is banned
|rule|HP Percentage Mod: HP is shown in percentages
|rule|Dynamax Clause: You cannot dynamax
|clearpoke
|poke|p1|Doublade, F|
|poke|p1|Vikavolt, F|
|poke|p1|Archeops, F|
|poke|p1|Silvally-*|
|poke|p1|Turtonator, M|
|poke|p1|Druddigon, M|
|poke|p2|Gourgeist-*, M|
|poke|p2|Gigalith, M|
|poke|p2|Charizard, M|
|poke|p2|Lanturn, F|
|poke|p2|Lycanroc, M|
|poke|p2|Sandaconda, F|
|teampreview
|inactive|Battle timer is ON: inactive players will automatically lose when time's up. (requested by pult4c1 shane)
|inactive|PULT4C1 Inder also wants the timer to be on.
|c|☆pult4c1 shane|:o
|c|☆pult4c1 shane|gl
|c|☆PULT4C1 Inder|u2 friend
|j| PULT4C1 Haffling
|inactive|pult4c1 shane has 120 seconds left.
|inactive|PULT4C1 Inder has 120 seconds left.
|
|t:|1661010706
|start
|switch|p1a: Druddigon|Druddigon, M|100/100
|switch|p2a: Lycanroc|Lycanroc, M|100/100
|-ability|p1a: Druddigon|Mold Breaker
|turn|1
|
|t:|1661010710
|move|p2a: Lycanroc|Stone Edge|p1a: Druddigon
|-damage|p1a: Druddigon|15/100
|-damage|p2a: Lycanroc|91/100|[from] item: Life Orb
|move|p1a: Druddigon|Earthquake|p2a: Lycanroc
|-supereffective|p2a: Lycanroc
|-damage|p2a: Lycanroc|0 fnt
|faint|p2a: Lycanroc
|
|upkeep
|inactive|pult4c1 shane has 120 seconds left.
|j| PULT4C1 Carmin
|c| PULT4C1 Carmin|pk t'as relancé idiot
|
|t:|1661010768
|switch|p2a: Charizard|Charizard, M|100/100
|turn|2
|c|☆PULT4C1 Inder|tu l’as dis
|c|☆PULT4C1 Inder|je suis un idiot
|inactive|pult4c1 shane has 90 seconds left.
|
|t:|1661010787
|switch|p1a: Archeops|Archeops, F|100/100
|move|p2a: Charizard|Flamethrower|p1a: Archeops
|-resisted|p1a: Archeops
|-damage|p1a: Archeops|73/100
|
|upkeep
|turn|3
|
|t:|1661010803
|switch|p1a: Druddigon|Druddigon, M|15/100
|-ability|p1a: Druddigon|Mold Breaker
|switch|p2a: Sandaconda|Sandaconda, F|100/100
|
|upkeep
|turn|4
|
|t:|1661010808
|move|p1a: Druddigon|Stealth Rock|p2a: Sandaconda
|-sidestart|p2: pult4c1 shane|move: Stealth Rock
|move|p2a: Sandaconda|Earthquake|p1a: Druddigon
|-damage|p1a: Druddigon|0 fnt
|faint|p1a: Druddigon
|
|upkeep
|
|t:|1661010817
|switch|p1a: Vikavolt|Vikavolt, F|100/100
|turn|5
|
|t:|1661010838
|switch|p2a: Charizard|Charizard, M|100/100
|move|p1a: Vikavolt|Bug Buzz|p2a: Charizard
|-resisted|p2a: Charizard
|-damage|p2a: Charizard|88/100
|-enditem|p1a: Vikavolt|Throat Spray
|-boost|p1a: Vikavolt|spa|1|[from] item: Throat Spray
|
|upkeep
|turn|6
|
|t:|1661010846
|switch|p1a: Turtonator|Turtonator, M|100/100
|move|p2a: Charizard|Defog|p1a: Turtonator
|-unboost|p1a: Turtonator|evasion|1
|-sideend|p2: pult4c1 shane|Stealth Rock|[from] move: Defog|[of] p2a: Charizard
|
|upkeep
|turn|7
|
|t:|1661010857
|move|p2a: Charizard|Hurricane|p1a: Turtonator
|-damage|p1a: Turtonator|40/100
|move|p1a: Turtonator|Shell Smash|p1a: Turtonator
|-unboost|p1a: Turtonator|def|1
|-unboost|p1a: Turtonator|spd|1
|-boost|p1a: Turtonator|atk|2
|-boost|p1a: Turtonator|spa|2
|-boost|p1a: Turtonator|spe|2
|
|upkeep
|turn|8
|inactive|pult4c1 shane has 120 seconds left.
|
|t:|1661010874
|switch|p2a: Lanturn|Lanturn, F|100/100
|move|p1a: Turtonator|Draco Meteor|p2a: Lanturn
|-damage|p2a: Lanturn|26/100
|-unboost|p1a: Turtonator|spa|2
|
|-heal|p2a: Lanturn|32/100|[from] item: Leftovers
|upkeep
|turn|9
|
|t:|1661010880
|move|p1a: Turtonator|Draco Meteor|p2a: Lanturn
|-damage|p2a: Lanturn|0 fnt
|-unboost|p1a: Turtonator|spa|2
|faint|p2a: Lanturn
|
|upkeep
|
|t:|1661010892
|switch|p2a: Sandaconda|Sandaconda, F|100/100
|turn|10
|
|t:|1661010897
|switch|p1a: Vikavolt|Vikavolt, F|100/100
|move|p2a: Sandaconda|Stealth Rock|p1a: Vikavolt
|-sidestart|p1: PULT4C1 Inder|move: Stealth Rock
|
|upkeep
|turn|11
|inactive|pult4c1 shane has 120 seconds left.
|
|t:|1661010907
|switch|p2a: Gigalith|Gigalith, M|100/100
|-weather|Sandstorm|[from] ability: Sand Stream|[of] p2a: Gigalith
|move|p1a: Vikavolt|Bug Buzz|p2a: Gigalith
|-damage|p2a: Gigalith|61/100
|
|-weather|Sandstorm|[upkeep]
|-damage|p1a: Vikavolt|94/100|[from] Sandstorm
|upkeep
|turn|12
|
|t:|1661010929
|switch|p1a: Doublade|Doublade, F|100/100
|-damage|p1a: Doublade|94/100|[from] Stealth Rock
|move|p2a: Gigalith|Stone Edge|p1a: Doublade
|-resisted|p1a: Doublade
|-damage|p1a: Doublade|70/100
|
|-weather|Sandstorm|[upkeep]
|upkeep
|turn|13
|
|t:|1661010938
|switch|p1a: Vikavolt|Vikavolt, F|94/100
|-damage|p1a: Vikavolt|70/100|[from] Stealth Rock
|switch|p2a: Charizard|Charizard, M|88/100
|
|-weather|Sandstorm|[upkeep]
|-damage|p2a: Charizard|82/100|[from] Sandstorm
|-damage|p1a: Vikavolt|64/100|[from] Sandstorm
|upkeep
|turn|14
|
|t:|1661010948
|switch|p1a: Archeops|Archeops, F|73/100
|-damage|p1a: Archeops|48/100|[from] Stealth Rock
|move|p2a: Charizard|Flamethrower|p1a: Archeops
|-resisted|p1a: Archeops
|-damage|p1a: Archeops|29/100
|
|-weather|Sandstorm|[upkeep]
|-damage|p2a: Charizard|75/100|[from] Sandstorm
|upkeep
|turn|15
|
|t:|1661010953
|switch|p2a: Sandaconda|Sandaconda, F|100/100
|move|p1a: Archeops|Meteor Beam||[still]
|-prepare|p1a: Archeops|Meteor Beam
|-boost|p1a: Archeops|spa|1
|-enditem|p1a: Archeops|Power Herb
|-anim|p1a: Archeops|Meteor Beam|p2a: Sandaconda
|-resisted|p2a: Sandaconda
|-damage|p2a: Sandaconda|75/100
|
|-weather|none
|upkeep
|turn|16
|
|t:|1661010958
|move|p1a: Archeops|Air Slash|p2a: Sandaconda
|-damage|p2a: Sandaconda|43/100
|cant|p2a: Sandaconda|flinch
|
|upkeep
|turn|17
|
|t:|1661010964
|move|p1a: Archeops|Earth Power|p2a: Sandaconda
|-damage|p2a: Sandaconda|17/100
|move|p2a: Sandaconda|Glare|p1a: Archeops
|-status|p1a: Archeops|par
|
|upkeep
|turn|18
|
|t:|1661010968
|move|p2a: Sandaconda|Rest|p2a: Sandaconda
|-status|p2a: Sandaconda|slp|[from] move: Rest
|-heal|p2a: Sandaconda|100/100 slp|[silent]
|move|p1a: Archeops|Air Slash|p2a: Sandaconda
|-damage|p2a: Sandaconda|63/100 slp
|
|upkeep
|turn|19
|
|t:|1661010983
|switch|p2a: Gigalith|Gigalith, M|61/100
|-weather|Sandstorm|[from] ability: Sand Stream|[of] p2a: Gigalith
|move|p1a: Archeops|Air Slash|p2a: Gigalith
|-resisted|p2a: Gigalith
|-damage|p2a: Gigalith|51/100
|
|-weather|Sandstorm|[upkeep]
|upkeep
|turn|20
|
|t:|1661010987
|switch|p2a: Charizard|Charizard, M|75/100
|move|p1a: Archeops|Earth Power|p2a: Charizard
|-immune|p2a: Charizard
|
|-weather|Sandstorm|[upkeep]
|-damage|p2a: Charizard|69/100|[from] Sandstorm
|upkeep
|turn|21
|
|t:|1661010993
|move|p2a: Charizard|Flamethrower|p1a: Archeops
|-resisted|p1a: Archeops
|-damage|p1a: Archeops|11/100 par
|move|p1a: Archeops|Air Slash|p2a: Charizard
|-damage|p2a: Charizard|39/100
|
|-weather|Sandstorm|[upkeep]
|-damage|p2a: Charizard|33/100|[from] Sandstorm
|upkeep
|turn|22
|
|t:|1661010997
|move|p2a: Charizard|Flamethrower|p1a: Archeops
|-resisted|p1a: Archeops
|-damage|p1a: Archeops|0 fnt
|faint|p1a: Archeops
|
|-weather|Sandstorm|[upkeep]
|-damage|p2a: Charizard|27/100|[from] Sandstorm
|upkeep
|
|t:|1661011023
|switch|p1a: Doublade|Doublade, F|70/100
|-damage|p1a: Doublade|64/100|[from] Stealth Rock
|turn|23
|
|t:|1661011027
|move|p1a: Doublade|Shadow Sneak|p2a: Charizard
|-damage|p2a: Charizard|2/100
|move|p2a: Charizard|Flamethrower|p1a: Doublade
|-supereffective|p1a: Doublade
|-damage|p1a: Doublade|0 fnt
|faint|p1a: Doublade
|
|-weather|none
|upkeep
|
|t:|1661011031
|switch|p1a: Silvally|Silvally-Fairy|100/100
|-damage|p1a: Silvally|88/100|[from] Stealth Rock
|turn|24
|
|t:|1661011044
|move|p2a: Charizard|Flamethrower|p1a: Silvally
|-damage|p1a: Silvally|39/100
|move|p1a: Silvally|Flame Charge|p2a: Charizard
|-resisted|p2a: Charizard
|-damage|p2a: Charizard|0 fnt
|-boost|p1a: Silvally|spe|1
|faint|p2a: Charizard
|
|upkeep
|
|t:|1661011046
|switch|p2a: Gourgeist|Gourgeist-Super, M|100/100
|-item|p1a: Silvally|Fairy Memory|[from] ability: Frisk|[of] p2a: Gourgeist|[identify]
|turn|25
|
|t:|1661011060
|move|p1a: Silvally|Multi-Attack|p2a: Gourgeist
|-damage|p2a: Gourgeist|59/100
|move|p2a: Gourgeist|Trick Room|p2a: Gourgeist
|-fieldstart|move: Trick Room|[of] p2a: Gourgeist
|
|upkeep
|turn|26
|
|t:|1661011068
|move|p2a: Gourgeist|Poltergeist|p1a: Silvally
|-activate|p1a: Silvally|move: Poltergeist|Fairy Memory
|-damage|p1a: Silvally|0 fnt
|faint|p1a: Silvally
|
|upkeep
|
|t:|1661011071
|switch|p1a: Turtonator|Turtonator, M|40/100
|turn|27
|
|t:|1661011075
|switch|p1a: Vikavolt|Vikavolt, F|64/100
|-damage|p1a: Vikavolt|39/100|[from] Stealth Rock
|move|p2a: Gourgeist|Poltergeist||[still]
|-fail|p2a: Gourgeist
|
|upkeep
|turn|28
|inactive|pult4c1 shane has 120 seconds left.
|
|t:|1661011128
|move|p2a: Gourgeist|Power Whip|p1a: Vikavolt
|-resisted|p1a: Vikavolt
|-damage|p1a: Vikavolt|4/100
|move|p1a: Vikavolt|Bug Buzz|p2a: Gourgeist
|-damage|p2a: Gourgeist|3/100
|
|upkeep
|turn|29
|
|t:|1661011134
|move|p2a: Gourgeist|Power Whip|p1a: Vikavolt
|-resisted|p1a: Vikavolt
|-damage|p1a: Vikavolt|0 fnt
|faint|p1a: Vikavolt
|
|-fieldend|move: Trick Room
|upkeep
|
|t:|1661011137
|switch|p1a: Turtonator|Turtonator, M|40/100
|turn|30
|
|t:|1661011152
|move|p1a: Turtonator|Flamethrower|p2a: Gourgeist
|-supereffective|p2a: Gourgeist
|-damage|p2a: Gourgeist|0 fnt
|faint|p2a: Gourgeist
|
|upkeep
|
|t:|1661011154
|switch|p2a: Gigalith|Gigalith, M|51/100
|-weather|Sandstorm|[from] ability: Sand Stream|[of] p2a: Gigalith
|turn|31
|
|t:|1661011157
|move|p1a: Turtonator|Draco Meteor|p2a: Gigalith|[miss]
|-miss|p1a: Turtonator|p2a: Gigalith
|move|p2a: Gigalith|Explosion|p1a: Turtonator
|-damage|p1a: Turtonator|0 fnt
|faint|p2a: Gigalith
|faint|p1a: Turtonator
|
|win|pult4c1 shane
|raw|PULT4C1 Inder's rating: 1678 &rarr; <strong>1651</strong><br />(-27 for losing)
|raw|pult4c1 shane's rating: 1554 &rarr; <strong>1581</strong><br />(+27 for winning)
|c|☆pult4c1 shane|gg
|c|☆PULT4C1 Inder|gg
|l|☆pult4c1 shane
|l| PULT4C1 Carmin
|l|☆PULT4C1 Inder
|j|☆pult4c1 shane
|player|p2|pult4c1 shane|veteran
