|j|☆astralydia
|j|☆cafay sukray
|t:|1666135438
|gametype|singles
|player|p1|astralydia|caitlin|
|player|p2|cafay sukray|swimmer-gen4dp|
|teamsize|p1|6
|teamsize|p2|6
|gen|8
|tier|[Gen 8] PU
|rated|Tournament battle
|rule|Sleep Clause Mod: Limit one foe put to sleep
|rule|Species Clause: Limit one of each Pokémon
|rule|OHKO Clause: OHKO moves are banned
|rule|Evasion Items Clause: Evasion items are banned
|rule|Evasion Moves Clause: Evasion moves are banned
|rule|Endless Battle Clause: Forcing endless battles is banned
|rule|HP Percentage Mod: HP is shown in percentages
|rule|Dynamax Clause: You cannot dynamax
|clearpoke
|poke|p1|Gallade, M|
|poke|p1|Whimsicott, F|
|poke|p1|Vikavolt, F|
|poke|p1|Doublade, M|
|poke|p1|Gigalith, F|
|poke|p1|Sandslash, M|
|poke|p2|Archeops, F|
|poke|p2|Doublade, F|
|poke|p2|Wishiwashi, F|
|poke|p2|Weezing, F|
|poke|p2|Mienshao, F|
|poke|p2|Eldegoss, F|
|teampreview
|j| HmmYesNo
|c|☆cafay sukray|Hf
|c|☆astralydia|u2
|
|t:|1666135457
|start
|switch|p1a: Whimsicott|Whimsicott, F|100/100
|switch|p2a: Mienshao|Mienshao, F|100/100
|turn|1
|
|t:|1666135466
|switch|p2a: Eldegoss|Eldegoss, F|100/100
|move|p1a: Whimsicott|Moonblast|p2a: Eldegoss
|-damage|p2a: Eldegoss|66/100
|-enditem|p2a: Eldegoss|Eject Button
|
|t:|1666135471
|switch|p2a: Weezing|Weezing, F|100/100
|-ability|p2a: Weezing|Neutralizing Gas
|
|upkeep
|turn|2
|
|t:|1666135484
|switch|p1a: Vikavolt|Vikavolt, F|100/100
|-end|p2a: Weezing|ability: Neutralizing Gas
|switch|p2a: Wishiwashi|Wishiwashi, F|100/100
|-formechange|p2a: Wishiwashi|Wishiwashi-School||[from] ability: Schooling
|
|upkeep
|turn|3
|
|t:|1666135491
|move|p1a: Vikavolt|Thunderbolt|p2a: Wishiwashi
|-supereffective|p2a: Wishiwashi
|-damage|p2a: Wishiwashi|35/100
|move|p2a: Wishiwashi|Scald|p1a: Vikavolt
|-damage|p1a: Vikavolt|46/100
|
|-heal|p2a: Wishiwashi|41/100|[from] item: Leftovers
|upkeep
|turn|4
|c|☆astralydia|oh that ate well
|
|t:|1666135503
|move|p1a: Vikavolt|Thunderbolt|p2a: Wishiwashi
|-supereffective|p2a: Wishiwashi
|-damage|p2a: Wishiwashi|0 fnt
|faint|p2a: Wishiwashi
|
|upkeep
|
|t:|1666135506
|switch|p2a: Mienshao|Mienshao, F|100/100
|turn|5
|
|t:|1666135512
|switch|p1a: Whimsicott|Whimsicott, F|100/100
|move|p2a: Mienshao|Knock Off|p1a: Whimsicott
|-resisted|p1a: Whimsicott
|-damage|p1a: Whimsicott|69/100
|-enditem|p1a: Whimsicott|Choice Scarf|[from] move: Knock Off|[of] p2a: Mienshao
|-damage|p2a: Mienshao|91/100|[from] item: Life Orb
|
|upkeep
|turn|6
|c|☆cafay sukray|Mfw facing vika without gigalith
|
|t:|1666135552
|switch|p2a: Eldegoss|Eldegoss, F|99/100
|move|p1a: Whimsicott|Moonblast|p2a: Eldegoss
|-damage|p2a: Eldegoss|68/100
|
|upkeep
|turn|7
|c|☆astralydia|even with lith
|c|☆astralydia|you burn like
|c|☆astralydia|70% of your hp
|j| ArmedWarPotato
|c|☆astralydia|trying to check throat spray stuff
|c|☆cafay sukray|But then it dies
|j| GenericPUTeam
|l| ArmedWarPotato
|
|t:|1666135589
|switch|p2a: Weezing|Weezing, F|100/100
|-ability|p2a: Weezing|Neutralizing Gas
|move|p1a: Whimsicott|Moonblast|p2a: Weezing
|-resisted|p2a: Weezing
|-damage|p2a: Weezing|78/100
|-unboost|p2a: Weezing|spa|1
|
|-heal|p2a: Weezing|84/100|[from] item: Black Sludge
|upkeep
|turn|8
|
|t:|1666135597
|switch|p1a: Vikavolt|Vikavolt, F|46/100
|move|p2a: Weezing|Sludge Bomb|p1a: Vikavolt
|-damage|p1a: Vikavolt|20/100
|
|-heal|p2a: Weezing|90/100|[from] item: Black Sludge
|upkeep
|turn|9
|
|t:|1666135601
|move|p1a: Vikavolt|Thunderbolt|p2a: Weezing
|-damage|p2a: Weezing|22/100
|move|p2a: Weezing|Sludge Bomb|p1a: Vikavolt
|-damage|p1a: Vikavolt|0 fnt
|faint|p1a: Vikavolt
|
|-heal|p2a: Weezing|28/100|[from] item: Black Sludge
|upkeep
|
|t:|1666135610
|switch|p1a: Gallade|Gallade, M|100/100
|turn|10
|
|t:|1666135622
|-end|p2a: Weezing|ability: Neutralizing Gas
|switch|p2a: Eldegoss|Eldegoss, F|100/100
|move|p1a: Gallade|Zen Headbutt|p2a: Eldegoss
|-damage|p2a: Eldegoss|63/100
|
|upkeep
|turn|11
|j| PUDS DiannieRatson
|
|t:|1666135631
|switch|p2a: Doublade|Doublade, F|100/100
|move|p1a: Gallade|Close Combat|p2a: Doublade
|-immune|p2a: Doublade
|
|upkeep
|turn|12
|
|t:|1666135642
|move|p1a: Gallade|Knock Off|p2a: Doublade
|-supereffective|p2a: Doublade
|-damage|p2a: Doublade|66/100
|-enditem|p2a: Doublade|Eviolite|[from] move: Knock Off|[of] p1a: Gallade
|move|p2a: Doublade|Shadow Claw|p1a: Gallade
|-supereffective|p1a: Gallade
|-damage|p1a: Gallade|0 fnt
|faint|p1a: Gallade
|
|upkeep
|
|t:|1666135646
|switch|p1a: Sandslash|Sandslash, M|100/100
|turn|13
|
|t:|1666135651
|switch|p2a: Eldegoss|Eldegoss, F|96/100
|move|p1a: Sandslash|Earthquake|p2a: Eldegoss
|-resisted|p2a: Eldegoss
|-damage|p2a: Eldegoss|72/100
|-damage|p1a: Sandslash|91/100|[from] item: Life Orb
|
|upkeep
|turn|14
|
|t:|1666135657
|switch|p1a: Whimsicott|Whimsicott, F|69/100
|move|p2a: Eldegoss|Giga Drain|p1a: Whimsicott
|-resisted|p1a: Whimsicott
|-damage|p1a: Whimsicott|52/100
|-heal|p2a: Eldegoss|79/100|[from] drain|[of] p1a: Whimsicott
|
|upkeep
|turn|15
|
|t:|1666135667
|switch|p1a: Doublade|Doublade, M|100/100
|switch|p2a: Mienshao|Mienshao, F|100/100
|
|upkeep
|turn|16
|
|t:|1666135679
|switch|p1a: Whimsicott|Whimsicott, F|52/100
|move|p2a: Mienshao|Knock Off|p1a: Whimsicott
|-resisted|p1a: Whimsicott
|-damage|p1a: Whimsicott|31/100
|-damage|p2a: Mienshao|91/100|[from] item: Life Orb
|
|upkeep
|turn|17
|
|t:|1666135687
|switch|p2a: Eldegoss|Eldegoss, F|100/100
|move|p1a: Whimsicott|Moonblast|p2a: Eldegoss
|-damage|p2a: Eldegoss|71/100
|-unboost|p2a: Eldegoss|spa|1
|
|upkeep
|turn|18
|
|t:|1666135693
|move|p1a: Whimsicott|Moonblast|p2a: Eldegoss
|-damage|p2a: Eldegoss|37/100
|-unboost|p2a: Eldegoss|spa|1
|move|p2a: Eldegoss|Giga Drain|p1a: Whimsicott
|-resisted|p1a: Whimsicott
|-damage|p1a: Whimsicott|22/100
|-heal|p2a: Eldegoss|41/100|[from] drain|[of] p1a: Whimsicott
|
|upkeep
|turn|19
|
|t:|1666135701
|switch|p2a: Weezing|Weezing, F|28/100
|-ability|p2a: Weezing|Neutralizing Gas
|move|p1a: Whimsicott|Moonblast|p2a: Weezing
|-resisted|p2a: Weezing
|-damage|p2a: Weezing|4/100
|-unboost|p2a: Weezing|spa|1
|
|-heal|p2a: Weezing|10/100|[from] item: Black Sludge
|upkeep
|turn|20
|
|t:|1666135715
|move|p1a: Whimsicott|Moonblast|p2a: Weezing
|-resisted|p2a: Weezing
|-damage|p2a: Weezing|0 fnt
|faint|p2a: Weezing
|-end|p2a: Weezing|ability: Neutralizing Gas
|
|upkeep
|
|t:|1666135718
|switch|p2a: Doublade|Doublade, F|66/100
|turn|21
|
|t:|1666135729
|switch|p1a: Sandslash|Sandslash, M|91/100
|move|p2a: Doublade|Swords Dance|p2a: Doublade
|-boost|p2a: Doublade|atk|2
|
|upkeep
|turn|22
|
|t:|1666135741
|switch|p2a: Archeops|Archeops, F|100/100
|move|p1a: Sandslash|Earthquake|p2a: Archeops
|-immune|p2a: Archeops
|
|upkeep
|turn|23
|
|t:|1666135747
|move|p2a: Archeops|Earthquake|p1a: Sandslash
|-damage|p1a: Sandslash|49/100
|move|p1a: Sandslash|Stone Edge|p2a: Archeops
|-supereffective|p2a: Archeops
|-damage|p2a: Archeops|0 fnt
|faint|p2a: Archeops
|-damage|p1a: Sandslash|39/100|[from] item: Life Orb
|
|upkeep
|
|t:|1666135753
|switch|p2a: Mienshao|Mienshao, F|100/100
|turn|24
|
|t:|1666135770
|switch|p1a: Whimsicott|Whimsicott, F|22/100
|move|p2a: Mienshao|Close Combat|p1a: Whimsicott
|-resisted|p1a: Whimsicott
|-damage|p1a: Whimsicott|0 fnt
|-unboost|p2a: Mienshao|def|1
|-unboost|p2a: Mienshao|spd|1
|faint|p1a: Whimsicott
|-damage|p2a: Mienshao|91/100|[from] item: Life Orb
|
|upkeep
|
|t:|1666135772
|switch|p1a: Doublade|Doublade, M|100/100
|turn|25
|
|t:|1666135778
|move|p2a: Mienshao|Knock Off|p1a: Doublade
|-supereffective|p1a: Doublade
|-damage|p1a: Doublade|59/100
|-enditem|p1a: Doublade|Eviolite|[from] move: Knock Off|[of] p2a: Mienshao
|-damage|p2a: Mienshao|81/100|[from] item: Life Orb
|move|p1a: Doublade|Swords Dance|p1a: Doublade
|-boost|p1a: Doublade|atk|2
|
|upkeep
|turn|26
|
|t:|1666135783
|move|p1a: Doublade|Shadow Sneak|p2a: Mienshao
|-damage|p2a: Mienshao|0 fnt
|faint|p2a: Mienshao
|
|upkeep
|
|t:|1666135785
|switch|p2a: Eldegoss|Eldegoss, F|74/100
|turn|27
|
|t:|1666135793
|switch|p1a: Gigalith|Gigalith, F|100/100
|-weather|Sandstorm|[from] ability: Sand Stream|[of] p1a: Gigalith
|move|p2a: Eldegoss|Sleep Powder|p1a: Gigalith
|-status|p1a: Gigalith|slp|[from] move: Sleep Powder
|
|-weather|Sandstorm|[upkeep]
|-damage|p2a: Eldegoss|68/100|[from] Sandstorm
|upkeep
|turn|28
|
|t:|1666135798
|switch|p1a: Doublade|Doublade, M|59/100
|move|p2a: Eldegoss|Leech Seed|p1a: Doublade
|-start|p1a: Doublade|move: Leech Seed
|
|-weather|Sandstorm|[upkeep]
|-damage|p2a: Eldegoss|62/100|[from] Sandstorm
|-damage|p1a: Doublade|47/100|[from] Leech Seed|[of] p2a: Eldegoss
|-heal|p2a: Eldegoss|74/100|[silent]
|upkeep
|turn|29
|
|t:|1666135806
|switch|p1a: Gigalith|Gigalith, F|100/100 slp
|move|p2a: Eldegoss|Giga Drain|p1a: Gigalith
|-supereffective|p1a: Gigalith
|-crit|p1a: Gigalith
|-damage|p1a: Gigalith|65/100 slp
|-heal|p2a: Eldegoss|95/100|[from] drain|[of] p1a: Gigalith
|-enditem|p1a: Gigalith|Eject Button
|
|t:|1666135810
|switch|p1a: Doublade|Doublade, M|47/100
|
|-weather|Sandstorm|[upkeep]
|-damage|p2a: Eldegoss|88/100|[from] Sandstorm
|upkeep
|turn|30
|c|☆astralydia|man I forgot about leech seed
|
|t:|1666135819
|move|p2a: Eldegoss|Leech Seed|p1a: Doublade
|-start|p1a: Doublade|move: Leech Seed
|move|p1a: Doublade|Swords Dance|p1a: Doublade
|-boost|p1a: Doublade|atk|2
|
|-weather|Sandstorm|[upkeep]
|-damage|p2a: Eldegoss|82/100|[from] Sandstorm
|-damage|p1a: Doublade|34/100|[from] Leech Seed|[of] p2a: Eldegoss
|-heal|p2a: Eldegoss|95/100|[silent]
|upkeep
|turn|31
|
|t:|1666135829
|move|p2a: Eldegoss|Giga Drain|p1a: Doublade
|-resisted|p1a: Doublade
|-damage|p1a: Doublade|15/100
|-heal|p2a: Eldegoss|100/100|[from] drain|[of] p1a: Doublade
|move|p1a: Doublade|Close Combat|p2a: Eldegoss
|-damage|p2a: Eldegoss|42/100
|-unboost|p1a: Doublade|def|1
|-unboost|p1a: Doublade|spd|1
|
|-weather|none
|-damage|p1a: Doublade|2/100|[from] Leech Seed|[of] p2a: Eldegoss
|-heal|p2a: Eldegoss|55/100|[silent]
|upkeep
|turn|32
|
|t:|1666135851
|move|p1a: Doublade|Shadow Sneak|p2a: Eldegoss
|-damage|p2a: Eldegoss|24/100
|move|p2a: Eldegoss|Giga Drain|p1a: Doublade
|-resisted|p1a: Doublade
|-damage|p1a: Doublade|0 fnt
|-heal|p2a: Eldegoss|25/100|[from] drain|[of] p1a: Doublade
|faint|p1a: Doublade
|
|upkeep
|
|t:|1666135855
|switch|p1a: Sandslash|Sandslash, M|39/100
|turn|33
|
|t:|1666135858
|move|p1a: Sandslash|Leech Life|p2a: Eldegoss
|-supereffective|p2a: Eldegoss
|-damage|p2a: Eldegoss|0 fnt
|-heal|p1a: Sandslash|53/100|[from] drain|[of] p2a: Eldegoss
|faint|p2a: Eldegoss
|-damage|p1a: Sandslash|43/100|[from] item: Life Orb
|
|upkeep
|
|t:|1666135861
|switch|p2a: Doublade|Doublade, F|66/100
|turn|34
|
|t:|1666135863
|move|p2a: Doublade|Shadow Sneak|p1a: Sandslash
|-damage|p1a: Sandslash|20/100
|move|p1a: Sandslash|Earthquake|p2a: Doublade
|-supereffective|p2a: Doublade
|-damage|p2a: Doublade|0 fnt
|faint|p2a: Doublade
|-damage|p1a: Sandslash|10/100|[from] item: Life Orb
|
|win|astralydia
|n|☆astralydia|astralydia
|n|☆cafay sukray|cafaysukray
|n| HmmYesNo|hmmyesno
|n| GenericPUTeam|genericputeam
|n| PUDS DiannieRatson|pudsdiannieratson
