|j|☆shalutianwang
|j|☆wildfiree
|t:|1639319029
|gametype|singles
|player|p1|shalutianwang|pokemaniac|
|player|p2|wildfiree|greta-gen3|
|teamsize|p1|6
|teamsize|p2|6
|gen|8
|tier|[Gen 8] PU
|rated|Tournament battle
|rule|Sleep Clause Mod: Limit one foe put to sleep
|rule|Species Clause: Limit one of each Pokémon
|rule|OHKO Clause: OHKO moves are banned
|rule|Evasion Moves Clause: Evasion moves are banned
|rule|Endless Battle Clause: Forcing endless battles is banned
|rule|HP Percentage Mod: HP is shown in percentages
|rule|Dynamax Clause: You cannot dynamax
|clearpoke
|poke|p1|Carracosta, M|
|poke|p1|Scrafty, M|
|poke|p1|Cinccino, M|
|poke|p1|Claydol|
|poke|p1|Galvantula, M|
|poke|p1|Silvally-*|
|poke|p2|Whimsicott, M|
|poke|p2|Rapidash, M|
|poke|p2|Wishiwashi, M|
|poke|p2|Perrserker, F|
|poke|p2|Mesprit|
|poke|p2|Archeops, F|
|teampreview
|j|@ShuckleDeath
|c|☆wildfiree|Hf
|inactive|Battle timer is ON: inactive players will automatically lose when time's up. (requested by shalutianwang)
|j| Somalia
|c|☆shalutianwang|U2
|
|t:|1639319048
|start
|switch|p1a: 艺术就是爆炸轰|Claydol|100/100
|switch|p2a: Perrserker|Perrserker, F|100/100
|turn|1
|
|t:|1639319067
|switch|p2a: Archeops|Archeops, F|100/100
|move|p1a: 艺术就是爆炸轰|Stealth Rock|p2a: Archeops
|-sidestart|p2: wildfiree|move: Stealth Rock
|
|upkeep
|turn|2
|
|t:|1639319071
|move|p2a: Archeops|Stealth Rock|p1a: 艺术就是爆炸轰
|-sidestart|p1: shalutianwang|move: Stealth Rock
|move|p1a: 艺术就是爆炸轰|Rapid Spin|p2a: Archeops
|-resisted|p2a: Archeops
|-damage|p2a: Archeops|93/100
|-boost|p1a: 艺术就是爆炸轰|spe|1
|-sideend|p1: shalutianwang|Stealth Rock|[from] move: Rapid Spin|[of] p1a: 艺术就是爆炸轰
|
|upkeep
|turn|3
|
|t:|1639319076
|move|p1a: 艺术就是爆炸轰|Rapid Spin|p2a: Archeops
|-resisted|p2a: Archeops
|-damage|p2a: Archeops|84/100
|-boost|p1a: 艺术就是爆炸轰|spe|1
|move|p2a: Archeops|U-turn|p1a: 艺术就是爆炸轰
|-supereffective|p1a: 艺术就是爆炸轰
|-damage|p1a: 艺术就是爆炸轰|49/100
|
|t:|1639319079
|switch|p2a: Wishiwashi|Wishiwashi, M|100/100|[from]move: U-turn
|-damage|p2a: Wishiwashi|88/100|[from] Stealth Rock
|-formechange|p2a: Wishiwashi|Wishiwashi-School||[from] ability: Schooling
|
|-heal|p2a: Wishiwashi|94/100|[from] item: Leftovers
|upkeep
|turn|4
|
|t:|1639319088
|move|p1a: 艺术就是爆炸轰|Explosion|p2a: Wishiwashi
|-damage|p2a: Wishiwashi|60/100
|faint|p1a: 艺术就是爆炸轰
|move|p2a: Wishiwashi|U-turn|p1: 艺术就是爆炸轰|[notarget]
|-fail|p2a: Wishiwashi
|
|-heal|p2a: Wishiwashi|66/100|[from] item: Leftovers
|upkeep
|
|t:|1639319093
|switch|p1a: Galvantula|Galvantula, M|100/100
|turn|5
|inactive|wildfiree has 120 seconds left.
|
|t:|1639319127
|switch|p2a: Perrserker|Perrserker, F|100/100
|-damage|p2a: Perrserker|94/100|[from] Stealth Rock
|move|p1a: Galvantula|Thunder|p2a: Perrserker
|-damage|p2a: Perrserker|58/100
|
|upkeep
|turn|6
|
|t:|1639319142
|move|p1a: Galvantula|Thunder|p2a: Perrserker
|-damage|p2a: Perrserker|24/100
|move|p2a: Perrserker|U-turn|p1a: Galvantula
|-damage|p1a: Galvantula|54/100
|
|t:|1639319151
|switch|p2a: Archeops|Archeops, F|84/100|[from]move: U-turn
|
|upkeep
|turn|7
|
|t:|1639319159
|switch|p1a: 你的背包 对我沉重的负担|Carracosta, M|100/100
|move|p2a: Archeops|Earthquake|p1a: 你的背包 对我沉重的负担
|-supereffective|p1a: 你的背包 对我沉重的负担
|-damage|p1a: 你的背包 对我沉重的负担|46/100
|-enditem|p1a: 你的背包 对我沉重的负担|Weakness Policy
|-boost|p1a: 你的背包 对我沉重的负担|atk|2|[from] item: Weakness Policy
|-boost|p1a: 你的背包 对我沉重的负担|spa|2|[from] item: Weakness Policy
|
|upkeep
|turn|8
|
|t:|1639319164
|move|p1a: 你的背包 对我沉重的负担|Aqua Jet|p2a: Archeops
|-supereffective|p2a: Archeops
|-damage|p2a: Archeops|0 fnt
|faint|p2a: Archeops
|
|upkeep
|
|t:|1639319170
|switch|p2a: Whimsicott|Whimsicott, M|100/100
|-damage|p2a: Whimsicott|88/100|[from] Stealth Rock
|turn|9
|
|t:|1639319176
|move|p1a: 你的背包 对我沉重的负担|Aqua Jet|p2a: Whimsicott
|-resisted|p2a: Whimsicott
|-crit|p2a: Whimsicott
|-damage|p2a: Whimsicott|41/100
|move|p2a: Whimsicott|Moonblast|p1a: 你的背包 对我沉重的负担
|-damage|p1a: 你的背包 对我沉重的负担|0 fnt
|faint|p1a: 你的背包 对我沉重的负担
|
|upkeep
|
|t:|1639319193
|switch|p1a: 如果我是Dj你会爱我吗|Silvally-Ghost|100/100
|turn|10
|
|t:|1639319214
|switch|p2a: Perrserker|Perrserker, F|24/100
|-damage|p2a: Perrserker|18/100|[from] Stealth Rock
|move|p1a: 如果我是Dj你会爱我吗|Flame Charge|p2a: Perrserker
|-supereffective|p2a: Perrserker
|-crit|p2a: Perrserker
|-damage|p2a: Perrserker|0 fnt
|-boost|p1a: 如果我是Dj你会爱我吗|spe|1
|faint|p2a: Perrserker
|
|upkeep
|
|t:|1639319217
|switch|p2a: Wishiwashi|Wishiwashi, M|66/100
|-damage|p2a: Wishiwashi|54/100|[from] Stealth Rock
|-formechange|p2a: Wishiwashi|Wishiwashi-School||[from] ability: Schooling
|turn|11
|
|t:|1639319227
|move|p1a: 如果我是Dj你会爱我吗|Multi-Attack|p2a: Wishiwashi
|-damage|p2a: Wishiwashi|18/100
|move|p2a: Wishiwashi|Scald|p1a: 如果我是Dj你会爱我吗
|-damage|p1a: 如果我是Dj你会爱我吗|58/100
|
|-heal|p2a: Wishiwashi|24/100|[from] item: Leftovers
|-formechange|p2a: Wishiwashi|Wishiwashi||[from] ability: Schooling
|upkeep
|turn|12
|
|t:|1639319236
|move|p1a: 如果我是Dj你会爱我吗|Swords Dance|p1a: 如果我是Dj你会爱我吗
|-boost|p1a: 如果我是Dj你会爱我吗|atk|2
|move|p2a: Wishiwashi|Scald|p1a: 如果我是Dj你会爱我吗
|-damage|p1a: 如果我是Dj你会爱我吗|47/100
|
|-heal|p2a: Wishiwashi|30/100|[from] item: Leftovers
|-formechange|p2a: Wishiwashi|Wishiwashi-School||[from] ability: Schooling
|upkeep
|turn|13
|
|t:|1639319240
|move|p1a: 如果我是Dj你会爱我吗|Multi-Attack|p2a: Wishiwashi
|-damage|p2a: Wishiwashi|0 fnt
|faint|p2a: Wishiwashi
|
|upkeep
|
|t:|1639319244
|switch|p2a: Mesprit|Mesprit|100/100
|-damage|p2a: Mesprit|88/100|[from] Stealth Rock
|turn|14
|
|t:|1639319248
|move|p1a: 如果我是Dj你会爱我吗|Multi-Attack|p2a: Mesprit
|-supereffective|p2a: Mesprit
|-damage|p2a: Mesprit|0 fnt
|faint|p2a: Mesprit
|
|upkeep
|c|☆wildfiree|Ahh f
|c|☆wildfiree|gg
|-message|wildfiree forfeited.
|
|win|shalutianwang
|n|☆shalutianwang|shalutianwang
|n|☆wildfiree|wildfiree
|n|+ShuckleDeath|shuckledeath
|n| Somalia|somalia
