|raw|<div class="broadcast-blue"><strong>This battle is required to be public due to a player having a name starting with 'pult4c1'.</div>
|j|☆Gl4ssIsDrunk
|j|☆pult4c1 shane
|t:|1660822991
|gametype|singles
|player|p1|Gl4ssIsDrunk|169|1429
|player|p2|pult4c1 shane|veteran|1543
|teamsize|p1|6
|teamsize|p2|6
|gen|8
|tier|[Gen 8] PU
|rated|
|rule|Sleep Clause Mod: Limit one foe put to sleep
|rule|Species Clause: Limit one of each Pokémon
|rule|OHKO Clause: OHKO moves are banned
|rule|Evasion Items Clause: Evasion items are banned
|rule|Evasion Moves Clause: Evasion moves are banned
|rule|Endless Battle Clause: Forcing endless battles is banned
|rule|HP Percentage Mod: HP is shown in percentages
|rule|Dynamax Clause: You cannot dynamax
|clearpoke
|poke|p1|Sneasel, F|
|poke|p1|Charizard, F|
|poke|p1|Gourgeist-*, F|
|poke|p1|Gigalith, M|
|poke|p1|Comfey, M|
|poke|p1|Sandslash, M|
|poke|p2|Sawk, M|
|poke|p2|Mesprit|
|poke|p2|Doublade, F|
|poke|p2|Rhydon, F|
|poke|p2|Whimsicott, F|
|poke|p2|Magmortar, F|
|teampreview
|inactive|Battle timer is ON: inactive players will automatically lose when time's up. (requested by pult4c1 shane)
|
|t:|1660823014
|start
|switch|p1a: Sandslash|Sandslash, M|100/100
|switch|p2a: Sawk|Sawk, M|100/100
|turn|1
|
|t:|1660823018
|move|p2a: Sawk|Knock Off|p1a: Sandslash
|-damage|p1a: Sandslash|76/100
|-enditem|p1a: Sandslash|Leftovers|[from] move: Knock Off|[of] p2a: Sawk
|move|p1a: Sandslash|Knock Off|p2a: Sawk
|-resisted|p2a: Sawk
|-damage|p2a: Sawk|83/100
|-enditem|p2a: Sawk|Heavy-Duty Boots|[from] move: Knock Off|[of] p1a: Sandslash
|
|upkeep
|turn|2
|
|t:|1660823028
|move|p2a: Sawk|Close Combat|p1a: Sandslash
|-damage|p1a: Sandslash|30/100
|-unboost|p2a: Sawk|def|1
|-unboost|p2a: Sawk|spd|1
|move|p1a: Sandslash|Spikes|p2a: Sawk
|-sidestart|p2: pult4c1 shane|Spikes
|
|upkeep
|turn|3
|
|t:|1660823049
|move|p2a: Sawk|Close Combat|p1a: Sandslash
|-damage|p1a: Sandslash|0 fnt
|-unboost|p2a: Sawk|def|1
|-unboost|p2a: Sawk|spd|1
|faint|p1a: Sandslash
|
|upkeep
|
|t:|1660823054
|switch|p1a: Gourgeist|Gourgeist-Small, F|100/100
|turn|4
|inactive|pult4c1 shane has 120 seconds left.
|inactive|pult4c1 shane has 90 seconds left.
|
|t:|1660823111
|move|p1a: Gourgeist|Poltergeist||[still]
|-fail|p1a: Gourgeist
|move|p2a: Sawk|Knock Off|p1a: Gourgeist
|-supereffective|p1a: Gourgeist
|-damage|p1a: Gourgeist|31/100
|-enditem|p1a: Gourgeist|Spell Tag|[from] move: Knock Off|[of] p2a: Sawk
|
|upkeep
|turn|5
|
|t:|1660823118
|switch|p2a: Whimsicott|Whimsicott, F|100/100
|move|p1a: Gourgeist|Power Whip|p2a: Whimsicott
|-resisted|p2a: Whimsicott
|-damage|p2a: Whimsicott|66/100
|
|upkeep
|turn|6
|j|+Corthius
|
|t:|1660823127
|move|p2a: Whimsicott|Defog|p1a: Gourgeist
|-unboost|p1a: Gourgeist|evasion|1
|-sideend|p2: pult4c1 shane|Spikes|[from] move: Defog|[of] p2a: Whimsicott
|move|p1a: Gourgeist|Poltergeist|p2a: Whimsicott
|-activate|p2a: Whimsicott|move: Poltergeist|Heavy-Duty Boots
|-damage|p2a: Whimsicott|0 fnt
|faint|p2a: Whimsicott
|
|upkeep
|
|t:|1660823136
|switch|p2a: Doublade|Doublade, F|100/100
|turn|7
|
|t:|1660823142
|move|p2a: Doublade|Shadow Sneak|p1a: Gourgeist
|-supereffective|p1a: Gourgeist
|-damage|p1a: Gourgeist|0 fnt
|faint|p1a: Gourgeist
|
|upkeep
|
|t:|1660823145
|switch|p1a: Charizard|Charizard, F|100/100
|turn|8
|
|t:|1660823148
|switch|p2a: Rhydon|Rhydon, F|100/100
|move|p1a: Charizard|Focus Blast|p2a: Rhydon
|-supereffective|p2a: Rhydon
|-damage|p2a: Rhydon|3/100
|
|upkeep
|turn|9
|
|t:|1660823157
|move|p1a: Charizard|Flamethrower|p2a: Rhydon
|-resisted|p2a: Rhydon
|-damage|p2a: Rhydon|0 fnt
|faint|p2a: Rhydon
|
|upkeep
|
|t:|1660823159
|switch|p2a: Magmortar|Magmortar, F|100/100
|turn|10
|
|t:|1660823163
|switch|p1a: Gigalith|Gigalith, M|100/100
|-weather|Sandstorm|[from] ability: Sand Stream|[of] p1a: Gigalith
|move|p2a: Magmortar|Toxic|p1a: Gigalith
|-status|p1a: Gigalith|tox
|
|-weather|Sandstorm|[upkeep]
|-damage|p2a: Magmortar|94/100|[from] Sandstorm
|-damage|p1a: Gigalith|94/100 tox|[from] psn
|upkeep
|turn|11
|
|t:|1660823174
|switch|p2a: Doublade|Doublade, F|100/100
|switch|p1a: Charizard|Charizard, F|100/100
|
|-weather|Sandstorm|[upkeep]
|-damage|p1a: Charizard|94/100|[from] Sandstorm
|upkeep
|turn|12
|
|t:|1660823180
|switch|p2a: Magmortar|Magmortar, F|94/100
|move|p1a: Charizard|Flamethrower|p2a: Magmortar
|-resisted|p2a: Magmortar
|-damage|p2a: Magmortar|69/100
|
|-weather|Sandstorm|[upkeep]
|-damage|p1a: Charizard|88/100|[from] Sandstorm
|-damage|p2a: Magmortar|62/100|[from] Sandstorm
|upkeep
|turn|13
|
|t:|1660823192
|switch|p1a: Gigalith|Gigalith, M|94/100 tox
|move|p2a: Magmortar|Thunderbolt|p1a: Gigalith
|-damage|p1a: Gigalith|76/100 tox
|
|-weather|Sandstorm|[upkeep]
|-damage|p2a: Magmortar|56/100|[from] Sandstorm
|-heal|p1a: Gigalith|82/100 tox|[from] item: Leftovers
|-damage|p1a: Gigalith|76/100 tox|[from] psn
|upkeep
|turn|14
|
|t:|1660823202
|move|p2a: Magmortar|Focus Blast|p1a: Gigalith
|-supereffective|p1a: Gigalith
|-damage|p1a: Gigalith|31/100 tox
|-unboost|p1a: Gigalith|spd|1
|move|p1a: Gigalith|Earthquake|p2a: Magmortar
|-supereffective|p2a: Magmortar
|-damage|p2a: Magmortar|0 fnt
|faint|p2a: Magmortar
|
|-weather|none
|-heal|p1a: Gigalith|37/100 tox|[from] item: Leftovers
|-damage|p1a: Gigalith|25/100 tox|[from] psn
|upkeep
|inactive|pult4c1 shane has 120 seconds left.
|l|+Corthius
|
|t:|1660823256
|switch|p2a: Mesprit|Mesprit|100/100
|turn|15
|
|t:|1660823265
|move|p2a: Mesprit|Psychic|p1a: Gigalith
|-damage|p1a: Gigalith|0 fnt
|faint|p1a: Gigalith
|
|upkeep
|
|t:|1660823273
|switch|p1a: Sneasel|Sneasel, F|100/100
|turn|16
|
|t:|1660823277
|switch|p2a: Sawk|Sawk, M|83/100
|switch|p1a: Charizard|Charizard, F|88/100
|
|upkeep
|turn|17
|
|t:|1660823283
|move|p1a: Charizard|Hurricane|p2a: Sawk
|-supereffective|p2a: Sawk
|-damage|p2a: Sawk|0 fnt
|faint|p2a: Sawk
|
|upkeep
|
|t:|1660823285
|switch|p2a: Mesprit|Mesprit|100/100
|turn|18
|
|t:|1660823291
|switch|p2a: Doublade|Doublade, F|100/100
|switch|p1a: Comfey|Comfey, M|100/100
|
|upkeep
|turn|19
|
|t:|1660823296
|move|p1a: Comfey|Leech Seed|p2a: Doublade
|-start|p2a: Doublade|move: Leech Seed
|move|p2a: Doublade|Swords Dance|p2a: Doublade
|-boost|p2a: Doublade|atk|2
|
|-damage|p2a: Doublade|88/100|[from] Leech Seed|[of] p1a: Comfey
|upkeep
|turn|20
|
|t:|1660823317
|move|p1a: Comfey|Calm Mind|p1a: Comfey
|-boost|p1a: Comfey|spa|1
|-boost|p1a: Comfey|spd|1
|move|p2a: Doublade|Swords Dance|p2a: Doublade
|-boost|p2a: Doublade|atk|2
|
|-damage|p2a: Doublade|76/100|[from] Leech Seed|[of] p1a: Comfey
|upkeep
|turn|21
|
|t:|1660823324
|move|p1a: Comfey|Draining Kiss|p2a: Doublade
|-resisted|p2a: Doublade
|-damage|p2a: Doublade|54/100
|move|p2a: Doublade|Shadow Claw|p1a: Comfey
|-damage|p1a: Comfey|0 fnt
|faint|p1a: Comfey
|
|upkeep
|
|t:|1660823332
|switch|p1a: Charizard|Charizard, F|88/100
|turn|22
|
|t:|1660823335
|move|p2a: Doublade|Shadow Sneak|p1a: Charizard
|-damage|p1a: Charizard|8/100
|move|p1a: Charizard|Flamethrower|p2a: Doublade
|-supereffective|p2a: Doublade
|-damage|p2a: Doublade|0 fnt
|faint|p2a: Doublade
|
|upkeep
|
|t:|1660823337
|switch|p2a: Mesprit|Mesprit|100/100
|turn|23
|
|t:|1660823344
|move|p2a: Mesprit|Dazzling Gleam|p1a: Charizard
|-resisted|p1a: Charizard
|-damage|p1a: Charizard|0 fnt
|faint|p1a: Charizard
|
|upkeep
|
|t:|1660823348
|switch|p1a: Sneasel|Sneasel, F|100/100
|turn|24
|
|t:|1660823351
|move|p2a: Mesprit|Dazzling Gleam|p1a: Sneasel
|-supereffective|p1a: Sneasel
|-damage|p1a: Sneasel|15/100
|move|p1a: Sneasel|Knock Off|p2a: Mesprit
|-supereffective|p2a: Mesprit
|-damage|p2a: Mesprit|5/100
|-enditem|p2a: Mesprit|Choice Scarf|[from] move: Knock Off|[of] p1a: Sneasel
|
|upkeep
|turn|25
|c|☆pult4c1 shane|gg
|
|t:|1660823358
|move|p1a: Sneasel|Ice Shard|p2a: Mesprit
|-damage|p2a: Mesprit|0 fnt
|faint|p2a: Mesprit
|
|win|Gl4ssIsDrunk
|raw|Gl4ssIsDrunk's rating: 1429 &rarr; <strong>1455</strong><br />(+26 for winning)
|raw|pult4c1 shane's rating: 1543 &rarr; <strong>1517</strong><br />(-26 for losing)
|c|☆Gl4ssIsDrunk|gg
|l|☆pult4c1 shane
|j| PUDS DiannieRatson
|j|☆pult4c1 shane
|player|p2|pult4c1 shane|veteran
|l|☆pult4c1 shane
|player|p2|
||Ladder isn't responding, score probably updated but might not have (Request timeout).
