|j|☆JoJo Reference #11
|j|☆Gym Leader Fister
|t:|1666920906
|gametype|singles
|player|p1|JoJo Reference #11|170|1322
|player|p2|Gym Leader Fister|102|1193
|teamsize|p1|6
|teamsize|p2|6
|gen|8
|tier|[Gen 8] PU
|rated|
|rule|Sleep Clause Mod: Limit one foe put to sleep
|rule|Species Clause: Limit one of each Pokémon
|rule|OHKO Clause: OHKO moves are banned
|rule|Evasion Items Clause: Evasion items are banned
|rule|Evasion Moves Clause: Evasion moves are banned
|rule|Endless Battle Clause: Forcing endless battles is banned
|rule|HP Percentage Mod: HP is shown in percentages
|rule|Dynamax Clause: You cannot dynamax
|clearpoke
|poke|p1|Duosion, F|
|poke|p1|Cryogonal|
|poke|p1|Scrafty, M|
|poke|p1|Garbodor, M|
|poke|p1|Comfey, F|
|poke|p1|Gigalith, M|
|poke|p2|Ditto|
|poke|p2|Pyukumuku, M|
|poke|p2|Comfey, M|
|poke|p2|Archeops, M|
|poke|p2|Sandaconda, M|
|poke|p2|Doublade, M|
|teampreview
|
|t:|1666920934
|start
|switch|p1a: Gigalith|Gigalith, M|100/100
|switch|p2a: Pyukumuku|Pyukumuku, M|100/100
|-weather|Sandstorm|[from] ability: Sand Stream|[of] p1a: Gigalith
|turn|1
|
|t:|1666920941
|switch|p1a: Duosion|Duosion, F|100/100
|move|p2a: Pyukumuku|Block|p1a: Duosion
|-activate|p1a: Duosion|trapped
|
|-weather|Sandstorm|[upkeep]
|-damage|p2a: Pyukumuku|94/100|[from] Sandstorm
|-heal|p2a: Pyukumuku|100/100|[from] item: Leftovers
|upkeep
|turn|2
|inactive|Battle timer is ON: inactive players will automatically lose when time's up. (requested by Gym Leader Fister)
|
|t:|1666920950
|move|p1a: Duosion|Calm Mind|p1a: Duosion
|-boost|p1a: Duosion|spa|1
|-boost|p1a: Duosion|spd|1
|move|p2a: Pyukumuku|Toxic|p1a: Duosion
|-status|p1a: Duosion|tox
|
|-weather|Sandstorm|[upkeep]
|-damage|p2a: Pyukumuku|94/100|[from] Sandstorm
|-heal|p2a: Pyukumuku|100/100|[from] item: Leftovers
|upkeep
|turn|3
|
|t:|1666920968
|switch|p2a: Archeops|Archeops, M|100/100
|move|p1a: Duosion|Calm Mind|p1a: Duosion
|-boost|p1a: Duosion|spa|1
|-boost|p1a: Duosion|spd|1
|
|-weather|Sandstorm|[upkeep]
|upkeep
|turn|4
|
|t:|1666920975
|move|p2a: Archeops|Sky Attack||[still]
|-prepare|p2a: Archeops|Sky Attack
|-enditem|p2a: Archeops|Power Herb
|-anim|p2a: Archeops|Sky Attack|p1a: Duosion
|-crit|p1a: Duosion
|-damage|p1a: Duosion|19/100 tox
|move|p1a: Duosion|Stored Power|p2a: Archeops
|-damage|p2a: Archeops|0 fnt
|faint|p2a: Archeops
|
|-weather|Sandstorm|[upkeep]
|upkeep
|
|t:|1666920982
|switch|p2a: Ditto|Ditto|100/100
|-transform|p2a: Ditto|p1a: Duosion|[from] ability: Imposter
|turn|5
|
|t:|1666920988
|switch|p1a: Scrafty|Scrafty, M|100/100
|move|p2a: Ditto|Stored Power|p1a: Scrafty
|-immune|p1a: Scrafty
|
|-weather|none
|upkeep
|turn|6
|
|t:|1666920998
|switch|p2a: Comfey|Comfey, M|100/100
|move|p1a: Scrafty|Knock Off|p2a: Comfey
|-resisted|p2a: Comfey
|-damage|p2a: Comfey|87/100
|-enditem|p2a: Comfey|Heavy-Duty Boots|[from] move: Knock Off|[of] p1a: Scrafty
|
|upkeep
|turn|7
|
|t:|1666921002
|switch|p1a: Garbodor|Garbodor, M|100/100
|move|p2a: Comfey|Dazzling Gleam|p1a: Garbodor
|-resisted|p1a: Garbodor
|-damage|p1a: Garbodor|86/100
|
|upkeep
|turn|8
|
|t:|1666921011
|switch|p2a: Sandaconda|Sandaconda, M|100/100
|move|p1a: Garbodor|Toxic Spikes|p2a: Sandaconda
|-sidestart|p2: Gym Leader Fister|move: Toxic Spikes
|
|upkeep
|turn|9
|
|t:|1666921017
|switch|p1a: Cryogonal|Cryogonal|100/100
|move|p2a: Sandaconda|Sandstorm|p2a: Sandaconda
|-weather|Sandstorm
|
|-weather|Sandstorm|[upkeep]
|-damage|p1a: Cryogonal|94/100|[from] Sandstorm
|upkeep
|turn|10
|
|t:|1666921031
|switch|p2a: Doublade|Doublade, M|100/100
|move|p1a: Cryogonal|Freeze-Dry|p2a: Doublade
|-resisted|p2a: Doublade
|-damage|p2a: Doublade|86/100
|
|-weather|Sandstorm|[upkeep]
|-damage|p1a: Cryogonal|88/100|[from] Sandstorm
|upkeep
|turn|11
|
|t:|1666921035
|switch|p1a: Garbodor|Garbodor, M|86/100
|move|p2a: Doublade|Swords Dance|p2a: Doublade
|-boost|p2a: Doublade|atk|2
|
|-weather|Sandstorm|[upkeep]
|-damage|p1a: Garbodor|80/100|[from] Sandstorm
|upkeep
|turn|12
|
|t:|1666921062
|move|p1a: Garbodor|Stomping Tantrum|p2a: Doublade
|-supereffective|p2a: Doublade
|-damage|p2a: Doublade|68/100
|move|p2a: Doublade|Shadow Claw|p1a: Garbodor
|-damage|p1a: Garbodor|21/100
|-damage|p2a: Doublade|52/100|[from] item: Rocky Helmet|[of] p1a: Garbodor
|
|-weather|Sandstorm|[upkeep]
|-damage|p1a: Garbodor|15/100|[from] Sandstorm
|upkeep
|turn|13
|
|t:|1666921068
|move|p2a: Doublade|Shadow Sneak|p1a: Garbodor
|-damage|p1a: Garbodor|0 fnt
|-damage|p2a: Doublade|27/100|[from] ability: Aftermath|[of] p1a: Garbodor
|-damage|p2a: Doublade|10/100|[from] item: Rocky Helmet|[of] p1a: Garbodor
|faint|p1a: Garbodor
|
|-weather|Sandstorm|[upkeep]
|upkeep
|
|t:|1666921071
|switch|p1a: Scrafty|Scrafty, M|100/100
|turn|14
|
|t:|1666921077
|move|p2a: Doublade|Shadow Sneak|p1a: Scrafty
|-resisted|p1a: Scrafty
|-damage|p1a: Scrafty|84/100
|move|p1a: Scrafty|Knock Off|p2a: Doublade
|-supereffective|p2a: Doublade
|-damage|p2a: Doublade|0 fnt
|-enditem|p2a: Doublade|Eviolite|[from] move: Knock Off|[of] p1a: Scrafty
|faint|p2a: Doublade
|
|-weather|Sandstorm|[upkeep]
|-damage|p1a: Scrafty|78/100|[from] Sandstorm
|-heal|p1a: Scrafty|84/100|[from] item: Leftovers
|upkeep
|
|t:|1666921086
|switch|p2a: Pyukumuku|Pyukumuku, M|100/100
|-status|p2a: Pyukumuku|psn
|turn|15
|
|t:|1666921096
|switch|p1a: Duosion|Duosion, F|19/100 tox
|move|p2a: Pyukumuku|Toxic|p1a: Duosion
|-fail|p1a: Duosion|tox
|
|-weather|Sandstorm|[upkeep]
|-damage|p2a: Pyukumuku|94/100 psn|[from] Sandstorm
|-heal|p2a: Pyukumuku|100/100 psn|[from] item: Leftovers
|-damage|p2a: Pyukumuku|88/100 psn|[from] psn
|upkeep
|turn|16
|
|t:|1666921109
|switch|p2a: Comfey|Comfey, M|87/100
|-status|p2a: Comfey|psn
|move|p1a: Duosion|Recover|p1a: Duosion
|-heal|p1a: Duosion|69/100 tox
|
|-weather|none
|-damage|p2a: Comfey|75/100 psn|[from] psn
|upkeep
|turn|17
|
|t:|1666921116
|switch|p1a: Gigalith|Gigalith, M|100/100
|-weather|Sandstorm|[from] ability: Sand Stream|[of] p1a: Gigalith
|move|p2a: Comfey|Defog|p1a: Gigalith
|-unboost|p1a: Gigalith|evasion|1
|-sideend|p2: Gym Leader Fister|Toxic Spikes|[from] move: Defog|[of] p2a: Comfey
|
|-weather|Sandstorm|[upkeep]
|-damage|p2a: Comfey|68/100 psn|[from] Sandstorm
|-damage|p2a: Comfey|56/100 psn|[from] psn
|upkeep
|turn|18
|
|t:|1666921123
|move|p2a: Comfey|Synthesis|p2a: Comfey
|-heal|p2a: Comfey|81/100 psn
|move|p1a: Gigalith|Stealth Rock|p2a: Comfey
|-sidestart|p2: Gym Leader Fister|move: Stealth Rock
|
|-weather|Sandstorm|[upkeep]
|-damage|p2a: Comfey|75/100 psn|[from] Sandstorm
|-damage|p2a: Comfey|62/100 psn|[from] psn
|upkeep
|turn|19
|
|t:|1666921127
|move|p2a: Comfey|Aromatherapy|p2a: Comfey
|-activate|p2a: Comfey|move: Aromatherapy
|-curestatus|p2a: Comfey|psn|[msg]
|-curestatus|p2: Pyukumuku|psn|[msg]
|move|p1a: Gigalith|Rock Blast|p2a: Comfey
|-damage|p2a: Comfey|51/100
|-damage|p2a: Comfey|42/100
|-damage|p2a: Comfey|33/100
|-hitcount|p2a: Comfey|3
|
|-weather|Sandstorm|[upkeep]
|-damage|p2a: Comfey|27/100|[from] Sandstorm
|upkeep
|turn|20
|
|t:|1666921130
|move|p2a: Comfey|Synthesis|p2a: Comfey
|-heal|p2a: Comfey|52/100
|move|p1a: Gigalith|Toxic|p2a: Comfey
|-status|p2a: Comfey|tox
|
|-weather|Sandstorm|[upkeep]
|-damage|p2a: Comfey|46/100 tox|[from] Sandstorm
|-damage|p2a: Comfey|39/100 tox|[from] psn
|upkeep
|turn|21
|
|t:|1666921140
|move|p2a: Comfey|Defog|p1a: Gigalith
|-unboost|p1a: Gigalith|evasion|1
|-sideend|p2: Gym Leader Fister|Stealth Rock|[from] move: Defog|[of] p2a: Comfey
|move|p1a: Gigalith|Rock Blast|p2a: Comfey
|-damage|p2a: Comfey|30/100 tox
|-damage|p2a: Comfey|19/100 tox
|-hitcount|p2a: Comfey|2
|
|-weather|none
|-damage|p2a: Comfey|6/100 tox|[from] psn
|upkeep
|turn|22
|
|t:|1666921150
|move|p2a: Comfey|Synthesis|p2a: Comfey
|-heal|p2a: Comfey|56/100 tox
|move|p1a: Gigalith|Rock Blast|p2a: Comfey
|-damage|p2a: Comfey|46/100 tox
|-damage|p2a: Comfey|36/100 tox
|-hitcount|p2a: Comfey|2
|
|-damage|p2a: Comfey|17/100 tox|[from] psn
|upkeep
|turn|23
|
|t:|1666921155
|move|p2a: Comfey|Dazzling Gleam|p1a: Gigalith
|-damage|p1a: Gigalith|83/100
|move|p1a: Gigalith|Rock Blast|p2a: Comfey
|-damage|p2a: Comfey|7/100 tox
|-damage|p2a: Comfey|0 fnt
|faint|p2a: Comfey
|-hitcount|p2: Comfey|2
|
|-heal|p1a: Gigalith|90/100|[from] item: Leftovers
|upkeep
|
|t:|1666921161
|switch|p2a: Sandaconda|Sandaconda, M|100/100
|turn|24
|
|t:|1666921171
|move|p2a: Sandaconda|Sandstorm|p2a: Sandaconda
|-weather|Sandstorm
|move|p1a: Gigalith|Stealth Rock|p2a: Sandaconda
|-sidestart|p2: Gym Leader Fister|move: Stealth Rock
|
|-weather|Sandstorm|[upkeep]
|-heal|p1a: Gigalith|96/100|[from] item: Leftovers
|upkeep
|turn|25
|
|t:|1666921174
|switch|p1a: Cryogonal|Cryogonal|88/100
|move|p2a: Sandaconda|Coil|p2a: Sandaconda
|-boost|p2a: Sandaconda|atk|1
|-boost|p2a: Sandaconda|def|1
|-boost|p2a: Sandaconda|accuracy|1
|
|-weather|Sandstorm|[upkeep]
|-damage|p1a: Cryogonal|82/100|[from] Sandstorm
|upkeep
|turn|26
|
|t:|1666921178
|move|p1a: Cryogonal|Freeze-Dry|p2a: Sandaconda
|-supereffective|p2a: Sandaconda
|-damage|p2a: Sandaconda|36/100
|move|p2a: Sandaconda|Earthquake|p1a: Cryogonal
|-immune|p1a: Cryogonal|[from] ability: Levitate
|
|-weather|Sandstorm|[upkeep]
|-damage|p1a: Cryogonal|76/100|[from] Sandstorm
|upkeep
|turn|27
|
|t:|1666921184
|move|p1a: Cryogonal|Freeze-Dry|p2a: Sandaconda
|-supereffective|p2a: Sandaconda
|-damage|p2a: Sandaconda|0 fnt
|faint|p2a: Sandaconda
|
|-weather|Sandstorm|[upkeep]
|-damage|p1a: Cryogonal|70/100|[from] Sandstorm
|upkeep
|
|t:|1666921187
|switch|p2a: Ditto|Ditto|100/100
|-damage|p2a: Ditto|88/100|[from] Stealth Rock
|-transform|p2a: Ditto|p1a: Cryogonal|[from] ability: Imposter
|turn|28
|
|t:|1666921192
|move|p2a: Ditto|Freeze-Dry|p1a: Cryogonal
|-resisted|p1a: Cryogonal
|-damage|p1a: Cryogonal|61/100
|move|p1a: Cryogonal|Toxic|p2a: Ditto
|-status|p2a: Ditto|tox
|
|-weather|Sandstorm|[upkeep]
|-damage|p2a: Ditto|82/100 tox|[from] Sandstorm
|-damage|p1a: Cryogonal|55/100|[from] Sandstorm
|-damage|p2a: Ditto|76/100 tox|[from] psn
|upkeep
|turn|29
|-message|Gym Leader Fister forfeited.
|
|win|JoJo Reference #11
|raw|JoJo Reference #11's rating: 1322 &rarr; <strong>1335</strong><br />(+13 for winning)
|raw|Gym Leader Fister's rating: 1193 &rarr; <strong>1177</strong><br />(-16 for losing)
|l|☆Gym Leader Fister
