|j|☆enoelr
|j|☆one step from eden
|t:|1609588628
|player|p1|enoelr|cynthia-gen4|1349
|player|p2|one step from eden|grimsley-gen7|1350
|teamsize|p1|6
|teamsize|p2|6
|gametype|singles
|gen|8
|tier|[Gen 8] PU
|rated|
|clearpoke
|poke|p1|Pincurchin, M|
|poke|p1|Raichu-Alola, M|
|poke|p1|Persian-Alola, F|
|poke|p1|Lycanroc, F|
|poke|p1|Hitmonchan, M|
|poke|p1|Sceptile, M|
|poke|p2|Roserade, M|
|poke|p2|Passimian, M|
|poke|p2|Rotom|
|poke|p2|Mesprit|
|poke|p2|Toxicroak, F|
|poke|p2|Silvally-*|
|rule|Sleep Clause Mod: Limit one foe put to sleep
|rule|Species Clause: Limit one of each Pokémon
|rule|OHKO Clause: OHKO moves are banned
|rule|Evasion Moves Clause: Evasion moves are banned
|rule|Endless Battle Clause: Forcing endless battles is banned
|rule|HP Percentage Mod: HP is shown in percentages
|rule|Dynamax Clause: You cannot dynamax
|teampreview
|inactive|Battle timer is ON: inactive players will automatically lose when time's up. (requested by enoelr)
|
|t:|1609588660
|start
|switch|p1a: Lycanroc|Lycanroc, F|100/100
|switch|p2a: DECORUM|Rotom|100/100
|turn|1
|
|t:|1609588685
|move|p1a: Lycanroc|Stealth Rock|p2a: DECORUM
|-sidestart|p2: one step from eden|move: Stealth Rock
|move|p2a: DECORUM|Volt Switch|p1a: Lycanroc
|-damage|p1a: Lycanroc|61/100
|
|t:|1609588696
|switch|p2a: MASTERPLAN|Silvally-Steel|100/100|[from]move: Volt Switch
|-damage|p2a: MASTERPLAN|94/100|[from] Stealth Rock
|
|upkeep
|turn|2
|
|t:|1609588718
|move|p1a: Lycanroc|Close Combat|p2a: MASTERPLAN
|-supereffective|p2a: MASTERPLAN
|-damage|p2a: MASTERPLAN|19/100
|-unboost|p1a: Lycanroc|def|1
|-unboost|p1a: Lycanroc|spd|1
|move|p2a: MASTERPLAN|Swords Dance|p2a: MASTERPLAN
|-boost|p2a: MASTERPLAN|atk|2
|
|upkeep
|turn|3
|
|t:|1609588724
|switch|p2a: NO STARVING ARTIST|Passimian, M|100/100
|-damage|p2a: NO STARVING ARTIST|94/100|[from] Stealth Rock
|move|p1a: Lycanroc|Close Combat|p2a: NO STARVING ARTIST
|-damage|p2a: NO STARVING ARTIST|54/100
|-unboost|p1a: Lycanroc|def|1
|-unboost|p1a: Lycanroc|spd|1
|
|upkeep
|turn|4
|
|t:|1609588736
|move|p2a: NO STARVING ARTIST|U-turn|p1a: Lycanroc
|-damage|p1a: Lycanroc|0 fnt
|faint|p1a: Lycanroc
|
|t:|1609588759
|switch|p2a: GREENS|Roserade, M|100/100|[from]move: U-turn
|-damage|p2a: GREENS|88/100|[from] Stealth Rock
|
|upkeep
|inactive|enoelr has 120 seconds left.
|inactive|enoelr has 90 seconds left.
|
|t:|1609588833
|switch|p1a: Pincurchin|Pincurchin, M|100/100
|-fieldstart|move: Electric Terrain|[from] ability: Electric Surge|[of] p1a: Pincurchin
|turn|5
|inactive|one step from eden has 120 seconds left.
|
|t:|1609588863
|move|p2a: GREENS|Sleep Powder|p1a: Pincurchin
|-activate|p1a: Pincurchin|move: Electric Terrain
|move|p1a: Pincurchin|Memento|p2a: GREENS
|-unboost|p2a: GREENS|atk|2
|-unboost|p2a: GREENS|spa|2
|faint|p1a: Pincurchin
|
|upkeep
|
|t:|1609588867
|switch|p1a: Raichu|Raichu-Alola, M|100/100
|turn|6
|
|t:|1609588872
|switch|p2a: MASTERPLAN|Silvally-Steel|19/100
|-damage|p2a: MASTERPLAN|13/100|[from] Stealth Rock
|move|p1a: Raichu|Nasty Plot|p1a: Raichu
|-boost|p1a: Raichu|spa|2
|
|upkeep
|turn|7
|
|t:|1609588877
|move|p1a: Raichu|Rising Voltage|p2a: MASTERPLAN
|-damage|p2a: MASTERPLAN|0 fnt
|faint|p2a: MASTERPLAN
|
|upkeep
|
|t:|1609588884
|switch|p2a: ABSOLUTES|Toxicroak, F|100/100
|-damage|p2a: ABSOLUTES|94/100|[from] Stealth Rock
|turn|8
|
|t:|1609588887
|move|p2a: ABSOLUTES|Sucker Punch|p1a: Raichu
|-supereffective|p1a: Raichu
|-damage|p1a: Raichu|0 fnt
|-damage|p2a: ABSOLUTES|85/100|[from] item: Life Orb
|faint|p1a: Raichu
|
|upkeep
|inactive|enoelr has 120 seconds left.
|
|t:|1609588922
|switch|p1a: Sceptile|Sceptile, M|100/100
|-enditem|p1a: Sceptile|Electric Seed
|-boost|p1a: Sceptile|def|1|[from] item: Electric Seed
|turn|9
|
|t:|1609588926
|move|p1a: Sceptile|Earthquake|p2a: ABSOLUTES
|-supereffective|p2a: ABSOLUTES
|-damage|p2a: ABSOLUTES|0 fnt
|faint|p2a: ABSOLUTES
|
|upkeep
|
|t:|1609588932
|switch|p2a: MYTHICAL|Mesprit|100/100
|-damage|p2a: MYTHICAL|88/100|[from] Stealth Rock
|turn|10
|
|t:|1609588935
|move|p1a: Sceptile|Swords Dance|p1a: Sceptile
|-boost|p1a: Sceptile|atk|2
|move|p2a: MYTHICAL|Ice Beam|p1a: Sceptile
|-supereffective|p1a: Sceptile
|-damage|p1a: Sceptile|28/100
|-status|p1a: Sceptile|frz
|
|upkeep
|turn|11
|
|t:|1609588944
|cant|p1a: Sceptile|frz
|move|p2a: MYTHICAL|Psychic|p1a: Sceptile
|-crit|p1a: Sceptile
|-damage|p1a: Sceptile|0 fnt
|faint|p1a: Sceptile
|
|upkeep
|
|t:|1609588949
|switch|p1a: Persian|Persian-Alola, F|100/100
|turn|12
|c|☆one step from eden|mb
|
|t:|1609588953
|move|p1a: Persian|Foul Play|p2a: MYTHICAL
|-supereffective|p2a: MYTHICAL
|-damage|p2a: MYTHICAL|28/100
|move|p2a: MYTHICAL|Stealth Rock|p1a: Persian
|-sidestart|p1: enoelr|move: Stealth Rock
|
|-fieldend|move: Electric Terrain
|upkeep
|turn|13
|
|t:|1609588961
|move|p1a: Persian|Foul Play|p2a: MYTHICAL
|-supereffective|p2a: MYTHICAL
|-damage|p2a: MYTHICAL|0 fnt
|faint|p2a: MYTHICAL
|
|upkeep
|
|t:|1609588965
|switch|p2a: NO STARVING ARTIST|Passimian, M|54/100
|-damage|p2a: NO STARVING ARTIST|48/100|[from] Stealth Rock
|turn|14
|
|t:|1609588969
|move|p2a: NO STARVING ARTIST|Close Combat|p1a: Persian
|-supereffective|p1a: Persian
|-damage|p1a: Persian|5/100
|-unboost|p2a: NO STARVING ARTIST|def|1
|-unboost|p2a: NO STARVING ARTIST|spd|1
|move|p1a: Persian|Foul Play|p2a: NO STARVING ARTIST
|-resisted|p2a: NO STARVING ARTIST
|-damage|p2a: NO STARVING ARTIST|11/100
|
|-heal|p1a: Persian|11/100|[from] item: Leftovers
|upkeep
|turn|15
|
|t:|1609588975
|move|p2a: NO STARVING ARTIST|Close Combat|p1a: Persian
|-supereffective|p1a: Persian
|-damage|p1a: Persian|0 fnt
|-unboost|p2a: NO STARVING ARTIST|def|1
|-unboost|p2a: NO STARVING ARTIST|spd|1
|faint|p1a: Persian
|
|upkeep
|
|t:|1609588976
|switch|p1a: Hitmonchan|Hitmonchan, M|100/100
|-damage|p1a: Hitmonchan|95/100|[from] Stealth Rock
|turn|16
|
|t:|1609588979
|move|p1a: Hitmonchan|Mach Punch|p2a: NO STARVING ARTIST
|-damage|p2a: NO STARVING ARTIST|0 fnt
|faint|p2a: NO STARVING ARTIST
|
|upkeep
|
|t:|1609589003
|switch|p2a: GREENS|Roserade, M|88/100
|-damage|p2a: GREENS|76/100|[from] Stealth Rock
|turn|17
|
|t:|1609589008
|move|p2a: GREENS|Sludge Bomb|p1a: Hitmonchan
|-damage|p1a: Hitmonchan|60/100
|move|p1a: Hitmonchan|Rapid Spin|p2a: GREENS
|-damage|p2a: GREENS|46/100
|-boost|p1a: Hitmonchan|spe|1
|-sideend|p1: enoelr|Stealth Rock|[from] move: Rapid Spin|[of] p1a: Hitmonchan
|
|upkeep
|turn|18
|
|t:|1609589017
|move|p2a: GREENS|Sludge Bomb|p1a: Hitmonchan
|-damage|p1a: Hitmonchan|25/100
|-status|p1a: Hitmonchan|psn
|move|p1a: Hitmonchan|Throat Chop|p2a: GREENS
|-damage|p2a: GREENS|0 fnt
|faint|p2a: GREENS
|
|-damage|p1a: Hitmonchan|12/100 psn|[from] psn
|upkeep
|
|t:|1609589020
|switch|p2a: DECORUM|Rotom|100/100
|-damage|p2a: DECORUM|88/100|[from] Stealth Rock
|turn|19
|
|t:|1609589023
|move|p2a: DECORUM|Hex|p1a: Hitmonchan
|-crit|p1a: Hitmonchan
|-damage|p1a: Hitmonchan|0 fnt
|faint|p1a: Hitmonchan
|
|win|one step from eden
|raw|enoelr's rating: 1349 &rarr; <strong>1329</strong><br />(-20 for losing)
|raw|one step from eden's rating: 1350 &rarr; <strong>1370</strong><br />(+20 for winning)
|l|☆enoelr
