|raw|<div class="broadcast-blue"><strong>This battle is required to be public due to a player having a name starting with 'pult72b'.</div>
|j|☆its me agent 025
|j|☆PULT72B hjkhj
|t:|1627654640
|gametype|singles
|player|p1|its me agent 025|pokekid|1396
|player|p2|PULT72B hjkhj|infielder|1585
|teamsize|p1|6
|teamsize|p2|6
|gen|8
|tier|[Gen 8] PU
|rated|
|rule|Sleep Clause Mod: Limit one foe put to sleep
|rule|Species Clause: Limit one of each Pokémon
|rule|OHKO Clause: OHKO moves are banned
|rule|Evasion Moves Clause: Evasion moves are banned
|rule|Endless Battle Clause: Forcing endless battles is banned
|rule|HP Percentage Mod: HP is shown in percentages
|rule|Dynamax Clause: You cannot dynamax
|clearpoke
|poke|p1|Passimian, M|
|poke|p1|Togedemaru, M|
|poke|p1|Quagsire, M|
|poke|p1|Charizard, F|
|poke|p1|Jynx, F|
|poke|p1|Absol, F|
|poke|p2|Weezing, F|
|poke|p2|Quagsire, M|
|poke|p2|Articuno|
|poke|p2|Miltank, F|
|poke|p2|Tsareena, F|
|poke|p2|Duosion, M|
|teampreview
|inactive|Battle timer is ON: inactive players will automatically lose when time's up. (requested by PULT72B hjkhj)
|inactive|its me agent 025 has 120 seconds left.
|
|t:|1627654681
|start
|switch|p1a: Passimian|Passimian, M|100/100
|switch|p2a: Weezing|Weezing, F|100/100
|-ability|p2a: Weezing|Neutralizing Gas
|turn|1
|
|t:|1627654688
|switch|p1a: Charizard|Charizard, F|100/100
|move|p2a: Weezing|Sludge Bomb|p1a: Charizard
|-damage|p1a: Charizard|64/100
|
|upkeep
|turn|2
|
|t:|1627654692
|-end|p2a: Weezing|ability: Neutralizing Gas
|switch|p2a: Duosion|Duosion, M|100/100
|move|p1a: Charizard|Flamethrower|p2a: Duosion
|-damage|p2a: Duosion|74/100
|
|upkeep
|turn|3
|
|t:|1627654699
|switch|p1a: Togedemaru|Togedemaru, M|100/100
|move|p2a: Duosion|Psychic|p1a: Togedemaru
|-resisted|p1a: Togedemaru
|-damage|p1a: Togedemaru|83/100
|
|upkeep
|turn|4
|
|t:|1627654702
|switch|p2a: Weezing|Weezing, F|100/100
|-ability|p2a: Weezing|Neutralizing Gas
|move|p1a: Togedemaru|Iron Head|p2a: Weezing
|-damage|p2a: Weezing|83/100
|-damage|p1a: Togedemaru|67/100|[from] item: Rocky Helmet|[of] p2a: Weezing
|
|upkeep
|turn|5
|
|t:|1627654707
|switch|p1a: Charizard|Charizard, F|64/100
|move|p2a: Weezing|Toxic Spikes|p1a: Charizard
|-sidestart|p1: its me agent 025|move: Toxic Spikes
|
|upkeep
|turn|6
|
|t:|1627654710
|-end|p2a: Weezing|ability: Neutralizing Gas
|switch|p2a: Duosion|Duosion, M|74/100
|move|p1a: Charizard|Defog|p2a: Duosion
|-unboost|p2a: Duosion|evasion|1
|-sideend|p1: its me agent 025|Toxic Spikes|[from] move: Defog|[of] p1a: Charizard
|
|upkeep
|turn|7
|
|t:|1627654715
|switch|p1a: Togedemaru|Togedemaru, M|67/100
|move|p2a: Duosion|Recover|p2a: Duosion
|-heal|p2a: Duosion|100/100
|
|upkeep
|turn|8
|
|t:|1627654718
|switch|p2a: Weezing|Weezing, F|83/100
|-ability|p2a: Weezing|Neutralizing Gas
|move|p1a: Togedemaru|Wish|p1a: Togedemaru
|
|upkeep
|turn|9
|
|t:|1627654723
|switch|p1a: Charizard|Charizard, F|64/100
|move|p2a: Weezing|Will-O-Wisp|p1a: Charizard|[miss]
|-miss|p2a: Weezing|p1a: Charizard
|
|-heal|p1a: Charizard|100/100|[from] move: Wish|[wisher] Togedemaru
|upkeep
|turn|10
|
|t:|1627654728
|switch|p1a: Absol|Absol, F|100/100
|-end|p2a: Weezing|ability: Neutralizing Gas
|switch|p2a: Miltank|Miltank, F|100/100
|
|upkeep
|turn|11
|
|t:|1627654735
|switch|p1a: Togedemaru|Togedemaru, M|67/100
|switch|p2a: Quagsire|Quagsire, M|100/100
|
|upkeep
|turn|12
|
|t:|1627654737
|move|p1a: Togedemaru|U-turn|p2a: Quagsire
|-damage|p2a: Quagsire|89/100
|
|t:|1627654745
|switch|p1a: Charizard|Charizard, F|100/100|[from]move: U-turn
|move|p2a: Quagsire|Earthquake|p1a: Charizard
|-immune|p1a: Charizard
|
|upkeep
|turn|13
|
|t:|1627654749
|switch|p2a: Duosion|Duosion, M|100/100
|move|p1a: Charizard|Toxic|p2a: Duosion
|-status|p2a: Duosion|tox
|
|upkeep
|turn|14
|
|t:|1627654756
|switch|p1a: Absol|Absol, F|100/100
|switch|p2a: Miltank|Miltank, F|100/100
|
|upkeep
|turn|15
|
|t:|1627654763
|switch|p1a: Togedemaru|Togedemaru, M|67/100
|switch|p2a: Quagsire|Quagsire, M|89/100
|
|upkeep
|turn|16
|
|t:|1627654766
|move|p1a: Togedemaru|U-turn|p2a: Quagsire
|-damage|p2a: Quagsire|79/100
|
|t:|1627654770
|switch|p1a: Jynx|Jynx, F|100/100|[from]move: U-turn
|move|p2a: Quagsire|Scald|p1a: Jynx
|-immune|p1a: Jynx|[from] ability: Dry Skin
|
|upkeep
|turn|17
|
|t:|1627654773
|switch|p2a: Miltank|Miltank, F|100/100
|move|p1a: Jynx|Substitute|p1a: Jynx
|-start|p1a: Jynx|Substitute
|-damage|p1a: Jynx|76/100
|
|upkeep
|turn|18
|
|t:|1627654776
|move|p1a: Jynx|Nasty Plot|p1a: Jynx
|-boost|p1a: Jynx|spa|2
|move|p2a: Miltank|Seismic Toss|p1a: Jynx
|-end|p1a: Jynx|Substitute
|
|upkeep
|turn|19
|
|t:|1627654790
|move|p1a: Jynx|Ice Beam|p2a: Miltank
|-damage|p2a: Miltank|63/100
|move|p2a: Miltank|Toxic|p1a: Jynx
|-status|p1a: Jynx|tox
|
|-damage|p1a: Jynx|70/100 tox|[from] psn
|upkeep
|turn|20
|
|t:|1627654805
|move|p1a: Jynx|Psyshock|p2a: Miltank
|-damage|p2a: Miltank|0 fnt
|faint|p2a: Miltank
|
|-damage|p1a: Jynx|58/100 tox|[from] psn
|upkeep
|
|t:|1627654808
|switch|p2a: Duosion|Duosion, M|100/100 tox
|turn|21
|
|t:|1627654825
|switch|p1a: Togedemaru|Togedemaru, M|67/100
|move|p2a: Duosion|Recover||[still]
|-fail|p2a: Duosion|heal
|
|upkeep
|turn|22
|
|t:|1627654828
|switch|p2a: Weezing|Weezing, F|83/100
|-ability|p2a: Weezing|Neutralizing Gas
|move|p1a: Togedemaru|Wish|p1a: Togedemaru
|
|upkeep
|turn|23
|
|t:|1627654833
|switch|p1a: Jynx|Jynx, F|58/100 tox
|move|p2a: Weezing|Sludge Bomb|p1a: Jynx
|-damage|p1a: Jynx|25/100 tox
|
|-heal|p1a: Jynx|86/100 tox|[from] move: Wish|[wisher] Togedemaru
|-damage|p1a: Jynx|80/100 tox|[from] psn
|upkeep
|turn|24
|
|t:|1627654847
|-end|p2a: Weezing|ability: Neutralizing Gas
|switch|p2a: Duosion|Duosion, M|100/100 tox
|move|p1a: Jynx|Psyshock|p2a: Duosion
|-resisted|p2a: Duosion
|-damage|p2a: Duosion|78/100 tox
|
|-damage|p1a: Jynx|68/100 tox|[from] psn
|upkeep
|turn|25
|
|t:|1627654854
|switch|p1a: Togedemaru|Togedemaru, M|67/100
|move|p2a: Duosion|Infestation|p1a: Togedemaru
|-resisted|p1a: Togedemaru
|-damage|p1a: Togedemaru|64/100
|-activate|p1a: Togedemaru|move: Infestation|[of] p2a: Duosion
|
|-damage|p1a: Togedemaru|52/100|[from] move: Infestation|[partiallytrapped]
|upkeep
|turn|26
|
|t:|1627654859
|switch|p2a: Weezing|Weezing, F|83/100
|-ability|p2a: Weezing|Neutralizing Gas
|move|p1a: Togedemaru|Wish|p1a: Togedemaru
|
|-end|p1a: Togedemaru|Infestation|[partiallytrapped]|[silent]
|upkeep
|turn|27
|
|t:|1627654866
|move|p1a: Togedemaru|Spiky Shield|p1a: Togedemaru
|-singleturn|p1a: Togedemaru|move: Protect
|move|p2a: Weezing|Toxic Spikes|p1a: Togedemaru
|-sidestart|p1: its me agent 025|move: Toxic Spikes
|
|-heal|p1a: Togedemaru|100/100|[from] move: Wish|[wisher] Togedemaru
|upkeep
|turn|28
|
|t:|1627654869
|move|p1a: Togedemaru|U-turn|p2a: Weezing
|-resisted|p2a: Weezing
|-damage|p2a: Weezing|78/100
|-damage|p1a: Togedemaru|84/100|[from] item: Rocky Helmet|[of] p2a: Weezing
|
|t:|1627654872
|switch|p1a: Charizard|Charizard, F|100/100|[from]move: U-turn
|move|p2a: Weezing|Sludge Bomb|p1a: Charizard
|-damage|p1a: Charizard|62/100
|
|upkeep
|turn|29
|
|t:|1627654877
|-end|p2a: Weezing|ability: Neutralizing Gas
|switch|p2a: Duosion|Duosion, M|78/100 tox
|move|p1a: Charizard|Defog|p2a: Duosion
|-unboost|p2a: Duosion|evasion|1
|-sideend|p1: its me agent 025|Toxic Spikes|[from] move: Defog|[of] p1a: Charizard
|
|upkeep
|turn|30
|
|t:|1627654886
|switch|p1a: Togedemaru|Togedemaru, M|84/100
|move|p2a: Duosion|Infestation|p1a: Togedemaru
|-resisted|p1a: Togedemaru
|-damage|p1a: Togedemaru|81/100
|-activate|p1a: Togedemaru|move: Infestation|[of] p2a: Duosion
|
|-damage|p1a: Togedemaru|69/100|[from] move: Infestation|[partiallytrapped]
|upkeep
|turn|31
|
|t:|1627654889
|switch|p2a: Weezing|Weezing, F|78/100
|-ability|p2a: Weezing|Neutralizing Gas
|move|p1a: Togedemaru|U-turn|p2a: Weezing
|-resisted|p2a: Weezing
|-damage|p2a: Weezing|73/100
|-damage|p1a: Togedemaru|52/100|[from] item: Rocky Helmet|[of] p2a: Weezing
|
|t:|1627654891
|switch|p1a: Jynx|Jynx, F|68/100 tox|[from]move: U-turn
|
|-damage|p1a: Jynx|62/100 tox|[from] psn
|upkeep
|turn|32
|
|t:|1627654894
|-end|p2a: Weezing|ability: Neutralizing Gas
|switch|p2a: Duosion|Duosion, M|78/100 tox
|move|p1a: Jynx|Ice Beam|p2a: Duosion
|-damage|p2a: Duosion|51/100 tox
|
|-damage|p1a: Jynx|51/100 tox|[from] psn
|upkeep
|turn|33
|
|t:|1627654900
|switch|p1a: Absol|Absol, F|100/100
|move|p2a: Duosion|Recover|p2a: Duosion
|-heal|p2a: Duosion|100/100 tox
|
|upkeep
|turn|34
|
|t:|1627654905
|switch|p2a: Quagsire|Quagsire, M|79/100
|move|p1a: Absol|Knock Off|p2a: Quagsire
|-damage|p2a: Quagsire|40/100
|-enditem|p2a: Quagsire|Heavy-Duty Boots|[from] move: Knock Off|[of] p1a: Absol
|
|upkeep
|turn|35
|
|t:|1627654931
|switch|p1a: Charizard|Charizard, F|62/100
|move|p2a: Quagsire|Recover|p2a: Quagsire
|-heal|p2a: Quagsire|90/100
|
|upkeep
|turn|36
|
|t:|1627654936
|switch|p2a: Duosion|Duosion, M|100/100 tox
|move|p1a: Charizard|Toxic|p2a: Duosion
|-fail|p2a: Duosion|tox
|
|upkeep
|turn|37
|
|t:|1627654943
|switch|p1a: Togedemaru|Togedemaru, M|52/100
|move|p2a: Duosion|Infestation|p1a: Togedemaru
|-resisted|p1a: Togedemaru
|-damage|p1a: Togedemaru|50/100
|-activate|p1a: Togedemaru|move: Infestation|[of] p2a: Duosion
|
|-damage|p1a: Togedemaru|38/100|[from] move: Infestation|[partiallytrapped]
|upkeep
|turn|38
|
|t:|1627654946
|move|p1a: Togedemaru|Wish|p1a: Togedemaru
|move|p2a: Duosion|Psychic|p1a: Togedemaru
|-resisted|p1a: Togedemaru
|-damage|p1a: Togedemaru|22/100
|
|-damage|p1a: Togedemaru|9/100|[from] move: Infestation|[partiallytrapped]
|upkeep
|turn|39
|
|t:|1627654951
|switch|p2a: Weezing|Weezing, F|73/100
|-ability|p2a: Weezing|Neutralizing Gas
|move|p1a: Togedemaru|Spiky Shield||[still]
|-fail|p1a: Togedemaru
|
|-heal|p1a: Togedemaru|59/100|[from] move: Wish|[wisher] Togedemaru
|-end|p1a: Togedemaru|Infestation|[partiallytrapped]|[silent]
|upkeep
|turn|40
|
|t:|1627654958
|move|p1a: Togedemaru|Wish|p1a: Togedemaru
|move|p2a: Weezing|Sludge Bomb|p1a: Togedemaru
|-immune|p1a: Togedemaru
|
|upkeep
|turn|41
|
|t:|1627654963
|move|p1a: Togedemaru|Iron Head|p2a: Weezing
|-damage|p2a: Weezing|56/100
|-damage|p1a: Togedemaru|43/100|[from] item: Rocky Helmet|[of] p2a: Weezing
|move|p2a: Weezing|Toxic Spikes|p1a: Togedemaru
|-sidestart|p1: its me agent 025|move: Toxic Spikes
|
|-heal|p1a: Togedemaru|92/100|[from] move: Wish|[wisher] Togedemaru
|upkeep
|turn|42
|
|t:|1627654968
|move|p1a: Togedemaru|Wish|p1a: Togedemaru
|move|p2a: Weezing|Sludge Bomb|p1a: Togedemaru
|-immune|p1a: Togedemaru
|
|upkeep
|turn|43
|
|t:|1627654973
|move|p1a: Togedemaru|Iron Head|p2a: Weezing
|-damage|p2a: Weezing|38/100
|-damage|p1a: Togedemaru|76/100|[from] item: Rocky Helmet|[of] p2a: Weezing
|move|p2a: Weezing|Sludge Bomb|p1a: Togedemaru
|-immune|p1a: Togedemaru
|
|-heal|p1a: Togedemaru|100/100|[from] move: Wish|[wisher] Togedemaru
|upkeep
|turn|44
|
|t:|1627654976
|move|p1a: Togedemaru|Wish|p1a: Togedemaru
|move|p2a: Weezing|Will-O-Wisp|p1a: Togedemaru
|-status|p1a: Togedemaru|brn
|
|-damage|p1a: Togedemaru|94/100 brn|[from] brn
|upkeep
|turn|45
|
|t:|1627654987
|move|p1a: Togedemaru|U-turn|p2a: Weezing
|-resisted|p2a: Weezing
|-damage|p2a: Weezing|36/100
|-damage|p1a: Togedemaru|78/100 brn|[from] item: Rocky Helmet|[of] p2a: Weezing
|
|t:|1627654992
|switch|p1a: Jynx|Jynx, F|51/100 tox|[from]move: U-turn
|move|p2a: Weezing|Rest|p2a: Weezing
|-status|p2a: Weezing|slp|[from] move: Rest
|-heal|p2a: Weezing|100/100 slp|[silent]
|
|-heal|p1a: Jynx|100/100 tox|[from] move: Wish|[wisher] Togedemaru
|-damage|p1a: Jynx|95/100 tox|[from] psn
|upkeep
|turn|46
|
|t:|1627655000
|switch|p1a: Charizard|Charizard, F|62/100
|-end|p2a: Weezing|ability: Neutralizing Gas
|switch|p2a: Duosion|Duosion, M|100/100 tox
|
|upkeep
|turn|47
|
|t:|1627655003
|switch|p1a: Togedemaru|Togedemaru, M|78/100 brn
|move|p2a: Duosion|Infestation|p1a: Togedemaru
|-resisted|p1a: Togedemaru
|-damage|p1a: Togedemaru|76/100 brn
|-activate|p1a: Togedemaru|move: Infestation|[of] p2a: Duosion
|
|-damage|p1a: Togedemaru|70/100 brn|[from] brn
|-damage|p1a: Togedemaru|57/100 brn|[from] move: Infestation|[partiallytrapped]
|upkeep
|turn|48
|
|t:|1627655006
|move|p1a: Togedemaru|Wish|p1a: Togedemaru
|move|p2a: Duosion|Psychic|p1a: Togedemaru
|-resisted|p1a: Togedemaru
|-damage|p1a: Togedemaru|41/100 brn
|-unboost|p1a: Togedemaru|spd|1
|
|-damage|p1a: Togedemaru|35/100 brn|[from] brn
|-damage|p1a: Togedemaru|23/100 brn|[from] move: Infestation|[partiallytrapped]
|upkeep
|turn|49
|
|t:|1627655015
|switch|p2a: Tsareena|Tsareena, F|100/100
|move|p1a: Togedemaru|Spiky Shield||[still]
|-fail|p1a: Togedemaru
|
|-heal|p1a: Togedemaru|73/100 brn|[from] move: Wish|[wisher] Togedemaru
|-damage|p1a: Togedemaru|67/100 brn|[from] brn
|-end|p1a: Togedemaru|Infestation|[partiallytrapped]|[silent]
|upkeep
|turn|50
|
|t:|1627655027
|move|p1a: Togedemaru|Wish|p1a: Togedemaru
|move|p2a: Tsareena|Knock Off|p1a: Togedemaru
|-damage|p1a: Togedemaru|31/100 brn
|-damage|p2a: Tsareena|84/100|[from] item: Rocky Helmet|[of] p1a: Togedemaru
|-enditem|p1a: Togedemaru|Rocky Helmet|[from] move: Knock Off|[of] p2a: Tsareena
|
|-damage|p1a: Togedemaru|25/100 brn|[from] brn
|upkeep
|turn|51
|
|t:|1627655033
|move|p1a: Togedemaru|Spiky Shield|p1a: Togedemaru
|-singleturn|p1a: Togedemaru|move: Protect
|move|p2a: Tsareena|Aromatherapy|p2a: Tsareena
|-activate|p2a: Tsareena|move: Aromatherapy
|-curestatus|p2: Weezing|slp|[msg]
|-curestatus|p2: Duosion|tox|[msg]
|
|-heal|p1a: Togedemaru|75/100 brn|[from] move: Wish|[wisher] Togedemaru
|-damage|p1a: Togedemaru|69/100 brn|[from] brn
|upkeep
|turn|52
|
|t:|1627655039
|switch|p1a: Charizard|Charizard, F|62/100
|switch|p2a: Duosion|Duosion, M|100/100
|
|upkeep
|turn|53
|
|t:|1627655045
|switch|p1a: Togedemaru|Togedemaru, M|69/100 brn
|move|p2a: Duosion|Infestation|p1a: Togedemaru
|-resisted|p1a: Togedemaru
|-damage|p1a: Togedemaru|66/100 brn
|-activate|p1a: Togedemaru|move: Infestation|[of] p2a: Duosion
|
|-damage|p1a: Togedemaru|60/100 brn|[from] brn
|-damage|p1a: Togedemaru|48/100 brn|[from] move: Infestation|[partiallytrapped]
|upkeep
|turn|54
|
|t:|1627655047
|move|p1a: Togedemaru|U-turn|p2a: Duosion
|-supereffective|p2a: Duosion
|-damage|p2a: Duosion|83/100
|
|t:|1627655054
|switch|p1a: Charizard|Charizard, F|62/100|[from]move: U-turn
|move|p2a: Duosion|Psychic|p1a: Charizard
|-damage|p1a: Charizard|11/100
|
|upkeep
|turn|55
|
|t:|1627655068
|switch|p1a: Togedemaru|Togedemaru, M|48/100 brn
|move|p2a: Duosion|Infestation|p1a: Togedemaru
|-resisted|p1a: Togedemaru
|-damage|p1a: Togedemaru|46/100 brn
|-activate|p1a: Togedemaru|move: Infestation|[of] p2a: Duosion
|
|-damage|p1a: Togedemaru|40/100 brn|[from] brn
|-damage|p1a: Togedemaru|27/100 brn|[from] move: Infestation|[partiallytrapped]
|upkeep
|turn|56
|
|t:|1627655070
|move|p1a: Togedemaru|Wish|p1a: Togedemaru
|move|p2a: Duosion|Psychic|p1a: Togedemaru
|-resisted|p1a: Togedemaru
|-damage|p1a: Togedemaru|9/100 brn
|
|-damage|p1a: Togedemaru|3/100 brn|[from] brn
|-damage|p1a: Togedemaru|0 fnt|[from] move: Infestation|[partiallytrapped]
|faint|p1a: Togedemaru
|upkeep
|
|t:|1627655074
|switch|p1a: Charizard|Charizard, F|11/100
|turn|57
|
|t:|1627655081
|move|p1a: Charizard|Defog|p2a: Duosion
|-unboost|p2a: Duosion|evasion|1
|-sideend|p1: its me agent 025|Toxic Spikes|[from] move: Defog|[of] p1a: Charizard
|move|p2a: Duosion|Toxic|p1a: Charizard
|-status|p1a: Charizard|tox
|
|-heal|p1a: Charizard|67/100 tox|[from] move: Wish|[wisher] Togedemaru
|-damage|p1a: Charizard|61/100 tox|[from] psn
|upkeep
|turn|58
|
|t:|1627655107
|switch|p1a: Passimian|Passimian, M|100/100
|move|p2a: Duosion|Infestation|p1a: Passimian
|-resisted|p1a: Passimian
|-damage|p1a: Passimian|97/100
|-activate|p1a: Passimian|move: Infestation|[of] p2a: Duosion
|
|-damage|p1a: Passimian|84/100|[from] move: Infestation|[partiallytrapped]
|upkeep
|turn|59
|
|t:|1627655110
|switch|p2a: Weezing|Weezing, F|100/100
|-ability|p2a: Weezing|Neutralizing Gas
|move|p1a: Passimian|U-turn|p2a: Weezing
|-resisted|p2a: Weezing
|-damage|p2a: Weezing|92/100
|-damage|p1a: Passimian|68/100|[from] item: Rocky Helmet|[of] p2a: Weezing
|
|t:|1627655113
|switch|p1a: Jynx|Jynx, F|95/100 tox|[from]move: U-turn
|
|-damage|p1a: Jynx|89/100 tox|[from] psn
|upkeep
|turn|60
|
|t:|1627655116
|-end|p2a: Weezing|ability: Neutralizing Gas
|switch|p2a: Duosion|Duosion, M|83/100
|move|p1a: Jynx|Nasty Plot|p1a: Jynx
|-boost|p1a: Jynx|spa|2
|
|-damage|p1a: Jynx|77/100 tox|[from] psn
|upkeep
|turn|61
|
|t:|1627655120
|move|p1a: Jynx|Nasty Plot|p1a: Jynx
|-boost|p1a: Jynx|spa|2
|move|p2a: Duosion|Recover|p2a: Duosion
|-heal|p2a: Duosion|100/100
|
|-damage|p1a: Jynx|59/100 tox|[from] psn
|upkeep
|turn|62
|
|t:|1627655132
|switch|p2a: Articuno|Articuno|100/100
|-ability|p2a: Articuno|Pressure
|move|p1a: Jynx|Ice Beam|p2a: Articuno
|-damage|p2a: Articuno|17/100
|
|-damage|p1a: Jynx|36/100 tox|[from] psn
|upkeep
|turn|63
|
|t:|1627655142
|move|p1a: Jynx|Ice Beam|p2a: Articuno
|-damage|p2a: Articuno|0 fnt
|faint|p2a: Articuno
|
|-damage|p1a: Jynx|6/100 tox|[from] psn
|upkeep
|
|t:|1627655144
|switch|p2a: Quagsire|Quagsire, M|90/100
|turn|64
|
|t:|1627655149
|switch|p1a: Charizard|Charizard, F|61/100 tox
|move|p2a: Quagsire|Recover|p2a: Quagsire
|-heal|p2a: Quagsire|100/100
|
|-damage|p1a: Charizard|55/100 tox|[from] psn
|upkeep
|turn|65
|
|t:|1627655153
|switch|p2a: Duosion|Duosion, M|100/100
|move|p1a: Charizard|Toxic|p2a: Duosion|[miss]
|-miss|p1a: Charizard|p2a: Duosion
|
|-damage|p1a: Charizard|43/100 tox|[from] psn
|upkeep
|turn|66
|inactive|its me agent 025 has 120 seconds left.
|
|t:|1627655196
|switch|p1a: Absol|Absol, F|100/100
|move|p2a: Duosion|Infestation|p1a: Absol
|-supereffective|p1a: Absol
|-damage|p1a: Absol|80/100
|-activate|p1a: Absol|move: Infestation|[of] p2a: Duosion
|
|-damage|p1a: Absol|68/100|[from] move: Infestation|[partiallytrapped]
|upkeep
|turn|67
|
|t:|1627655206
|switch|p2a: Quagsire|Quagsire, M|100/100
|move|p1a: Absol|Knock Off|p2a: Quagsire
|-damage|p2a: Quagsire|70/100
|
|-end|p1a: Absol|Infestation|[partiallytrapped]|[silent]
|upkeep
|turn|68
|inactive|its me agent 025 has 120 seconds left.
|
|t:|1627655214
|switch|p1a: Jynx|Jynx, F|6/100 tox
|move|p2a: Quagsire|Recover|p2a: Quagsire
|-heal|p2a: Quagsire|100/100
|
|-damage|p1a: Jynx|0 fnt|[from] psn
|faint|p1a: Jynx
|upkeep
|
|t:|1627655218
|switch|p1a: Passimian|Passimian, M|68/100
|turn|69
|
|t:|1627655222
|switch|p2a: Weezing|Weezing, F|92/100
|-ability|p2a: Weezing|Neutralizing Gas
|move|p1a: Passimian|U-turn|p2a: Weezing
|-resisted|p2a: Weezing
|-crit|p2a: Weezing
|-damage|p2a: Weezing|81/100
|-damage|p1a: Passimian|52/100|[from] item: Rocky Helmet|[of] p2a: Weezing
|
|t:|1627655224
|switch|p1a: Charizard|Charizard, F|43/100 tox|[from]move: U-turn
|
|-damage|p1a: Charizard|37/100 tox|[from] psn
|upkeep
|turn|70
|
|t:|1627655226
|-end|p2a: Weezing|ability: Neutralizing Gas
|switch|p2a: Duosion|Duosion, M|100/100
|move|p1a: Charizard|Roost|p1a: Charizard
|-heal|p1a: Charizard|87/100 tox
|-singleturn|p1a: Charizard|move: Roost
|
|-damage|p1a: Charizard|75/100 tox|[from] psn
|upkeep
|turn|71
|
|t:|1627655233
|switch|p1a: Passimian|Passimian, M|52/100
|move|p2a: Duosion|Infestation|p1a: Passimian
|-resisted|p1a: Passimian
|-damage|p1a: Passimian|47/100
|-activate|p1a: Passimian|move: Infestation|[of] p2a: Duosion
|
|-damage|p1a: Passimian|35/100|[from] move: Infestation|[partiallytrapped]
|upkeep
|turn|72
|
|t:|1627655236
|switch|p2a: Weezing|Weezing, F|81/100
|-ability|p2a: Weezing|Neutralizing Gas
|move|p1a: Passimian|U-turn|p2a: Weezing
|-resisted|p2a: Weezing
|-damage|p2a: Weezing|73/100
|-damage|p1a: Passimian|18/100|[from] item: Rocky Helmet|[of] p2a: Weezing
|
|t:|1627655239
|switch|p1a: Charizard|Charizard, F|75/100 tox|[from]move: U-turn
|
|-damage|p1a: Charizard|69/100 tox|[from] psn
|upkeep
|turn|73
|
|t:|1627655243
|switch|p1a: Absol|Absol, F|68/100
|-end|p2a: Weezing|ability: Neutralizing Gas
|switch|p2a: Duosion|Duosion, M|100/100
|
|upkeep
|turn|74
|
|t:|1627655250
|switch|p1a: Quagsire|Quagsire, M|100/100
|switch|p2a: Quagsire|Quagsire, M|100/100
|
|upkeep
|turn|75
|
|t:|1627655253
|switch|p2a: Duosion|Duosion, M|100/100
|move|p1a: Quagsire|Toxic|p2a: Duosion
|-status|p2a: Duosion|tox
|
|upkeep
|turn|76
|
|t:|1627655257
|switch|p1a: Charizard|Charizard, F|69/100 tox
|move|p2a: Duosion|Infestation|p1a: Charizard
|-resisted|p1a: Charizard
|-damage|p1a: Charizard|67/100 tox
|-activate|p1a: Charizard|move: Infestation|[of] p2a: Duosion
|
|-damage|p1a: Charizard|61/100 tox|[from] psn
|-damage|p1a: Charizard|49/100 tox|[from] move: Infestation|[partiallytrapped]
|upkeep
|turn|77
|
|t:|1627655259
|move|p1a: Charizard|Roost|p1a: Charizard
|-heal|p1a: Charizard|99/100 tox
|-singleturn|p1a: Charizard|move: Roost
|move|p2a: Duosion|Psychic|p1a: Charizard
|-damage|p1a: Charizard|45/100 tox
|
|-damage|p1a: Charizard|33/100 tox|[from] psn
|-damage|p1a: Charizard|21/100 tox|[from] move: Infestation|[partiallytrapped]
|upkeep
|turn|78
|
|t:|1627655266
|move|p1a: Charizard|Flamethrower|p2a: Duosion
|-damage|p2a: Duosion|56/100 tox
|move|p2a: Duosion|Psychic|p1a: Charizard
|-damage|p1a: Charizard|0 fnt
|faint|p1a: Charizard
|
|upkeep
|
|t:|1627655274
|switch|p1a: Absol|Absol, F|68/100
|turn|79
|
|t:|1627655278
|switch|p2a: Quagsire|Quagsire, M|100/100
|move|p1a: Absol|Swords Dance|p1a: Absol
|-boost|p1a: Absol|atk|2
|
|upkeep
|turn|80
|
|t:|1627655282
|move|p1a: Absol|Knock Off|p2a: Quagsire
|-damage|p2a: Quagsire|71/100
|move|p2a: Quagsire|Earthquake|p1a: Absol
|-damage|p1a: Absol|15/100
|
|upkeep
|turn|81
|
|t:|1627655286
|move|p1a: Absol|Knock Off|p2a: Quagsire
|-damage|p2a: Quagsire|43/100
|move|p2a: Quagsire|Recover|p2a: Quagsire
|-heal|p2a: Quagsire|93/100
|
|upkeep
|turn|82
|c|☆its me agent 025|gg i really thought i had u
|c|☆PULT72B hjkhj|gg
|c|☆its me agent 025|duosion nice
|-message|its me agent 025 forfeited.
|
|win|PULT72B hjkhj
|raw|its me agent 025's rating: 1396 &rarr; <strong>1386</strong><br />(-10 for losing)
|raw|PULT72B hjkhj's rating: 1585 &rarr; <strong>1595</strong><br />(+10 for winning)
|l|☆PULT72B hjkhj
||Ladder isn't responding, score probably updated but might not have (Request timeout).
