|j|☆ayo bb
|j|☆Xintou-test
|player|p1|ayo bb|266|1477
|player|p2|Xintou-test|265|1174
|teamsize|p1|6
|teamsize|p2|6
|gametype|singles
|gen|8
|tier|[Gen 8] PU
|rated|
|clearpoke
|poke|p1|Butterfree, F|
|poke|p1|Perrserker, M|
|poke|p1|Exeggutor, M|
|poke|p1|Stunfisk, F|
|poke|p1|Mr. Rime, F|
|poke|p1|Wigglytuff, F|
|poke|p2|Falinks|
|poke|p2|Appletun, F|
|poke|p2|Boltund, F|
|poke|p2|Togetic, F|
|poke|p2|Dubwool, F|
|poke|p2|Crustle, M|
|rule|Sleep Clause Mod: Limit one foe put to sleep
|rule|Species Clause: Limit one of each Pokémon
|rule|OHKO Clause: OHKO moves are banned
|rule|Evasion Moves Clause: Evasion moves are banned
|rule|Endless Battle Clause: Forcing endless battles is banned
|rule|HP Percentage Mod: HP is shown in percentages
|rule|Dynamax Clause: You cannot dynamax
|teampreview
|
|start
|switch|p1a: Wigglytuff|Wigglytuff, F|100/100
|switch|p2a: Boltund|Boltund, F|100/100
|turn|1
|
|move|p1a: Wigglytuff|Protect|p1a: Wigglytuff
|-singleturn|p1a: Wigglytuff|Protect
|move|p2a: Boltund|Psychic Fangs|p1a: Wigglytuff
|-activate|p1a: Wigglytuff|move: Protect
|
|upkeep
|turn|2
|
|move|p2a: Boltund|Psychic Fangs|p1a: Wigglytuff
|-damage|p1a: Wigglytuff|20/100
|move|p1a: Wigglytuff|Wish|p1a: Wigglytuff
|
|-heal|p1a: Wigglytuff|27/100|[from] item: Leftovers
|upkeep
|turn|3
|
|move|p1a: Wigglytuff|Protect|p1a: Wigglytuff
|-singleturn|p1a: Wigglytuff|Protect
|move|p2a: Boltund|Psychic Fangs|p1a: Wigglytuff
|-activate|p1a: Wigglytuff|move: Protect
|
|-heal|p1a: Wigglytuff|77/100|[from] move: Wish|[wisher] Wigglytuff
|-heal|p1a: Wigglytuff|83/100|[from] item: Leftovers
|upkeep
|turn|4
|
|switch|p1a: Exeggutor|Exeggutor, M|100/100
|move|p2a: Boltund|Psychic Fangs|p1a: Exeggutor
|-resisted|p1a: Exeggutor
|-damage|p1a: Exeggutor|81/100
|
|upkeep
|turn|5
|
|switch|p2a: Togetic|Togetic, F|100/100
|move|p1a: Exeggutor|Future Sight|p2a: Togetic
|-start|p1a: Exeggutor|move: Future Sight
|
|upkeep
|turn|6
|
|move|p2a: Togetic|Toxic|p1a: Exeggutor
|-status|p1a: Exeggutor|tox
|move|p1a: Exeggutor|Teleport|p1a: Exeggutor
|
|switch|p1a: Perrserker|Perrserker, M|100/100|[from]move: Teleport
|
|upkeep
|turn|7
|
|switch|p2a: Dubwool|Dubwool, F|100/100
|move|p1a: Perrserker|Iron Head|p2a: Dubwool
|-damage|p2a: Dubwool|63/100
|
|-end|p2a: Dubwool|move: Future Sight
|-damage|p2a: Dubwool|9/100
|-heal|p2a: Dubwool|15/100|[from] item: Leftovers
|upkeep
|turn|8
|
|move|p2a: Dubwool|Body Press|p1a: Perrserker
|-supereffective|p1a: Perrserker
|-damage|p1a: Perrserker|51/100
|move|p1a: Perrserker|Close Combat|p2a: Dubwool
|-supereffective|p2a: Dubwool
|-damage|p2a: Dubwool|0 fnt
|-unboost|p1a: Perrserker|def|1
|-unboost|p1a: Perrserker|spd|1
|faint|p2a: Dubwool
|
|upkeep
|
|switch|p2a: Boltund|Boltund, F|100/100
|turn|9
|
|switch|p1a: Stunfisk|Stunfisk, F|100/100
|move|p2a: Boltund|Crunch|p1a: Stunfisk
|-damage|p1a: Stunfisk|69/100
|
|-heal|p1a: Stunfisk|75/100|[from] item: Leftovers
|upkeep
|turn|10
|
|switch|p2a: Appletun|Appletun, F|100/100
|move|p1a: Stunfisk|Stealth Rock|p2a: Appletun
|-sidestart|p2: Xintou-test|move: Stealth Rock
|
|-heal|p1a: Stunfisk|81/100|[from] item: Leftovers
|upkeep
|turn|11
|
|move|p1a: Stunfisk|Toxic|p2a: Appletun
|-status|p2a: Appletun|tox
|move|p2a: Appletun|Leech Seed|p1a: Stunfisk
|-start|p1a: Stunfisk|move: Leech Seed
|
|-heal|p1a: Stunfisk|87/100|[from] item: Leftovers
|-damage|p1a: Stunfisk|75/100|[from] Leech Seed|[of] p2a: Appletun
|-damage|p2a: Appletun|94/100 tox|[from] psn
|upkeep
|turn|12
|
|switch|p1a: Butterfree|Butterfree, F|100/100
|move|p2a: Appletun|Apple Acid|p1a: Butterfree
|-resisted|p1a: Butterfree
|-damage|p1a: Butterfree|86/100
|-unboost|p1a: Butterfree|spd|1
|
|-heal|p1a: Butterfree|92/100|[from] item: Leftovers
|-heal|p2a: Appletun|100/100 tox|[from] item: Leftovers
|-damage|p2a: Appletun|88/100 tox|[from] psn
|upkeep
|turn|13
|
|move|p1a: Butterfree|Substitute|p1a: Butterfree
|-start|p1a: Butterfree|Substitute
|-damage|p1a: Butterfree|68/100
|move|p2a: Appletun|Draco Meteor|p1a: Butterfree
|-end|p1a: Butterfree|Substitute
|-unboost|p2a: Appletun|spa|2
|
|-heal|p1a: Butterfree|74/100|[from] item: Leftovers
|-heal|p2a: Appletun|94/100 tox|[from] item: Leftovers
|-damage|p2a: Appletun|76/100 tox|[from] psn
|upkeep
|turn|14
|
|switch|p2a: Togetic|Togetic, F|100/100
|move|p1a: Butterfree|Quiver Dance|p1a: Butterfree
|-boost|p1a: Butterfree|spa|1
|-boost|p1a: Butterfree|spd|1
|-boost|p1a: Butterfree|spe|1
|
|-heal|p1a: Butterfree|80/100|[from] item: Leftovers
|upkeep
|turn|15
|
|move|p1a: Butterfree|Sleep Powder|p2a: Togetic|[miss]
|-miss|p1a: Butterfree|p2a: Togetic
|move|p2a: Togetic|Flamethrower|p1a: Butterfree
|-supereffective|p1a: Butterfree
|-damage|p1a: Butterfree|26/100
|
|-heal|p1a: Butterfree|32/100|[from] item: Leftovers
|upkeep
|turn|16
|
|move|p1a: Butterfree|Sleep Powder|p2a: Togetic
|-status|p2a: Togetic|slp|[from] move: Sleep Powder
|cant|p2a: Togetic|slp
|
|-heal|p1a: Butterfree|38/100|[from] item: Leftovers
|upkeep
|turn|17
|
|switch|p2a: Crustle|Crustle, M|100/100
|move|p1a: Butterfree|Substitute|p1a: Butterfree
|-start|p1a: Butterfree|Substitute
|-damage|p1a: Butterfree|14/100
|
|-heal|p1a: Butterfree|20/100|[from] item: Leftovers
|upkeep
|turn|18
|
|move|p1a: Butterfree|Hurricane|p2a: Crustle
|-damage|p2a: Crustle|8/100
|move|p2a: Crustle|Stone Edge|p1a: Butterfree|[miss]
|-miss|p2a: Crustle|p1a: Butterfree
|
|-heal|p1a: Butterfree|26/100|[from] item: Leftovers
|upkeep
|turn|19
|-message|Xintou-test forfeited.
|
|win|ayo bb
|raw|ayo bb's rating: 1477 &rarr; <strong>1483</strong><br />(+6 for winning)
|raw|Xintou-test's rating: 1174 &rarr; <strong>1166</strong><br />(-8 for losing)
