|j|☆JoJo Reference #10
|j|☆yassy slay
|t:|1654386454
|gametype|singles
|player|p1|JoJo Reference #10|red-gen2|1493
|player|p2|yassy slay|clown|1400
|teamsize|p1|6
|teamsize|p2|6
|gen|8
|tier|[Gen 8] PU
|rated|
|rule|Sleep Clause Mod: Limit one foe put to sleep
|rule|Species Clause: Limit one of each Pokémon
|rule|OHKO Clause: OHKO moves are banned
|rule|Evasion Moves Clause: Evasion moves are banned
|rule|Endless Battle Clause: Forcing endless battles is banned
|rule|HP Percentage Mod: HP is shown in percentages
|rule|Dynamax Clause: You cannot dynamax
|clearpoke
|poke|p1|Frosmoth, F|
|poke|p1|Gallade, M|
|poke|p1|Lycanroc, M|
|poke|p1|Lurantis, F|
|poke|p1|Altaria, F|
|poke|p1|Silvally-*|
|poke|p2|Flapple, F|
|poke|p2|Archeops, F|
|poke|p2|Golduck, M|
|poke|p2|Ribombee, F|
|poke|p2|Sandaconda, F|
|poke|p2|Magneton|
|teampreview
|
|t:|1654386485
|start
|switch|p1a: Lycanroc|Lycanroc, M|100/100
|switch|p2a: Magneton|Magneton|100/100
|turn|1
|
|t:|1654386489
|move|p1a: Lycanroc|Stealth Rock|p2a: Magneton
|-sidestart|p2: yassy slay|move: Stealth Rock
|move|p2a: Magneton|Volt Switch|p1a: Lycanroc
|-damage|p1a: Lycanroc|21/100
|
|t:|1654386496
|switch|p2a: Ribombee|Ribombee, F|100/100|[from]move: Volt Switch
|
|upkeep
|turn|2
|
|t:|1654386498
|move|p1a: Lycanroc|Accelerock|p2a: Ribombee
|-supereffective|p2a: Ribombee
|-damage|p2a: Ribombee|25/100
|move|p2a: Ribombee|Moonblast|p1a: Lycanroc
|-damage|p1a: Lycanroc|0 fnt
|faint|p1a: Lycanroc
|
|upkeep
|
|t:|1654386501
|switch|p1a: Lurantis|Lurantis, F|100/100
|turn|3
|
|t:|1654386508
|move|p2a: Ribombee|Moonblast|p1a: Lurantis
|-damage|p1a: Lurantis|71/100
|move|p1a: Lurantis|Leaf Storm|p2a: Ribombee
|-resisted|p2a: Ribombee
|-damage|p2a: Ribombee|0 fnt
|-boost|p1a: Lurantis|spa|2
|faint|p2a: Ribombee
|
|upkeep
|
|t:|1654386513
|switch|p2a: Flapple|Flapple, F|100/100
|-damage|p2a: Flapple|88/100|[from] Stealth Rock
|turn|4
|
|t:|1654386520
|move|p2a: Flapple|Dragon Dance|p2a: Flapple
|-boost|p2a: Flapple|atk|1
|-boost|p2a: Flapple|spe|1
|move|p1a: Lurantis|Superpower|p2a: Flapple
|-damage|p2a: Flapple|33/100
|-boost|p1a: Lurantis|atk|1
|-boost|p1a: Lurantis|def|1
|
|upkeep
|turn|5
|
|t:|1654386524
|move|p2a: Flapple|Substitute|p2a: Flapple
|-start|p2a: Flapple|Substitute
|-damage|p2a: Flapple|8/100
|-enditem|p2a: Flapple|Liechi Berry|[eat]
|-boost|p2a: Flapple|atk|1|[from] item: Liechi Berry
|move|p1a: Lurantis|Superpower|p2a: Flapple
|-end|p2a: Flapple|Substitute
|-boost|p1a: Lurantis|atk|1
|-boost|p1a: Lurantis|def|1
|
|upkeep
|turn|6
|
|t:|1654386528
|move|p2a: Flapple|Acrobatics|p1a: Lurantis
|-supereffective|p1a: Lurantis
|-damage|p1a: Lurantis|0 fnt
|faint|p1a: Lurantis
|
|upkeep
|
|t:|1654386534
|switch|p1a: Silvally|Silvally-Ghost|100/100
|turn|7
|
|t:|1654386538
|move|p2a: Flapple|Grav Apple|p1a: Silvally
|-damage|p1a: Silvally|0 fnt
|faint|p1a: Silvally
|
|upkeep
|
|t:|1654386541
|switch|p1a: Altaria|Altaria, F|100/100
|turn|8
|
|t:|1654386543
|move|p2a: Flapple|Acrobatics|p1a: Altaria|[miss]
|-miss|p2a: Flapple|p1a: Altaria
|move|p1a: Altaria|Earthquake|p2a: Flapple
|-resisted|p2a: Flapple
|-damage|p2a: Flapple|0 fnt
|faint|p2a: Flapple
|
|upkeep
|
|t:|1654386552
|switch|p2a: Archeops|Archeops, F|100/100
|turn|9
|
|t:|1654386555
|move|p2a: Archeops|Stone Edge|p1a: Altaria
|-supereffective|p1a: Altaria
|-damage|p1a: Altaria|0 fnt
|faint|p1a: Altaria
|
|upkeep
|
|t:|1654386559
|switch|p1a: Gallade|Gallade, M|100/100
|turn|10
|
|t:|1654386565
|switch|p2a: Sandaconda|Sandaconda, F|100/100
|-damage|p2a: Sandaconda|94/100|[from] Stealth Rock
|move|p1a: Gallade|Close Combat|p2a: Sandaconda
|-damage|p2a: Sandaconda|50/100
|-unboost|p1a: Gallade|def|1
|-unboost|p1a: Gallade|spd|1
|-damage|p1a: Gallade|84/100|[from] item: Rocky Helmet|[of] p2a: Sandaconda
|
|upkeep
|turn|11
|
|t:|1654386569
|move|p1a: Gallade|Close Combat|p2a: Sandaconda
|-damage|p2a: Sandaconda|9/100
|-unboost|p1a: Gallade|def|1
|-unboost|p1a: Gallade|spd|1
|-damage|p1a: Gallade|67/100|[from] item: Rocky Helmet|[of] p2a: Sandaconda
|move|p2a: Sandaconda|Glare|p1a: Gallade
|-status|p1a: Gallade|par
|
|upkeep
|turn|12
|
|t:|1654386573
|move|p2a: Sandaconda|Stealth Rock|p1a: Gallade
|-sidestart|p1: JoJo Reference #10|move: Stealth Rock
|move|p1a: Gallade|Close Combat|p2a: Sandaconda
|-damage|p2a: Sandaconda|0 fnt
|-unboost|p1a: Gallade|def|1
|-unboost|p1a: Gallade|spd|1
|-damage|p1a: Gallade|51/100 par|[from] item: Rocky Helmet|[of] p2a: Sandaconda
|faint|p2a: Sandaconda
|
|upkeep
|
|t:|1654386580
|switch|p2a: Magneton|Magneton|100/100
|-damage|p2a: Magneton|95/100|[from] Stealth Rock
|turn|13
|
|t:|1654386582
|move|p1a: Gallade|Close Combat|p2a: Magneton
|-supereffective|p2a: Magneton
|-damage|p2a: Magneton|5/100
|-unboost|p1a: Gallade|def|1
|-unboost|p1a: Gallade|spd|1
|move|p2a: Magneton|Flash Cannon|p1a: Gallade
|-damage|p1a: Gallade|0 fnt
|faint|p1a: Gallade
|
|upkeep
|
|t:|1654386585
|switch|p1a: V0lcarona|Frosmoth, F, shiny|100/100
|turn|14
|
|t:|1654386588
|move|p1a: V0lcarona|Quiver Dance|p1a: V0lcarona
|-boost|p1a: V0lcarona|spa|1
|-boost|p1a: V0lcarona|spd|1
|-boost|p1a: V0lcarona|spe|1
|move|p2a: Magneton|Flash Cannon|p1a: V0lcarona
|-supereffective|p1a: V0lcarona
|-damage|p1a: V0lcarona|54/100
|
|upkeep
|turn|15
|
|t:|1654386590
|move|p1a: V0lcarona|Quiver Dance|p1a: V0lcarona
|-boost|p1a: V0lcarona|spa|1
|-boost|p1a: V0lcarona|spd|1
|-boost|p1a: V0lcarona|spe|1
|move|p2a: Magneton|Flash Cannon|p1a: V0lcarona
|-supereffective|p1a: V0lcarona
|-damage|p1a: V0lcarona|22/100
|
|upkeep
|turn|16
|
|t:|1654386592
|move|p1a: V0lcarona|Ice Beam|p2a: Magneton
|-resisted|p2a: Magneton
|-damage|p2a: Magneton|0 fnt
|faint|p2a: Magneton
|
|upkeep
|
|t:|1654386595
|switch|p2a: Golduck|Golduck, M|100/100
|-damage|p2a: Golduck|88/100|[from] Stealth Rock
|-ability|p2a: Golduck|Cloud Nine
|turn|17
|
|t:|1654386599
|move|p1a: V0lcarona|Giga Drain|p2a: Golduck
|-supereffective|p2a: Golduck
|-damage|p2a: Golduck|0 fnt
|-heal|p1a: V0lcarona|79/100|[from] drain|[of] p2a: Golduck
|faint|p2a: Golduck
|
|upkeep
|
|t:|1654386600
|switch|p2a: Archeops|Archeops, F|100/100
|turn|18
|
|t:|1654386602
|move|p1a: V0lcarona|Ice Beam|p2a: Archeops
|-supereffective|p2a: Archeops
|-damage|p2a: Archeops|0 fnt
|faint|p2a: Archeops
|
|win|JoJo Reference #10
|raw|JoJo Reference #10's rating: 1493 &rarr; <strong>1508</strong><br />(+15 for winning)
|raw|yassy slay's rating: 1400 &rarr; <strong>1385</strong><br />(-15 for losing)
