|j|☆DiannieRatson
|j|☆panned bomb
|t:|1643243139
|gametype|singles
|player|p1|DiannieRatson|swimmerf-gen4|1264
|player|p2|panned bomb|clown|1477
|teamsize|p1|6
|teamsize|p2|6
|gen|8
|tier|[Gen 8] PU
|rated|
|rule|Sleep Clause Mod: Limit one foe put to sleep
|rule|Species Clause: Limit one of each Pokémon
|rule|OHKO Clause: OHKO moves are banned
|rule|Evasion Moves Clause: Evasion moves are banned
|rule|Endless Battle Clause: Forcing endless battles is banned
|rule|HP Percentage Mod: HP is shown in percentages
|rule|Dynamax Clause: You cannot dynamax
|clearpoke
|poke|p1|Vikavolt, F|
|poke|p1|Togedemaru, F|
|poke|p1|Regirock|
|poke|p1|Charizard, F|
|poke|p1|Espeon, M|
|poke|p1|Arctovish|
|poke|p2|Frosmoth, M|
|poke|p2|Lunatone|
|poke|p2|Charizard, M|
|poke|p2|Quagsire, F|
|poke|p2|Magneton|
|poke|p2|Jynx, F|
|teampreview
|inactive|Battle timer is ON: inactive players will automatically lose when time's up. (requested by DiannieRatson)
|inactive|DiannieRatson has 120 seconds left.
|
|t:|1643243177
|start
|switch|p1a: Arctovish|Arctovish|100/100
|switch|p2a: Magneton|Magneton|100/100
|turn|1
|inactive|panned bomb has 120 seconds left.
|
|t:|1643243212
|switch|p1a: Togedemaru|Togedemaru, F|100/100
|switch|p2a: Jynx|Jynx, F|100/100
|
|upkeep
|turn|2
|inactive|panned bomb has 120 seconds left.
|
|t:|1643243222
|move|p2a: Jynx|Focus Blast|p1a: Togedemaru
|-supereffective|p1a: Togedemaru
|-damage|p1a: Togedemaru|33/100
|move|p1a: Togedemaru|Iron Head|p2a: Jynx
|-supereffective|p2a: Jynx
|-damage|p2a: Jynx|0 fnt
|faint|p2a: Jynx
|
|-heal|p1a: Togedemaru|39/100|[from] item: Leftovers
|upkeep
|inactive|panned bomb has 120 seconds left.
|
|t:|1643243229
|switch|p2a: Charizard|Charizard, M|100/100
|turn|3
|inactive|panned bomb has 120 seconds left.
|
|t:|1643243241
|switch|p1a: Arctovish|Arctovish|100/100
|move|p2a: Charizard|Flamethrower|p1a: Arctovish
|-damage|p1a: Arctovish|55/100
|
|upkeep
|turn|4
|
|t:|1643243251
|move|p1a: Arctovish|Fishious Rend|p2a: Charizard
|-supereffective|p2a: Charizard
|-damage|p2a: Charizard|0 fnt
|faint|p2a: Charizard
|
|upkeep
|
|t:|1643243252
|switch|p2a: Magneton|Magneton|100/100
|turn|5
|
|t:|1643243255
|switch|p1a: Togedemaru|Togedemaru, F|39/100
|move|p2a: Magneton|Volt Switch|p1a: Togedemaru
|-ability|p1a: Togedemaru|Lightning Rod|boost
|-boost|p1a: Togedemaru|spa|1
|
|-heal|p1a: Togedemaru|45/100|[from] item: Leftovers
|upkeep
|turn|6
|
|t:|1643243261
|move|p1a: Togedemaru|Wish|p1a: Togedemaru
|move|p2a: Magneton|Teleport|p2a: Magneton
|
|t:|1643243267
|switch|p2a: Lunatone|Lunatone|100/100|[from]move: Teleport
|
|-heal|p1a: Togedemaru|51/100|[from] item: Leftovers
|upkeep
|turn|7
|
|t:|1643243274
|move|p1a: Togedemaru|Iron Head|p2a: Lunatone
|-supereffective|p2a: Lunatone
|-damage|p2a: Lunatone|29/100
|move|p2a: Lunatone|Stealth Rock|p1a: Togedemaru
|-sidestart|p1: DiannieRatson|move: Stealth Rock
|
|-heal|p1a: Togedemaru|100/100|[from] move: Wish|[wisher] Togedemaru
|-heal|p2a: Lunatone|35/100|[from] item: Leftovers
|upkeep
|turn|8
|
|t:|1643243281
|switch|p2a: Quagsire|Quagsire, F|100/100
|move|p1a: Togedemaru|Iron Head|p2a: Quagsire
|-resisted|p2a: Quagsire
|-damage|p2a: Quagsire|91/100
|
|upkeep
|turn|9
|
|t:|1643243288
|move|p1a: Togedemaru|U-turn|p2a: Quagsire
|-damage|p2a: Quagsire|80/100
|
|t:|1643243299
|switch|p1a: Vikavolt|Vikavolt, F|100/100|[from]move: U-turn
|move|p2a: Quagsire|Toxic|p1a: Vikavolt
|-status|p1a: Vikavolt|tox
|
|-damage|p1a: Vikavolt|94/100 tox|[from] psn
|upkeep
|turn|10
|
|t:|1643243309
|switch|p2a: Magneton|Magneton|100/100
|move|p1a: Vikavolt|Bug Buzz|p2a: Magneton
|-resisted|p2a: Magneton
|-crit|p2a: Magneton
|-damage|p2a: Magneton|60/100
|
|-damage|p1a: Vikavolt|82/100 tox|[from] psn
|upkeep
|turn|11
|
|t:|1643243315
|switch|p1a: Togedemaru|Togedemaru, F|100/100
|-damage|p1a: Togedemaru|95/100|[from] Stealth Rock
|move|p2a: Magneton|Teleport|p2a: Magneton
|
|t:|1643243318
|switch|p2a: Quagsire|Quagsire, F|80/100|[from]move: Teleport
|
|-heal|p1a: Togedemaru|100/100|[from] item: Leftovers
|upkeep
|turn|12
|
|t:|1643243323
|move|p1a: Togedemaru|U-turn|p2a: Quagsire
|-damage|p2a: Quagsire|69/100
|
|t:|1643243327
|switch|p1a: Vikavolt|Vikavolt, F|82/100 tox|[from]move: U-turn
|move|p2a: Quagsire|Earthquake|p1a: Vikavolt
|-immune|p1a: Vikavolt|[from] ability: Levitate
|
|-damage|p1a: Vikavolt|76/100 tox|[from] psn
|upkeep
|turn|13
|
|t:|1643243336
|switch|p2a: Magneton|Magneton|60/100
|move|p1a: Vikavolt|Bug Buzz|p2a: Magneton
|-resisted|p2a: Magneton
|-damage|p2a: Magneton|33/100
|
|-damage|p1a: Vikavolt|64/100 tox|[from] psn
|upkeep
|turn|14
|
|t:|1643243343
|switch|p1a: Togedemaru|Togedemaru, F|100/100
|-damage|p1a: Togedemaru|95/100|[from] Stealth Rock
|move|p2a: Magneton|Volt Switch|p1a: Togedemaru
|-ability|p1a: Togedemaru|Lightning Rod|boost
|-boost|p1a: Togedemaru|spa|1
|
|-heal|p1a: Togedemaru|100/100|[from] item: Leftovers
|upkeep
|turn|15
|
|t:|1643243350
|move|p1a: Togedemaru|Iron Head|p2a: Magneton
|-resisted|p2a: Magneton
|-damage|p2a: Magneton|28/100
|move|p2a: Magneton|Teleport|p2a: Magneton
|
|t:|1643243358
|switch|p2a: Quagsire|Quagsire, F|69/100|[from]move: Teleport
|
|upkeep
|turn|16
|
|t:|1643243362
|move|p1a: Togedemaru|U-turn|p2a: Quagsire
|-damage|p2a: Quagsire|58/100
|j| iceblazer
|
|t:|1643243366
|switch|p1a: Vikavolt|Vikavolt, F|64/100 tox|[from]move: U-turn
|move|p2a: Quagsire|Recover|p2a: Quagsire
|-heal|p2a: Quagsire|100/100
|
|-damage|p1a: Vikavolt|57/100 tox|[from] psn
|upkeep
|turn|17
|
|t:|1643243376
|switch|p2a: Frosmoth|Frosmoth, M|100/100
|move|p1a: Vikavolt|Bug Buzz|p2a: Frosmoth
|-damage|p2a: Frosmoth|68/100
|
|-damage|p1a: Vikavolt|45/100 tox|[from] psn
|upkeep
|turn|18
|
|t:|1643243385
|switch|p2a: Quagsire|Quagsire, F|100/100
|switch|p1a: Regirock|Regirock|100/100
|-damage|p1a: Regirock|88/100|[from] Stealth Rock
|
|-heal|p1a: Regirock|94/100|[from] item: Leftovers
|upkeep
|turn|19
|
|t:|1643243396
|switch|p2a: Magneton|Magneton|28/100
|move|p1a: Regirock|Toxic|p2a: Magneton
|-immune|p2a: Magneton
|
|-heal|p1a: Regirock|99/100|[from] item: Leftovers
|upkeep
|turn|20
|
|t:|1643243400
|move|p2a: Magneton|Flash Cannon|p1a: Regirock
|-supereffective|p1a: Regirock
|-damage|p1a: Regirock|38/100
|move|p1a: Regirock|Body Press|p2a: Magneton
|-supereffective|p2a: Magneton
|-damage|p2a: Magneton|0 fnt
|faint|p2a: Magneton
|
|-heal|p1a: Regirock|44/100|[from] item: Leftovers
|upkeep
|c|☆panned bomb|GG
|-message|panned bomb forfeited.
|
|win|DiannieRatson
|raw|DiannieRatson's rating: 1264 &rarr; <strong>1303</strong><br />(+39 for winning)
|raw|panned bomb's rating: 1477 &rarr; <strong>1446</strong><br />(-31 for losing)
|l|☆panned bomb
|c|☆DiannieRatson|Gg
