|j|☆toxic boosted
|j|☆MightySkyAttack
|t:|1649558398
|gametype|singles
|player|p1|toxic boosted|winona-gen3|1499
|player|p2|MightySkyAttack|artist-gen4|1194
|teamsize|p1|6
|teamsize|p2|6
|gen|8
|tier|[Gen 8] PU
|rated|
|rule|Sleep Clause Mod: Limit one foe put to sleep
|rule|Species Clause: Limit one of each Pokémon
|rule|OHKO Clause: OHKO moves are banned
|rule|Evasion Moves Clause: Evasion moves are banned
|rule|Endless Battle Clause: Forcing endless battles is banned
|rule|HP Percentage Mod: HP is shown in percentages
|rule|Dynamax Clause: You cannot dynamax
|clearpoke
|poke|p1|Gigalith, M|
|poke|p1|Quagsire, M|
|poke|p1|Ferroseed, M|
|poke|p1|Aromatisse, M|
|poke|p1|Throh, M|
|poke|p1|Vespiquen, F|
|poke|p2|Galvantula, M|
|poke|p2|Aggron, M|
|poke|p2|Jellicent, M|
|poke|p2|Lycanroc, M|
|poke|p2|Comfey, M|
|poke|p2|Mesprit|
|teampreview
|c|☆toxic boosted|gl
|c|☆MightySkyAttack|u2
|
|t:|1649558421
|start
|switch|p1a: Vespiquen|Vespiquen, F|100/100
|switch|p2a: ACDC|Galvantula, M, shiny|100/100
|-ability|p1a: Vespiquen|Pressure
|turn|1
|
|t:|1649558430
|move|p2a: ACDC|Sticky Web|p1a: Vespiquen
|-sidestart|p1: toxic boosted|move: Sticky Web
|move|p1a: Vespiquen|Toxic Spikes|p2a: ACDC
|-sidestart|p2: MightySkyAttack|move: Toxic Spikes
|
|upkeep
|turn|2
|
|t:|1649558437
|switch|p1a: Gigalith|Gigalith, M|100/100
|-activate|p1a: Gigalith|move: Sticky Web
|-unboost|p1a: Gigalith|spe|1
|-weather|Sandstorm|[from] ability: Sand Stream|[of] p1a: Gigalith
|move|p2a: ACDC|Volt Switch|p1a: Gigalith
|-damage|p1a: Gigalith|84/100
|
|t:|1649558451
|switch|p2a: Great Value Gundam|Aggron, M|100/100|[from]move: Volt Switch
|
|-weather|Sandstorm|[upkeep]
|-heal|p1a: Gigalith|90/100|[from] item: Leftovers
|upkeep
|turn|3
|
|t:|1649558470
|switch|p1a: Quagsire|Quagsire, M|100/100
|move|p2a: Great Value Gundam|Body Press|p1a: Quagsire
|-damage|p1a: Quagsire|80/100
|
|-weather|Sandstorm|[upkeep]
|upkeep
|turn|4
|
|t:|1649558483
|move|p2a: Great Value Gundam|Heavy Slam|p1a: Quagsire
|-resisted|p1a: Quagsire
|-damage|p1a: Quagsire|61/100
|move|p1a: Quagsire|Waterfall|p2a: Great Value Gundam
|-supereffective|p2a: Great Value Gundam
|-damage|p2a: Great Value Gundam|70/100
|
|-weather|Sandstorm|[upkeep]
|-heal|p2a: Great Value Gundam|76/100|[from] item: Leftovers
|upkeep
|turn|5
|
|t:|1649558493
|move|p2a: Great Value Gundam|Heavy Slam|p1a: Quagsire
|-resisted|p1a: Quagsire
|-crit|p1a: Quagsire
|-damage|p1a: Quagsire|32/100
|move|p1a: Quagsire|Recover|p1a: Quagsire
|-heal|p1a: Quagsire|82/100
|
|-weather|Sandstorm|[upkeep]
|-heal|p2a: Great Value Gundam|82/100|[from] item: Leftovers
|upkeep
|turn|6
|
|t:|1649558502
|switch|p2a: Mesprit|Mesprit|100/100
|move|p1a: Quagsire|Curse|p1a: Quagsire
|-unboost|p1a: Quagsire|spe|1
|-boost|p1a: Quagsire|atk|1
|-boost|p1a: Quagsire|def|1
|
|-weather|none
|upkeep
|turn|7
|
|t:|1649558509
|switch|p1a: Vespiquen|Vespiquen, F|100/100
|-ability|p1a: Vespiquen|Pressure
|move|p2a: Mesprit|Trick|p1a: Vespiquen
|-activate|p2a: Mesprit|move: Trick|[of] p1a: Vespiquen
|-item|p1a: Vespiquen|Twisted Spoon|[from] move: Trick
|-item|p2a: Mesprit|Heavy-Duty Boots|[from] move: Trick
|
|upkeep
|turn|8
|
|t:|1649558540
|move|p2a: Mesprit|Zen Headbutt|p1a: Vespiquen
|-damage|p1a: Vespiquen|81/100
|move|p1a: Vespiquen|Air Slash|p2a: Mesprit
|-damage|p2a: Mesprit|80/100
|
|upkeep
|turn|9
|
|t:|1649558545
|move|p2a: Mesprit|Stealth Rock|p1a: Vespiquen
|-sidestart|p1: toxic boosted|move: Stealth Rock
|move|p1a: Vespiquen|Air Slash|p2a: Mesprit
|-damage|p2a: Mesprit|58/100
|
|upkeep
|turn|10
|
|t:|1649558553
|move|p2a: Mesprit|U-turn|p1a: Vespiquen
|-resisted|p1a: Vespiquen
|-damage|p1a: Vespiquen|75/100
|
|t:|1649558570
|switch|p2a: Bo|Lycanroc, M, shiny|100/100|[from]move: U-turn
|-status|p2a: Bo|psn
|move|p1a: Vespiquen|Air Slash|p2a: Bo
|-resisted|p2a: Bo
|-damage|p2a: Bo|83/100 psn
|
|-damage|p2a: Bo|71/100 psn|[from] psn
|upkeep
|turn|11
|
|t:|1649558581
|switch|p1a: Aromatisse|Aromatisse, M|100/100
|-damage|p1a: Aromatisse|88/100|[from] Stealth Rock
|-activate|p1a: Aromatisse|move: Sticky Web
|-unboost|p1a: Aromatisse|spe|1
|move|p2a: Bo|Crunch|p1a: Aromatisse
|-resisted|p1a: Aromatisse
|-damage|p1a: Aromatisse|77/100
|-damage|p2a: Bo|61/100 psn|[from] item: Life Orb
|
|-heal|p1a: Aromatisse|83/100|[from] item: Leftovers
|-damage|p2a: Bo|48/100 psn|[from] psn
|upkeep
|turn|12
|
|t:|1649558587
|move|p2a: Bo|Accelerock|p1a: Aromatisse
|-damage|p1a: Aromatisse|65/100
|-damage|p2a: Bo|38/100 psn|[from] item: Life Orb
|move|p1a: Aromatisse|Wish|p1a: Aromatisse
|
|-heal|p1a: Aromatisse|71/100|[from] item: Leftovers
|-damage|p2a: Bo|26/100 psn|[from] psn
|upkeep
|turn|13
|
|t:|1649558601
|move|p2a: Bo|Close Combat|p1a: Aromatisse
|-resisted|p1a: Aromatisse
|-damage|p1a: Aromatisse|52/100
|-unboost|p2a: Bo|def|1
|-unboost|p2a: Bo|spd|1
|-damage|p2a: Bo|16/100 psn|[from] item: Life Orb
|move|p1a: Aromatisse|Moonblast|p2a: Bo
|-damage|p2a: Bo|0 fnt
|faint|p2a: Bo
|
|-heal|p1a: Aromatisse|100/100|[from] move: Wish|[wisher] Aromatisse
|upkeep
|
|t:|1649558605
|switch|p2a: Comfey|Comfey, M|100/100
|-status|p2a: Comfey|psn
|turn|14
|
|t:|1649558613
|move|p2a: Comfey|Toxic|p1a: Aromatisse
|-status|p1a: Aromatisse|tox
|move|p1a: Aromatisse|Wish|p1a: Aromatisse
|
|-damage|p2a: Comfey|88/100 psn|[from] psn
|-damage|p1a: Aromatisse|94/100 tox|[from] psn
|upkeep
|turn|15
|
|t:|1649558620
|move|p2a: Comfey|Aromatherapy|p2a: Comfey
|-activate|p2a: Comfey|move: Aromatherapy
|-curestatus|p2a: Comfey|psn|[msg]
|move|p1a: Aromatisse|Heal Bell|p1a: Aromatisse
|-activate|p1a: Aromatisse|move: Heal Bell
|-curestatus|p1a: Aromatisse|tox|[msg]
|
|-heal|p1a: Aromatisse|100/100|[from] move: Wish|[wisher] Aromatisse
|-heal|p2a: Comfey|94/100|[from] item: Leftovers
|upkeep
|turn|16
|
|t:|1649558628
|switch|p1a: Ferroseed|Ferroseed, M|100/100
|-activate|p1a: Ferroseed|move: Sticky Web
|-unboost|p1a: Ferroseed|spe|1
|-damage|p1a: Ferroseed|94/100|[from] Stealth Rock
|move|p2a: Comfey|Draining Kiss|p1a: Ferroseed
|-resisted|p1a: Ferroseed
|-damage|p1a: Ferroseed|88/100
|-heal|p2a: Comfey|99/100|[from] drain|[of] p1a: Ferroseed
|-damage|p2a: Comfey|86/100|[from] ability: Iron Barbs|[of] p1a: Ferroseed
|
|-heal|p2a: Comfey|93/100|[from] item: Leftovers
|upkeep
|turn|17
|
|t:|1649558633
|switch|p2a: Great Value Gundam|Aggron, M|82/100
|move|p1a: Ferroseed|Leech Seed|p2a: Great Value Gundam
|-start|p2a: Great Value Gundam|move: Leech Seed
|
|-heal|p2a: Great Value Gundam|89/100|[from] item: Leftovers
|-damage|p2a: Great Value Gundam|76/100|[from] Leech Seed|[of] p1a: Ferroseed
|-heal|p1a: Ferroseed|100/100|[silent]
|upkeep
|turn|18
|
|t:|1649558642
|move|p2a: Great Value Gundam|Fire Punch|p1a: Ferroseed
|-supereffective|p1a: Ferroseed
|-damage|p1a: Ferroseed|37/100
|-damage|p2a: Great Value Gundam|64/100|[from] ability: Iron Barbs|[of] p1a: Ferroseed
|move|p1a: Ferroseed|Spikes|p2a: Great Value Gundam
|-sidestart|p2: MightySkyAttack|Spikes
|
|-heal|p2a: Great Value Gundam|70/100|[from] item: Leftovers
|-damage|p2a: Great Value Gundam|57/100|[from] Leech Seed|[of] p1a: Ferroseed
|-heal|p1a: Ferroseed|52/100|[silent]
|upkeep
|turn|19
|
|t:|1649558648
|move|p1a: Ferroseed|Protect|p1a: Ferroseed
|-singleturn|p1a: Ferroseed|Protect
|move|p2a: Great Value Gundam|Body Press|p1a: Ferroseed
|-activate|p1a: Ferroseed|move: Protect
|
|-heal|p2a: Great Value Gundam|63/100|[from] item: Leftovers
|-damage|p2a: Great Value Gundam|51/100|[from] Leech Seed|[of] p1a: Ferroseed
|-heal|p1a: Ferroseed|67/100|[silent]
|upkeep
|turn|20
|
|t:|1649558651
|switch|p1a: Quagsire|Quagsire, M|82/100
|move|p2a: Great Value Gundam|Fire Punch|p1a: Quagsire
|-resisted|p1a: Quagsire
|-damage|p1a: Quagsire|73/100
|
|-heal|p2a: Great Value Gundam|57/100|[from] item: Leftovers
|-damage|p2a: Great Value Gundam|44/100|[from] Leech Seed|[of] p1a: Quagsire
|-heal|p1a: Quagsire|83/100|[silent]
|upkeep
|turn|21
|
|t:|1649558658
|switch|p2a: ACDC|Galvantula, M, shiny|100/100
|move|p1a: Quagsire|Waterfall|p2a: ACDC
|-damage|p2a: ACDC|54/100
|
|upkeep
|turn|22
|
|t:|1649558664
|switch|p1a: Throh|Throh, M|100/100
|-activate|p1a: Throh|move: Sticky Web
|-unboost|p1a: Throh|spe|1
|-damage|p1a: Throh|94/100|[from] Stealth Rock
|move|p2a: ACDC|Giga Drain|p1a: Throh
|-damage|p1a: Throh|81/100
|-heal|p2a: ACDC|64/100|[from] drain|[of] p1a: Throh
|
|-heal|p1a: Throh|87/100|[from] item: Leftovers
|upkeep
|turn|23
|
|t:|1649558669
|move|p2a: ACDC|Giga Drain|p1a: Throh
|-damage|p1a: Throh|74/100
|-heal|p2a: ACDC|75/100|[from] drain|[of] p1a: Throh
|move|p1a: Throh|Knock Off|p2a: ACDC
|-damage|p2a: ACDC|31/100
|-enditem|p2a: ACDC|Heavy-Duty Boots|[from] move: Knock Off|[of] p1a: Throh
|
|-heal|p1a: Throh|80/100|[from] item: Leftovers
|upkeep
|turn|24
|
|t:|1649558678
|move|p2a: ACDC|Volt Switch|p1a: Throh
|-damage|p1a: Throh|61/100
|
|t:|1649558685
|switch|p2a: Mesprit|Mesprit|58/100|[from]move: Volt Switch
|move|p1a: Throh|Circle Throw|p2a: Mesprit
|-resisted|p2a: Mesprit
|-damage|p2a: Mesprit|49/100
|drag|p2a: Great Value Gundam|Aggron, M|44/100
|-damage|p2a: Great Value Gundam|32/100|[from] Spikes
|
|-heal|p2a: Great Value Gundam|38/100|[from] item: Leftovers
|-heal|p1a: Throh|67/100|[from] item: Leftovers
|upkeep
|turn|25
|
|t:|1649558693
|move|p2a: Great Value Gundam|Body Press|p1a: Throh
|-damage|p1a: Throh|43/100
|move|p1a: Throh|Circle Throw|p2a: Great Value Gundam
|-supereffective|p2a: Great Value Gundam
|-crit|p2a: Great Value Gundam
|-damage|p2a: Great Value Gundam|0 fnt
|faint|p2a: Great Value Gundam
|
|-heal|p1a: Throh|49/100|[from] item: Leftovers
|upkeep
|
|t:|1649558701
|switch|p2a: ACDC|Galvantula, M, shiny|31/100
|-damage|p2a: ACDC|18/100|[from] Spikes
|-status|p2a: ACDC|psn
|turn|26
|
|t:|1649558704
|move|p2a: ACDC|Giga Drain|p1a: Throh
|-damage|p1a: Throh|37/100
|-heal|p2a: ACDC|28/100 psn|[from] drain|[of] p1a: Throh
|move|p1a: Throh|Knock Off|p2a: ACDC
|-damage|p2a: ACDC|1/100 psn
|
|-heal|p1a: Throh|43/100|[from] item: Leftovers
|-damage|p2a: ACDC|0 fnt|[from] psn
|faint|p2a: ACDC
|upkeep
|
|t:|1649558707
|switch|p2a: Mesprit|Mesprit|49/100
|turn|27
|
|t:|1649558709
|move|p2a: Mesprit|Zen Headbutt|p1a: Throh
|-supereffective|p1a: Throh
|-damage|p1a: Throh|0 fnt
|faint|p1a: Throh
|
|upkeep
|
|t:|1649558717
|switch|p1a: Aromatisse|Aromatisse, M|100/100
|-activate|p1a: Aromatisse|move: Sticky Web
|-unboost|p1a: Aromatisse|spe|1
|-damage|p1a: Aromatisse|88/100|[from] Stealth Rock
|turn|28
|
|t:|1649558721
|move|p2a: Mesprit|Trick|p1a: Aromatisse
|-activate|p2a: Mesprit|move: Trick|[of] p1a: Aromatisse
|-item|p1a: Aromatisse|Heavy-Duty Boots|[from] move: Trick
|-item|p2a: Mesprit|Leftovers|[from] move: Trick
|move|p1a: Aromatisse|Moonblast|p2a: Mesprit
|-damage|p2a: Mesprit|18/100
|
|-heal|p2a: Mesprit|24/100|[from] item: Leftovers
|upkeep
|turn|29
|
|t:|1649558728
|move|p2a: Mesprit|U-turn|p1a: Aromatisse
|-resisted|p1a: Aromatisse
|-damage|p1a: Aromatisse|82/100
|
|t:|1649558736
|switch|p2a: Pringles|Jellicent, M|100/100|[from]move: U-turn
|-damage|p2a: Pringles|88/100|[from] Spikes
|-status|p2a: Pringles|psn
|move|p1a: Aromatisse|Moonblast|p2a: Pringles
|-damage|p2a: Pringles|59/100 psn
|
|-damage|p2a: Pringles|46/100 psn|[from] psn
|upkeep
|turn|30
|
|t:|1649558744
|move|p2a: Pringles|Shadow Ball|p1a: Aromatisse
|-damage|p1a: Aromatisse|38/100
|move|p1a: Aromatisse|Moonblast|p2a: Pringles
|-crit|p2a: Pringles
|-damage|p2a: Pringles|0 fnt
|faint|p2a: Pringles
|
|upkeep
|
|t:|1649558746
|switch|p2a: Mesprit|Mesprit|24/100
|turn|31
|
|t:|1649558751
|move|p2a: Mesprit|Zen Headbutt|p1a: Aromatisse
|-damage|p1a: Aromatisse|19/100
|move|p1a: Aromatisse|Moonblast|p2a: Mesprit
|-damage|p2a: Mesprit|0 fnt
|faint|p2a: Mesprit
|
|upkeep
|
|t:|1649558755
|switch|p2a: Comfey|Comfey, M|93/100
|-damage|p2a: Comfey|80/100|[from] Spikes
|-status|p2a: Comfey|psn
|turn|32
|
|t:|1649558759
|move|p2a: Comfey|Draining Kiss|p1a: Aromatisse
|-damage|p1a: Aromatisse|6/100
|-heal|p2a: Comfey|93/100 psn|[from] drain|[of] p1a: Aromatisse
|move|p1a: Aromatisse|Moonblast|p2a: Comfey
|-damage|p2a: Comfey|61/100 psn
|
|-heal|p2a: Comfey|67/100 psn|[from] item: Leftovers
|-damage|p2a: Comfey|55/100 psn|[from] psn
|upkeep
|turn|33
|
|t:|1649558762
|move|p2a: Comfey|Draining Kiss|p1a: Aromatisse
|-damage|p1a: Aromatisse|0 fnt
|-heal|p2a: Comfey|61/100 psn|[from] drain|[of] p1a: Aromatisse
|faint|p1a: Aromatisse
|
|-heal|p2a: Comfey|67/100 psn|[from] item: Leftovers
|-damage|p2a: Comfey|54/100 psn|[from] psn
|upkeep
|
|t:|1649558765
|switch|p1a: Ferroseed|Ferroseed, M|67/100
|-damage|p1a: Ferroseed|61/100|[from] Stealth Rock
|-activate|p1a: Ferroseed|move: Sticky Web
|-unboost|p1a: Ferroseed|spe|1
|turn|34
|
|t:|1649558770
|move|p2a: Comfey|Aromatherapy|p2a: Comfey
|-activate|p2a: Comfey|move: Aromatherapy
|-curestatus|p2a: Comfey|psn|[msg]
|move|p1a: Ferroseed|Leech Seed|p2a: Comfey
|-start|p2a: Comfey|move: Leech Seed
|
|-heal|p2a: Comfey|61/100|[from] item: Leftovers
|-damage|p2a: Comfey|48/100|[from] Leech Seed|[of] p1a: Ferroseed
|-heal|p1a: Ferroseed|74/100|[silent]
|upkeep
|turn|35
|
|t:|1649558772
|move|p2a: Comfey|Aromatherapy||[still]
|-activate|p2a: Comfey|move: Aromatherapy
|-fail|p2a: Comfey
|move|p1a: Ferroseed|Toxic|p2a: Comfey
|-status|p2a: Comfey|tox
|
|-heal|p2a: Comfey|54/100 tox|[from] item: Leftovers
|-damage|p2a: Comfey|42/100 tox|[from] Leech Seed|[of] p1a: Ferroseed
|-heal|p1a: Ferroseed|87/100|[silent]
|-damage|p2a: Comfey|36/100 tox|[from] psn
|upkeep
|turn|36
|
|t:|1649558777
|switch|p1a: Gigalith|Gigalith, M|90/100
|-activate|p1a: Gigalith|move: Sticky Web
|-unboost|p1a: Gigalith|spe|1
|-damage|p1a: Gigalith|78/100|[from] Stealth Rock
|-weather|Sandstorm|[from] ability: Sand Stream|[of] p1a: Gigalith
|move|p2a: Comfey|Draining Kiss|p1a: Gigalith
|-damage|p1a: Gigalith|70/100
|-heal|p2a: Comfey|43/100 tox|[from] drain|[of] p1a: Gigalith
|
|-weather|Sandstorm|[upkeep]
|-damage|p2a: Comfey|37/100 tox|[from] Sandstorm
|-heal|p2a: Comfey|43/100 tox|[from] item: Leftovers
|-heal|p1a: Gigalith|76/100|[from] item: Leftovers
|-damage|p2a: Comfey|31/100 tox|[from] Leech Seed|[of] p1a: Gigalith
|-heal|p1a: Gigalith|86/100|[silent]
|-damage|p2a: Comfey|18/100 tox|[from] psn
|upkeep
|turn|37
|
|t:|1649558780
|move|p2a: Comfey|Synthesis|p2a: Comfey
|-heal|p2a: Comfey|43/100 tox
|move|p1a: Gigalith|Earthquake|p2a: Comfey
|-damage|p2a: Comfey|8/100 tox
|
|-weather|Sandstorm|[upkeep]
|-damage|p2a: Comfey|2/100 tox|[from] Sandstorm
|-heal|p2a: Comfey|8/100 tox|[from] item: Leftovers
|-heal|p1a: Gigalith|92/100|[from] item: Leftovers
|-damage|p2a: Comfey|0 fnt|[from] Leech Seed|[of] p1a: Gigalith
|-heal|p1a: Gigalith|98/100|[silent]
|faint|p2a: Comfey
|
|win|toxic boosted
|upkeep
|raw|toxic boosted's rating: 1499 &rarr; <strong>1505</strong><br />(+6 for winning)
|raw|MightySkyAttack's rating: 1194 &rarr; <strong>1187</strong><br />(-7 for losing)
|c|☆toxic boosted|gg
|c|☆MightySkyAttack|gg
|l|☆MightySkyAttack
|c|☆toxic boosted|!showteam
|c| toxic boosted|/raw <div class="infobox"><details><summary>View team</summary>Gigalith (M) @ Leftovers  <br />Ability: Sand Stream  <br />EVs: 252 HP &#x2f; 4 Atk &#x2f; 252 SpD  <br />Careful Nature  <br />- Stealth Rock  <br />- Rock Blast  <br />- Protect  <br />- Earthquake  <br /><br />Quagsire @ Heavy-Duty Boots  <br />Ability: Unaware  <br />EVs: 252 HP &#x2f; 196 Def &#x2f; 60 SpD  <br />Impish Nature  <br />- Curse  <br />- Toxic  <br />- Recover  <br />- Waterfall  <br /><br />Ferroseed @ Eviolite  <br />Ability: Iron Barbs  <br />EVs: 252 HP &#x2f; 252 Def &#x2f; 4 SpD  <br />Bold Nature  <br />IVs: 0 Atk  <br />- Spikes  <br />- Toxic  <br />- Leech Seed  <br />- Protect  <br /><br />Aromatisse @ Leftovers  <br />Ability: Aroma Veil  <br />EVs: 252 HP &#x2f; 252 Def &#x2f; 4 SpD  <br />Bold Nature  <br />- Moonblast  <br />- Wish  <br />- Protect  <br />- Heal Bell  <br /><br />Throh (M) @ Leftovers  <br />Ability: Guts  <br />EVs: 240 HP &#x2f; 56 Def &#x2f; 212 SpD  <br />Careful Nature  <br />- Circle Throw  <br />- Knock Off  <br />- Rest  <br />- Bulk Up  <br /><br />Vespiquen (F) @ Heavy-Duty Boots  <br />Ability: Pressure  <br />EVs: 252 HP &#x2f; 252 Def &#x2f; 4 SpD  <br />Bold Nature  <br />IVs: 0 Atk  <br />- Roost  <br />- Defog  <br />- Toxic Spikes  <br />- Air Slash  <br /><br /></details></div>
||Ladder isn't responding, score probably updated but might not have (Request timeout).
