|j|☆ayo bb
|j|☆SpacialRendevous
|t:|1621537967
|gametype|singles
|player|p1|ayo bb|169|1671
|player|p2|SpacialRendevous|candice|1462
|teamsize|p1|6
|teamsize|p2|6
|gen|8
|tier|[Gen 8] PU
|rated|
|rule|Sleep Clause Mod: Limit one foe put to sleep
|rule|Species Clause: Limit one of each Pokémon
|rule|OHKO Clause: OHKO moves are banned
|rule|Evasion Moves Clause: Evasion moves are banned
|rule|Endless Battle Clause: Forcing endless battles is banned
|rule|HP Percentage Mod: HP is shown in percentages
|rule|Dynamax Clause: You cannot dynamax
|clearpoke
|poke|p1|Morpeko, M|
|poke|p1|Scyther, F|
|poke|p1|Garbodor, M|
|poke|p1|Wishiwashi, M|
|poke|p1|Turtonator, F|
|poke|p1|Stunfisk-Galar, M|
|poke|p2|Exeggutor-Alola, F|
|poke|p2|Scyther, M|
|poke|p2|Lanturn, M|
|poke|p2|Sandaconda, F|
|poke|p2|Silvally-*|
|poke|p2|Mesprit|
|teampreview
|c|☆SpacialRendevous|gl hf
|c|☆ayo bb|u 2
|
|t:|1621537996
|start
|switch|p1a: Stunfisk|Stunfisk-Galar, M|100/100
|switch|p2a: Mesprit|Mesprit|100/100
|turn|1
|
|t:|1621538000
|move|p2a: Mesprit|U-turn|p1a: Stunfisk
|-resisted|p1a: Stunfisk
|-damage|p1a: Stunfisk|95/100
|
|t:|1621538004
|switch|p2a: Sandaconda|Sandaconda, F|100/100|[from]move: U-turn
|move|p1a: Stunfisk|Stealth Rock|p2a: Sandaconda
|-sidestart|p2: SpacialRendevous|move: Stealth Rock
|
|-heal|p1a: Stunfisk|100/100|[from] item: Leftovers
|upkeep
|turn|2
|
|t:|1621538008
|switch|p1a: Wishiwashi|Wishiwashi, M|100/100
|-formechange|p1a: Wishiwashi|Wishiwashi-School||[from] ability: Schooling
|move|p2a: Sandaconda|Stealth Rock|p1a: Wishiwashi
|-sidestart|p1: ayo bb|move: Stealth Rock
|
|upkeep
|turn|3
|
|t:|1621538013
|switch|p2a: Lanturn|Lanturn, M|100/100
|-damage|p2a: Lanturn|88/100|[from] Stealth Rock
|move|p1a: Wishiwashi|U-turn|p2a: Lanturn
|-damage|p2a: Lanturn|65/100
|
|t:|1621538017
|switch|p1a: Scyther|Scyther, F|100/100|[from]move: U-turn
|
|-heal|p2a: Lanturn|71/100|[from] item: Leftovers
|upkeep
|turn|4
|
|t:|1621538020
|move|p2a: Lanturn|Protect|p2a: Lanturn
|-singleturn|p2a: Lanturn|Protect
|move|p1a: Scyther|U-turn|p2a: Lanturn
|-activate|p2a: Lanturn|move: Protect
|
|-heal|p2a: Lanturn|77/100|[from] item: Leftovers
|upkeep
|turn|5
|
|t:|1621538022
|switch|p2a: Sandaconda|Sandaconda, F|100/100
|-damage|p2a: Sandaconda|94/100|[from] Stealth Rock
|move|p1a: Scyther|U-turn|p2a: Sandaconda
|-damage|p2a: Sandaconda|75/100
|-damage|p1a: Scyther|84/100|[from] item: Rocky Helmet|[of] p2a: Sandaconda
|
|t:|1621538024
|switch|p1a: Wishiwashi|Wishiwashi, M|100/100|[from]move: U-turn
|-damage|p1a: Wishiwashi|88/100|[from] Stealth Rock
|-formechange|p1a: Wishiwashi|Wishiwashi-School||[from] ability: Schooling
|
|-heal|p1a: Wishiwashi|94/100|[from] item: Leftovers
|upkeep
|turn|6
|
|t:|1621538032
|switch|p2a: Silvally|Silvally-Steel|100/100
|-damage|p2a: Silvally|94/100|[from] Stealth Rock
|move|p1a: Wishiwashi|Scald|p2a: Silvally
|-damage|p2a: Silvally|69/100
|
|-heal|p1a: Wishiwashi|100/100|[from] item: Leftovers
|upkeep
|turn|7
|
|t:|1621538035
|move|p2a: Silvally|U-turn|p1a: Wishiwashi
|-damage|p1a: Wishiwashi|87/100
|
|t:|1621538037
|switch|p2a: Lanturn|Lanturn, M|77/100|[from]move: U-turn
|-damage|p2a: Lanturn|65/100|[from] Stealth Rock
|move|p1a: Wishiwashi|U-turn|p2a: Lanturn
|-damage|p2a: Lanturn|43/100
|
|t:|1621538044
|switch|p1a: Scyther|Scyther, F|84/100|[from]move: U-turn
|
|-heal|p2a: Lanturn|49/100|[from] item: Leftovers
|upkeep
|turn|8
|
|t:|1621538048
|switch|p2a: Sandaconda|Sandaconda, F|75/100
|-damage|p2a: Sandaconda|69/100|[from] Stealth Rock
|move|p1a: Scyther|U-turn|p2a: Sandaconda
|-damage|p2a: Sandaconda|48/100
|-damage|p1a: Scyther|68/100|[from] item: Rocky Helmet|[of] p2a: Sandaconda
|
|t:|1621538054
|switch|p1a: Wishiwashi|Wishiwashi, M|87/100|[from]move: U-turn
|-damage|p1a: Wishiwashi|75/100|[from] Stealth Rock
|-formechange|p1a: Wishiwashi|Wishiwashi-School||[from] ability: Schooling
|
|-heal|p1a: Wishiwashi|81/100|[from] item: Leftovers
|upkeep
|turn|9
|
|t:|1621538059
|switch|p2a: Lanturn|Lanturn, M|49/100
|-damage|p2a: Lanturn|36/100|[from] Stealth Rock
|move|p1a: Wishiwashi|Scald|p2a: Lanturn
|-resisted|p2a: Lanturn
|-damage|p2a: Lanturn|25/100
|
|-heal|p2a: Lanturn|31/100|[from] item: Leftovers
|-heal|p1a: Wishiwashi|87/100|[from] item: Leftovers
|upkeep
|turn|10
|
|t:|1621538064
|move|p2a: Lanturn|Volt Switch|p1a: Wishiwashi
|-supereffective|p1a: Wishiwashi
|-damage|p1a: Wishiwashi|58/100
|
|t:|1621538088
|switch|p2a: Silvally|Silvally-Steel|69/100|[from]move: Volt Switch
|-damage|p2a: Silvally|63/100|[from] Stealth Rock
|move|p1a: Wishiwashi|U-turn|p2a: Silvally
|-resisted|p2a: Silvally
|-damage|p2a: Silvally|53/100
|
|t:|1621538091
|switch|p1a: Turtonator|Turtonator, F|100/100|[from]move: U-turn
|
|upkeep
|turn|11
|
|t:|1621538102
|move|p2a: Silvally|U-turn|p1a: Turtonator
|-resisted|p1a: Turtonator
|-damage|p1a: Turtonator|92/100
|
|t:|1621538106
|switch|p2a: Lanturn|Lanturn, M|31/100|[from]move: U-turn
|-damage|p2a: Lanturn|19/100|[from] Stealth Rock
|move|p1a: Turtonator|Rapid Spin|p2a: Lanturn
|-damage|p2a: Lanturn|10/100
|-boost|p1a: Turtonator|spe|1
|-sideend|p1: ayo bb|Stealth Rock|[from] move: Rapid Spin|[of] p1a: Turtonator
|
|-heal|p2a: Lanturn|16/100|[from] item: Leftovers
|upkeep
|turn|12
|
|t:|1621538111
|move|p2a: Lanturn|Protect|p2a: Lanturn
|-singleturn|p2a: Lanturn|Protect
|move|p1a: Turtonator|Draco Meteor|p2a: Lanturn
|-activate|p2a: Lanturn|move: Protect
|
|-heal|p2a: Lanturn|23/100|[from] item: Leftovers
|upkeep
|turn|13
|
|t:|1621538116
|move|p1a: Turtonator|Draco Meteor|p2a: Lanturn
|-damage|p2a: Lanturn|0 fnt
|-unboost|p1a: Turtonator|spa|2
|faint|p2a: Lanturn
|
|upkeep
|
|t:|1621538149
|switch|p2a: Mesprit|Mesprit|100/100
|-damage|p2a: Mesprit|88/100|[from] Stealth Rock
|turn|14
|
|t:|1621538158
|switch|p1a: Stunfisk|Stunfisk-Galar, M|100/100
|move|p2a: Mesprit|U-turn|p1a: Stunfisk
|-resisted|p1a: Stunfisk
|-damage|p1a: Stunfisk|94/100
|
|t:|1621538161
|switch|p2a: Sandaconda|Sandaconda, F|48/100|[from]move: U-turn
|-damage|p2a: Sandaconda|42/100|[from] Stealth Rock
|
|-heal|p1a: Stunfisk|99/100|[from] item: Leftovers
|upkeep
|turn|15
|
|t:|1621538180
|switch|p1a: Wishiwashi|Wishiwashi, M|58/100
|-formechange|p1a: Wishiwashi|Wishiwashi-School||[from] ability: Schooling
|move|p2a: Sandaconda|Stealth Rock|p1a: Wishiwashi
|-sidestart|p1: ayo bb|move: Stealth Rock
|
|-heal|p1a: Wishiwashi|64/100|[from] item: Leftovers
|upkeep
|turn|16
|
|t:|1621538188
|move|p2a: Sandaconda|Earthquake|p1a: Wishiwashi
|-damage|p1a: Wishiwashi|35/100
|move|p1a: Wishiwashi|U-turn|p2a: Sandaconda
|-damage|p2a: Sandaconda|29/100
|-damage|p1a: Wishiwashi|18/100|[from] item: Rocky Helmet|[of] p2a: Sandaconda
|
|t:|1621538224
|switch|p1a: Scyther|Scyther, F|68/100|[from]move: U-turn
|
|upkeep
|turn|17
|
|t:|1621538236
|move|p1a: Scyther|Dual Wingbeat|p2a: Sandaconda
|-damage|p2a: Sandaconda|12/100
|-damage|p1a: Scyther|51/100|[from] item: Rocky Helmet|[of] p2a: Sandaconda
|-damage|p2a: Sandaconda|0 fnt
|-damage|p1a: Scyther|35/100|[from] item: Rocky Helmet|[of] p2a: Sandaconda
|faint|p2a: Sandaconda
|-hitcount|p2: Sandaconda|2
|
|upkeep
|
|t:|1621538249
|switch|p2a: Silvally|Silvally-Steel|53/100
|-damage|p2a: Silvally|47/100|[from] Stealth Rock
|turn|18
|
|t:|1621538252
|move|p1a: Scyther|U-turn|p2a: Silvally
|-resisted|p2a: Silvally
|-damage|p2a: Silvally|33/100
|
|t:|1621538255
|switch|p1a: Wishiwashi|Wishiwashi, M|18/100|[from]move: U-turn
|-damage|p1a: Wishiwashi|6/100|[from] Stealth Rock
|move|p2a: Silvally|U-turn|p1a: Wishiwashi
|-damage|p1a: Wishiwashi|0 fnt
|faint|p1a: Wishiwashi
|
|t:|1621538259
|switch|p2a: Mesprit|Mesprit|88/100|[from]move: U-turn
|-damage|p2a: Mesprit|76/100|[from] Stealth Rock
|
|upkeep
|
|t:|1621538267
|switch|p1a: Stunfisk|Stunfisk-Galar, M|99/100
|-damage|p1a: Stunfisk|97/100|[from] Stealth Rock
|turn|19
|
|t:|1621538270
|move|p2a: Mesprit|U-turn|p1a: Stunfisk
|-resisted|p1a: Stunfisk
|-damage|p1a: Stunfisk|91/100
|
|t:|1621538281
|switch|p2a: Exeggutor|Exeggutor-Alola, F|100/100|[from]move: U-turn
|-damage|p2a: Exeggutor|88/100|[from] Stealth Rock
|-item|p1a: Stunfisk|Leftovers|[from] ability: Frisk|[of] p2a: Exeggutor|[identify]
|move|p1a: Stunfisk|Yawn|p2a: Exeggutor
|-start|p2a: Exeggutor|move: Yawn|[of] p1a: Stunfisk
|
|-heal|p1a: Stunfisk|97/100|[from] item: Leftovers
|upkeep
|turn|20
|
|t:|1621538287
|switch|p2a: Scyther|Scyther, M|100/100
|move|p1a: Stunfisk|Snap Trap|p2a: Scyther
|-resisted|p2a: Scyther
|-damage|p2a: Scyther|98/100
|-activate|p2a: Scyther|move: Snap Trap|[of] p1a: Stunfisk
|
|-heal|p1a: Stunfisk|100/100|[from] item: Leftovers
|-damage|p2a: Scyther|86/100|[from] move: Snap Trap|[partiallytrapped]
|upkeep
|turn|21
|
|t:|1621538290
|move|p2a: Scyther|U-turn|p1a: Stunfisk
|-resisted|p1a: Stunfisk
|-damage|p1a: Stunfisk|87/100
|
|t:|1621538293
|switch|p2a: Exeggutor|Exeggutor-Alola, F|88/100|[from]move: U-turn
|-damage|p2a: Exeggutor|76/100|[from] Stealth Rock
|-item|p1a: Stunfisk|Leftovers|[from] ability: Frisk|[of] p2a: Exeggutor|[identify]
|move|p1a: Stunfisk|Yawn|p2a: Exeggutor
|-start|p2a: Exeggutor|move: Yawn|[of] p1a: Stunfisk
|
|-heal|p1a: Stunfisk|93/100|[from] item: Leftovers
|upkeep
|turn|22
|
|t:|1621538297
|move|p2a: Exeggutor|Flamethrower|p1a: Stunfisk
|-supereffective|p1a: Stunfisk
|-damage|p1a: Stunfisk|28/100
|-status|p1a: Stunfisk|brn
|move|p1a: Stunfisk|Snap Trap|p2a: Exeggutor
|-resisted|p2a: Exeggutor
|-damage|p2a: Exeggutor|75/100
|-activate|p2a: Exeggutor|move: Snap Trap|[of] p1a: Stunfisk
|
|-heal|p1a: Stunfisk|34/100 brn|[from] item: Leftovers
|-damage|p1a: Stunfisk|28/100 brn|[from] brn
|-damage|p2a: Exeggutor|62/100|[from] move: Snap Trap|[partiallytrapped]
|-end|p2a: Exeggutor|move: Yawn|[silent]
|-status|p2a: Exeggutor|slp
|upkeep
|turn|23
|
|t:|1621538303
|switch|p1a: Turtonator|Turtonator, F|92/100
|cant|p2a: Exeggutor|slp
|
|-end|p2a: Exeggutor|Snap Trap|[partiallytrapped]|[silent]
|upkeep
|turn|24
|
|t:|1621538323
|switch|p2a: Mesprit|Mesprit|76/100
|-damage|p2a: Mesprit|64/100|[from] Stealth Rock
|move|p1a: Turtonator|Rapid Spin|p2a: Mesprit
|-damage|p2a: Mesprit|55/100
|-boost|p1a: Turtonator|spe|1
|-sideend|p1: ayo bb|Stealth Rock|[from] move: Rapid Spin|[of] p1a: Turtonator
|
|upkeep
|turn|25
|j| scubaking
|
|t:|1621538341
|move|p2a: Mesprit|Dazzling Gleam|p1a: Turtonator
|-damage|p1a: Turtonator|56/100
|move|p1a: Turtonator|Draco Meteor|p2a: Mesprit
|-damage|p2a: Mesprit|0 fnt
|-unboost|p1a: Turtonator|spa|2
|faint|p2a: Mesprit
|
|upkeep
|
|t:|1621538347
|switch|p2a: Scyther|Scyther, M|86/100
|turn|26
|
|t:|1621538354
|move|p2a: Scyther|Dual Wingbeat|p1a: Turtonator
|-damage|p1a: Turtonator|27/100
|-damage|p1a: Turtonator|0 fnt
|faint|p1a: Turtonator
|-hitcount|p1: Turtonator|2
|
|upkeep
|
|t:|1621538357
|switch|p1a: Garbodor|Garbodor, M|100/100
|turn|27
|
|t:|1621538361
|switch|p2a: Silvally|Silvally-Steel|33/100
|-damage|p2a: Silvally|27/100|[from] Stealth Rock
|move|p1a: Garbodor|Gunk Shot|p2a: Silvally
|-immune|p2a: Silvally
|
|upkeep
|turn|28
|
|t:|1621538364
|move|p2a: Silvally|Defog|p1a: Garbodor
|-unboost|p1a: Garbodor|evasion|1
|-sideend|p2: SpacialRendevous|Stealth Rock|[from] move: Defog|[of] p2a: Silvally
|move|p1a: Garbodor|Stomping Tantrum|p2a: Silvally
|-supereffective|p2a: Silvally
|-damage|p2a: Silvally|0 fnt
|faint|p2a: Silvally
|
|upkeep
|
|t:|1621538378
|switch|p2a: Scyther|Scyther, M|86/100
|turn|29
|
|t:|1621538387
|move|p2a: Scyther|Knock Off|p1a: Garbodor
|-damage|p1a: Garbodor|76/100
|-damage|p2a: Scyther|69/100|[from] item: Rocky Helmet|[of] p1a: Garbodor
|-enditem|p1a: Garbodor|Rocky Helmet|[from] move: Knock Off|[of] p2a: Scyther
|move|p1a: Garbodor|Gunk Shot|p2a: Scyther
|-damage|p2a: Scyther|13/100
|
|upkeep
|turn|30
|
|t:|1621538394
|move|p2a: Scyther|Dual Wingbeat|p1a: Garbodor
|-damage|p1a: Garbodor|56/100
|-damage|p1a: Garbodor|36/100
|-hitcount|p1a: Garbodor|2
|move|p1a: Garbodor|Gunk Shot|p2a: Scyther
|-damage|p2a: Scyther|0 fnt
|faint|p2a: Scyther
|
|upkeep
|c|☆SpacialRendevous|gg
|
|t:|1621538399
|switch|p2a: Exeggutor|Exeggutor-Alola, F|62/100 slp
|turn|31
|c|☆ayo bb|gg
|
|t:|1621538403
|cant|p2a: Exeggutor|slp
|move|p1a: Garbodor|Gunk Shot|p2a: Exeggutor
|-supereffective|p2a: Exeggutor
|-damage|p2a: Exeggutor|0 fnt
|faint|p2a: Exeggutor
|
|win|ayo bb
|raw|ayo bb's rating: 1671 &rarr; <strong>1680</strong><br />(+9 for winning)
|raw|SpacialRendevous's rating: 1462 &rarr; <strong>1453</strong><br />(-9 for losing)
|l|☆SpacialRendevous
||Ladder isn't responding, score probably updated but might not have (Request timeout).
