|j|☆falcu
|j|☆yassy slay
|t:|1650016561
|gametype|singles
|player|p1|falcu|giovanni|1406
|player|p2|yassy slay|clown|1656
|teamsize|p1|6
|teamsize|p2|6
|gen|8
|tier|[Gen 8] PU
|rated|
|rule|Sleep Clause Mod: Limit one foe put to sleep
|rule|Species Clause: Limit one of each Pokémon
|rule|OHKO Clause: OHKO moves are banned
|rule|Evasion Moves Clause: Evasion moves are banned
|rule|Endless Battle Clause: Forcing endless battles is banned
|rule|HP Percentage Mod: HP is shown in percentages
|rule|Dynamax Clause: You cannot dynamax
|clearpoke
|poke|p1|Gigalith, F|
|poke|p1|Comfey, M|
|poke|p1|Lycanroc, F|
|poke|p1|Charizard, M|
|poke|p1|Weezing, F|
|poke|p1|Trevenant, F|
|poke|p2|Musharna, M|
|poke|p2|Gourgeist-*, F|
|poke|p2|Stunfisk-Galar, M|
|poke|p2|Comfey, F|
|poke|p2|Accelgor, M|
|poke|p2|Miltank, F|
|teampreview
|inactive|Battle timer is ON: inactive players will automatically lose when time's up. (requested by yassy slay)
|inactive|falcu has 120 seconds left.
|inactive|falcu has 90 seconds left.
|inactive|falcu has 60 seconds left.
|
|t:|1650016779
|start
|switch|p1a: Charizard|Charizard, M|100/100
|switch|p2a: Gourgeist|Gourgeist-Super, F|100/100
|-item|p1a: Charizard|Heavy-Duty Boots|[from] ability: Frisk|[of] p2a: Gourgeist|[identify]
|turn|1
|
|t:|1650016787
|switch|p2a: Musharna|Musharna, M|100/100
|move|p1a: Charizard|Toxic|p2a: Musharna|[miss]
|-miss|p1a: Charizard|p2a: Musharna
|
|upkeep
|turn|2
|
|t:|1650016792
|move|p1a: Charizard|Toxic|p2a: Musharna
|-status|p2a: Musharna|tox
|-activate|p2a: Musharna|ability: Synchronize
|-status|p1a: Charizard|tox
|move|p2a: Musharna|Psyshock|p1a: Charizard
|-damage|p1a: Charizard|63/100 tox
|
|-damage|p1a: Charizard|57/100 tox|[from] psn
|-damage|p2a: Musharna|94/100 tox|[from] psn
|upkeep
|turn|3
|
|t:|1650016809
|switch|p1a: Gigalith|Gigalith, F|100/100
|-weather|Sandstorm|[from] ability: Sand Stream|[of] p1a: Gigalith
|move|p2a: Musharna|Heal Bell|p2a: Musharna
|-activate|p2a: Musharna|move: Heal Bell
|-curestatus|p2a: Musharna|tox|[msg]
|
|-weather|Sandstorm|[upkeep]
|-damage|p2a: Musharna|88/100|[from] Sandstorm
|upkeep
|turn|4
|
|t:|1650016821
|switch|p2a: Stunfisk|Stunfisk-Galar, M|100/100
|switch|p1a: Trevenant|Trevenant, F|100/100
|-item|p2a: Stunfisk|Leftovers|[from] ability: Frisk|[of] p1a: Trevenant|[identify]
|
|-weather|Sandstorm|[upkeep]
|-damage|p1a: Trevenant|94/100|[from] Sandstorm
|upkeep
|turn|5
|
|t:|1650016825
|switch|p1a: Weezing|Weezing, F|100/100
|move|p2a: Stunfisk|Protect||[still]
|-fail|p2a: Stunfisk
|
|-weather|Sandstorm|[upkeep]
|-damage|p1a: Weezing|95/100|[from] Sandstorm
|-heal|p1a: Weezing|100/100|[from] item: Black Sludge
|upkeep
|turn|6
|
|t:|1650016830
|move|p1a: Weezing|Toxic Spikes|p2a: Stunfisk
|-sidestart|p2: yassy slay|move: Toxic Spikes
|move|p2a: Stunfisk|Stealth Rock|p1a: Weezing
|-sidestart|p1: falcu|move: Stealth Rock
|
|-weather|Sandstorm|[upkeep]
|-damage|p1a: Weezing|95/100|[from] Sandstorm
|-heal|p1a: Weezing|100/100|[from] item: Black Sludge
|upkeep
|turn|7
|
|t:|1650016835
|switch|p2a: Miltank|Miltank, F|100/100
|move|p1a: Weezing|Toxic Spikes|p2a: Miltank
|-sidestart|p2: yassy slay|move: Toxic Spikes
|
|-weather|Sandstorm|[upkeep]
|-damage|p2a: Miltank|94/100|[from] Sandstorm
|-damage|p1a: Weezing|95/100|[from] Sandstorm
|-heal|p1a: Weezing|100/100|[from] item: Black Sludge
|upkeep
|turn|8
|
|t:|1650016851
|switch|p1a: Trevenant|Trevenant, F|94/100
|-damage|p1a: Trevenant|82/100|[from] Stealth Rock
|-item|p2a: Miltank|Heavy-Duty Boots|[from] ability: Frisk|[of] p1a: Trevenant|[identify]
|move|p2a: Miltank|Whirlpool|p1a: Trevenant|[miss]
|-miss|p2a: Miltank|p1a: Trevenant
|
|-weather|Sandstorm|[upkeep]
|-damage|p2a: Miltank|88/100|[from] Sandstorm
|-damage|p1a: Trevenant|76/100|[from] Sandstorm
|upkeep
|turn|9
|
|t:|1650016862
|switch|p2a: Accelgor|Accelgor, M|100/100
|move|p1a: Trevenant|Wood Hammer|p2a: Accelgor
|-resisted|p2a: Accelgor
|-damage|p2a: Accelgor|39/100
|-damage|p1a: Trevenant|55/100|[from] Recoil
|
|-weather|Sandstorm|[upkeep]
|-damage|p2a: Accelgor|33/100|[from] Sandstorm
|-damage|p1a: Trevenant|49/100|[from] Sandstorm
|upkeep
|turn|10
|
|t:|1650016880
|move|p2a: Accelgor|Recover|p2a: Accelgor
|-heal|p2a: Accelgor|83/100
|move|p1a: Trevenant|Wood Hammer|p2a: Accelgor
|-resisted|p2a: Accelgor
|-damage|p2a: Accelgor|28/100
|-damage|p1a: Trevenant|31/100|[from] Recoil
|
|-weather|none
|upkeep
|turn|11
|
|t:|1650016886
|switch|p1a: Gigalith|Gigalith, F|100/100
|-damage|p1a: Gigalith|88/100|[from] Stealth Rock
|-weather|Sandstorm|[from] ability: Sand Stream|[of] p1a: Gigalith
|move|p2a: Accelgor|Recover|p2a: Accelgor
|-heal|p2a: Accelgor|78/100
|
|-weather|Sandstorm|[upkeep]
|-damage|p2a: Accelgor|72/100|[from] Sandstorm
|upkeep
|turn|12
|
|t:|1650016894
|switch|p2a: Comfey|Comfey, F|100/100
|move|p1a: Gigalith|Stealth Rock|p2a: Comfey
|-sidestart|p2: yassy slay|move: Stealth Rock
|
|-weather|Sandstorm|[upkeep]
|-damage|p2a: Comfey|94/100|[from] Sandstorm
|upkeep
|turn|13
|j| keppy ㋡
|
|t:|1650016901
|move|p2a: Comfey|Defog|p1a: Gigalith
|-unboost|p1a: Gigalith|evasion|1
|-sideend|p1: falcu|Stealth Rock|[from] move: Defog|[of] p2a: Comfey
|-sideend|p2: yassy slay|Toxic Spikes|[from] move: Defog|[of] p2a: Comfey
|-sideend|p2: yassy slay|Stealth Rock|[from] move: Defog|[of] p2a: Comfey
|move|p1a: Gigalith|Toxic|p2a: Comfey
|-status|p2a: Comfey|tox
|
|-weather|Sandstorm|[upkeep]
|-damage|p2a: Comfey|88/100 tox|[from] Sandstorm
|-damage|p2a: Comfey|82/100 tox|[from] psn
|upkeep
|turn|14
|
|t:|1650016907
|move|p2a: Comfey|U-turn|p1a: Gigalith
|-damage|p1a: Gigalith|80/100
|
|t:|1650016918
|switch|p2a: Stunfisk|Stunfisk-Galar, M|100/100|[from]move: U-turn
|move|p1a: Gigalith|Stealth Rock|p2a: Stunfisk
|-sidestart|p2: yassy slay|move: Stealth Rock
|
|-weather|Sandstorm|[upkeep]
|upkeep
|turn|15
|
|t:|1650016924
|switch|p1a: Weezing|Weezing, F|100/100
|move|p2a: Stunfisk|Stealth Rock|p1a: Weezing
|-sidestart|p1: falcu|move: Stealth Rock
|
|-weather|Sandstorm|[upkeep]
|-damage|p1a: Weezing|95/100|[from] Sandstorm
|-heal|p1a: Weezing|100/100|[from] item: Black Sludge
|upkeep
|turn|16
|
|t:|1650016931
|switch|p2a: Miltank|Miltank, F|88/100
|move|p1a: Weezing|Toxic Spikes|p2a: Miltank
|-sidestart|p2: yassy slay|move: Toxic Spikes
|
|-weather|Sandstorm|[upkeep]
|-damage|p2a: Miltank|82/100|[from] Sandstorm
|-damage|p1a: Weezing|95/100|[from] Sandstorm
|-heal|p1a: Weezing|100/100|[from] item: Black Sludge
|upkeep
|turn|17
|
|t:|1650016951
|switch|p1a: Trevenant|Trevenant, F|31/100
|-damage|p1a: Trevenant|19/100|[from] Stealth Rock
|-item|p2a: Miltank|Heavy-Duty Boots|[from] ability: Frisk|[of] p1a: Trevenant|[identify]
|move|p2a: Miltank|Whirlpool|p1a: Trevenant
|-resisted|p1a: Trevenant
|-damage|p1a: Trevenant|17/100
|-activate|p1a: Trevenant|move: Whirlpool|[of] p2a: Miltank
|
|-weather|Sandstorm|[upkeep]
|-damage|p2a: Miltank|76/100|[from] Sandstorm
|-damage|p1a: Trevenant|10/100|[from] Sandstorm
|-damage|p1a: Trevenant|0 fnt|[from] move: Whirlpool|[partiallytrapped]
|faint|p1a: Trevenant
|upkeep
|
|t:|1650016956
|switch|p1a: Comfey|Comfey, M|100/100
|-damage|p1a: Comfey|88/100|[from] Stealth Rock
|turn|18
|
|t:|1650016963
|move|p2a: Miltank|Toxic|p1a: Comfey
|-status|p1a: Comfey|tox
|move|p1a: Comfey|Calm Mind|p1a: Comfey
|-boost|p1a: Comfey|spa|1
|-boost|p1a: Comfey|spd|1
|
|-weather|none
|-heal|p1a: Comfey|94/100 tox|[from] item: Leftovers
|-damage|p1a: Comfey|88/100 tox|[from] psn
|upkeep
|turn|19
|
|t:|1650016972
|switch|p2a: Musharna|Musharna, M|88/100
|move|p1a: Comfey|Aromatherapy|p1a: Comfey
|-activate|p1a: Comfey|move: Aromatherapy
|-curestatus|p1a: Comfey|tox|[msg]
|-curestatus|p1: Charizard|tox|[msg]
|
|-heal|p1a: Comfey|94/100|[from] item: Leftovers
|upkeep
|turn|20
|
|t:|1650016976
|move|p1a: Comfey|Calm Mind|p1a: Comfey
|-boost|p1a: Comfey|spa|1
|-boost|p1a: Comfey|spd|1
|move|p2a: Musharna|Calm Mind|p2a: Musharna
|-boost|p2a: Musharna|spa|1
|-boost|p2a: Musharna|spd|1
|
|-heal|p1a: Comfey|100/100|[from] item: Leftovers
|upkeep
|turn|21
|
|t:|1650016982
|move|p1a: Comfey|Calm Mind|p1a: Comfey
|-boost|p1a: Comfey|spa|1
|-boost|p1a: Comfey|spd|1
|move|p2a: Musharna|Psyshock|p1a: Comfey
|-damage|p1a: Comfey|65/100
|
|-heal|p1a: Comfey|71/100|[from] item: Leftovers
|upkeep
|turn|22
|
|t:|1650016984
|move|p1a: Comfey|Calm Mind|p1a: Comfey
|-boost|p1a: Comfey|spa|1
|-boost|p1a: Comfey|spd|1
|move|p2a: Musharna|Calm Mind|p2a: Musharna
|-boost|p2a: Musharna|spa|1
|-boost|p2a: Musharna|spd|1
|
|-heal|p1a: Comfey|77/100|[from] item: Leftovers
|upkeep
|turn|23
|
|t:|1650016988
|move|p1a: Comfey|Calm Mind|p1a: Comfey
|-boost|p1a: Comfey|spa|1
|-boost|p1a: Comfey|spd|1
|move|p2a: Musharna|Calm Mind|p2a: Musharna
|-boost|p2a: Musharna|spa|1
|-boost|p2a: Musharna|spd|1
|
|-heal|p1a: Comfey|84/100|[from] item: Leftovers
|upkeep
|turn|24
|
|t:|1650016993
|move|p1a: Comfey|Draining Kiss|p2a: Musharna
|-damage|p2a: Musharna|75/100
|-heal|p1a: Comfey|97/100|[from] drain|[of] p2a: Musharna
|move|p2a: Musharna|Psyshock|p1a: Comfey
|-damage|p1a: Comfey|30/100
|
|-heal|p1a: Comfey|36/100|[from] item: Leftovers
|upkeep
|turn|25
|
|t:|1650016997
|move|p1a: Comfey|Draining Kiss|p2a: Musharna
|-damage|p2a: Musharna|64/100
|-heal|p1a: Comfey|49/100|[from] drain|[of] p2a: Musharna
|move|p2a: Musharna|Psyshock|p1a: Comfey
|-damage|p1a: Comfey|0 fnt
|faint|p1a: Comfey
|
|upkeep
|
|t:|1650017008
|switch|p1a: Gigalith|Gigalith, F|80/100
|-damage|p1a: Gigalith|68/100|[from] Stealth Rock
|-weather|Sandstorm|[from] ability: Sand Stream|[of] p1a: Gigalith
|turn|26
|
|t:|1650017014
|move|p2a: Musharna|Psyshock|p1a: Gigalith
|-damage|p1a: Gigalith|14/100
|move|p1a: Gigalith|Toxic|p2a: Musharna
|-status|p2a: Musharna|tox
|-activate|p2a: Musharna|ability: Synchronize
|-status|p1a: Gigalith|tox
|
|-weather|Sandstorm|[upkeep]
|-damage|p2a: Musharna|58/100 tox|[from] Sandstorm
|-damage|p2a: Musharna|52/100 tox|[from] psn
|-damage|p1a: Gigalith|8/100 tox|[from] psn
|upkeep
|turn|27
|
|t:|1650017020
|move|p2a: Musharna|Heal Bell|p2a: Musharna
|-activate|p2a: Musharna|move: Heal Bell
|-curestatus|p2a: Musharna|tox|[msg]
|-curestatus|p2: Comfey|tox|[msg]
|move|p1a: Gigalith|Rock Blast|p2a: Musharna|[miss]
|-miss|p1a: Gigalith|p2a: Musharna
|
|-weather|Sandstorm|[upkeep]
|-damage|p2a: Musharna|46/100|[from] Sandstorm
|-damage|p1a: Gigalith|0 fnt|[from] psn
|faint|p1a: Gigalith
|upkeep
|
|t:|1650017024
|switch|p1a: Lycanroc|Lycanroc, F|100/100
|-damage|p1a: Lycanroc|88/100|[from] Stealth Rock
|turn|28
|
|t:|1650017029
|move|p1a: Lycanroc|Swords Dance|p1a: Lycanroc
|-boost|p1a: Lycanroc|atk|2
|move|p2a: Musharna|Psyshock|p1a: Lycanroc
|-damage|p1a: Lycanroc|0 fnt
|faint|p1a: Lycanroc
|
|-weather|Sandstorm|[upkeep]
|-damage|p2a: Musharna|39/100|[from] Sandstorm
|upkeep
|-message|falcu forfeited.
|
|win|yassy slay
|raw|falcu's rating: 1406 &rarr; <strong>1398</strong><br />(-8 for losing)
|raw|yassy slay's rating: 1656 &rarr; <strong>1664</strong><br />(+8 for winning)
|l|☆falcu
