|j|☆cafay sen sukr
|j|☆Decem
|t:|1625102252
|gametype|singles
|player|p1|cafay sen sukr|swimmer-gen4dp|
|player|p2|Decem|#wcop2021uswest|
|teamsize|p1|6
|teamsize|p2|6
|gen|8
|tier|[Gen 8] PU
|rated|Tournament battle
|rule|Sleep Clause Mod: Limit one foe put to sleep
|rule|Species Clause: Limit one of each Pokémon
|rule|OHKO Clause: OHKO moves are banned
|rule|Evasion Moves Clause: Evasion moves are banned
|rule|Endless Battle Clause: Forcing endless battles is banned
|rule|HP Percentage Mod: HP is shown in percentages
|rule|Dynamax Clause: You cannot dynamax
|clearpoke
|poke|p1|Rotom|
|poke|p1|Charizard, M|
|poke|p1|Sandaconda, M|
|poke|p1|Silvally-*|
|poke|p1|Lanturn, F|
|poke|p1|Toxicroak, M|
|poke|p2|Raboot, M|
|poke|p2|Tsareena, F|
|poke|p2|Gigalith, F|
|poke|p2|Silvally-*|
|poke|p2|Weezing, M|
|poke|p2|Passimian, M|
|teampreview
|inactive|Battle timer is ON: inactive players will automatically lose when time's up. (requested by Decem)
|c|☆Decem|hf
|c|☆cafay sen sukr|hf
|j| pkmn cypher 2013
|j| EighteenXVIII
|j| Hyperspace12
|c| Hyperspace12|rabbit
|
|t:|1625102281
|start
|switch|p1a: Sandaconda|Sandaconda, M|100/100
|switch|p2a: Raboot|Raboot, M|100/100
|turn|1
|
|t:|1625102285
|switch|p2a: froot|Tsareena, F|100/100
|move|p1a: Sandaconda|Glare|p2a: froot
|-status|p2a: froot|par
|
|upkeep
|turn|2
|
|t:|1625102292
|switch|p1a: Silvally|Silvally-Steel|100/100
|move|p2a: froot|Power Whip|p1a: Silvally
|-resisted|p1a: Silvally
|-damage|p1a: Silvally|67/100
|
|upkeep
|turn|3
|j| zoowi
|
|t:|1625102301
|move|p1a: Silvally|U-turn|p2a: froot
|-supereffective|p2a: froot
|-damage|p2a: froot|48/100 par
|
|t:|1625102305
|switch|p1a: Charizard|Charizard, M|100/100|[from]move: U-turn
|cant|p2a: froot|par
|
|upkeep
|turn|4
|
|t:|1625102310
|move|p1a: Charizard|Toxic||[still]
|-fail|p1a: Charizard
|move|p2a: froot|Knock Off|p1a: Charizard
|-damage|p1a: Charizard|44/100
|-enditem|p1a: Charizard|Heavy-Duty Boots|[from] move: Knock Off|[of] p2a: froot
|
|upkeep
|turn|5
|c| Hyperspace12|omg?
|
|t:|1625102316
|switch|p2a: Gigalith|Gigalith, F|100/100
|-weather|Sandstorm|[from] ability: Sand Stream|[of] p2a: Gigalith
|move|p1a: Charizard|Toxic|p2a: Gigalith
|-status|p2a: Gigalith|tox
|
|-weather|Sandstorm|[upkeep]
|-damage|p1a: Charizard|38/100|[from] Sandstorm
|-damage|p2a: Gigalith|94/100 tox|[from] psn
|upkeep
|turn|6
|
|t:|1625102320
|move|p1a: Charizard|Roost|p1a: Charizard
|-heal|p1a: Charizard|88/100
|-singleturn|p1a: Charizard|move: Roost
|move|p2a: Gigalith|Stealth Rock|p1a: Charizard
|-sidestart|p1: cafay sen sukr|move: Stealth Rock
|
|-weather|Sandstorm|[upkeep]
|-damage|p1a: Charizard|82/100|[from] Sandstorm
|-heal|p2a: Gigalith|100/100 tox|[from] item: Leftovers
|-damage|p2a: Gigalith|88/100 tox|[from] psn
|upkeep
|turn|7
|j|#Specs
|
|t:|1625102324
|switch|p1a: Sandaconda|Sandaconda, M|100/100
|-damage|p1a: Sandaconda|94/100|[from] Stealth Rock
|switch|p2a: froot|Tsareena, F|48/100 par
|
|-weather|Sandstorm|[upkeep]
|-damage|p2a: froot|42/100 par|[from] Sandstorm
|upkeep
|turn|8
|
|t:|1625102330
|switch|p1a: Silvally|Silvally-Steel|67/100
|-damage|p1a: Silvally|61/100|[from] Stealth Rock
|move|p2a: froot|Aromatherapy|p2a: froot
|-activate|p2a: froot|move: Aromatherapy
|-curestatus|p2a: froot|par|[msg]
|-curestatus|p2: Gigalith|tox|[msg]
|
|-weather|Sandstorm|[upkeep]
|-damage|p2a: froot|36/100|[from] Sandstorm
|upkeep
|turn|9
|c|☆cafay sen sukr|=o
|
|t:|1625102338
|switch|p2a: Passimian|Passimian, M|100/100
|move|p1a: Silvally|U-turn|p2a: Passimian
|-resisted|p2a: Passimian
|-damage|p2a: Passimian|90/100
|c| Hyperspace12|fruit does everything
|
|t:|1625102344
|switch|p1a: Rotom|Rotom|100/100|[from]move: U-turn
|-damage|p1a: Rotom|88/100|[from] Stealth Rock
|
|-weather|none
|upkeep
|turn|10
|
|t:|1625102348
|switch|p2a: Silvally|Silvally-Ground|100/100
|move|p1a: Rotom|Volt Switch|p2a: Silvally
|-immune|p2a: Silvally
|
|upkeep
|turn|11
|c|☆cafay sen sukr|oh wow
|j|@bagoftrixx
|c| zoowi|groundvally lets go
|
|t:|1625102361
|switch|p1a: Charizard|Charizard, M|82/100
|-damage|p1a: Charizard|32/100|[from] Stealth Rock
|move|p2a: Silvally|Swords Dance|p2a: Silvally
|-boost|p2a: Silvally|atk|2
|
|upkeep
|turn|12
|
|t:|1625102364
|move|p1a: Charizard|Flamethrower|p2a: Silvally
|-damage|p2a: Silvally|38/100
|move|p2a: Silvally|Flame Charge|p1a: Charizard
|-resisted|p1a: Charizard
|-damage|p1a: Charizard|10/100
|-boost|p2a: Silvally|spe|1
|
|upkeep
|turn|13
|
|t:|1625102368
|move|p2a: Silvally|Flame Charge|p1a: Charizard
|-resisted|p1a: Charizard
|-damage|p1a: Charizard|0 fnt
|-boost|p2a: Silvally|spe|1
|faint|p1a: Charizard
|
|upkeep
|
|t:|1625102371
|switch|p1a: Sandaconda|Sandaconda, M|94/100
|-damage|p1a: Sandaconda|88/100|[from] Stealth Rock
|turn|14
|
|t:|1625102382
|move|p2a: Silvally|Multi-Attack|p1a: Sandaconda
|-crit|p1a: Sandaconda
|-damage|p1a: Sandaconda|0 fnt
|-damage|p2a: Silvally|21/100|[from] item: Rocky Helmet|[of] p1a: Sandaconda
|faint|p1a: Sandaconda
|
|upkeep
|c|☆cafay sen sukr|fuckkk
|c|☆cafay sen sukr|gg
|
|t:|1625102395
|switch|p1a: Rotom|Rotom|88/100
|-damage|p1a: Rotom|76/100|[from] Stealth Rock
|turn|15
|c|☆Decem|gg
|
|t:|1625102399
|move|p2a: Silvally|Rock Slide|p1a: Rotom
|-damage|p1a: Rotom|8/100
|move|p1a: Rotom|Shadow Ball|p2a: Silvally
|-damage|p2a: Silvally|0 fnt
|faint|p2a: Silvally
|
|upkeep
|
|t:|1625102403
|switch|p2a: Raboot|Raboot, M|100/100
|turn|16
|
|t:|1625102411
|switch|p1a: Lanturn|Lanturn, F|100/100
|-damage|p1a: Lanturn|88/100|[from] Stealth Rock
|move|p2a: Raboot|Sucker Punch||[still]
|-fail|p2a: Raboot
|
|-heal|p1a: Lanturn|94/100|[from] item: Leftovers
|upkeep
|turn|17
|
|t:|1625102426
|move|p2a: Raboot|High Jump Kick|p1a: Lanturn
|-start|p2a: Raboot|typechange|Fighting|[from] ability: Libero
|-damage|p1a: Lanturn|39/100
|move|p1a: Lanturn|Volt Switch|p2a: Raboot
|-damage|p2a: Raboot|63/100
|
|t:|1625102434
|switch|p1a: Silvally|Silvally-Steel|61/100|[from]move: Volt Switch
|-damage|p1a: Silvally|55/100|[from] Stealth Rock
|
|upkeep
|turn|18
|
|t:|1625102437
|move|p1a: Silvally|Multi-Attack|p2a: Raboot
|-damage|p2a: Raboot|0 fnt
|faint|p2a: Raboot
|
|upkeep
|
|t:|1625102440
|switch|p2a: Passimian|Passimian, M|90/100
|turn|19
|
|t:|1625102447
|switch|p1a: Lanturn|Lanturn, F|39/100
|-damage|p1a: Lanturn|27/100|[from] Stealth Rock
|move|p2a: Passimian|Close Combat|p1a: Lanturn
|-damage|p1a: Lanturn|0 fnt
|-unboost|p2a: Passimian|def|1
|-unboost|p2a: Passimian|spd|1
|faint|p1a: Lanturn
|
|upkeep
|
|t:|1625102449
|switch|p1a: Toxicroak|Toxicroak, M|100/100
|-damage|p1a: Toxicroak|94/100|[from] Stealth Rock
|turn|20
|
|t:|1625102454
|switch|p2a: Weezing|Weezing, M|100/100
|move|p1a: Toxicroak|Nasty Plot|p1a: Toxicroak
|-boost|p1a: Toxicroak|spa|2
|
|upkeep
|turn|21
|
|t:|1625102461
|move|p1a: Toxicroak|Nasty Plot|p1a: Toxicroak
|-boost|p1a: Toxicroak|spa|2
|move|p2a: Weezing|Haze|p2a: Weezing
|-clearallboost
|
|upkeep
|turn|22
|
|t:|1625102463
|move|p1a: Toxicroak|Nasty Plot|p1a: Toxicroak
|-boost|p1a: Toxicroak|spa|2
|move|p2a: Weezing|Haze|p2a: Weezing
|-clearallboost
|
|upkeep
|turn|23
|
|t:|1625102466
|move|p1a: Toxicroak|Nasty Plot|p1a: Toxicroak
|-boost|p1a: Toxicroak|spa|2
|move|p2a: Weezing|Will-O-Wisp|p1a: Toxicroak
|-status|p1a: Toxicroak|brn
|
|-damage|p1a: Toxicroak|88/100 brn|[from] brn
|upkeep
|turn|24
|
|t:|1625102468
|move|p1a: Toxicroak|Shadow Ball|p2a: Weezing
|-damage|p2a: Weezing|38/100
|move|p2a: Weezing|Haze|p2a: Weezing
|-clearallboost
|
|-heal|p2a: Weezing|44/100|[from] item: Black Sludge
|-damage|p1a: Toxicroak|82/100 brn|[from] brn
|upkeep
|turn|25
|
|t:|1625102473
|move|p1a: Toxicroak|Shadow Ball|p2a: Weezing
|-damage|p2a: Weezing|15/100
|move|p2a: Weezing|Haze|p2a: Weezing
|-clearallboost
|
|-heal|p2a: Weezing|21/100|[from] item: Black Sludge
|-damage|p1a: Toxicroak|76/100 brn|[from] brn
|upkeep
|turn|26
|
|t:|1625102475
|move|p1a: Toxicroak|Shadow Ball|p2a: Weezing
|-damage|p2a: Weezing|0 fnt
|faint|p2a: Weezing
|
|-damage|p1a: Toxicroak|70/100 brn|[from] brn
|upkeep
|
|t:|1625102476
|switch|p2a: Gigalith|Gigalith, F|88/100
|-weather|Sandstorm|[from] ability: Sand Stream|[of] p2a: Gigalith
|turn|27
|
|t:|1625102492
|move|p1a: Toxicroak|Nasty Plot|p1a: Toxicroak
|-boost|p1a: Toxicroak|spa|2
|move|p2a: Gigalith|Earthquake|p1a: Toxicroak
|-supereffective|p1a: Toxicroak
|-enditem|p1a: Toxicroak|Shuca Berry|[eat]
|-enditem|p1a: Toxicroak|Shuca Berry|[weaken]
|-damage|p1a: Toxicroak|19/100 brn
|
|-weather|Sandstorm|[upkeep]
|-damage|p1a: Toxicroak|13/100 brn|[from] Sandstorm
|-heal|p2a: Gigalith|94/100|[from] item: Leftovers
|-damage|p1a: Toxicroak|7/100 brn|[from] brn
|upkeep
|turn|28
|
|t:|1625102499
|move|p2a: Gigalith|Protect|p2a: Gigalith
|-singleturn|p2a: Gigalith|Protect
|move|p1a: Toxicroak|Focus Blast|p2a: Gigalith
|-activate|p2a: Gigalith|move: Protect
|
|-weather|Sandstorm|[upkeep]
|-damage|p1a: Toxicroak|1/100 brn|[from] Sandstorm
|-heal|p2a: Gigalith|100/100|[from] item: Leftovers
|-damage|p1a: Toxicroak|0 fnt|[from] brn
|faint|p1a: Toxicroak
|upkeep
|
|t:|1625102502
|switch|p1a: Silvally|Silvally-Steel|55/100
|-damage|p1a: Silvally|49/100|[from] Stealth Rock
|turn|29
|
|t:|1625102508
|move|p1a: Silvally|Multi-Attack|p2a: Gigalith
|-supereffective|p2a: Gigalith
|-crit|p2a: Gigalith
|-damage|p2a: Gigalith|0 fnt
|faint|p2a: Gigalith
|
|-weather|Sandstorm|[upkeep]
|upkeep
|
|t:|1625102512
|switch|p2a: Passimian|Passimian, M|90/100
|turn|30
|
|t:|1625102514
|move|p2a: Passimian|Close Combat|p1a: Silvally
|-supereffective|p1a: Silvally
|-damage|p1a: Silvally|0 fnt
|-unboost|p2a: Passimian|def|1
|-unboost|p2a: Passimian|spd|1
|faint|p1a: Silvally
|
|-weather|Sandstorm|[upkeep]
|-damage|p2a: Passimian|84/100|[from] Sandstorm
|upkeep
|l|#Specs
|
|t:|1625102516
|switch|p1a: Rotom|Rotom|8/100
|-damage|p1a: Rotom|0 fnt|[from] Stealth Rock
|faint|p1a: Rotom
|
|win|Decem
|n|☆cafay sen sukr|cafaysensukr
|n|☆Decem|decem
|n| pkmn cypher 2013|pkmncypher2013
|n| EighteenXVIII|eighteenxviii
|n| Hyperspace12|hyperspace12
|n| zoowi|zoowi
|n| bagoftrixx|bagoftrixx
