|j|☆uult1 SOMALIA
|j|☆pu222
|player|p1|uult1 SOMALIA|#somalia|1332
|player|p2|pu222|169|1256
|teamsize|p1|6
|teamsize|p2|6
|gametype|singles
|gen|8
|tier|[Gen 8] PU
|rated|
|clearpoke
|poke|p1|Fraxure, F|
|poke|p1|Duosion, F|
|poke|p1|Falinks|
|poke|p1|Crustle, F|
|poke|p1|Leafeon, M|
|poke|p1|Pawniard, M|
|poke|p2|Mr. Rime, M|
|poke|p2|Appletun, M|
|poke|p2|Vespiquen, F|
|poke|p2|Falinks|
|poke|p2|Crustle, M|
|poke|p2|Carkol, M|
|rule|Sleep Clause Mod: Limit one foe put to sleep
|rule|Species Clause: Limit one of each Pokémon
|rule|OHKO Clause: OHKO moves are banned
|rule|Evasion Moves Clause: Evasion moves are banned
|rule|Endless Battle Clause: Forcing endless battles is banned
|rule|HP Percentage Mod: HP is shown in percentages
|rule|Dynamax Clause: You cannot dynamax
|teampreview
|c|☆uult1 SOMALIA|hf
|inactive|Battle timer is ON: inactive players will automatically lose when time's up. (requested by uult1 SOMALIA)
|
|start
|switch|p1a: EVOLUTION|Crustle, F|100/100
|switch|p2a: Crustle|Crustle, M|100/100
|turn|1
|
|move|p2a: Crustle|Shell Smash|p2a: Crustle
|-unboost|p2a: Crustle|def|1
|-unboost|p2a: Crustle|spd|1
|-boost|p2a: Crustle|atk|2
|-boost|p2a: Crustle|spa|2
|-boost|p2a: Crustle|spe|2
|move|p1a: EVOLUTION|Stealth Rock|p2a: Crustle
|-sidestart|p2: pu222|move: Stealth Rock
|
|upkeep
|turn|2
|
|move|p2a: Crustle|Rock Blast|p1a: EVOLUTION
|-supereffective|p1a: EVOLUTION
|-damage|p1a: EVOLUTION|53/100
|-supereffective|p1a: EVOLUTION
|-crit|p1a: EVOLUTION
|-damage|p1a: EVOLUTION|0 fnt
|-hitcount|p1a: EVOLUTION|2
|faint|p1a: EVOLUTION
|
|upkeep
|
|switch|p1a: DEVIL'S LANCE|Pawniard, M|100/100
|turn|3
|
|move|p2a: Crustle|Earthquake|p1a: DEVIL'S LANCE
|-supereffective|p1a: DEVIL'S LANCE
|-damage|p1a: DEVIL'S LANCE|0 fnt
|faint|p1a: DEVIL'S LANCE
|
|upkeep
|
|switch|p1a: THE FANG|Falinks|100/100
|turn|4
|
|move|p2a: Crustle|Earthquake|p1a: THE FANG
|-damage|p1a: THE FANG|20/100
|move|p1a: THE FANG|No Retreat|p1a: THE FANG
|-boost|p1a: THE FANG|atk|1
|-boost|p1a: THE FANG|def|1
|-boost|p1a: THE FANG|spa|1
|-boost|p1a: THE FANG|spd|1
|-boost|p1a: THE FANG|spe|1
|-start|p1a: THE FANG|move: No Retreat
|
|upkeep
|turn|5
|
|move|p2a: Crustle|Shell Smash|p2a: Crustle
|-unboost|p2a: Crustle|def|1
|-unboost|p2a: Crustle|spd|1
|-boost|p2a: Crustle|atk|2
|-boost|p2a: Crustle|spa|2
|-boost|p2a: Crustle|spe|2
|move|p1a: THE FANG|Rock Slide|p2a: Crustle
|-supereffective|p2a: Crustle
|-ability|p2a: Crustle|Sturdy
|-damage|p2a: Crustle|1/100
|
|upkeep
|turn|6
|
|move|p2a: Crustle|Earthquake|p1a: THE FANG
|-damage|p1a: THE FANG|0 fnt
|faint|p1a: THE FANG
|
|upkeep
|
|switch|p1a: NIKO STYLE|Leafeon, M|100/100
|turn|7
|
|move|p2a: Crustle|Knock Off|p1a: NIKO STYLE
|-damage|p1a: NIKO STYLE|13/100
|-enditem|p1a: NIKO STYLE|Life Orb|[from] move: Knock Off|[of] p2a: Crustle
|move|p1a: NIKO STYLE|Knock Off|p2a: Crustle
|-damage|p2a: Crustle|0 fnt
|-enditem|p2a: Crustle|Heavy-Duty Boots|[from] move: Knock Off|[of] p1a: NIKO STYLE
|faint|p2a: Crustle
|
|upkeep
|
|switch|p2a: Carkol|Carkol, M|100/100
|-damage|p2a: Carkol|76/100|[from] Stealth Rock
|turn|8
|
|move|p1a: NIKO STYLE|Swords Dance|p1a: NIKO STYLE
|-boost|p1a: NIKO STYLE|atk|2
|move|p2a: Carkol|Rapid Spin|p1a: NIKO STYLE
|-damage|p1a: NIKO STYLE|6/100
|-boost|p2a: Carkol|spe|1
|-sideend|p2: pu222|Stealth Rock|[from] move: Rapid Spin|[of] p2a: Carkol
|
|upkeep
|turn|9
|
|move|p1a: NIKO STYLE|Leaf Blade|p2a: Carkol
|-damage|p2a: Carkol|15/100
|move|p2a: Carkol|Stealth Rock|p1a: NIKO STYLE
|-sidestart|p1: uult1 SOMALIA|move: Stealth Rock
|
|upkeep
|turn|10
|inactive|uult1 SOMALIA has 120 seconds left.
|
|move|p1a: NIKO STYLE|Leaf Blade|p2a: Carkol
|-damage|p2a: Carkol|0 fnt
|faint|p2a: Carkol
|
|upkeep
|
|switch|p2a: Falinks|Falinks, shiny|100/100
|turn|11
|
|move|p2a: Falinks|First Impression|p1a: NIKO STYLE
|-supereffective|p1a: NIKO STYLE
|-damage|p1a: NIKO STYLE|0 fnt
|-damage|p2a: Falinks|91/100|[from] item: Life Orb
|faint|p1a: NIKO STYLE
|
|upkeep
|
|switch|p1a: HITMAN STYLE|Duosion, F|100/100
|turn|12
|inactive|uult1 SOMALIA has 90 seconds left.
|
|switch|p2a: Mr. Rime|Mr. Rime, M|100/100
|move|p1a: HITMAN STYLE|Acid Armor|p1a: HITMAN STYLE
|-boost|p1a: HITMAN STYLE|def|2
|
|upkeep
|turn|13
|
|move|p2a: Mr. Rime|Iron Defense|p2a: Mr. Rime
|-boost|p2a: Mr. Rime|def|2
|move|p1a: HITMAN STYLE|Calm Mind|p1a: HITMAN STYLE
|-boost|p1a: HITMAN STYLE|spa|1
|-boost|p1a: HITMAN STYLE|spd|1
|
|upkeep
|turn|14
|
|move|p2a: Mr. Rime|Iron Defense|p2a: Mr. Rime
|-boost|p2a: Mr. Rime|def|2
|move|p1a: HITMAN STYLE|Calm Mind|p1a: HITMAN STYLE
|-boost|p1a: HITMAN STYLE|spa|1
|-boost|p1a: HITMAN STYLE|spd|1
|
|upkeep
|turn|15
|
|move|p2a: Mr. Rime|Iron Defense|p2a: Mr. Rime
|-boost|p2a: Mr. Rime|def|2
|move|p1a: HITMAN STYLE|Calm Mind|p1a: HITMAN STYLE
|-boost|p1a: HITMAN STYLE|spa|1
|-boost|p1a: HITMAN STYLE|spd|1
|
|upkeep
|turn|16
|
|move|p2a: Mr. Rime|Calm Mind|p2a: Mr. Rime
|-boost|p2a: Mr. Rime|spa|1
|-boost|p2a: Mr. Rime|spd|1
|move|p1a: HITMAN STYLE|Stored Power|p2a: Mr. Rime
|-resisted|p2a: Mr. Rime
|-damage|p2a: Mr. Rime|56/100
|
|upkeep
|turn|17
|
|move|p2a: Mr. Rime|Calm Mind|p2a: Mr. Rime
|-boost|p2a: Mr. Rime|spa|1
|-boost|p2a: Mr. Rime|spd|1
|move|p1a: HITMAN STYLE|Calm Mind|p1a: HITMAN STYLE
|-boost|p1a: HITMAN STYLE|spa|1
|-boost|p1a: HITMAN STYLE|spd|1
|
|upkeep
|turn|18
|
|move|p2a: Mr. Rime|Calm Mind|p2a: Mr. Rime
|-boost|p2a: Mr. Rime|spa|1
|-boost|p2a: Mr. Rime|spd|1
|move|p1a: HITMAN STYLE|Stored Power|p2a: Mr. Rime
|-resisted|p2a: Mr. Rime
|-damage|p2a: Mr. Rime|17/100
|
|upkeep
|turn|19
|
|move|p2a: Mr. Rime|Slack Off|p2a: Mr. Rime
|-heal|p2a: Mr. Rime|67/100
|move|p1a: HITMAN STYLE|Stored Power|p2a: Mr. Rime
|-resisted|p2a: Mr. Rime
|-damage|p2a: Mr. Rime|31/100
|
|upkeep
|turn|20
|
|move|p2a: Mr. Rime|Slack Off|p2a: Mr. Rime
|-heal|p2a: Mr. Rime|81/100
|move|p1a: HITMAN STYLE|Calm Mind|p1a: HITMAN STYLE
|-boost|p1a: HITMAN STYLE|spa|1
|-boost|p1a: HITMAN STYLE|spd|1
|
|upkeep
|turn|21
|
|move|p2a: Mr. Rime|Calm Mind|p2a: Mr. Rime
|-boost|p2a: Mr. Rime|spa|1
|-boost|p2a: Mr. Rime|spd|1
|move|p1a: HITMAN STYLE|Acid Armor|p1a: HITMAN STYLE
|-boost|p1a: HITMAN STYLE|def|2
|
|upkeep
|turn|22
|
|move|p2a: Mr. Rime|Calm Mind|p2a: Mr. Rime
|-boost|p2a: Mr. Rime|spa|1
|-boost|p2a: Mr. Rime|spd|1
|move|p1a: HITMAN STYLE|Calm Mind|p1a: HITMAN STYLE
|-boost|p1a: HITMAN STYLE|spa|1
|-boost|p1a: HITMAN STYLE|spd|1
|
|upkeep
|turn|23
|
|move|p2a: Mr. Rime|Calm Mind|p2a: Mr. Rime
|-boost|p2a: Mr. Rime|spa|1
|-boost|p2a: Mr. Rime|spd|1
|move|p1a: HITMAN STYLE|Acid Armor|p1a: HITMAN STYLE
|-boost|p1a: HITMAN STYLE|def|2
|
|upkeep
|turn|24
|
|move|p2a: Mr. Rime|Stored Power|p1a: HITMAN STYLE
|-resisted|p1a: HITMAN STYLE
|-damage|p1a: HITMAN STYLE|27/100
|move|p1a: HITMAN STYLE|Stored Power|p2a: Mr. Rime
|-resisted|p2a: Mr. Rime
|-damage|p2a: Mr. Rime|26/100
|
|upkeep
|turn|25
|
|move|p2a: Mr. Rime|Stored Power|p1a: HITMAN STYLE
|-resisted|p1a: HITMAN STYLE
|-damage|p1a: HITMAN STYLE|0 fnt
|faint|p1a: HITMAN STYLE
|
|upkeep
|
|switch|p1a: DRAGON SHOT|Fraxure, F|100/100
|-damage|p1a: DRAGON SHOT|88/100|[from] Stealth Rock
|-ability|p1a: DRAGON SHOT|Mold Breaker
|turn|26
|
|move|p1a: DRAGON SHOT|Poison Jab|p2a: Mr. Rime
|-damage|p2a: Mr. Rime|17/100
|move|p2a: Mr. Rime|Stored Power|p1a: DRAGON SHOT
|-damage|p1a: DRAGON SHOT|0 fnt
|faint|p1a: DRAGON SHOT
|
|win|pu222
|l|☆uult1 SOMALIA
