|html|<div class="broadcast-blue"><strong>[Gen 8] PU is currently suspecting Scyther! For information on how to participate check out the <a href="https://www.smogon.com/forums/threads/np-ss-pu-stage-11-turn-turn-turn-scyther-retest.3707179/">suspect thread</a>.</strong></div>
|j|☆Devipokemon17
|j|☆PU11 zoowi
|t:|1662075970
|gametype|singles
|player|p1|Devipokemon17|lucas|1101
|player|p2|PU11 zoowi|burglar-gen2|1181
|teamsize|p1|6
|teamsize|p2|6
|gen|8
|tier|[Gen 8] PU
|rated|
|rule|Sleep Clause Mod: Limit one foe put to sleep
|rule|Species Clause: Limit one of each Pokémon
|rule|OHKO Clause: OHKO moves are banned
|rule|Evasion Items Clause: Evasion items are banned
|rule|Evasion Moves Clause: Evasion moves are banned
|rule|Endless Battle Clause: Forcing endless battles is banned
|rule|HP Percentage Mod: HP is shown in percentages
|rule|Dynamax Clause: You cannot dynamax
|clearpoke
|poke|p1|Dusknoir, M|
|poke|p1|Wishiwashi, M|
|poke|p1|Doublade, F|
|poke|p1|Beheeyem, F|
|poke|p1|Luxray, F|
|poke|p1|Cinccino, M|
|poke|p2|Articuno-Galar|
|poke|p2|Scyther, F|
|poke|p2|Silvally-*|
|poke|p2|Drednaw, M|
|poke|p2|Runerigus, M|
|poke|p2|Alcremie, F|
|teampreview
|inactive|Battle timer is ON: inactive players will automatically lose when time's up. (requested by Devipokemon17)
|
|t:|1662075999
|start
|switch|p1a: Cinccino|Cinccino, M|100/100
|switch|p2a: Runerigus|Runerigus, M|100/100
|turn|1
|
|t:|1662076004
|move|p1a: Cinccino|Triple Axel|p2a: Runerigus
|-supereffective|p2a: Runerigus
|-damage|p2a: Runerigus|92/100
|-activate|p2a: Runerigus|ability: Wandering Spirit|Skill Link|Wandering Spirit|[of] p1a: Cinccino
|-supereffective|p2a: Runerigus
|-damage|p2a: Runerigus|73/100
|-supereffective|p2a: Runerigus
|-damage|p2a: Runerigus|45/100
|-hitcount|p2a: Runerigus|3
|move|p2a: Runerigus|Earthquake|p1a: Cinccino
|-damage|p1a: Cinccino|23/100
|
|upkeep
|turn|2
|
|t:|1662076030
|move|p1a: Cinccino|Triple Axel|p2a: Runerigus|[miss]
|-miss|p1a: Cinccino|p2a: Runerigus
|move|p2a: Runerigus|Earthquake|p1a: Cinccino
|-damage|p1a: Cinccino|0 fnt
|faint|p1a: Cinccino
|
|upkeep
|
|t:|1662076046
|switch|p1a: Wishiwashi|Wishiwashi, M|100/100
|-formechange|p1a: Wishiwashi|Wishiwashi-School||[from] ability: Schooling
|turn|3
|
|t:|1662076051
|switch|p2a: Articuno|Articuno-Galar|100/100
|move|p1a: Wishiwashi|Scald|p2a: Articuno
|-damage|p2a: Articuno|61/100
|
|upkeep
|turn|4
|
|t:|1662076060
|move|p2a: Articuno|Freezing Glare|p1a: Wishiwashi
|-damage|p1a: Wishiwashi|53/100
|move|p1a: Wishiwashi|Scald|p2a: Articuno
|-damage|p2a: Articuno|23/100
|
|-heal|p1a: Wishiwashi|59/100|[from] item: Leftovers
|upkeep
|turn|5
|
|t:|1662076066
|move|p2a: Articuno|Freezing Glare|p1a: Wishiwashi
|-damage|p1a: Wishiwashi|16/100
|move|p1a: Wishiwashi|U-turn|p2a: Articuno
|-damage|p2a: Articuno|0 fnt
|faint|p2a: Articuno
|
|t:|1662076083
|switch|p1a: Doublade|Doublade, F|100/100|[from]move: U-turn
|
|upkeep
|
|t:|1662076097
|switch|p2a: Scyther|Scyther, F|100/100
|turn|6
|
|t:|1662076101
|move|p2a: Scyther|Knock Off|p1a: Doublade
|-supereffective|p1a: Doublade
|-crit|p1a: Doublade
|-damage|p1a: Doublade|58/100
|-enditem|p1a: Doublade|Eviolite|[from] move: Knock Off|[of] p2a: Scyther
|move|p1a: Doublade|Swords Dance|p1a: Doublade
|-boost|p1a: Doublade|atk|2
|
|upkeep
|turn|7
|
|t:|1662076109
|move|p2a: Scyther|U-turn|p1a: Doublade
|-resisted|p1a: Doublade
|-damage|p1a: Doublade|52/100
|
|t:|1662076111
|switch|p2a: Runerigus|Runerigus, M|45/100|[from]move: U-turn
|move|p1a: Doublade|Iron Head|p2a: Runerigus
|-damage|p2a: Runerigus|0 fnt
|-activate|p2a: Runerigus|ability: Wandering Spirit|No Guard|Wandering Spirit|[of] p1a: Doublade
|faint|p2a: Runerigus
|
|upkeep
|
|t:|1662076113
|switch|p2a: Drednaw|Drednaw, M|100/100
|turn|8
|
|t:|1662076128
|move|p1a: Doublade|Shadow Sneak|p2a: Drednaw
|-damage|p2a: Drednaw|51/100
|move|p2a: Drednaw|Crunch|p1a: Doublade
|-supereffective|p1a: Doublade
|-damage|p1a: Doublade|0 fnt
|-activate|p1a: Doublade|ability: Wandering Spirit|Strong Jaw|Wandering Spirit|[of] p2a: Drednaw
|faint|p1a: Doublade
|
|upkeep
|
|t:|1662076137
|switch|p1a: Dusknoir|Dusknoir, M|100/100
|-item|p2a: Drednaw|Heavy-Duty Boots|[from] ability: Frisk|[of] p1a: Dusknoir|[identify]
|turn|9
|
|t:|1662076158
|switch|p2a: Silvally|Silvally|100/100
|move|p1a: Dusknoir|Power-Up Punch|p2a: Silvally
|-supereffective|p2a: Silvally
|-damage|p2a: Silvally|78/100
|-boost|p1a: Dusknoir|atk|1
|
|upkeep
|turn|10
|
|t:|1662076167
|move|p2a: Silvally|Thunder Wave|p1a: Dusknoir
|-status|p1a: Dusknoir|par
|cant|p1a: Dusknoir|par
|
|upkeep
|turn|11
|
|t:|1662076172
|move|p2a: Silvally|Parting Shot|p1a: Dusknoir
|-unboost|p1a: Dusknoir|atk|1
|-unboost|p1a: Dusknoir|spa|1
|
|t:|1662076183
|switch|p2a: Alcremie|Alcremie, F|100/100|[from]move: Parting Shot
|move|p1a: Dusknoir|Power-Up Punch|p2a: Alcremie
|-resisted|p2a: Alcremie
|-damage|p2a: Alcremie|95/100
|-boost|p1a: Dusknoir|atk|1
|
|upkeep
|turn|12
|
|t:|1662076189
|move|p2a: Alcremie|Dazzling Gleam|p1a: Dusknoir
|-damage|p1a: Dusknoir|83/100 par
|move|p1a: Dusknoir|Poltergeist|p2a: Alcremie
|-activate|p2a: Alcremie|move: Poltergeist|Heavy-Duty Boots
|-damage|p2a: Alcremie|30/100
|
|upkeep
|turn|13
|
|t:|1662076196
|switch|p2a: Silvally|Silvally|78/100
|move|p1a: Dusknoir|Power-Up Punch|p2a: Silvally
|-supereffective|p2a: Silvally
|-damage|p2a: Silvally|44/100
|-boost|p1a: Dusknoir|atk|1
|
|upkeep
|turn|14
|
|t:|1662076199
|move|p2a: Silvally|Parting Shot|p1a: Dusknoir
|-unboost|p1a: Dusknoir|atk|1
|-unboost|p1a: Dusknoir|spa|1
|
|t:|1662076201
|switch|p2a: Scyther|Scyther, F|100/100|[from]move: Parting Shot
|move|p1a: Dusknoir|Power-Up Punch|p2a: Scyther
|-resisted|p2a: Scyther
|-damage|p2a: Scyther|93/100
|-boost|p1a: Dusknoir|atk|1
|
|upkeep
|turn|15
|
|t:|1662076209
|move|p2a: Scyther|Knock Off|p1a: Dusknoir
|-supereffective|p1a: Dusknoir
|-damage|p1a: Dusknoir|29/100 par
|-enditem|p1a: Dusknoir|Assault Vest|[from] move: Knock Off|[of] p2a: Scyther
|move|p1a: Dusknoir|Poltergeist|p2a: Scyther|[miss]
|-miss|p1a: Dusknoir|p2a: Scyther
|
|upkeep
|turn|16
|
|t:|1662076221
|move|p1a: Dusknoir|Shadow Sneak|p2a: Scyther
|-damage|p2a: Scyther|38/100
|move|p2a: Scyther|Knock Off|p1a: Dusknoir
|-supereffective|p1a: Dusknoir
|-damage|p1a: Dusknoir|0 fnt
|faint|p1a: Dusknoir
|
|upkeep
|
|t:|1662076226
|switch|p1a: Luxray|Luxray, F|100/100
|turn|17
|
|t:|1662076233
|move|p2a: Scyther|U-turn|p1a: Luxray
|-damage|p1a: Luxray|54/100
|
|t:|1662076238
|switch|p2a: Alcremie|Alcremie, F|30/100|[from]move: U-turn
|move|p1a: Luxray|Agility|p1a: Luxray
|-boost|p1a: Luxray|spe|2
|
|-status|p1a: Luxray|brn|[from] item: Flame Orb
|upkeep
|turn|18
|c|☆PU11 zoowi|!
|
|t:|1662076247
|move|p1a: Luxray|Wild Charge|p2a: Alcremie
|-damage|p2a: Alcremie|0 fnt
|faint|p2a: Alcremie
|-damage|p1a: Luxray|45/100 brn|[from] Recoil
|
|-damage|p1a: Luxray|39/100 brn|[from] brn
|upkeep
|
|t:|1662076258
|switch|p2a: Drednaw|Drednaw, M|51/100
|turn|19
|
|t:|1662076262
|switch|p2a: Scyther|Scyther, F|38/100
|move|p1a: Luxray|Wild Charge|p2a: Scyther
|-supereffective|p2a: Scyther
|-crit|p2a: Scyther
|-damage|p2a: Scyther|0 fnt
|faint|p2a: Scyther
|-damage|p1a: Luxray|31/100 brn|[from] Recoil
|
|-damage|p1a: Luxray|25/100 brn|[from] brn
|upkeep
|
|t:|1662076264
|switch|p2a: Silvally|Silvally|44/100
|turn|20
|
|t:|1662076270
|move|p1a: Luxray|Facade|p2a: Silvally
|-damage|p2a: Silvally|0 fnt
|faint|p2a: Silvally
|
|-damage|p1a: Luxray|19/100 brn|[from] brn
|upkeep
|
|t:|1662076272
|switch|p2a: Drednaw|Drednaw, M|51/100
|turn|21
|
|t:|1662076274
|move|p1a: Luxray|Wild Charge|p2a: Drednaw
|-supereffective|p2a: Drednaw
|-damage|p2a: Drednaw|0 fnt
|faint|p2a: Drednaw
|-damage|p1a: Luxray|5/100 brn|[from] Recoil
|
|win|Devipokemon17
|raw|Devipokemon17's rating: 1101 &rarr; <strong>1132</strong><br />(+31 for winning)
|raw|PU11 zoowi's rating: 1181 &rarr; <strong>1150</strong><br />(-31 for losing)
|l|☆PU11 zoowi
||Ladder isn't responding, score probably updated but might not have (Request timeout).
