|j|☆pult61a turt@!
|j|☆pult61a Zip
|t:|1626851525
|gametype|singles
|player|p1|pult61a turt|lucas|1416
|player|p2|pult61a Zip|richboy-gen4|1317
|teamsize|p1|6
|teamsize|p2|6
|gen|8
|tier|[Gen 8] PU
|rated|
|rule|Sleep Clause Mod: Limit one foe put to sleep
|rule|Species Clause: Limit one of each Pokémon
|rule|OHKO Clause: OHKO moves are banned
|rule|Evasion Moves Clause: Evasion moves are banned
|rule|Endless Battle Clause: Forcing endless battles is banned
|rule|HP Percentage Mod: HP is shown in percentages
|rule|Dynamax Clause: You cannot dynamax
|clearpoke
|poke|p1|Gourgeist-*, M|
|poke|p1|Gigalith, M|
|poke|p1|Sandslash, F|
|poke|p1|Silvally-*|
|poke|p1|Ribombee, M|
|poke|p1|Weezing, M|
|poke|p2|Articuno-Galar|
|poke|p2|Passimian, M|
|poke|p2|Whimsicott, F|
|poke|p2|Quagsire, M|
|poke|p2|Togedemaru, M|
|poke|p2|Palossand, F|
|teampreview
|inactive|Battle timer is ON: inactive players will automatically lose when time's up. (requested by pult61a turt)
|c|☆pult61a turt|Hf
|inactive|pult61a Zip has 120 seconds left.
|inactive|pult61a Zip has 90 seconds left.
|inactive|pult61a Zip has 60 seconds left.
|
|t:|1626851622
|start
|switch|p1a: Gigalith|Gigalith, M|100/100
|switch|p2a: Passimian|Passimian, M|100/100
|-weather|Sandstorm|[from] ability: Sand Stream|[of] p1a: Gigalith
|turn|1
|inactive|pult61a Zip has 120 seconds left.
|
|t:|1626851632
|move|p1a: Gigalith|Protect|p1a: Gigalith
|-singleturn|p1a: Gigalith|Protect
|move|p2a: Passimian|Knock Off|p1a: Gigalith
|-activate|p1a: Gigalith|move: Protect
|
|-weather|Sandstorm|[upkeep]
|-damage|p2a: Passimian|94/100|[from] Sandstorm
|upkeep
|turn|2
|inactive|pult61a Zip has 120 seconds left.
|
|t:|1626851642
|switch|p1a: Weezing|Weezing, M|100/100
|move|p2a: Passimian|Knock Off|p1a: Weezing
|-damage|p1a: Weezing|78/100
|-enditem|p1a: Weezing|Eject Button|[from] move: Knock Off|[of] p2a: Passimian
|
|-weather|Sandstorm|[upkeep]
|-damage|p2a: Passimian|88/100|[from] Sandstorm
|-damage|p1a: Weezing|72/100|[from] Sandstorm
|upkeep
|turn|3
|inactive|pult61a Zip has 120 seconds left.
|
|t:|1626851658
|switch|p2a: Articuno|Articuno-Galar|100/100
|move|p1a: Weezing|Toxic Spikes|p2a: Articuno
|-sidestart|p2: pult61a Zip|move: Toxic Spikes
|
|-weather|Sandstorm|[upkeep]
|-damage|p2a: Articuno|94/100|[from] Sandstorm
|-damage|p1a: Weezing|66/100|[from] Sandstorm
|upkeep
|turn|4
|inactive|pult61a Zip has 120 seconds left.
|
|t:|1626851667
|switch|p1a: Silvally|Silvally-Steel|100/100
|move|p2a: Articuno|Future Sight|p1a: Silvally
|-start|p2a: Articuno|move: Future Sight
|
|-weather|Sandstorm|[upkeep]
|-damage|p2a: Articuno|88/100|[from] Sandstorm
|upkeep
|turn|5
|inactive|pult61a Zip has 120 seconds left.
|
|t:|1626851678
|switch|p2a: Quagsire|Quagsire, M|100/100
|-status|p2a: Quagsire|psn
|move|p1a: Silvally|Multi-Attack|p2a: Quagsire
|-resisted|p2a: Quagsire
|-damage|p2a: Quagsire|84/100 psn
|
|-weather|none
|-heal|p2a: Quagsire|90/100 psn|[from] item: Leftovers
|-damage|p2a: Quagsire|78/100 psn|[from] psn
|upkeep
|turn|6
|inactive|pult61a Zip has 120 seconds left.
|
|t:|1626851716
|move|p1a: Silvally|U-turn|p2a: Quagsire
|-damage|p2a: Quagsire|64/100 psn
|
|t:|1626851719
|switch|p1a: Gigalith|Gigalith, M|100/100|[from]move: U-turn
|-weather|Sandstorm|[from] ability: Sand Stream|[of] p1a: Gigalith
|move|p2a: Quagsire|Earthquake|p1a: Gigalith
|-supereffective|p1a: Gigalith
|-damage|p1a: Gigalith|52/100
|
|-weather|Sandstorm|[upkeep]
|-end|p1a: Gigalith|move: Future Sight
|-damage|p1a: Gigalith|19/100
|-heal|p2a: Quagsire|71/100 psn|[from] item: Leftovers
|-heal|p1a: Gigalith|25/100|[from] item: Leftovers
|-damage|p2a: Quagsire|58/100 psn|[from] psn
|upkeep
|turn|7
|inactive|pult61a Zip has 90 seconds left.
|
|t:|1626851742
|switch|p1a: Gourgeist|Gourgeist, M|100/100
|-item|p2a: Quagsire|Leftovers|[from] ability: Frisk|[of] p1a: Gourgeist|[identify]
|move|p2a: Quagsire|Recover|p2a: Quagsire
|-heal|p2a: Quagsire|100/100 psn
|
|-weather|Sandstorm|[upkeep]
|-damage|p1a: Gourgeist|95/100|[from] Sandstorm
|-damage|p2a: Quagsire|88/100 psn|[from] psn
|upkeep
|turn|8
|inactive|pult61a Zip has 90 seconds left.
|
|t:|1626851765
|switch|p2a: Whimsicott|Whimsicott, F, shiny|100/100
|move|p1a: Gourgeist|Poltergeist|p2a: Whimsicott
|-activate|p2a: Whimsicott|move: Poltergeist|Heavy-Duty Boots
|-damage|p2a: Whimsicott|16/100
|
|-weather|Sandstorm|[upkeep]
|-damage|p2a: Whimsicott|10/100|[from] Sandstorm
|-damage|p1a: Gourgeist|89/100|[from] Sandstorm
|upkeep
|turn|9
|
|t:|1626851781
|switch|p1a: Silvally|Silvally-Steel|100/100
|move|p2a: Whimsicott|Knock Off|p1a: Silvally
|-damage|p1a: Silvally|90/100
|
|-weather|Sandstorm|[upkeep]
|-damage|p2a: Whimsicott|4/100|[from] Sandstorm
|upkeep
|turn|10
|
|t:|1626851801
|move|p2a: Whimsicott|Moonblast|p1a: Silvally
|-resisted|p1a: Silvally
|-damage|p1a: Silvally|75/100
|move|p1a: Silvally|U-turn|p2a: Whimsicott
|-damage|p2a: Whimsicott|0 fnt
|faint|p2a: Whimsicott
|
|t:|1626851811
|switch|p1a: Gigalith|Gigalith, M|25/100|[from]move: U-turn
|
|-weather|none
|-heal|p1a: Gigalith|31/100|[from] item: Leftovers
|upkeep
|inactive|pult61a Zip has 60 seconds left.
|
|t:|1626851835
|switch|p2a: Togedemaru|Togedemaru, M|100/100
|turn|11
|
|t:|1626851839
|move|p1a: Gigalith|Protect|p1a: Gigalith
|-singleturn|p1a: Gigalith|Protect
|move|p2a: Togedemaru|Iron Head|p1a: Gigalith
|-activate|p1a: Gigalith|move: Protect
|
|-heal|p1a: Gigalith|37/100|[from] item: Leftovers
|upkeep
|turn|12
|
|t:|1626851846
|switch|p1a: Sandslash|Sandslash, F|100/100
|move|p2a: Togedemaru|U-turn|p1a: Sandslash
|-damage|p1a: Sandslash|84/100
|
|t:|1626851865
|switch|p2a: Articuno|Articuno-Galar|88/100|[from]move: U-turn
|
|-heal|p1a: Sandslash|90/100|[from] item: Leftovers
|upkeep
|turn|13
|
|t:|1626851873
|switch|p1a: Silvally|Silvally-Steel|75/100
|move|p2a: Articuno|Freezing Glare|p1a: Silvally
|-resisted|p1a: Silvally
|-damage|p1a: Silvally|48/100
|
|upkeep
|turn|14
|
|t:|1626851885
|move|p1a: Silvally|Multi-Attack|p2a: Articuno
|-damage|p2a: Articuno|39/100
|move|p2a: Articuno|Future Sight|p1a: Silvally
|-start|p2a: Articuno|move: Future Sight
|
|upkeep
|turn|15
|
|t:|1626851892
|switch|p2a: Quagsire|Quagsire, M|88/100 psn
|move|p1a: Silvally|U-turn|p2a: Quagsire
|-damage|p2a: Quagsire|73/100 psn
|
|t:|1626851898
|switch|p1a: Gourgeist|Gourgeist, M|89/100|[from]move: U-turn
|-item|p2a: Quagsire|Leftovers|[from] ability: Frisk|[of] p1a: Gourgeist|[identify]
|
|-heal|p2a: Quagsire|79/100 psn|[from] item: Leftovers
|-damage|p2a: Quagsire|67/100 psn|[from] psn
|upkeep
|turn|16
|inactive|pult61a Zip has 90 seconds left.
|
|t:|1626851913
|move|p1a: Gourgeist|Power Whip|p2a: Quagsire|[miss]
|-miss|p1a: Gourgeist|p2a: Quagsire
|move|p2a: Quagsire|Ice Punch|p1a: Gourgeist
|-supereffective|p1a: Gourgeist
|-damage|p1a: Gourgeist|56/100
|
|-end|p1a: Gourgeist|move: Future Sight
|-damage|p1a: Gourgeist|0 fnt
|faint|p1a: Gourgeist
|-heal|p2a: Quagsire|73/100 psn|[from] item: Leftovers
|-damage|p2a: Quagsire|60/100 psn|[from] psn
|upkeep
|
|t:|1626851920
|switch|p1a: Ribombee|Ribombee, M|100/100
|turn|17
|inactive|pult61a Zip has 90 seconds left.
|
|t:|1626851940
|switch|p2a: Togedemaru|Togedemaru, M|100/100
|move|p1a: Ribombee|Moonblast|p2a: Togedemaru
|-resisted|p2a: Togedemaru
|-damage|p2a: Togedemaru|83/100
|
|-heal|p2a: Togedemaru|89/100|[from] item: Leftovers
|upkeep
|turn|18
|
|t:|1626851950
|move|p1a: Ribombee|U-turn|p2a: Togedemaru
|-resisted|p2a: Togedemaru
|-damage|p2a: Togedemaru|78/100
|-damage|p1a: Ribombee|88/100|[from] ability: Iron Barbs|[of] p2a: Togedemaru
|
|t:|1626851952
|switch|p1a: Weezing|Weezing, M|66/100|[from]move: U-turn
|move|p2a: Togedemaru|Wish|p2a: Togedemaru
|
|-heal|p2a: Togedemaru|84/100|[from] item: Leftovers
|upkeep
|turn|19
|inactive|pult61a Zip has 90 seconds left.
|
|t:|1626851969
|switch|p2a: Articuno|Articuno-Galar|39/100
|move|p1a: Weezing|Toxic Spikes|p2a: Articuno
|-sidestart|p2: pult61a Zip|move: Toxic Spikes
|
|-heal|p2a: Articuno|82/100|[from] move: Wish|[wisher] Togedemaru
|upkeep
|turn|20
|
|t:|1626851992
|switch|p1a: Gigalith|Gigalith, M|37/100
|-weather|Sandstorm|[from] ability: Sand Stream|[of] p1a: Gigalith
|move|p2a: Articuno|Future Sight|p1a: Gigalith
|-start|p2a: Articuno|move: Future Sight
|
|-weather|Sandstorm|[upkeep]
|-damage|p2a: Articuno|76/100|[from] Sandstorm
|-heal|p1a: Gigalith|43/100|[from] item: Leftovers
|upkeep
|turn|21
|
|t:|1626852004
|switch|p2a: Palossand|Palossand, F, shiny|100/100
|-status|p2a: Palossand|tox
|move|p1a: Gigalith|Rock Blast|p2a: Palossand|[miss]
|-miss|p1a: Gigalith|p2a: Palossand
|
|-weather|Sandstorm|[upkeep]
|-heal|p1a: Gigalith|49/100|[from] item: Leftovers
|-damage|p2a: Palossand|94/100 tox|[from] psn
|upkeep
|turn|22
|
|t:|1626852016
|move|p1a: Gigalith|Protect|p1a: Gigalith
|-singleturn|p1a: Gigalith|Protect
|move|p2a: Palossand|Stealth Rock|p1a: Gigalith
|-sidestart|p1: pult61a turt|move: Stealth Rock
|
|-weather|Sandstorm|[upkeep]
|-end|p1a: Gigalith|move: Future Sight
|-damage|p1a: Gigalith|19/100
|-heal|p1a: Gigalith|25/100|[from] item: Leftovers
|-damage|p2a: Palossand|82/100 tox|[from] psn
|upkeep
|turn|23
|inactive|pult61a Zip has 60 seconds left.
|
|t:|1626852038
|switch|p1a: Ribombee|Ribombee, M|88/100
|move|p2a: Palossand|Earth Power|p1a: Ribombee
|-resisted|p1a: Ribombee
|-damage|p1a: Ribombee|62/100
|
|-weather|Sandstorm|[upkeep]
|-damage|p1a: Ribombee|56/100|[from] Sandstorm
|-damage|p2a: Palossand|64/100 tox|[from] psn
|upkeep
|turn|24
|
|t:|1626852055
|switch|p2a: Togedemaru|Togedemaru, M|84/100
|move|p1a: Ribombee|U-turn|p2a: Togedemaru
|-resisted|p2a: Togedemaru
|-damage|p2a: Togedemaru|74/100
|-damage|p1a: Ribombee|43/100|[from] ability: Iron Barbs|[of] p2a: Togedemaru
|
|t:|1626852057
|switch|p1a: Sandslash|Sandslash, F|90/100|[from]move: U-turn
|-damage|p1a: Sandslash|84/100|[from] Stealth Rock
|
|-weather|none
|-heal|p1a: Sandslash|90/100|[from] item: Leftovers
|-heal|p2a: Togedemaru|80/100|[from] item: Leftovers
|upkeep
|turn|25
|inactive|pult61a Zip has 60 seconds left.
|
|t:|1626852082
|switch|p2a: Articuno|Articuno-Galar|76/100
|move|p1a: Sandslash|Knock Off|p2a: Articuno
|-supereffective|p2a: Articuno
|-damage|p2a: Articuno|17/100
|-enditem|p2a: Articuno|Heavy-Duty Boots|[from] move: Knock Off|[of] p1a: Sandslash
|
|-heal|p1a: Sandslash|97/100|[from] item: Leftovers
|upkeep
|turn|26
|inactive|pult61a Zip has 60 seconds left.
|
|t:|1626852098
|switch|p1a: Silvally|Silvally-Steel|48/100
|-damage|p1a: Silvally|42/100|[from] Stealth Rock
|move|p2a: Articuno|Recover|p2a: Articuno
|-heal|p2a: Articuno|68/100
|
|upkeep
|turn|27
|
|t:|1626852114
|switch|p2a: Togedemaru|Togedemaru, M|80/100
|move|p1a: Silvally|U-turn|p2a: Togedemaru
|-resisted|p2a: Togedemaru
|-damage|p2a: Togedemaru|66/100
|-damage|p1a: Silvally|30/100|[from] ability: Iron Barbs|[of] p2a: Togedemaru
|
|t:|1626852129
|switch|p1a: Sandslash|Sandslash, F|97/100|[from]move: U-turn
|-damage|p1a: Sandslash|90/100|[from] Stealth Rock
|
|-heal|p2a: Togedemaru|72/100|[from] item: Leftovers
|-heal|p1a: Sandslash|97/100|[from] item: Leftovers
|upkeep
|turn|28
|
|t:|1626852154
|move|p2a: Togedemaru|Spiky Shield|p2a: Togedemaru
|-singleturn|p2a: Togedemaru|move: Protect
|move|p1a: Sandslash|Stone Edge|p2a: Togedemaru
|-activate|p2a: Togedemaru|move: Protect
|
|-heal|p2a: Togedemaru|78/100|[from] item: Leftovers
|-heal|p1a: Sandslash|100/100|[from] item: Leftovers
|upkeep
|turn|29
|
|t:|1626852165
|switch|p2a: Palossand|Palossand, F, shiny|64/100 tox
|move|p1a: Sandslash|Stone Edge|p2a: Palossand
|-resisted|p2a: Palossand
|-damage|p2a: Palossand|51/100 tox
|
|-damage|p2a: Palossand|45/100 tox|[from] psn
|upkeep
|turn|30
|
|t:|1626852174
|move|p1a: Sandslash|Swords Dance|p1a: Sandslash
|-boost|p1a: Sandslash|atk|2
|move|p2a: Palossand|Shore Up|p2a: Palossand
|-heal|p2a: Palossand|95/100 tox
|
|-damage|p2a: Palossand|82/100 tox|[from] psn
|upkeep
|turn|31
|
|t:|1626852179
|move|p1a: Sandslash|Earthquake|p2a: Palossand
|-damage|p2a: Palossand|4/100 tox
|move|p2a: Palossand|Toxic|p1a: Sandslash
|-status|p1a: Sandslash|tox
|
|-damage|p1a: Sandslash|94/100 tox|[from] psn
|-damage|p2a: Palossand|0 fnt|[from] psn
|faint|p2a: Palossand
|upkeep
|
|t:|1626852185
|switch|p2a: Quagsire|Quagsire, M|60/100 psn
|turn|32
|
|t:|1626852195
|move|p1a: Sandslash|Earthquake|p2a: Quagsire
|-damage|p2a: Quagsire|27/100 psn
|move|p2a: Quagsire|Recover|p2a: Quagsire
|-heal|p2a: Quagsire|77/100 psn
|
|-heal|p1a: Sandslash|100/100 tox|[from] item: Leftovers
|-heal|p2a: Quagsire|83/100 psn|[from] item: Leftovers
|-damage|p1a: Sandslash|88/100 tox|[from] psn
|-damage|p2a: Quagsire|71/100 psn|[from] psn
|upkeep
|turn|33
|inactive|pult61a Zip has 60 seconds left.
|
|t:|1626852208
|switch|p1a: Ribombee|Ribombee, M|43/100
|move|p2a: Quagsire|Recover|p2a: Quagsire
|-heal|p2a: Quagsire|100/100 psn
|
|-damage|p2a: Quagsire|88/100 psn|[from] psn
|upkeep
|turn|34
|inactive|pult61a Zip has 60 seconds left.
|
|t:|1626852216
|switch|p2a: Togedemaru|Togedemaru, M|78/100
|move|p1a: Ribombee|Moonblast|p2a: Togedemaru
|-resisted|p2a: Togedemaru
|-damage|p2a: Togedemaru|60/100
|-unboost|p2a: Togedemaru|spa|1
|
|-heal|p2a: Togedemaru|66/100|[from] item: Leftovers
|upkeep
|turn|35
|inactive|pult61a Zip has 60 seconds left.
|
|t:|1626852230
|switch|p1a: Weezing|Weezing, M|66/100
|-damage|p1a: Weezing|54/100|[from] Stealth Rock
|move|p2a: Togedemaru|Wish|p2a: Togedemaru
|
|-heal|p2a: Togedemaru|72/100|[from] item: Leftovers
|upkeep
|turn|36
|inactive|pult61a Zip has 60 seconds left.
|
|t:|1626852243
|move|p2a: Togedemaru|U-turn|p1a: Weezing
|-resisted|p1a: Weezing
|-damage|p1a: Weezing|49/100
|inactive|pult61a Zip has 60 seconds left.
|
|t:|1626852248
|switch|p2a: Articuno|Articuno-Galar|68/100|[from]move: U-turn
|move|p1a: Weezing|Sludge Bomb|p2a: Articuno
|-damage|p2a: Articuno|45/100
|
|-heal|p2a: Articuno|88/100|[from] move: Wish|[wisher] Togedemaru
|upkeep
|turn|37
|inactive|pult61a Zip has 60 seconds left.
|inactive|pult61a turt has 120 seconds left.
|
|t:|1626852290
|move|p2a: Articuno|Freezing Glare|p1a: Weezing
|-supereffective|p1a: Weezing
|-damage|p1a: Weezing|0 fnt
|faint|p1a: Weezing
|
|upkeep
|
|t:|1626852292
|switch|p1a: Silvally|Silvally-Steel|30/100
|-damage|p1a: Silvally|24/100|[from] Stealth Rock
|turn|38
|inactive|pult61a Zip has 60 seconds left.
|
|t:|1626852320
|move|p1a: Silvally|Swords Dance|p1a: Silvally
|-boost|p1a: Silvally|atk|2
|move|p2a: Articuno|U-turn|p1a: Silvally
|-resisted|p1a: Silvally
|-damage|p1a: Silvally|17/100
|
|t:|1626852328
|switch|p2a: Passimian|Passimian, M|88/100|[from]move: U-turn
|-status|p2a: Passimian|tox
|
|-damage|p2a: Passimian|82/100 tox|[from] psn
|upkeep
|turn|39
|
|t:|1626852342
|switch|p1a: Gigalith|Gigalith, M|25/100
|-damage|p1a: Gigalith|13/100|[from] Stealth Rock
|-weather|Sandstorm|[from] ability: Sand Stream|[of] p1a: Gigalith
|move|p2a: Passimian|Close Combat|p1a: Gigalith
|-supereffective|p1a: Gigalith
|-damage|p1a: Gigalith|0 fnt
|-unboost|p2a: Passimian|def|1
|-unboost|p2a: Passimian|spd|1
|faint|p1a: Gigalith
|
|-weather|Sandstorm|[upkeep]
|-damage|p2a: Passimian|76/100 tox|[from] Sandstorm
|-damage|p2a: Passimian|64/100 tox|[from] psn
|upkeep
|inactive|pult61a turt has 120 seconds left.
|-message|pult61a turt forfeited.
|
|win|pult61a Zip
|raw|pult61a turt's rating: 1416 &rarr; <strong>1390</strong><br />(-26 for losing)
|raw|pult61a Zip's rating: 1317 &rarr; <strong>1343</strong><br />(+26 for winning)
|l|☆pult61a turt
