|j|☆tuvwaggert
|j|☆ayo bb
|t:|1619610000
|gametype|singles
|player|p1|tuvwaggert|2|1334
|player|p2|ayo bb|102|1529
|teamsize|p1|6
|teamsize|p2|6
|gen|8
|tier|[Gen 8] PU
|rated|
|clearpoke
|poke|p1|Kabutops, F|
|poke|p1|Gourgeist-*, F|
|poke|p1|Orbeetle, M|
|poke|p1|Piloswine, F|
|poke|p1|Altaria, F|
|poke|p1|Electivire, F|
|poke|p2|Drednaw, M|
|poke|p2|Gigalith, F|
|poke|p2|Aromatisse, F|
|poke|p2|Stunfisk-Galar, F|
|poke|p2|Flapple, F|
|poke|p2|Golbat, M|
|rule|Sleep Clause Mod: Limit one foe put to sleep
|rule|Species Clause: Limit one of each Pokémon
|rule|OHKO Clause: OHKO moves are banned
|rule|Evasion Moves Clause: Evasion moves are banned
|rule|Endless Battle Clause: Forcing endless battles is banned
|rule|HP Percentage Mod: HP is shown in percentages
|rule|Dynamax Clause: You cannot dynamax
|teampreview
|
|t:|1619610012
|start
|switch|p1a: Gourgeist|Gourgeist-Small, F|100/100
|switch|p2a: Drednaw|Drednaw, M|100/100
|-item|p2a: Drednaw|Choice Band|[from] ability: Frisk|[of] p1a: Gourgeist|[identify]
|turn|1
|
|t:|1619610019
|switch|p2a: Golbat|Golbat, M|100/100
|move|p1a: Gourgeist|Power Whip|p2a: Golbat
|-resisted|p2a: Golbat
|-damage|p2a: Golbat|90/100
|
|upkeep
|turn|2
|
|t:|1619610040
|switch|p1a: Electivire|Electivire, F|100/100
|move|p2a: Golbat|Toxic|p1a: Electivire
|-status|p1a: Electivire|tox
|
|-damage|p1a: Electivire|94/100 tox|[from] psn
|upkeep
|turn|3
|
|t:|1619610054
|switch|p2a: Stunfisk|Stunfisk-Galar, F|100/100
|move|p1a: Electivire|Earthquake|p2a: Stunfisk
|-supereffective|p2a: Stunfisk
|-damage|p2a: Stunfisk|70/100
|
|-heal|p2a: Stunfisk|76/100|[from] item: Leftovers
|-damage|p1a: Electivire|82/100 tox|[from] psn
|upkeep
|turn|4
|
|t:|1619610085
|switch|p1a: Kabutops|Kabutops, F|100/100
|move|p2a: Stunfisk|Snap Trap|p1a: Kabutops
|-supereffective|p1a: Kabutops
|-damage|p1a: Kabutops|68/100
|-activate|p1a: Kabutops|move: Snap Trap|[of] p2a: Stunfisk
|
|-heal|p2a: Stunfisk|82/100|[from] item: Leftovers
|-damage|p1a: Kabutops|56/100|[from] move: Snap Trap|[partiallytrapped]
|upkeep
|turn|5
|
|t:|1619610094
|move|p2a: Stunfisk|Protect|p2a: Stunfisk
|-singleturn|p2a: Stunfisk|Protect
|move|p1a: Kabutops|Swords Dance|p1a: Kabutops
|-boost|p1a: Kabutops|atk|2
|
|-heal|p2a: Stunfisk|89/100|[from] item: Leftovers
|-damage|p1a: Kabutops|44/100|[from] move: Snap Trap|[partiallytrapped]
|upkeep
|turn|6
|
|t:|1619610107
|switch|p2a: Aromatisse|Aromatisse, F|100/100
|move|p1a: Kabutops|Aqua Tail|p2a: Aromatisse
|-damage|p2a: Aromatisse|34/100
|
|-end|p1a: Kabutops|Snap Trap|[partiallytrapped]|[silent]
|upkeep
|turn|7
|
|t:|1619610116
|move|p1a: Kabutops|Aqua Tail|p2a: Aromatisse
|-damage|p2a: Aromatisse|0 fnt
|faint|p2a: Aromatisse
|
|upkeep
|
|t:|1619610119
|switch|p2a: Flapple|Flapple, F|100/100
|turn|8
|
|t:|1619610141
|switch|p1a: Orbeetle|Orbeetle, M|100/100
|-item|p2a: Flapple|Black Glasses|[from] ability: Frisk|[of] p1a: Orbeetle|[identify]
|move|p2a: Flapple|Sucker Punch||[still]
|-fail|p2a: Flapple
|
|upkeep
|turn|9
|
|t:|1619610154
|switch|p1a: Gourgeist|Gourgeist-Small, F|100/100
|-item|p2a: Flapple|Black Glasses|[from] ability: Frisk|[of] p1a: Gourgeist|[identify]
|switch|p2a: Drednaw|Drednaw, M|100/100
|
|upkeep
|turn|10
|
|t:|1619610161
|switch|p2a: Golbat|Golbat, M|90/100
|move|p1a: Gourgeist|Power Whip|p2a: Golbat
|-resisted|p2a: Golbat
|-damage|p2a: Golbat|80/100
|
|upkeep
|turn|11
|
|t:|1619610178
|switch|p1a: Electivire|Electivire, F|82/100 tox
|switch|p2a: Gigalith|Gigalith, F|100/100
|-weather|Sandstorm|[from] ability: Sand Stream|[of] p2a: Gigalith
|
|-weather|Sandstorm|[upkeep]
|-damage|p1a: Electivire|76/100 tox|[from] Sandstorm
|-damage|p1a: Electivire|70/100 tox|[from] psn
|upkeep
|turn|12
|
|t:|1619610200
|move|p1a: Electivire|Volt Switch|p2a: Gigalith
|-damage|p2a: Gigalith|86/100
|
|t:|1619610203
|switch|p1a: Piloswine|Piloswine, F|100/100|[from]move: Volt Switch
|move|p2a: Gigalith|Stealth Rock|p1a: Piloswine
|-sidestart|p1: tuvwaggert|move: Stealth Rock
|
|-weather|Sandstorm|[upkeep]
|-heal|p2a: Gigalith|92/100|[from] item: Leftovers
|upkeep
|turn|13
|
|t:|1619610212
|move|p1a: Piloswine|Stealth Rock|p2a: Gigalith
|-sidestart|p2: ayo bb|move: Stealth Rock
|move|p2a: Gigalith|Toxic|p1a: Piloswine
|-status|p1a: Piloswine|tox
|
|-weather|Sandstorm|[upkeep]
|-heal|p2a: Gigalith|98/100|[from] item: Leftovers
|-damage|p1a: Piloswine|94/100 tox|[from] psn
|upkeep
|turn|14
|
|t:|1619610228
|move|p2a: Gigalith|Protect|p2a: Gigalith
|-singleturn|p2a: Gigalith|Protect
|move|p1a: Piloswine|Earthquake|p2a: Gigalith
|-activate|p2a: Gigalith|move: Protect
|
|-weather|Sandstorm|[upkeep]
|-heal|p2a: Gigalith|100/100|[from] item: Leftovers
|-damage|p1a: Piloswine|82/100 tox|[from] psn
|upkeep
|turn|15
|
|t:|1619610239
|move|p1a: Piloswine|Earthquake|p2a: Gigalith
|-supereffective|p2a: Gigalith
|-crit|p2a: Gigalith
|-damage|p2a: Gigalith|4/100
|move|p2a: Gigalith|Rock Blast|p1a: Piloswine
|-damage|p1a: Piloswine|74/100 tox
|-damage|p1a: Piloswine|66/100 tox
|-damage|p1a: Piloswine|58/100 tox
|-hitcount|p1a: Piloswine|3
|
|-weather|none
|-heal|p2a: Gigalith|10/100|[from] item: Leftovers
|-damage|p1a: Piloswine|40/100 tox|[from] psn
|upkeep
|turn|16
|
|t:|1619610252
|move|p2a: Gigalith|Protect|p2a: Gigalith
|-singleturn|p2a: Gigalith|Protect
|move|p1a: Piloswine|Icicle Crash|p2a: Gigalith
|-activate|p2a: Gigalith|move: Protect
|
|-heal|p2a: Gigalith|17/100|[from] item: Leftovers
|-damage|p1a: Piloswine|15/100 tox|[from] psn
|upkeep
|turn|17
|
|t:|1619610261
|move|p1a: Piloswine|Earthquake|p2a: Gigalith
|-supereffective|p2a: Gigalith
|-damage|p2a: Gigalith|0 fnt
|faint|p2a: Gigalith
|
|-damage|p1a: Piloswine|0 fnt|[from] psn
|faint|p1a: Piloswine
|upkeep
|j| Reaty
|
|t:|1619610282
|switch|p1a: Gourgeist|Gourgeist-Small, F|100/100
|switch|p2a: Stunfisk|Stunfisk-Galar, F|89/100
|-damage|p1a: Gourgeist|88/100|[from] Stealth Rock
|-item|p2a: Stunfisk|Leftovers|[from] ability: Frisk|[of] p1a: Gourgeist|[identify]
|-damage|p2a: Stunfisk|86/100|[from] Stealth Rock
|turn|18
|
|t:|1619610308
|move|p2a: Stunfisk|Protect|p2a: Stunfisk
|-singleturn|p2a: Stunfisk|Protect
|move|p1a: Gourgeist|Trick|p2a: Stunfisk
|-activate|p2a: Stunfisk|move: Protect
|
|-heal|p2a: Stunfisk|92/100|[from] item: Leftovers
|upkeep
|turn|19
|
|t:|1619610318
|switch|p1a: Altaria|Altaria, F|100/100
|-damage|p1a: Altaria|75/100|[from] Stealth Rock
|switch|p2a: Flapple|Flapple, F|100/100
|-damage|p2a: Flapple|88/100|[from] Stealth Rock
|
|upkeep
|turn|20
|
|t:|1619610335
|move|p1a: Altaria|Heal Bell|p1a: Altaria
|-activate|p1a: Altaria|move: Heal Bell
|-curestatus|p1: Electivire|tox|[msg]
|move|p2a: Flapple|U-turn|p1a: Altaria|[miss]
|-miss|p2a: Flapple|p1a: Altaria
|
|upkeep
|turn|21
|
|t:|1619610349
|switch|p2a: Drednaw|Drednaw, M|100/100
|-damage|p2a: Drednaw|88/100|[from] Stealth Rock
|move|p1a: Altaria|Dual Wingbeat|p2a: Drednaw
|-resisted|p2a: Drednaw
|-damage|p2a: Drednaw|79/100
|-resisted|p2a: Drednaw
|-damage|p2a: Drednaw|69/100
|-hitcount|p2a: Drednaw|2
|
|upkeep
|turn|22
|
|t:|1619610372
|move|p2a: Drednaw|Crunch|p1a: Altaria
|-damage|p1a: Altaria|3/100
|-unboost|p1a: Altaria|def|1
|move|p1a: Altaria|Dragon Dance|p1a: Altaria
|-boost|p1a: Altaria|atk|1
|-boost|p1a: Altaria|spe|1
|
|upkeep
|turn|23
|
|t:|1619610380
|move|p1a: Altaria|Dragon Claw|p2a: Drednaw
|-damage|p2a: Drednaw|10/100
|move|p2a: Drednaw|Crunch|p1a: Altaria
|-damage|p1a: Altaria|0 fnt
|faint|p1a: Altaria
|
|upkeep
|
|t:|1619610395
|switch|p1a: Orbeetle|Orbeetle, M|100/100
|-damage|p1a: Orbeetle|76/100|[from] Stealth Rock
|-item|p2a: Drednaw|Choice Band|[from] ability: Frisk|[of] p1a: Orbeetle|[identify]
|turn|24
|
|t:|1619610401
|move|p1a: Orbeetle|Bug Buzz|p2a: Drednaw
|-damage|p2a: Drednaw|0 fnt
|faint|p2a: Drednaw
|
|upkeep
|
|t:|1619610414
|switch|p2a: Stunfisk|Stunfisk-Galar, F|92/100
|-damage|p2a: Stunfisk|89/100|[from] Stealth Rock
|turn|25
|
|t:|1619610431
|switch|p1a: Gourgeist|Gourgeist-Small, F|88/100
|-damage|p1a: Gourgeist|76/100|[from] Stealth Rock
|-item|p2a: Stunfisk|Leftovers|[from] ability: Frisk|[of] p1a: Gourgeist|[identify]
|move|p2a: Stunfisk|Yawn|p1a: Gourgeist
|-start|p1a: Gourgeist|move: Yawn|[of] p2a: Stunfisk
|
|-heal|p2a: Stunfisk|95/100|[from] item: Leftovers
|upkeep
|turn|26
|
|t:|1619610451
|switch|p1a: Electivire|Electivire, F|70/100
|-damage|p1a: Electivire|57/100|[from] Stealth Rock
|move|p2a: Stunfisk|Snap Trap|p1a: Electivire
|-damage|p1a: Electivire|44/100
|-activate|p1a: Electivire|move: Snap Trap|[of] p2a: Stunfisk
|
|-heal|p2a: Stunfisk|100/100|[from] item: Leftovers
|-damage|p1a: Electivire|32/100|[from] move: Snap Trap|[partiallytrapped]
|upkeep
|turn|27
|
|t:|1619610475
|move|p1a: Electivire|Earthquake|p2a: Stunfisk
|-supereffective|p2a: Stunfisk
|-damage|p2a: Stunfisk|70/100
|move|p2a: Stunfisk|Earthquake|p1a: Electivire
|-supereffective|p1a: Electivire
|-damage|p1a: Electivire|0 fnt
|faint|p1a: Electivire
|
|-heal|p2a: Stunfisk|76/100|[from] item: Leftovers
|upkeep
|
|t:|1619610503
|switch|p1a: Kabutops|Kabutops, F|44/100
|turn|28
|
|t:|1619610508
|move|p1a: Kabutops|Aqua Tail|p2a: Stunfisk
|-supereffective|p2a: Stunfisk
|-damage|p2a: Stunfisk|22/100
|move|p2a: Stunfisk|Earthquake|p1a: Kabutops
|-supereffective|p1a: Kabutops
|-damage|p1a: Kabutops|0 fnt
|faint|p1a: Kabutops
|
|-heal|p2a: Stunfisk|28/100|[from] item: Leftovers
|upkeep
|
|t:|1619610519
|switch|p1a: Gourgeist|Gourgeist-Small, F|76/100
|-damage|p1a: Gourgeist|64/100|[from] Stealth Rock
|-item|p2a: Stunfisk|Leftovers|[from] ability: Frisk|[of] p1a: Gourgeist|[identify]
|turn|29
|
|t:|1619610526
|move|p2a: Stunfisk|Protect|p2a: Stunfisk
|-singleturn|p2a: Stunfisk|Protect
|move|p1a: Gourgeist|Poltergeist|p2a: Stunfisk
|-activate|p2a: Stunfisk|move: Protect
|
|-heal|p2a: Stunfisk|34/100|[from] item: Leftovers
|upkeep
|turn|30
|
|t:|1619610538
|switch|p2a: Golbat|Golbat, M|80/100
|-damage|p2a: Golbat|55/100|[from] Stealth Rock
|move|p1a: Gourgeist|Poltergeist|p2a: Golbat
|-activate|p2a: Golbat|move: Poltergeist|Eviolite
|-damage|p2a: Golbat|14/100
|
|upkeep
|turn|31
|
|t:|1619610545
|move|p1a: Gourgeist|Poltergeist|p2a: Golbat
|-activate|p2a: Golbat|move: Poltergeist|Eviolite
|-damage|p2a: Golbat|0 fnt
|faint|p2a: Golbat
|
|upkeep
|
|t:|1619610549
|switch|p2a: Flapple|Flapple, F|88/100
|-damage|p2a: Flapple|76/100|[from] Stealth Rock
|turn|32
|
|t:|1619610563
|move|p2a: Flapple|Sucker Punch|p1a: Gourgeist
|-supereffective|p1a: Gourgeist
|-damage|p1a: Gourgeist|0 fnt
|faint|p1a: Gourgeist
|
|upkeep
|j| Acorn69
|
|t:|1619610568
|switch|p1a: Orbeetle|Orbeetle, M|76/100
|-damage|p1a: Orbeetle|51/100|[from] Stealth Rock
|-item|p2a: Flapple|Black Glasses|[from] ability: Frisk|[of] p1a: Orbeetle|[identify]
|turn|33
|l| Acorn69
|
|t:|1619610577
|move|p2a: Flapple|Sucker Punch||[still]
|-fail|p2a: Flapple
|move|p1a: Orbeetle|Calm Mind|p1a: Orbeetle
|-boost|p1a: Orbeetle|spa|1
|-boost|p1a: Orbeetle|spd|1
|
|upkeep
|turn|34
|
|t:|1619610584
|move|p2a: Flapple|Sucker Punch||[still]
|-fail|p2a: Flapple
|move|p1a: Orbeetle|Calm Mind|p1a: Orbeetle
|-boost|p1a: Orbeetle|spa|1
|-boost|p1a: Orbeetle|spd|1
|
|upkeep
|turn|35
|
|t:|1619610590
|move|p1a: Orbeetle|Bug Buzz|p2a: Flapple
|-supereffective|p2a: Flapple
|-damage|p2a: Flapple|0 fnt
|faint|p2a: Flapple
|
|upkeep
|
|t:|1619610591
|switch|p2a: Stunfisk|Stunfisk-Galar, F|34/100
|-damage|p2a: Stunfisk|31/100|[from] Stealth Rock
|turn|36
|
|t:|1619610600
|move|p1a: Orbeetle|Bug Buzz|p2a: Stunfisk
|-resisted|p2a: Stunfisk
|-damage|p2a: Stunfisk|0 fnt
|faint|p2a: Stunfisk
|
|win|tuvwaggert
|raw|tuvwaggert's rating: 1334 &rarr; <strong>1364</strong><br />(+30 for winning)
|raw|ayo bb's rating: 1529 &rarr; <strong>1499</strong><br />(-30 for losing)
|c|☆ayo bb|gg
|c|☆tuvwaggert|gg
|c|☆tuvwaggert|ur gour
|l|☆ayo bb
|c|☆tuvwaggert|i think
