|raw|<div class="broadcast-blue"><strong>This battle is required to be public due to a player having a name starting with 'pult4c1'.</div>
|j|☆Fiddle god
|j|☆pult4c1 shane
|t:|1660937949
|gametype|singles
|player|p1|Fiddle god|169|1351
|player|p2|pult4c1 shane|veteran|1581
|teamsize|p1|6
|teamsize|p2|6
|gen|8
|tier|[Gen 8] PU
|rated|
|rule|Sleep Clause Mod: Limit one foe put to sleep
|rule|Species Clause: Limit one of each Pokémon
|rule|OHKO Clause: OHKO moves are banned
|rule|Evasion Items Clause: Evasion items are banned
|rule|Evasion Moves Clause: Evasion moves are banned
|rule|Endless Battle Clause: Forcing endless battles is banned
|rule|HP Percentage Mod: HP is shown in percentages
|rule|Dynamax Clause: You cannot dynamax
|clearpoke
|poke|p1|Ferroseed, M|
|poke|p1|Uxie|
|poke|p1|Scrafty, F|
|poke|p1|Jellicent, F|
|poke|p1|Whimsicott, F|
|poke|p1|Charizard, M|
|poke|p2|Abomasnow, F|
|poke|p2|Wishiwashi, M|
|poke|p2|Weezing, M|
|poke|p2|Gigalith, M|
|poke|p2|Ribombee, M|
|poke|p2|Charizard, M|
|teampreview
|inactive|Battle timer is ON: inactive players will automatically lose when time's up. (requested by pult4c1 shane)
|inactive|pult4c1 shane has 120 seconds left.
|
|t:|1660937980
|start
|switch|p1a: Uxie|Uxie|100/100
|switch|p2a: Charizard|Charizard, M|100/100
|turn|1
|
|t:|1660937986
|move|p2a: Charizard|Toxic|p1a: Uxie
|-status|p1a: Uxie|tox
|move|p1a: Uxie|Knock Off|p2a: Charizard
|-damage|p2a: Charizard|80/100
|-enditem|p2a: Charizard|Heavy-Duty Boots|[from] move: Knock Off|[of] p1a: Uxie
|
|-damage|p1a: Uxie|94/100 tox|[from] psn
|upkeep
|turn|2
|
|t:|1660937994
|move|p2a: Charizard|Flamethrower|p1a: Uxie
|-damage|p1a: Uxie|70/100 tox
|move|p1a: Uxie|Stealth Rock|p2a: Charizard
|-sidestart|p2: pult4c1 shane|move: Stealth Rock
|
|-damage|p1a: Uxie|57/100 tox|[from] psn
|upkeep
|turn|3
|
|t:|1660938004
|switch|p1a: Jellicent|Jellicent, F|100/100
|move|p2a: Charizard|Defog|p1a: Jellicent
|-unboost|p1a: Jellicent|evasion|1
|-sideend|p2: pult4c1 shane|Stealth Rock|[from] move: Defog|[of] p2a: Charizard
|
|upkeep
|turn|4
|
|t:|1660938020
|switch|p2a: Gigalith|Gigalith, M|100/100
|-weather|Sandstorm|[from] ability: Sand Stream|[of] p2a: Gigalith
|switch|p1a: Uxie|Uxie|57/100 tox
|
|-weather|Sandstorm|[upkeep]
|-damage|p1a: Uxie|51/100 tox|[from] Sandstorm
|-damage|p1a: Uxie|45/100 tox|[from] psn
|upkeep
|turn|5
|
|t:|1660938025
|switch|p2a: Charizard|Charizard, M|80/100
|move|p1a: Uxie|Stealth Rock|p2a: Charizard
|-sidestart|p2: pult4c1 shane|move: Stealth Rock
|
|-weather|Sandstorm|[upkeep]
|-damage|p2a: Charizard|74/100|[from] Sandstorm
|-damage|p1a: Uxie|39/100 tox|[from] Sandstorm
|-damage|p1a: Uxie|26/100 tox|[from] psn
|upkeep
|turn|6
|
|t:|1660938028
|move|p2a: Charizard|Defog|p1a: Uxie
|-unboost|p1a: Uxie|evasion|1
|-sideend|p2: pult4c1 shane|Stealth Rock|[from] move: Defog|[of] p2a: Charizard
|move|p1a: Uxie|U-turn|p2a: Charizard
|-resisted|p2a: Charizard
|-damage|p2a: Charizard|71/100
|
|t:|1660938033
|switch|p1a: Jellicent|Jellicent, F|100/100|[from]move: U-turn
|
|-weather|Sandstorm|[upkeep]
|-damage|p2a: Charizard|65/100|[from] Sandstorm
|-damage|p1a: Jellicent|94/100|[from] Sandstorm
|upkeep
|turn|7
|
|t:|1660938036
|switch|p2a: Abomasnow|Abomasnow, F|100/100
|-weather|Hail|[from] ability: Snow Warning|[of] p2a: Abomasnow
|move|p1a: Jellicent|Scald|p2a: Abomasnow
|-resisted|p2a: Abomasnow
|-damage|p2a: Abomasnow|84/100
|
|-weather|Hail|[upkeep]
|-damage|p1a: Jellicent|88/100|[from] Hail
|upkeep
|turn|8
|
|t:|1660938045
|switch|p1a: Charizard|Charizard, M|100/100
|move|p2a: Abomasnow|Blizzard|p1a: Charizard
|-damage|p1a: Charizard|0 fnt
|faint|p1a: Charizard
|
|-weather|Hail|[upkeep]
|upkeep
|-message|Fiddle god forfeited.
|
|win|pult4c1 shane
|raw|Fiddle god's rating: 1351 &rarr; <strong>1343</strong><br />(-8 for losing)
|raw|pult4c1 shane's rating: 1581 &rarr; <strong>1589</strong><br />(+8 for winning)
|l|☆Fiddle god
