|j|☆Persona111
|j|☆tunguskaevent1908
|t:|1660862892
|gametype|singles
|player|p1|Persona111|byron|1387
|player|p2|tunguskaevent1908|169|1337
|teamsize|p1|6
|teamsize|p2|6
|gen|8
|tier|[Gen 8] PU
|rated|
|rule|Sleep Clause Mod: Limit one foe put to sleep
|rule|Species Clause: Limit one of each Pokémon
|rule|OHKO Clause: OHKO moves are banned
|rule|Evasion Items Clause: Evasion items are banned
|rule|Evasion Moves Clause: Evasion moves are banned
|rule|Endless Battle Clause: Forcing endless battles is banned
|rule|HP Percentage Mod: HP is shown in percentages
|rule|Dynamax Clause: You cannot dynamax
|clearpoke
|poke|p1|Frosmoth, F|
|poke|p1|Sandaconda, M|
|poke|p1|Whimsicott, M|
|poke|p1|Charizard, F|
|poke|p1|Lanturn, M|
|poke|p1|Gallade, M|
|poke|p2|Aromatisse, M|
|poke|p2|Gallade, M|
|poke|p2|Charizard, M|
|poke|p2|Gigalith, M|
|poke|p2|Weezing, M|
|poke|p2|Doublade, F|
|teampreview
|
|t:|1660862915
|start
|switch|p1a: Gallade|Gallade, M|100/100
|switch|p2a: Gallade|Gallade, M|100/100
|turn|1
|
|t:|1660862922
|move|p1a: Gallade|Zen Headbutt|p2a: Gallade
|-damage|p2a: Gallade|30/100
|move|p2a: Gallade|Psycho Cut|p1a: Gallade
|-damage|p1a: Gallade|24/100
|
|upkeep
|turn|2
|
|t:|1660862929
|move|p2a: Gallade|Shadow Sneak|p1a: Gallade
|-supereffective|p1a: Gallade
|-damage|p1a: Gallade|0 fnt
|faint|p1a: Gallade
|
|upkeep
|
|t:|1660862934
|switch|p1a: Whimsicott|Whimsicott, M|100/100
|turn|3
|
|t:|1660862938
|switch|p2a: Gigalith|Gigalith, M|100/100
|-weather|Sandstorm|[from] ability: Sand Stream|[of] p2a: Gigalith
|move|p1a: Whimsicott|U-turn|p2a: Gigalith
|-damage|p2a: Gigalith|93/100
|
|t:|1660862941
|switch|p1a: Sandaconda|Sandaconda, M|100/100|[from]move: U-turn
|
|-weather|Sandstorm|[upkeep]
|-heal|p2a: Gigalith|99/100|[from] item: Leftovers
|upkeep
|turn|4
|
|t:|1660862952
|switch|p2a: Aromatisse|Aromatisse, M|100/100
|move|p1a: Sandaconda|Coil|p1a: Sandaconda
|-boost|p1a: Sandaconda|atk|1
|-boost|p1a: Sandaconda|def|1
|-boost|p1a: Sandaconda|accuracy|1
|
|-weather|Sandstorm|[upkeep]
|-damage|p2a: Aromatisse|94/100|[from] Sandstorm
|-heal|p2a: Aromatisse|100/100|[from] item: Leftovers
|upkeep
|turn|5
|
|t:|1660862957
|move|p1a: Sandaconda|Coil|p1a: Sandaconda
|-boost|p1a: Sandaconda|atk|1
|-boost|p1a: Sandaconda|def|1
|-boost|p1a: Sandaconda|accuracy|1
|move|p2a: Aromatisse|Nasty Plot|p2a: Aromatisse
|-boost|p2a: Aromatisse|spa|2
|
|-weather|Sandstorm|[upkeep]
|-damage|p2a: Aromatisse|94/100|[from] Sandstorm
|-heal|p2a: Aromatisse|100/100|[from] item: Leftovers
|upkeep
|turn|6
|
|t:|1660862961
|move|p1a: Sandaconda|Earthquake|p2a: Aromatisse
|-damage|p2a: Aromatisse|50/100
|move|p2a: Aromatisse|Moonblast|p1a: Sandaconda
|-damage|p1a: Sandaconda|18/100
|
|-weather|Sandstorm|[upkeep]
|-damage|p2a: Aromatisse|43/100|[from] Sandstorm
|-heal|p1a: Sandaconda|24/100|[from] item: Leftovers
|-heal|p2a: Aromatisse|50/100|[from] item: Leftovers
|upkeep
|turn|7
|
|t:|1660862968
|move|p1a: Sandaconda|Earthquake|p2a: Aromatisse
|-damage|p2a: Aromatisse|0 fnt
|faint|p2a: Aromatisse
|
|-weather|none
|-heal|p1a: Sandaconda|30/100|[from] item: Leftovers
|upkeep
|
|t:|1660862970
|switch|p2a: Charizard|Charizard, M|100/100
|turn|8
|
|t:|1660862975
|switch|p1a: Lanturn|Lanturn, M|100/100
|move|p2a: Charizard|Flamethrower|p1a: Lanturn
|-resisted|p1a: Lanturn
|-damage|p1a: Lanturn|90/100
|
|upkeep
|turn|9
|
|t:|1660862983
|move|p2a: Charizard|Toxic|p1a: Lanturn
|-status|p1a: Lanturn|tox
|move|p1a: Lanturn|Scald|p2a: Charizard
|-supereffective|p2a: Charizard
|-damage|p2a: Charizard|24/100
|
|-damage|p1a: Lanturn|84/100 tox|[from] psn
|upkeep
|turn|10
|
|t:|1660862992
|switch|p2a: Gigalith|Gigalith, M|99/100
|-weather|Sandstorm|[from] ability: Sand Stream|[of] p2a: Gigalith
|move|p1a: Lanturn|Scald|p2a: Gigalith
|-supereffective|p2a: Gigalith
|-damage|p2a: Gigalith|67/100
|
|-weather|Sandstorm|[upkeep]
|-damage|p1a: Lanturn|78/100 tox|[from] Sandstorm
|-heal|p2a: Gigalith|73/100|[from] item: Leftovers
|-damage|p1a: Lanturn|65/100 tox|[from] psn
|upkeep
|turn|11
|
|t:|1660863000
|move|p2a: Gigalith|Protect|p2a: Gigalith
|-singleturn|p2a: Gigalith|Protect
|move|p1a: Lanturn|Scald|p2a: Gigalith
|-activate|p2a: Gigalith|move: Protect
|
|-weather|Sandstorm|[upkeep]
|-damage|p1a: Lanturn|59/100 tox|[from] Sandstorm
|-heal|p2a: Gigalith|80/100|[from] item: Leftovers
|-damage|p1a: Lanturn|41/100 tox|[from] psn
|upkeep
|turn|12
|
|t:|1660863002
|move|p1a: Lanturn|Scald|p2a: Gigalith
|-supereffective|p2a: Gigalith
|-damage|p2a: Gigalith|45/100
|-status|p2a: Gigalith|brn
|move|p2a: Gigalith|Stealth Rock|p1a: Lanturn
|-sidestart|p1: Persona111|move: Stealth Rock
|
|-weather|Sandstorm|[upkeep]
|-damage|p1a: Lanturn|34/100 tox|[from] Sandstorm
|-heal|p2a: Gigalith|52/100 brn|[from] item: Leftovers
|-damage|p1a: Lanturn|10/100 tox|[from] psn
|-damage|p2a: Gigalith|45/100 brn|[from] brn
|upkeep
|turn|13
|
|t:|1660863013
|switch|p1a: Whimsicott|Whimsicott, M|100/100
|-damage|p1a: Whimsicott|88/100|[from] Stealth Rock
|move|p2a: Gigalith|Protect||[still]
|-fail|p2a: Gigalith
|
|-weather|Sandstorm|[upkeep]
|-damage|p1a: Whimsicott|82/100|[from] Sandstorm
|-heal|p2a: Gigalith|52/100 brn|[from] item: Leftovers
|-damage|p2a: Gigalith|45/100 brn|[from] brn
|upkeep
|turn|14
|
|t:|1660863020
|switch|p2a: Charizard|Charizard, M|24/100
|move|p1a: Whimsicott|Defog|p2a: Charizard
|-unboost|p2a: Charizard|evasion|1
|-sideend|p1: Persona111|Stealth Rock|[from] move: Defog|[of] p1a: Whimsicott
|
|-weather|none
|upkeep
|turn|15
|
|t:|1660863025
|switch|p1a: Charizard|Charizard, F|100/100
|move|p2a: Charizard|Roost|p2a: Charizard
|-heal|p2a: Charizard|74/100
|-singleturn|p2a: Charizard|move: Roost
|
|upkeep
|turn|16
|
|t:|1660863027
|move|p1a: Charizard|Hurricane|p2a: Charizard
|-damage|p2a: Charizard|14/100
|move|p2a: Charizard|Toxic|p1a: Charizard
|-status|p1a: Charizard|tox
|
|-damage|p1a: Charizard|94/100 tox|[from] psn
|upkeep
|turn|17
|
|t:|1660863033
|switch|p2a: Gigalith|Gigalith, M|45/100 brn
|-weather|Sandstorm|[from] ability: Sand Stream|[of] p2a: Gigalith
|move|p1a: Charizard|Fire Blast|p2a: Gigalith
|-resisted|p2a: Gigalith
|-damage|p2a: Gigalith|33/100 brn
|
|-weather|Sandstorm|[upkeep]
|-damage|p1a: Charizard|88/100 tox|[from] Sandstorm
|-heal|p2a: Gigalith|39/100 brn|[from] item: Leftovers
|-damage|p1a: Charizard|76/100 tox|[from] psn
|-damage|p2a: Gigalith|33/100 brn|[from] brn
|upkeep
|turn|18
|
|t:|1660863041
|switch|p1a: Lanturn|Lanturn, M|10/100 tox
|switch|p2a: Charizard|Charizard, M|14/100
|
|-weather|Sandstorm|[upkeep]
|-damage|p2a: Charizard|8/100|[from] Sandstorm
|-damage|p1a: Lanturn|4/100 tox|[from] Sandstorm
|-damage|p1a: Lanturn|0 fnt|[from] psn
|faint|p1a: Lanturn
|upkeep
|
|t:|1660863048
|switch|p1a: Whimsicott|Whimsicott, M|82/100
|turn|19
|
|t:|1660863054
|switch|p2a: Weezing|Weezing, M|100/100
|-ability|p2a: Weezing|Neutralizing Gas
|move|p1a: Whimsicott|Moonblast|p2a: Weezing
|-resisted|p2a: Weezing
|-damage|p2a: Weezing|62/100
|
|-weather|Sandstorm|[upkeep]
|-damage|p1a: Whimsicott|76/100|[from] Sandstorm
|-damage|p2a: Weezing|56/100|[from] Sandstorm
|-heal|p2a: Weezing|62/100|[from] item: Black Sludge
|upkeep
|turn|20
|
|t:|1660863065
|switch|p1a: Frosmoth|Frosmoth, F|100/100
|move|p2a: Weezing|Will-O-Wisp|p1a: Frosmoth
|-status|p1a: Frosmoth|brn
|
|-weather|Sandstorm|[upkeep]
|-damage|p1a: Frosmoth|94/100 brn|[from] Sandstorm
|-damage|p2a: Weezing|56/100|[from] Sandstorm
|-heal|p2a: Weezing|62/100|[from] item: Black Sludge
|-damage|p1a: Frosmoth|88/100 brn|[from] brn
|upkeep
|turn|21
|
|t:|1660863072
|-end|p2a: Weezing|ability: Neutralizing Gas
|switch|p2a: Doublade|Doublade, F|100/100
|move|p1a: Frosmoth|Ice Beam|p2a: Doublade
|-resisted|p2a: Doublade
|-damage|p2a: Doublade|73/100
|
|-weather|none
|-damage|p1a: Frosmoth|82/100 brn|[from] brn
|upkeep
|turn|22
|
|t:|1660863080
|switch|p1a: Charizard|Charizard, F|76/100 tox
|move|p2a: Doublade|Swords Dance|p2a: Doublade
|-boost|p2a: Doublade|atk|2
|
|-damage|p1a: Charizard|70/100 tox|[from] psn
|upkeep
|turn|23
|
|t:|1660863087
|switch|p2a: Gigalith|Gigalith, M|33/100 brn
|-weather|Sandstorm|[from] ability: Sand Stream|[of] p2a: Gigalith
|move|p1a: Charizard|Fire Blast|p2a: Gigalith
|-resisted|p2a: Gigalith
|-damage|p2a: Gigalith|20/100 brn
|
|-weather|Sandstorm|[upkeep]
|-damage|p1a: Charizard|64/100 tox|[from] Sandstorm
|-heal|p2a: Gigalith|26/100 brn|[from] item: Leftovers
|-damage|p1a: Charizard|52/100 tox|[from] psn
|-damage|p2a: Gigalith|20/100 brn|[from] brn
|upkeep
|turn|24
|
|t:|1660863093
|switch|p1a: Sandaconda|Sandaconda, M|30/100
|move|p2a: Gigalith|Stealth Rock|p1a: Sandaconda
|-sidestart|p1: Persona111|move: Stealth Rock
|
|-weather|Sandstorm|[upkeep]
|-heal|p1a: Sandaconda|36/100|[from] item: Leftovers
|-heal|p2a: Gigalith|26/100 brn|[from] item: Leftovers
|-damage|p2a: Gigalith|20/100 brn|[from] brn
|upkeep
|turn|25
|
|t:|1660863096
|switch|p2a: Charizard|Charizard, M|8/100
|move|p1a: Sandaconda|Rest|p1a: Sandaconda
|-status|p1a: Sandaconda|slp|[from] move: Rest
|-heal|p1a: Sandaconda|100/100 slp|[silent]
|
|-weather|Sandstorm|[upkeep]
|-damage|p2a: Charizard|2/100|[from] Sandstorm
|upkeep
|turn|26
|
|t:|1660863108
|switch|p1a: Charizard|Charizard, F|52/100 tox
|move|p2a: Charizard|Roost|p2a: Charizard
|-heal|p2a: Charizard|52/100
|-singleturn|p2a: Charizard|move: Roost
|
|-weather|Sandstorm|[upkeep]
|-damage|p1a: Charizard|46/100 tox|[from] Sandstorm
|-damage|p2a: Charizard|46/100|[from] Sandstorm
|-damage|p1a: Charizard|40/100 tox|[from] psn
|upkeep
|turn|27
|
|t:|1660863111
|switch|p2a: Gigalith|Gigalith, M|20/100 brn
|move|p1a: Charizard|Hurricane|p2a: Gigalith|[miss]
|-miss|p1a: Charizard|p2a: Gigalith
|
|-weather|none
|-heal|p2a: Gigalith|26/100 brn|[from] item: Leftovers
|-damage|p1a: Charizard|28/100 tox|[from] psn
|-damage|p2a: Gigalith|20/100 brn|[from] brn
|upkeep
|turn|28
|
|t:|1660863118
|move|p1a: Charizard|Hurricane|p2a: Gigalith
|-resisted|p2a: Gigalith
|-damage|p2a: Gigalith|0 fnt
|faint|p2a: Gigalith
|
|-damage|p1a: Charizard|10/100 tox|[from] psn
|upkeep
|
|t:|1660863121
|switch|p2a: Gallade|Gallade, M|30/100
|turn|29
|
|t:|1660863125
|move|p2a: Gallade|Shadow Sneak|p1a: Charizard
|-damage|p1a: Charizard|0 fnt
|faint|p1a: Charizard
|
|upkeep
|
|t:|1660863129
|switch|p1a: Whimsicott|Whimsicott, M|76/100
|-damage|p1a: Whimsicott|64/100|[from] Stealth Rock
|turn|30
|
|t:|1660863132
|switch|p2a: Weezing|Weezing, M|62/100
|-ability|p2a: Weezing|Neutralizing Gas
|move|p1a: Whimsicott|Moonblast|p2a: Weezing
|-resisted|p2a: Weezing
|-damage|p2a: Weezing|27/100
|
|-heal|p2a: Weezing|33/100|[from] item: Black Sludge
|upkeep
|turn|31
|
|t:|1660863139
|move|p1a: Whimsicott|Moonblast|p2a: Weezing
|-resisted|p2a: Weezing
|-damage|p2a: Weezing|0 fnt
|faint|p2a: Weezing
|-end|p2a: Weezing|ability: Neutralizing Gas
|
|upkeep
|
|t:|1660863143
|switch|p2a: Charizard|Charizard, M|46/100
|turn|32
|
|t:|1660863145
|move|p1a: Whimsicott|Moonblast|p2a: Charizard
|-resisted|p2a: Charizard
|-damage|p2a: Charizard|19/100
|-unboost|p2a: Charizard|spa|1
|move|p2a: Charizard|Roost|p2a: Charizard
|-heal|p2a: Charizard|69/100
|-singleturn|p2a: Charizard|move: Roost
|
|upkeep
|turn|33
|
|t:|1660863151
|move|p1a: Whimsicott|Moonblast|p2a: Charizard
|-resisted|p2a: Charizard
|-damage|p2a: Charizard|42/100
|move|p2a: Charizard|Flamethrower|p1a: Whimsicott
|-supereffective|p1a: Whimsicott
|-damage|p1a: Whimsicott|0 fnt
|faint|p1a: Whimsicott
|
|upkeep
|
|t:|1660863157
|switch|p1a: Frosmoth|Frosmoth, F|82/100 brn
|turn|34
|
|t:|1660863160
|switch|p2a: Doublade|Doublade, F|73/100
|move|p1a: Frosmoth|Quiver Dance|p1a: Frosmoth
|-boost|p1a: Frosmoth|spa|1
|-boost|p1a: Frosmoth|spd|1
|-boost|p1a: Frosmoth|spe|1
|
|-damage|p1a: Frosmoth|76/100 brn|[from] brn
|upkeep
|turn|35
|
|t:|1660863168
|move|p1a: Frosmoth|Ice Beam|p2a: Doublade
|-resisted|p2a: Doublade
|-damage|p2a: Doublade|33/100
|move|p2a: Doublade|Shadow Claw|p1a: Frosmoth
|-damage|p1a: Frosmoth|7/100 brn
|
|-damage|p1a: Frosmoth|1/100 brn|[from] brn
|upkeep
|turn|36
|
|t:|1660863173
|move|p2a: Doublade|Shadow Sneak|p1a: Frosmoth
|-damage|p1a: Frosmoth|0 fnt
|faint|p1a: Frosmoth
|
|upkeep
|
|t:|1660863175
|switch|p1a: Sandaconda|Sandaconda, M|100/100 slp
|-damage|p1a: Sandaconda|94/100 slp|[from] Stealth Rock
|turn|37
|
|t:|1660863178
|cant|p1a: Sandaconda|slp
|move|p2a: Doublade|Swords Dance|p2a: Doublade
|-boost|p2a: Doublade|atk|2
|
|-heal|p1a: Sandaconda|100/100 slp|[from] item: Leftovers
|upkeep
|turn|38
|
|t:|1660863181
|cant|p1a: Sandaconda|slp
|move|p2a: Doublade|Shadow Claw|p1a: Sandaconda
|-damage|p1a: Sandaconda|57/100 slp
|
|-activate|p1a: Sandaconda|ability: Shed Skin
|-curestatus|p1a: Sandaconda|slp|[msg]
|-heal|p1a: Sandaconda|63/100|[from] item: Leftovers
|upkeep
|turn|39
|
|t:|1660863191
|move|p1a: Sandaconda|Coil|p1a: Sandaconda
|-boost|p1a: Sandaconda|atk|1
|-boost|p1a: Sandaconda|def|1
|-boost|p1a: Sandaconda|accuracy|1
|move|p2a: Doublade|Shadow Claw|p1a: Sandaconda
|-damage|p1a: Sandaconda|31/100
|
|-heal|p1a: Sandaconda|37/100|[from] item: Leftovers
|upkeep
|turn|40
|
|t:|1660863193
|move|p1a: Sandaconda|Rest|p1a: Sandaconda
|-status|p1a: Sandaconda|slp|[from] move: Rest
|-heal|p1a: Sandaconda|100/100 slp|[silent]
|move|p2a: Doublade|Swords Dance|p2a: Doublade
|-boost|p2a: Doublade|atk|2
|
|-activate|p1a: Sandaconda|ability: Shed Skin
|-curestatus|p1a: Sandaconda|slp|[msg]
|upkeep
|turn|41
|
|t:|1660863197
|move|p2a: Doublade|Shadow Sneak|p1a: Sandaconda
|-damage|p1a: Sandaconda|73/100
|move|p1a: Sandaconda|Earthquake|p2a: Doublade
|-supereffective|p2a: Doublade
|-damage|p2a: Doublade|0 fnt
|faint|p2a: Doublade
|
|-heal|p1a: Sandaconda|79/100|[from] item: Leftovers
|upkeep
|
|t:|1660863201
|switch|p2a: Charizard|Charizard, M|42/100
|turn|42
|
|t:|1660863204
|move|p2a: Charizard|Flamethrower|p1a: Sandaconda
|-damage|p1a: Sandaconda|36/100
|move|p1a: Sandaconda|Stone Edge|p2a: Charizard
|-supereffective|p2a: Charizard
|-damage|p2a: Charizard|0 fnt
|faint|p2a: Charizard
|
|-heal|p1a: Sandaconda|42/100|[from] item: Leftovers
|upkeep
|
|t:|1660863208
|switch|p2a: Gallade|Gallade, M|30/100
|turn|43
|
|t:|1660863210
|move|p2a: Gallade|Close Combat|p1a: Sandaconda
|-damage|p1a: Sandaconda|9/100
|-unboost|p2a: Gallade|def|1
|-unboost|p2a: Gallade|spd|1
|move|p1a: Sandaconda|Earthquake|p2a: Gallade
|-damage|p2a: Gallade|0 fnt
|faint|p2a: Gallade
|
|win|Persona111
|raw|Persona111's rating: 1387 &rarr; <strong>1404</strong><br />(+17 for winning)
|raw|tunguskaevent1908's rating: 1337 &rarr; <strong>1320</strong><br />(-17 for losing)
|l|☆tunguskaevent1908
