|j|☆Rune Groavthier
|j|☆allstarapology
|player|p1|Rune Groavthier|waitress|1296
|player|p2|allstarapology|shelly|1561
|teamsize|p1|6
|teamsize|p2|6
|gametype|singles
|gen|8
|tier|[Gen 8] PU
|rated|
|clearpoke
|poke|p1|Stunfisk, F|
|poke|p1|Basculin, M|
|poke|p1|Falinks|
|poke|p1|Mr. Rime, M|
|poke|p1|Silvally-*|
|poke|p1|Mareanie, M|
|poke|p2|Glaceon, F|
|poke|p2|Vibrava, F|
|poke|p2|Mawile, M|
|poke|p2|Hitmontop, M|
|poke|p2|Silvally-*|
|poke|p2|Mr. Mime, M|
|rule|Sleep Clause Mod: Limit one foe put to sleep
|rule|Species Clause: Limit one of each Pokémon
|rule|OHKO Clause: OHKO moves are banned
|rule|Evasion Moves Clause: Evasion moves are banned
|rule|Endless Battle Clause: Forcing endless battles is banned
|rule|HP Percentage Mod: HP is shown in percentages
|rule|Dynamax Clause: You cannot dynamax
|teampreview
|inactive|Battle timer is ON: inactive players will automatically lose when time's up. (requested by allstarapology)
|
|start
|switch|p1a: Basculin|Basculin, M|100/100
|switch|p2a: Silvally|Silvally-Grass|100/100
|turn|1
|
|switch|p1a: Silvally|Silvally-Bug|100/100
|switch|p2a: Mawile|Mawile, M|100/100
|-ability|p2a: Mawile|Intimidate|boost
|-unboost|p1a: Silvally|atk|1
|
|upkeep
|turn|2
|
|switch|p1a: Stunfisk|Stunfisk, F|100/100
|move|p2a: Mawile|Stealth Rock|p1a: Stunfisk
|-sidestart|p1: Rune Groavthier|move: Stealth Rock
|
|upkeep
|turn|3
|
|switch|p2a: Glaceon|Glaceon, F|100/100
|move|p1a: Stunfisk|Toxic|p2a: Glaceon
|-status|p2a: Glaceon|tox
|
|-damage|p2a: Glaceon|95/100 tox|[from] psn
|upkeep
|turn|4
|
|switch|p1a: Mr. Rime|Mr. Rime, M|100/100
|move|p2a: Glaceon|Shadow Ball|p1a: Mr. Rime
|-supereffective|p1a: Mr. Rime
|-damage|p1a: Mr. Rime|0 fnt
|faint|p1a: Mr. Rime
|
|-damage|p2a: Glaceon|83/100 tox|[from] psn
|upkeep
|j| Lockjaw
|
|switch|p1a: Falinks|Falinks|100/100
|-damage|p1a: Falinks|95/100|[from] Stealth Rock
|turn|5
|
|switch|p2a: Vibrava|Vibrava, F|100/100
|move|p1a: Falinks|Swords Dance|p1a: Falinks
|-boost|p1a: Falinks|atk|2
|
|upkeep
|turn|6
|
|move|p1a: Falinks|Close Combat|p2a: Vibrava
|-damage|p2a: Vibrava|10/100
|-unboost|p1a: Falinks|def|1
|-unboost|p1a: Falinks|spd|1
|move|p2a: Vibrava|U-turn|p1a: Falinks
|-resisted|p1a: Falinks
|-damage|p1a: Falinks|84/100
|
|switch|p2a: Mr. Mime|Mr. Mime, M|100/100|[from]move: U-turn
|
|upkeep
|turn|7
|
|switch|p1a: Stunfisk|Stunfisk, F|100/100
|-damage|p1a: Stunfisk|94/100|[from] Stealth Rock
|move|p2a: Mr. Mime|Psychic|p1a: Stunfisk
|-damage|p1a: Stunfisk|69/100
|
|-heal|p1a: Stunfisk|75/100|[from] item: Leftovers
|upkeep
|turn|8
|
|switch|p2a: Silvally|Silvally-Grass|100/100
|move|p1a: Stunfisk|Foul Play|p2a: Silvally
|-damage|p2a: Silvally|78/100
|
|-heal|p1a: Stunfisk|82/100|[from] item: Leftovers
|upkeep
|turn|9
|
|switch|p1a: Mareanie|Mareanie, M|100/100
|-damage|p1a: Mareanie|88/100|[from] Stealth Rock
|move|p2a: Silvally|Substitute|p2a: Silvally
|-start|p2a: Silvally|Substitute
|-damage|p2a: Silvally|53/100
|
|upkeep
|turn|10
|
|move|p2a: Silvally|Swords Dance|p2a: Silvally
|-boost|p2a: Silvally|atk|2
|move|p1a: Mareanie|Toxic Spikes|p2a: Silvally
|-sidestart|p2: allstarapology|move: Toxic Spikes
|
|upkeep
|turn|11
|
|move|p2a: Silvally|Flame Charge|p1a: Mareanie
|-resisted|p1a: Mareanie
|-damage|p1a: Mareanie|78/100
|-boost|p2a: Silvally|spe|1
|move|p1a: Mareanie|Haze|p1a: Mareanie
|-clearallboost
|
|upkeep
|turn|12
|
|move|p2a: Silvally|Swords Dance|p2a: Silvally
|-boost|p2a: Silvally|atk|2
|move|p1a: Mareanie|Toxic Spikes|p2a: Silvally
|-sidestart|p2: allstarapology|move: Toxic Spikes
|
|upkeep
|turn|13
|
|move|p2a: Silvally|Multi-Attack|p1a: Mareanie
|-damage|p1a: Mareanie|8/100
|move|p1a: Mareanie|Haze|p1a: Mareanie
|-clearallboost
|
|upkeep
|turn|14
|
|move|p2a: Silvally|Swords Dance|p2a: Silvally
|-boost|p2a: Silvally|atk|2
|move|p1a: Mareanie|Haze|p1a: Mareanie
|-clearallboost
|
|upkeep
|turn|15
|
|switch|p1a: Silvally|Silvally-Bug|100/100
|-damage|p1a: Silvally|76/100|[from] Stealth Rock
|move|p2a: Silvally|Flame Charge|p1a: Silvally
|-supereffective|p1a: Silvally
|-damage|p1a: Silvally|48/100
|-boost|p2a: Silvally|spe|1
|
|upkeep
|turn|16
|
|move|p2a: Silvally|Flame Charge|p1a: Silvally
|-supereffective|p1a: Silvally
|-damage|p1a: Silvally|17/100
|-boost|p2a: Silvally|spe|1
|move|p1a: Silvally|Multi-Attack|p2a: Silvally
|-supereffective|p2a: Silvally
|-end|p2a: Silvally|Substitute
|
|upkeep
|turn|17
|
|switch|p1a: Stunfisk|Stunfisk, F|82/100
|-damage|p1a: Stunfisk|75/100|[from] Stealth Rock
|move|p2a: Silvally|Substitute|p2a: Silvally
|-start|p2a: Silvally|Substitute
|-damage|p2a: Silvally|28/100
|
|-heal|p1a: Stunfisk|82/100|[from] item: Leftovers
|upkeep
|turn|18
|
|move|p2a: Silvally|Swords Dance|p2a: Silvally
|-boost|p2a: Silvally|atk|2
|move|p1a: Stunfisk|Foul Play|p2a: Silvally
|-end|p2a: Silvally|Substitute
|
|-heal|p1a: Stunfisk|88/100|[from] item: Leftovers
|upkeep
|turn|19
|
|move|p2a: Silvally|Multi-Attack|p1a: Stunfisk
|-supereffective|p1a: Stunfisk
|-damage|p1a: Stunfisk|0 fnt
|faint|p1a: Stunfisk
|
|upkeep
|
|switch|p1a: Falinks|Falinks|84/100
|-damage|p1a: Falinks|78/100|[from] Stealth Rock
|turn|20
|
|move|p2a: Silvally|Multi-Attack|p1a: Falinks
|-damage|p1a: Falinks|0 fnt
|faint|p1a: Falinks
|
|upkeep
|
|switch|p1a: Basculin|Basculin, M|100/100
|-damage|p1a: Basculin|88/100|[from] Stealth Rock
|turn|21
|
|move|p1a: Basculin|Aqua Jet|p2a: Silvally
|-resisted|p2a: Silvally
|-damage|p2a: Silvally|19/100
|-damage|p1a: Basculin|78/100|[from] item: Life Orb
|move|p2a: Silvally|Multi-Attack|p1a: Basculin
|-supereffective|p1a: Basculin
|-damage|p1a: Basculin|0 fnt
|faint|p1a: Basculin
|
|upkeep
|-message|Rune Groavthier forfeited.
|
|win|allstarapology
|l|☆Rune Groavthier
|l| Lockjaw
