|j|☆Vy8
|j|☆EWQW
|t:|1619871725
|gametype|singles
|player|p1|Vy8|fantina|1335
|player|p2|EWQW|falkner|1342
|teamsize|p1|6
|teamsize|p2|6
|gen|8
|tier|[Gen 8] PU
|rated|
|clearpoke
|poke|p1|Jellicent, F|
|poke|p1|Lurantis, F|
|poke|p1|Toxicroak, F|
|poke|p1|Uxie|
|poke|p1|Miltank, F|
|poke|p1|Sandaconda, M|
|poke|p2|Audino, F|
|poke|p2|Unfezant, M|
|poke|p2|Pyukumuku, M|
|poke|p2|Runerigus, M|
|poke|p2|Vespiquen, F|
|poke|p2|Eldegoss, F|
|rule|Sleep Clause Mod: Limit one foe put to sleep
|rule|Species Clause: Limit one of each Pokémon
|rule|OHKO Clause: OHKO moves are banned
|rule|Evasion Moves Clause: Evasion moves are banned
|rule|Endless Battle Clause: Forcing endless battles is banned
|rule|HP Percentage Mod: HP is shown in percentages
|rule|Dynamax Clause: You cannot dynamax
|teampreview
|
|t:|1619871736
|start
|switch|p1a: Sandaconda|Sandaconda, M|100/100
|switch|p2a: Unfezant|Unfezant, M|100/100
|turn|1
|
|t:|1619871742
|switch|p2a: Runerigus|Runerigus, M|100/100
|move|p1a: Sandaconda|Stealth Rock|p2a: Runerigus
|-sidestart|p2: EWQW|move: Stealth Rock
|
|upkeep
|turn|2
|
|t:|1619871749
|move|p1a: Sandaconda|Earthquake|p2a: Runerigus
|-damage|p2a: Runerigus|80/100
|move|p2a: Runerigus|Stealth Rock|p1a: Sandaconda
|-sidestart|p1: Vy8|move: Stealth Rock
|
|-heal|p2a: Runerigus|86/100|[from] item: Leftovers
|upkeep
|turn|3
|
|t:|1619871752
|move|p1a: Sandaconda|Earthquake|p2a: Runerigus
|-damage|p2a: Runerigus|65/100
|move|p2a: Runerigus|Iron Defense|p2a: Runerigus
|-boost|p2a: Runerigus|def|2
|
|-heal|p2a: Runerigus|72/100|[from] item: Leftovers
|upkeep
|turn|4
|
|t:|1619871785
|switch|p1a: Jellicent|Jellicent, F|100/100
|-damage|p1a: Jellicent|88/100|[from] Stealth Rock
|move|p2a: Runerigus|Will-O-Wisp|p1a: Jellicent|[miss]
|-miss|p2a: Runerigus|p1a: Jellicent
|
|-heal|p2a: Runerigus|78/100|[from] item: Leftovers
|upkeep
|turn|5
|
|t:|1619871790
|switch|p2a: Eldegoss|Eldegoss, F|100/100
|-damage|p2a: Eldegoss|88/100|[from] Stealth Rock
|move|p1a: Jellicent|Water Spout|p2a: Eldegoss
|-resisted|p2a: Eldegoss
|-damage|p2a: Eldegoss|59/100
|
|upkeep
|turn|6
|
|t:|1619871798
|switch|p1a: Uxie|Uxie|100/100
|-damage|p1a: Uxie|88/100|[from] Stealth Rock
|switch|p2a: Audino|Audino, F|100/100
|-damage|p2a: Audino|88/100|[from] Stealth Rock
|
|-heal|p1a: Uxie|94/100|[from] item: Leftovers
|-heal|p2a: Audino|94/100|[from] item: Leftovers
|upkeep
|turn|7
|
|t:|1619871806
|move|p2a: Audino|Protect|p2a: Audino
|-singleturn|p2a: Audino|Protect
|move|p1a: Uxie|Knock Off|p2a: Audino
|-activate|p2a: Audino|move: Protect
|
|-heal|p1a: Uxie|100/100|[from] item: Leftovers
|-heal|p2a: Audino|99/100|[from] item: Leftovers
|upkeep
|turn|8
|
|t:|1619871821
|move|p1a: Uxie|Knock Off|p2a: Audino
|-damage|p2a: Audino|86/100
|-enditem|p2a: Audino|Leftovers|[from] move: Knock Off|[of] p1a: Uxie
|move|p2a: Audino|Toxic|p1a: Uxie
|-status|p1a: Uxie|tox
|
|-damage|p1a: Uxie|94/100 tox|[from] psn
|upkeep
|turn|9
|
|t:|1619871828
|move|p2a: Audino|Protect|p2a: Audino
|-singleturn|p2a: Audino|Protect
|move|p1a: Uxie|Toxic|p2a: Audino
|-activate|p2a: Audino|move: Protect
|
|-heal|p1a: Uxie|100/100 tox|[from] item: Leftovers
|-damage|p1a: Uxie|88/100 tox|[from] psn
|upkeep
|turn|10
|
|t:|1619871833
|switch|p2a: Unfezant|Unfezant, M|100/100
|-damage|p2a: Unfezant|76/100|[from] Stealth Rock
|move|p1a: Uxie|U-turn|p2a: Unfezant
|-resisted|p2a: Unfezant
|-damage|p2a: Unfezant|68/100
|
|t:|1619871838
|switch|p1a: Sandaconda|Sandaconda, M|100/100|[from]move: U-turn
|-damage|p1a: Sandaconda|94/100|[from] Stealth Rock
|
|upkeep
|turn|11
|
|t:|1619871842
|switch|p2a: Eldegoss|Eldegoss, F|92/100
|-damage|p2a: Eldegoss|80/100|[from] Stealth Rock
|move|p1a: Sandaconda|Rock Blast|p2a: Eldegoss
|-damage|p2a: Eldegoss|73/100
|-damage|p2a: Eldegoss|66/100
|-damage|p2a: Eldegoss|59/100
|-damage|p2a: Eldegoss|53/100
|-damage|p2a: Eldegoss|45/100
|-hitcount|p2a: Eldegoss|5
|
|upkeep
|turn|12
|
|t:|1619871851
|switch|p1a: Toxicroak|Toxicroak, F|100/100
|-damage|p1a: Toxicroak|94/100|[from] Stealth Rock
|move|p2a: Eldegoss|Giga Drain|p1a: Toxicroak
|-resisted|p1a: Toxicroak
|-damage|p1a: Toxicroak|79/100
|-heal|p2a: Eldegoss|52/100|[from] drain|[of] p1a: Toxicroak
|
|upkeep
|turn|13
|
|t:|1619871856
|switch|p2a: Pyukumuku|Pyukumuku, M|100/100
|-damage|p2a: Pyukumuku|88/100|[from] Stealth Rock
|move|p1a: Toxicroak|Knock Off|p2a: Pyukumuku
|-damage|p2a: Pyukumuku|67/100
|-enditem|p2a: Pyukumuku|Leftovers|[from] move: Knock Off|[of] p1a: Toxicroak
|
|upkeep
|turn|14
|
|t:|1619871868
|switch|p1a: Lurantis|Lurantis, F|100/100
|move|p2a: Pyukumuku|Recover|p2a: Pyukumuku
|-heal|p2a: Pyukumuku|100/100
|
|upkeep
|turn|15
|
|t:|1619871874
|switch|p2a: Vespiquen|Vespiquen, F|100/100
|-ability|p2a: Vespiquen|Pressure
|move|p1a: Lurantis|Defog|p2a: Vespiquen
|-unboost|p2a: Vespiquen|evasion|1
|-sideend|p2: EWQW|Stealth Rock|[from] move: Defog|[of] p1a: Lurantis
|-sideend|p1: Vy8|Stealth Rock|[from] move: Defog|[of] p1a: Lurantis
|
|upkeep
|turn|16
|
|t:|1619871879
|switch|p1a: Sandaconda|Sandaconda, M|94/100
|move|p2a: Vespiquen|Toxic Spikes|p1a: Sandaconda
|-sidestart|p1: Vy8|move: Toxic Spikes
|
|upkeep
|turn|17
|
|t:|1619871886
|switch|p2a: Eldegoss|Eldegoss, F|85/100
|move|p1a: Sandaconda|Stealth Rock|p2a: Eldegoss
|-sidestart|p2: EWQW|move: Stealth Rock
|
|upkeep
|turn|18
|
|t:|1619871890
|switch|p1a: Toxicroak|Toxicroak, F|79/100
|-sideend|p1: Vy8|move: Toxic Spikes|[of] p1a: Toxicroak
|move|p2a: Eldegoss|Leech Seed|p1a: Toxicroak
|-start|p1a: Toxicroak|move: Leech Seed
|
|-damage|p1a: Toxicroak|66/100|[from] Leech Seed|[of] p2a: Eldegoss
|-heal|p2a: Eldegoss|97/100|[silent]
|upkeep
|turn|19
|
|t:|1619871895
|switch|p1a: Jellicent|Jellicent, F|88/100
|switch|p2a: Runerigus|Runerigus, M|78/100
|-damage|p2a: Runerigus|72/100|[from] Stealth Rock
|
|-heal|p2a: Runerigus|78/100|[from] item: Leftovers
|upkeep
|turn|20
|
|t:|1619871901
|switch|p2a: Eldegoss|Eldegoss, F|100/100
|-damage|p2a: Eldegoss|88/100|[from] Stealth Rock
|move|p1a: Jellicent|Water Spout|p2a: Eldegoss
|-resisted|p2a: Eldegoss
|-damage|p2a: Eldegoss|61/100
|
|upkeep
|turn|21
|
|t:|1619871917
|switch|p1a: Uxie|Uxie|88/100 tox
|move|p2a: Eldegoss|Giga Drain|p1a: Uxie
|-damage|p1a: Uxie|72/100 tox
|-heal|p2a: Eldegoss|70/100|[from] drain|[of] p1a: Uxie
|
|-heal|p1a: Uxie|79/100 tox|[from] item: Leftovers
|-damage|p1a: Uxie|72/100 tox|[from] psn
|upkeep
|turn|22
|
|t:|1619871922
|switch|p2a: Audino|Audino, F|100/100
|-damage|p2a: Audino|88/100|[from] Stealth Rock
|move|p1a: Uxie|U-turn|p2a: Audino
|-damage|p2a: Audino|78/100
|
|t:|1619871930
|switch|p1a: Lurantis|Lurantis, F|100/100|[from]move: U-turn
|
|upkeep
|turn|23
|
|t:|1619871938
|switch|p2a: Vespiquen|Vespiquen, F|100/100
|-ability|p2a: Vespiquen|Pressure
|move|p1a: Lurantis|Superpower|p2a: Vespiquen
|-resisted|p2a: Vespiquen
|-damage|p2a: Vespiquen|96/100
|-boost|p1a: Lurantis|atk|1
|-boost|p1a: Lurantis|def|1
|
|upkeep
|turn|24
|
|t:|1619871943
|switch|p1a: Sandaconda|Sandaconda, M|94/100
|move|p2a: Vespiquen|Toxic Spikes|p1a: Sandaconda
|-sidestart|p1: Vy8|move: Toxic Spikes
|
|upkeep
|turn|25
|
|t:|1619871947
|switch|p2a: Eldegoss|Eldegoss, F|100/100
|-damage|p2a: Eldegoss|88/100|[from] Stealth Rock
|move|p1a: Sandaconda|Rock Blast|p2a: Eldegoss
|-damage|p2a: Eldegoss|81/100
|-damage|p2a: Eldegoss|74/100
|-damage|p2a: Eldegoss|67/100
|-crit|p2a: Eldegoss
|-damage|p2a: Eldegoss|55/100
|-damage|p2a: Eldegoss|48/100
|-hitcount|p2a: Eldegoss|5
|
|upkeep
|turn|26
|
|t:|1619871957
|move|p1a: Sandaconda|Rock Blast|p2a: Eldegoss
|-damage|p2a: Eldegoss|40/100
|-damage|p2a: Eldegoss|34/100
|-hitcount|p2a: Eldegoss|2
|move|p2a: Eldegoss|Giga Drain|p1a: Sandaconda
|-supereffective|p1a: Sandaconda
|-damage|p1a: Sandaconda|35/100
|-heal|p2a: Eldegoss|65/100|[from] drain|[of] p1a: Sandaconda
|
|upkeep
|turn|27
|
|t:|1619871967
|switch|p1a: Toxicroak|Toxicroak, F|66/100
|-sideend|p1: Vy8|move: Toxic Spikes|[of] p1a: Toxicroak
|move|p2a: Eldegoss|Leech Seed|p1a: Toxicroak
|-start|p1a: Toxicroak|move: Leech Seed
|
|-damage|p1a: Toxicroak|54/100|[from] Leech Seed|[of] p2a: Eldegoss
|-heal|p2a: Eldegoss|77/100|[silent]
|upkeep
|turn|28
|
|t:|1619871979
|switch|p2a: Vespiquen|Vespiquen, F|96/100
|-ability|p2a: Vespiquen|Pressure
|move|p1a: Toxicroak|Knock Off|p2a: Vespiquen
|-crit|p2a: Vespiquen
|-damage|p2a: Vespiquen|63/100
|-enditem|p2a: Vespiquen|Heavy-Duty Boots|[from] move: Knock Off|[of] p1a: Toxicroak
|
|-damage|p1a: Toxicroak|42/100|[from] Leech Seed|[of] p2a: Vespiquen
|-heal|p2a: Vespiquen|74/100|[silent]
|upkeep
|turn|29
|
|t:|1619871985
|switch|p1a: Sandaconda|Sandaconda, M|35/100
|move|p2a: Vespiquen|Toxic Spikes|p1a: Sandaconda
|-sidestart|p1: Vy8|move: Toxic Spikes
|
|upkeep
|turn|30
|
|t:|1619871992
|switch|p2a: Eldegoss|Eldegoss, F|100/100
|-damage|p2a: Eldegoss|88/100|[from] Stealth Rock
|move|p1a: Sandaconda|Rest|p1a: Sandaconda
|-status|p1a: Sandaconda|slp|[from] move: Rest
|-heal|p1a: Sandaconda|100/100 slp|[silent]
|
|-activate|p1a: Sandaconda|ability: Shed Skin
|-curestatus|p1a: Sandaconda|slp|[msg]
|upkeep
|turn|31
|
|t:|1619871996
|switch|p1a: Lurantis|Lurantis, F|100/100
|move|p2a: Eldegoss|Rapid Spin|p1a: Lurantis
|-damage|p1a: Lurantis|96/100
|-boost|p2a: Eldegoss|spe|1
|-sideend|p2: EWQW|Stealth Rock|[from] move: Rapid Spin|[of] p2a: Eldegoss
|
|upkeep
|turn|32
|
|t:|1619872002
|switch|p2a: Vespiquen|Vespiquen, F|74/100
|-ability|p2a: Vespiquen|Pressure
|switch|p1a: Toxicroak|Toxicroak, F|42/100
|-sideend|p1: Vy8|move: Toxic Spikes|[of] p1a: Toxicroak
|
|upkeep
|turn|33
|
|t:|1619872008
|switch|p1a: Sandaconda|Sandaconda, M|100/100
|move|p2a: Vespiquen|Attack Order|p1a: Sandaconda
|-damage|p1a: Sandaconda|86/100
|
|upkeep
|turn|34
|
|t:|1619872010
|switch|p2a: Eldegoss|Eldegoss, F|100/100
|move|p1a: Sandaconda|Stealth Rock|p2a: Eldegoss
|-sidestart|p2: EWQW|move: Stealth Rock
|
|upkeep
|turn|35
|
|t:|1619872015
|switch|p1a: Miltank|Miltank, F|100/100
|move|p2a: Eldegoss|Rapid Spin|p1a: Miltank
|-damage|p1a: Miltank|98/100
|-boost|p2a: Eldegoss|spe|1
|-damage|p2a: Eldegoss|84/100|[from] item: Rocky Helmet|[of] p1a: Miltank
|-sideend|p2: EWQW|Stealth Rock|[from] move: Rapid Spin|[of] p2a: Eldegoss
|
|upkeep
|turn|36
|
|t:|1619872023
|switch|p2a: Audino|Audino, F|100/100
|move|p1a: Miltank|Heal Bell|p1a: Miltank
|-activate|p1a: Miltank|move: Heal Bell
|-curestatus|p1: Uxie|tox|[msg]
|
|upkeep
|turn|37
|
|t:|1619872030
|switch|p2a: Unfezant|Unfezant, M|68/100
|move|p1a: Miltank|Toxic|p2a: Unfezant
|-status|p2a: Unfezant|tox
|
|-damage|p2a: Unfezant|62/100 tox|[from] psn
|upkeep
|turn|38
|
|t:|1619872036
|switch|p2a: Audino|Audino, F|100/100
|move|p1a: Miltank|Toxic|p2a: Audino
|-status|p2a: Audino|tox
|
|-damage|p2a: Audino|94/100 tox|[from] psn
|upkeep
|turn|39
|
|t:|1619872041
|switch|p1a: Sandaconda|Sandaconda, M|86/100
|move|p2a: Audino|Heal Bell|p2a: Audino
|-activate|p2a: Audino|move: Heal Bell
|-curestatus|p2a: Audino|tox|[msg]
|-curestatus|p2: Unfezant|tox|[msg]
|
|upkeep
|turn|40
|
|t:|1619872045
|switch|p2a: Eldegoss|Eldegoss, F|100/100
|move|p1a: Sandaconda|Stealth Rock|p2a: Eldegoss
|-sidestart|p2: EWQW|move: Stealth Rock
|
|upkeep
|turn|41
|
|t:|1619872050
|switch|p1a: Uxie|Uxie|72/100
|move|p2a: Eldegoss|Giga Drain|p1a: Uxie
|-damage|p1a: Uxie|58/100
|
|-heal|p1a: Uxie|64/100|[from] item: Leftovers
|upkeep
|turn|42
|
|t:|1619872056
|switch|p2a: Audino|Audino, F|100/100
|-damage|p2a: Audino|88/100|[from] Stealth Rock
|move|p1a: Uxie|U-turn|p2a: Audino
|-damage|p2a: Audino|78/100
|
|t:|1619872059
|switch|p1a: Toxicroak|Toxicroak, F|42/100|[from]move: U-turn
|
|upkeep
|turn|43
|
|t:|1619872063
|switch|p2a: Runerigus|Runerigus, M|78/100
|-damage|p2a: Runerigus|72/100|[from] Stealth Rock
|move|p1a: Toxicroak|Drain Punch|p2a: Runerigus
|-immune|p2a: Runerigus
|
|-heal|p2a: Runerigus|78/100|[from] item: Leftovers
|upkeep
|turn|44
|
|t:|1619872068
|switch|p1a: Jellicent|Jellicent, F|88/100
|move|p2a: Runerigus|Will-O-Wisp|p1a: Jellicent
|-status|p1a: Jellicent|brn
|
|-heal|p2a: Runerigus|84/100|[from] item: Leftovers
|-damage|p1a: Jellicent|82/100 brn|[from] brn
|upkeep
|turn|45
|
|t:|1619872073
|switch|p2a: Eldegoss|Eldegoss, F|100/100
|-damage|p2a: Eldegoss|88/100|[from] Stealth Rock
|move|p1a: Jellicent|Ice Beam|p2a: Eldegoss
|-supereffective|p2a: Eldegoss
|-damage|p2a: Eldegoss|33/100
|
|-damage|p1a: Jellicent|76/100 brn|[from] brn
|upkeep
|turn|46
|
|t:|1619872079
|switch|p1a: Miltank|Miltank, F|98/100
|switch|p2a: Audino|Audino, F|100/100
|-damage|p2a: Audino|88/100|[from] Stealth Rock
|
|upkeep
|turn|47
|
|t:|1619872082
|switch|p2a: Eldegoss|Eldegoss, F|66/100
|-damage|p2a: Eldegoss|54/100|[from] Stealth Rock
|move|p1a: Miltank|Toxic|p2a: Eldegoss
|-status|p2a: Eldegoss|tox
|
|-damage|p2a: Eldegoss|47/100 tox|[from] psn
|upkeep
|turn|48
|
|t:|1619872094
|switch|p2a: Audino|Audino, F|100/100
|-damage|p2a: Audino|88/100|[from] Stealth Rock
|move|p1a: Miltank|Heal Bell|p1a: Miltank
|-activate|p1a: Miltank|move: Heal Bell
|-curestatus|p1: Jellicent|brn|[msg]
|
|upkeep
|turn|49
|
|t:|1619872099
|switch|p1a: Sandaconda|Sandaconda, M|86/100
|switch|p2a: Eldegoss|Eldegoss, F|81/100 tox
|-damage|p2a: Eldegoss|68/100 tox|[from] Stealth Rock
|
|-damage|p2a: Eldegoss|62/100 tox|[from] psn
|upkeep
|turn|50
|
|t:|1619872109
|switch|p1a: Lurantis|Lurantis, F|96/100
|move|p2a: Eldegoss|Giga Drain|p1a: Lurantis
|-resisted|p1a: Lurantis
|-damage|p1a: Lurantis|87/100
|-heal|p2a: Eldegoss|67/100 tox|[from] drain|[of] p1a: Lurantis
|
|-damage|p2a: Eldegoss|55/100 tox|[from] psn
|upkeep
|turn|51
|
|t:|1619872117
|switch|p1a: Toxicroak|Toxicroak, F|42/100
|move|p2a: Eldegoss|Rapid Spin|p1a: Toxicroak
|-damage|p1a: Toxicroak|34/100
|-boost|p2a: Eldegoss|spe|1
|-sideend|p2: EWQW|Stealth Rock|[from] move: Rapid Spin|[of] p2a: Eldegoss
|
|-damage|p2a: Eldegoss|36/100 tox|[from] psn
|upkeep
|turn|52
|
|t:|1619872126
|switch|p2a: Vespiquen|Vespiquen, F|74/100
|-ability|p2a: Vespiquen|Pressure
|move|p1a: Toxicroak|Knock Off|p2a: Vespiquen
|-damage|p2a: Vespiquen|59/100
|
|upkeep
|turn|53
|
|t:|1619872132
|switch|p1a: Sandaconda|Sandaconda, M|86/100
|move|p2a: Vespiquen|Toxic Spikes|p1a: Sandaconda
|-sidestart|p1: Vy8|move: Toxic Spikes
|
|upkeep
|turn|54
|
|t:|1619872136
|move|p1a: Sandaconda|Stealth Rock|p2a: Vespiquen
|-sidestart|p2: EWQW|move: Stealth Rock
|move|p2a: Vespiquen|Roost|p2a: Vespiquen
|-heal|p2a: Vespiquen|100/100
|-singleturn|p2a: Vespiquen|move: Roost
|
|upkeep
|turn|55
|
|t:|1619872143
|switch|p2a: Eldegoss|Eldegoss, F|69/100 tox
|-damage|p2a: Eldegoss|57/100 tox|[from] Stealth Rock
|move|p1a: Sandaconda|Rock Blast|p2a: Eldegoss
|-damage|p2a: Eldegoss|50/100 tox
|-damage|p2a: Eldegoss|42/100 tox
|-damage|p2a: Eldegoss|36/100 tox
|-hitcount|p2a: Eldegoss|3
|
|-damage|p2a: Eldegoss|30/100 tox|[from] psn
|upkeep
|turn|56
|
|t:|1619872155
|switch|p1a: Toxicroak|Toxicroak, F|34/100
|-sideend|p1: Vy8|move: Toxic Spikes|[of] p1a: Toxicroak
|switch|p2a: Runerigus|Runerigus, M|84/100
|-damage|p2a: Runerigus|78/100|[from] Stealth Rock
|
|-heal|p2a: Runerigus|84/100|[from] item: Leftovers
|upkeep
|turn|57
|
|t:|1619872164
|switch|p1a: Jellicent|Jellicent, F|76/100
|move|p2a: Runerigus|Will-O-Wisp|p1a: Jellicent
|-status|p1a: Jellicent|brn
|
|-heal|p2a: Runerigus|90/100|[from] item: Leftovers
|-damage|p1a: Jellicent|70/100 brn|[from] brn
|upkeep
|turn|58
|
|t:|1619872169
|switch|p2a: Audino|Audino, F|100/100
|-damage|p2a: Audino|88/100|[from] Stealth Rock
|move|p1a: Jellicent|Giga Drain|p2a: Audino
|-damage|p2a: Audino|65/100
|-heal|p1a: Jellicent|84/100 brn|[from] drain|[of] p2a: Audino
|
|-damage|p1a: Jellicent|78/100 brn|[from] brn
|upkeep
|turn|59
|
|t:|1619872176
|switch|p1a: Uxie|Uxie|64/100
|switch|p2a: Eldegoss|Eldegoss, F|63/100 tox
|-damage|p2a: Eldegoss|50/100 tox|[from] Stealth Rock
|
|-heal|p1a: Uxie|70/100|[from] item: Leftovers
|-damage|p2a: Eldegoss|44/100 tox|[from] psn
|upkeep
|turn|60
|
|t:|1619872182
|switch|p2a: Audino|Audino, F|98/100
|-damage|p2a: Audino|86/100|[from] Stealth Rock
|move|p1a: Uxie|U-turn|p2a: Audino
|-damage|p2a: Audino|75/100
|
|t:|1619872185
|switch|p1a: Toxicroak|Toxicroak, F|34/100|[from]move: U-turn
|
|upkeep
|turn|61
|
|t:|1619872190
|move|p2a: Audino|Protect|p2a: Audino
|-singleturn|p2a: Audino|Protect
|move|p1a: Toxicroak|Drain Punch|p2a: Audino
|-activate|p2a: Audino|move: Protect
|
|upkeep
|turn|62
|
|t:|1619872197
|switch|p1a: Lurantis|Lurantis, F|87/100
|switch|p2a: Runerigus|Runerigus, M|90/100
|-damage|p2a: Runerigus|84/100|[from] Stealth Rock
|
|-heal|p2a: Runerigus|90/100|[from] item: Leftovers
|upkeep
|turn|63
|
|t:|1619872207
|switch|p1a: Sandaconda|Sandaconda, M|86/100
|switch|p2a: Vespiquen|Vespiquen, F|100/100
|-damage|p2a: Vespiquen|51/100|[from] Stealth Rock
|-ability|p2a: Vespiquen|Pressure
|
|upkeep
|turn|64
|
|t:|1619872212
|switch|p2a: Runerigus|Runerigus, M|90/100
|-damage|p2a: Runerigus|84/100|[from] Stealth Rock
|move|p1a: Sandaconda|Rock Blast|p2a: Runerigus
|-resisted|p2a: Runerigus
|-damage|p2a: Runerigus|82/100
|-resisted|p2a: Runerigus
|-damage|p2a: Runerigus|80/100
|-resisted|p2a: Runerigus
|-damage|p2a: Runerigus|79/100
|-hitcount|p2a: Runerigus|3
|
|-heal|p2a: Runerigus|85/100|[from] item: Leftovers
|upkeep
|turn|65
|
|t:|1619872217
|switch|p1a: Jellicent|Jellicent, F|78/100 brn
|move|p2a: Runerigus|Stealth Rock|p1a: Jellicent
|-sidestart|p1: Vy8|move: Stealth Rock
|
|-heal|p2a: Runerigus|91/100|[from] item: Leftovers
|-damage|p1a: Jellicent|71/100 brn|[from] brn
|upkeep
|turn|66
|
|t:|1619872224
|switch|p2a: Audino|Audino, F|100/100
|-damage|p2a: Audino|88/100|[from] Stealth Rock
|move|p1a: Jellicent|Giga Drain|p2a: Audino
|-damage|p2a: Audino|68/100
|-heal|p1a: Jellicent|84/100 brn|[from] drain|[of] p2a: Audino
|
|-damage|p1a: Jellicent|78/100 brn|[from] brn
|upkeep
|turn|67
|
|t:|1619872228
|switch|p1a: Sandaconda|Sandaconda, M|86/100
|-damage|p1a: Sandaconda|80/100|[from] Stealth Rock
|switch|p2a: Eldegoss|Eldegoss, F|78/100 tox
|-damage|p2a: Eldegoss|65/100 tox|[from] Stealth Rock
|
|-damage|p2a: Eldegoss|59/100 tox|[from] psn
|upkeep
|turn|68
|
|t:|1619872232
|switch|p1a: Uxie|Uxie|70/100
|-damage|p1a: Uxie|58/100|[from] Stealth Rock
|move|p2a: Eldegoss|Giga Drain|p1a: Uxie
|-damage|p1a: Uxie|42/100
|-heal|p2a: Eldegoss|68/100 tox|[from] drain|[of] p1a: Uxie
|
|-heal|p1a: Uxie|48/100|[from] item: Leftovers
|-damage|p2a: Eldegoss|56/100 tox|[from] psn
|upkeep
|turn|69
|
|t:|1619872235
|switch|p2a: Audino|Audino, F|100/100
|-damage|p2a: Audino|88/100|[from] Stealth Rock
|move|p1a: Uxie|Knock Off|p2a: Audino
|-damage|p2a: Audino|78/100
|
|-heal|p1a: Uxie|54/100|[from] item: Leftovers
|upkeep
|turn|70
|
|t:|1619872240
|move|p1a: Uxie|Toxic|p2a: Audino
|-status|p2a: Audino|tox
|move|p2a: Audino|Toxic|p1a: Uxie
|-status|p1a: Uxie|tox
|
|-heal|p1a: Uxie|61/100 tox|[from] item: Leftovers
|-damage|p1a: Uxie|54/100 tox|[from] psn
|-damage|p2a: Audino|72/100 tox|[from] psn
|upkeep
|turn|71
|
|t:|1619872246
|switch|p1a: Sandaconda|Sandaconda, M|80/100
|-damage|p1a: Sandaconda|74/100|[from] Stealth Rock
|move|p2a: Audino|Heal Bell|p2a: Audino
|-activate|p2a: Audino|move: Heal Bell
|-curestatus|p2a: Audino|tox|[msg]
|-curestatus|p2: Eldegoss|tox|[msg]
|
|upkeep
|turn|72
|
|t:|1619872254
|switch|p1a: Lurantis|Lurantis, F|87/100
|switch|p2a: Eldegoss|Eldegoss, F|89/100
|-damage|p2a: Eldegoss|77/100|[from] Stealth Rock
|
|upkeep
|turn|73
|
|t:|1619872262
|move|p2a: Eldegoss|Rapid Spin|p1a: Lurantis
|-damage|p1a: Lurantis|82/100
|-boost|p2a: Eldegoss|spe|1
|-sideend|p2: EWQW|Stealth Rock|[from] move: Rapid Spin|[of] p2a: Eldegoss
|move|p1a: Lurantis|Defog|p2a: Eldegoss
|-unboost|p2a: Eldegoss|evasion|1
|-sideend|p1: Vy8|Stealth Rock|[from] move: Defog|[of] p1a: Lurantis
|
|upkeep
|turn|74
|
|t:|1619872269
|switch|p2a: Vespiquen|Vespiquen, F|51/100
|-ability|p2a: Vespiquen|Pressure
|switch|p1a: Sandaconda|Sandaconda, M|74/100
|
|upkeep
|turn|75
|
|t:|1619872274
|switch|p2a: Eldegoss|Eldegoss, F|100/100
|move|p1a: Sandaconda|Rock Blast|p2a: Eldegoss|[miss]
|-miss|p1a: Sandaconda|p2a: Eldegoss
|
|upkeep
|turn|76
|
|t:|1619872279
|switch|p1a: Miltank|Miltank, F|98/100
|move|p2a: Eldegoss|Leech Seed|p1a: Miltank
|-start|p1a: Miltank|move: Leech Seed
|
|-damage|p1a: Miltank|85/100|[from] Leech Seed|[of] p2a: Eldegoss
|upkeep
|turn|77
|
|t:|1619872284
|switch|p1a: Lurantis|Lurantis, F|82/100
|switch|p2a: Vespiquen|Vespiquen, F|51/100
|-ability|p2a: Vespiquen|Pressure
|
|upkeep
|turn|78
|
|t:|1619872287
|switch|p1a: Sandaconda|Sandaconda, M|74/100
|move|p2a: Vespiquen|Roost|p2a: Vespiquen
|-heal|p2a: Vespiquen|100/100
|-singleturn|p2a: Vespiquen|move: Roost
|
|upkeep
|turn|79
|
|t:|1619872290
|switch|p2a: Eldegoss|Eldegoss, F|100/100
|move|p1a: Sandaconda|Stealth Rock|p2a: Eldegoss
|-sidestart|p2: EWQW|move: Stealth Rock
|
|upkeep
|turn|80
|
|t:|1619872295
|switch|p1a: Miltank|Miltank, F|85/100
|move|p2a: Eldegoss|Rapid Spin|p1a: Miltank
|-damage|p1a: Miltank|82/100
|-boost|p2a: Eldegoss|spe|1
|-damage|p2a: Eldegoss|84/100|[from] item: Rocky Helmet|[of] p1a: Miltank
|-sideend|p2: EWQW|Stealth Rock|[from] move: Rapid Spin|[of] p2a: Eldegoss
|
|upkeep
|turn|81
|
|t:|1619872300
|switch|p2a: Unfezant|Unfezant, M|62/100
|move|p1a: Miltank|Toxic|p2a: Unfezant
|-status|p2a: Unfezant|tox
|
|-damage|p2a: Unfezant|56/100 tox|[from] psn
|upkeep
|turn|82
|
|t:|1619872305
|switch|p2a: Audino|Audino, F|100/100
|move|p1a: Miltank|Toxic|p2a: Audino
|-status|p2a: Audino|tox
|
|-damage|p2a: Audino|94/100 tox|[from] psn
|upkeep
|turn|83
|
|t:|1619872312
|switch|p1a: Sandaconda|Sandaconda, M|74/100
|switch|p2a: Vespiquen|Vespiquen, F|100/100
|-ability|p2a: Vespiquen|Pressure
|
|upkeep
|turn|84
|
|t:|1619872318
|switch|p2a: Eldegoss|Eldegoss, F|100/100
|move|p1a: Sandaconda|Stealth Rock|p2a: Eldegoss
|-sidestart|p2: EWQW|move: Stealth Rock
|
|upkeep
|turn|85
|
|t:|1619872321
|switch|p1a: Lurantis|Lurantis, F|82/100
|move|p2a: Eldegoss|Rapid Spin|p1a: Lurantis
|-damage|p1a: Lurantis|77/100
|-boost|p2a: Eldegoss|spe|1
|-sideend|p2: EWQW|Stealth Rock|[from] move: Rapid Spin|[of] p2a: Eldegoss
|
|upkeep
|turn|86
|
|t:|1619872326
|switch|p2a: Vespiquen|Vespiquen, F|100/100
|-ability|p2a: Vespiquen|Pressure
|switch|p1a: Sandaconda|Sandaconda, M|74/100
|
|upkeep
|turn|87
|
|t:|1619872330
|switch|p2a: Eldegoss|Eldegoss, F|100/100
|move|p1a: Sandaconda|Stealth Rock|p2a: Eldegoss
|-sidestart|p2: EWQW|move: Stealth Rock
|
|upkeep
|turn|88
|
|t:|1619872334
|switch|p1a: Lurantis|Lurantis, F|77/100
|move|p2a: Eldegoss|Leech Seed|p1a: Lurantis
|-immune|p1a: Lurantis
|
|upkeep
|turn|89
|
|t:|1619872338
|switch|p1a: Jellicent|Jellicent, F|78/100 brn
|move|p2a: Eldegoss|Rapid Spin|p1a: Jellicent
|-immune|p1a: Jellicent
|
|-damage|p1a: Jellicent|71/100 brn|[from] brn
|upkeep
|turn|90
|
|t:|1619872345
|move|p1a: Jellicent|Ice Beam|p2a: Eldegoss
|-supereffective|p2a: Eldegoss
|-damage|p2a: Eldegoss|44/100
|move|p2a: Eldegoss|Leech Seed|p1a: Jellicent
|-start|p1a: Jellicent|move: Leech Seed
|
|-damage|p1a: Jellicent|59/100 brn|[from] Leech Seed|[of] p2a: Eldegoss
|-heal|p2a: Eldegoss|57/100|[silent]
|-damage|p1a: Jellicent|53/100 brn|[from] brn
|upkeep
|turn|91
|
|t:|1619872350
|switch|p1a: Toxicroak|Toxicroak, F|34/100
|move|p2a: Eldegoss|Giga Drain|p1a: Toxicroak
|-resisted|p1a: Toxicroak
|-damage|p1a: Toxicroak|18/100
|-heal|p2a: Eldegoss|65/100|[from] drain|[of] p1a: Toxicroak
|
|upkeep
|turn|92
|
|t:|1619872359
|switch|p2a: Runerigus|Runerigus, M|91/100
|-damage|p2a: Runerigus|85/100|[from] Stealth Rock
|move|p1a: Toxicroak|Knock Off|p2a: Runerigus
|-supereffective|p2a: Runerigus
|-damage|p2a: Runerigus|47/100
|-activate|p2a: Runerigus|ability: Wandering Spirit|Dry Skin|Wandering Spirit|[of] p1a: Toxicroak
|-enditem|p2a: Runerigus|Leftovers|[from] move: Knock Off|[of] p1a: Toxicroak
|
|upkeep
|turn|93
|
|t:|1619872364
|switch|p1a: Jellicent|Jellicent, F|53/100 brn
|move|p2a: Runerigus|Body Press|p1a: Jellicent
|-immune|p1a: Jellicent
|
|-damage|p1a: Jellicent|47/100 brn|[from] brn
|upkeep
|turn|94
|
|t:|1619872371
|switch|p2a: Audino|Audino, F|100/100 tox
|-damage|p2a: Audino|88/100 tox|[from] Stealth Rock
|move|p1a: Jellicent|Giga Drain|p2a: Audino
|-damage|p2a: Audino|67/100 tox
|-heal|p1a: Jellicent|59/100 brn|[from] drain|[of] p2a: Audino
|
|-damage|p1a: Jellicent|53/100 brn|[from] brn
|-damage|p2a: Audino|61/100 tox|[from] psn
|upkeep
|turn|95
|
|t:|1619872376
|move|p1a: Jellicent|Giga Drain|p2a: Audino
|-damage|p2a: Audino|41/100 tox
|-heal|p1a: Jellicent|66/100 brn|[from] drain|[of] p2a: Audino
|move|p2a: Audino|Heal Bell|p2a: Audino
|-activate|p2a: Audino|move: Heal Bell
|-curestatus|p2a: Audino|tox|[msg]
|-curestatus|p2: Unfezant|tox|[msg]
|
|-damage|p1a: Jellicent|59/100 brn|[from] brn
|upkeep
|turn|96
|
|t:|1619872381
|switch|p1a: Miltank|Miltank, F|82/100
|move|p2a: Audino|Wish|p2a: Audino
|
|upkeep
|turn|97
|
|t:|1619872387
|move|p2a: Audino|Protect|p2a: Audino
|-singleturn|p2a: Audino|Protect
|move|p1a: Miltank|Heal Bell|p1a: Miltank
|-activate|p1a: Miltank|move: Heal Bell
|-curestatus|p1: Jellicent|brn|[msg]
|-curestatus|p1: Uxie|tox|[msg]
|
|-heal|p2a: Audino|91/100|[from] move: Wish|[wisher] Audino
|upkeep
|turn|98
|
|t:|1619872394
|move|p1a: Miltank|Toxic|p2a: Audino
|-status|p2a: Audino|tox
|move|p2a: Audino|Wish|p2a: Audino
|
|-damage|p2a: Audino|85/100 tox|[from] psn
|upkeep
|turn|99
|
|t:|1619872402
|switch|p1a: Toxicroak|Toxicroak, F|18/100
|switch|p2a: Runerigus|Runerigus, M|47/100
|-damage|p2a: Runerigus|41/100|[from] Stealth Rock
|
|-heal|p2a: Runerigus|100/100|[from] move: Wish|[wisher] Audino
|upkeep
|turn|100
|
|t:|1619872408
|switch|p1a: Jellicent|Jellicent, F|59/100
|move|p2a: Runerigus|Body Press|p1a: Jellicent
|-immune|p1a: Jellicent
|
|upkeep
|turn|101
|
|t:|1619872414
|switch|p2a: Audino|Audino, F|100/100 tox
|-damage|p2a: Audino|88/100 tox|[from] Stealth Rock
|move|p1a: Jellicent|Giga Drain|p2a: Audino
|-damage|p2a: Audino|66/100 tox
|-heal|p1a: Jellicent|73/100|[from] drain|[of] p2a: Audino
|
|-damage|p2a: Audino|60/100 tox|[from] psn
|upkeep
|turn|102
|
|t:|1619872423
|move|p1a: Jellicent|Giga Drain|p2a: Audino
|-damage|p2a: Audino|40/100 tox
|-heal|p1a: Jellicent|85/100|[from] drain|[of] p2a: Audino
|move|p2a: Audino|Wish|p2a: Audino
|
|-damage|p2a: Audino|28/100 tox|[from] psn
|upkeep
|turn|103
|inactive|Battle timer is ON: inactive players will automatically lose when time's up. (requested by Vy8)
|
|t:|1619872429
|switch|p2a: Unfezant|Unfezant, M|56/100
|-damage|p2a: Unfezant|32/100|[from] Stealth Rock
|move|p1a: Jellicent|Giga Drain|p2a: Unfezant
|-resisted|p2a: Unfezant
|-damage|p2a: Unfezant|0 fnt
|-heal|p1a: Jellicent|98/100|[from] drain|[of] p2a: Unfezant
|faint|p2a: Unfezant
|
|upkeep
|
|t:|1619872434
|switch|p2a: Eldegoss|Eldegoss, F|98/100
|-damage|p2a: Eldegoss|86/100|[from] Stealth Rock
|turn|104
|
|t:|1619872442
|switch|p1a: Lurantis|Lurantis, F|77/100
|switch|p2a: Audino|Audino, F|61/100 tox
|-damage|p2a: Audino|49/100 tox|[from] Stealth Rock
|
|-damage|p2a: Audino|42/100 tox|[from] psn
|upkeep
|turn|105
|
|t:|1619872447
|switch|p2a: Vespiquen|Vespiquen, F|100/100
|-damage|p2a: Vespiquen|51/100|[from] Stealth Rock
|-ability|p2a: Vespiquen|Pressure
|move|p1a: Lurantis|Superpower|p2a: Vespiquen
|-resisted|p2a: Vespiquen
|-damage|p2a: Vespiquen|46/100
|-boost|p1a: Lurantis|atk|1
|-boost|p1a: Lurantis|def|1
|
|upkeep
|turn|106
|
|t:|1619872457
|switch|p1a: Sandaconda|Sandaconda, M|74/100
|move|p2a: Vespiquen|Roost|p2a: Vespiquen
|-heal|p2a: Vespiquen|96/100
|-singleturn|p2a: Vespiquen|move: Roost
|
|upkeep
|turn|107
|
|t:|1619872462
|switch|p2a: Eldegoss|Eldegoss, F|100/100
|-damage|p2a: Eldegoss|88/100|[from] Stealth Rock
|move|p1a: Sandaconda|Rock Blast|p2a: Eldegoss
|-damage|p2a: Eldegoss|81/100
|-damage|p2a: Eldegoss|74/100
|-damage|p2a: Eldegoss|67/100
|-damage|p2a: Eldegoss|60/100
|-hitcount|p2a: Eldegoss|4
|
|upkeep
|turn|108
|
|t:|1619872468
|switch|p1a: Uxie|Uxie|54/100
|move|p2a: Eldegoss|Giga Drain|p1a: Uxie
|-damage|p1a: Uxie|38/100
|-heal|p2a: Eldegoss|69/100|[from] drain|[of] p1a: Uxie
|
|-heal|p1a: Uxie|44/100|[from] item: Leftovers
|upkeep
|turn|109
|
|t:|1619872476
|switch|p2a: Audino|Audino, F|76/100 tox
|-damage|p2a: Audino|63/100 tox|[from] Stealth Rock
|move|p1a: Uxie|U-turn|p2a: Audino
|-damage|p2a: Audino|52/100 tox
|
|t:|1619872480
|switch|p1a: Jellicent|Jellicent, F|98/100|[from]move: U-turn
|
|-damage|p2a: Audino|46/100 tox|[from] psn
|upkeep
|turn|110
|
|t:|1619872483
|switch|p2a: Eldegoss|Eldegoss, F|100/100
|-damage|p2a: Eldegoss|88/100|[from] Stealth Rock
|move|p1a: Jellicent|Water Spout|p2a: Eldegoss
|-resisted|p2a: Eldegoss
|-damage|p2a: Eldegoss|55/100
|
|upkeep
|turn|111
|
|t:|1619872488
|switch|p1a: Lurantis|Lurantis, F|77/100
|move|p2a: Eldegoss|Leech Seed|p1a: Lurantis
|-immune|p1a: Lurantis
|
|upkeep
|turn|112
|
|t:|1619872496
|switch|p2a: Vespiquen|Vespiquen, F|96/100
|-damage|p2a: Vespiquen|46/100|[from] Stealth Rock
|-ability|p2a: Vespiquen|Pressure
|switch|p1a: Uxie|Uxie|44/100
|
|-heal|p1a: Uxie|51/100|[from] item: Leftovers
|upkeep
|turn|113
|
|t:|1619872503
|move|p1a: Uxie|U-turn|p2a: Vespiquen
|-resisted|p2a: Vespiquen
|-damage|p2a: Vespiquen|42/100
|
|t:|1619872510
|switch|p1a: Jellicent|Jellicent, F|98/100|[from]move: U-turn
|move|p2a: Vespiquen|Attack Order|p1a: Jellicent
|-resisted|p1a: Jellicent
|-damage|p1a: Jellicent|82/100
|
|upkeep
|turn|114
|-message|EWQW forfeited.
|
|win|Vy8
|raw|Vy8's rating: 1351 &rarr; <strong>1370</strong><br />(+19 for winning)
|raw|EWQW's rating: 1342 &rarr; <strong>1323</strong><br />(-19 for losing)
|l|☆EWQW
