|j|☆PULT4C1 Haffling
|j|☆pult4c1 shane
|t:|1661096107
|gametype|singles
|player|p1|PULT4C1 Haffling|cyrus|1658
|player|p2|pult4c1 shane|veteran|1629
|teamsize|p1|6
|teamsize|p2|6
|gen|8
|tier|[Gen 8] PU
|rated|
|rule|Sleep Clause Mod: Limit one foe put to sleep
|rule|Species Clause: Limit one of each Pokémon
|rule|OHKO Clause: OHKO moves are banned
|rule|Evasion Items Clause: Evasion items are banned
|rule|Evasion Moves Clause: Evasion moves are banned
|rule|Endless Battle Clause: Forcing endless battles is banned
|rule|HP Percentage Mod: HP is shown in percentages
|rule|Dynamax Clause: You cannot dynamax
|clearpoke
|poke|p1|Scyther, F|
|poke|p1|Eldegoss, F|
|poke|p1|Weezing, F|
|poke|p1|Audino, M|
|poke|p1|Centiskorch, F|
|poke|p1|Regirock|
|poke|p2|Sandslash, M|
|poke|p2|Gigalith, M|
|poke|p2|Eldegoss, M|
|poke|p2|Basculin, M|
|poke|p2|Scyther, M|
|poke|p2|Weezing, F|
|teampreview
|inactive|Battle timer is ON: inactive players will automatically lose when time's up. (requested by pult4c1 shane)
|c|☆PULT4C1 Haffling|hf
|c|☆pult4c1 shane|same
|inactiveoff|Battle timer is now OFF.
|j| Strawbrity
|c|☆PULT4C1 Haffling|oh so we gotta play this quick my friend
|
|t:|1661096171
|start
|switch|p1a: Eldegoss|Eldegoss, F|100/100
|switch|p2a: Weezing|Weezing, F|100/100
|turn|1
|
|t:|1661096179
|switch|p1a: Centiskorch|Centiskorch, F|100/100
|move|p2a: Weezing|Taunt|p1a: Centiskorch
|-start|p1a: Centiskorch|move: Taunt
|
|upkeep
|turn|2
|j| PULT4C1 zoowi
|
|t:|1661096183
|move|p1a: Centiskorch|Knock Off|p2a: Weezing
|-damage|p2a: Weezing|77/100
|-enditem|p2a: Weezing|Black Sludge|[from] move: Knock Off|[of] p1a: Centiskorch
|move|p2a: Weezing|Toxic Spikes|p1a: Centiskorch
|-sidestart|p1: PULT4C1 Haffling|move: Toxic Spikes
|
|upkeep
|turn|3
|c| PULT4C1 zoowi|ooo centi
|j| turtledoggo1
|
|t:|1661096190
|switch|p2a: Eldegoss|Eldegoss, M|100/100
|move|p1a: Centiskorch|Fire Lash|p2a: Eldegoss
|-supereffective|p2a: Eldegoss
|-damage|p2a: Eldegoss|37/100
|-unboost|p2a: Eldegoss|def|1
|-enditem|p2a: Eldegoss|Eject Button
|
|t:|1661096195
|switch|p2a: Scyther|Scyther, M|100/100
|
|-end|p1a: Centiskorch|move: Taunt
|upkeep
|turn|4
|
|t:|1661096198
|switch|p1a: Weezing|Weezing, F|100/100
|-ability|p1a: Weezing|Neutralizing Gas
|-sideend|p1: PULT4C1 Haffling|move: Toxic Spikes|[of] p1a: Weezing
|move|p2a: Scyther|Knock Off|p1a: Weezing
|-damage|p1a: Weezing|81/100
|-enditem|p1a: Weezing|Black Sludge|[from] move: Knock Off|[of] p2a: Scyther
|
|upkeep
|turn|5
|
|t:|1661096202
|move|p2a: Scyther|U-turn|p1a: Weezing
|-resisted|p1a: Weezing
|-damage|p1a: Weezing|71/100
|
|t:|1661096211
|switch|p2a: Sandslash|Sandslash, M|100/100|[from]move: U-turn
|move|p1a: Weezing|Toxic Spikes|p2a: Sandslash
|-sidestart|p2: pult4c1 shane|move: Toxic Spikes
|
|upkeep
|turn|6
|
|t:|1661096220
|-end|p1a: Weezing|ability: Neutralizing Gas
|switch|p1a: Regirock|Regirock|100/100
|move|p2a: Sandslash|Earthquake|p1a: Regirock
|-supereffective|p1a: Regirock
|-damage|p1a: Regirock|50/100
|-damage|p2a: Sandslash|91/100|[from] item: Life Orb
|
|upkeep
|turn|7
|
|t:|1661096230
|move|p2a: Sandslash|Swords Dance|p2a: Sandslash
|-boost|p2a: Sandslash|atk|2
|move|p1a: Regirock|Toxic|p2a: Sandslash
|-status|p2a: Sandslash|tox
|
|-damage|p2a: Sandslash|84/100 tox|[from] psn
|upkeep
|turn|8
|
|t:|1661096235
|move|p2a: Sandslash|Leech Life|p1a: Regirock
|-damage|p1a: Regirock|21/100
|-heal|p2a: Sandslash|100/100 tox|[from] drain|[of] p1a: Regirock
|-damage|p2a: Sandslash|84/100 tox|[from] item: Rocky Helmet|[of] p1a: Regirock
|-damage|p2a: Sandslash|74/100 tox|[from] item: Life Orb
|move|p1a: Regirock|Body Press|p2a: Sandslash
|-damage|p2a: Sandslash|28/100 tox
|
|-damage|p2a: Sandslash|16/100 tox|[from] psn
|upkeep
|turn|9
|
|t:|1661096243
|move|p2a: Sandslash|Stone Edge|p1a: Regirock
|-damage|p1a: Regirock|0 fnt
|faint|p1a: Regirock
|-damage|p2a: Sandslash|6/100 tox|[from] item: Life Orb
|
|-damage|p2a: Sandslash|0 fnt|[from] psn
|faint|p2a: Sandslash
|upkeep
|
|t:|1661096271
|switch|p2a: Scyther|Scyther, M|100/100
|switch|p1a: Weezing|Weezing, F|71/100
|-ability|p1a: Weezing|Neutralizing Gas
|turn|10
|
|t:|1661096277
|move|p2a: Scyther|U-turn|p1a: Weezing
|-resisted|p1a: Weezing
|-damage|p1a: Weezing|60/100
|
|t:|1661096278
|switch|p2a: Weezing|Weezing, F|77/100|[from]move: U-turn
|-sideend|p2: pult4c1 shane|move: Toxic Spikes|[of] p2a: Weezing
|move|p1a: Weezing|Pain Split|p2a: Weezing
|-sethp|p2a: Weezing|68/100|[from] move: Pain Split|[silent]
|-sethp|p1a: Weezing|68/100|[from] move: Pain Split
|
|upkeep
|turn|11
|
|t:|1661096287
|-end|p1a: Weezing|ability: Neutralizing Gas
|switch|p1a: Centiskorch|Centiskorch, F|100/100
|move|p2a: Weezing|Sludge Bomb|p1a: Centiskorch
|-damage|p1a: Centiskorch|73/100
|
|upkeep
|turn|12
|j| PULT4C1 eifo
|
|t:|1661096293
|move|p1a: Centiskorch|Leech Life|p2a: Weezing
|-resisted|p2a: Weezing
|-damage|p2a: Weezing|54/100
|-heal|p1a: Centiskorch|80/100|[from] drain|[of] p2a: Weezing
|move|p2a: Weezing|Sludge Bomb|p1a: Centiskorch
|-damage|p1a: Centiskorch|49/100
|
|upkeep
|turn|13
|
|t:|1661096335
|move|p1a: Centiskorch|Fire Lash|p2a: Weezing
|-damage|p2a: Weezing|24/100
|-unboost|p2a: Weezing|def|1
|move|p2a: Weezing|Sludge Bomb|p1a: Centiskorch
|-damage|p1a: Centiskorch|22/100
|
|upkeep
|turn|14
|
|t:|1661096356
|switch|p2a: Eldegoss|Eldegoss, M|70/100
|move|p1a: Centiskorch|Knock Off|p2a: Eldegoss
|-damage|p2a: Eldegoss|50/100
|
|upkeep
|turn|15
|
|t:|1661096364
|move|p1a: Centiskorch|Leech Life|p2a: Eldegoss
|-supereffective|p2a: Eldegoss
|-damage|p2a: Eldegoss|0 fnt
|-heal|p1a: Centiskorch|45/100|[from] drain|[of] p2a: Eldegoss
|faint|p2a: Eldegoss
|
|upkeep
|
|t:|1661096366
|switch|p2a: Basculin|Basculin, M|100/100
|turn|16
|
|t:|1661096373
|switch|p1a: Audino|Audino, M|100/100
|move|p2a: Basculin|Flip Turn|p1a: Audino
|-damage|p1a: Audino|67/100
|
|t:|1661096388
|switch|p2a: Scyther|Scyther, M|100/100|[from]move: Flip Turn
|
|upkeep
|turn|17
|
|t:|1661096394
|move|p2a: Scyther|Knock Off|p1a: Audino
|-damage|p1a: Audino|37/100
|-enditem|p1a: Audino|Heavy-Duty Boots|[from] move: Knock Off|[of] p2a: Scyther
|move|p1a: Audino|Knock Off|p2a: Scyther
|-damage|p2a: Scyther|80/100
|-enditem|p2a: Scyther|Heavy-Duty Boots|[from] move: Knock Off|[of] p1a: Audino
|
|upkeep
|turn|18
|
|t:|1661096407
|move|p1a: Audino|Protect|p1a: Audino
|-singleturn|p1a: Audino|Protect
|move|p2a: Scyther|Dual Wingbeat|p1a: Audino
|-activate|p1a: Audino|move: Protect
|
|upkeep
|turn|19
|
|t:|1661096411
|switch|p1a: Weezing|Weezing, F|68/100
|-ability|p1a: Weezing|Neutralizing Gas
|move|p2a: Scyther|Dual Wingbeat|p1a: Weezing
|-damage|p1a: Weezing|56/100
|-damage|p1a: Weezing|43/100
|-hitcount|p1a: Weezing|2
|
|upkeep
|turn|20
|
|t:|1661096433
|move|p2a: Scyther|U-turn|p1a: Weezing
|-resisted|p1a: Weezing
|-damage|p1a: Weezing|32/100
|
|t:|1661096434
|switch|p2a: Weezing|Weezing, F|24/100|[from]move: U-turn
|move|p1a: Weezing|Toxic Spikes|p2a: Weezing
|-sidestart|p2: pult4c1 shane|move: Toxic Spikes
|
|upkeep
|turn|21
|
|t:|1661096450
|-end|p1a: Weezing|ability: Neutralizing Gas
|switch|p1a: Centiskorch|Centiskorch, F|45/100
|move|p2a: Weezing|Sludge Bomb|p1a: Centiskorch
|-damage|p1a: Centiskorch|14/100
|-status|p1a: Centiskorch|psn
|
|-damage|p1a: Centiskorch|2/100 psn|[from] psn
|upkeep
|turn|22
|
|t:|1661096460
|switch|p2a: Gigalith|Gigalith, M|100/100
|-status|p2a: Gigalith|psn
|-weather|Sandstorm|[from] ability: Sand Stream|[of] p2a: Gigalith
|move|p1a: Centiskorch|Fire Lash|p2a: Gigalith
|-resisted|p2a: Gigalith
|-damage|p2a: Gigalith|87/100 psn
|-unboost|p2a: Gigalith|def|1
|
|-weather|Sandstorm|[upkeep]
|-damage|p1a: Centiskorch|0 fnt|[from] Sandstorm
|faint|p1a: Centiskorch
|-heal|p2a: Gigalith|93/100 psn|[from] item: Leftovers
|-damage|p2a: Gigalith|80/100 psn|[from] psn
|upkeep
|
|t:|1661096468
|switch|p1a: Scyther|Scyther, F|100/100
|turn|23
|
|t:|1661096485
|move|p1a: Scyther|U-turn|p2a: Gigalith
|-damage|p2a: Gigalith|45/100 psn
|
|t:|1661096488
|switch|p1a: Eldegoss|Eldegoss, F|100/100|[from]move: U-turn
|move|p2a: Gigalith|Stealth Rock|p1a: Eldegoss
|-sidestart|p1: PULT4C1 Haffling|move: Stealth Rock
|
|-weather|Sandstorm|[upkeep]
|-damage|p1a: Eldegoss|94/100|[from] Sandstorm
|-heal|p2a: Gigalith|51/100 psn|[from] item: Leftovers
|-damage|p2a: Gigalith|39/100 psn|[from] psn
|upkeep
|turn|24
|
|t:|1661096514
|move|p1a: Eldegoss|Sleep Powder||[still]
|-fail|p1a: Eldegoss
|move|p2a: Gigalith|Toxic|p1a: Eldegoss
|-status|p1a: Eldegoss|tox
|
|-weather|Sandstorm|[upkeep]
|-damage|p1a: Eldegoss|88/100 tox|[from] Sandstorm
|-heal|p2a: Gigalith|45/100 psn|[from] item: Leftovers
|-damage|p1a: Eldegoss|82/100 tox|[from] psn
|-damage|p2a: Gigalith|33/100 psn|[from] psn
|upkeep
|turn|25
|
|t:|1661096554
|move|p1a: Eldegoss|Rapid Spin|p2a: Gigalith
|-resisted|p2a: Gigalith
|-damage|p2a: Gigalith|29/100 psn
|-boost|p1a: Eldegoss|spe|1
|-sideend|p1: PULT4C1 Haffling|Stealth Rock|[from] move: Rapid Spin|[of] p1a: Eldegoss
|move|p2a: Gigalith|Rock Blast|p1a: Eldegoss
|-damage|p1a: Eldegoss|72/100 tox
|-damage|p1a: Eldegoss|62/100 tox
|-damage|p1a: Eldegoss|52/100 tox
|-hitcount|p1a: Eldegoss|3
|
|-weather|Sandstorm|[upkeep]
|-damage|p1a: Eldegoss|46/100 tox|[from] Sandstorm
|-heal|p2a: Gigalith|35/100 psn|[from] item: Leftovers
|-damage|p1a: Eldegoss|33/100 tox|[from] psn
|-damage|p2a: Gigalith|23/100 psn|[from] psn
|upkeep
|turn|26
|
|t:|1661096565
|switch|p1a: Audino|Audino, M|70/100
|move|p2a: Gigalith|Stealth Rock|p1a: Audino
|-sidestart|p1: PULT4C1 Haffling|move: Stealth Rock
|
|-weather|none
|-heal|p2a: Gigalith|29/100 psn|[from] item: Leftovers
|-damage|p2a: Gigalith|17/100 psn|[from] psn
|upkeep
|turn|27
|
|t:|1661096579
|move|p1a: Audino|Wish|p1a: Audino
|move|p2a: Gigalith|Toxic|p1a: Audino
|-status|p1a: Audino|tox
|
|-heal|p2a: Gigalith|23/100 psn|[from] item: Leftovers
|-damage|p1a: Audino|64/100 tox|[from] psn
|-damage|p2a: Gigalith|11/100 psn|[from] psn
|upkeep
|turn|28
|
|t:|1661096588
|move|p1a: Audino|Knock Off|p2a: Gigalith
|-damage|p2a: Gigalith|0 fnt
|-enditem|p2a: Gigalith|Leftovers|[from] move: Knock Off|[of] p1a: Audino
|faint|p2a: Gigalith
|
|-heal|p1a: Audino|100/100 tox|[from] move: Wish|[wisher] Audino
|-damage|p1a: Audino|88/100 tox|[from] psn
|upkeep
|
|t:|1661096595
|switch|p2a: Scyther|Scyther, M|80/100
|turn|29
|
|t:|1661096623
|switch|p1a: Weezing|Weezing, F|32/100
|-ability|p1a: Weezing|Neutralizing Gas
|-damage|p1a: Weezing|20/100|[from] Stealth Rock
|move|p2a: Scyther|Dual Wingbeat|p1a: Weezing
|-damage|p1a: Weezing|7/100
|-damage|p1a: Weezing|0 fnt
|faint|p1a: Weezing
|-end|p1a: Weezing|ability: Neutralizing Gas
|-hitcount|p1: Weezing|2
|
|upkeep
|
|t:|1661096626
|switch|p1a: Scyther|Scyther, F|100/100
|turn|30
|j| PUetro
|j| ekeklelelel
|l| ekeklelelel
|
|t:|1661096640
|switch|p2a: Weezing|Weezing, F|24/100
|move|p1a: Scyther|Dual Wingbeat|p2a: Weezing
|-damage|p2a: Weezing|4/100
|-damage|p2a: Weezing|0 fnt
|faint|p2a: Weezing
|-hitcount|p2: Weezing|2
|
|upkeep
|
|t:|1661096641
|switch|p2a: Basculin|Basculin, M|100/100
|-status|p2a: Basculin|psn
|turn|31
|j| ekeklelelel
|
|t:|1661096648
|switch|p1a: Eldegoss|Eldegoss, F|67/100 tox
|move|p2a: Basculin|Liquidation|p1a: Eldegoss
|-resisted|p1a: Eldegoss
|-damage|p1a: Eldegoss|46/100 tox
|
|-damage|p2a: Basculin|88/100 psn|[from] psn
|-damage|p1a: Eldegoss|40/100 tox|[from] psn
|upkeep
|turn|32
|
|t:|1661096657
|move|p2a: Basculin|Liquidation|p1a: Eldegoss
|-resisted|p1a: Eldegoss
|-damage|p1a: Eldegoss|17/100 tox
|move|p1a: Eldegoss|Leech Seed|p2a: Basculin
|-start|p2a: Basculin|move: Leech Seed
|
|-damage|p2a: Basculin|76/100 psn|[from] Leech Seed|[of] p1a: Eldegoss
|-heal|p1a: Eldegoss|28/100 tox|[silent]
|-damage|p2a: Basculin|63/100 psn|[from] psn
|-damage|p1a: Eldegoss|16/100 tox|[from] psn
|upkeep
|turn|33
|
|t:|1661096664
|switch|p2a: Scyther|Scyther, M|80/100
|switch|p1a: Audino|Audino, M|100/100 tox
|-damage|p1a: Audino|88/100 tox|[from] Stealth Rock
|
|-damage|p1a: Audino|82/100 tox|[from] psn
|upkeep
|turn|34
|
|t:|1661096671
|move|p2a: Scyther|Dual Wingbeat|p1a: Audino
|-damage|p1a: Audino|57/100 tox
|-damage|p1a: Audino|33/100 tox
|-hitcount|p1a: Audino|2
|move|p1a: Audino|Knock Off|p2a: Scyther
|-damage|p2a: Scyther|66/100
|
|-damage|p1a: Audino|20/100 tox|[from] psn
|upkeep
|turn|35
|
|t:|1661096689
|move|p2a: Scyther|Dual Wingbeat|p1a: Audino
|-damage|p1a: Audino|0 fnt
|faint|p1a: Audino
|-hitcount|p1: Audino|1
|
|upkeep
|
|t:|1661096691
|switch|p1a: Scyther|Scyther, F|100/100
|turn|36
|c|☆pult4c1 shane|gg either way fam
|c|☆PULT4C1 Haffling|gg
|c|☆pult4c1 shane|gl if you make it
|
|t:|1661096718
|move|p1a: Scyther|Dual Wingbeat|p2a: Scyther
|-supereffective|p2a: Scyther
|-damage|p2a: Scyther|0 fnt
|faint|p2a: Scyther
|-hitcount|p2: Scyther|1
|
|upkeep
|c|☆PULT4C1 Haffling|same 2 you
|
|t:|1661096721
|switch|p2a: Basculin|Basculin, M|63/100 psn
|turn|37
|
|t:|1661096726
|move|p2a: Basculin|Liquidation|p1a: Scyther
|-damage|p1a: Scyther|19/100
|move|p1a: Scyther|Knock Off|p2a: Basculin
|-damage|p2a: Basculin|15/100 psn
|-enditem|p2a: Basculin|Choice Scarf|[from] move: Knock Off|[of] p1a: Scyther
|
|-damage|p2a: Basculin|3/100 psn|[from] psn
|upkeep
|turn|38
|
|t:|1661096730
|move|p1a: Scyther|Knock Off|p2a: Basculin
|-damage|p2a: Basculin|0 fnt
|faint|p2a: Basculin
|
|win|PULT4C1 Haffling
|raw|PULT4C1 Haffling's rating: 1658 &rarr; <strong>1677</strong><br />(+19 for winning)
|raw|pult4c1 shane's rating: 1646 &rarr; <strong>1627</strong><br />(-19 for losing)
|l| Strawbrity
|l| PUetro
|l|☆pult4c1 shane
|l| turtledoggo1
|l|☆PULT4C1 Haffling
||Ladder isn't responding, score probably updated but might not have (Request timeout).
|l| PULT4C1 eifo
|j|☆pult4c1 shane
|player|p2|pult4c1 shane|veteran
