|j|☆allstarapology
|j|☆randyconda
|t:|1607235593
|player|p1|allstarapology|kimonogirl|1388
|player|p2|randyconda|rancher|1419
|teamsize|p1|6
|teamsize|p2|6
|gametype|singles
|gen|8
|tier|[Gen 8] PU
|rated|
|clearpoke
|poke|p1|Haunter, F|
|poke|p1|Persian-Alola, M|
|poke|p1|Togedemaru, M|
|poke|p1|Rhydon, M|
|poke|p1|Altaria, F|
|poke|p1|Clefairy, F|
|poke|p2|Clefairy, F|
|poke|p2|Rhydon, M|
|poke|p2|Tangela, M|
|poke|p2|Froslass, F|
|poke|p2|Turtonator, M|
|poke|p2|Togedemaru, M|
|rule|Sleep Clause Mod: Limit one foe put to sleep
|rule|Species Clause: Limit one of each Pokémon
|rule|OHKO Clause: OHKO moves are banned
|rule|Evasion Moves Clause: Evasion moves are banned
|rule|Endless Battle Clause: Forcing endless battles is banned
|rule|HP Percentage Mod: HP is shown in percentages
|rule|Dynamax Clause: You cannot dynamax
|teampreview
|c|☆randyconda|Hf
|c|☆allstarapology|u2
|
|t:|1607235618
|start
|switch|p1a: Persian|Persian-Alola, M|100/100
|switch|p2a: Tangela|Tangela, M|100/100
|turn|1
|
|t:|1607235624
|move|p1a: Persian|Toxic|p2a: Tangela
|-status|p2a: Tangela|tox
|move|p2a: Tangela|Leaf Storm|p1a: Persian
|-damage|p1a: Persian|39/100
|-unboost|p2a: Tangela|spa|2
|
|-damage|p2a: Tangela|95/100 tox|[from] psn
|upkeep
|turn|2
|
|t:|1607235633
|switch|p2a: Togedemaru|Togedemaru, M|100/100
|move|p1a: Persian|Parting Shot|p2a: Togedemaru
|-unboost|p2a: Togedemaru|atk|1
|-unboost|p2a: Togedemaru|spa|1
|
|t:|1607235637
|switch|p1a: Rhydon|Rhydon, M|100/100|[from]move: Parting Shot
|
|upkeep
|turn|3
|
|t:|1607235643
|move|p2a: Togedemaru|U-turn|p1a: Rhydon
|-damage|p1a: Rhydon|93/100
|
|t:|1607235645
|switch|p2a: Tangela|Tangela, M|100/100 tox|[from]move: U-turn
|move|p1a: Rhydon|Stealth Rock|p2a: Tangela
|-sidestart|p2: randyconda|move: Stealth Rock
|
|-damage|p2a: Tangela|95/100 tox|[from] psn
|upkeep
|turn|4
|
|t:|1607235651
|switch|p1a: Altaria|Altaria, F|100/100
|move|p2a: Tangela|Knock Off|p1a: Altaria
|-damage|p1a: Altaria|87/100
|-enditem|p1a: Altaria|Heavy-Duty Boots|[from] move: Knock Off|[of] p2a: Tangela
|
|-damage|p2a: Tangela|83/100 tox|[from] psn
|upkeep
|turn|5
|
|t:|1607235659
|switch|p1a: Rhydon|Rhydon, M|93/100
|move|p2a: Tangela|Knock Off|p1a: Rhydon
|-damage|p1a: Rhydon|87/100
|-enditem|p1a: Rhydon|Eviolite|[from] move: Knock Off|[of] p2a: Tangela
|
|-damage|p2a: Tangela|65/100 tox|[from] psn
|upkeep
|turn|6
|
|t:|1607235665
|switch|p1a: Altaria|Altaria, F|87/100
|move|p2a: Tangela|Leaf Storm|p1a: Altaria
|-resisted|p1a: Altaria
|-damage|p1a: Altaria|78/100
|-unboost|p2a: Tangela|spa|2
|
|-damage|p2a: Tangela|41/100 tox|[from] psn
|upkeep
|turn|7
|
|t:|1607235671
|switch|p2a: Clefairy|Clefairy, F|100/100
|move|p1a: Altaria|Hurricane|p2a: Clefairy
|-damage|p2a: Clefairy|81/100
|-start|p2a: Clefairy|confusion
|
|upkeep
|turn|8
|
|t:|1607235677
|switch|p1a: Togedemaru|Togedemaru, M|100/100
|-activate|p2a: Clefairy|confusion
|-damage|p2a: Clefairy|77/100|[from] confusion
|
|upkeep
|turn|9
|
|t:|1607235682
|switch|p2a: Togedemaru|Togedemaru, M|100/100
|-damage|p2a: Togedemaru|95/100|[from] Stealth Rock
|move|p1a: Togedemaru|U-turn|p2a: Togedemaru
|-resisted|p2a: Togedemaru
|-damage|p2a: Togedemaru|77/100
|-damage|p1a: Togedemaru|88/100|[from] ability: Iron Barbs|[of] p2a: Togedemaru
|
|t:|1607235686
|switch|p1a: Altaria|Altaria, F|78/100|[from]move: U-turn
|
|upkeep
|turn|10
|
|t:|1607235697
|switch|p1a: Togedemaru|Togedemaru, M|88/100
|move|p2a: Togedemaru|Iron Head|p1a: Togedemaru
|-resisted|p1a: Togedemaru
|-damage|p1a: Togedemaru|72/100
|-damage|p2a: Togedemaru|65/100|[from] ability: Iron Barbs|[of] p1a: Togedemaru
|
|upkeep
|turn|11
|
|t:|1607235713
|switch|p2a: Rhydon|Rhydon, M|100/100
|-damage|p2a: Rhydon|94/100|[from] Stealth Rock
|move|p1a: Togedemaru|U-turn|p2a: Rhydon
|-damage|p2a: Rhydon|86/100
|
|t:|1607235716
|switch|p1a: Persian|Persian-Alola, M|39/100|[from]move: U-turn
|
|upkeep
|turn|12
|
|t:|1607235722
|move|p1a: Persian|Knock Off|p2a: Rhydon
|-damage|p2a: Rhydon|75/100
|-enditem|p2a: Rhydon|Eviolite|[from] move: Knock Off|[of] p1a: Persian
|move|p2a: Rhydon|Earthquake|p1a: Persian
|-damage|p1a: Persian|4/100
|
|upkeep
|turn|13
|
|t:|1607235732
|move|p1a: Persian|Parting Shot|p2a: Rhydon
|-unboost|p2a: Rhydon|atk|1
|-unboost|p2a: Rhydon|spa|1
|
|t:|1607235737
|switch|p1a: Clefairy|Clefairy, F|100/100|[from]move: Parting Shot
|move|p2a: Rhydon|Stealth Rock|p1a: Clefairy
|-sidestart|p1: allstarapology|move: Stealth Rock
|
|upkeep
|turn|14
|
|t:|1607235747
|move|p2a: Rhydon|Earthquake|p1a: Clefairy
|-damage|p1a: Clefairy|79/100
|move|p1a: Clefairy|Cosmic Power|p1a: Clefairy
|-boost|p1a: Clefairy|def|1
|-boost|p1a: Clefairy|spd|1
|
|upkeep
|turn|15
|
|t:|1607235754
|switch|p2a: Togedemaru|Togedemaru, M|65/100
|-damage|p2a: Togedemaru|59/100|[from] Stealth Rock
|move|p1a: Clefairy|Moonblast|p2a: Togedemaru
|-resisted|p2a: Togedemaru
|-damage|p2a: Togedemaru|41/100
|-unboost|p2a: Togedemaru|spa|1
|
|upkeep
|turn|16
|
|t:|1607235763
|move|p2a: Togedemaru|U-turn|p1a: Clefairy
|-resisted|p1a: Clefairy
|-damage|p1a: Clefairy|73/100
|
|t:|1607235769
|switch|p2a: Clefairy|Clefairy, F|77/100|[from]move: U-turn
|move|p1a: Clefairy|Soft-Boiled|p1a: Clefairy
|-heal|p1a: Clefairy|100/100
|
|upkeep
|turn|17
|
|t:|1607235774
|move|p1a: Clefairy|Calm Mind|p1a: Clefairy
|-boost|p1a: Clefairy|spa|1
|-boost|p1a: Clefairy|spd|1
|move|p2a: Clefairy|Teleport|p2a: Clefairy
|
|t:|1607235776
|switch|p2a: Togedemaru|Togedemaru, M|41/100|[from]move: Teleport
|-damage|p2a: Togedemaru|36/100|[from] Stealth Rock
|
|upkeep
|turn|18
|
|t:|1607235779
|move|p2a: Togedemaru|Encore|p1a: Clefairy
|-start|p1a: Clefairy|Encore
|move|p1a: Clefairy|Calm Mind|p1a: Clefairy
|-boost|p1a: Clefairy|spa|1
|-boost|p1a: Clefairy|spd|1
|
|upkeep
|turn|19
|
|t:|1607235793
|switch|p2a: Froslass|Froslass, F|100/100
|switch|p1a: Rhydon|Rhydon, M|87/100
|-damage|p1a: Rhydon|80/100|[from] Stealth Rock
|
|upkeep
|turn|20
|
|t:|1607235806
|switch|p2a: Tangela|Tangela, M|74/100 tox
|-damage|p2a: Tangela|62/100 tox|[from] Stealth Rock
|switch|p1a: Persian|Persian-Alola, M|4/100
|
|-damage|p2a: Tangela|56/100 tox|[from] psn
|upkeep
|turn|21
|
|t:|1607235814
|move|p1a: Persian|Parting Shot|p2a: Tangela
|-unboost|p2a: Tangela|atk|1
|-unboost|p2a: Tangela|spa|1
|
|t:|1607235817
|switch|p1a: Altaria|Altaria, F|78/100|[from]move: Parting Shot
|-damage|p1a: Altaria|53/100|[from] Stealth Rock
|move|p2a: Tangela|Knock Off|p1a: Altaria
|-damage|p1a: Altaria|47/100
|
|-damage|p2a: Tangela|44/100 tox|[from] psn
|upkeep
|turn|22
|
|t:|1607235823
|switch|p2a: Rhydon|Rhydon, M|75/100
|-damage|p2a: Rhydon|69/100|[from] Stealth Rock
|move|p1a: Altaria|Hurricane|p2a: Rhydon
|-resisted|p2a: Rhydon
|-damage|p2a: Rhydon|54/100
|
|upkeep
|turn|23
|
|t:|1607235830
|move|p1a: Altaria|Roost|p1a: Altaria
|-heal|p1a: Altaria|97/100
|-singleturn|p1a: Altaria|move: Roost
|move|p2a: Rhydon|Rock Blast|p1a: Altaria
|-damage|p1a: Altaria|84/100
|-damage|p1a: Altaria|73/100
|-damage|p1a: Altaria|62/100
|-hitcount|p1a: Altaria|3
|
|upkeep
|turn|24
|
|t:|1607235835
|move|p1a: Altaria|Toxic|p2a: Rhydon
|-status|p2a: Rhydon|tox
|move|p2a: Rhydon|Toxic|p1a: Altaria
|-status|p1a: Altaria|tox
|
|-damage|p1a: Altaria|56/100 tox|[from] psn
|-damage|p2a: Rhydon|48/100 tox|[from] psn
|upkeep
|turn|25
|
|t:|1607235842
|switch|p2a: Clefairy|Clefairy, F|77/100
|move|p1a: Altaria|Roost|p1a: Altaria
|-heal|p1a: Altaria|100/100 tox
|-singleturn|p1a: Altaria|move: Roost
|
|-damage|p1a: Altaria|88/100 tox|[from] psn
|upkeep
|turn|26
|
|t:|1607235848
|switch|p1a: Togedemaru|Togedemaru, M|72/100
|-damage|p1a: Togedemaru|66/100|[from] Stealth Rock
|move|p2a: Clefairy|Wish|p2a: Clefairy
|
|upkeep
|turn|27
|
|t:|1607235855
|switch|p2a: Togedemaru|Togedemaru, M|36/100
|-damage|p2a: Togedemaru|30/100|[from] Stealth Rock
|move|p1a: Togedemaru|Iron Head|p2a: Togedemaru
|-resisted|p2a: Togedemaru
|-damage|p2a: Togedemaru|14/100
|-damage|p1a: Togedemaru|54/100|[from] ability: Iron Barbs|[of] p2a: Togedemaru
|
|-heal|p2a: Togedemaru|77/100|[from] move: Wish|[wisher] Clefairy
|upkeep
|turn|28
|
|t:|1607235863
|move|p1a: Togedemaru|Iron Head|p2a: Togedemaru
|-resisted|p2a: Togedemaru
|-damage|p2a: Togedemaru|62/100
|-damage|p1a: Togedemaru|41/100|[from] ability: Iron Barbs|[of] p2a: Togedemaru
|move|p2a: Togedemaru|U-turn|p1a: Togedemaru
|-resisted|p1a: Togedemaru
|-crit|p1a: Togedemaru
|-damage|p1a: Togedemaru|15/100
|-damage|p2a: Togedemaru|50/100|[from] ability: Iron Barbs|[of] p1a: Togedemaru
|
|t:|1607235868
|switch|p2a: Turtonator|Turtonator, M|100/100|[from]move: U-turn
|
|upkeep
|turn|29
|
|t:|1607235879
|switch|p1a: Haunter|Haunter, F|100/100
|-damage|p1a: Haunter|88/100|[from] Stealth Rock
|move|p2a: Turtonator|Rapid Spin|p1a: Haunter
|-immune|p1a: Haunter
|
|upkeep
|turn|30
|
|t:|1607235887
|move|p1a: Haunter|Sludge Wave|p2a: Turtonator
|-damage|p2a: Turtonator|9/100
|-damage|p1a: Haunter|78/100|[from] item: Life Orb
|move|p2a: Turtonator|Shell Smash|p2a: Turtonator
|-unboost|p2a: Turtonator|def|1
|-unboost|p2a: Turtonator|spd|1
|-boost|p2a: Turtonator|atk|2
|-boost|p2a: Turtonator|spa|2
|-boost|p2a: Turtonator|spe|2
|
|upkeep
|turn|31
|
|t:|1607235913
|switch|p1a: Rhydon|Rhydon, M|80/100
|-damage|p1a: Rhydon|74/100|[from] Stealth Rock
|move|p2a: Turtonator|Flamethrower|p1a: Rhydon
|-resisted|p1a: Rhydon
|-damage|p1a: Rhydon|9/100
|-status|p1a: Rhydon|brn
|
|-damage|p1a: Rhydon|3/100 brn|[from] brn
|upkeep
|turn|32
|
|t:|1607235919
|switch|p1a: Haunter|Haunter, F|78/100
|-damage|p1a: Haunter|66/100|[from] Stealth Rock
|move|p2a: Turtonator|Flamethrower|p1a: Haunter
|-damage|p1a: Haunter|0 fnt
|faint|p1a: Haunter
|
|upkeep
|
|t:|1607235923
|switch|p1a: Togedemaru|Togedemaru, M|15/100
|-damage|p1a: Togedemaru|9/100|[from] Stealth Rock
|turn|33
|-message|allstarapology forfeited.
|
|win|randyconda
|l|☆allstarapology
|raw|allstarapology's rating: 1388 &rarr; <strong>1370</strong><br />(-18 for losing)
|raw|randyconda's rating: 1419 &rarr; <strong>1437</strong><br />(+18 for winning)
