|j|☆visuals boss
|j|☆the mellow
|t:|1667079503
|gametype|singles
|player|p1|visuals boss|swimmer-gen4|1347
|player|p2|the mellow|unknown|1284
|teamsize|p1|6
|teamsize|p2|6
|gen|8
|tier|[Gen 8] PU
|rated|
|rule|Sleep Clause Mod: Limit one foe put to sleep
|rule|Species Clause: Limit one of each Pokémon
|rule|OHKO Clause: OHKO moves are banned
|rule|Evasion Items Clause: Evasion items are banned
|rule|Evasion Moves Clause: Evasion moves are banned
|rule|Endless Battle Clause: Forcing endless battles is banned
|rule|HP Percentage Mod: HP is shown in percentages
|rule|Dynamax Clause: You cannot dynamax
|clearpoke
|poke|p1|Altaria, M|
|poke|p1|Eldegoss, F|
|poke|p1|Coalossal, F|
|poke|p1|Audino, M|
|poke|p1|Quagsire, F|
|poke|p1|Togedemaru, M|
|poke|p2|Silvally-*|
|poke|p2|Articuno-Galar|
|poke|p2|Mesprit|
|poke|p2|Sandaconda, F|
|poke|p2|Regirock|
|poke|p2|Leafeon, F|
|teampreview
|inactive|Battle timer is ON: inactive players will automatically lose when time's up. (requested by visuals boss)
|
|t:|1667079518
|start
|switch|p1a: Eldegoss|Eldegoss, F|100/100
|switch|p2a: Sandaconda|Sandaconda, F|100/100
|turn|1
|
|t:|1667079526
|move|p2a: Sandaconda|Glare|p1a: Eldegoss
|-status|p1a: Eldegoss|par
|move|p1a: Eldegoss|Leech Seed|p2a: Sandaconda
|-start|p2a: Sandaconda|move: Leech Seed
|
|-damage|p2a: Sandaconda|88/100|[from] Leech Seed|[of] p1a: Eldegoss
|upkeep
|turn|2
|
|t:|1667079533
|switch|p2a: Articuno|Articuno-Galar|100/100
|cant|p1a: Eldegoss|par
|
|upkeep
|turn|3
|
|t:|1667079546
|switch|p1a: Togedemaru|Togedemaru, M|100/100
|move|p2a: Articuno|Freezing Glare|p1a: Togedemaru
|-resisted|p1a: Togedemaru
|-damage|p1a: Togedemaru|65/100
|
|upkeep
|turn|4
|
|t:|1667079561
|switch|p2a: Sandaconda|Sandaconda, F|88/100
|move|p1a: Togedemaru|Wish|p1a: Togedemaru
|
|-heal|p2a: Sandaconda|94/100|[from] item: Leftovers
|upkeep
|turn|5
|
|t:|1667079569
|switch|p1a: Altaria|Altaria, M|100/100
|move|p2a: Sandaconda|Stealth Rock|p1a: Altaria
|-sidestart|p1: visuals boss|move: Stealth Rock
|
|-heal|p2a: Sandaconda|99/100|[from] item: Leftovers
|upkeep
|turn|6
|
|t:|1667079579
|switch|p2a: Articuno|Articuno-Galar|100/100
|move|p1a: Altaria|Fire Spin|p2a: Articuno
|-damage|p2a: Articuno|94/100
|-activate|p2a: Articuno|move: Fire Spin|[of] p1a: Altaria
|
|-damage|p2a: Articuno|82/100|[from] move: Fire Spin|[partiallytrapped]
|upkeep
|turn|7
|
|t:|1667079589
|move|p2a: Articuno|Freezing Glare|p1a: Altaria
|-damage|p1a: Altaria|47/100
|-status|p1a: Altaria|frz
|cant|p1a: Altaria|frz
|
|-damage|p2a: Articuno|70/100|[from] move: Fire Spin|[partiallytrapped]
|upkeep
|turn|8
|
|t:|1667079597
|-curestatus|p1a: Altaria|frz|[from] ability: Natural Cure
|switch|p1a: Audino|Audino, M|100/100
|move|p2a: Articuno|Freezing Glare|p1a: Audino
|-damage|p1a: Audino|54/100
|
|-end|p2a: Articuno|Fire Spin|[partiallytrapped]|[silent]
|upkeep
|turn|9
|
|t:|1667079610
|move|p1a: Audino|Protect|p1a: Audino
|-singleturn|p1a: Audino|Protect
|move|p2a: Articuno|Freezing Glare|p1a: Audino
|-activate|p1a: Audino|move: Protect
|
|upkeep
|turn|10
|
|t:|1667079620
|switch|p2a: Regirock|Regirock|100/100
|move|p1a: Audino|Wish|p1a: Audino
|
|upkeep
|turn|11
|
|t:|1667079633
|switch|p1a: Altaria|Altaria, M|47/100
|move|p2a: Regirock|Iron Defense|p2a: Regirock
|-boost|p2a: Regirock|def|2
|
|-heal|p1a: Altaria|100/100|[from] move: Wish|[wisher] Audino
|upkeep
|turn|12
|
|t:|1667079644
|switch|p2a: Articuno|Articuno-Galar|70/100
|move|p1a: Altaria|Cotton Guard|p1a: Altaria
|-boost|p1a: Altaria|def|3
|
|upkeep
|turn|13
|
|t:|1667079655
|move|p2a: Articuno|Freezing Glare|p1a: Altaria
|-damage|p1a: Altaria|48/100
|move|p1a: Altaria|Perish Song|p1a: Altaria
|-start|p1a: Altaria|perish3|[silent]
|-start|p2a: Articuno|perish3|[silent]
|-fieldactivate|move: Perish Song
|
|-start|p2a: Articuno|perish3
|-start|p1a: Altaria|perish3
|upkeep
|turn|14
|
|t:|1667079664
|switch|p1a: Audino|Audino, M|87/100
|move|p2a: Articuno|Freezing Glare|p1a: Audino
|-damage|p1a: Audino|35/100
|-status|p1a: Audino|frz
|
|-start|p2a: Articuno|perish2
|upkeep
|turn|15
|
|t:|1667079685
|switch|p1a: Coalossal|Coalossal, F|100/100
|move|p2a: Articuno|Freezing Glare|p1a: Coalossal
|-damage|p1a: Coalossal|56/100
|
|-start|p2a: Articuno|perish1
|upkeep
|turn|16
|
|t:|1667079696
|switch|p2a: Regirock|Regirock|100/100
|move|p1a: Coalossal|Spikes|p2a: Regirock
|-sidestart|p2: the mellow|Spikes
|
|upkeep
|turn|17
|
|t:|1667079704
|move|p2a: Regirock|Body Press|p1a: Coalossal
|-supereffective|p1a: Coalossal
|-damage|p1a: Coalossal|0 fnt
|faint|p1a: Coalossal
|
|upkeep
|
|t:|1667079712
|switch|p1a: Eldegoss|Eldegoss, F|100/100 par
|turn|18
|
|t:|1667079719
|switch|p2a: Silvally|Silvally-Steel|100/100
|-damage|p2a: Silvally|88/100|[from] Spikes
|cant|p1a: Eldegoss|par
|
|upkeep
|turn|19
|
|t:|1667079726
|move|p2a: Silvally|Multi-Attack|p1a: Eldegoss
|-damage|p1a: Eldegoss|65/100 par
|move|p1a: Eldegoss|Aromatherapy|p1a: Eldegoss
|-activate|p1a: Eldegoss|move: Aromatherapy
|-curestatus|p1a: Eldegoss|par|[msg]
|-curestatus|p1: Audino|frz|[msg]
|
|upkeep
|turn|20
|
|t:|1667079732
|move|p2a: Silvally|Multi-Attack|p1a: Eldegoss
|-damage|p1a: Eldegoss|31/100
|move|p1a: Eldegoss|Leech Seed|p2a: Silvally
|-start|p2a: Silvally|move: Leech Seed
|
|-damage|p2a: Silvally|76/100|[from] Leech Seed|[of] p1a: Eldegoss
|-heal|p1a: Eldegoss|46/100|[silent]
|upkeep
|turn|21
|
|t:|1667079746
|move|p2a: Silvally|Multi-Attack|p1a: Eldegoss
|-damage|p1a: Eldegoss|17/100
|move|p1a: Eldegoss|Rapid Spin|p2a: Silvally
|-resisted|p2a: Silvally
|-damage|p2a: Silvally|73/100
|-boost|p1a: Eldegoss|spe|1
|-sideend|p1: visuals boss|Stealth Rock|[from] move: Rapid Spin|[of] p1a: Eldegoss
|
|-damage|p2a: Silvally|60/100|[from] Leech Seed|[of] p1a: Eldegoss
|-heal|p1a: Eldegoss|32/100|[silent]
|upkeep
|turn|22
|
|t:|1667079755
|switch|p1a: Togedemaru|Togedemaru, M|65/100
|move|p2a: Silvally|Defog|p1a: Togedemaru
|-unboost|p1a: Togedemaru|evasion|1
|-sideend|p2: the mellow|Spikes|[from] move: Defog|[of] p2a: Silvally
|
|-damage|p2a: Silvally|48/100|[from] Leech Seed|[of] p1a: Togedemaru
|-heal|p1a: Togedemaru|79/100|[silent]
|upkeep
|turn|23
|
|t:|1667079772
|switch|p2a: Regirock|Regirock|100/100
|move|p1a: Togedemaru|Wish|p1a: Togedemaru
|
|upkeep
|turn|24
|
|t:|1667079782
|move|p1a: Togedemaru|Spiky Shield|p1a: Togedemaru
|-singleturn|p1a: Togedemaru|move: Protect
|move|p2a: Regirock|Body Press|p1a: Togedemaru
|-activate|p1a: Togedemaru|move: Protect
|-damage|p2a: Regirock|88/100|[from] Spiky Shield|[of] p1a: Togedemaru
|
|-heal|p1a: Togedemaru|100/100|[from] move: Wish|[wisher] Togedemaru
|-heal|p2a: Regirock|94/100|[from] item: Leftovers
|upkeep
|turn|25
|
|t:|1667079795
|switch|p1a: Quagsire|Quagsire, F|100/100
|move|p2a: Regirock|Body Press|p1a: Quagsire
|-damage|p1a: Quagsire|70/100
|
|-heal|p2a: Regirock|99/100|[from] item: Leftovers
|-heal|p1a: Quagsire|76/100|[from] item: Leftovers
|upkeep
|turn|26
|
|t:|1667079805
|switch|p2a: Leafeon|Leafeon, F|100/100
|move|p1a: Quagsire|Toxic|p2a: Leafeon
|-status|p2a: Leafeon|tox
|
|-heal|p1a: Quagsire|82/100|[from] item: Leftovers
|-damage|p2a: Leafeon|95/100 tox|[from] psn
|upkeep
|turn|27
|
|t:|1667079811
|move|p1a: Quagsire|Protect|p1a: Quagsire
|-singleturn|p1a: Quagsire|Protect
|move|p2a: Leafeon|Knock Off|p1a: Quagsire
|-activate|p1a: Quagsire|move: Protect
|
|-heal|p2a: Leafeon|100/100 tox|[from] item: Leftovers
|-heal|p1a: Quagsire|88/100|[from] item: Leftovers
|-damage|p2a: Leafeon|89/100 tox|[from] psn
|upkeep
|turn|28
|
|t:|1667079817
|switch|p1a: Togedemaru|Togedemaru, M|100/100
|move|p2a: Leafeon|Knock Off|p1a: Togedemaru
|-damage|p1a: Togedemaru|47/100
|-damage|p2a: Leafeon|76/100 tox|[from] ability: Iron Barbs|[of] p1a: Togedemaru
|-damage|p2a: Leafeon|60/100 tox|[from] item: Rocky Helmet|[of] p1a: Togedemaru
|-enditem|p1a: Togedemaru|Rocky Helmet|[from] move: Knock Off|[of] p2a: Leafeon
|
|-heal|p2a: Leafeon|66/100 tox|[from] item: Leftovers
|-damage|p2a: Leafeon|48/100 tox|[from] psn
|upkeep
|turn|29
|
|t:|1667079828
|move|p1a: Togedemaru|Spiky Shield|p1a: Togedemaru
|-singleturn|p1a: Togedemaru|move: Protect
|move|p2a: Leafeon|Heal Bell|p2a: Leafeon
|-activate|p2a: Leafeon|move: Heal Bell
|-curestatus|p2a: Leafeon|tox|[msg]
|
|-heal|p2a: Leafeon|54/100|[from] item: Leftovers
|upkeep
|turn|30
|
|t:|1667079836
|switch|p2a: Sandaconda|Sandaconda, F|99/100
|move|p1a: Togedemaru|Wish|p1a: Togedemaru
|
|-heal|p2a: Sandaconda|100/100|[from] item: Leftovers
|upkeep
|turn|31
|
|t:|1667079844
|switch|p1a: Altaria|Altaria, M|48/100
|move|p2a: Sandaconda|Stealth Rock|p1a: Altaria
|-sidestart|p1: visuals boss|move: Stealth Rock
|
|-heal|p1a: Altaria|95/100|[from] move: Wish|[wisher] Togedemaru
|upkeep
|turn|32
|inactive|the mellow has 120 seconds left.
|
|t:|1667079880
|switch|p2a: Silvally|Silvally-Steel|48/100
|move|p1a: Altaria|Fire Spin|p2a: Silvally
|-supereffective|p2a: Silvally
|-damage|p2a: Silvally|39/100
|-activate|p2a: Silvally|move: Fire Spin|[of] p1a: Altaria
|
|-damage|p2a: Silvally|27/100|[from] move: Fire Spin|[partiallytrapped]
|upkeep
|turn|33
|
|t:|1667079889
|move|p2a: Silvally|Rock Slide|p1a: Altaria
|-supereffective|p1a: Altaria
|-damage|p1a: Altaria|63/100
|move|p1a: Altaria|Cotton Guard|p1a: Altaria
|-boost|p1a: Altaria|def|3
|
|-damage|p2a: Silvally|14/100|[from] move: Fire Spin|[partiallytrapped]
|upkeep
|turn|34
|
|t:|1667079896
|move|p2a: Silvally|Rock Slide|p1a: Altaria
|-supereffective|p1a: Altaria
|-damage|p1a: Altaria|49/100
|move|p1a: Altaria|Roost|p1a: Altaria
|-heal|p1a: Altaria|99/100
|-singleturn|p1a: Altaria|move: Roost
|
|-damage|p2a: Silvally|2/100|[from] move: Fire Spin|[partiallytrapped]
|upkeep
|turn|35
|
|t:|1667079907
|move|p2a: Silvally|Rock Slide|p1a: Altaria
|-supereffective|p1a: Altaria
|-damage|p1a: Altaria|85/100
|move|p1a: Altaria|Cotton Guard|p1a: Altaria
|-boost|p1a: Altaria|def|3
|
|-damage|p2a: Silvally|0 fnt|[from] move: Fire Spin|[partiallytrapped]
|faint|p2a: Silvally
|upkeep
|
|t:|1667079910
|switch|p2a: Articuno|Articuno-Galar|70/100
|turn|36
|
|t:|1667079919
|move|p2a: Articuno|Freezing Glare|p1a: Altaria
|-damage|p1a: Altaria|31/100
|move|p1a: Altaria|Fire Spin|p2a: Articuno
|-damage|p2a: Articuno|65/100
|-activate|p2a: Articuno|move: Fire Spin|[of] p1a: Altaria
|
|-damage|p2a: Articuno|52/100|[from] move: Fire Spin|[partiallytrapped]
|upkeep
|turn|37
|
|t:|1667079930
|switch|p1a: Audino|Audino, M|68/100
|move|p2a: Articuno|Freezing Glare|p1a: Audino
|-damage|p1a: Audino|16/100
|
|-end|p2a: Articuno|Fire Spin|[partiallytrapped]|[silent]
|upkeep
|turn|38
|
|t:|1667079937
|move|p1a: Audino|Protect|p1a: Audino
|-singleturn|p1a: Audino|Protect
|move|p2a: Articuno|Freezing Glare|p1a: Audino
|-activate|p1a: Audino|move: Protect
|
|upkeep
|turn|39
|
|t:|1667079954
|switch|p1a: Eldegoss|Eldegoss, F|65/100
|move|p2a: Articuno|Freezing Glare|p1a: Eldegoss
|-damage|p1a: Eldegoss|3/100
|
|upkeep
|turn|40
|
|t:|1667079971
|switch|p1a: Quagsire|Quagsire, F|88/100
|-damage|p1a: Quagsire|82/100|[from] Stealth Rock
|move|p2a: Articuno|Freezing Glare|p1a: Quagsire
|-damage|p1a: Quagsire|0 fnt
|faint|p1a: Quagsire
|
|upkeep
|
|t:|1667079977
|switch|p1a: Togedemaru|Togedemaru, M|47/100
|-damage|p1a: Togedemaru|41/100|[from] Stealth Rock
|turn|41
|
|t:|1667079986
|switch|p2a: Regirock|Regirock|99/100
|move|p1a: Togedemaru|Wish|p1a: Togedemaru
|
|-heal|p2a: Regirock|100/100|[from] item: Leftovers
|upkeep
|turn|42
|
|t:|1667079993
|move|p1a: Togedemaru|Nuzzle|p2a: Regirock
|-damage|p2a: Regirock|97/100
|-status|p2a: Regirock|par
|cant|p2a: Regirock|par
|
|-heal|p1a: Togedemaru|91/100|[from] move: Wish|[wisher] Togedemaru
|-heal|p2a: Regirock|100/100 par|[from] item: Leftovers
|upkeep
|turn|43
|
|t:|1667080013
|switch|p1a: Altaria|Altaria, M|31/100
|move|p2a: Regirock|Body Press|p1a: Altaria
|-resisted|p1a: Altaria
|-damage|p1a: Altaria|11/100
|
|upkeep
|turn|44
|
|t:|1667080034
|switch|p2a: Articuno|Articuno-Galar|52/100
|move|p1a: Altaria|Roost|p1a: Altaria
|-heal|p1a: Altaria|61/100
|-singleturn|p1a: Altaria|move: Roost
|
|upkeep
|turn|45
|
|t:|1667080052
|move|p2a: Articuno|Hurricane|p1a: Altaria|[miss]
|-miss|p2a: Articuno|p1a: Altaria
|move|p1a: Altaria|Roost|p1a: Altaria
|-heal|p1a: Altaria|100/100
|-singleturn|p1a: Altaria|move: Roost
|
|upkeep
|turn|46
|
|t:|1667080061
|move|p2a: Articuno|Hurricane|p1a: Altaria
|-damage|p1a: Altaria|37/100
|move|p1a: Altaria|Fire Spin|p2a: Articuno
|-damage|p2a: Articuno|47/100
|-activate|p2a: Articuno|move: Fire Spin|[of] p1a: Altaria
|
|-damage|p2a: Articuno|35/100|[from] move: Fire Spin|[partiallytrapped]
|upkeep
|turn|47
|
|t:|1667080071
|switch|p1a: Togedemaru|Togedemaru, M|91/100
|-damage|p1a: Togedemaru|85/100|[from] Stealth Rock
|move|p2a: Articuno|Hurricane|p1a: Togedemaru
|-resisted|p1a: Togedemaru
|-damage|p1a: Togedemaru|65/100
|
|-end|p2a: Articuno|Fire Spin|[partiallytrapped]|[silent]
|upkeep
|turn|48
|
|t:|1667080084
|switch|p2a: Leafeon|Leafeon, F|54/100
|move|p1a: Togedemaru|Wish|p1a: Togedemaru
|
|-heal|p2a: Leafeon|60/100|[from] item: Leftovers
|upkeep
|turn|49
|
|t:|1667080093
|move|p1a: Togedemaru|Nuzzle|p2a: Leafeon
|-resisted|p2a: Leafeon
|-damage|p2a: Leafeon|57/100
|-status|p2a: Leafeon|par
|move|p2a: Leafeon|Knock Off|p1a: Togedemaru
|-damage|p1a: Togedemaru|31/100
|-damage|p2a: Leafeon|45/100 par|[from] ability: Iron Barbs|[of] p1a: Togedemaru
|
|-heal|p1a: Togedemaru|81/100|[from] move: Wish|[wisher] Togedemaru
|-heal|p2a: Leafeon|50/100 par|[from] item: Leftovers
|upkeep
|turn|50
|
|t:|1667080103
|move|p1a: Togedemaru|Iron Head|p2a: Leafeon
|-damage|p2a: Leafeon|28/100 par
|cant|p2a: Leafeon|flinch
|
|-heal|p2a: Leafeon|34/100 par|[from] item: Leftovers
|upkeep
|turn|51
|
|t:|1667080110
|switch|p2a: Sandaconda|Sandaconda, F|100/100
|move|p1a: Togedemaru|Iron Head|p2a: Sandaconda
|-damage|p2a: Sandaconda|86/100
|
|-heal|p2a: Sandaconda|92/100|[from] item: Leftovers
|upkeep
|turn|52
|
|t:|1667080116
|move|p1a: Togedemaru|Spiky Shield|p1a: Togedemaru
|-singleturn|p1a: Togedemaru|move: Protect
|move|p2a: Sandaconda|Glare|p1a: Togedemaru
|-activate|p1a: Togedemaru|move: Protect
|
|-heal|p2a: Sandaconda|98/100|[from] item: Leftovers
|upkeep
|turn|53
|
|t:|1667080126
|switch|p1a: Altaria|Altaria, M|37/100
|switch|p2a: Leafeon|Leafeon, F|34/100 par
|
|-heal|p2a: Leafeon|40/100 par|[from] item: Leftovers
|upkeep
|turn|54
|
|t:|1667080136
|move|p1a: Altaria|Roost|p1a: Altaria
|-heal|p1a: Altaria|87/100
|-singleturn|p1a: Altaria|move: Roost
|move|p2a: Leafeon|Heal Bell|p2a: Leafeon
|-activate|p2a: Leafeon|move: Heal Bell
|-curestatus|p2a: Leafeon|par|[msg]
|-curestatus|p2: Regirock|par|[msg]
|
|-heal|p2a: Leafeon|46/100|[from] item: Leftovers
|upkeep
|turn|55
|
|t:|1667080157
|move|p2a: Leafeon|Knock Off|p1a: Altaria
|-damage|p1a: Altaria|52/100
|-enditem|p1a: Altaria|Heavy-Duty Boots|[from] move: Knock Off|[of] p2a: Leafeon
|move|p1a: Altaria|Fire Spin|p2a: Leafeon
|-supereffective|p2a: Leafeon
|-damage|p2a: Leafeon|27/100
|-activate|p2a: Leafeon|move: Fire Spin|[of] p1a: Altaria
|
|-heal|p2a: Leafeon|33/100|[from] item: Leftovers
|-damage|p2a: Leafeon|21/100|[from] move: Fire Spin|[partiallytrapped]
|upkeep
|turn|56
|
|t:|1667080165
|move|p2a: Leafeon|Knock Off|p1a: Altaria
|-damage|p1a: Altaria|30/100
|move|p1a: Altaria|Roost|p1a: Altaria
|-heal|p1a: Altaria|80/100
|-singleturn|p1a: Altaria|move: Roost
|
|-heal|p2a: Leafeon|27/100|[from] item: Leftovers
|-damage|p2a: Leafeon|15/100|[from] move: Fire Spin|[partiallytrapped]
|upkeep
|turn|57
|
|t:|1667080174
|move|p2a: Leafeon|Knock Off|p1a: Altaria
|-damage|p1a: Altaria|58/100
|move|p1a: Altaria|Cotton Guard|p1a: Altaria
|-boost|p1a: Altaria|def|3
|
|-heal|p2a: Leafeon|21/100|[from] item: Leftovers
|-damage|p2a: Leafeon|9/100|[from] move: Fire Spin|[partiallytrapped]
|upkeep
|turn|58
|
|t:|1667080179
|move|p2a: Leafeon|Knock Off|p1a: Altaria
|-damage|p1a: Altaria|47/100
|move|p1a: Altaria|Roost|p1a: Altaria
|-heal|p1a: Altaria|97/100
|-singleturn|p1a: Altaria|move: Roost
|
|-heal|p2a: Leafeon|15/100|[from] item: Leftovers
|-damage|p2a: Leafeon|2/100|[from] move: Fire Spin|[partiallytrapped]
|upkeep
|turn|59
|
|t:|1667080187
|move|p2a: Leafeon|Knock Off|p1a: Altaria
|-damage|p1a: Altaria|89/100
|move|p1a: Altaria|Cotton Guard|p1a: Altaria
|-boost|p1a: Altaria|def|3
|
|-heal|p2a: Leafeon|8/100|[from] item: Leftovers
|-damage|p2a: Leafeon|0 fnt|[from] move: Fire Spin|[partiallytrapped]
|faint|p2a: Leafeon
|upkeep
|
|t:|1667080201
|switch|p2a: Mesprit|Mesprit|100/100
|turn|60
|
|t:|1667080206
|move|p1a: Altaria|Fire Spin|p2a: Mesprit
|-damage|p2a: Mesprit|95/100
|-activate|p2a: Mesprit|move: Fire Spin|[of] p1a: Altaria
|move|p2a: Mesprit|Nasty Plot|p2a: Mesprit
|-boost|p2a: Mesprit|spa|2
|
|-heal|p2a: Mesprit|100/100|[from] item: Leftovers
|-damage|p2a: Mesprit|88/100|[from] move: Fire Spin|[partiallytrapped]
|upkeep
|turn|61
|
|t:|1667080228
|move|p1a: Altaria|Perish Song|p1a: Altaria
|-start|p1a: Altaria|perish3|[silent]
|-start|p2a: Mesprit|perish3|[silent]
|-fieldactivate|move: Perish Song
|move|p2a: Mesprit|Nasty Plot|p2a: Mesprit
|-boost|p2a: Mesprit|spa|2
|
|-heal|p2a: Mesprit|94/100|[from] item: Leftovers
|-damage|p2a: Mesprit|82/100|[from] move: Fire Spin|[partiallytrapped]
|-start|p2a: Mesprit|perish3
|-start|p1a: Altaria|perish3
|upkeep
|turn|62
|
|t:|1667080237
|move|p1a: Altaria|Roost|p1a: Altaria
|-heal|p1a: Altaria|100/100
|-singleturn|p1a: Altaria|move: Roost
|move|p2a: Mesprit|Nasty Plot|p2a: Mesprit
|-boost|p2a: Mesprit|spa|2
|
|-heal|p2a: Mesprit|88/100|[from] item: Leftovers
|-damage|p2a: Mesprit|75/100|[from] move: Fire Spin|[partiallytrapped]
|-start|p1a: Altaria|perish2
|-start|p2a: Mesprit|perish2
|upkeep
|turn|63
|
|t:|1667080252
|move|p2a: Mesprit|Psychic|p1a: Altaria
|-damage|p1a: Altaria|0 fnt
|faint|p1a: Altaria
|
|-heal|p2a: Mesprit|82/100|[from] item: Leftovers
|-end|p2a: Mesprit|Fire Spin|[partiallytrapped]|[silent]
|-start|p2a: Mesprit|perish1
|upkeep
|
|t:|1667080259
|switch|p1a: Togedemaru|Togedemaru, M|81/100
|-damage|p1a: Togedemaru|75/100|[from] Stealth Rock
|turn|64
|
|t:|1667080274
|switch|p1a: Eldegoss|Eldegoss, F|36/100
|switch|p2a: Sandaconda|Sandaconda, F|98/100
|
|-heal|p2a: Sandaconda|100/100|[from] item: Leftovers
|upkeep
|turn|65
|
|t:|1667080285
|switch|p2a: Articuno|Articuno-Galar|35/100
|move|p1a: Eldegoss|Leech Seed|p2a: Articuno
|-start|p2a: Articuno|move: Leech Seed
|
|-damage|p2a: Articuno|23/100|[from] Leech Seed|[of] p1a: Eldegoss
|-heal|p1a: Eldegoss|51/100|[silent]
|upkeep
|turn|66
|
|t:|1667080295
|switch|p1a: Togedemaru|Togedemaru, M|75/100
|-damage|p1a: Togedemaru|69/100|[from] Stealth Rock
|move|p2a: Articuno|Recover|p2a: Articuno
|-heal|p2a: Articuno|73/100
|
|-damage|p2a: Articuno|61/100|[from] Leech Seed|[of] p1a: Togedemaru
|-heal|p1a: Togedemaru|83/100|[silent]
|upkeep
|turn|67
|
|t:|1667080312
|switch|p1a: Eldegoss|Eldegoss, F|84/100
|switch|p2a: Sandaconda|Sandaconda, F|100/100
|
|upkeep
|turn|68
|
|t:|1667080327
|move|p2a: Sandaconda|Glare|p1a: Eldegoss
|-status|p1a: Eldegoss|par
|cant|p1a: Eldegoss|par
|
|upkeep
|turn|69
|
|t:|1667080333
|switch|p2a: Articuno|Articuno-Galar|61/100
|move|p1a: Eldegoss|Leech Seed|p2a: Articuno
|-start|p2a: Articuno|move: Leech Seed
|
|-damage|p2a: Articuno|48/100|[from] Leech Seed|[of] p1a: Eldegoss
|-heal|p1a: Eldegoss|99/100 par|[silent]
|upkeep
|turn|70
|
|t:|1667080347
|switch|p2a: Regirock|Regirock|100/100
|switch|p1a: Togedemaru|Togedemaru, M|83/100
|-damage|p1a: Togedemaru|77/100|[from] Stealth Rock
|
|upkeep
|turn|71
|
|t:|1667080353
|move|p1a: Togedemaru|Spiky Shield|p1a: Togedemaru
|-singleturn|p1a: Togedemaru|move: Protect
|move|p2a: Regirock|Body Press|p1a: Togedemaru
|-activate|p1a: Togedemaru|move: Protect
|-damage|p2a: Regirock|88/100|[from] Spiky Shield|[of] p1a: Togedemaru
|
|-heal|p2a: Regirock|94/100|[from] item: Leftovers
|upkeep
|turn|72
|
|t:|1667080361
|switch|p1a: Eldegoss|Eldegoss, F|100/100 par
|move|p2a: Regirock|Iron Defense|p2a: Regirock
|-boost|p2a: Regirock|def|2
|
|-heal|p2a: Regirock|99/100|[from] item: Leftovers
|upkeep
|turn|73
|
|t:|1667080368
|move|p2a: Regirock|Body Press|p1a: Eldegoss
|-damage|p1a: Eldegoss|34/100 par
|move|p1a: Eldegoss|Aromatherapy|p1a: Eldegoss
|-activate|p1a: Eldegoss|move: Aromatherapy
|-curestatus|p1a: Eldegoss|par|[msg]
|
|-heal|p2a: Regirock|100/100|[from] item: Leftovers
|upkeep
|turn|74
|
|t:|1667080372
|move|p1a: Eldegoss|Giga Drain|p2a: Regirock
|-supereffective|p2a: Regirock
|-damage|p2a: Regirock|60/100
|-heal|p1a: Eldegoss|56/100|[from] drain|[of] p2a: Regirock
|move|p2a: Regirock|Body Press|p1a: Eldegoss
|-damage|p1a: Eldegoss|0 fnt
|faint|p1a: Eldegoss
|
|-heal|p2a: Regirock|66/100|[from] item: Leftovers
|upkeep
|
|t:|1667080380
|switch|p1a: Togedemaru|Togedemaru, M|77/100
|-damage|p1a: Togedemaru|71/100|[from] Stealth Rock
|turn|75
|
|t:|1667080384
|move|p1a: Togedemaru|Spiky Shield|p1a: Togedemaru
|-singleturn|p1a: Togedemaru|move: Protect
|move|p2a: Regirock|Earthquake|p1a: Togedemaru
|-activate|p1a: Togedemaru|move: Protect
|
|-heal|p2a: Regirock|72/100|[from] item: Leftovers
|upkeep
|turn|76
|
|t:|1667080390
|move|p1a: Togedemaru|Iron Head|p2a: Regirock
|-supereffective|p2a: Regirock
|-damage|p2a: Regirock|61/100
|move|p2a: Regirock|Body Press|p1a: Togedemaru
|-supereffective|p1a: Togedemaru
|-damage|p1a: Togedemaru|0 fnt
|-damage|p2a: Regirock|49/100|[from] ability: Iron Barbs|[of] p1a: Togedemaru
|faint|p1a: Togedemaru
|
|-heal|p2a: Regirock|55/100|[from] item: Leftovers
|upkeep
|-message|visuals boss forfeited.
|
|win|the mellow
|raw|visuals boss's rating: 1347 &rarr; <strong>1323</strong><br />(-24 for losing)
|raw|the mellow's rating: 1284 &rarr; <strong>1313</strong><br />(+29 for winning)
|l|☆visuals boss
||Ladder isn't responding, score probably updated but might not have (Request timeout).
