|j|☆falcu
|j|☆holydaysacc
|t:|1650014780
|gametype|singles
|player|p1|falcu|giovanni|1418
|player|p2|holydaysacc|clown|1572
|teamsize|p1|6
|teamsize|p2|6
|gen|8
|tier|[Gen 8] PU
|rated|
|rule|Sleep Clause Mod: Limit one foe put to sleep
|rule|Species Clause: Limit one of each Pokémon
|rule|OHKO Clause: OHKO moves are banned
|rule|Evasion Moves Clause: Evasion moves are banned
|rule|Endless Battle Clause: Forcing endless battles is banned
|rule|HP Percentage Mod: HP is shown in percentages
|rule|Dynamax Clause: You cannot dynamax
|clearpoke
|poke|p1|Gigalith, F|
|poke|p1|Comfey, M|
|poke|p1|Lycanroc, F|
|poke|p1|Charizard, F|
|poke|p1|Weezing, F|
|poke|p1|Trevenant, M|
|poke|p2|Vikavolt, F|
|poke|p2|Scrafty, F|
|poke|p2|Whimsicott, M|
|poke|p2|Regirock|
|poke|p2|Togedemaru, M|
|poke|p2|Charizard, M|
|teampreview
|inactive|Battle timer is ON: inactive players will automatically lose when time's up. (requested by holydaysacc)
|inactive|falcu has 120 seconds left.
|inactive|falcu has 90 seconds left.
|inactive|falcu has 60 seconds left.
|
|t:|1650014921
|start
|switch|p1a: Trevenant|Trevenant, M|100/100
|switch|p2a: Scrafty|Scrafty, F|100/100
|-item|p2a: Scrafty|Leftovers|[from] ability: Frisk|[of] p1a: Trevenant|[identify]
|turn|1
|
|t:|1650014930
|switch|p1a: Weezing|Weezing, F|100/100
|move|p2a: Scrafty|Knock Off|p1a: Weezing
|-damage|p1a: Weezing|80/100
|-enditem|p1a: Weezing|Black Sludge|[from] move: Knock Off|[of] p2a: Scrafty
|
|upkeep
|turn|2
|
|t:|1650014941
|switch|p2a: Charizard|Charizard, M|100/100
|move|p1a: Weezing|Toxic Spikes|p2a: Charizard
|-sidestart|p2: holydaysacc|move: Toxic Spikes
|
|upkeep
|turn|3
|
|t:|1650014947
|switch|p1a: Gigalith|Gigalith, F|100/100
|-weather|Sandstorm|[from] ability: Sand Stream|[of] p1a: Gigalith
|move|p2a: Charizard|Defog|p1a: Gigalith
|-unboost|p1a: Gigalith|evasion|1
|-sideend|p2: holydaysacc|Toxic Spikes|[from] move: Defog|[of] p2a: Charizard
|
|-weather|Sandstorm|[upkeep]
|-damage|p2a: Charizard|94/100|[from] Sandstorm
|upkeep
|turn|4
|
|t:|1650014951
|move|p2a: Charizard|Toxic|p1a: Gigalith
|-status|p1a: Gigalith|tox
|move|p1a: Gigalith|Stealth Rock|p2a: Charizard
|-sidestart|p2: holydaysacc|move: Stealth Rock
|
|-weather|Sandstorm|[upkeep]
|-damage|p2a: Charizard|88/100|[from] Sandstorm
|-damage|p1a: Gigalith|94/100 tox|[from] psn
|upkeep
|turn|5
|
|t:|1650014954
|switch|p2a: Scrafty|Scrafty, F|100/100
|-damage|p2a: Scrafty|95/100|[from] Stealth Rock
|move|p1a: Gigalith|Rock Blast|p2a: Scrafty
|-resisted|p2a: Scrafty
|-damage|p2a: Scrafty|89/100
|-resisted|p2a: Scrafty
|-damage|p2a: Scrafty|84/100
|-hitcount|p2a: Scrafty|2
|
|-weather|Sandstorm|[upkeep]
|-damage|p2a: Scrafty|78/100|[from] Sandstorm
|-heal|p2a: Scrafty|84/100|[from] item: Leftovers
|-damage|p1a: Gigalith|82/100 tox|[from] psn
|upkeep
|turn|6
|
|t:|1650014969
|switch|p1a: Comfey|Comfey, M|100/100
|move|p2a: Scrafty|Knock Off|p1a: Comfey
|-resisted|p1a: Comfey
|-damage|p1a: Comfey|86/100
|-enditem|p1a: Comfey|Leftovers|[from] move: Knock Off|[of] p2a: Scrafty
|
|-weather|Sandstorm|[upkeep]
|-damage|p1a: Comfey|80/100|[from] Sandstorm
|-damage|p2a: Scrafty|78/100|[from] Sandstorm
|-heal|p2a: Scrafty|84/100|[from] item: Leftovers
|upkeep
|turn|7
|
|t:|1650014978
|switch|p1a: Charizard|Charizard, F|100/100
|switch|p2a: Togedemaru|Togedemaru, M|100/100
|-damage|p2a: Togedemaru|95/100|[from] Stealth Rock
|
|-weather|Sandstorm|[upkeep]
|-damage|p1a: Charizard|94/100|[from] Sandstorm
|-heal|p2a: Togedemaru|100/100|[from] item: Leftovers
|upkeep
|turn|8
|
|t:|1650014982
|switch|p2a: Regirock|Regirock|100/100
|-damage|p2a: Regirock|88/100|[from] Stealth Rock
|move|p1a: Charizard|Flamethrower|p2a: Regirock
|-resisted|p2a: Regirock
|-damage|p2a: Regirock|76/100
|
|-weather|Sandstorm|[upkeep]
|-damage|p1a: Charizard|88/100|[from] Sandstorm
|-heal|p2a: Regirock|82/100|[from] item: Leftovers
|upkeep
|turn|9
|
|t:|1650014987
|move|p1a: Charizard|Toxic|p2a: Regirock
|-status|p2a: Regirock|tox
|move|p2a: Regirock|Stealth Rock|p1a: Charizard
|-sidestart|p1: falcu|move: Stealth Rock
|
|-weather|Sandstorm|[upkeep]
|-damage|p1a: Charizard|82/100|[from] Sandstorm
|-heal|p2a: Regirock|88/100 tox|[from] item: Leftovers
|-damage|p2a: Regirock|82/100 tox|[from] psn
|upkeep
|turn|10
|
|t:|1650014998
|switch|p1a: Weezing|Weezing, F|80/100
|-damage|p1a: Weezing|67/100|[from] Stealth Rock
|switch|p2a: Vikavolt|Vikavolt, F|100/100
|
|-weather|none
|upkeep
|turn|11
|
|t:|1650015006
|switch|p1a: Gigalith|Gigalith, F|82/100 tox
|-damage|p1a: Gigalith|70/100 tox|[from] Stealth Rock
|-weather|Sandstorm|[from] ability: Sand Stream|[of] p1a: Gigalith
|move|p2a: Vikavolt|Volt Switch|p1a: Gigalith
|-damage|p1a: Gigalith|50/100 tox
|
|t:|1650015011
|switch|p2a: Scrafty|Scrafty, F|84/100|[from]move: Volt Switch
|-damage|p2a: Scrafty|78/100|[from] Stealth Rock
|
|-weather|Sandstorm|[upkeep]
|-damage|p2a: Scrafty|72/100|[from] Sandstorm
|-heal|p2a: Scrafty|78/100|[from] item: Leftovers
|-damage|p1a: Gigalith|44/100 tox|[from] psn
|upkeep
|turn|12
|
|t:|1650015018
|switch|p1a: Weezing|Weezing, F|67/100
|-damage|p1a: Weezing|55/100|[from] Stealth Rock
|move|p2a: Scrafty|Bulk Up|p2a: Scrafty
|-boost|p2a: Scrafty|atk|1
|-boost|p2a: Scrafty|def|1
|
|-weather|Sandstorm|[upkeep]
|-damage|p1a: Weezing|49/100|[from] Sandstorm
|-damage|p2a: Scrafty|72/100|[from] Sandstorm
|-heal|p2a: Scrafty|78/100|[from] item: Leftovers
|upkeep
|turn|13
|
|t:|1650015026
|move|p1a: Weezing|Flamethrower|p2a: Scrafty
|-crit|p2a: Scrafty
|-damage|p2a: Scrafty|58/100
|move|p2a: Scrafty|Knock Off|p1a: Weezing
|-damage|p1a: Weezing|27/100
|
|-weather|Sandstorm|[upkeep]
|-damage|p1a: Weezing|21/100|[from] Sandstorm
|-damage|p2a: Scrafty|52/100|[from] Sandstorm
|-heal|p2a: Scrafty|58/100|[from] item: Leftovers
|upkeep
|turn|14
|
|t:|1650015033
|move|p1a: Weezing|Flamethrower|p2a: Scrafty
|-damage|p2a: Scrafty|47/100
|-status|p2a: Scrafty|brn
|move|p2a: Scrafty|Knock Off|p1a: Weezing
|-damage|p1a: Weezing|11/100
|
|-weather|Sandstorm|[upkeep]
|-damage|p1a: Weezing|5/100|[from] Sandstorm
|-damage|p2a: Scrafty|41/100 brn|[from] Sandstorm
|-activate|p2a: Scrafty|ability: Shed Skin
|-curestatus|p2a: Scrafty|brn|[msg]
|-heal|p2a: Scrafty|47/100|[from] item: Leftovers
|upkeep
|turn|15
|
|t:|1650015037
|move|p1a: Weezing|Flamethrower|p2a: Scrafty
|-damage|p2a: Scrafty|35/100
|move|p2a: Scrafty|Knock Off|p1a: Weezing
|-damage|p1a: Weezing|0 fnt
|faint|p1a: Weezing
|
|-weather|Sandstorm|[upkeep]
|-damage|p2a: Scrafty|29/100|[from] Sandstorm
|-heal|p2a: Scrafty|35/100|[from] item: Leftovers
|upkeep
|inactive|falcu has 120 seconds left.
|
|t:|1650015082
|switch|p1a: Comfey|Comfey, M|80/100
|-damage|p1a: Comfey|67/100|[from] Stealth Rock
|turn|16
|
|t:|1650015096
|switch|p1a: Charizard|Charizard, F|82/100
|switch|p2a: Togedemaru|Togedemaru, M|100/100
|-damage|p2a: Togedemaru|95/100|[from] Stealth Rock
|
|-weather|Sandstorm|[upkeep]
|-damage|p1a: Charizard|76/100|[from] Sandstorm
|-heal|p2a: Togedemaru|100/100|[from] item: Leftovers
|upkeep
|turn|17
|inactive|falcu has 120 seconds left.
|
|t:|1650015105
|switch|p2a: Scrafty|Scrafty, F|35/100
|-damage|p2a: Scrafty|29/100|[from] Stealth Rock
|move|p1a: Charizard|Flamethrower|p2a: Scrafty
|-damage|p2a: Scrafty|2/100
|
|-weather|Sandstorm|[upkeep]
|-damage|p1a: Charizard|70/100|[from] Sandstorm
|-damage|p2a: Scrafty|0 fnt|[from] Sandstorm
|faint|p2a: Scrafty
|upkeep
|
|t:|1650015109
|switch|p2a: Regirock|Regirock|82/100 tox
|-damage|p2a: Regirock|70/100 tox|[from] Stealth Rock
|turn|18
|
|t:|1650015120
|switch|p1a: Trevenant|Trevenant, M|100/100
|-damage|p1a: Trevenant|88/100|[from] Stealth Rock
|-item|p2a: Regirock|Leftovers|[from] ability: Frisk|[of] p1a: Trevenant|[identify]
|move|p2a: Regirock|Rock Blast|p1a: Trevenant
|-crit|p1a: Trevenant
|-damage|p1a: Trevenant|70/100
|-damage|p1a: Trevenant|58/100
|-damage|p1a: Trevenant|47/100
|-hitcount|p1a: Trevenant|3
|
|-weather|none
|-heal|p2a: Regirock|76/100 tox|[from] item: Leftovers
|-damage|p2a: Regirock|70/100 tox|[from] psn
|upkeep
|turn|19
|
|t:|1650015136
|switch|p2a: Vikavolt|Vikavolt, F|100/100
|move|p1a: Trevenant|Poltergeist|p2a: Vikavolt
|-activate|p2a: Vikavolt|move: Poltergeist|Heavy-Duty Boots
|-damage|p2a: Vikavolt|0 fnt
|faint|p2a: Vikavolt
|
|upkeep
|
|t:|1650015140
|switch|p2a: Whimsicott|Whimsicott, M|100/100
|-damage|p2a: Whimsicott|88/100|[from] Stealth Rock
|turn|20
|
|t:|1650015156
|move|p2a: Whimsicott|Moonblast|p1a: Trevenant
|-damage|p1a: Trevenant|0 fnt
|faint|p1a: Trevenant
|
|upkeep
|
|t:|1650015168
|switch|p1a: Comfey|Comfey, M|67/100
|-damage|p1a: Comfey|55/100|[from] Stealth Rock
|turn|21
|
|t:|1650015172
|switch|p1a: Charizard|Charizard, F|70/100
|move|p2a: Whimsicott|Moonblast|p1a: Charizard
|-resisted|p1a: Charizard
|-damage|p1a: Charizard|39/100
|
|upkeep
|turn|22
|
|t:|1650015181
|switch|p2a: Charizard|Charizard, M|88/100
|move|p1a: Charizard|Roost|p1a: Charizard
|-heal|p1a: Charizard|89/100
|-singleturn|p1a: Charizard|move: Roost
|
|upkeep
|turn|23
|
|t:|1650015190
|move|p2a: Charizard|Toxic|p1a: Charizard
|-status|p1a: Charizard|tox
|move|p1a: Charizard|Toxic|p2a: Charizard
|-status|p2a: Charizard|tox
|
|-damage|p1a: Charizard|83/100 tox|[from] psn
|-damage|p2a: Charizard|82/100 tox|[from] psn
|upkeep
|turn|24
|
|t:|1650015198
|switch|p1a: Gigalith|Gigalith, F|44/100 tox
|-damage|p1a: Gigalith|32/100 tox|[from] Stealth Rock
|-weather|Sandstorm|[from] ability: Sand Stream|[of] p1a: Gigalith
|move|p2a: Charizard|Defog|p1a: Gigalith
|-unboost|p1a: Gigalith|evasion|1
|-sideend|p1: falcu|Stealth Rock|[from] move: Defog|[of] p2a: Charizard
|-sideend|p2: holydaysacc|Stealth Rock|[from] move: Defog|[of] p2a: Charizard
|
|-weather|Sandstorm|[upkeep]
|-damage|p2a: Charizard|76/100 tox|[from] Sandstorm
|-damage|p2a: Charizard|64/100 tox|[from] psn
|-damage|p1a: Gigalith|26/100 tox|[from] psn
|upkeep
|turn|25
|
|t:|1650015208
|switch|p2a: Regirock|Regirock|70/100 tox
|move|p1a: Gigalith|Stealth Rock|p2a: Regirock
|-sidestart|p2: holydaysacc|move: Stealth Rock
|
|-weather|Sandstorm|[upkeep]
|-heal|p2a: Regirock|76/100 tox|[from] item: Leftovers
|-damage|p2a: Regirock|70/100 tox|[from] psn
|-damage|p1a: Gigalith|14/100 tox|[from] psn
|upkeep
|turn|26
|
|t:|1650015220
|move|p2a: Regirock|Body Press|p1a: Gigalith
|-supereffective|p1a: Gigalith
|-damage|p1a: Gigalith|0 fnt
|faint|p1a: Gigalith
|
|-weather|Sandstorm|[upkeep]
|-heal|p2a: Regirock|76/100 tox|[from] item: Leftovers
|-damage|p2a: Regirock|64/100 tox|[from] psn
|upkeep
|inactive|falcu has 120 seconds left.
|
|t:|1650015247
|switch|p1a: Charizard|Charizard, F|83/100 tox
|turn|27
|
|t:|1650015254
|move|p1a: Charizard|Flamethrower|p2a: Regirock
|-resisted|p2a: Regirock
|-damage|p2a: Regirock|50/100 tox
|move|p2a: Regirock|Rock Blast|p1a: Charizard
|-supereffective|p1a: Charizard
|-damage|p1a: Charizard|35/100 tox
|-supereffective|p1a: Charizard
|-crit|p1a: Charizard
|-damage|p1a: Charizard|0 fnt
|faint|p1a: Charizard
|-hitcount|p1: Charizard|2
|
|-weather|Sandstorm|[upkeep]
|-heal|p2a: Regirock|56/100 tox|[from] item: Leftovers
|-damage|p2a: Regirock|38/100 tox|[from] psn
|upkeep
|inactive|falcu has 120 seconds left.
|
|t:|1650015268
|switch|p1a: Lycanroc|Lycanroc, F|100/100
|turn|28
|
|t:|1650015270
|move|p1a: Lycanroc|Close Combat|p2a: Regirock
|-supereffective|p2a: Regirock
|-damage|p2a: Regirock|0 fnt
|-unboost|p1a: Lycanroc|def|1
|-unboost|p1a: Lycanroc|spd|1
|faint|p2a: Regirock
|-damage|p1a: Lycanroc|91/100|[from] item: Life Orb
|
|-weather|Sandstorm|[upkeep]
|upkeep
|
|t:|1650015288
|switch|p2a: Togedemaru|Togedemaru, M|100/100
|-damage|p2a: Togedemaru|95/100|[from] Stealth Rock
|turn|29
|
|t:|1650015293
|move|p2a: Togedemaru|Spiky Shield|p2a: Togedemaru
|-singleturn|p2a: Togedemaru|move: Protect
|move|p1a: Lycanroc|Close Combat|p2a: Togedemaru
|-activate|p2a: Togedemaru|move: Protect
|-damage|p1a: Lycanroc|78/100|[from] Spiky Shield|[of] p2a: Togedemaru
|
|-weather|Sandstorm|[upkeep]
|-heal|p2a: Togedemaru|100/100|[from] item: Leftovers
|upkeep
|turn|30
|
|t:|1650015298
|switch|p2a: Charizard|Charizard, M|64/100 tox
|move|p1a: Lycanroc|Stone Edge|p2a: Charizard
|-supereffective|p2a: Charizard
|-damage|p2a: Charizard|0 fnt
|faint|p2a: Charizard
|-damage|p1a: Lycanroc|68/100|[from] item: Life Orb
|
|-weather|Sandstorm|[upkeep]
|upkeep
|
|t:|1650015314
|switch|p2a: Togedemaru|Togedemaru, M|100/100
|-damage|p2a: Togedemaru|95/100|[from] Stealth Rock
|turn|31
|
|t:|1650015324
|move|p1a: Lycanroc|Close Combat|p2a: Togedemaru
|-supereffective|p2a: Togedemaru
|-damage|p2a: Togedemaru|0 fnt
|-unboost|p1a: Lycanroc|def|1
|-unboost|p1a: Lycanroc|spd|1
|faint|p2a: Togedemaru
|-damage|p1a: Lycanroc|58/100|[from] item: Life Orb
|
|-weather|none
|upkeep
|j| ii77
|
|t:|1650015326
|switch|p2a: Whimsicott|Whimsicott, M|88/100
|-damage|p2a: Whimsicott|76/100|[from] Stealth Rock
|turn|32
|
|t:|1650015333
|move|p1a: Lycanroc|Accelerock|p2a: Whimsicott
|-damage|p2a: Whimsicott|37/100
|-damage|p1a: Lycanroc|48/100|[from] item: Life Orb
|move|p2a: Whimsicott|Moonblast|p1a: Lycanroc
|-damage|p1a: Lycanroc|0 fnt
|faint|p1a: Lycanroc
|
|upkeep
|
|t:|1650015336
|switch|p1a: Comfey|Comfey, M|55/100
|turn|33
|
|t:|1650015339
|move|p2a: Whimsicott|Moonblast|p1a: Comfey
|-damage|p1a: Comfey|1/100
|move|p1a: Comfey|Calm Mind|p1a: Comfey
|-boost|p1a: Comfey|spa|1
|-boost|p1a: Comfey|spd|1
|
|upkeep
|turn|34
|
|t:|1650015343
|move|p1a: Comfey|Draining Kiss|p2a: Whimsicott
|-damage|p2a: Whimsicott|2/100
|-heal|p1a: Comfey|23/100|[from] drain|[of] p2a: Whimsicott
|move|p2a: Whimsicott|Moonblast|p1a: Comfey
|-damage|p1a: Comfey|0 fnt
|faint|p1a: Comfey
|
|win|holydaysacc
|raw|falcu's rating: 1418 &rarr; <strong>1406</strong><br />(-12 for losing)
|raw|holydaysacc's rating: 1572 &rarr; <strong>1584</strong><br />(+12 for winning)
|c|☆falcu|gg
|c|☆holydaysacc|Gg
|l|☆holydaysacc
|l| ii77
