|j|☆srwak1
|j|☆tryingnewssas
|t:|1626558934
|gametype|singles
|player|p1|srwak1|twins-gen4dp|1286
|player|p2|tryingnewssas|1|1473
|teamsize|p1|6
|teamsize|p2|6
|gen|8
|tier|[Gen 8] PU
|rated|
|rule|Sleep Clause Mod: Limit one foe put to sleep
|rule|Species Clause: Limit one of each Pokémon
|rule|OHKO Clause: OHKO moves are banned
|rule|Evasion Moves Clause: Evasion moves are banned
|rule|Endless Battle Clause: Forcing endless battles is banned
|rule|HP Percentage Mod: HP is shown in percentages
|rule|Dynamax Clause: You cannot dynamax
|clearpoke
|poke|p1|Tsareena, F|
|poke|p1|Beheeyem, F|
|poke|p1|Jolteon, F|
|poke|p1|Glaceon, M|
|poke|p1|Wishiwashi, M|
|poke|p1|Silvally-*|
|poke|p2|Weezing, M|
|poke|p2|Stunfisk-Galar, M|
|poke|p2|Passimian, M|
|poke|p2|Jellicent, M|
|poke|p2|Altaria, F|
|poke|p2|Vikavolt, M|
|teampreview
|
|t:|1626558950
|start
|switch|p1a: Beheeyem|Beheeyem, F|100/100
|switch|p2a: Passimian|Passimian, M|100/100
|turn|1
|
|t:|1626558957
|move|p2a: Passimian|U-turn|p1a: Beheeyem
|-supereffective|p1a: Beheeyem
|-damage|p1a: Beheeyem|46/100
|
|t:|1626558959
|switch|p2a: Stunfisk|Stunfisk-Galar, M|100/100|[from]move: U-turn
|move|p1a: Beheeyem|Psychic|p2a: Stunfisk
|-resisted|p2a: Stunfisk
|-damage|p2a: Stunfisk|70/100
|
|-heal|p2a: Stunfisk|77/100|[from] item: Leftovers
|upkeep
|turn|2
|
|t:|1626558975
|move|p2a: Stunfisk|Stealth Rock|p1a: Beheeyem
|-sidestart|p1: srwak1|move: Stealth Rock
|move|p1a: Beheeyem|Psychic|p2a: Stunfisk
|-resisted|p2a: Stunfisk
|-damage|p2a: Stunfisk|44/100
|
|-heal|p2a: Stunfisk|50/100|[from] item: Leftovers
|upkeep
|turn|3
|
|t:|1626558985
|move|p2a: Stunfisk|Earthquake|p1a: Beheeyem
|-damage|p1a: Beheeyem|10/100
|move|p1a: Beheeyem|Psychic|p2a: Stunfisk
|-resisted|p2a: Stunfisk
|-damage|p2a: Stunfisk|20/100
|
|-heal|p2a: Stunfisk|26/100|[from] item: Leftovers
|upkeep
|turn|4
|
|t:|1626558994
|move|p2a: Stunfisk|Earthquake|p1a: Beheeyem
|-damage|p1a: Beheeyem|0 fnt
|faint|p1a: Beheeyem
|
|-heal|p2a: Stunfisk|32/100|[from] item: Leftovers
|upkeep
|
|t:|1626559005
|switch|p1a: Wishiwashi|Wishiwashi, M|100/100
|-damage|p1a: Wishiwashi|88/100|[from] Stealth Rock
|-formechange|p1a: Wishiwashi|Wishiwashi-School||[from] ability: Schooling
|turn|5
|
|t:|1626559012
|switch|p2a: Jellicent|Jellicent, M|100/100
|move|p1a: Wishiwashi|Surf|p2a: Jellicent
|-immune|p2a: Jellicent|[from] ability: Water Absorb
|
|upkeep
|turn|6
|
|t:|1626559021
|switch|p1a: Tsareena|Tsareena, F|100/100
|-damage|p1a: Tsareena|88/100|[from] Stealth Rock
|move|p2a: Jellicent|Scald|p1a: Tsareena
|-resisted|p1a: Tsareena
|-damage|p1a: Tsareena|75/100
|
|upkeep
|turn|7
|
|t:|1626559033
|switch|p2a: Weezing|Weezing, M|100/100
|move|p1a: Tsareena|Knock Off|p2a: Weezing
|-damage|p2a: Weezing|76/100
|-damage|p1a: Tsareena|59/100|[from] item: Rocky Helmet|[of] p2a: Weezing
|-enditem|p2a: Weezing|Rocky Helmet|[from] move: Knock Off|[of] p1a: Tsareena
|
|upkeep
|turn|8
|
|t:|1626559044
|move|p1a: Tsareena|Rapid Spin|p2a: Weezing
|-damage|p2a: Weezing|64/100
|-boost|p1a: Tsareena|spe|1
|-sideend|p1: srwak1|Stealth Rock|[from] move: Rapid Spin|[of] p1a: Tsareena
|move|p2a: Weezing|Sludge Bomb|p1a: Tsareena
|-supereffective|p1a: Tsareena
|-damage|p1a: Tsareena|9/100
|-enditem|p1a: Tsareena|Sitrus Berry|[eat]
|-heal|p1a: Tsareena|34/100|[from] item: Sitrus Berry
|
|upkeep
|turn|9
|
|t:|1626559064
|switch|p1a: Silvally|Silvally|100/100
|move|p2a: Weezing|Sludge Bomb|p1a: Silvally
|-damage|p1a: Silvally|76/100
|
|upkeep
|turn|10
|
|t:|1626559097
|switch|p2a: Jellicent|Jellicent, M|100/100
|move|p1a: Silvally|Multi-Attack|p2a: Jellicent
|-immune|p2a: Jellicent
|
|upkeep
|turn|11
|
|t:|1626559105
|move|p1a: Silvally|Crunch|p2a: Jellicent
|-supereffective|p2a: Jellicent
|-enditem|p2a: Jellicent|Colbur Berry|[eat]
|-enditem|p2a: Jellicent|Colbur Berry|[weaken]
|-damage|p2a: Jellicent|82/100
|move|p2a: Jellicent|Scald|p1a: Silvally
|-damage|p1a: Silvally|54/100
|
|upkeep
|turn|12
|
|t:|1626559114
|move|p1a: Silvally|Parting Shot|p2a: Jellicent
|-unboost|p2a: Jellicent|atk|1
|-unboost|p2a: Jellicent|spa|1
|
|t:|1626559121
|switch|p1a: Jolteon|Jolteon, F|100/100|[from]move: Parting Shot
|move|p2a: Jellicent|Scald|p1a: Jolteon
|-damage|p1a: Jolteon|79/100
|-status|p1a: Jolteon|brn
|
|-damage|p1a: Jolteon|73/100 brn|[from] brn
|upkeep
|turn|13
|
|t:|1626559132
|switch|p2a: Vikavolt|Vikavolt, M|100/100
|move|p1a: Jolteon|Shadow Ball|p2a: Vikavolt
|-damage|p2a: Vikavolt|63/100
|
|-damage|p1a: Jolteon|67/100 brn|[from] brn
|upkeep
|turn|14
|j| Grandmaschrute
|
|t:|1626559148
|move|p1a: Jolteon|Shadow Ball|p2a: Vikavolt
|-damage|p2a: Vikavolt|27/100
|-unboost|p2a: Vikavolt|spd|1
|move|p2a: Vikavolt|Energy Ball|p1a: Jolteon
|-damage|p1a: Jolteon|28/100 brn
|
|-damage|p1a: Jolteon|22/100 brn|[from] brn
|upkeep
|turn|15
|
|t:|1626559158
|switch|p2a: Altaria|Altaria, F|100/100
|move|p1a: Jolteon|Shadow Ball|p2a: Altaria
|-damage|p2a: Altaria|77/100
|
|-damage|p1a: Jolteon|16/100 brn|[from] brn
|upkeep
|turn|16
|
|t:|1626559169
|switch|p1a: Silvally|Silvally|54/100
|move|p2a: Altaria|Roost|p2a: Altaria
|-heal|p2a: Altaria|100/100
|-singleturn|p2a: Altaria|move: Roost
|
|upkeep
|turn|17
|
|t:|1626559179
|switch|p2a: Jellicent|Jellicent, M|82/100
|move|p1a: Silvally|Explosion|p2a: Jellicent
|-immune|p2a: Jellicent
|faint|p1a: Silvally
|
|upkeep
|
|t:|1626559188
|switch|p1a: Tsareena|Tsareena, F|34/100
|turn|18
|
|t:|1626559192
|switch|p2a: Weezing|Weezing, M|64/100
|move|p1a: Tsareena|Power Whip|p2a: Weezing
|-resisted|p2a: Weezing
|-damage|p2a: Weezing|44/100
|
|upkeep
|turn|19
|
|t:|1626559202
|switch|p1a: Wishiwashi|Wishiwashi, M|88/100
|-formechange|p1a: Wishiwashi|Wishiwashi-School||[from] ability: Schooling
|move|p2a: Weezing|Sludge Bomb|p1a: Wishiwashi
|-damage|p1a: Wishiwashi|65/100
|
|upkeep
|turn|20
|
|t:|1626559214
|switch|p2a: Jellicent|Jellicent, M|82/100
|move|p1a: Wishiwashi|Ice Beam|p2a: Jellicent
|-resisted|p2a: Jellicent
|-damage|p2a: Jellicent|60/100
|
|upkeep
|turn|21
|
|t:|1626559240
|switch|p1a: Tsareena|Tsareena, F|34/100
|move|p2a: Jellicent|Scald|p1a: Tsareena
|-resisted|p1a: Tsareena
|-damage|p1a: Tsareena|21/100
|
|upkeep
|turn|22
|
|t:|1626559250
|switch|p2a: Vikavolt|Vikavolt, M|27/100
|move|p1a: Tsareena|Power Whip|p2a: Vikavolt
|-resisted|p2a: Vikavolt
|-damage|p2a: Vikavolt|0 fnt
|faint|p2a: Vikavolt
|
|upkeep
|
|t:|1626559252
|switch|p2a: Passimian|Passimian, M|100/100
|turn|23
|
|t:|1626559272
|move|p2a: Passimian|Close Combat|p1a: Tsareena
|-damage|p1a: Tsareena|0 fnt
|-unboost|p2a: Passimian|def|1
|-unboost|p2a: Passimian|spd|1
|faint|p1a: Tsareena
|
|upkeep
|
|t:|1626559281
|switch|p1a: Wishiwashi|Wishiwashi, M|65/100
|-formechange|p1a: Wishiwashi|Wishiwashi-School||[from] ability: Schooling
|turn|24
|
|t:|1626559293
|switch|p2a: Jellicent|Jellicent, M|60/100
|move|p1a: Wishiwashi|Surf|p2a: Jellicent
|-heal|p2a: Jellicent|85/100|[from] ability: Water Absorb|[of] p1a: Wishiwashi
|
|upkeep
|turn|25
|-message|srwak1 forfeited.
|
|win|tryingnewssas
|raw|srwak1's rating: 1286 &rarr; <strong>1273</strong><br />(-13 for losing)
|raw|tryingnewssas's rating: 1473 &rarr; <strong>1483</strong><br />(+10 for winning)
|l| Grandmaschrute
|c|☆srwak1|Nice team
|l|☆tryingnewssas
