|j|☆Steven Davis
|j|☆shnen
|t:|1629670536
|gametype|singles
|player|p1|Steven Davis|steven|1403
|player|p2|shnen|preschoolerf|1488
|teamsize|p1|6
|teamsize|p2|6
|gen|8
|tier|[Gen 8] PU
|rated|
|rule|Sleep Clause Mod: Limit one foe put to sleep
|rule|Species Clause: Limit one of each Pokémon
|rule|OHKO Clause: OHKO moves are banned
|rule|Evasion Moves Clause: Evasion moves are banned
|rule|Endless Battle Clause: Forcing endless battles is banned
|rule|HP Percentage Mod: HP is shown in percentages
|rule|Dynamax Clause: You cannot dynamax
|clearpoke
|poke|p1|Lanturn, M|
|poke|p1|Weezing, F|
|poke|p1|Regirock|
|poke|p1|Articuno|
|poke|p1|Hitmontop, M|
|poke|p1|Jolteon, M|
|poke|p2|Weezing, F|
|poke|p2|Tsareena, F|
|poke|p2|Articuno-Galar|
|poke|p2|Gigalith, F|
|poke|p2|Quagsire, M|
|poke|p2|Togedemaru, M|
|teampreview
|c|☆shnen|you're in luck
|c|☆shnen|I removed zard
|c|☆Steven Davis|Hahaha
|c|☆Steven Davis|Why?
|c|☆shnen|because I came against a team with specs wishiwashi and immediately lost 3 mons to it hahahah
|c|☆Steven Davis|Ooof
|
|t:|1629670586
|start
|switch|p1a: Weezing|Weezing, F|100/100
|switch|p2a: Togedemaru|Togedemaru, M|100/100
|turn|1
|
|t:|1629670617
|move|p2a: Togedemaru|U-turn|p1a: Weezing
|-resisted|p1a: Weezing
|-damage|p1a: Weezing|95/100
|
|t:|1629670619
|switch|p2a: Articuno|Articuno-Galar|100/100|[from]move: U-turn
|move|p1a: Weezing|Will-O-Wisp|p2a: Articuno|[miss]
|-miss|p1a: Weezing|p2a: Articuno
|
|-heal|p1a: Weezing|100/100|[from] item: Black Sludge
|upkeep
|turn|2
|
|t:|1629670627
|switch|p2a: Weezing|Weezing, F|100/100
|-ability|p2a: Weezing|Neutralizing Gas
|switch|p1a: Articuno|Articuno|100/100
|
|upkeep
|turn|3
|
|t:|1629670630
|-end|p2a: Weezing|ability: Neutralizing Gas
|-ability|p1a: Articuno|Pressure
|switch|p2a: Gigalith|Gigalith, F|100/100
|-weather|Sandstorm|[from] ability: Sand Stream|[of] p2a: Gigalith
|move|p1a: Articuno|Substitute|p1a: Articuno
|-start|p1a: Articuno|Substitute
|-damage|p1a: Articuno|75/100
|
|-weather|Sandstorm|[upkeep]
|-damage|p1a: Articuno|69/100|[from] Sandstorm
|upkeep
|turn|4
|j| Grandmaschrute
|
|t:|1629670640
|switch|p1a: Weezing|Weezing, F|100/100
|move|p2a: Gigalith|Toxic|p1a: Weezing
|-immune|p1a: Weezing
|
|-weather|Sandstorm|[upkeep]
|-damage|p1a: Weezing|95/100|[from] Sandstorm
|-heal|p1a: Weezing|100/100|[from] item: Black Sludge
|upkeep
|turn|5
|j| kellion180
|
|t:|1629670649
|move|p1a: Weezing|Sludge Bomb|p2a: Gigalith
|-resisted|p2a: Gigalith
|-damage|p2a: Gigalith|93/100
|move|p2a: Gigalith|Stealth Rock|p1a: Weezing
|-sidestart|p1: Steven Davis|move: Stealth Rock
|
|-weather|Sandstorm|[upkeep]
|-damage|p1a: Weezing|95/100|[from] Sandstorm
|-heal|p1a: Weezing|100/100|[from] item: Black Sludge
|-heal|p2a: Gigalith|99/100|[from] item: Leftovers
|upkeep
|turn|6
|
|t:|1629670666
|switch|p2a: Articuno|Articuno-Galar|100/100
|move|p1a: Weezing|Toxic Spikes|p2a: Articuno
|-sidestart|p2: shnen|move: Toxic Spikes
|
|-weather|Sandstorm|[upkeep]
|-damage|p2a: Articuno|94/100|[from] Sandstorm
|-damage|p1a: Weezing|95/100|[from] Sandstorm
|-heal|p2a: Articuno|100/100|[from] item: Leftovers
|-heal|p1a: Weezing|100/100|[from] item: Black Sludge
|upkeep
|turn|7
|
|t:|1629670680
|switch|p2a: Tsareena|Tsareena, F|100/100
|switch|p1a: Lanturn|Lanturn, M|100/100
|-damage|p1a: Lanturn|88/100|[from] Stealth Rock
|
|-weather|none
|-heal|p1a: Lanturn|94/100|[from] item: Leftovers
|upkeep
|turn|8
|
|t:|1629670684
|switch|p1a: Weezing|Weezing, F|100/100
|-damage|p1a: Weezing|88/100|[from] Stealth Rock
|move|p2a: Tsareena|Rapid Spin|p1a: Weezing
|-damage|p1a: Weezing|76/100
|-boost|p2a: Tsareena|spe|1
|-sideend|p2: shnen|Toxic Spikes|[from] move: Rapid Spin|[of] p2a: Tsareena
|
|-heal|p1a: Weezing|82/100|[from] item: Black Sludge
|upkeep
|turn|9
|
|t:|1629670692
|switch|p2a: Articuno|Articuno-Galar|100/100
|move|p1a: Weezing|Sludge Bomb|p2a: Articuno
|-damage|p2a: Articuno|77/100
|
|-heal|p2a: Articuno|83/100|[from] item: Leftovers
|-heal|p1a: Weezing|88/100|[from] item: Black Sludge
|upkeep
|turn|10
|
|t:|1629670701
|switch|p1a: Articuno|Articuno|69/100
|-ability|p1a: Articuno|Pressure
|move|p2a: Articuno|Calm Mind|p2a: Articuno
|-boost|p2a: Articuno|spa|1
|-boost|p2a: Articuno|spd|1
|
|-heal|p2a: Articuno|90/100|[from] item: Leftovers
|upkeep
|turn|11
|
|t:|1629670709
|switch|p2a: Gigalith|Gigalith, F|99/100
|-weather|Sandstorm|[from] ability: Sand Stream|[of] p2a: Gigalith
|move|p1a: Articuno|Roost|p1a: Articuno
|-heal|p1a: Articuno|100/100
|-singleturn|p1a: Articuno|move: Roost
|
|-weather|Sandstorm|[upkeep]
|-damage|p1a: Articuno|94/100|[from] Sandstorm
|-heal|p2a: Gigalith|100/100|[from] item: Leftovers
|upkeep
|turn|12
|
|t:|1629670715
|switch|p1a: Weezing|Weezing, F|88/100
|-damage|p1a: Weezing|75/100|[from] Stealth Rock
|move|p2a: Gigalith|Rock Blast|p1a: Weezing
|-damage|p1a: Weezing|68/100
|-damage|p1a: Weezing|60/100
|-hitcount|p1a: Weezing|2
|
|-weather|Sandstorm|[upkeep]
|-damage|p1a: Weezing|54/100|[from] Sandstorm
|-heal|p1a: Weezing|60/100|[from] item: Black Sludge
|upkeep
|turn|13
|
|t:|1629670722
|move|p1a: Weezing|Toxic Spikes|p2a: Gigalith
|-sidestart|p2: shnen|move: Toxic Spikes
|move|p2a: Gigalith|Rock Blast|p1a: Weezing|[miss]
|-miss|p2a: Gigalith|p1a: Weezing
|
|-weather|Sandstorm|[upkeep]
|-damage|p1a: Weezing|54/100|[from] Sandstorm
|-heal|p1a: Weezing|60/100|[from] item: Black Sludge
|upkeep
|turn|14
|
|t:|1629670728
|move|p1a: Weezing|Will-O-Wisp|p2a: Gigalith|[miss]
|-miss|p1a: Weezing|p2a: Gigalith
|move|p2a: Gigalith|Rock Blast|p1a: Weezing
|-damage|p1a: Weezing|53/100
|-damage|p1a: Weezing|46/100
|-damage|p1a: Weezing|37/100
|-damage|p1a: Weezing|30/100
|-hitcount|p1a: Weezing|4
|
|-weather|Sandstorm|[upkeep]
|-damage|p1a: Weezing|24/100|[from] Sandstorm
|-heal|p1a: Weezing|30/100|[from] item: Black Sludge
|upkeep
|turn|15
|
|t:|1629670738
|move|p1a: Weezing|Pain Split|p2a: Gigalith
|-sethp|p2a: Gigalith|64/100|[from] move: Pain Split|[silent]
|-sethp|p1a: Weezing|71/100|[from] move: Pain Split
|move|p2a: Gigalith|Rock Blast|p1a: Weezing
|-damage|p1a: Weezing|64/100
|-damage|p1a: Weezing|56/100
|-hitcount|p1a: Weezing|2
|
|-weather|none
|-heal|p1a: Weezing|62/100|[from] item: Black Sludge
|-heal|p2a: Gigalith|70/100|[from] item: Leftovers
|upkeep
|turn|16
|
|t:|1629670750
|move|p1a: Weezing|Will-O-Wisp|p2a: Gigalith
|-status|p2a: Gigalith|brn
|move|p2a: Gigalith|Rock Blast|p1a: Weezing
|-damage|p1a: Weezing|58/100
|-damage|p1a: Weezing|54/100
|-damage|p1a: Weezing|50/100
|-damage|p1a: Weezing|47/100
|-damage|p1a: Weezing|43/100
|-hitcount|p1a: Weezing|5
|
|-heal|p1a: Weezing|49/100|[from] item: Black Sludge
|-heal|p2a: Gigalith|76/100 brn|[from] item: Leftovers
|-damage|p2a: Gigalith|70/100 brn|[from] brn
|upkeep
|turn|17
|
|t:|1629670762
|move|p1a: Weezing|Sludge Bomb|p2a: Gigalith
|-resisted|p2a: Gigalith
|-damage|p2a: Gigalith|60/100 brn
|move|p2a: Gigalith|Rock Blast|p1a: Weezing|[miss]
|-miss|p2a: Gigalith|p1a: Weezing
|
|-heal|p1a: Weezing|55/100|[from] item: Black Sludge
|-heal|p2a: Gigalith|66/100 brn|[from] item: Leftovers
|-damage|p2a: Gigalith|60/100 brn|[from] brn
|upkeep
|turn|18
|
|t:|1629670767
|move|p1a: Weezing|Sludge Bomb|p2a: Gigalith
|-resisted|p2a: Gigalith
|-damage|p2a: Gigalith|49/100 brn
|move|p2a: Gigalith|Rock Blast|p1a: Weezing
|-damage|p1a: Weezing|51/100
|-damage|p1a: Weezing|48/100
|-hitcount|p1a: Weezing|2
|
|-heal|p1a: Weezing|54/100|[from] item: Black Sludge
|-heal|p2a: Gigalith|55/100 brn|[from] item: Leftovers
|-damage|p2a: Gigalith|49/100 brn|[from] brn
|upkeep
|turn|19
|
|t:|1629670780
|switch|p1a: Hitmontop|Hitmontop, M|100/100
|switch|p2a: Togedemaru|Togedemaru, M|100/100
|
|upkeep
|turn|20
|
|t:|1629670786
|move|p2a: Togedemaru|Spiky Shield|p2a: Togedemaru
|-singleturn|p2a: Togedemaru|move: Protect
|move|p1a: Hitmontop|Rapid Spin|p2a: Togedemaru
|-activate|p2a: Togedemaru|move: Protect
|-damage|p1a: Hitmontop|88/100|[from] Spiky Shield|[of] p2a: Togedemaru
|
|upkeep
|turn|21
|
|t:|1629670792
|switch|p2a: Weezing|Weezing, F|100/100
|-ability|p2a: Weezing|Neutralizing Gas
|-sideend|p2: shnen|move: Toxic Spikes|[of] p2a: Weezing
|move|p1a: Hitmontop|Rapid Spin|p2a: Weezing
|-damage|p2a: Weezing|90/100
|-boost|p1a: Hitmontop|spe|1
|-sideend|p1: Steven Davis|Stealth Rock|[from] move: Rapid Spin|[of] p1a: Hitmontop
|
|upkeep
|turn|22
|
|t:|1629670804
|switch|p1a: Weezing|Weezing, F|54/100
|move|p2a: Weezing|Toxic Spikes|p1a: Weezing
|-sidestart|p1: Steven Davis|move: Toxic Spikes
|
|-heal|p1a: Weezing|60/100|[from] item: Black Sludge
|upkeep
|turn|23
|
|t:|1629670812
|move|p2a: Weezing|Will-O-Wisp|p1a: Weezing
|-status|p1a: Weezing|brn
|move|p1a: Weezing|Toxic Spikes|p2a: Weezing
|-sidestart|p2: shnen|move: Toxic Spikes
|
|-heal|p1a: Weezing|66/100 brn|[from] item: Black Sludge
|-damage|p1a: Weezing|60/100 brn|[from] brn
|upkeep
|turn|24
|
|t:|1629670833
|-end|p2a: Weezing|ability: Neutralizing Gas
|switch|p2a: Togedemaru|Togedemaru, M|100/100
|switch|p1a: Hitmontop|Hitmontop, M|88/100
|
|upkeep
|turn|25
|
|t:|1629670847
|switch|p1a: Regirock|Regirock|100/100
|-status|p1a: Regirock|psn
|move|p2a: Togedemaru|Spiky Shield||[still]
|-fail|p2a: Togedemaru
|
|-damage|p1a: Regirock|88/100 psn|[from] psn
|upkeep
|turn|26
|
|t:|1629670858
|move|p2a: Togedemaru|Iron Head|p1a: Regirock
|-supereffective|p1a: Regirock
|-damage|p1a: Regirock|65/100 psn
|move|p1a: Regirock|Stealth Rock|p2a: Togedemaru
|-sidestart|p2: shnen|move: Stealth Rock
|
|-heal|p1a: Regirock|71/100 psn|[from] item: Leftovers
|-damage|p1a: Regirock|58/100 psn|[from] psn
|upkeep
|turn|27
|
|t:|1629670866
|move|p2a: Togedemaru|Spiky Shield|p2a: Togedemaru
|-singleturn|p2a: Togedemaru|move: Protect
|move|p1a: Regirock|Body Press|p2a: Togedemaru
|-activate|p2a: Togedemaru|move: Protect
|-damage|p1a: Regirock|46/100 psn|[from] Spiky Shield|[of] p2a: Togedemaru
|
|-heal|p1a: Regirock|52/100 psn|[from] item: Leftovers
|-damage|p1a: Regirock|40/100 psn|[from] psn
|upkeep
|turn|28
|
|t:|1629670870
|move|p2a: Togedemaru|U-turn|p1a: Regirock
|-damage|p1a: Regirock|33/100 psn
|
|t:|1629670874
|switch|p2a: Weezing|Weezing, F|90/100|[from]move: U-turn
|-ability|p2a: Weezing|Neutralizing Gas
|-damage|p2a: Weezing|77/100|[from] Stealth Rock
|-sideend|p2: shnen|move: Toxic Spikes|[of] p2a: Weezing
|move|p1a: Regirock|Toxic|p2a: Weezing
|-immune|p2a: Weezing
|
|-heal|p1a: Regirock|39/100 psn|[from] item: Leftovers
|-damage|p1a: Regirock|27/100 psn|[from] psn
|upkeep
|turn|29
|
|t:|1629670883
|switch|p1a: Weezing|Weezing, F|60/100 brn
|-sideend|p1: Steven Davis|move: Toxic Spikes|[of] p1a: Weezing
|move|p2a: Weezing|Sludge Bomb|p1a: Weezing
|-resisted|p1a: Weezing
|-damage|p1a: Weezing|42/100 brn
|
|-heal|p1a: Weezing|48/100 brn|[from] item: Black Sludge
|-damage|p1a: Weezing|42/100 brn|[from] brn
|upkeep
|turn|30
|
|t:|1629670892
|-end|p2a: Weezing|ability: Neutralizing Gas
|switch|p2a: Togedemaru|Togedemaru, M|100/100
|-damage|p2a: Togedemaru|94/100|[from] Stealth Rock
|move|p1a: Weezing|Will-O-Wisp|p2a: Togedemaru
|-status|p2a: Togedemaru|brn
|
|-heal|p2a: Togedemaru|100/100 brn|[from] item: Leftovers
|-heal|p1a: Weezing|48/100 brn|[from] item: Black Sludge
|-damage|p2a: Togedemaru|94/100 brn|[from] brn
|-damage|p1a: Weezing|42/100 brn|[from] brn
|upkeep
|turn|31
|
|t:|1629670899
|move|p2a: Togedemaru|Wish|p2a: Togedemaru
|move|p1a: Weezing|Toxic Spikes|p2a: Togedemaru
|-sidestart|p2: shnen|move: Toxic Spikes
|
|-heal|p2a: Togedemaru|100/100 brn|[from] item: Leftovers
|-heal|p1a: Weezing|48/100 brn|[from] item: Black Sludge
|-damage|p2a: Togedemaru|94/100 brn|[from] brn
|-damage|p1a: Weezing|42/100 brn|[from] brn
|upkeep
|turn|32
|
|t:|1629670909
|switch|p1a: Lanturn|Lanturn, M|94/100
|move|p2a: Togedemaru|U-turn|p1a: Lanturn
|-damage|p1a: Lanturn|85/100
|
|t:|1629670911
|switch|p2a: Gigalith|Gigalith, F|49/100 brn|[from]move: U-turn
|-damage|p2a: Gigalith|36/100 brn|[from] Stealth Rock
|-weather|Sandstorm|[from] ability: Sand Stream|[of] p2a: Gigalith
|
|-weather|Sandstorm|[upkeep]
|-damage|p1a: Lanturn|79/100|[from] Sandstorm
|-heal|p2a: Gigalith|81/100 brn|[from] move: Wish|[wisher] Togedemaru
|-heal|p1a: Lanturn|85/100|[from] item: Leftovers
|-heal|p2a: Gigalith|87/100 brn|[from] item: Leftovers
|-damage|p2a: Gigalith|81/100 brn|[from] brn
|upkeep
|turn|33
|
|t:|1629670920
|switch|p2a: Tsareena|Tsareena, F|100/100
|move|p1a: Lanturn|Heal Bell|p1a: Lanturn
|-activate|p1a: Lanturn|move: Heal Bell
|-curestatus|p1: Weezing|brn|[msg]
|-curestatus|p1: Regirock|psn|[msg]
|
|-weather|Sandstorm|[upkeep]
|-damage|p2a: Tsareena|95/100|[from] Sandstorm
|-damage|p1a: Lanturn|79/100|[from] Sandstorm
|-heal|p1a: Lanturn|85/100|[from] item: Leftovers
|upkeep
|turn|34
|
|t:|1629670927
|move|p2a: Tsareena|Rapid Spin|p1a: Lanturn
|-damage|p1a: Lanturn|65/100
|-boost|p2a: Tsareena|spe|1
|-sideend|p2: shnen|Toxic Spikes|[from] move: Rapid Spin|[of] p2a: Tsareena
|-sideend|p2: shnen|Stealth Rock|[from] move: Rapid Spin|[of] p2a: Tsareena
|move|p1a: Lanturn|Toxic|p2a: Tsareena|[miss]
|-miss|p1a: Lanturn|p2a: Tsareena
|
|-weather|Sandstorm|[upkeep]
|-damage|p2a: Tsareena|89/100|[from] Sandstorm
|-damage|p1a: Lanturn|59/100|[from] Sandstorm
|-heal|p1a: Lanturn|65/100|[from] item: Leftovers
|upkeep
|turn|35
|
|t:|1629670940
|move|p2a: Tsareena|Aromatherapy|p2a: Tsareena
|-activate|p2a: Tsareena|move: Aromatherapy
|-curestatus|p2: Gigalith|brn|[msg]
|-curestatus|p2: Togedemaru|brn|[msg]
|move|p1a: Lanturn|Scald|p2a: Tsareena
|-resisted|p2a: Tsareena
|-damage|p2a: Tsareena|76/100
|
|-weather|Sandstorm|[upkeep]
|-damage|p2a: Tsareena|70/100|[from] Sandstorm
|-damage|p1a: Lanturn|59/100|[from] Sandstorm
|-heal|p1a: Lanturn|65/100|[from] item: Leftovers
|upkeep
|turn|36
|
|t:|1629670952
|switch|p1a: Weezing|Weezing, F|42/100
|move|p2a: Tsareena|Power Whip|p1a: Weezing
|-resisted|p1a: Weezing
|-damage|p1a: Weezing|20/100
|
|-weather|none
|-heal|p1a: Weezing|26/100|[from] item: Black Sludge
|upkeep
|turn|37
|
|t:|1629670972
|switch|p2a: Togedemaru|Togedemaru, M|94/100
|move|p1a: Weezing|Pain Split|p2a: Togedemaru
|-sethp|p2a: Togedemaru|60/100|[from] move: Pain Split|[silent]
|-sethp|p1a: Weezing|60/100|[from] move: Pain Split
|
|-heal|p2a: Togedemaru|66/100|[from] item: Leftovers
|-heal|p1a: Weezing|66/100|[from] item: Black Sludge
|upkeep
|turn|38
|
|t:|1629670982
|move|p2a: Togedemaru|Iron Head|p1a: Weezing
|-damage|p1a: Weezing|49/100
|cant|p1a: Weezing|flinch
|
|-heal|p2a: Togedemaru|72/100|[from] item: Leftovers
|-heal|p1a: Weezing|55/100|[from] item: Black Sludge
|upkeep
|turn|39
|
|t:|1629670988
|move|p2a: Togedemaru|Iron Head|p1a: Weezing
|-damage|p1a: Weezing|38/100
|cant|p1a: Weezing|flinch
|
|-heal|p2a: Togedemaru|78/100|[from] item: Leftovers
|-heal|p1a: Weezing|44/100|[from] item: Black Sludge
|upkeep
|turn|40
|
|t:|1629670994
|move|p2a: Togedemaru|U-turn|p1a: Weezing
|-resisted|p1a: Weezing
|-damage|p1a: Weezing|39/100
|
|t:|1629670995
|switch|p2a: Articuno|Articuno-Galar|90/100|[from]move: U-turn
|move|p1a: Weezing|Will-O-Wisp|p2a: Articuno
|-status|p2a: Articuno|brn
|
|-heal|p2a: Articuno|96/100 brn|[from] item: Leftovers
|-heal|p1a: Weezing|45/100|[from] item: Black Sludge
|-damage|p2a: Articuno|90/100 brn|[from] brn
|upkeep
|turn|41
|
|t:|1629671000
|switch|p1a: Articuno|Articuno|94/100
|-ability|p1a: Articuno|Pressure
|move|p2a: Articuno|Calm Mind|p2a: Articuno
|-boost|p2a: Articuno|spa|1
|-boost|p2a: Articuno|spd|1
|
|-heal|p2a: Articuno|96/100 brn|[from] item: Leftovers
|-damage|p2a: Articuno|90/100 brn|[from] brn
|upkeep
|turn|42
|
|t:|1629671005
|switch|p1a: Hitmontop|Hitmontop, M|88/100
|switch|p2a: Gigalith|Gigalith, F|81/100
|-weather|Sandstorm|[from] ability: Sand Stream|[of] p2a: Gigalith
|
|-weather|Sandstorm|[upkeep]
|-damage|p1a: Hitmontop|82/100|[from] Sandstorm
|-heal|p2a: Gigalith|87/100|[from] item: Leftovers
|upkeep
|turn|43
|
|t:|1629671014
|switch|p1a: Regirock|Regirock|27/100
|move|p2a: Gigalith|Protect||[still]
|-fail|p2a: Gigalith
|
|-weather|Sandstorm|[upkeep]
|-heal|p1a: Regirock|33/100|[from] item: Leftovers
|-heal|p2a: Gigalith|93/100|[from] item: Leftovers
|upkeep
|turn|44
|
|t:|1629671025
|move|p1a: Regirock|Body Press|p2a: Gigalith
|-supereffective|p2a: Gigalith
|-crit|p2a: Gigalith
|-damage|p2a: Gigalith|0 fnt
|faint|p2a: Gigalith
|
|-weather|Sandstorm|[upkeep]
|-heal|p1a: Regirock|39/100|[from] item: Leftovers
|upkeep
|
|t:|1629671028
|switch|p2a: Tsareena|Tsareena, F|70/100
|turn|45
|
|t:|1629671034
|switch|p1a: Weezing|Weezing, F|45/100
|move|p2a: Tsareena|Power Whip|p1a: Weezing|[miss]
|-miss|p2a: Tsareena|p1a: Weezing
|
|-weather|Sandstorm|[upkeep]
|-damage|p2a: Tsareena|64/100|[from] Sandstorm
|-damage|p1a: Weezing|39/100|[from] Sandstorm
|-heal|p1a: Weezing|45/100|[from] item: Black Sludge
|upkeep
|turn|46
|l| kellion180
|
|t:|1629671046
|move|p2a: Tsareena|Power Whip|p1a: Weezing
|-resisted|p1a: Weezing
|-damage|p1a: Weezing|25/100
|move|p1a: Weezing|Sludge Bomb|p2a: Tsareena
|-supereffective|p2a: Tsareena
|-damage|p2a: Tsareena|0 fnt
|faint|p2a: Tsareena
|
|-weather|none
|-heal|p1a: Weezing|31/100|[from] item: Black Sludge
|upkeep
|
|t:|1629671052
|switch|p2a: Togedemaru|Togedemaru, M|78/100
|turn|47
|
|t:|1629671057
|switch|p1a: Lanturn|Lanturn, M|65/100
|move|p2a: Togedemaru|Iron Head|p1a: Lanturn
|-resisted|p1a: Lanturn
|-damage|p1a: Lanturn|57/100
|
|-heal|p2a: Togedemaru|84/100|[from] item: Leftovers
|-heal|p1a: Lanturn|63/100|[from] item: Leftovers
|upkeep
|turn|48
|
|t:|1629671062
|move|p2a: Togedemaru|U-turn|p1a: Lanturn
|-damage|p1a: Lanturn|45/100
|
|t:|1629671063
|switch|p2a: Quagsire|Quagsire, M|100/100|[from]move: U-turn
|move|p1a: Lanturn|Scald|p2a: Quagsire
|-damage|p2a: Quagsire|74/100
|
|-heal|p1a: Lanturn|51/100|[from] item: Leftovers
|-heal|p2a: Quagsire|80/100|[from] item: Leftovers
|upkeep
|turn|49
|
|t:|1629671074
|switch|p1a: Weezing|Weezing, F|31/100
|switch|p2a: Togedemaru|Togedemaru, M|84/100
|
|-heal|p2a: Togedemaru|90/100|[from] item: Leftovers
|-heal|p1a: Weezing|37/100|[from] item: Black Sludge
|upkeep
|turn|50
|
|t:|1629671081
|move|p2a: Togedemaru|Iron Head|p1a: Weezing
|-damage|p1a: Weezing|20/100
|move|p1a: Weezing|Toxic Spikes|p2a: Togedemaru
|-sidestart|p2: shnen|move: Toxic Spikes
|
|-heal|p2a: Togedemaru|96/100|[from] item: Leftovers
|-heal|p1a: Weezing|26/100|[from] item: Black Sludge
|upkeep
|turn|51
|
|t:|1629671087
|move|p2a: Togedemaru|Iron Head|p1a: Weezing
|-damage|p1a: Weezing|9/100
|cant|p1a: Weezing|flinch
|
|-heal|p2a: Togedemaru|100/100|[from] item: Leftovers
|-heal|p1a: Weezing|15/100|[from] item: Black Sludge
|upkeep
|turn|52
|
|t:|1629671091
|switch|p1a: Lanturn|Lanturn, M|51/100
|move|p2a: Togedemaru|Iron Head|p1a: Lanturn
|-resisted|p1a: Lanturn
|-damage|p1a: Lanturn|43/100
|
|-heal|p1a: Lanturn|49/100|[from] item: Leftovers
|upkeep
|turn|53
|
|t:|1629671104
|move|p2a: Togedemaru|Wish|p2a: Togedemaru
|move|p1a: Lanturn|Volt Switch|p2a: Togedemaru
|-resisted|p2a: Togedemaru
|-damage|p2a: Togedemaru|91/100
|
|t:|1629671112
|switch|p1a: Jolteon|Jolteon, M|100/100|[from]move: Volt Switch
|
|-heal|p2a: Togedemaru|97/100|[from] item: Leftovers
|-status|p1a: Jolteon|brn|[from] item: Flame Orb
|upkeep
|turn|54
|
|t:|1629671118
|move|p1a: Jolteon|Volt Switch|p2a: Togedemaru
|-resisted|p2a: Togedemaru
|-damage|p2a: Togedemaru|77/100
|
|t:|1629671123
|switch|p1a: Lanturn|Lanturn, M|49/100|[from]move: Volt Switch
|move|p2a: Togedemaru|U-turn|p1a: Lanturn
|-damage|p1a: Lanturn|30/100
|
|t:|1629671128
|switch|p2a: Weezing|Weezing, F|77/100|[from]move: U-turn
|-ability|p2a: Weezing|Neutralizing Gas
|-sideend|p2: shnen|move: Toxic Spikes|[of] p2a: Weezing
|
|-heal|p2a: Weezing|100/100|[from] move: Wish|[wisher] Togedemaru
|-heal|p1a: Lanturn|36/100|[from] item: Leftovers
|upkeep
|turn|55
|
|t:|1629671137
|-end|p2a: Weezing|ability: Neutralizing Gas
|switch|p2a: Togedemaru|Togedemaru, M|77/100
|move|p1a: Lanturn|Volt Switch|p2a: Togedemaru
|-resisted|p2a: Togedemaru
|-damage|p2a: Togedemaru|67/100
|
|t:|1629671147
|switch|p1a: Weezing|Weezing, F|15/100|[from]move: Volt Switch
|
|-heal|p2a: Togedemaru|73/100|[from] item: Leftovers
|-heal|p1a: Weezing|21/100|[from] item: Black Sludge
|upkeep
|turn|56
|
|t:|1629671153
|move|p2a: Togedemaru|Iron Head|p1a: Weezing
|-damage|p1a: Weezing|3/100
|move|p1a: Weezing|Will-O-Wisp|p2a: Togedemaru|[miss]
|-miss|p1a: Weezing|p2a: Togedemaru
|
|-heal|p2a: Togedemaru|79/100|[from] item: Leftovers
|-heal|p1a: Weezing|9/100|[from] item: Black Sludge
|upkeep
|turn|57
|
|t:|1629671162
|switch|p1a: Jolteon|Jolteon, M|100/100 brn
|move|p2a: Togedemaru|Iron Head|p1a: Jolteon
|-resisted|p1a: Jolteon
|-damage|p1a: Jolteon|75/100 brn
|
|-heal|p2a: Togedemaru|85/100|[from] item: Leftovers
|-damage|p1a: Jolteon|69/100 brn|[from] brn
|upkeep
|turn|58
|
|t:|1629671171
|switch|p1a: Weezing|Weezing, F|9/100
|move|p2a: Togedemaru|Spiky Shield||[still]
|-fail|p2a: Togedemaru
|
|-heal|p2a: Togedemaru|91/100|[from] item: Leftovers
|-heal|p1a: Weezing|15/100|[from] item: Black Sludge
|upkeep
|turn|59
|
|t:|1629671175
|switch|p1a: Lanturn|Lanturn, M|36/100
|move|p2a: Togedemaru|Iron Head|p1a: Lanturn
|-resisted|p1a: Lanturn
|-damage|p1a: Lanturn|29/100
|
|-heal|p2a: Togedemaru|97/100|[from] item: Leftovers
|-heal|p1a: Lanturn|35/100|[from] item: Leftovers
|upkeep
|turn|60
|
|t:|1629671179
|move|p2a: Togedemaru|U-turn|p1a: Lanturn
|-damage|p1a: Lanturn|15/100
|
|t:|1629671181
|switch|p2a: Quagsire|Quagsire, M|80/100|[from]move: U-turn
|move|p1a: Lanturn|Volt Switch|p2a: Quagsire
|-immune|p2a: Quagsire
|
|-heal|p1a: Lanturn|21/100|[from] item: Leftovers
|-heal|p2a: Quagsire|86/100|[from] item: Leftovers
|upkeep
|turn|61
|
|t:|1629671191
|switch|p1a: Articuno|Articuno|94/100
|-ability|p1a: Articuno|Pressure
|move|p2a: Quagsire|Earthquake|p1a: Articuno
|-immune|p1a: Articuno
|
|-heal|p2a: Quagsire|92/100|[from] item: Leftovers
|upkeep
|turn|62
|
|t:|1629671195
|switch|p1a: Weezing|Weezing, F|15/100
|switch|p2a: Togedemaru|Togedemaru, M|97/100
|
|-heal|p2a: Togedemaru|100/100|[from] item: Leftovers
|-heal|p1a: Weezing|21/100|[from] item: Black Sludge
|upkeep
|turn|63
|j| srwak1
|
|t:|1629671197
|move|p2a: Togedemaru|Iron Head|p1a: Weezing
|-damage|p1a: Weezing|3/100
|move|p1a: Weezing|Will-O-Wisp|p2a: Togedemaru
|-status|p2a: Togedemaru|brn
|
|-heal|p1a: Weezing|9/100|[from] item: Black Sludge
|-damage|p2a: Togedemaru|94/100 brn|[from] brn
|upkeep
|turn|64
|
|t:|1629671207
|switch|p1a: Hitmontop|Hitmontop, M|82/100
|move|p2a: Togedemaru|Iron Head|p1a: Hitmontop
|-damage|p1a: Hitmontop|63/100
|
|-heal|p2a: Togedemaru|100/100 brn|[from] item: Leftovers
|-damage|p2a: Togedemaru|94/100 brn|[from] brn
|upkeep
|turn|65
|
|t:|1629671212
|switch|p1a: Weezing|Weezing, F|9/100
|move|p2a: Togedemaru|Spiky Shield||[still]
|-fail|p2a: Togedemaru
|
|-heal|p2a: Togedemaru|100/100 brn|[from] item: Leftovers
|-heal|p1a: Weezing|15/100|[from] item: Black Sludge
|-damage|p2a: Togedemaru|94/100 brn|[from] brn
|upkeep
|turn|66
|
|t:|1629671217
|move|p2a: Togedemaru|U-turn|p1a: Weezing
|-resisted|p1a: Weezing
|-damage|p1a: Weezing|12/100
|
|t:|1629671218
|switch|p2a: Articuno|Articuno-Galar|90/100 brn|[from]move: U-turn
|move|p1a: Weezing|Pain Split|p2a: Articuno
|-sethp|p2a: Articuno|50/100 brn|[from] move: Pain Split|[silent]
|-sethp|p1a: Weezing|57/100|[from] move: Pain Split
|
|-heal|p2a: Articuno|56/100 brn|[from] item: Leftovers
|-heal|p1a: Weezing|63/100|[from] item: Black Sludge
|-damage|p2a: Articuno|50/100 brn|[from] brn
|upkeep
|turn|67
|
|t:|1629671225
|switch|p1a: Articuno|Articuno|94/100
|-ability|p1a: Articuno|Pressure
|move|p2a: Articuno|Recover|p2a: Articuno
|-heal|p2a: Articuno|99/100 brn
|
|-heal|p2a: Articuno|100/100 brn|[from] item: Leftovers
|-damage|p2a: Articuno|94/100 brn|[from] brn
|upkeep
|turn|68
|
|t:|1629671228
|switch|p2a: Togedemaru|Togedemaru, M|94/100 brn
|move|p1a: Articuno|Ice Beam|p2a: Togedemaru
|-resisted|p2a: Togedemaru
|-damage|p2a: Togedemaru|77/100 brn
|
|-heal|p2a: Togedemaru|83/100 brn|[from] item: Leftovers
|-damage|p2a: Togedemaru|77/100 brn|[from] brn
|upkeep
|turn|69
|
|t:|1629671234
|move|p1a: Articuno|Substitute|p1a: Articuno
|-start|p1a: Articuno|Substitute
|-damage|p1a: Articuno|69/100
|move|p2a: Togedemaru|U-turn|p1a: Articuno
|-resisted|p1a: Articuno
|-activate|p1a: Articuno|move: Substitute|[damage]
|
|t:|1629671241
|switch|p2a: Quagsire|Quagsire, M|92/100|[from]move: U-turn
|
|-heal|p2a: Quagsire|98/100|[from] item: Leftovers
|upkeep
|turn|70
|
|t:|1629671246
|switch|p2a: Togedemaru|Togedemaru, M|77/100 brn
|move|p1a: Articuno|Ice Beam|p2a: Togedemaru
|-resisted|p2a: Togedemaru
|-damage|p2a: Togedemaru|59/100 brn
|
|-heal|p2a: Togedemaru|65/100 brn|[from] item: Leftovers
|-damage|p2a: Togedemaru|59/100 brn|[from] brn
|upkeep
|turn|71
|
|t:|1629671251
|move|p1a: Articuno|Ice Beam|p2a: Togedemaru
|-resisted|p2a: Togedemaru
|-damage|p2a: Togedemaru|44/100 brn
|move|p2a: Togedemaru|Wish|p2a: Togedemaru
|
|-heal|p2a: Togedemaru|50/100 brn|[from] item: Leftovers
|-damage|p2a: Togedemaru|44/100 brn|[from] brn
|upkeep
|turn|72
|
|t:|1629671255
|move|p1a: Articuno|Roost|p1a: Articuno
|-heal|p1a: Articuno|100/100
|-singleturn|p1a: Articuno|move: Roost
|move|p2a: Togedemaru|Iron Head|p1a: Articuno
|-supereffective|p1a: Articuno
|-end|p1a: Articuno|Substitute
|
|-heal|p2a: Togedemaru|94/100 brn|[from] move: Wish|[wisher] Togedemaru
|-heal|p2a: Togedemaru|99/100 brn|[from] item: Leftovers
|-damage|p2a: Togedemaru|94/100 brn|[from] brn
|upkeep
|turn|73
|
|t:|1629671260
|move|p1a: Articuno|Substitute|p1a: Articuno
|-start|p1a: Articuno|Substitute
|-damage|p1a: Articuno|75/100
|move|p2a: Togedemaru|U-turn|p1a: Articuno
|-resisted|p1a: Articuno
|-activate|p1a: Articuno|move: Substitute|[damage]
|
|t:|1629671264
|switch|p2a: Weezing|Weezing, F|100/100|[from]move: U-turn
|-ability|p2a: Weezing|Neutralizing Gas
|
|upkeep
|turn|74
|
|t:|1629671267
|move|p1a: Articuno|Ice Beam|p2a: Weezing
|-damage|p2a: Weezing|53/100
|move|p2a: Weezing|Sludge Bomb|p1a: Articuno
|-end|p1a: Articuno|Substitute
|
|upkeep
|turn|75
|
|t:|1629671278
|switch|p1a: Weezing|Weezing, F|63/100
|move|p2a: Weezing|Toxic Spikes|p1a: Weezing
|-sidestart|p1: Steven Davis|move: Toxic Spikes
|
|-heal|p1a: Weezing|69/100|[from] item: Black Sludge
|upkeep
|turn|76
|
|t:|1629671287
|-end|p2a: Weezing|ability: Neutralizing Gas
|switch|p2a: Articuno|Articuno-Galar|94/100 brn
|move|p1a: Weezing|Toxic Spikes|p2a: Articuno
|-sidestart|p2: shnen|move: Toxic Spikes
|
|-heal|p2a: Articuno|100/100 brn|[from] item: Leftovers
|-heal|p1a: Weezing|75/100|[from] item: Black Sludge
|-damage|p2a: Articuno|94/100 brn|[from] brn
|upkeep
|turn|77
|
|t:|1629671290
|switch|p1a: Articuno|Articuno|75/100
|-ability|p1a: Articuno|Pressure
|move|p2a: Articuno|Calm Mind|p2a: Articuno
|-boost|p2a: Articuno|spa|1
|-boost|p2a: Articuno|spd|1
|
|-heal|p2a: Articuno|100/100 brn|[from] item: Leftovers
|-damage|p2a: Articuno|94/100 brn|[from] brn
|upkeep
|turn|78
|
|t:|1629671293
|move|p1a: Articuno|Ice Beam|p2a: Articuno
|-supereffective|p2a: Articuno
|-damage|p2a: Articuno|55/100 brn
|move|p2a: Articuno|Calm Mind|p2a: Articuno
|-boost|p2a: Articuno|spa|1
|-boost|p2a: Articuno|spd|1
|
|-heal|p2a: Articuno|61/100 brn|[from] item: Leftovers
|-damage|p2a: Articuno|55/100 brn|[from] brn
|upkeep
|turn|79
|
|t:|1629671300
|move|p1a: Articuno|Ice Beam|p2a: Articuno
|-supereffective|p2a: Articuno
|-damage|p2a: Articuno|25/100 brn
|move|p2a: Articuno|Recover|p2a: Articuno
|-heal|p2a: Articuno|75/100 brn
|
|-heal|p2a: Articuno|82/100 brn|[from] item: Leftovers
|-damage|p2a: Articuno|75/100 brn|[from] brn
|upkeep
|turn|80
|
|t:|1629671305
|move|p1a: Articuno|Ice Beam|p2a: Articuno
|-supereffective|p2a: Articuno
|-damage|p2a: Articuno|43/100 brn
|move|p2a: Articuno|Calm Mind|p2a: Articuno
|-boost|p2a: Articuno|spa|1
|-boost|p2a: Articuno|spd|1
|
|-heal|p2a: Articuno|49/100 brn|[from] item: Leftovers
|-damage|p2a: Articuno|43/100 brn|[from] brn
|upkeep
|turn|81
|j| xMagic247
|
|t:|1629671310
|move|p1a: Articuno|Substitute|p1a: Articuno
|-start|p1a: Articuno|Substitute
|-damage|p1a: Articuno|50/100
|move|p2a: Articuno|Recover|p2a: Articuno
|-heal|p2a: Articuno|93/100 brn
|
|-heal|p2a: Articuno|99/100 brn|[from] item: Leftovers
|-damage|p2a: Articuno|93/100 brn|[from] brn
|upkeep
|turn|82
|l| xMagic247
|
|t:|1629671313
|move|p1a: Articuno|Roost|p1a: Articuno
|-heal|p1a: Articuno|100/100
|-singleturn|p1a: Articuno|move: Roost
|move|p2a: Articuno|Calm Mind|p2a: Articuno
|-boost|p2a: Articuno|spa|1
|-boost|p2a: Articuno|spd|1
|
|-heal|p2a: Articuno|99/100 brn|[from] item: Leftovers
|-damage|p2a: Articuno|93/100 brn|[from] brn
|upkeep
|turn|83
|j| xMagic247
|l| xMagic247
|
|t:|1629671321
|move|p1a: Articuno|Freeze-Dry|p2a: Articuno
|-supereffective|p2a: Articuno
|-damage|p2a: Articuno|79/100 brn
|move|p2a: Articuno|Substitute|p2a: Articuno
|-start|p2a: Articuno|Substitute
|-damage|p2a: Articuno|54/100 brn
|
|-heal|p2a: Articuno|60/100 brn|[from] item: Leftovers
|-damage|p2a: Articuno|54/100 brn|[from] brn
|upkeep
|turn|84
|
|t:|1629671326
|move|p1a: Articuno|Freeze-Dry|p2a: Articuno
|-supereffective|p2a: Articuno
|-activate|p2a: Articuno|move: Substitute|[damage]
|move|p2a: Articuno|Calm Mind|p2a: Articuno
|-boost|p2a: Articuno|spa|1
|-boost|p2a: Articuno|spd|1
|
|-heal|p2a: Articuno|60/100 brn|[from] item: Leftovers
|-damage|p2a: Articuno|54/100 brn|[from] brn
|upkeep
|turn|85
|
|t:|1629671329
|move|p1a: Articuno|Freeze-Dry|p2a: Articuno
|-supereffective|p2a: Articuno
|-end|p2a: Articuno|Substitute
|move|p2a: Articuno|Recover|p2a: Articuno
|-heal|p2a: Articuno|100/100 brn
|
|-damage|p2a: Articuno|94/100 brn|[from] brn
|upkeep
|turn|86
|
|t:|1629671333
|move|p1a: Articuno|Freeze-Dry|p2a: Articuno
|-supereffective|p2a: Articuno
|-damage|p2a: Articuno|82/100 brn
|move|p2a: Articuno|Substitute|p2a: Articuno
|-start|p2a: Articuno|Substitute
|-damage|p2a: Articuno|57/100 brn
|
|-heal|p2a: Articuno|63/100 brn|[from] item: Leftovers
|-damage|p2a: Articuno|57/100 brn|[from] brn
|upkeep
|turn|87
|
|t:|1629671336
|move|p1a: Articuno|Freeze-Dry|p2a: Articuno
|-supereffective|p2a: Articuno
|-activate|p2a: Articuno|move: Substitute|[damage]
|move|p2a: Articuno|Calm Mind|p2a: Articuno
|-boost|p2a: Articuno|spa|1
|-boost|p2a: Articuno|spd|1
|
|-heal|p2a: Articuno|63/100 brn|[from] item: Leftovers
|-damage|p2a: Articuno|57/100 brn|[from] brn
|upkeep
|turn|88
|
|t:|1629671339
|move|p1a: Articuno|Freeze-Dry|p2a: Articuno
|-supereffective|p2a: Articuno
|-end|p2a: Articuno|Substitute
|move|p2a: Articuno|Calm Mind|p2a: Articuno
|-boost|p2a: Articuno|spa|0
|-boost|p2a: Articuno|spd|0
|
|-heal|p2a: Articuno|63/100 brn|[from] item: Leftovers
|-damage|p2a: Articuno|57/100 brn|[from] brn
|upkeep
|turn|89
|
|t:|1629671344
|move|p1a: Articuno|Freeze-Dry|p2a: Articuno
|-supereffective|p2a: Articuno
|-damage|p2a: Articuno|46/100 brn
|move|p2a: Articuno|Recover|p2a: Articuno
|-heal|p2a: Articuno|96/100 brn
|
|-heal|p2a: Articuno|100/100 brn|[from] item: Leftovers
|-damage|p2a: Articuno|94/100 brn|[from] brn
|upkeep
|turn|90
|
|t:|1629671348
|move|p1a: Articuno|Freeze-Dry|p2a: Articuno
|-supereffective|p2a: Articuno
|-damage|p2a: Articuno|83/100 brn
|move|p2a: Articuno|Substitute|p2a: Articuno
|-start|p2a: Articuno|Substitute
|-damage|p2a: Articuno|58/100 brn
|
|-heal|p2a: Articuno|65/100 brn|[from] item: Leftovers
|-damage|p2a: Articuno|58/100 brn|[from] brn
|upkeep
|turn|91
|
|t:|1629671351
|move|p1a: Articuno|Freeze-Dry|p2a: Articuno
|-supereffective|p2a: Articuno
|-activate|p2a: Articuno|move: Substitute|[damage]
|move|p2a: Articuno|Stored Power|p1a: Articuno
|-end|p1a: Articuno|Substitute
|
|-heal|p2a: Articuno|65/100 brn|[from] item: Leftovers
|-damage|p2a: Articuno|58/100 brn|[from] brn
|upkeep
|turn|92
|
|t:|1629671354
|move|p1a: Articuno|Freeze-Dry|p2a: Articuno
|-supereffective|p2a: Articuno
|-activate|p2a: Articuno|move: Substitute|[damage]
|move|p2a: Articuno|Stored Power|p1a: Articuno
|-damage|p1a: Articuno|0 fnt
|faint|p1a: Articuno
|
|-heal|p2a: Articuno|65/100 brn|[from] item: Leftovers
|-damage|p2a: Articuno|58/100 brn|[from] brn
|upkeep
|c|☆Steven Davis|Oh shit
|c|☆Steven Davis|LOL
|c|☆Steven Davis|Was not paying attention
|c|☆Steven Davis|I deserve that
|c|☆shnen|hahaha
|c|☆shnen|oof
|
|t:|1629671375
|switch|p1a: Hitmontop|Hitmontop, M|63/100
|turn|93
|
|t:|1629671381
|move|p2a: Articuno|Stored Power|p1a: Hitmontop
|-supereffective|p1a: Hitmontop
|-damage|p1a: Hitmontop|0 fnt
|faint|p1a: Hitmontop
|
|-heal|p2a: Articuno|65/100 brn|[from] item: Leftovers
|-damage|p2a: Articuno|58/100 brn|[from] brn
|upkeep
|
|t:|1629671385
|switch|p1a: Jolteon|Jolteon, M|69/100 brn
|turn|94
|
|t:|1629671389
|move|p1a: Jolteon|Volt Switch|p2a: Articuno
|-supereffective|p2a: Articuno
|-end|p2a: Articuno|Substitute
|
|t:|1629671392
|switch|p1a: Lanturn|Lanturn, M|21/100|[from]move: Volt Switch
|-status|p1a: Lanturn|psn
|move|p2a: Articuno|Substitute|p2a: Articuno
|-start|p2a: Articuno|Substitute
|-damage|p2a: Articuno|33/100 brn
|
|-heal|p2a: Articuno|40/100 brn|[from] item: Leftovers
|-heal|p1a: Lanturn|27/100 psn|[from] item: Leftovers
|-damage|p1a: Lanturn|15/100 psn|[from] psn
|-damage|p2a: Articuno|33/100 brn|[from] brn
|upkeep
|turn|95
|
|t:|1629671395
|move|p2a: Articuno|Recover|p2a: Articuno
|-heal|p2a: Articuno|83/100 brn
|move|p1a: Lanturn|Volt Switch|p2a: Articuno
|-supereffective|p2a: Articuno
|-activate|p2a: Articuno|move: Substitute|[damage]
|c|☆Steven Davis|gg
|c|☆shnen|gg
|-message|Steven Davis forfeited.
|
|win|shnen
|raw|Steven Davis's rating: 1403 &rarr; <strong>1388</strong><br />(-15 for losing)
|raw|shnen's rating: 1488 &rarr; <strong>1503</strong><br />(+15 for winning)
|l|☆Steven Davis
|l|☆shnen
||Ladder isn't responding, score probably updated but might not have (Request timeout).
|l| Grandmaschrute
|j|☆shnen
|player|p2|shnen|preschoolerf
