|j|☆Don-Brainhook
|j|☆yassy slay
|t:|1656003965
|gametype|singles
|player|p1|Don-Brainhook|clown|1247
|player|p2|yassy slay|clown|1513
|teamsize|p1|6
|teamsize|p2|6
|gen|8
|tier|[Gen 8] PU
|rated|
|rule|Sleep Clause Mod: Limit one foe put to sleep
|rule|Species Clause: Limit one of each Pokémon
|rule|OHKO Clause: OHKO moves are banned
|rule|Evasion Moves Clause: Evasion moves are banned
|rule|Endless Battle Clause: Forcing endless battles is banned
|rule|HP Percentage Mod: HP is shown in percentages
|rule|Dynamax Clause: You cannot dynamax
|clearpoke
|poke|p1|Centiskorch, F|
|poke|p1|Scyther, F|
|poke|p1|Hitmonlee, M|
|poke|p1|Galvantula, F|
|poke|p1|Persian-Alola, M|
|poke|p1|Eldegoss, F|
|poke|p2|Lycanroc, M|
|poke|p2|Flapple, F|
|poke|p2|Cinccino, F|
|poke|p2|Mesprit|
|poke|p2|Magneton|
|poke|p2|Gourgeist-*, F|
|teampreview
|inactive|Battle timer is ON: inactive players will automatically lose when time's up. (requested by Don-Brainhook)
|
|t:|1656003987
|start
|switch|p1a: Persian|Persian-Alola, M|100/100
|switch|p2a: Mesprit|Mesprit|100/100
|turn|1
|
|t:|1656003994
|move|p2a: Mesprit|Trick|p1a: Persian
|-activate|p2a: Mesprit|move: Trick|[of] p1a: Persian
|-item|p1a: Persian|Choice Scarf|[from] move: Trick
|-item|p2a: Mesprit|Leftovers|[from] move: Trick
|move|p1a: Persian|Knock Off|p2a: Mesprit
|-supereffective|p2a: Mesprit
|-damage|p2a: Mesprit|50/100
|-enditem|p2a: Mesprit|Leftovers|[from] move: Knock Off|[of] p1a: Persian
|
|upkeep
|turn|2
|
|t:|1656004003
|move|p1a: Persian|Knock Off|p2a: Mesprit
|-supereffective|p2a: Mesprit
|-damage|p2a: Mesprit|17/100
|move|p2a: Mesprit|U-turn|p1a: Persian
|-supereffective|p1a: Persian
|-damage|p1a: Persian|78/100
|
|t:|1656004006
|switch|p2a: Lycanroc|Lycanroc, M|100/100|[from]move: U-turn
|
|upkeep
|turn|3
|
|t:|1656004011
|move|p1a: Persian|Knock Off|p2a: Lycanroc
|-damage|p2a: Lycanroc|64/100
|-enditem|p2a: Lycanroc|Focus Sash|[from] move: Knock Off|[of] p1a: Persian
|move|p2a: Lycanroc|Stealth Rock|p1a: Persian
|-sidestart|p1: Don-Brainhook|move: Stealth Rock
|
|upkeep
|turn|4
|
|t:|1656004020
|move|p1a: Persian|Knock Off|p2a: Lycanroc
|-damage|p2a: Lycanroc|37/100
|move|p2a: Lycanroc|Stone Edge|p1a: Persian
|-damage|p1a: Persian|42/100
|
|upkeep
|turn|5
|
|t:|1656004026
|move|p1a: Persian|Knock Off|p2a: Lycanroc
|-damage|p2a: Lycanroc|14/100
|move|p2a: Lycanroc|Stone Edge|p1a: Persian|[miss]
|-miss|p2a: Lycanroc|p1a: Persian
|
|upkeep
|turn|6
|
|t:|1656004035
|move|p1a: Persian|Knock Off|p2a: Lycanroc
|-damage|p2a: Lycanroc|0 fnt
|faint|p2a: Lycanroc
|
|upkeep
|
|t:|1656004054
|switch|p2a: Cinccino|Cinccino, F|100/100
|turn|7
|
|t:|1656004056
|move|p1a: Persian|Knock Off|p2a: Cinccino
|-damage|p2a: Cinccino|60/100
|-enditem|p2a: Cinccino|Life Orb|[from] move: Knock Off|[of] p1a: Persian
|move|p2a: Cinccino|Triple Axel|p1a: Persian
|-damage|p1a: Persian|34/100
|-damage|p1a: Persian|20/100
|-damage|p1a: Persian|1/100
|-hitcount|p1a: Persian|3
|
|upkeep
|turn|8
|
|t:|1656004065
|move|p1a: Persian|Knock Off|p2a: Cinccino
|-damage|p2a: Cinccino|34/100
|move|p2a: Cinccino|Bullet Seed|p1a: Persian
|-damage|p1a: Persian|0 fnt
|faint|p1a: Persian
|-hitcount|p1: Persian|1
|
|upkeep
|
|t:|1656004080
|switch|p1a: Hitmonlee|Hitmonlee, M|100/100
|-damage|p1a: Hitmonlee|94/100|[from] Stealth Rock
|turn|9
|
|t:|1656004085
|switch|p2a: Gourgeist|Gourgeist-Large, F|100/100
|-item|p1a: Hitmonlee|Normal Gem|[from] ability: Frisk|[of] p2a: Gourgeist|[identify]
|move|p1a: Hitmonlee|Fake Out|p2a: Gourgeist
|-immune|p2a: Gourgeist
|
|upkeep
|turn|10
|
|t:|1656004092
|move|p1a: Hitmonlee|Blaze Kick|p2a: Gourgeist
|-supereffective|p2a: Gourgeist
|-damage|p2a: Gourgeist|44/100
|move|p2a: Gourgeist|Poltergeist|p1a: Hitmonlee
|-activate|p1a: Hitmonlee|move: Poltergeist|Normal Gem
|-damage|p1a: Hitmonlee|0 fnt
|faint|p1a: Hitmonlee
|
|upkeep
|
|t:|1656004100
|switch|p1a: Scyther|Scyther, F|100/100
|turn|11
|
|t:|1656004106
|switch|p2a: Magneton|Magneton|100/100
|move|p1a: Scyther|Defog|p2a: Magneton
|-unboost|p2a: Magneton|evasion|1
|-sideend|p1: Don-Brainhook|Stealth Rock|[from] move: Defog|[of] p1a: Scyther
|
|upkeep
|turn|12
|
|t:|1656004114
|move|p1a: Scyther|U-turn|p2a: Magneton
|-resisted|p2a: Magneton
|-damage|p2a: Magneton|76/100
|
|t:|1656004119
|switch|p1a: Eldegoss|Eldegoss, F|100/100|[from]move: U-turn
|move|p2a: Magneton|Volt Switch|p1a: Eldegoss
|-resisted|p1a: Eldegoss
|-damage|p1a: Eldegoss|87/100
|
|t:|1656004124
|switch|p2a: Flapple|Flapple, F|100/100|[from]move: Volt Switch
|
|-heal|p1a: Eldegoss|93/100|[from] item: Leftovers
|upkeep
|turn|13
|
|t:|1656004131
|switch|p1a: Galvantula|Galvantula, F|100/100
|move|p2a: Flapple|U-turn|p1a: Galvantula
|-damage|p1a: Galvantula|17/100
|-damage|p2a: Flapple|91/100|[from] item: Life Orb
|
|t:|1656004135
|switch|p2a: Cinccino|Cinccino, F|34/100|[from]move: U-turn
|
|upkeep
|turn|14
|
|t:|1656004142
|move|p2a: Cinccino|U-turn|p1a: Galvantula
|-damage|p1a: Galvantula|0 fnt
|faint|p1a: Galvantula
|
|t:|1656004146
|switch|p2a: Magneton|Magneton|76/100|[from]move: U-turn
|
|upkeep
|
|t:|1656004153
|switch|p1a: Centiskorch|Centiskorch, F|100/100
|turn|15
|
|t:|1656004159
|move|p1a: Centiskorch|Flare Blitz|p2a: Magneton
|-supereffective|p2a: Magneton
|-damage|p2a: Magneton|0 fnt
|faint|p2a: Magneton
|-damage|p1a: Centiskorch|83/100|[from] Recoil
|
|upkeep
|
|t:|1656004182
|switch|p2a: Mesprit|Mesprit|17/100
|turn|16
|
|t:|1656004185
|move|p1a: Centiskorch|Flare Blitz|p2a: Mesprit
|-damage|p2a: Mesprit|0 fnt
|faint|p2a: Mesprit
|-damage|p1a: Centiskorch|78/100|[from] Recoil
|
|upkeep
|
|t:|1656004203
|switch|p2a: Flapple|Flapple, F|91/100
|turn|17
|
|t:|1656004207
|move|p2a: Flapple|Sucker Punch|p1a: Centiskorch
|-damage|p1a: Centiskorch|16/100
|-damage|p2a: Flapple|81/100|[from] item: Life Orb
|move|p1a: Centiskorch|Flare Blitz|p2a: Flapple
|-damage|p2a: Flapple|2/100
|-status|p2a: Flapple|brn
|-damage|p1a: Centiskorch|0 fnt|[from] Recoil
|faint|p1a: Centiskorch
|
|-damage|p2a: Flapple|0 fnt|[from] brn
|faint|p2a: Flapple
|upkeep
|
|t:|1656004219
|switch|p1a: Scyther|Scyther, F|100/100
|switch|p2a: Cinccino|Cinccino, F|34/100
|turn|18
|
|t:|1656004226
|move|p1a: Scyther|Quick Attack|p2a: Cinccino
|-damage|p2a: Cinccino|0 fnt
|faint|p2a: Cinccino
|
|upkeep
|
|t:|1656004230
|switch|p2a: Gourgeist|Gourgeist-Large, F|44/100
|-item|p1a: Scyther|Heavy-Duty Boots|[from] ability: Frisk|[of] p2a: Gourgeist|[identify]
|turn|19
|
|t:|1656004234
|move|p1a: Scyther|Dual Wingbeat|p2a: Gourgeist
|-supereffective|p2a: Gourgeist
|-damage|p2a: Gourgeist|0 fnt
|faint|p2a: Gourgeist
|-hitcount|p2: Gourgeist|1
|
|win|Don-Brainhook
|raw|Don-Brainhook's rating: 1247 &rarr; <strong>1288</strong><br />(+41 for winning)
|raw|yassy slay's rating: 1513 &rarr; <strong>1480</strong><br />(-33 for losing)
|l|☆Don-Brainhook
