|j|☆hyurrg
|j|☆zyxxxa
|t:|1641659695
|gametype|singles
|player|p1|hyurrg|cress|1349
|player|p2|zyxxxa|unknown|1258
|teamsize|p1|6
|teamsize|p2|6
|gen|8
|tier|[Gen 8] PU
|rated|
|rule|Sleep Clause Mod: Limit one foe put to sleep
|rule|Species Clause: Limit one of each Pokémon
|rule|OHKO Clause: OHKO moves are banned
|rule|Evasion Moves Clause: Evasion moves are banned
|rule|Endless Battle Clause: Forcing endless battles is banned
|rule|HP Percentage Mod: HP is shown in percentages
|rule|Dynamax Clause: You cannot dynamax
|clearpoke
|poke|p1|Perrserker, F|
|poke|p1|Gigalith, F|
|poke|p1|Alcremie, F|
|poke|p1|Altaria, M|
|poke|p1|Persian-Alola, M|
|poke|p1|Sandslash, F|
|poke|p2|Carracosta, F|
|poke|p2|Ribombee, M|
|poke|p2|Aggron, M|
|poke|p2|Eldegoss, F|
|poke|p2|Charizard, F|
|poke|p2|Jellicent, M|
|teampreview
|inactive|Battle timer is ON: inactive players will automatically lose when time's up. (requested by zyxxxa)
|
|t:|1641659712
|start
|switch|p1a: Sandslash|Sandslash, F|100/100
|switch|p2a: Ribombee|Ribombee, M|100/100
|turn|1
|
|t:|1641659717
|switch|p1a: Gigalith|Gigalith, F|100/100
|-weather|Sandstorm|[from] ability: Sand Stream|[of] p1a: Gigalith
|move|p2a: Ribombee|Moonblast|p1a: Gigalith
|-damage|p1a: Gigalith|80/100
|
|-weather|Sandstorm|[upkeep]
|-damage|p2a: Ribombee|94/100|[from] Sandstorm
|-heal|p1a: Gigalith|86/100|[from] item: Leftovers
|upkeep
|turn|2
|
|t:|1641659722
|move|p2a: Ribombee|Sticky Web|p1a: Gigalith
|-sidestart|p1: hyurrg|move: Sticky Web
|move|p1a: Gigalith|Stealth Rock|p2a: Ribombee
|-sidestart|p2: zyxxxa|move: Stealth Rock
|
|-weather|Sandstorm|[upkeep]
|-damage|p2a: Ribombee|88/100|[from] Sandstorm
|-heal|p1a: Gigalith|92/100|[from] item: Leftovers
|upkeep
|turn|3
|
|t:|1641659727
|move|p2a: Ribombee|Moonblast|p1a: Gigalith
|-damage|p1a: Gigalith|70/100
|move|p1a: Gigalith|Rock Blast|p2a: Ribombee
|-supereffective|p2a: Ribombee
|-damage|p2a: Ribombee|44/100
|-supereffective|p2a: Ribombee
|-damage|p2a: Ribombee|0 fnt
|faint|p2a: Ribombee
|-hitcount|p2: Ribombee|2
|
|-weather|Sandstorm|[upkeep]
|-heal|p1a: Gigalith|76/100|[from] item: Leftovers
|upkeep
|
|t:|1641659734
|switch|p2a: Jellicent|Jellicent, M|100/100
|-damage|p2a: Jellicent|88/100|[from] Stealth Rock
|turn|4
|
|t:|1641659738
|move|p1a: Gigalith|Protect|p1a: Gigalith
|-singleturn|p1a: Gigalith|Protect
|move|p2a: Jellicent|Water Spout|p1a: Gigalith
|-activate|p1a: Gigalith|move: Protect
|
|-weather|Sandstorm|[upkeep]
|-damage|p2a: Jellicent|82/100|[from] Sandstorm
|-heal|p1a: Gigalith|83/100|[from] item: Leftovers
|upkeep
|turn|5
|
|t:|1641659742
|switch|p1a: Altaria|Altaria, M|100/100
|move|p2a: Jellicent|Water Spout|p1a: Altaria
|-resisted|p1a: Altaria
|-damage|p1a: Altaria|82/100
|
|-weather|none
|upkeep
|turn|6
|
|t:|1641659748
|switch|p2a: Eldegoss|Eldegoss, F|100/100
|-damage|p2a: Eldegoss|88/100|[from] Stealth Rock
|move|p1a: Altaria|Toxic|p2a: Eldegoss|[miss]
|-miss|p1a: Altaria|p2a: Eldegoss
|
|-heal|p2a: Eldegoss|94/100|[from] item: Leftovers
|upkeep
|turn|7
|
|t:|1641659751
|move|p1a: Altaria|Toxic|p2a: Eldegoss
|-status|p2a: Eldegoss|tox
|move|p2a: Eldegoss|Sleep Powder|p1a: Altaria
|-status|p1a: Altaria|slp|[from] move: Sleep Powder
|
|-heal|p2a: Eldegoss|100/100 tox|[from] item: Leftovers
|-damage|p2a: Eldegoss|94/100 tox|[from] psn
|upkeep
|turn|8
|
|t:|1641659756
|-curestatus|p1a: Altaria|slp|[from] ability: Natural Cure
|switch|p1a: Gigalith|Gigalith, F|83/100
|-activate|p1a: Gigalith|move: Sticky Web
|-unboost|p1a: Gigalith|spe|1
|-weather|Sandstorm|[from] ability: Sand Stream|[of] p1a: Gigalith
|move|p2a: Eldegoss|Rapid Spin|p1a: Gigalith
|-resisted|p1a: Gigalith
|-damage|p1a: Gigalith|80/100
|-boost|p2a: Eldegoss|spe|1
|-sideend|p2: zyxxxa|Stealth Rock|[from] move: Rapid Spin|[of] p2a: Eldegoss
|
|-weather|Sandstorm|[upkeep]
|-damage|p2a: Eldegoss|88/100 tox|[from] Sandstorm
|-heal|p2a: Eldegoss|94/100 tox|[from] item: Leftovers
|-heal|p1a: Gigalith|86/100|[from] item: Leftovers
|-damage|p2a: Eldegoss|82/100 tox|[from] psn
|upkeep
|turn|9
|
|t:|1641659766
|switch|p1a: Altaria|Altaria, M|82/100
|move|p2a: Eldegoss|Sleep Powder|p1a: Altaria
|-status|p1a: Altaria|slp|[from] move: Sleep Powder
|
|-weather|Sandstorm|[upkeep]
|-damage|p2a: Eldegoss|76/100 tox|[from] Sandstorm
|-damage|p1a: Altaria|76/100 slp|[from] Sandstorm
|-heal|p2a: Eldegoss|82/100 tox|[from] item: Leftovers
|-damage|p2a: Eldegoss|63/100 tox|[from] psn
|upkeep
|turn|10
|
|t:|1641659774
|switch|p2a: Charizard|Charizard, F|100/100
|-curestatus|p1a: Altaria|slp|[from] ability: Natural Cure
|switch|p1a: Gigalith|Gigalith, F|86/100
|-activate|p1a: Gigalith|move: Sticky Web
|-unboost|p1a: Gigalith|spe|1
|
|-weather|Sandstorm|[upkeep]
|-damage|p2a: Charizard|94/100|[from] Sandstorm
|-heal|p1a: Gigalith|92/100|[from] item: Leftovers
|upkeep
|turn|11
|
|t:|1641659779
|move|p2a: Charizard|Will-O-Wisp|p1a: Gigalith
|-status|p1a: Gigalith|brn
|move|p1a: Gigalith|Rock Blast|p2a: Charizard|[miss]
|-miss|p1a: Gigalith|p2a: Charizard
|
|-weather|Sandstorm|[upkeep]
|-damage|p2a: Charizard|88/100|[from] Sandstorm
|-heal|p1a: Gigalith|99/100 brn|[from] item: Leftovers
|-damage|p1a: Gigalith|92/100 brn|[from] brn
|upkeep
|turn|12
|
|t:|1641659787
|switch|p2a: Aggron|Aggron, M|100/100
|move|p1a: Gigalith|Rock Blast|p2a: Aggron
|-resisted|p2a: Aggron
|-damage|p2a: Aggron|99/100
|-resisted|p2a: Aggron
|-damage|p2a: Aggron|97/100
|-resisted|p2a: Aggron
|-damage|p2a: Aggron|95/100
|-hitcount|p2a: Aggron|3
|
|-weather|none
|-heal|p1a: Gigalith|99/100 brn|[from] item: Leftovers
|-damage|p1a: Gigalith|92/100 brn|[from] brn
|upkeep
|turn|13
|
|t:|1641659790
|move|p2a: Aggron|Stealth Rock|p1a: Gigalith
|-sidestart|p1: hyurrg|move: Stealth Rock
|move|p1a: Gigalith|Earthquake|p2a: Aggron
|-supereffective|p2a: Aggron
|-damage|p2a: Aggron|63/100
|
|-heal|p1a: Gigalith|99/100 brn|[from] item: Leftovers
|-damage|p1a: Gigalith|92/100 brn|[from] brn
|upkeep
|turn|14
|
|t:|1641659798
|move|p2a: Aggron|Earthquake|p1a: Gigalith
|-supereffective|p1a: Gigalith
|-damage|p1a: Gigalith|44/100 brn
|move|p1a: Gigalith|Earthquake|p2a: Aggron
|-supereffective|p2a: Aggron
|-damage|p2a: Aggron|25/100
|
|-heal|p1a: Gigalith|50/100 brn|[from] item: Leftovers
|-damage|p1a: Gigalith|44/100 brn|[from] brn
|upkeep
|turn|15
|
|t:|1641659806
|switch|p1a: Persian|Persian-Alola, M|100/100
|move|p2a: Aggron|Earthquake|p1a: Persian
|-damage|p1a: Persian|67/100
|
|upkeep
|turn|16
|
|t:|1641659818
|move|p1a: Persian|Foul Play|p2a: Aggron
|-damage|p2a: Aggron|0 fnt
|faint|p2a: Aggron
|
|upkeep
|
|t:|1641659827
|switch|p2a: Eldegoss|Eldegoss, F|97/100 tox
|turn|17
|
|t:|1641659832
|move|p1a: Persian|Parting Shot|p2a: Eldegoss
|-unboost|p2a: Eldegoss|atk|1
|-unboost|p2a: Eldegoss|spa|1
|
|t:|1641659833
|switch|p1a: Altaria|Altaria, M|76/100|[from]move: Parting Shot
|move|p2a: Eldegoss|Sleep Powder|p1a: Altaria
|-status|p1a: Altaria|slp|[from] move: Sleep Powder
|
|-heal|p2a: Eldegoss|100/100 tox|[from] item: Leftovers
|-damage|p2a: Eldegoss|94/100 tox|[from] psn
|upkeep
|turn|18
|
|t:|1641659846
|-curestatus|p1a: Altaria|slp|[from] ability: Natural Cure
|switch|p1a: Alcremie|Alcremie, F|100/100
|move|p2a: Eldegoss|Sleep Powder|p1a: Alcremie
|-status|p1a: Alcremie|slp|[from] move: Sleep Powder
|
|-heal|p2a: Eldegoss|100/100 tox|[from] item: Leftovers
|-damage|p2a: Eldegoss|88/100 tox|[from] psn
|upkeep
|turn|19
|
|t:|1641659852
|switch|p1a: Altaria|Altaria, M|76/100
|switch|p2a: Carracosta|Carracosta, F|100/100
|
|upkeep
|turn|20
|
|t:|1641659856
|move|p1a: Altaria|Toxic|p2a: Carracosta|[miss]
|-miss|p1a: Altaria|p2a: Carracosta
|move|p2a: Carracosta|Shell Smash|p2a: Carracosta
|-unboost|p2a: Carracosta|def|1
|-unboost|p2a: Carracosta|spd|1
|-boost|p2a: Carracosta|atk|2
|-boost|p2a: Carracosta|spa|2
|-boost|p2a: Carracosta|spe|2
|
|upkeep
|turn|21
|
|t:|1641659859
|move|p2a: Carracosta|Meteor Beam||[still]
|-prepare|p2a: Carracosta|Meteor Beam
|-boost|p2a: Carracosta|spa|1
|-enditem|p2a: Carracosta|Power Herb
|-anim|p2a: Carracosta|Meteor Beam|p1a: Altaria
|-supereffective|p1a: Altaria
|-damage|p1a: Altaria|0 fnt
|faint|p1a: Altaria
|
|upkeep
|c|☆hyurrg|my luck is just awfull today
|-message|hyurrg forfeited.
|
|win|zyxxxa
|raw|hyurrg's rating: 1349 &rarr; <strong>1323</strong><br />(-26 for losing)
|raw|zyxxxa's rating: 1241 &rarr; <strong>1274</strong><br />(+33 for winning)
|l|☆hyurrg
