|j|☆Teddeh
|j|☆CaspaRuskoYo
|t:|1606904269
|player|p1|Teddeh|169|1547
|player|p2|CaspaRuskoYo|169|1603
|teamsize|p1|6
|teamsize|p2|6
|gametype|singles
|gen|8
|tier|[Gen 8] PU
|rated|
|clearpoke
|poke|p1|Audino, M|
|poke|p1|Sandaconda, M|
|poke|p1|Cryogonal|
|poke|p1|Flareon, F|
|poke|p1|Tangela, M|
|poke|p1|Skuntank, F|
|poke|p2|Audino, F|
|poke|p2|Mawile, F|
|poke|p2|Quagsire, F|
|poke|p2|Spiritomb, M|
|poke|p2|Rapidash, F|
|poke|p2|Rotom-Fan|
|rule|Sleep Clause Mod: Limit one foe put to sleep
|rule|Species Clause: Limit one of each Pokémon
|rule|OHKO Clause: OHKO moves are banned
|rule|Evasion Moves Clause: Evasion moves are banned
|rule|Endless Battle Clause: Forcing endless battles is banned
|rule|HP Percentage Mod: HP is shown in percentages
|rule|Dynamax Clause: You cannot dynamax
|teampreview
|inactive|Battle timer is ON: inactive players will automatically lose when time's up. (requested by CaspaRuskoYo)
|
|t:|1606904285
|start
|switch|p1a: Audino|Audino, M|100/100
|switch|p2a: Mawile|Mawile, F|100/100
|-ability|p2a: Mawile|Intimidate|boost
|-unboost|p1a: Audino|atk|1
|turn|1
|
|t:|1606904308
|move|p1a: Audino|Knock Off|p2a: Mawile
|-resisted|p2a: Mawile
|-damage|p2a: Mawile|96/100
|-damage|p1a: Audino|84/100|[from] item: Rocky Helmet|[of] p2a: Mawile
|-enditem|p2a: Mawile|Rocky Helmet|[from] move: Knock Off|[of] p1a: Audino
|move|p2a: Mawile|Knock Off|p1a: Audino
|-damage|p1a: Audino|66/100
|-enditem|p1a: Audino|Leftovers|[from] move: Knock Off|[of] p2a: Mawile
|
|upkeep
|turn|2
|j| m3l33f0x
|
|t:|1606904317
|switch|p1a: Sandaconda|Sandaconda, M|100/100
|move|p2a: Mawile|Stealth Rock|p1a: Sandaconda
|-sidestart|p1: Teddeh|move: Stealth Rock
|
|upkeep
|turn|3
|
|t:|1606904322
|switch|p2a: Rotom|Rotom-Fan|100/100
|move|p1a: Sandaconda|Stealth Rock|p2a: Rotom
|-sidestart|p2: CaspaRuskoYo|move: Stealth Rock
|
|upkeep
|turn|4
|
|t:|1606904326
|switch|p1a: Cryogonal|Cryogonal|100/100
|move|p2a: Rotom|Nasty Plot|p2a: Rotom
|-boost|p2a: Rotom|spa|2
|
|upkeep
|turn|5
|l| m3l33f0x
|
|t:|1606904333
|switch|p2a: Spiritomb|Spiritomb, M|100/100
|-damage|p2a: Spiritomb|88/100|[from] Stealth Rock
|-ability|p2a: Spiritomb|Pressure
|move|p1a: Cryogonal|Haze|p1a: Cryogonal
|-clearallboost
|
|-heal|p2a: Spiritomb|94/100|[from] item: Leftovers
|upkeep
|turn|6
|
|t:|1606904345
|switch|p2a: Audino|Audino, F|100/100
|-damage|p2a: Audino|88/100|[from] Stealth Rock
|move|p1a: Cryogonal|Freeze-Dry|p2a: Audino
|-damage|p2a: Audino|72/100
|
|-heal|p2a: Audino|79/100|[from] item: Leftovers
|upkeep
|turn|7
|
|t:|1606904353
|switch|p1a: Audino|Audino, M|99/100
|-damage|p1a: Audino|87/100|[from] Stealth Rock
|move|p2a: Audino|Knock Off|p1a: Audino
|-damage|p1a: Audino|77/100
|
|-heal|p2a: Audino|85/100|[from] item: Leftovers
|upkeep
|turn|8
|
|t:|1606904358
|switch|p2a: Mawile|Mawile, F|96/100
|-damage|p2a: Mawile|90/100|[from] Stealth Rock
|-ability|p2a: Mawile|Intimidate|boost
|-unboost|p1a: Audino|atk|1
|move|p1a: Audino|Knock Off|p2a: Mawile
|-resisted|p2a: Mawile
|-damage|p2a: Mawile|87/100
|
|upkeep
|turn|9
|
|t:|1606904363
|switch|p1a: Sandaconda|Sandaconda, M|100/100
|-damage|p1a: Sandaconda|94/100|[from] Stealth Rock
|move|p2a: Mawile|Knock Off|p1a: Sandaconda
|-damage|p1a: Sandaconda|81/100
|-damage|p2a: Mawile|71/100|[from] item: Rocky Helmet|[of] p1a: Sandaconda
|-enditem|p1a: Sandaconda|Rocky Helmet|[from] move: Knock Off|[of] p2a: Mawile
|
|upkeep
|turn|10
|
|t:|1606904375
|switch|p2a: Rotom|Rotom-Fan|100/100
|move|p1a: Sandaconda|Stone Edge|p2a: Rotom
|-supereffective|p2a: Rotom
|-damage|p2a: Rotom|54/100
|
|upkeep
|turn|11
|
|t:|1606904383
|switch|p2a: Quagsire|Quagsire, F|100/100
|-damage|p2a: Quagsire|94/100|[from] Stealth Rock
|switch|p1a: Cryogonal|Cryogonal|100/100
|
|-heal|p2a: Quagsire|100/100|[from] item: Leftovers
|upkeep
|turn|12
|
|t:|1606904389
|switch|p2a: Spiritomb|Spiritomb, M|94/100
|-damage|p2a: Spiritomb|82/100|[from] Stealth Rock
|-ability|p2a: Spiritomb|Pressure
|move|p1a: Cryogonal|Freeze-Dry|p2a: Spiritomb
|-damage|p2a: Spiritomb|59/100
|
|-heal|p2a: Spiritomb|65/100|[from] item: Leftovers
|upkeep
|turn|13
|
|t:|1606904394
|switch|p1a: Audino|Audino, M|100/100
|-damage|p1a: Audino|88/100|[from] Stealth Rock
|move|p2a: Spiritomb|Dark Pulse|p1a: Audino
|-damage|p1a: Audino|71/100
|
|-heal|p2a: Spiritomb|72/100|[from] item: Leftovers
|upkeep
|turn|14
|
|t:|1606904397
|move|p1a: Audino|Knock Off|p2a: Spiritomb
|-crit|p2a: Spiritomb
|-damage|p2a: Spiritomb|53/100
|-enditem|p2a: Spiritomb|Leftovers|[from] move: Knock Off|[of] p1a: Audino
|move|p2a: Spiritomb|Calm Mind|p2a: Spiritomb
|-boost|p2a: Spiritomb|spa|1
|-boost|p2a: Spiritomb|spd|1
|
|upkeep
|turn|15
|
|t:|1606904400
|move|p1a: Audino|Wish|p1a: Audino
|move|p2a: Spiritomb|Dark Pulse|p1a: Audino
|-damage|p1a: Audino|45/100
|
|upkeep
|turn|16
|
|t:|1606904408
|switch|p1a: Cryogonal|Cryogonal|100/100
|move|p2a: Spiritomb|Dark Pulse|p1a: Cryogonal
|-damage|p1a: Cryogonal|71/100
|
|-heal|p1a: Cryogonal|100/100|[from] move: Wish|[wisher] Audino
|upkeep
|turn|17
|
|t:|1606904414
|move|p1a: Cryogonal|Haze|p1a: Cryogonal
|-clearallboost
|move|p2a: Spiritomb|Rest|p2a: Spiritomb
|-status|p2a: Spiritomb|slp|[from] move: Rest
|-heal|p2a: Spiritomb|100/100 slp|[silent]
|
|upkeep
|turn|18
|
|t:|1606904424
|switch|p1a: Tangela|Tangela, M|100/100
|-damage|p1a: Tangela|88/100|[from] Stealth Rock
|cant|p2a: Spiritomb|slp
|move|p2a: Spiritomb|Sleep Talk|p2a: Spiritomb
|move|p2a: Spiritomb|Calm Mind|p2a: Spiritomb|[from]move: Sleep Talk
|-boost|p2a: Spiritomb|spa|1
|-boost|p2a: Spiritomb|spd|1
|
|upkeep
|turn|19
|
|t:|1606904428
|move|p1a: Tangela|Leech Seed|p2a: Spiritomb
|-start|p2a: Spiritomb|move: Leech Seed
|cant|p2a: Spiritomb|slp
|move|p2a: Spiritomb|Sleep Talk|p2a: Spiritomb
|move|p2a: Spiritomb|Dark Pulse|p1a: Tangela|[from]move: Sleep Talk
|-damage|p1a: Tangela|24/100
|
|-damage|p2a: Spiritomb|88/100 slp|[from] Leech Seed|[of] p1a: Tangela
|-heal|p1a: Tangela|36/100|[silent]
|upkeep
|turn|20
|
|t:|1606904437
|switch|p1a: Audino|Audino, M|78/100
|-damage|p1a: Audino|65/100|[from] Stealth Rock
|-curestatus|p2a: Spiritomb|slp|[msg]
|move|p2a: Spiritomb|Dark Pulse|p1a: Audino
|-damage|p1a: Audino|41/100
|
|-damage|p2a: Spiritomb|75/100|[from] Leech Seed|[of] p1a: Audino
|-heal|p1a: Audino|50/100|[silent]
|upkeep
|turn|21
|
|t:|1606904447
|switch|p2a: Audino|Audino, F|100/100
|-damage|p2a: Audino|88/100|[from] Stealth Rock
|move|p1a: Audino|Wish|p1a: Audino
|
|-heal|p2a: Audino|94/100|[from] item: Leftovers
|upkeep
|turn|22
|
|t:|1606904451
|move|p2a: Audino|Wish|p2a: Audino
|move|p1a: Audino|Knock Off|p2a: Audino
|-damage|p2a: Audino|81/100
|-enditem|p2a: Audino|Leftovers|[from] move: Knock Off|[of] p1a: Audino
|
|-heal|p1a: Audino|100/100|[from] move: Wish|[wisher] Audino
|upkeep
|turn|23
|
|t:|1606904458
|switch|p2a: Mawile|Mawile, F|71/100
|-damage|p2a: Mawile|64/100|[from] Stealth Rock
|-ability|p2a: Mawile|Intimidate|boost
|-unboost|p1a: Audino|atk|1
|move|p1a: Audino|Toxic|p2a: Mawile
|-immune|p2a: Mawile
|
|-heal|p2a: Mawile|100/100|[from] move: Wish|[wisher] Audino
|upkeep
|turn|24
|
|t:|1606904463
|switch|p1a: Sandaconda|Sandaconda, M|81/100
|-damage|p1a: Sandaconda|75/100|[from] Stealth Rock
|move|p2a: Mawile|Taunt|p1a: Sandaconda
|-start|p1a: Sandaconda|move: Taunt
|
|upkeep
|turn|25
|
|t:|1606904470
|switch|p1a: Tangela|Tangela, M|69/100
|-damage|p1a: Tangela|57/100|[from] Stealth Rock
|switch|p2a: Quagsire|Quagsire, F|100/100
|-damage|p2a: Quagsire|94/100|[from] Stealth Rock
|
|-heal|p2a: Quagsire|100/100|[from] item: Leftovers
|upkeep
|turn|26
|inactive|CaspaRuskoYo has 120 seconds left.
|
|t:|1606904507
|switch|p2a: Audino|Audino, F|100/100
|-damage|p2a: Audino|88/100|[from] Stealth Rock
|move|p1a: Tangela|Knock Off|p2a: Audino
|-damage|p2a: Audino|79/100
|
|upkeep
|turn|27
|inactive|CaspaRuskoYo has 120 seconds left.
|
|t:|1606904513
|switch|p1a: Audino|Audino, M|100/100
|-damage|p1a: Audino|88/100|[from] Stealth Rock
|move|p2a: Audino|Knock Off|p1a: Audino
|-damage|p1a: Audino|79/100
|
|upkeep
|turn|28
|
|t:|1606904521
|switch|p2a: Spiritomb|Spiritomb, M|75/100
|-damage|p2a: Spiritomb|63/100|[from] Stealth Rock
|-ability|p2a: Spiritomb|Pressure
|move|p1a: Audino|Toxic|p2a: Spiritomb
|-status|p2a: Spiritomb|tox
|
|-damage|p2a: Spiritomb|57/100 tox|[from] psn
|upkeep
|turn|29
|
|t:|1606904525
|switch|p1a: Skuntank|Skuntank, F|100/100
|-damage|p1a: Skuntank|88/100|[from] Stealth Rock
|move|p2a: Spiritomb|Rest|p2a: Spiritomb
|-status|p2a: Spiritomb|slp|[from] move: Rest
|-heal|p2a: Spiritomb|100/100 slp|[silent]
|
|-heal|p1a: Skuntank|94/100|[from] item: Black Sludge
|upkeep
|turn|30
|
|t:|1606904530
|move|p1a: Skuntank|Dark Pulse|p2a: Spiritomb
|-damage|p2a: Spiritomb|69/100 slp
|cant|p2a: Spiritomb|slp
|move|p2a: Spiritomb|Sleep Talk|p2a: Spiritomb
|move|p2a: Spiritomb|Calm Mind|p2a: Spiritomb|[from]move: Sleep Talk
|-boost|p2a: Spiritomb|spa|1
|-boost|p2a: Spiritomb|spd|1
|
|-heal|p1a: Skuntank|99/100|[from] item: Black Sludge
|upkeep
|turn|31
|
|t:|1606904534
|switch|p1a: Cryogonal|Cryogonal|100/100
|cant|p2a: Spiritomb|slp
|move|p2a: Spiritomb|Sleep Talk|p2a: Spiritomb
|move|p2a: Spiritomb|Dark Pulse|p1a: Cryogonal|[from]move: Sleep Talk
|-damage|p1a: Cryogonal|74/100
|
|upkeep
|turn|32
|
|t:|1606904546
|switch|p2a: Rapidash|Rapidash, F|100/100
|move|p1a: Cryogonal|Haze|p1a: Cryogonal
|-clearallboost
|
|upkeep
|turn|33
|
|t:|1606904555
|switch|p2a: Rotom|Rotom-Fan|54/100
|switch|p1a: Sandaconda|Sandaconda, M|75/100
|-damage|p1a: Sandaconda|69/100|[from] Stealth Rock
|
|upkeep
|turn|34
|
|t:|1606904560
|switch|p1a: Cryogonal|Cryogonal|74/100
|move|p2a: Rotom|Air Slash|p1a: Cryogonal
|-damage|p1a: Cryogonal|55/100
|
|upkeep
|turn|35
|
|t:|1606904566
|switch|p2a: Audino|Audino, F|100/100
|-damage|p2a: Audino|88/100|[from] Stealth Rock
|move|p1a: Cryogonal|Recover|p1a: Cryogonal
|-heal|p1a: Cryogonal|100/100
|
|upkeep
|turn|36
|
|t:|1606904577
|switch|p1a: Audino|Audino, M|100/100
|-damage|p1a: Audino|88/100|[from] Stealth Rock
|switch|p2a: Rapidash|Rapidash, F|100/100
|
|upkeep
|turn|37
|
|t:|1606904582
|move|p2a: Rapidash|Swords Dance|p2a: Rapidash
|-boost|p2a: Rapidash|atk|2
|move|p1a: Audino|Knock Off|p2a: Rapidash
|-damage|p2a: Rapidash|79/100
|-enditem|p2a: Rapidash|Heavy-Duty Boots|[from] move: Knock Off|[of] p1a: Audino
|
|upkeep
|turn|38
|
|t:|1606904586
|move|p2a: Rapidash|Flare Blitz|p1a: Audino
|-damage|p1a: Audino|0 fnt
|-damage|p2a: Rapidash|41/100|[from] Recoil
|faint|p1a: Audino
|
|upkeep
|
|t:|1606904609
|switch|p1a: Sandaconda|Sandaconda, M|69/100
|-damage|p1a: Sandaconda|63/100|[from] Stealth Rock
|turn|39
|
|t:|1606904617
|switch|p2a: Rotom|Rotom-Fan|54/100
|move|p1a: Sandaconda|Earthquake|p2a: Rotom
|-immune|p2a: Rotom
|
|upkeep
|turn|40
|
|t:|1606904626
|switch|p2a: Quagsire|Quagsire, F|100/100
|-damage|p2a: Quagsire|94/100|[from] Stealth Rock
|move|p1a: Sandaconda|Rest|p1a: Sandaconda
|-status|p1a: Sandaconda|slp|[from] move: Rest
|-heal|p1a: Sandaconda|100/100 slp|[silent]
|
|-activate|p1a: Sandaconda|ability: Shed Skin
|-curestatus|p1a: Sandaconda|slp|[msg]
|-heal|p2a: Quagsire|100/100|[from] item: Leftovers
|upkeep
|turn|41
|
|t:|1606904633
|switch|p1a: Tangela|Tangela, M|90/100
|-damage|p1a: Tangela|78/100|[from] Stealth Rock
|move|p2a: Quagsire|Toxic|p1a: Tangela
|-status|p1a: Tangela|tox
|
|-damage|p1a: Tangela|72/100 tox|[from] psn
|upkeep
|turn|42
|
|t:|1606904640
|switch|p2a: Audino|Audino, F|100/100
|-damage|p2a: Audino|88/100|[from] Stealth Rock
|move|p1a: Tangela|Leech Seed|p2a: Audino
|-start|p2a: Audino|move: Leech Seed
|
|-damage|p2a: Audino|76/100|[from] Leech Seed|[of] p1a: Tangela
|-heal|p1a: Tangela|87/100 tox|[silent]
|-damage|p1a: Tangela|75/100 tox|[from] psn
|upkeep
|turn|43
|
|t:|1606904648
|switch|p1a: Skuntank|Skuntank, F|99/100
|-damage|p1a: Skuntank|88/100|[from] Stealth Rock
|move|p2a: Audino|Wish|p2a: Audino
|
|-heal|p1a: Skuntank|94/100|[from] item: Black Sludge
|-damage|p2a: Audino|63/100|[from] Leech Seed|[of] p1a: Skuntank
|-heal|p1a: Skuntank|100/100|[silent]
|upkeep
|turn|44
|
|t:|1606904654
|switch|p2a: Quagsire|Quagsire, F|100/100
|-damage|p2a: Quagsire|94/100|[from] Stealth Rock
|move|p1a: Skuntank|Nasty Plot|p1a: Skuntank
|-boost|p1a: Skuntank|spa|2
|
|-heal|p2a: Quagsire|100/100|[from] move: Wish|[wisher] Audino
|upkeep
|turn|45
|
|t:|1606904659
|switch|p1a: Tangela|Tangela, M|100/100 tox
|-damage|p1a: Tangela|88/100 tox|[from] Stealth Rock
|move|p2a: Quagsire|Earthquake|p1a: Tangela
|-resisted|p1a: Tangela
|-damage|p1a: Tangela|82/100 tox
|
|-damage|p1a: Tangela|76/100 tox|[from] psn
|upkeep
|turn|46
|
|t:|1606904667
|switch|p2a: Audino|Audino, F|96/100
|-damage|p2a: Audino|84/100|[from] Stealth Rock
|move|p1a: Tangela|Leech Seed|p2a: Audino
|-start|p2a: Audino|move: Leech Seed
|
|-damage|p2a: Audino|71/100|[from] Leech Seed|[of] p1a: Tangela
|-heal|p1a: Tangela|91/100 tox|[silent]
|-damage|p1a: Tangela|79/100 tox|[from] psn
|upkeep
|turn|47
|
|t:|1606904678
|move|p1a: Tangela|Giga Drain|p2a: Audino
|-damage|p2a: Audino|56/100
|-heal|p1a: Tangela|89/100 tox|[from] drain|[of] p2a: Audino
|move|p2a: Audino|Wish|p2a: Audino
|
|-damage|p2a: Audino|43/100|[from] Leech Seed|[of] p1a: Tangela
|-heal|p1a: Tangela|100/100 tox|[silent]
|-damage|p1a: Tangela|83/100 tox|[from] psn
|upkeep
|turn|48
|
|t:|1606904699
|switch|p1a: Sandaconda|Sandaconda, M|100/100
|-damage|p1a: Sandaconda|94/100|[from] Stealth Rock
|switch|p2a: Mawile|Mawile, F|100/100
|-damage|p2a: Mawile|94/100|[from] Stealth Rock
|-ability|p2a: Mawile|Intimidate|boost
|-unboost|p1a: Sandaconda|atk|1
|
|-heal|p2a: Mawile|100/100|[from] move: Wish|[wisher] Audino
|upkeep
|turn|49
|
|t:|1606904709
|switch|p1a: Skuntank|Skuntank, F|100/100
|-damage|p1a: Skuntank|88/100|[from] Stealth Rock
|switch|p2a: Quagsire|Quagsire, F|100/100
|-damage|p2a: Quagsire|94/100|[from] Stealth Rock
|
|-heal|p1a: Skuntank|94/100|[from] item: Black Sludge
|-heal|p2a: Quagsire|100/100|[from] item: Leftovers
|upkeep
|turn|50
|
|t:|1606904713
|switch|p1a: Cryogonal|Cryogonal|100/100
|move|p2a: Quagsire|Earthquake|p1a: Cryogonal
|-immune|p1a: Cryogonal|[from] ability: Levitate
|
|upkeep
|turn|51
|
|t:|1606904721
|switch|p2a: Audino|Audino, F|77/100
|-damage|p2a: Audino|64/100|[from] Stealth Rock
|move|p1a: Cryogonal|Freeze-Dry|p2a: Audino
|-damage|p2a: Audino|48/100
|
|upkeep
|turn|52
|
|t:|1606904728
|switch|p1a: Sandaconda|Sandaconda, M|94/100
|-damage|p1a: Sandaconda|88/100|[from] Stealth Rock
|move|p2a: Audino|Wish|p2a: Audino
|
|upkeep
|turn|53
|
|t:|1606904740
|switch|p2a: Spiritomb|Spiritomb, M|69/100 slp
|-damage|p2a: Spiritomb|56/100 slp|[from] Stealth Rock
|-ability|p2a: Spiritomb|Pressure
|move|p1a: Sandaconda|Earthquake|p2a: Spiritomb
|-damage|p2a: Spiritomb|30/100 slp
|
|-heal|p2a: Spiritomb|97/100 slp|[from] move: Wish|[wisher] Audino
|upkeep
|turn|54
|
|t:|1606904750
|switch|p1a: Skuntank|Skuntank, F|94/100
|-damage|p1a: Skuntank|82/100|[from] Stealth Rock
|switch|p2a: Rapidash|Rapidash, F|41/100
|-damage|p2a: Rapidash|16/100|[from] Stealth Rock
|
|-heal|p1a: Skuntank|88/100|[from] item: Black Sludge
|upkeep
|turn|55
|
|t:|1606904756
|move|p2a: Rapidash|Morning Sun|p2a: Rapidash
|-heal|p2a: Rapidash|66/100
|move|p1a: Skuntank|Dark Pulse|p2a: Rapidash
|-damage|p2a: Rapidash|29/100
|
|-heal|p1a: Skuntank|94/100|[from] item: Black Sludge
|upkeep
|turn|56
|
|t:|1606904761
|switch|p1a: Sandaconda|Sandaconda, M|88/100
|-damage|p1a: Sandaconda|82/100|[from] Stealth Rock
|move|p2a: Rapidash|Morning Sun|p2a: Rapidash
|-heal|p2a: Rapidash|79/100
|
|upkeep
|turn|57
|
|t:|1606904771
|switch|p2a: Quagsire|Quagsire, F|100/100
|-damage|p2a: Quagsire|94/100|[from] Stealth Rock
|switch|p1a: Flareon|Flareon, F|100/100
|
|-heal|p2a: Quagsire|100/100|[from] item: Leftovers
|upkeep
|turn|58
|
|t:|1606904777
|switch|p2a: Rotom|Rotom-Fan|54/100
|move|p1a: Flareon|Toxic|p2a: Rotom
|-status|p2a: Rotom|tox
|
|-damage|p2a: Rotom|48/100 tox|[from] psn
|upkeep
|turn|59
|
|t:|1606904786
|switch|p2a: Quagsire|Quagsire, F|100/100
|-damage|p2a: Quagsire|94/100|[from] Stealth Rock
|move|p1a: Flareon|Wish|p1a: Flareon
|
|-heal|p2a: Quagsire|100/100|[from] item: Leftovers
|upkeep
|turn|60
|
|t:|1606904790
|move|p1a: Flareon|Toxic|p2a: Quagsire
|-status|p2a: Quagsire|tox
|move|p2a: Quagsire|Toxic|p1a: Flareon
|-status|p1a: Flareon|tox
|
|-damage|p1a: Flareon|94/100 tox|[from] psn
|-damage|p2a: Quagsire|94/100 tox|[from] psn
|upkeep
|turn|61
|
|t:|1606904803
|switch|p1a: Skuntank|Skuntank, F|94/100
|-damage|p1a: Skuntank|81/100|[from] Stealth Rock
|move|p2a: Quagsire|Earthquake|p1a: Skuntank
|-supereffective|p1a: Skuntank
|-damage|p1a: Skuntank|3/100
|
|-heal|p1a: Skuntank|9/100|[from] item: Black Sludge
|-heal|p2a: Quagsire|100/100 tox|[from] item: Leftovers
|-damage|p2a: Quagsire|88/100 tox|[from] psn
|upkeep
|turn|62
|
|t:|1606904808
|move|p1a: Skuntank|Dark Pulse|p2a: Quagsire
|-damage|p2a: Quagsire|55/100 tox
|cant|p2a: Quagsire|flinch
|
|-heal|p1a: Skuntank|15/100|[from] item: Black Sludge
|-heal|p2a: Quagsire|61/100 tox|[from] item: Leftovers
|-damage|p2a: Quagsire|43/100 tox|[from] psn
|upkeep
|turn|63
|
|t:|1606904821
|switch|p2a: Mawile|Mawile, F|100/100
|-damage|p2a: Mawile|94/100|[from] Stealth Rock
|-ability|p2a: Mawile|Intimidate|boost
|-unboost|p1a: Skuntank|atk|1
|move|p1a: Skuntank|Dark Pulse|p2a: Mawile
|-resisted|p2a: Mawile
|-damage|p2a: Mawile|70/100
|
|-heal|p1a: Skuntank|21/100|[from] item: Black Sludge
|upkeep
|turn|64
|
|t:|1606904827
|move|p1a: Skuntank|Fire Blast|p2a: Mawile|[miss]
|-miss|p1a: Skuntank|p2a: Mawile
|move|p2a: Mawile|Knock Off|p1a: Skuntank
|-resisted|p1a: Skuntank
|-damage|p1a: Skuntank|9/100
|-enditem|p1a: Skuntank|Black Sludge|[from] move: Knock Off|[of] p2a: Mawile
|
|upkeep
|turn|65
|
|t:|1606904832
|switch|p2a: Audino|Audino, F|81/100
|-damage|p2a: Audino|69/100|[from] Stealth Rock
|move|p1a: Skuntank|Nasty Plot|p1a: Skuntank
|-boost|p1a: Skuntank|spa|2
|
|upkeep
|turn|66
|
|t:|1606904839
|move|p1a: Skuntank|Dark Pulse|p2a: Audino
|-damage|p2a: Audino|34/100
|move|p2a: Audino|Heal Bell|p2a: Audino
|-activate|p2a: Audino|move: Heal Bell
|-curestatus|p2: Quagsire|tox|[msg]
|-curestatus|p2: Rotom|tox|[msg]
|-curestatus|p2: Spiritomb|slp|[msg]
|
|upkeep
|turn|67
|
|t:|1606904849
|switch|p2a: Mawile|Mawile, F|70/100
|-damage|p2a: Mawile|63/100|[from] Stealth Rock
|-ability|p2a: Mawile|Intimidate|boost
|-unboost|p1a: Skuntank|atk|1
|move|p1a: Skuntank|Dark Pulse|p2a: Mawile
|-resisted|p2a: Mawile
|-damage|p2a: Mawile|13/100
|
|upkeep
|turn|68
|
|t:|1606904854
|move|p1a: Skuntank|Dark Pulse|p2a: Mawile
|-resisted|p2a: Mawile
|-damage|p2a: Mawile|0 fnt
|faint|p2a: Mawile
|
|upkeep
|
|t:|1606904858
|switch|p2a: Rapidash|Rapidash, F|79/100
|-damage|p2a: Rapidash|54/100|[from] Stealth Rock
|turn|69
|
|t:|1606904864
|switch|p1a: Flareon|Flareon, F|94/100 tox
|move|p2a: Rapidash|Flare Blitz|p1a: Flareon
|-start|p1a: Flareon|ability: Flash Fire
|
|-damage|p1a: Flareon|88/100 tox|[from] psn
|upkeep
|turn|70
|
|t:|1606904872
|move|p2a: Rapidash|High Horsepower|p1a: Flareon
|-supereffective|p1a: Flareon
|-damage|p1a: Flareon|6/100 tox
|move|p1a: Flareon|Toxic|p2a: Rapidash
|-status|p2a: Rapidash|tox
|
|-damage|p2a: Rapidash|48/100 tox|[from] psn
|-damage|p1a: Flareon|0 fnt|[from] psn
|faint|p1a: Flareon
|upkeep
|
|t:|1606904879
|switch|p1a: Sandaconda|Sandaconda, M|82/100
|-damage|p1a: Sandaconda|76/100|[from] Stealth Rock
|turn|71
|
|t:|1606904892
|switch|p2a: Spiritomb|Spiritomb, M|97/100
|-damage|p2a: Spiritomb|85/100|[from] Stealth Rock
|-ability|p2a: Spiritomb|Pressure
|switch|p1a: Tangela|Tangela, M|100/100 tox
|-damage|p1a: Tangela|88/100 tox|[from] Stealth Rock
|
|-damage|p1a: Tangela|82/100 tox|[from] psn
|upkeep
|turn|72
|
|t:|1606904900
|switch|p2a: Audino|Audino, F|67/100
|-damage|p2a: Audino|54/100|[from] Stealth Rock
|move|p1a: Tangela|Leech Seed|p2a: Audino
|-start|p2a: Audino|move: Leech Seed
|
|-damage|p2a: Audino|42/100|[from] Leech Seed|[of] p1a: Tangela
|-heal|p1a: Tangela|98/100 tox|[silent]
|-damage|p1a: Tangela|86/100 tox|[from] psn
|upkeep
|turn|73
|
|t:|1606904910
|move|p1a: Tangela|Giga Drain|p2a: Audino
|-damage|p2a: Audino|25/100
|-heal|p1a: Tangela|96/100 tox|[from] drain|[of] p2a: Audino
|move|p2a: Audino|Heal Bell|p2a: Audino
|-activate|p2a: Audino|move: Heal Bell
|-curestatus|p2: Rapidash|tox|[msg]
|
|-damage|p2a: Audino|13/100|[from] Leech Seed|[of] p1a: Tangela
|-heal|p1a: Tangela|100/100 tox|[silent]
|-damage|p1a: Tangela|83/100 tox|[from] psn
|upkeep
|turn|74
|
|t:|1606904919
|switch|p2a: Spiritomb|Spiritomb, M|85/100
|-damage|p2a: Spiritomb|72/100|[from] Stealth Rock
|-ability|p2a: Spiritomb|Pressure
|move|p1a: Tangela|Knock Off|p2a: Spiritomb
|-damage|p2a: Spiritomb|65/100
|
|-damage|p1a: Tangela|59/100 tox|[from] psn
|upkeep
|turn|75
|
|t:|1606904926
|switch|p1a: Cryogonal|Cryogonal|100/100
|switch|p2a: Audino|Audino, F|46/100
|-damage|p2a: Audino|33/100|[from] Stealth Rock
|
|upkeep
|turn|76
|
|t:|1606904929
|move|p1a: Cryogonal|Freeze-Dry|p2a: Audino
|-damage|p2a: Audino|19/100
|move|p2a: Audino|Knock Off|p1a: Cryogonal
|-damage|p1a: Cryogonal|79/100
|-enditem|p1a: Cryogonal|Heavy-Duty Boots|[from] move: Knock Off|[of] p2a: Audino
|
|upkeep
|turn|77
|
|t:|1606904937
|move|p2a: Audino|Protect|p2a: Audino
|-singleturn|p2a: Audino|Protect
|move|p1a: Cryogonal|Freeze-Dry|p2a: Audino
|-activate|p2a: Audino|move: Protect
|
|upkeep
|turn|78
|
|t:|1606904941
|switch|p2a: Spiritomb|Spiritomb, M|65/100
|-damage|p2a: Spiritomb|53/100|[from] Stealth Rock
|-ability|p2a: Spiritomb|Pressure
|move|p1a: Cryogonal|Freeze-Dry|p2a: Spiritomb
|-damage|p2a: Spiritomb|27/100
|
|upkeep
|turn|79
|
|t:|1606904949
|move|p1a: Cryogonal|Freeze-Dry|p2a: Spiritomb
|-damage|p2a: Spiritomb|4/100
|move|p2a: Spiritomb|Rest|p2a: Spiritomb
|-status|p2a: Spiritomb|slp|[from] move: Rest
|-heal|p2a: Spiritomb|100/100 slp|[silent]
|
|upkeep
|turn|80
|
|t:|1606904954
|move|p1a: Cryogonal|Defog|p2a: Spiritomb
|-unboost|p2a: Spiritomb|evasion|1
|-sideend|p2: CaspaRuskoYo|Stealth Rock|[from] move: Defog|[of] p1a: Cryogonal
|-sideend|p1: Teddeh|Stealth Rock|[from] move: Defog|[of] p1a: Cryogonal
|cant|p2a: Spiritomb|slp
|move|p2a: Spiritomb|Sleep Talk|p2a: Spiritomb
|move|p2a: Spiritomb|Dark Pulse|p1a: Cryogonal|[from]move: Sleep Talk
|-damage|p1a: Cryogonal|61/100
|
|upkeep
|turn|81
|
|t:|1606904963
|switch|p1a: Sandaconda|Sandaconda, M|76/100
|cant|p2a: Spiritomb|slp
|move|p2a: Spiritomb|Sleep Talk|p2a: Spiritomb
|move|p2a: Spiritomb|Dark Pulse|p1a: Sandaconda|[from]move: Sleep Talk
|-damage|p1a: Sandaconda|44/100
|
|upkeep
|turn|82
|
|t:|1606904968
|move|p1a: Sandaconda|Stealth Rock|p2a: Spiritomb
|-sidestart|p2: CaspaRuskoYo|move: Stealth Rock
|-curestatus|p2a: Spiritomb|slp|[msg]
|move|p2a: Spiritomb|Calm Mind|p2a: Spiritomb
|-boost|p2a: Spiritomb|spa|1
|-boost|p2a: Spiritomb|spd|1
|
|upkeep
|turn|83
|
|t:|1606904972
|switch|p1a: Cryogonal|Cryogonal|61/100
|move|p2a: Spiritomb|Dark Pulse|p1a: Cryogonal
|-damage|p1a: Cryogonal|31/100
|
|upkeep
|turn|84
|
|t:|1606904976
|move|p1a: Cryogonal|Recover|p1a: Cryogonal
|-heal|p1a: Cryogonal|81/100
|move|p2a: Spiritomb|Calm Mind|p2a: Spiritomb
|-boost|p2a: Spiritomb|spa|1
|-boost|p2a: Spiritomb|spd|1
|
|upkeep
|turn|85
|
|t:|1606904980
|move|p1a: Cryogonal|Haze|p1a: Cryogonal
|-clearallboost
|move|p2a: Spiritomb|Dark Pulse|p1a: Cryogonal
|-damage|p1a: Cryogonal|62/100
|
|upkeep
|turn|86
|
|t:|1606904982
|move|p1a: Cryogonal|Freeze-Dry|p2a: Spiritomb
|-damage|p2a: Spiritomb|78/100
|move|p2a: Spiritomb|Dark Pulse|p1a: Cryogonal
|-damage|p1a: Cryogonal|43/100
|
|upkeep
|turn|87
|
|t:|1606904987
|move|p1a: Cryogonal|Recover|p1a: Cryogonal
|-heal|p1a: Cryogonal|94/100
|move|p2a: Spiritomb|Rest|p2a: Spiritomb
|-status|p2a: Spiritomb|slp|[from] move: Rest
|-heal|p2a: Spiritomb|100/100 slp|[silent]
|
|upkeep
|turn|88
|
|t:|1606904992
|switch|p1a: Sandaconda|Sandaconda, M|44/100
|cant|p2a: Spiritomb|slp
|move|p2a: Spiritomb|Sleep Talk|p2a: Spiritomb
|move|p2a: Spiritomb|Calm Mind|p2a: Spiritomb|[from]move: Sleep Talk
|-boost|p2a: Spiritomb|spa|1
|-boost|p2a: Spiritomb|spd|1
|
|upkeep
|turn|89
|
|t:|1606904995
|move|p1a: Sandaconda|Rest|p1a: Sandaconda
|-status|p1a: Sandaconda|slp|[from] move: Rest
|-heal|p1a: Sandaconda|100/100 slp|[silent]
|cant|p2a: Spiritomb|slp
|
|upkeep
|turn|90
|
|t:|1606904999
|switch|p1a: Cryogonal|Cryogonal|94/100
|-curestatus|p2a: Spiritomb|slp|[msg]
|move|p2a: Spiritomb|Dark Pulse|p1a: Cryogonal
|-damage|p1a: Cryogonal|67/100
|
|upkeep
|turn|91
|
|t:|1606905004
|move|p1a: Cryogonal|Haze|p1a: Cryogonal
|-clearallboost
|move|p2a: Spiritomb|Calm Mind|p2a: Spiritomb
|-boost|p2a: Spiritomb|spa|1
|-boost|p2a: Spiritomb|spd|1
|
|upkeep
|turn|92
|
|t:|1606905007
|move|p1a: Cryogonal|Haze|p1a: Cryogonal
|-clearallboost
|move|p2a: Spiritomb|Calm Mind|p2a: Spiritomb
|-boost|p2a: Spiritomb|spa|1
|-boost|p2a: Spiritomb|spd|1
|
|upkeep
|turn|93
|
|t:|1606905013
|move|p1a: Cryogonal|Recover|p1a: Cryogonal
|-heal|p1a: Cryogonal|100/100
|move|p2a: Spiritomb|Dark Pulse|p1a: Cryogonal
|-damage|p1a: Cryogonal|71/100
|
|upkeep
|turn|94
|
|t:|1606905016
|move|p1a: Cryogonal|Haze|p1a: Cryogonal
|-clearallboost
|move|p2a: Spiritomb|Calm Mind|p2a: Spiritomb
|-boost|p2a: Spiritomb|spa|1
|-boost|p2a: Spiritomb|spd|1
|
|upkeep
|turn|95
|
|t:|1606905031
|move|p1a: Cryogonal|Haze|p1a: Cryogonal
|-clearallboost
|move|p2a: Spiritomb|Dark Pulse|p1a: Cryogonal
|-damage|p1a: Cryogonal|53/100
|
|upkeep
|turn|96
|
|t:|1606905035
|move|p1a: Cryogonal|Recover|p1a: Cryogonal
|-heal|p1a: Cryogonal|100/100
|move|p2a: Spiritomb|Calm Mind|p2a: Spiritomb
|-boost|p2a: Spiritomb|spa|1
|-boost|p2a: Spiritomb|spd|1
|
|upkeep
|turn|97
|
|t:|1606905038
|move|p1a: Cryogonal|Freeze-Dry|p2a: Spiritomb
|-damage|p2a: Spiritomb|85/100
|-status|p2a: Spiritomb|frz
|cant|p2a: Spiritomb|frz
|
|upkeep
|turn|98
|
|t:|1606905050
|switch|p2a: Audino|Audino, F|52/100
|-damage|p2a: Audino|40/100|[from] Stealth Rock
|move|p1a: Cryogonal|Freeze-Dry|p2a: Audino
|-damage|p2a: Audino|25/100
|
|upkeep
|turn|99
|
|t:|1606905058
|switch|p2a: Spiritomb|Spiritomb, M|85/100 frz
|-damage|p2a: Spiritomb|73/100 frz|[from] Stealth Rock
|-ability|p2a: Spiritomb|Pressure
|move|p1a: Cryogonal|Freeze-Dry|p2a: Spiritomb
|-damage|p2a: Spiritomb|47/100 frz
|
|upkeep
|turn|100
|
|t:|1606905062
|switch|p2a: Audino|Audino, F|58/100
|-damage|p2a: Audino|45/100|[from] Stealth Rock
|move|p1a: Cryogonal|Freeze-Dry|p2a: Audino
|-crit|p2a: Audino
|-damage|p2a: Audino|23/100
|
|upkeep
|turn|101
|
|t:|1606905071
|move|p2a: Audino|Protect|p2a: Audino
|-singleturn|p2a: Audino|Protect
|move|p1a: Cryogonal|Freeze-Dry|p2a: Audino
|-activate|p2a: Audino|move: Protect
|
|upkeep
|turn|102
|
|t:|1606905073
|move|p1a: Cryogonal|Freeze-Dry|p2a: Audino
|-damage|p2a: Audino|9/100
|move|p2a: Audino|Wish|p2a: Audino
|
|upkeep
|turn|103
|
|t:|1606905081
|switch|p1a: Skuntank|Skuntank, F|9/100
|move|p2a: Audino|Protect||[still]
|-fail|p2a: Audino
|
|-heal|p2a: Audino|59/100|[from] move: Wish|[wisher] Audino
|upkeep
|turn|104
|
|t:|1606905087
|move|p1a: Skuntank|Nasty Plot|p1a: Skuntank
|-boost|p1a: Skuntank|spa|2
|move|p2a: Audino|Knock Off|p1a: Skuntank
|-resisted|p1a: Skuntank
|-damage|p1a: Skuntank|2/100
|
|upkeep
|turn|105
|
|t:|1606905090
|move|p1a: Skuntank|Dark Pulse|p2a: Audino
|-damage|p2a: Audino|22/100
|cant|p2a: Audino|flinch
|
|upkeep
|turn|106
|
|t:|1606905105
|switch|p2a: Quagsire|Quagsire, F|43/100
|-damage|p2a: Quagsire|37/100|[from] Stealth Rock
|move|p1a: Skuntank|Dark Pulse|p2a: Quagsire
|-damage|p2a: Quagsire|2/100
|
|-heal|p2a: Quagsire|8/100|[from] item: Leftovers
|upkeep
|turn|107
|
|t:|1606905108
|move|p1a: Skuntank|Dark Pulse|p2a: Quagsire
|-damage|p2a: Quagsire|0 fnt
|faint|p2a: Quagsire
|
|upkeep
|
|t:|1606905109
|switch|p2a: Rapidash|Rapidash, F|48/100
|-damage|p2a: Rapidash|23/100|[from] Stealth Rock
|turn|108
|
|t:|1606905114
|move|p2a: Rapidash|Flare Blitz|p1a: Skuntank
|-damage|p1a: Skuntank|0 fnt
|-damage|p2a: Rapidash|0 fnt|[from] ability: Aftermath|[of] p1a: Skuntank
|faint|p1a: Skuntank
|faint|p2a: Rapidash
|
|upkeep
|
|t:|1606905120
|switch|p2a: Audino|Audino, F|55/100
|switch|p1a: Tangela|Tangela, M|92/100 tox
|-damage|p2a: Audino|43/100|[from] Stealth Rock
|turn|109
|
|t:|1606905128
|switch|p1a: Sandaconda|Sandaconda, M|100/100 slp
|move|p2a: Audino|Wish|p2a: Audino
|
|upkeep
|turn|110
|
|t:|1606905132
|switch|p2a: Spiritomb|Spiritomb, M|47/100 frz
|-damage|p2a: Spiritomb|35/100 frz|[from] Stealth Rock
|-ability|p2a: Spiritomb|Pressure
|cant|p1a: Sandaconda|slp
|
|-heal|p2a: Spiritomb|100/100 frz|[from] move: Wish|[wisher] Audino
|upkeep
|turn|111
|
|t:|1606905147
|cant|p1a: Sandaconda|slp
|cant|p2a: Spiritomb|frz
|
|upkeep
|turn|112
|
|t:|1606905151
|-curestatus|p1a: Sandaconda|slp|[msg]
|move|p1a: Sandaconda|Earthquake|p2a: Spiritomb
|-damage|p2a: Spiritomb|74/100 frz
|-curestatus|p2a: Spiritomb|frz|[msg]
|move|p2a: Spiritomb|Calm Mind|p2a: Spiritomb
|-boost|p2a: Spiritomb|spa|1
|-boost|p2a: Spiritomb|spd|1
|
|upkeep
|turn|113
|
|t:|1606905156
|switch|p1a: Cryogonal|Cryogonal|100/100
|move|p2a: Spiritomb|Dark Pulse|p1a: Cryogonal
|-damage|p1a: Cryogonal|72/100
|
|upkeep
|turn|114
|
|t:|1606905165
|switch|p2a: Audino|Audino, F|76/100
|-damage|p2a: Audino|63/100|[from] Stealth Rock
|move|p1a: Cryogonal|Recover|p1a: Cryogonal
|-heal|p1a: Cryogonal|100/100
|
|upkeep
|turn|115
|
|t:|1606905173
|switch|p1a: Tangela|Tangela, M|100/100 tox
|move|p2a: Audino|Knock Off|p1a: Tangela
|-damage|p1a: Tangela|94/100 tox
|-enditem|p1a: Tangela|Eviolite|[from] move: Knock Off|[of] p2a: Audino
|
|-damage|p1a: Tangela|88/100 tox|[from] psn
|upkeep
|turn|116
|
|t:|1606905177
|move|p1a: Tangela|Knock Off|p2a: Audino
|-damage|p2a: Audino|55/100
|move|p2a: Audino|Wish|p2a: Audino
|
|-damage|p1a: Tangela|76/100 tox|[from] psn
|upkeep
|turn|117
|
|t:|1606905183
|switch|p2a: Rotom|Rotom-Fan|48/100
|move|p1a: Tangela|Knock Off|p2a: Rotom
|-damage|p2a: Rotom|34/100
|-enditem|p2a: Rotom|Heavy-Duty Boots|[from] move: Knock Off|[of] p1a: Tangela
|
|-heal|p2a: Rotom|100/100|[from] move: Wish|[wisher] Audino
|-damage|p1a: Tangela|58/100 tox|[from] psn
|upkeep
|turn|118
|
|t:|1606905191
|switch|p1a: Cryogonal|Cryogonal|100/100
|move|p2a: Rotom|Defog|p1a: Cryogonal
|-unboost|p1a: Cryogonal|evasion|1
|-sideend|p2: CaspaRuskoYo|Stealth Rock|[from] move: Defog|[of] p2a: Rotom
|
|upkeep
|turn|119
|
|t:|1606905199
|switch|p1a: Sandaconda|Sandaconda, M|100/100
|switch|p2a: Spiritomb|Spiritomb, M|74/100
|-ability|p2a: Spiritomb|Pressure
|
|upkeep
|turn|120
|
|t:|1606905212
|switch|p2a: Rotom|Rotom-Fan|100/100
|move|p1a: Sandaconda|Stealth Rock|p2a: Rotom
|-sidestart|p2: CaspaRuskoYo|move: Stealth Rock
|
|upkeep
|turn|121
|
|t:|1606905216
|switch|p1a: Cryogonal|Cryogonal|100/100
|move|p2a: Rotom|Nasty Plot|p2a: Rotom
|-boost|p2a: Rotom|spa|2
|
|upkeep
|turn|122
|
|t:|1606905220
|switch|p2a: Spiritomb|Spiritomb, M|74/100
|-damage|p2a: Spiritomb|61/100|[from] Stealth Rock
|-ability|p2a: Spiritomb|Pressure
|move|p1a: Cryogonal|Haze|p1a: Cryogonal
|-clearallboost
|
|upkeep
|turn|123
|
|t:|1606905226
|move|p1a: Cryogonal|Freeze-Dry|p2a: Spiritomb
|-damage|p2a: Spiritomb|38/100
|move|p2a: Spiritomb|Rest|p2a: Spiritomb
|-status|p2a: Spiritomb|slp|[from] move: Rest
|-heal|p2a: Spiritomb|100/100 slp|[silent]
|
|upkeep
|turn|124
|
|t:|1606905231
|switch|p1a: Tangela|Tangela, M|91/100 tox
|cant|p2a: Spiritomb|slp
|move|p2a: Spiritomb|Sleep Talk|p2a: Spiritomb
|move|p2a: Spiritomb|Dark Pulse|p1a: Tangela|[from]move: Sleep Talk
|-damage|p1a: Tangela|32/100 tox
|
|-damage|p1a: Tangela|26/100 tox|[from] psn
|upkeep
|turn|125
|
|t:|1606905234
|switch|p1a: Cryogonal|Cryogonal|100/100
|cant|p2a: Spiritomb|slp
|move|p2a: Spiritomb|Sleep Talk|p2a: Spiritomb
|move|p2a: Spiritomb|Calm Mind|p2a: Spiritomb|[from]move: Sleep Talk
|-boost|p2a: Spiritomb|spa|1
|-boost|p2a: Spiritomb|spd|1
|
|upkeep
|turn|126
|
|t:|1606905240
|move|p1a: Cryogonal|Haze|p1a: Cryogonal
|-clearallboost
|-curestatus|p2a: Spiritomb|slp|[msg]
|move|p2a: Spiritomb|Dark Pulse|p1a: Cryogonal
|-damage|p1a: Cryogonal|82/100
|
|upkeep
|turn|127
|
|t:|1606905244
|switch|p2a: Audino|Audino, F|88/100
|-damage|p2a: Audino|76/100|[from] Stealth Rock
|move|p1a: Cryogonal|Freeze-Dry|p2a: Audino
|-crit|p2a: Audino
|-damage|p2a: Audino|50/100
|
|upkeep
|turn|128
|
|t:|1606905254
|switch|p1a: Tangela|Tangela, M|59/100 tox
|move|p2a: Audino|Wish|p2a: Audino
|
|-damage|p1a: Tangela|53/100 tox|[from] psn
|upkeep
|turn|129
|
|t:|1606905259
|switch|p1a: Cryogonal|Cryogonal|82/100
|switch|p2a: Rotom|Rotom-Fan|100/100
|-damage|p2a: Rotom|75/100|[from] Stealth Rock
|
|-heal|p2a: Rotom|100/100|[from] move: Wish|[wisher] Audino
|upkeep
|turn|130
|
|t:|1606905266
|switch|p2a: Audino|Audino, F|84/100
|-damage|p2a: Audino|71/100|[from] Stealth Rock
|move|p1a: Cryogonal|Freeze-Dry|p2a: Audino
|-damage|p2a: Audino|56/100
|
|upkeep
|turn|131
|
|t:|1606905272
|switch|p1a: Tangela|Tangela, M|86/100 tox
|move|p2a: Audino|Wish|p2a: Audino
|
|-damage|p1a: Tangela|80/100 tox|[from] psn
|upkeep
|turn|132
|
|t:|1606905276
|switch|p1a: Cryogonal|Cryogonal|82/100
|switch|p2a: Rotom|Rotom-Fan|100/100
|-damage|p2a: Rotom|75/100|[from] Stealth Rock
|
|-heal|p2a: Rotom|100/100|[from] move: Wish|[wisher] Audino
|upkeep
|turn|133
|
|t:|1606905281
|switch|p1a: Tangela|Tangela, M|100/100 tox
|move|p2a: Rotom|Defog|p1a: Tangela
|-unboost|p1a: Tangela|evasion|1
|-sideend|p2: CaspaRuskoYo|Stealth Rock|[from] move: Defog|[of] p2a: Rotom
|
|-damage|p1a: Tangela|95/100 tox|[from] psn
|upkeep
|turn|134
|
|t:|1606905284
|switch|p1a: Cryogonal|Cryogonal|82/100
|move|p2a: Rotom|Air Slash|p1a: Cryogonal
|-damage|p1a: Cryogonal|62/100
|
|upkeep
|turn|135
|
|t:|1606905290
|switch|p2a: Spiritomb|Spiritomb, M|100/100
|-ability|p2a: Spiritomb|Pressure
|move|p1a: Cryogonal|Recover|p1a: Cryogonal
|-heal|p1a: Cryogonal|100/100
|
|upkeep
|turn|136
|
|t:|1606905300
|switch|p1a: Sandaconda|Sandaconda, M|100/100
|switch|p2a: Rotom|Rotom-Fan|100/100
|
|upkeep
|turn|137
|
|t:|1606905304
|switch|p1a: Cryogonal|Cryogonal|100/100
|move|p2a: Rotom|Nasty Plot|p2a: Rotom
|-boost|p2a: Rotom|spa|2
|
|upkeep
|turn|138
|
|t:|1606905309
|switch|p2a: Spiritomb|Spiritomb, M|100/100
|-ability|p2a: Spiritomb|Pressure
|move|p1a: Cryogonal|Freeze-Dry|p2a: Spiritomb
|-damage|p2a: Spiritomb|78/100
|
|upkeep
|turn|139
|
|t:|1606905313
|switch|p1a: Sandaconda|Sandaconda, M|100/100
|move|p2a: Spiritomb|Dark Pulse|p1a: Sandaconda
|-damage|p1a: Sandaconda|67/100
|
|upkeep
|turn|140
|
|t:|1606905316
|move|p1a: Sandaconda|Stealth Rock|p2a: Spiritomb
|-sidestart|p2: CaspaRuskoYo|move: Stealth Rock
|move|p2a: Spiritomb|Dark Pulse|p1a: Sandaconda
|-damage|p1a: Sandaconda|33/100
|
|upkeep
|turn|141
|
|t:|1606905321
|move|p1a: Sandaconda|Rest|p1a: Sandaconda
|-status|p1a: Sandaconda|slp|[from] move: Rest
|-heal|p1a: Sandaconda|100/100 slp|[silent]
|move|p2a: Spiritomb|Calm Mind|p2a: Spiritomb
|-boost|p2a: Spiritomb|spa|1
|-boost|p2a: Spiritomb|spd|1
|
|-activate|p1a: Sandaconda|ability: Shed Skin
|-curestatus|p1a: Sandaconda|slp|[msg]
|upkeep
|turn|142
|
|t:|1606905326
|switch|p1a: Cryogonal|Cryogonal|100/100
|move|p2a: Spiritomb|Dark Pulse|p1a: Cryogonal
|-damage|p1a: Cryogonal|71/100
|
|upkeep
|turn|143
|
|t:|1606905330
|switch|p2a: Audino|Audino, F|89/100
|-damage|p2a: Audino|76/100|[from] Stealth Rock
|move|p1a: Cryogonal|Haze|p1a: Cryogonal
|-clearallboost
|
|upkeep
|turn|144
|
|t:|1606905334
|switch|p1a: Tangela|Tangela, M|100/100 tox
|move|p2a: Audino|Knock Off|p1a: Tangela
|-damage|p1a: Tangela|94/100 tox
|
|-damage|p1a: Tangela|88/100 tox|[from] psn
|upkeep
|turn|145
|
|t:|1606905340
|move|p2a: Audino|Protect|p2a: Audino
|-singleturn|p2a: Audino|Protect
|move|p1a: Tangela|Leech Seed|p2a: Audino
|-activate|p2a: Audino|move: Protect
|
|-damage|p1a: Tangela|76/100 tox|[from] psn
|upkeep
|turn|146
|
|t:|1606905348
|switch|p2a: Spiritomb|Spiritomb, M|78/100
|-damage|p2a: Spiritomb|66/100|[from] Stealth Rock
|-ability|p2a: Spiritomb|Pressure
|move|p1a: Tangela|Leech Seed|p2a: Spiritomb
|-start|p2a: Spiritomb|move: Leech Seed
|
|-damage|p2a: Spiritomb|53/100|[from] Leech Seed|[of] p1a: Tangela
|-heal|p1a: Tangela|87/100 tox|[silent]
|-damage|p1a: Tangela|69/100 tox|[from] psn
|upkeep
|turn|147
|
|t:|1606905356
|move|p1a: Tangela|Giga Drain|p2a: Spiritomb
|-damage|p2a: Spiritomb|25/100
|-heal|p1a: Tangela|82/100 tox|[from] drain|[of] p2a: Spiritomb
|move|p2a: Spiritomb|Rest|p2a: Spiritomb
|-status|p2a: Spiritomb|slp|[from] move: Rest
|-heal|p2a: Spiritomb|100/100 slp|[silent]
|
|-damage|p2a: Spiritomb|88/100 slp|[from] Leech Seed|[of] p1a: Tangela
|-heal|p1a: Tangela|94/100 tox|[silent]
|-damage|p1a: Tangela|70/100 tox|[from] psn
|upkeep
|turn|148
|
|t:|1606905365
|switch|p1a: Cryogonal|Cryogonal|71/100
|switch|p2a: Audino|Audino, F|100/100
|-damage|p2a: Audino|88/100|[from] Stealth Rock
|
|upkeep
|turn|149
|
|t:|1606905371
|switch|p1a: Tangela|Tangela, M|100/100 tox
|move|p2a: Audino|Knock Off|p1a: Tangela
|-damage|p1a: Tangela|93/100 tox
|
|-damage|p1a: Tangela|87/100 tox|[from] psn
|upkeep
|turn|150
|
|t:|1606905375
|switch|p1a: Cryogonal|Cryogonal|71/100
|move|p2a: Audino|Protect||[still]
|-fail|p2a: Audino
|
|upkeep
|turn|151
|
|t:|1606905379
|switch|p1a: Tangela|Tangela, M|100/100 tox
|switch|p2a: Spiritomb|Spiritomb, M|88/100 slp
|-damage|p2a: Spiritomb|75/100 slp|[from] Stealth Rock
|-ability|p2a: Spiritomb|Pressure
|
|-damage|p1a: Tangela|95/100 tox|[from] psn
|upkeep
|turn|152
|
|t:|1606905383
|switch|p1a: Cryogonal|Cryogonal|71/100
|switch|p2a: Audino|Audino, F|100/100
|-damage|p2a: Audino|88/100|[from] Stealth Rock
|
|upkeep
|turn|153
|
|t:|1606905387
|switch|p1a: Tangela|Tangela, M|100/100 tox
|switch|p2a: Spiritomb|Spiritomb, M|75/100 slp
|-damage|p2a: Spiritomb|63/100 slp|[from] Stealth Rock
|-ability|p2a: Spiritomb|Pressure
|
|-damage|p1a: Tangela|95/100 tox|[from] psn
|upkeep
|turn|154
|
|t:|1606905390
|switch|p1a: Cryogonal|Cryogonal|71/100
|switch|p2a: Rotom|Rotom-Fan|100/100
|-damage|p2a: Rotom|75/100|[from] Stealth Rock
|
|upkeep
|turn|155
|
|t:|1606905394
|switch|p2a: Spiritomb|Spiritomb, M|63/100 slp
|-damage|p2a: Spiritomb|50/100 slp|[from] Stealth Rock
|-ability|p2a: Spiritomb|Pressure
|move|p1a: Cryogonal|Freeze-Dry|p2a: Spiritomb
|-damage|p2a: Spiritomb|26/100 slp
|
|upkeep
|turn|156
|
|t:|1606905403
|switch|p1a: Sandaconda|Sandaconda, M|100/100
|switch|p2a: Audino|Audino, F|100/100
|-damage|p2a: Audino|88/100|[from] Stealth Rock
|
|upkeep
|turn|157
|
|t:|1606905408
|move|p1a: Sandaconda|Earthquake|p2a: Audino
|-damage|p2a: Audino|52/100
|move|p2a: Audino|Heal Bell|p2a: Audino
|-activate|p2a: Audino|move: Heal Bell
|-curestatus|p2: Spiritomb|slp|[msg]
|
|upkeep
|turn|158
|
|t:|1606905414
|switch|p1a: Tangela|Tangela, M|100/100 tox
|move|p2a: Audino|Protect||[still]
|-fail|p2a: Audino
|
|-damage|p1a: Tangela|95/100 tox|[from] psn
|upkeep
|turn|159
|
|t:|1606905421
|switch|p1a: Sandaconda|Sandaconda, M|100/100
|move|p2a: Audino|Wish|p2a: Audino
|
|upkeep
|turn|160
|
|t:|1606905430
|switch|p2a: Rotom|Rotom-Fan|75/100
|-damage|p2a: Rotom|50/100|[from] Stealth Rock
|move|p1a: Sandaconda|Earthquake|p2a: Rotom
|-immune|p2a: Rotom
|
|-heal|p2a: Rotom|100/100|[from] move: Wish|[wisher] Audino
|upkeep
|turn|161
|
|t:|1606905438
|switch|p1a: Cryogonal|Cryogonal|71/100
|move|p2a: Rotom|Defog|p1a: Cryogonal
|-unboost|p1a: Cryogonal|evasion|1
|-sideend|p2: CaspaRuskoYo|Stealth Rock|[from] move: Defog|[of] p2a: Rotom
|
|upkeep
|turn|162
|
|t:|1606905446
|switch|p1a: Tangela|Tangela, M|100/100 tox
|switch|p2a: Audino|Audino, F|85/100
|
|-damage|p1a: Tangela|95/100 tox|[from] psn
|upkeep
|turn|163
|
|t:|1606905452
|switch|p1a: Sandaconda|Sandaconda, M|100/100
|move|p2a: Audino|Wish|p2a: Audino
|
|upkeep
|turn|164
|
|t:|1606905457
|switch|p2a: Spiritomb|Spiritomb, M|26/100
|-ability|p2a: Spiritomb|Pressure
|move|p1a: Sandaconda|Earthquake|p2a: Spiritomb
|-damage|p2a: Spiritomb|0 fnt
|faint|p2a: Spiritomb
|
|upkeep
|c|☆Teddeh|oopsie you choked
|
|t:|1606905464
|switch|p2a: Rotom|Rotom-Fan|100/100
|turn|165
|
|t:|1606905468
|switch|p1a: Cryogonal|Cryogonal|71/100
|move|p2a: Rotom|Nasty Plot|p2a: Rotom
|-boost|p2a: Rotom|spa|2
|
|upkeep
|turn|166
|
|t:|1606905475
|move|p1a: Cryogonal|Haze|p1a: Cryogonal
|-clearallboost
|move|p2a: Rotom|Air Slash|p1a: Cryogonal
|-damage|p1a: Cryogonal|52/100
|
|upkeep
|turn|167
|
|t:|1606905482
|move|p1a: Cryogonal|Recover|p1a: Cryogonal
|-heal|p1a: Cryogonal|100/100
|move|p2a: Rotom|Volt Switch|p1a: Cryogonal
|-damage|p1a: Cryogonal|82/100
|
|t:|1606905484
|switch|p2a: Audino|Audino, F|100/100|[from]move: Volt Switch
|
|upkeep
|turn|168
|
|t:|1606905488
|switch|p1a: Sandaconda|Sandaconda, M|100/100
|switch|p2a: Rotom|Rotom-Fan|100/100
|
|upkeep
|turn|169
|
|t:|1606905492
|switch|p1a: Cryogonal|Cryogonal|82/100
|move|p2a: Rotom|Nasty Plot|p2a: Rotom
|-boost|p2a: Rotom|spa|2
|
|upkeep
|turn|170
|
|t:|1606905496
|move|p1a: Cryogonal|Haze|p1a: Cryogonal
|-clearallboost
|move|p2a: Rotom|Air Slash|p1a: Cryogonal
|-damage|p1a: Cryogonal|63/100
|
|upkeep
|turn|171
|
|t:|1606905500
|switch|p2a: Audino|Audino, F|100/100
|move|p1a: Cryogonal|Recover|p1a: Cryogonal
|-heal|p1a: Cryogonal|100/100
|
|upkeep
|turn|172
|
|t:|1606905502
|switch|p1a: Sandaconda|Sandaconda, M|100/100
|switch|p2a: Rotom|Rotom-Fan|100/100
|
|upkeep
|turn|173
|
|t:|1606905506
|switch|p1a: Cryogonal|Cryogonal|100/100
|move|p2a: Rotom|Nasty Plot|p2a: Rotom
|-boost|p2a: Rotom|spa|2
|
|upkeep
|turn|174
|
|t:|1606905510
|move|p1a: Cryogonal|Haze|p1a: Cryogonal
|-clearallboost
|move|p2a: Rotom|Air Slash|p1a: Cryogonal
|-damage|p1a: Cryogonal|81/100
|
|upkeep
|turn|175
|c|☆CaspaRuskoYo|Man your lucky I’m at work lmao
|c|☆CaspaRuskoYo|choked this so hard
|c|☆Teddeh|yeah ya did
|
|t:|1606905532
|switch|p2a: Audino|Audino, F|100/100
|move|p1a: Cryogonal|Defog|p2a: Audino
|-unboost|p2a: Audino|evasion|1
|
|upkeep
|turn|176
|
|t:|1606905539
|switch|p2a: Rotom|Rotom-Fan|100/100
|move|p1a: Cryogonal|Defog|p2a: Rotom
|-unboost|p2a: Rotom|evasion|1
|
|upkeep
|turn|177
|
|t:|1606905546
|switch|p2a: Audino|Audino, F|100/100
|move|p1a: Cryogonal|Defog|p2a: Audino
|-unboost|p2a: Audino|evasion|1
|
|upkeep
|turn|178
|
|t:|1606905549
|move|p1a: Cryogonal|Freeze-Dry|p2a: Audino
|-damage|p2a: Audino|84/100
|move|p2a: Audino|Knock Off|p1a: Cryogonal
|-damage|p1a: Cryogonal|68/100
|
|upkeep
|turn|179
|
|t:|1606905552
|switch|p2a: Rotom|Rotom-Fan|100/100
|move|p1a: Cryogonal|Recover|p1a: Cryogonal
|-heal|p1a: Cryogonal|100/100
|
|upkeep
|turn|180
|
|t:|1606905556
|switch|p2a: Audino|Audino, F|100/100
|move|p1a: Cryogonal|Defog|p2a: Audino
|-unboost|p2a: Audino|evasion|1
|
|upkeep
|turn|181
|
|t:|1606905559
|switch|p1a: Sandaconda|Sandaconda, M|100/100
|move|p2a: Audino|Knock Off|p1a: Sandaconda
|-damage|p1a: Sandaconda|94/100
|
|upkeep
|turn|182
|
|t:|1606905565
|switch|p2a: Rotom|Rotom-Fan|100/100
|move|p1a: Sandaconda|Stone Edge|p2a: Rotom
|-supereffective|p2a: Rotom
|-damage|p2a: Rotom|56/100
|
|upkeep
|turn|183
|
|t:|1606905573
|switch|p2a: Audino|Audino, F|100/100
|move|p1a: Sandaconda|Stealth Rock|p2a: Audino
|-sidestart|p2: CaspaRuskoYo|move: Stealth Rock
|
|upkeep
|turn|184
|
|t:|1606905579
|move|p1a: Sandaconda|Earthquake|p2a: Audino
|-damage|p2a: Audino|64/100
|move|p2a: Audino|Wish|p2a: Audino
|
|upkeep
|turn|185
|
|t:|1606905584
|switch|p2a: Rotom|Rotom-Fan|56/100
|-damage|p2a: Rotom|31/100|[from] Stealth Rock
|move|p1a: Sandaconda|Earthquake|p2a: Rotom
|-immune|p2a: Rotom
|
|-heal|p2a: Rotom|98/100|[from] move: Wish|[wisher] Audino
|upkeep
|turn|186
|
|t:|1606905590
|move|p2a: Rotom|Air Slash|p1a: Sandaconda
|-damage|p1a: Sandaconda|59/100
|cant|p1a: Sandaconda|flinch
|
|upkeep
|turn|187
|
|t:|1606905596
|switch|p1a: Cryogonal|Cryogonal|100/100
|move|p2a: Rotom|Defog|p1a: Cryogonal
|-unboost|p1a: Cryogonal|evasion|1
|-sideend|p2: CaspaRuskoYo|Stealth Rock|[from] move: Defog|[of] p2a: Rotom
|
|upkeep
|turn|188
|
|t:|1606905601
|move|p1a: Cryogonal|Defog|p2a: Rotom
|-unboost|p2a: Rotom|evasion|1
|move|p2a: Rotom|Air Slash|p1a: Cryogonal
|-damage|p1a: Cryogonal|82/100
|
|upkeep
|turn|189
|
|t:|1606905606
|switch|p2a: Audino|Audino, F|98/100
|move|p1a: Cryogonal|Defog|p2a: Audino
|-unboost|p2a: Audino|evasion|1
|
|upkeep
|turn|190
|
|t:|1606905609
|switch|p2a: Rotom|Rotom-Fan|98/100
|move|p1a: Cryogonal|Defog|p2a: Rotom
|-unboost|p2a: Rotom|evasion|1
|
|upkeep
|turn|191
|
|t:|1606905612
|switch|p2a: Audino|Audino, F|100/100
|move|p1a: Cryogonal|Defog|p2a: Audino
|-unboost|p2a: Audino|evasion|1
|
|upkeep
|turn|192
|
|t:|1606905616
|switch|p1a: Sandaconda|Sandaconda, M|59/100
|move|p2a: Audino|Knock Off|p1a: Sandaconda
|-damage|p1a: Sandaconda|52/100
|
|upkeep
|turn|193
|
|t:|1606905621
|switch|p2a: Rotom|Rotom-Fan|98/100
|move|p1a: Sandaconda|Stone Edge|p2a: Rotom
|-supereffective|p2a: Rotom
|-damage|p2a: Rotom|50/100
|
|upkeep
|turn|194
|
|t:|1606905627
|switch|p2a: Audino|Audino, F|100/100
|switch|p1a: Cryogonal|Cryogonal|82/100
|
|upkeep
|turn|195
|
|t:|1606905633
|move|p1a: Cryogonal|Defog|p2a: Audino
|-unboost|p2a: Audino|evasion|1
|move|p2a: Audino|Wish|p2a: Audino
|
|upkeep
|turn|196
|
|t:|1606905636
|move|p1a: Cryogonal|Freeze-Dry|p2a: Audino
|-damage|p2a: Audino|85/100
|move|p2a: Audino|Knock Off|p1a: Cryogonal
|-damage|p1a: Cryogonal|67/100
|
|-heal|p2a: Audino|100/100|[from] move: Wish|[wisher] Audino
|upkeep
|turn|197
|
|t:|1606905646
|move|p1a: Cryogonal|Defog|p2a: Audino
|-unboost|p2a: Audino|evasion|1
|move|p2a: Audino|Wish|p2a: Audino
|
|upkeep
|turn|198
|
|t:|1606905652
|move|p1a: Cryogonal|Freeze-Dry|p2a: Audino
|-damage|p2a: Audino|84/100
|move|p2a: Audino|Knock Off|p1a: Cryogonal
|-damage|p1a: Cryogonal|53/100
|
|-heal|p2a: Audino|100/100|[from] move: Wish|[wisher] Audino
|upkeep
|turn|199
|
|t:|1606905656
|switch|p1a: Sandaconda|Sandaconda, M|52/100
|move|p2a: Audino|Knock Off|p1a: Sandaconda
|-damage|p1a: Sandaconda|45/100
|
|upkeep
|turn|200
|
|t:|1606905662
|move|p1a: Sandaconda|Stone Edge|p2a: Audino
|-damage|p2a: Audino|78/100
|move|p2a: Audino|Wish|p2a: Audino
|
|upkeep
|turn|201
|
|t:|1606905667
|switch|p2a: Rotom|Rotom-Fan|50/100
|move|p1a: Sandaconda|Stealth Rock|p2a: Rotom
|-sidestart|p2: CaspaRuskoYo|move: Stealth Rock
|
|-heal|p2a: Rotom|100/100|[from] move: Wish|[wisher] Audino
|upkeep
|turn|202
|
|t:|1606905673
|move|p2a: Rotom|Defog|p1a: Sandaconda
|-unboost|p1a: Sandaconda|evasion|1
|-sideend|p2: CaspaRuskoYo|Stealth Rock|[from] move: Defog|[of] p2a: Rotom
|move|p1a: Sandaconda|Rest|p1a: Sandaconda
|-status|p1a: Sandaconda|slp|[from] move: Rest
|-heal|p1a: Sandaconda|100/100 slp|[silent]
|
|upkeep
|turn|203
|
|t:|1606905680
|switch|p1a: Cryogonal|Cryogonal|53/100
|move|p2a: Rotom|Air Slash|p1a: Cryogonal
|-damage|p1a: Cryogonal|34/100
|
|upkeep
|turn|204
|
|t:|1606905687
|move|p1a: Cryogonal|Recover|p1a: Cryogonal
|-heal|p1a: Cryogonal|84/100
|move|p2a: Rotom|Air Slash|p1a: Cryogonal
|-damage|p1a: Cryogonal|62/100
|
|upkeep
|turn|205
|
|t:|1606905691
|move|p1a: Cryogonal|Recover|p1a: Cryogonal
|-heal|p1a: Cryogonal|100/100
|move|p2a: Rotom|Air Slash|p1a: Cryogonal
|-damage|p1a: Cryogonal|82/100
|
|upkeep
|turn|206
|
|t:|1606905694
|move|p1a: Cryogonal|Defog|p2a: Rotom
|-unboost|p2a: Rotom|evasion|1
|move|p2a: Rotom|Nasty Plot|p2a: Rotom
|-boost|p2a: Rotom|spa|2
|
|upkeep
|turn|207
|
|t:|1606905697
|move|p1a: Cryogonal|Haze|p1a: Cryogonal
|-clearallboost
|move|p2a: Rotom|Air Slash|p1a: Cryogonal
|-damage|p1a: Cryogonal|62/100
|
|upkeep
|turn|208
|
|t:|1606905703
|move|p1a: Cryogonal|Defog|p2a: Rotom
|-unboost|p2a: Rotom|evasion|1
|move|p2a: Rotom|Nasty Plot|p2a: Rotom
|-boost|p2a: Rotom|spa|2
|
|upkeep
|turn|209
|
|t:|1606905711
|move|p1a: Cryogonal|Haze|p1a: Cryogonal
|-clearallboost
|move|p2a: Rotom|Air Slash|p1a: Cryogonal
|-damage|p1a: Cryogonal|41/100
|
|upkeep
|turn|210
|
|t:|1606905714
|move|p1a: Cryogonal|Recover|p1a: Cryogonal
|-heal|p1a: Cryogonal|91/100
|move|p2a: Rotom|Nasty Plot|p2a: Rotom
|-boost|p2a: Rotom|spa|2
|
|upkeep
|turn|211
|
|t:|1606905719
|move|p1a: Cryogonal|Haze|p1a: Cryogonal
|-clearallboost
|move|p2a: Rotom|Nasty Plot|p2a: Rotom
|-boost|p2a: Rotom|spa|2
|
|upkeep
|turn|212
|
|t:|1606905721
|move|p1a: Cryogonal|Haze|p1a: Cryogonal
|-clearallboost
|move|p2a: Rotom|Nasty Plot|p2a: Rotom
|-boost|p2a: Rotom|spa|2
|
|upkeep
|turn|213
|
|t:|1606905726
|switch|p1a: Sandaconda|Sandaconda, M|100/100 slp
|move|p2a: Rotom|Nasty Plot|p2a: Rotom
|-boost|p2a: Rotom|spa|2
|
|upkeep
|turn|214
|
|t:|1606905728
|switch|p1a: Cryogonal|Cryogonal|91/100
|move|p2a: Rotom|Air Slash|p1a: Cryogonal|[miss]
|-miss|p2a: Rotom|p1a: Cryogonal
|
|upkeep
|turn|215
|
|t:|1606905732
|move|p1a: Cryogonal|Haze|p1a: Cryogonal
|-clearallboost
|move|p2a: Rotom|Nasty Plot|p2a: Rotom
|-boost|p2a: Rotom|spa|2
|
|upkeep
|turn|216
|
|t:|1606905735
|move|p1a: Cryogonal|Haze|p1a: Cryogonal
|-clearallboost
|move|p2a: Rotom|Volt Switch|p1a: Cryogonal
|-damage|p1a: Cryogonal|74/100
|
|t:|1606905737
|switch|p2a: Audino|Audino, F|100/100|[from]move: Volt Switch
|
|upkeep
|turn|217
|
|t:|1606905742
|switch|p1a: Sandaconda|Sandaconda, M|100/100 slp
|switch|p2a: Rotom|Rotom-Fan|100/100
|
|-activate|p1a: Sandaconda|ability: Shed Skin
|-curestatus|p1a: Sandaconda|slp|[msg]
|upkeep
|turn|218
|
|t:|1606905750
|move|p2a: Rotom|Air Slash|p1a: Sandaconda
|-damage|p1a: Sandaconda|64/100
|cant|p1a: Sandaconda|flinch
|
|upkeep
|turn|219
|
|t:|1606905755
|switch|p1a: Cryogonal|Cryogonal|74/100
|move|p2a: Rotom|Air Slash|p1a: Cryogonal
|-damage|p1a: Cryogonal|53/100
|
|upkeep
|turn|220
|
|t:|1606905759
|move|p1a: Cryogonal|Recover|p1a: Cryogonal
|-heal|p1a: Cryogonal|100/100
|move|p2a: Rotom|Nasty Plot|p2a: Rotom
|-boost|p2a: Rotom|spa|2
|
|upkeep
|turn|221
|
|t:|1606905763
|move|p1a: Cryogonal|Haze|p1a: Cryogonal
|-clearallboost
|move|p2a: Rotom|Volt Switch|p1a: Cryogonal
|-damage|p1a: Cryogonal|81/100
|
|t:|1606905765
|switch|p2a: Audino|Audino, F|100/100|[from]move: Volt Switch
|
|upkeep
|turn|222
|
|t:|1606905774
|switch|p1a: Sandaconda|Sandaconda, M|64/100
|move|p2a: Audino|Knock Off|p1a: Sandaconda
|-damage|p1a: Sandaconda|57/100
|
|upkeep
|turn|223
|
|t:|1606905778
|switch|p2a: Rotom|Rotom-Fan|100/100
|move|p1a: Sandaconda|Stealth Rock|p2a: Rotom
|-sidestart|p2: CaspaRuskoYo|move: Stealth Rock
|
|upkeep
|turn|224
|
|t:|1606905781
|move|p2a: Rotom|Defog|p1a: Sandaconda
|-unboost|p1a: Sandaconda|evasion|1
|-sideend|p2: CaspaRuskoYo|Stealth Rock|[from] move: Defog|[of] p2a: Rotom
|move|p1a: Sandaconda|Stone Edge|p2a: Rotom
|-supereffective|p2a: Rotom
|-crit|p2a: Rotom
|-damage|p2a: Rotom|35/100
|
|upkeep
|turn|225
|
|t:|1606905791
|move|p2a: Rotom|Volt Switch|p1a: Sandaconda
|-immune|p1a: Sandaconda
|move|p1a: Sandaconda|Stealth Rock|p2a: Rotom
|-sidestart|p2: CaspaRuskoYo|move: Stealth Rock
|
|upkeep
|turn|226
|
|t:|1606905796
|move|p2a: Rotom|Air Slash|p1a: Sandaconda
|-damage|p1a: Sandaconda|20/100
|move|p1a: Sandaconda|Stone Edge|p2a: Rotom|[miss]
|-miss|p1a: Sandaconda|p2a: Rotom
|
|upkeep
|turn|227
|
|t:|1606905807
|move|p2a: Rotom|Air Slash|p1a: Sandaconda
|-damage|p1a: Sandaconda|0 fnt
|faint|p1a: Sandaconda
|
|upkeep
|
|t:|1606905809
|switch|p1a: Cryogonal|Cryogonal|81/100
|turn|228
|
|t:|1606905818
|switch|p1a: Tangela|Tangela, M|100/100 tox
|switch|p2a: Audino|Audino, F|100/100
|-damage|p2a: Audino|88/100|[from] Stealth Rock
|
|-damage|p1a: Tangela|95/100 tox|[from] psn
|upkeep
|turn|229
|
|t:|1606905823
|move|p2a: Audino|Protect|p2a: Audino
|-singleturn|p2a: Audino|Protect
|move|p1a: Tangela|Giga Drain|p2a: Audino
|-activate|p2a: Audino|move: Protect
|
|-damage|p1a: Tangela|83/100 tox|[from] psn
|upkeep
|turn|230
|
|t:|1606905831
|move|p1a: Tangela|Leech Seed|p2a: Audino
|-start|p2a: Audino|move: Leech Seed
|move|p2a: Audino|Knock Off|p1a: Tangela
|-damage|p1a: Tangela|76/100 tox
|
|-damage|p2a: Audino|76/100|[from] Leech Seed|[of] p1a: Tangela
|-heal|p1a: Tangela|91/100 tox|[silent]
|-damage|p1a: Tangela|73/100 tox|[from] psn
|upkeep
|turn|231
|
|t:|1606905836
|move|p1a: Tangela|Giga Drain|p2a: Audino
|-damage|p2a: Audino|58/100
|-heal|p1a: Tangela|84/100 tox|[from] drain|[of] p2a: Audino
|move|p2a: Audino|Knock Off|p1a: Tangela
|-damage|p1a: Tangela|77/100 tox
|
|-damage|p2a: Audino|46/100|[from] Leech Seed|[of] p1a: Tangela
|-heal|p1a: Tangela|92/100 tox|[silent]
|-damage|p1a: Tangela|68/100 tox|[from] psn
|upkeep
|turn|232
|
|t:|1606905844
|move|p1a: Tangela|Giga Drain|p2a: Audino
|-damage|p2a: Audino|30/100
|-heal|p1a: Tangela|77/100 tox|[from] drain|[of] p2a: Audino
|move|p2a: Audino|Knock Off|p1a: Tangela
|-damage|p1a: Tangela|70/100 tox
|
|-damage|p2a: Audino|18/100|[from] Leech Seed|[of] p1a: Tangela
|-heal|p1a: Tangela|86/100 tox|[silent]
|-damage|p1a: Tangela|56/100 tox|[from] psn
|upkeep
|turn|233
|
|t:|1606905849
|move|p1a: Tangela|Giga Drain|p2a: Audino
|-damage|p2a: Audino|1/100
|-heal|p1a: Tangela|65/100 tox|[from] drain|[of] p2a: Audino
|move|p2a: Audino|Wish|p2a: Audino
|
|-damage|p2a: Audino|0 fnt|[from] Leech Seed|[of] p1a: Tangela
|-heal|p1a: Tangela|67/100 tox|[silent]
|faint|p2a: Audino
|-damage|p1a: Tangela|31/100 tox|[from] psn
|upkeep
|
|t:|1606905862
|switch|p2a: Rotom|Rotom-Fan|35/100
|-damage|p2a: Rotom|10/100|[from] Stealth Rock
|turn|234
|
|t:|1606905871
|move|p2a: Rotom|Air Slash|p1a: Tangela
|-supereffective|p1a: Tangela
|-damage|p1a: Tangela|0 fnt
|faint|p1a: Tangela
|
|-heal|p2a: Rotom|77/100|[from] move: Wish|[wisher] Audino
|upkeep
|
|t:|1606905873
|switch|p1a: Cryogonal|Cryogonal|81/100
|turn|235
|
|t:|1606905884
|move|p1a: Cryogonal|Freeze-Dry|p2a: Rotom
|-supereffective|p2a: Rotom
|-damage|p2a: Rotom|33/100
|move|p2a: Rotom|Defog|p1a: Cryogonal
|-unboost|p1a: Cryogonal|evasion|1
|-sideend|p2: CaspaRuskoYo|Stealth Rock|[from] move: Defog|[of] p2a: Rotom
|
|upkeep
|turn|236
|
|t:|1606905891
|move|p1a: Cryogonal|Haze|p1a: Cryogonal
|-clearallboost
|move|p2a: Rotom|Defog|p1a: Cryogonal
|-unboost|p1a: Cryogonal|evasion|1
|
|upkeep
|turn|237
|
|t:|1606905898
|move|p1a: Cryogonal|Defog|p2a: Rotom
|-unboost|p2a: Rotom|evasion|1
|move|p2a: Rotom|Defog|p1a: Cryogonal
|-unboost|p1a: Cryogonal|evasion|1
|
|upkeep
|turn|238
|c|☆Teddeh|gg
|-message|Teddeh forfeited.
|
|win|CaspaRuskoYo
|l|☆Teddeh
|raw|Teddeh's rating: 1548 &rarr; <strong>1531</strong><br />(-17 for losing)
|raw|CaspaRuskoYo's rating: 1603 &rarr; <strong>1620</strong><br />(+17 for winning)
