|j|☆zoowi
|j|☆kindersurprise2 0
|t:|1665329336
|gametype|singles
|player|p1|zoowi|burglar-gen2|1558
|player|p2|kindersurprise2 0|emmet|1483
|teamsize|p1|6
|teamsize|p2|6
|gen|8
|tier|[Gen 8] PU
|rated|
|rule|Sleep Clause Mod: Limit one foe put to sleep
|rule|Species Clause: Limit one of each Pokémon
|rule|OHKO Clause: OHKO moves are banned
|rule|Evasion Items Clause: Evasion items are banned
|rule|Evasion Moves Clause: Evasion moves are banned
|rule|Endless Battle Clause: Forcing endless battles is banned
|rule|HP Percentage Mod: HP is shown in percentages
|rule|Dynamax Clause: You cannot dynamax
|clearpoke
|poke|p1|Charizard, M|
|poke|p1|Articuno-Galar|
|poke|p1|Miltank, F|
|poke|p1|Kangaskhan, F|
|poke|p1|Cofagrigus, F|
|poke|p1|Silvally-*|
|poke|p2|Regirock|
|poke|p2|Eldegoss, M|
|poke|p2|Quagsire, M|
|poke|p2|Golbat, M|
|poke|p2|Magmortar, F|
|poke|p2|Sawk, M|
|teampreview
|c|☆zoowi|golbat cute
|c|☆kindersurprise2 0|Yep
|c|☆kindersurprise2 0|Do you know what its name is?
|c|☆zoowi|batty
|
|t:|1665329388
|start
|switch|p1a: Cofagrigus|Cofagrigus, F|100/100
|switch|p2a: Un Un Un|Regirock|100/100
|turn|1
|
|t:|1665329395
|move|p2a: Un Un Un|Toxic|p1a: Cofagrigus
|-status|p1a: Cofagrigus|tox
|move|p1a: Cofagrigus|Will-O-Wisp|p2a: Un Un Un
|-status|p2a: Un Un Un|brn
|
|-damage|p1a: Cofagrigus|94/100 tox|[from] psn
|-damage|p2a: Un Un Un|94/100 brn|[from] brn
|upkeep
|turn|2
|c|☆kindersurprise2 0|Close
|
|t:|1665329404
|switch|p1a: Silvally|Silvally-Steel|100/100
|move|p2a: Un Un Un|Stealth Rock|p1a: Silvally
|-sidestart|p1: zoowi|move: Stealth Rock
|
|-heal|p2a: Un Un Un|100/100 brn|[from] item: Leftovers
|-damage|p2a: Un Un Un|94/100 brn|[from] brn
|upkeep
|turn|3
|
|t:|1665329420
|switch|p2a: Woopy|Quagsire, M|100/100
|move|p1a: Silvally|Defog|p2a: Woopy
|-unboost|p2a: Woopy|evasion|1
|-sideend|p1: zoowi|Stealth Rock|[from] move: Defog|[of] p1a: Silvally
|
|upkeep
|turn|4
|
|t:|1665329428
|move|p1a: Silvally|Toxic|p2a: Woopy
|-status|p2a: Woopy|tox
|move|p2a: Woopy|Toxic|p1a: Silvally
|-immune|p1a: Silvally
|
|-damage|p2a: Woopy|94/100 tox|[from] psn
|upkeep
|turn|5
|
|t:|1665329438
|switch|p1a: Articuno|Articuno-Galar|100/100
|move|p2a: Woopy|Toxic|p1a: Articuno|[miss]
|-miss|p2a: Woopy|p1a: Articuno
|
|-heal|p2a: Woopy|100/100 tox|[from] item: Leftovers
|-damage|p2a: Woopy|88/100 tox|[from] psn
|upkeep
|turn|6
|
|t:|1665329449
|move|p1a: Articuno|Freezing Glare|p2a: Woopy
|-damage|p2a: Woopy|49/100 tox
|move|p2a: Woopy|Toxic|p1a: Articuno
|-status|p1a: Articuno|tox
|
|-heal|p2a: Woopy|56/100 tox|[from] item: Leftovers
|-damage|p1a: Articuno|94/100 tox|[from] psn
|-damage|p2a: Woopy|37/100 tox|[from] psn
|upkeep
|turn|7
|
|t:|1665329460
|switch|p2a: Un Un Un|Regirock|94/100 brn
|move|p1a: Articuno|Freezing Glare|p2a: Un Un Un
|-damage|p2a: Un Un Un|49/100 brn
|
|-heal|p2a: Un Un Un|55/100 brn|[from] item: Leftovers
|-damage|p1a: Articuno|82/100 tox|[from] psn
|-damage|p2a: Un Un Un|49/100 brn|[from] brn
|upkeep
|turn|8
|
|t:|1665329468
|move|p1a: Articuno|Freezing Glare|p2a: Un Un Un
|-damage|p2a: Un Un Un|5/100 brn
|move|p2a: Un Un Un|Stealth Rock|p1a: Articuno
|-sidestart|p1: zoowi|move: Stealth Rock
|
|-heal|p2a: Un Un Un|11/100 brn|[from] item: Leftovers
|-damage|p1a: Articuno|63/100 tox|[from] psn
|-damage|p2a: Un Un Un|5/100 brn|[from] brn
|upkeep
|turn|9
|
|t:|1665329479
|move|p1a: Articuno|Freezing Glare|p2a: Un Un Un
|-damage|p2a: Un Un Un|0 fnt
|faint|p2a: Un Un Un
|
|-damage|p1a: Articuno|38/100 tox|[from] psn
|upkeep
|
|t:|1665329482
|switch|p2a: Torrent|Sawk, M|100/100
|turn|10
|
|t:|1665329486
|move|p2a: Torrent|Knock Off|p1a: Articuno
|-supereffective|p1a: Articuno
|-damage|p1a: Articuno|0 fnt
|-enditem|p1a: Articuno|Heavy-Duty Boots|[from] move: Knock Off|[of] p2a: Torrent
|faint|p1a: Articuno
|
|upkeep
|
|t:|1665329489
|switch|p1a: Silvally|Silvally-Steel|100/100
|-damage|p1a: Silvally|94/100|[from] Stealth Rock
|turn|11
|
|t:|1665329497
|switch|p2a: MO-120-RT|Magmortar, F|100/100
|move|p1a: Silvally|Defog|p2a: MO-120-RT
|-unboost|p2a: MO-120-RT|evasion|1
|-sideend|p1: zoowi|Stealth Rock|[from] move: Defog|[of] p1a: Silvally
|
|upkeep
|turn|12
|
|t:|1665329507
|switch|p1a: Charizard|Charizard, M|100/100
|move|p2a: MO-120-RT|Focus Blast|p1a: Charizard
|-resisted|p1a: Charizard
|-damage|p1a: Charizard|58/100
|
|upkeep
|turn|13
|
|t:|1665329525
|switch|p2a: Woopy|Quagsire, M|37/100 tox
|move|p1a: Charizard|Hurricane|p2a: Woopy
|-damage|p2a: Woopy|0 fnt
|faint|p2a: Woopy
|
|upkeep
|
|t:|1665329531
|switch|p2a: Torrent|Sawk, M|100/100
|turn|14
|
|t:|1665329537
|switch|p1a: Cofagrigus|Cofagrigus, F|94/100 tox
|move|p2a: Torrent|Knock Off|p1a: Cofagrigus
|-supereffective|p1a: Cofagrigus
|-damage|p1a: Cofagrigus|65/100 tox
|-activate|p1a: Cofagrigus|ability: Mummy|Sturdy|[of] p2a: Torrent
|
|-damage|p1a: Cofagrigus|59/100 tox|[from] psn
|upkeep
|turn|15
|
|t:|1665329552
|switch|p2a: MO-120-RT|Magmortar, F|100/100
|move|p1a: Cofagrigus|Toxic Spikes|p2a: MO-120-RT
|-sidestart|p2: kindersurprise2 0|move: Toxic Spikes
|
|-damage|p1a: Cofagrigus|47/100 tox|[from] psn
|upkeep
|turn|16
|
|t:|1665329562
|move|p2a: MO-120-RT|Flamethrower|p1a: Cofagrigus
|-damage|p1a: Cofagrigus|0 fnt
|faint|p1a: Cofagrigus
|
|upkeep
|
|t:|1665329565
|switch|p1a: Charizard|Charizard, M|58/100
|turn|17
|
|t:|1665329580
|switch|p2a: Batboi|Golbat, M|100/100
|move|p1a: Charizard|Hurricane|p2a: Batboi|[miss]
|-miss|p1a: Charizard|p2a: Batboi
|
|upkeep
|turn|18
|
|t:|1665329587
|switch|p1a: Silvally|Silvally-Steel|94/100
|move|p2a: Batboi|Defog|p1a: Silvally
|-unboost|p1a: Silvally|evasion|1
|-sideend|p2: kindersurprise2 0|Toxic Spikes|[from] move: Defog|[of] p2a: Batboi
|
|upkeep
|turn|19
|
|t:|1665329591
|move|p1a: Silvally|Multi-Attack|p2a: Batboi
|-damage|p2a: Batboi|71/100
|move|p2a: Batboi|U-turn|p1a: Silvally
|-resisted|p1a: Silvally
|-damage|p1a: Silvally|88/100
|
|t:|1665329595
|switch|p2a: MO-120-RT|Magmortar, F|100/100|[from]move: U-turn
|
|upkeep
|turn|20
|
|t:|1665329607
|move|p2a: MO-120-RT|Thunderbolt|p1a: Silvally
|-damage|p1a: Silvally|45/100
|move|p1a: Silvally|Multi-Attack|p2a: MO-120-RT
|-resisted|p2a: MO-120-RT
|-damage|p2a: MO-120-RT|52/100
|
|upkeep
|turn|21
|
|t:|1665329615
|move|p2a: MO-120-RT|Thunderbolt|p1a: Silvally
|-damage|p1a: Silvally|0 fnt
|faint|p1a: Silvally
|
|upkeep
|
|t:|1665329619
|switch|p1a: Kangaskhan|Kangaskhan, F|100/100
|turn|22
|
|t:|1665329624
|switch|p2a: Flour|Eldegoss, M|100/100
|move|p1a: Kangaskhan|Double-Edge|p2a: Flour
|-crit|p2a: Flour
|-damage|p2a: Flour|26/100
|-damage|p1a: Kangaskhan|84/100|[from] item: Rocky Helmet|[of] p2a: Flour
|-damage|p1a: Kangaskhan|62/100|[from] Recoil
|
|-heal|p1a: Kangaskhan|69/100|[from] item: Leftovers
|upkeep
|turn|23
|
|t:|1665329633
|move|p1a: Kangaskhan|Substitute|p1a: Kangaskhan
|-start|p1a: Kangaskhan|Substitute
|-damage|p1a: Kangaskhan|44/100
|move|p2a: Flour|Sleep Powder||[still]
|-fail|p2a: Flour
|
|-heal|p1a: Kangaskhan|50/100|[from] item: Leftovers
|upkeep
|turn|24
|
|t:|1665329637
|move|p1a: Kangaskhan|Double-Edge|p2a: Flour
|-damage|p2a: Flour|0 fnt
|-damage|p1a: Kangaskhan|34/100|[from] item: Rocky Helmet|[of] p2a: Flour
|faint|p2a: Flour
|-damage|p1a: Kangaskhan|26/100|[from] Recoil
|
|-heal|p1a: Kangaskhan|33/100|[from] item: Leftovers
|upkeep
|
|t:|1665329641
|switch|p2a: Batboi|Golbat, M|71/100
|turn|25
|
|t:|1665329648
|move|p1a: Kangaskhan|Power-Up Punch|p2a: Batboi
|-resisted|p2a: Batboi
|-damage|p2a: Batboi|69/100
|-boost|p1a: Kangaskhan|atk|1
|move|p2a: Batboi|Poison Fang|p1a: Kangaskhan
|-damage|p1a: Kangaskhan|17/100
|-status|p1a: Kangaskhan|tox
|
|-heal|p1a: Kangaskhan|23/100 tox|[from] item: Leftovers
|-damage|p1a: Kangaskhan|17/100 tox|[from] psn
|upkeep
|turn|26
|
|t:|1665329652
|move|p1a: Kangaskhan|Double-Edge|p2a: Batboi
|-damage|p2a: Batboi|20/100
|-damage|p1a: Kangaskhan|2/100 tox|[from] Recoil
|move|p2a: Batboi|Roost|p2a: Batboi
|-heal|p2a: Batboi|70/100
|-singleturn|p2a: Batboi|move: Roost
|
|-heal|p1a: Kangaskhan|8/100 tox|[from] item: Leftovers
|-damage|p1a: Kangaskhan|0 fnt|[from] psn
|faint|p1a: Kangaskhan
|upkeep
|
|t:|1665329660
|switch|p1a: Charizard|Charizard, M|58/100
|turn|27
|
|t:|1665329665
|move|p1a: Charizard|Flamethrower|p2a: Batboi
|-damage|p2a: Batboi|35/100
|-status|p2a: Batboi|brn
|move|p2a: Batboi|Poison Fang|p1a: Charizard
|-damage|p1a: Charizard|48/100
|-status|p1a: Charizard|tox
|
|-damage|p1a: Charizard|42/100 tox|[from] psn
|-damage|p2a: Batboi|29/100 brn|[from] brn
|upkeep
|turn|28
|
|t:|1665329670
|move|p1a: Charizard|Flamethrower|p2a: Batboi
|-damage|p2a: Batboi|0 fnt
|faint|p2a: Batboi
|
|-damage|p1a: Charizard|30/100 tox|[from] psn
|upkeep
|
|t:|1665329674
|switch|p2a: Torrent|Sawk, M|100/100
|turn|29
|
|t:|1665329677
|move|p2a: Torrent|Close Combat|p1a: Charizard
|-resisted|p1a: Charizard
|-damage|p1a: Charizard|0 fnt
|-unboost|p2a: Torrent|def|1
|-unboost|p2a: Torrent|spd|1
|faint|p1a: Charizard
|
|upkeep
|
|t:|1665329678
|switch|p1a: Miltank|Miltank, F|100/100
|turn|30
|
|t:|1665329681
|move|p2a: Torrent|Close Combat|p1a: Miltank
|-supereffective|p1a: Miltank
|-damage|p1a: Miltank|0 fnt
|-unboost|p2a: Torrent|def|1
|-unboost|p2a: Torrent|spd|1
|faint|p1a: Miltank
|
|win|kindersurprise2 0
|raw|zoowi's rating: 1558 &rarr; <strong>1534</strong><br />(-24 for losing)
|raw|kindersurprise2 0's rating: 1483 &rarr; <strong>1507</strong><br />(+24 for winning)
|l|☆zoowi
|c|☆kindersurprise2 0|gg
||Ladder isn't responding, score probably updated but might not have (Request timeout).
