|j|☆uult1 SOMALIA
|j|☆UberFiend
|t:|1635426768
|gametype|singles
|player|p1|uult1 SOMALIA|#somalia|1545
|player|p2|UberFiend|darach|1433
|teamsize|p1|6
|teamsize|p2|6
|gen|8
|tier|[Gen 8] PU
|rated|
|rule|Sleep Clause Mod: Limit one foe put to sleep
|rule|Species Clause: Limit one of each Pokémon
|rule|OHKO Clause: OHKO moves are banned
|rule|Evasion Moves Clause: Evasion moves are banned
|rule|Endless Battle Clause: Forcing endless battles is banned
|rule|HP Percentage Mod: HP is shown in percentages
|rule|Dynamax Clause: You cannot dynamax
|clearpoke
|poke|p1|Audino, M|
|poke|p1|Articuno|
|poke|p1|Miltank, F|
|poke|p1|Qwilfish, M|
|poke|p1|Quagsire, M|
|poke|p1|Aromatisse, M|
|poke|p2|Archeops, F|
|poke|p2|Druddigon, M|
|poke|p2|Accelgor, F|
|poke|p2|Whimsicott, F|
|poke|p2|Gourgeist-*, M|
|poke|p2|Hitmontop, M|
|teampreview
|
|t:|1635426776
|start
|switch|p1a: POSSESSING SPIRIT|Aromatisse, M, shiny|100/100
|switch|p2a: Druddigon|Druddigon, M|100/100
|turn|1
|
|t:|1635426791
|move|p2a: Druddigon|Iron Tail|p1a: POSSESSING SPIRIT
|-supereffective|p1a: POSSESSING SPIRIT
|-damage|p1a: POSSESSING SPIRIT|32/100
|move|p1a: POSSESSING SPIRIT|Moonblast|p2a: Druddigon
|-supereffective|p2a: Druddigon
|-damage|p2a: Druddigon|20/100
|
|-heal|p1a: POSSESSING SPIRIT|38/100|[from] item: Leftovers
|upkeep
|turn|2
|
|t:|1635426799
|switch|p1a: IRON FINGERS|Miltank, F, shiny|100/100
|move|p2a: Druddigon|Glare|p1a: IRON FINGERS
|-status|p1a: IRON FINGERS|par
|
|upkeep
|turn|3
|
|t:|1635426803
|move|p2a: Druddigon|Iron Tail|p1a: IRON FINGERS
|-damage|p1a: IRON FINGERS|74/100 par
|cant|p1a: IRON FINGERS|par
|
|upkeep
|turn|4
|
|t:|1635426810
|switch|p2a: Archeops|Archeops, F|100/100
|move|p1a: IRON FINGERS|Milk Drink|p1a: IRON FINGERS
|-heal|p1a: IRON FINGERS|100/100 par
|
|upkeep
|turn|5
|
|t:|1635426816
|switch|p1a: FIRE WATER|Quagsire, M, shiny|100/100
|move|p2a: Archeops|Meteor Beam||[still]
|-prepare|p2a: Archeops|Meteor Beam
|-boost|p2a: Archeops|spa|1
|-enditem|p2a: Archeops|Power Herb
|-anim|p2a: Archeops|Meteor Beam|p1a: FIRE WATER
|-resisted|p1a: FIRE WATER
|-damage|p1a: FIRE WATER|65/100
|
|upkeep
|turn|6
|
|t:|1635426829
|switch|p1a: ADAMANTINE KATA|Audino, M, shiny|100/100
|move|p2a: Archeops|Air Slash|p1a: ADAMANTINE KATA
|-damage|p1a: ADAMANTINE KATA|68/100
|
|upkeep
|turn|7
|
|t:|1635426835
|move|p2a: Archeops|Air Slash|p1a: ADAMANTINE KATA
|-damage|p1a: ADAMANTINE KATA|33/100
|move|p1a: ADAMANTINE KATA|Toxic|p2a: Archeops
|-status|p2a: Archeops|tox
|
|-damage|p2a: Archeops|94/100 tox|[from] psn
|upkeep
|turn|8
|
|t:|1635426847
|move|p1a: ADAMANTINE KATA|Protect|p1a: ADAMANTINE KATA
|-singleturn|p1a: ADAMANTINE KATA|Protect
|move|p2a: Archeops|Air Slash|p1a: ADAMANTINE KATA
|-activate|p1a: ADAMANTINE KATA|move: Protect
|
|-damage|p2a: Archeops|82/100 tox|[from] psn
|upkeep
|turn|9
|
|t:|1635426852
|switch|p1a: JELLYFISH CLUTCH|Articuno|100/100
|-ability|p1a: JELLYFISH CLUTCH|Pressure
|move|p2a: Archeops|Meteor Beam||[still]
|-prepare|p2a: Archeops|Meteor Beam
|-boost|p2a: Archeops|spa|1
|
|-damage|p2a: Archeops|63/100 tox|[from] psn
|upkeep
|turn|10
|
|t:|1635426860
|switch|p1a: FIRE WATER|Quagsire, M, shiny|65/100
|move|p2a: Archeops|Meteor Beam|p1a: FIRE WATER|[from]lockedmove
|-resisted|p1a: FIRE WATER
|-damage|p1a: FIRE WATER|30/100
|
|-damage|p2a: Archeops|39/100 tox|[from] psn
|upkeep
|turn|11
|
|t:|1635426879
|switch|p1a: ADAMANTINE KATA|Audino, M, shiny|66/100
|move|p2a: Archeops|Air Slash|p1a: ADAMANTINE KATA
|-damage|p1a: ADAMANTINE KATA|42/100
|
|-damage|p2a: Archeops|8/100 tox|[from] psn
|upkeep
|turn|12
|
|t:|1635426885
|move|p2a: Archeops|Iron Tail|p1a: ADAMANTINE KATA
|-damage|p1a: ADAMANTINE KATA|26/100
|-unboost|p1a: ADAMANTINE KATA|def|1
|move|p1a: ADAMANTINE KATA|Wish|p1a: ADAMANTINE KATA
|
|-damage|p2a: Archeops|0 fnt|[from] psn
|faint|p2a: Archeops
|upkeep
|
|t:|1635426899
|switch|p2a: Hitmontop|Hitmontop, M|100/100
|turn|13
|
|t:|1635426903
|move|p1a: ADAMANTINE KATA|Protect|p1a: ADAMANTINE KATA
|-singleturn|p1a: ADAMANTINE KATA|Protect
|move|p2a: Hitmontop|Triple Axel|p1a: ADAMANTINE KATA
|-activate|p1a: ADAMANTINE KATA|move: Protect
|
|-heal|p1a: ADAMANTINE KATA|76/100|[from] move: Wish|[wisher] ADAMANTINE KATA
|upkeep
|turn|14
|
|t:|1635426922
|switch|p1a: WEEPING WILLOW|Qwilfish, M, shiny|100/100
|move|p2a: Hitmontop|Bulldoze|p1a: WEEPING WILLOW
|-supereffective|p1a: WEEPING WILLOW
|-damage|p1a: WEEPING WILLOW|45/100
|-unboost|p1a: WEEPING WILLOW|spe|1
|
|upkeep
|turn|15
|
|t:|1635426962
|switch|p1a: JELLYFISH CLUTCH|Articuno|100/100
|-ability|p1a: JELLYFISH CLUTCH|Pressure
|move|p2a: Hitmontop|Triple Axel|p1a: JELLYFISH CLUTCH
|-crit|p1a: JELLYFISH CLUTCH
|-damage|p1a: JELLYFISH CLUTCH|89/100
|-damage|p1a: JELLYFISH CLUTCH|72/100
|-hitcount|p1a: JELLYFISH CLUTCH|2
|
|upkeep
|turn|16
|
|t:|1635426972
|switch|p1a: WEEPING WILLOW|Qwilfish, M, shiny|45/100
|move|p2a: Hitmontop|Triple Axel|p1a: WEEPING WILLOW
|-resisted|p1a: WEEPING WILLOW
|-damage|p1a: WEEPING WILLOW|41/100
|-damage|p2a: Hitmontop|84/100|[from] item: Rocky Helmet|[of] p1a: WEEPING WILLOW
|-resisted|p1a: WEEPING WILLOW
|-damage|p1a: WEEPING WILLOW|32/100
|-damage|p2a: Hitmontop|67/100|[from] item: Rocky Helmet|[of] p1a: WEEPING WILLOW
|-resisted|p1a: WEEPING WILLOW
|-damage|p1a: WEEPING WILLOW|17/100
|-damage|p2a: Hitmontop|51/100|[from] item: Rocky Helmet|[of] p1a: WEEPING WILLOW
|-hitcount|p1a: WEEPING WILLOW|3
|
|upkeep
|turn|17
|
|t:|1635426981
|switch|p1a: POSSESSING SPIRIT|Aromatisse, M, shiny|38/100
|move|p2a: Hitmontop|Bulldoze|p1a: POSSESSING SPIRIT
|-damage|p1a: POSSESSING SPIRIT|19/100
|-unboost|p1a: POSSESSING SPIRIT|spe|1
|
|-heal|p1a: POSSESSING SPIRIT|25/100|[from] item: Leftovers
|upkeep
|turn|18
|
|t:|1635426989
|move|p1a: POSSESSING SPIRIT|Protect|p1a: POSSESSING SPIRIT
|-singleturn|p1a: POSSESSING SPIRIT|Protect
|move|p2a: Hitmontop|Triple Axel|p1a: POSSESSING SPIRIT
|-activate|p1a: POSSESSING SPIRIT|move: Protect
|
|-heal|p1a: POSSESSING SPIRIT|31/100|[from] item: Leftovers
|upkeep
|turn|19
|
|t:|1635427023
|switch|p1a: WEEPING WILLOW|Qwilfish, M, shiny|17/100
|move|p2a: Hitmontop|Bulldoze|p1a: WEEPING WILLOW
|-supereffective|p1a: WEEPING WILLOW
|-damage|p1a: WEEPING WILLOW|0 fnt
|faint|p1a: WEEPING WILLOW
|
|upkeep
|
|t:|1635427034
|switch|p1a: POSSESSING SPIRIT|Aromatisse, M, shiny|31/100
|turn|20
|
|t:|1635427045
|move|p1a: POSSESSING SPIRIT|Protect|p1a: POSSESSING SPIRIT
|-singleturn|p1a: POSSESSING SPIRIT|Protect
|move|p2a: Hitmontop|Triple Axel|p1a: POSSESSING SPIRIT
|-activate|p1a: POSSESSING SPIRIT|move: Protect
|
|-heal|p1a: POSSESSING SPIRIT|38/100|[from] item: Leftovers
|upkeep
|turn|21
|
|t:|1635427058
|move|p2a: Hitmontop|Triple Axel|p1a: POSSESSING SPIRIT
|-damage|p1a: POSSESSING SPIRIT|31/100
|-damage|p1a: POSSESSING SPIRIT|16/100
|-damage|p1a: POSSESSING SPIRIT|0 fnt
|faint|p1a: POSSESSING SPIRIT
|-hitcount|p1: POSSESSING SPIRIT|3
|
|upkeep
|
|t:|1635427064
|switch|p1a: JELLYFISH CLUTCH|Articuno|72/100
|-ability|p1a: JELLYFISH CLUTCH|Pressure
|turn|22
|
|t:|1635427068
|move|p1a: JELLYFISH CLUTCH|Roost|p1a: JELLYFISH CLUTCH
|-heal|p1a: JELLYFISH CLUTCH|100/100
|-singleturn|p1a: JELLYFISH CLUTCH|move: Roost
|move|p2a: Hitmontop|Triple Axel|p1a: JELLYFISH CLUTCH
|-resisted|p1a: JELLYFISH CLUTCH
|-damage|p1a: JELLYFISH CLUTCH|97/100
|-resisted|p1a: JELLYFISH CLUTCH
|-damage|p1a: JELLYFISH CLUTCH|89/100
|-resisted|p1a: JELLYFISH CLUTCH
|-damage|p1a: JELLYFISH CLUTCH|75/100
|-hitcount|p1a: JELLYFISH CLUTCH|3
|
|upkeep
|turn|23
|
|t:|1635427072
|move|p1a: JELLYFISH CLUTCH|Freeze-Dry|p2a: Hitmontop
|-damage|p2a: Hitmontop|34/100
|move|p2a: Hitmontop|Rapid Spin|p1a: JELLYFISH CLUTCH
|-damage|p1a: JELLYFISH CLUTCH|55/100
|-boost|p2a: Hitmontop|spe|1
|
|upkeep
|turn|24
|
|t:|1635427077
|move|p2a: Hitmontop|Triple Axel|p1a: JELLYFISH CLUTCH
|-damage|p1a: JELLYFISH CLUTCH|47/100
|-damage|p1a: JELLYFISH CLUTCH|31/100
|-damage|p1a: JELLYFISH CLUTCH|5/100
|-hitcount|p1a: JELLYFISH CLUTCH|3
|move|p1a: JELLYFISH CLUTCH|Roost|p1a: JELLYFISH CLUTCH
|-heal|p1a: JELLYFISH CLUTCH|55/100
|-singleturn|p1a: JELLYFISH CLUTCH|move: Roost
|
|upkeep
|turn|25
|
|t:|1635427083
|move|p2a: Hitmontop|Triple Axel|p1a: JELLYFISH CLUTCH|[miss]
|-miss|p2a: Hitmontop|p1a: JELLYFISH CLUTCH
|move|p1a: JELLYFISH CLUTCH|Roost|p1a: JELLYFISH CLUTCH
|-heal|p1a: JELLYFISH CLUTCH|100/100
|-singleturn|p1a: JELLYFISH CLUTCH|move: Roost
|
|upkeep
|turn|26
|
|t:|1635427087
|move|p2a: Hitmontop|Triple Axel|p1a: JELLYFISH CLUTCH
|-damage|p1a: JELLYFISH CLUTCH|92/100
|-damage|p1a: JELLYFISH CLUTCH|76/100
|-damage|p1a: JELLYFISH CLUTCH|50/100
|-hitcount|p1a: JELLYFISH CLUTCH|3
|move|p1a: JELLYFISH CLUTCH|Freeze-Dry|p2a: Hitmontop
|-damage|p2a: Hitmontop|17/100
|
|upkeep
|turn|27
|
|t:|1635427093
|move|p2a: Hitmontop|Triple Axel|p1a: JELLYFISH CLUTCH
|-damage|p1a: JELLYFISH CLUTCH|42/100
|-damage|p1a: JELLYFISH CLUTCH|25/100
|-damage|p1a: JELLYFISH CLUTCH|0 fnt
|faint|p1a: JELLYFISH CLUTCH
|-hitcount|p1: JELLYFISH CLUTCH|3
|
|upkeep
|
|t:|1635427097
|switch|p1a: IRON FINGERS|Miltank, F, shiny|100/100 par
|turn|28
|
|t:|1635427113
|move|p2a: Hitmontop|Bulldoze|p1a: IRON FINGERS
|-damage|p1a: IRON FINGERS|83/100 par
|-unboost|p1a: IRON FINGERS|spe|1
|move|p1a: IRON FINGERS|Seismic Toss|p2a: Hitmontop
|-damage|p2a: Hitmontop|0 fnt
|faint|p2a: Hitmontop
|
|upkeep
|
|t:|1635427127
|switch|p2a: Druddigon|Druddigon, M|20/100
|turn|29
|
|t:|1635427143
|move|p2a: Druddigon|Iron Tail|p1a: IRON FINGERS
|-damage|p1a: IRON FINGERS|56/100 par
|move|p1a: IRON FINGERS|Milk Drink|p1a: IRON FINGERS
|-heal|p1a: IRON FINGERS|100/100 par
|
|upkeep
|turn|30
|
|t:|1635427147
|cant|p1a: IRON FINGERS|par
|move|p2a: Druddigon|Dragon Tail|p1a: IRON FINGERS
|-damage|p1a: IRON FINGERS|80/100 par
|drag|p1a: ADAMANTINE KATA|Audino, M, shiny|100/100
|
|upkeep
|turn|31
|
|t:|1635427152
|switch|p1a: IRON FINGERS|Miltank, F, shiny|80/100 par
|move|p2a: Druddigon|Glare|p1a: IRON FINGERS
|-fail|p1a: IRON FINGERS|par
|
|upkeep
|turn|32
|
|t:|1635427155
|move|p2a: Druddigon|Iron Tail|p1a: IRON FINGERS|[miss]
|-miss|p2a: Druddigon|p1a: IRON FINGERS
|move|p1a: IRON FINGERS|Seismic Toss|p2a: Druddigon
|-damage|p2a: Druddigon|0 fnt
|faint|p2a: Druddigon
|
|upkeep
|
|t:|1635427162
|switch|p2a: Whimsicott|Whimsicott, F|100/100
|turn|33
|
|t:|1635427178
|switch|p1a: ADAMANTINE KATA|Audino, M, shiny|100/100
|move|p2a: Whimsicott|Moonblast|p1a: ADAMANTINE KATA
|-damage|p1a: ADAMANTINE KATA|69/100
|-unboost|p1a: ADAMANTINE KATA|spa|1
|-damage|p2a: Whimsicott|91/100|[from] item: Life Orb
|
|upkeep
|turn|34
|
|t:|1635427195
|move|p2a: Whimsicott|Moonblast|p1a: ADAMANTINE KATA
|-damage|p1a: ADAMANTINE KATA|33/100
|-unboost|p1a: ADAMANTINE KATA|spa|1
|-damage|p2a: Whimsicott|81/100|[from] item: Life Orb
|move|p1a: ADAMANTINE KATA|Wish|p1a: ADAMANTINE KATA
|
|upkeep
|turn|35
|
|t:|1635427222
|move|p1a: ADAMANTINE KATA|Protect|p1a: ADAMANTINE KATA
|-singleturn|p1a: ADAMANTINE KATA|Protect
|move|p2a: Whimsicott|Moonblast|p1a: ADAMANTINE KATA
|-activate|p1a: ADAMANTINE KATA|move: Protect
|
|-heal|p1a: ADAMANTINE KATA|83/100|[from] move: Wish|[wisher] ADAMANTINE KATA
|upkeep
|turn|36
|
|t:|1635427227
|move|p2a: Whimsicott|Encore|p1a: ADAMANTINE KATA
|-start|p1a: ADAMANTINE KATA|Encore
|move|p1a: ADAMANTINE KATA|Protect||[still]
|-fail|p1a: ADAMANTINE KATA
|
|upkeep
|turn|37
|
|t:|1635427235
|move|p1a: ADAMANTINE KATA|Protect|p1a: ADAMANTINE KATA
|-singleturn|p1a: ADAMANTINE KATA|Protect
|move|p2a: Whimsicott|Energy Ball|p1a: ADAMANTINE KATA
|-activate|p1a: ADAMANTINE KATA|move: Protect
|
|upkeep
|turn|38
|
|t:|1635427246
|switch|p1a: FIRE WATER|Quagsire, M, shiny|30/100
|move|p2a: Whimsicott|Moonblast|p1a: FIRE WATER
|-damage|p1a: FIRE WATER|0 fnt
|faint|p1a: FIRE WATER
|-damage|p2a: Whimsicott|71/100|[from] item: Life Orb
|
|upkeep
|
|t:|1635427248
|switch|p1a: ADAMANTINE KATA|Audino, M, shiny|100/100
|turn|39
|
|t:|1635427253
|move|p2a: Whimsicott|Energy Ball|p1a: ADAMANTINE KATA
|-damage|p1a: ADAMANTINE KATA|67/100
|-damage|p2a: Whimsicott|61/100|[from] item: Life Orb
|move|p1a: ADAMANTINE KATA|Toxic|p2a: Whimsicott
|-status|p2a: Whimsicott|tox
|
|-damage|p2a: Whimsicott|55/100 tox|[from] psn
|upkeep
|turn|40
|
|t:|1635427258
|move|p1a: ADAMANTINE KATA|Protect|p1a: ADAMANTINE KATA
|-singleturn|p1a: ADAMANTINE KATA|Protect
|move|p2a: Whimsicott|Encore|p1a: ADAMANTINE KATA
|-activate|p1a: ADAMANTINE KATA|move: Protect
|
|-damage|p2a: Whimsicott|42/100 tox|[from] psn
|upkeep
|turn|41
|
|t:|1635427278
|move|p1a: ADAMANTINE KATA|Protect||[still]
|-fail|p1a: ADAMANTINE KATA
|move|p2a: Whimsicott|Encore|p1a: ADAMANTINE KATA
|-start|p1a: ADAMANTINE KATA|Encore
|
|-damage|p2a: Whimsicott|24/100 tox|[from] psn
|upkeep
|turn|42
|
|t:|1635427286
|move|p1a: ADAMANTINE KATA|Protect|p1a: ADAMANTINE KATA
|-singleturn|p1a: ADAMANTINE KATA|Protect
|move|p2a: Whimsicott|Nature Power|p1a: ADAMANTINE KATA
|move|p2a: Whimsicott|Tri Attack|p1a: ADAMANTINE KATA|[from]move: Nature Power
|-activate|p1a: ADAMANTINE KATA|move: Protect
|
|-damage|p2a: Whimsicott|0 fnt|[from] psn
|faint|p2a: Whimsicott
|upkeep
|
|t:|1635427295
|switch|p2a: Accelgor|Accelgor, F|100/100
|turn|43
|
|t:|1635427308
|move|p1a: ADAMANTINE KATA|Protect|p1a: ADAMANTINE KATA
|-singleturn|p1a: ADAMANTINE KATA|Protect
|move|p2a: Accelgor|Bug Buzz|p1a: ADAMANTINE KATA
|-activate|p1a: ADAMANTINE KATA|move: Protect
|
|upkeep
|turn|44
|
|t:|1635427339
|move|p1a: ADAMANTINE KATA|Protect||[still]
|-fail|p1a: ADAMANTINE KATA
|move|p2a: Accelgor|Bug Buzz|p1a: ADAMANTINE KATA
|-damage|p1a: ADAMANTINE KATA|37/100
|-enditem|p2a: Accelgor|Throat Spray
|-boost|p2a: Accelgor|spa|1|[from] item: Throat Spray
|
|-end|p1a: ADAMANTINE KATA|Encore
|upkeep
|turn|45
|
|t:|1635427353
|move|p1a: ADAMANTINE KATA|Protect|p1a: ADAMANTINE KATA
|-singleturn|p1a: ADAMANTINE KATA|Protect
|move|p2a: Accelgor|Bug Buzz|p1a: ADAMANTINE KATA
|-activate|p1a: ADAMANTINE KATA|move: Protect
|
|upkeep
|turn|46
|
|t:|1635427373
|switch|p1a: IRON FINGERS|Miltank, F, shiny|80/100 par
|move|p2a: Accelgor|Bug Buzz|p1a: IRON FINGERS
|-damage|p1a: IRON FINGERS|0 fnt
|faint|p1a: IRON FINGERS
|
|upkeep
|
|t:|1635427377
|switch|p1a: ADAMANTINE KATA|Audino, M, shiny|70/100
|turn|47
|
|t:|1635427382
|move|p2a: Accelgor|Bug Buzz|p1a: ADAMANTINE KATA
|-damage|p1a: ADAMANTINE KATA|24/100
|move|p1a: ADAMANTINE KATA|Wish|p1a: ADAMANTINE KATA
|
|upkeep
|turn|48
|
|t:|1635427387
|move|p1a: ADAMANTINE KATA|Protect|p1a: ADAMANTINE KATA
|-singleturn|p1a: ADAMANTINE KATA|Protect
|move|p2a: Accelgor|Bug Buzz|p1a: ADAMANTINE KATA
|-activate|p1a: ADAMANTINE KATA|move: Protect
|
|-heal|p1a: ADAMANTINE KATA|74/100|[from] move: Wish|[wisher] ADAMANTINE KATA
|upkeep
|turn|49
|
|t:|1635427391
|move|p2a: Accelgor|Focus Blast|p1a: ADAMANTINE KATA
|-supereffective|p1a: ADAMANTINE KATA
|-damage|p1a: ADAMANTINE KATA|0 fnt
|faint|p1a: ADAMANTINE KATA
|
|win|UberFiend
|raw|uult1 SOMALIA's rating: 1545 &rarr; <strong>1519</strong><br />(-26 for losing)
|raw|UberFiend's rating: 1433 &rarr; <strong>1459</strong><br />(+26 for winning)
|l|☆uult1 SOMALIA
|c|☆UberFiend|Nice
||Ladder isn't responding, score probably updated but might not have (Request timeout).
