|raw|<div class="broadcast-blue"><strong>This battle is required to be public due to a player having a name starting with 'pult4t2'.</div>
|j|☆PULT4T2 eifo
|j|☆PULT4T2 Huargensy
|t:|1661265108
|gametype|singles
|player|p1|PULT4T2 eifo|camper|1577
|player|p2|PULT4T2 Huargensy|lucas|1470
|teamsize|p1|6
|teamsize|p2|6
|gen|8
|tier|[Gen 8] PU
|rated|
|rule|Sleep Clause Mod: Limit one foe put to sleep
|rule|Species Clause: Limit one of each Pokémon
|rule|OHKO Clause: OHKO moves are banned
|rule|Evasion Items Clause: Evasion items are banned
|rule|Evasion Moves Clause: Evasion moves are banned
|rule|Endless Battle Clause: Forcing endless battles is banned
|rule|HP Percentage Mod: HP is shown in percentages
|rule|Dynamax Clause: You cannot dynamax
|clearpoke
|poke|p1|Charizard, F|
|poke|p1|Audino, M|
|poke|p1|Doublade, M|
|poke|p1|Weezing, M|
|poke|p1|Regirock|
|poke|p1|Lurantis, F|
|poke|p2|Charizard, F|
|poke|p2|Quagsire, M|
|poke|p2|Ferroseed, M|
|poke|p2|Weezing, M|
|poke|p2|Gigalith, F|
|poke|p2|Gallade, M|
|teampreview
|inactive|Battle timer is ON: inactive players will automatically lose when time's up. (requested by PULT4T2 Huargensy)
|
|t:|1661265136
|start
|switch|p1a: Lurantis|Lurantis, F|100/100
|switch|p2a: Weezing|Weezing, M, shiny|100/100
|turn|1
|
|t:|1661265152
|switch|p1a: Audino|Audino, M|100/100
|move|p2a: Weezing|Sludge Bomb|p1a: Audino
|-damage|p1a: Audino|84/100
|-status|p1a: Audino|psn
|
|-damage|p1a: Audino|71/100 psn|[from] psn
|upkeep
|turn|2
|
|t:|1661265161
|move|p2a: Weezing|Toxic Spikes|p1a: Audino
|-sidestart|p1: PULT4T2 eifo|move: Toxic Spikes
|move|p1a: Audino|Knock Off|p2a: Weezing
|-damage|p2a: Weezing|89/100
|-enditem|p2a: Weezing|Black Sludge|[from] move: Knock Off|[of] p1a: Audino
|
|-damage|p1a: Audino|59/100 psn|[from] psn
|upkeep
|turn|3
|
|t:|1661265169
|switch|p1a: Weezing|Weezing, M|100/100
|move|p2a: Weezing|Sludge Bomb|p1a: Weezing
|-resisted|p1a: Weezing
|-damage|p1a: Weezing|82/100
|
|upkeep
|turn|4
|
|t:|1661265183
|switch|p2a: Charizard|Charizard, F, shiny|100/100
|move|p1a: Weezing|Toxic Spikes|p2a: Charizard
|-sidestart|p2: PULT4T2 Huargensy|move: Toxic Spikes
|
|upkeep
|turn|5
|
|t:|1661265190
|switch|p2a: Weezing|Weezing, M, shiny|89/100
|switch|p1a: Audino|Audino, M|92/100 psn
|
|-damage|p1a: Audino|80/100 psn|[from] psn
|upkeep
|turn|6
|
|t:|1661265194
|move|p2a: Weezing|Sludge Bomb|p1a: Audino
|-damage|p1a: Audino|60/100 psn
|move|p1a: Audino|Wish|p1a: Audino
|
|-damage|p1a: Audino|48/100 psn|[from] psn
|upkeep
|turn|7
|
|t:|1661265204
|switch|p1a: Charizard|Charizard, F|100/100
|move|p2a: Weezing|Sludge Bomb|p1a: Charizard
|-damage|p1a: Charizard|70/100
|-status|p1a: Charizard|psn
|
|-heal|p1a: Charizard|100/100 psn|[from] move: Wish|[wisher] Audino
|-damage|p1a: Charizard|88/100 psn|[from] psn
|upkeep
|turn|8
|
|t:|1661265217
|move|p1a: Charizard|Flamethrower|p2a: Weezing
|-damage|p2a: Weezing|44/100
|move|p2a: Weezing|Pain Split|p1a: Charizard
|-sethp|p1a: Charizard|64/100 psn|[from] move: Pain Split|[silent]
|-sethp|p2a: Weezing|71/100|[from] move: Pain Split
|
|-damage|p1a: Charizard|52/100 psn|[from] psn
|upkeep
|turn|9
|
|t:|1661265221
|switch|p2a: Charizard|Charizard, F, shiny|100/100
|move|p1a: Charizard|Roost|p1a: Charizard
|-heal|p1a: Charizard|100/100 psn
|-singleturn|p1a: Charizard|move: Roost
|
|-damage|p1a: Charizard|88/100 psn|[from] psn
|upkeep
|turn|10
|
|t:|1661265228
|move|p2a: Charizard|Hurricane|p1a: Charizard
|-damage|p1a: Charizard|38/100 psn
|move|p1a: Charizard|Toxic|p2a: Charizard|[miss]
|-miss|p1a: Charizard|p2a: Charizard
|
|-damage|p1a: Charizard|26/100 psn|[from] psn
|upkeep
|turn|11
|
|t:|1661265233
|switch|p1a: Audino|Audino, M|81/100 psn
|move|p2a: Charizard|Hurricane|p1a: Audino
|-damage|p1a: Audino|46/100 psn
|
|-damage|p1a: Audino|34/100 psn|[from] psn
|upkeep
|turn|12
|
|t:|1661265245
|switch|p1a: Regirock|Regirock|100/100
|-status|p1a: Regirock|psn
|move|p2a: Charizard|Fire Blast|p1a: Regirock|[miss]
|-miss|p2a: Charizard|p1a: Regirock
|
|-damage|p1a: Regirock|88/100 psn|[from] psn
|upkeep
|turn|13
|
|t:|1661265273
|switch|p2a: Weezing|Weezing, M, shiny|71/100
|move|p1a: Regirock|Stealth Rock|p2a: Weezing
|-sidestart|p2: PULT4T2 Huargensy|move: Stealth Rock
|
|-heal|p1a: Regirock|94/100 psn|[from] item: Leftovers
|-damage|p1a: Regirock|82/100 psn|[from] psn
|upkeep
|turn|14
|
|t:|1661265287
|switch|p1a: Weezing|Weezing, M|82/100
|move|p2a: Weezing|Sludge Bomb|p1a: Weezing
|-resisted|p1a: Weezing
|-damage|p1a: Weezing|63/100
|
|upkeep
|turn|15
|
|t:|1661265299
|move|p2a: Weezing|Will-O-Wisp|p1a: Weezing
|-status|p1a: Weezing|brn
|move|p1a: Weezing|Pain Split|p2a: Weezing
|-sethp|p2a: Weezing|68/100|[from] move: Pain Split|[silent]
|-sethp|p1a: Weezing|66/100 brn|[from] move: Pain Split
|
|-damage|p1a: Weezing|60/100 brn|[from] brn
|upkeep
|turn|16
|
|t:|1661265309
|switch|p2a: Charizard|Charizard, F, shiny|100/100
|switch|p1a: Audino|Audino, M|67/100 psn
|
|-damage|p1a: Audino|55/100 psn|[from] psn
|upkeep
|turn|17
|
|t:|1661265315
|move|p2a: Charizard|Fire Blast|p1a: Audino
|-damage|p1a: Audino|22/100 psn
|move|p1a: Audino|Knock Off|p2a: Charizard
|-damage|p2a: Charizard|80/100
|-enditem|p2a: Charizard|Heavy-Duty Boots|[from] move: Knock Off|[of] p1a: Audino
|
|-damage|p1a: Audino|9/100 psn|[from] psn
|upkeep
|turn|18
|
|t:|1661265321
|switch|p1a: Regirock|Regirock|82/100 psn
|move|p2a: Charizard|Defog|p1a: Regirock
|-fail|p1a: Regirock|unboost|[from] ability: Clear Body|[of] p1a: Regirock
|-sideend|p1: PULT4T2 eifo|Toxic Spikes|[from] move: Defog|[of] p2a: Charizard
|-sideend|p2: PULT4T2 Huargensy|Toxic Spikes|[from] move: Defog|[of] p2a: Charizard
|-sideend|p2: PULT4T2 Huargensy|Stealth Rock|[from] move: Defog|[of] p2a: Charizard
|
|-heal|p1a: Regirock|88/100 psn|[from] item: Leftovers
|-damage|p1a: Regirock|75/100 psn|[from] psn
|upkeep
|turn|19
|
|t:|1661265329
|move|p2a: Charizard|Fire Blast|p1a: Regirock
|-resisted|p1a: Regirock
|-damage|p1a: Regirock|53/100 psn
|move|p1a: Regirock|Stealth Rock|p2a: Charizard
|-sidestart|p2: PULT4T2 Huargensy|move: Stealth Rock
|
|-heal|p1a: Regirock|59/100 psn|[from] item: Leftovers
|-damage|p1a: Regirock|47/100 psn|[from] psn
|upkeep
|turn|20
|
|t:|1661265353
|switch|p2a: Gallade|Gallade, M, shiny|100/100
|-damage|p2a: Gallade|94/100|[from] Stealth Rock
|move|p1a: Regirock|Rock Blast|p2a: Gallade
|-resisted|p2a: Gallade
|-damage|p2a: Gallade|88/100
|-resisted|p2a: Gallade
|-damage|p2a: Gallade|80/100
|-resisted|p2a: Gallade
|-damage|p2a: Gallade|72/100
|-hitcount|p2a: Gallade|3
|
|-heal|p1a: Regirock|53/100 psn|[from] item: Leftovers
|-damage|p1a: Regirock|41/100 psn|[from] psn
|upkeep
|turn|21
|
|t:|1661265374
|switch|p1a: Lurantis|Lurantis, F|100/100
|move|p2a: Gallade|Knock Off|p1a: Lurantis
|-damage|p1a: Lurantis|75/100
|-enditem|p1a: Lurantis|Heavy-Duty Boots|[from] move: Knock Off|[of] p2a: Gallade
|
|upkeep
|turn|22
|
|t:|1661265395
|switch|p2a: Charizard|Charizard, F, shiny|80/100
|-damage|p2a: Charizard|30/100|[from] Stealth Rock
|move|p1a: Lurantis|Superpower|p2a: Charizard
|-resisted|p2a: Charizard
|-damage|p2a: Charizard|11/100
|-boost|p1a: Lurantis|atk|1
|-boost|p1a: Lurantis|def|1
|
|upkeep
|turn|23
|l|☆PULT4T2 Huargensy
|inactive|PULT4T2 Huargensy disconnected and has a minute to reconnect!
|player|p2|
|j| Huarguensy
|l| Huarguensy
|j|☆PULT4T2 Huargensy
|inactive|PULT4T2 Huargensy reconnected and has 105 seconds left.
|player|p2|PULT4T2 Huargensy|lucas
|inactive|PULT4T2 Huargensy has 90 seconds left.
|
|t:|1661265454
|move|p2a: Charizard|Roost|p2a: Charizard
|-heal|p2a: Charizard|61/100
|-singleturn|p2a: Charizard|move: Roost
|move|p1a: Lurantis|Superpower|p2a: Charizard
|-damage|p2a: Charizard|0 fnt
|-boost|p1a: Lurantis|atk|1
|-boost|p1a: Lurantis|def|1
|faint|p2a: Charizard
|
|upkeep
|j| yandaud
|
|t:|1661265457
|switch|p2a: Weezing|Weezing, M, shiny|68/100
|-damage|p2a: Weezing|56/100|[from] Stealth Rock
|turn|24
|
|t:|1661265475
|switch|p1a: Weezing|Weezing, M|60/100 brn
|move|p2a: Weezing|Sludge Bomb|p1a: Weezing
|-resisted|p1a: Weezing
|-damage|p1a: Weezing|42/100 brn
|
|-damage|p1a: Weezing|36/100 brn|[from] brn
|upkeep
|turn|25
|
|t:|1661265484
|move|p2a: Weezing|Toxic Spikes|p1a: Weezing
|-sidestart|p1: PULT4T2 eifo|move: Toxic Spikes
|move|p1a: Weezing|Pain Split|p2a: Weezing
|-sethp|p2a: Weezing|46/100|[from] move: Pain Split|[silent]
|-sethp|p1a: Weezing|45/100 brn|[from] move: Pain Split
|
|-damage|p1a: Weezing|39/100 brn|[from] brn
|upkeep
|turn|26
|
|t:|1661265488
|switch|p2a: Gigalith|Gigalith, F, shiny|100/100
|-damage|p2a: Gigalith|88/100|[from] Stealth Rock
|-weather|Sandstorm|[from] ability: Sand Stream|[of] p2a: Gigalith
|move|p1a: Weezing|Toxic Spikes|p2a: Gigalith
|-sidestart|p2: PULT4T2 Huargensy|move: Toxic Spikes
|
|-weather|Sandstorm|[upkeep]
|-damage|p1a: Weezing|33/100 brn|[from] Sandstorm
|-heal|p2a: Gigalith|94/100|[from] item: Leftovers
|-damage|p1a: Weezing|27/100 brn|[from] brn
|upkeep
|turn|27
|
|t:|1661265491
|move|p1a: Weezing|Pain Split|p2a: Gigalith
|-sethp|p2a: Gigalith|59/100|[from] move: Pain Split|[silent]
|-sethp|p1a: Weezing|66/100 brn|[from] move: Pain Split
|move|p2a: Gigalith|Stealth Rock|p1a: Weezing
|-sidestart|p1: PULT4T2 eifo|move: Stealth Rock
|
|-weather|Sandstorm|[upkeep]
|-damage|p1a: Weezing|60/100 brn|[from] Sandstorm
|-heal|p2a: Gigalith|65/100|[from] item: Leftovers
|-damage|p1a: Weezing|54/100 brn|[from] brn
|upkeep
|turn|28
|
|t:|1661265494
|move|p1a: Weezing|Will-O-Wisp|p2a: Gigalith|[miss]
|-miss|p1a: Weezing|p2a: Gigalith
|move|p2a: Gigalith|Rock Blast|p1a: Weezing
|-damage|p1a: Weezing|47/100 brn
|-damage|p1a: Weezing|39/100 brn
|-damage|p1a: Weezing|32/100 brn
|-damage|p1a: Weezing|25/100 brn
|-hitcount|p1a: Weezing|4
|
|-weather|Sandstorm|[upkeep]
|-damage|p1a: Weezing|19/100 brn|[from] Sandstorm
|-heal|p2a: Gigalith|72/100|[from] item: Leftovers
|-damage|p1a: Weezing|13/100 brn|[from] brn
|upkeep
|turn|29
|j| Inder
|inactive|PULT4T2 eifo has 120 seconds left.
|
|t:|1661265533
|switch|p2a: Weezing|Weezing, M, shiny|46/100
|-damage|p2a: Weezing|34/100|[from] Stealth Rock
|move|p1a: Weezing|Will-O-Wisp|p2a: Weezing
|-status|p2a: Weezing|brn
|
|-weather|Sandstorm|[upkeep]
|-damage|p2a: Weezing|28/100 brn|[from] Sandstorm
|-damage|p1a: Weezing|7/100 brn|[from] Sandstorm
|-damage|p2a: Weezing|22/100 brn|[from] brn
|-damage|p1a: Weezing|1/100 brn|[from] brn
|upkeep
|turn|30
|inactive|PULT4T2 eifo has 120 seconds left.
|
|t:|1661265556
|move|p2a: Weezing|Sludge Bomb|p1a: Weezing
|-resisted|p1a: Weezing
|-damage|p1a: Weezing|0 fnt
|faint|p1a: Weezing
|
|-weather|none
|-damage|p2a: Weezing|16/100 brn|[from] brn
|upkeep
|
|t:|1661265561
|switch|p1a: Charizard|Charizard, F|26/100 psn
|turn|31
|
|t:|1661265572
|move|p1a: Charizard|Flamethrower|p2a: Weezing
|-damage|p2a: Weezing|0 fnt
|faint|p2a: Weezing
|
|-damage|p1a: Charizard|13/100 psn|[from] psn
|upkeep
|
|t:|1661265574
|switch|p2a: Gallade|Gallade, M, shiny|72/100
|-damage|p2a: Gallade|66/100|[from] Stealth Rock
|-status|p2a: Gallade|psn
|turn|32
|inactive|PULT4T2 eifo has 120 seconds left.
|
|t:|1661265617
|switch|p1a: Doublade|Doublade, M|100/100
|-damage|p1a: Doublade|94/100|[from] Stealth Rock
|move|p2a: Gallade|Close Combat|p1a: Doublade
|-immune|p1a: Doublade
|
|-damage|p2a: Gallade|54/100 psn|[from] psn
|upkeep
|turn|33
|
|t:|1661265620
|switch|p2a: Quagsire|Quagsire, M|100/100
|-damage|p2a: Quagsire|94/100|[from] Stealth Rock
|-status|p2a: Quagsire|psn
|move|p1a: Doublade|Shadow Sneak|p2a: Quagsire
|-crit|p2a: Quagsire
|-damage|p2a: Quagsire|74/100 psn
|-damage|p1a: Doublade|78/100|[from] item: Rocky Helmet|[of] p2a: Quagsire
|
|-damage|p2a: Quagsire|61/100 psn|[from] psn
|upkeep
|turn|34
|
|t:|1661265641
|switch|p1a: Audino|Audino, M|42/100 psn
|move|p2a: Quagsire|Recover|p2a: Quagsire
|-heal|p2a: Quagsire|100/100 psn
|
|-damage|p1a: Audino|30/100 psn|[from] psn
|-damage|p2a: Quagsire|88/100 psn|[from] psn
|upkeep
|turn|35
|inactive|PULT4T2 eifo has 90 seconds left.
|
|t:|1661265676
|switch|p1a: Charizard|Charizard, F|13/100 psn
|move|p2a: Quagsire|Earthquake|p1a: Charizard
|-immune|p1a: Charizard
|
|-damage|p1a: Charizard|1/100 psn|[from] psn
|-damage|p2a: Quagsire|76/100 psn|[from] psn
|upkeep
|turn|36
|
|t:|1661265687
|move|p1a: Charizard|Roost|p1a: Charizard
|-heal|p1a: Charizard|51/100 psn
|-singleturn|p1a: Charizard|move: Roost
|move|p2a: Quagsire|Scald|p1a: Charizard
|-supereffective|p1a: Charizard
|-damage|p1a: Charizard|14/100 psn
|
|-damage|p1a: Charizard|2/100 psn|[from] psn
|-damage|p2a: Quagsire|63/100 psn|[from] psn
|upkeep
|turn|37
|
|t:|1661265709
|switch|p1a: Lurantis|Lurantis, F|75/100
|-status|p1a: Lurantis|psn
|-damage|p1a: Lurantis|63/100 psn|[from] Stealth Rock
|switch|p2a: Gigalith|Gigalith, F, shiny|72/100
|-damage|p2a: Gigalith|59/100|[from] Stealth Rock
|-status|p2a: Gigalith|psn
|-weather|Sandstorm|[from] ability: Sand Stream|[of] p2a: Gigalith
|
|-weather|Sandstorm|[upkeep]
|-damage|p1a: Lurantis|57/100 psn|[from] Sandstorm
|-heal|p2a: Gigalith|65/100 psn|[from] item: Leftovers
|-damage|p1a: Lurantis|45/100 psn|[from] psn
|-damage|p2a: Gigalith|53/100 psn|[from] psn
|upkeep
|turn|38
|
|t:|1661265718
|switch|p2a: Ferroseed|Ferroseed, M, shiny|100/100
|-damage|p2a: Ferroseed|94/100|[from] Stealth Rock
|move|p1a: Lurantis|Superpower|p2a: Ferroseed
|-supereffective|p2a: Ferroseed
|-damage|p2a: Ferroseed|43/100
|-boost|p1a: Lurantis|atk|1
|-boost|p1a: Lurantis|def|1
|-damage|p1a: Lurantis|33/100 psn|[from] ability: Iron Barbs|[of] p2a: Ferroseed
|
|-weather|Sandstorm|[upkeep]
|-damage|p1a: Lurantis|26/100 psn|[from] Sandstorm
|-damage|p1a: Lurantis|14/100 psn|[from] psn
|upkeep
|turn|39
|
|t:|1661265727
|move|p2a: Ferroseed|Protect|p2a: Ferroseed
|-singleturn|p2a: Ferroseed|Protect
|move|p1a: Lurantis|Synthesis|p1a: Lurantis
|-heal|p1a: Lurantis|39/100 psn
|
|-weather|Sandstorm|[upkeep]
|-damage|p1a: Lurantis|33/100 psn|[from] Sandstorm
|-damage|p1a: Lurantis|21/100 psn|[from] psn
|upkeep
|turn|40
|
|t:|1661265740
|move|p2a: Ferroseed|Protect|p2a: Ferroseed
|-singleturn|p2a: Ferroseed|Protect
|move|p1a: Lurantis|Synthesis|p1a: Lurantis
|-heal|p1a: Lurantis|46/100 psn
|
|-weather|Sandstorm|[upkeep]
|-damage|p1a: Lurantis|40/100 psn|[from] Sandstorm
|-damage|p1a: Lurantis|28/100 psn|[from] psn
|upkeep
|turn|41
|
|t:|1661265745
|move|p1a: Lurantis|Synthesis|p1a: Lurantis
|-heal|p1a: Lurantis|53/100 psn
|move|p2a: Ferroseed|Gyro Ball|p1a: Lurantis
|-damage|p1a: Lurantis|40/100 psn
|
|-weather|none
|-damage|p1a: Lurantis|28/100 psn|[from] psn
|upkeep
|turn|42
|
|t:|1661265750
|move|p1a: Lurantis|Synthesis|p1a: Lurantis
|-heal|p1a: Lurantis|78/100 psn
|move|p2a: Ferroseed|Spikes|p1a: Lurantis
|-sidestart|p1: PULT4T2 eifo|Spikes
|
|-damage|p1a: Lurantis|66/100 psn|[from] psn
|upkeep
|turn|43
|
|t:|1661265757
|move|p1a: Lurantis|Synthesis|p1a: Lurantis
|-heal|p1a: Lurantis|100/100 psn
|move|p2a: Ferroseed|Leech Seed|p1a: Lurantis
|-immune|p1a: Lurantis
|
|-damage|p1a: Lurantis|88/100 psn|[from] psn
|upkeep
|turn|44
|
|t:|1661265767
|move|p1a: Lurantis|Superpower|p2a: Ferroseed
|-supereffective|p2a: Ferroseed
|-damage|p2a: Ferroseed|0 fnt
|-boost|p1a: Lurantis|atk|1
|-boost|p1a: Lurantis|def|1
|-damage|p1a: Lurantis|76/100 psn|[from] ability: Iron Barbs|[of] p2a: Ferroseed
|faint|p2a: Ferroseed
|
|-damage|p1a: Lurantis|64/100 psn|[from] psn
|upkeep
|-message|PULT4T2 Huargensy forfeited.
|
|win|PULT4T2 eifo
|raw|PULT4T2 eifo's rating: 1577 &rarr; <strong>1592</strong><br />(+15 for winning)
|raw|PULT4T2 Huargensy's rating: 1483 &rarr; <strong>1468</strong><br />(-15 for losing)
|l|☆PULT4T2 Huargensy
|c|☆PULT4T2 eifo|Gg
|player|p1|PULT4T2 eifo|camper
|l|☆PULT4T2 eifo
|player|p1|
|j| Squash
||Ladder isn't responding, score probably updated but might not have (Request timeout).
|l| Squash
|l| yandaud
|l| Inder
|j| kelelelel
