|j|☆cafay sen sukr
|j|☆LaymanLayman
|t:|1603694610
|player|p1|cafay sen sukr|swimmer-gen4dp|1424
|player|p2|LaymanLayman|swimmer-gen4|1362
|teamsize|p1|6
|teamsize|p2|6
|gametype|singles
|gen|8
|tier|[Gen 8] PU
|rated|
|clearpoke
|poke|p1|Silvally-*|
|poke|p1|Unfezant, F|
|poke|p1|Raichu, F|
|poke|p1|Magmar, M|
|poke|p1|Sandslash, M|
|poke|p1|Hitmonchan, M|
|poke|p2|Raboot, M|
|poke|p2|Mareanie, F|
|poke|p2|Morpeko, F|
|poke|p2|Type: Null|
|poke|p2|Kadabra, F|
|poke|p2|Stunfisk, F|
|rule|Sleep Clause Mod: Limit one foe put to sleep
|rule|Species Clause: Limit one of each Pokémon
|rule|OHKO Clause: OHKO moves are banned
|rule|Evasion Moves Clause: Evasion moves are banned
|rule|Endless Battle Clause: Forcing endless battles is banned
|rule|HP Percentage Mod: HP is shown in percentages
|rule|Dynamax Clause: You cannot dynamax
|teampreview
|inactive|Battle timer is ON: inactive players will automatically lose when time's up. (requested by LaymanLayman)
|
|t:|1603694628
|start
|switch|p1a: Sandslash|Sandslash, M|100/100
|switch|p2a: Mareanie|Mareanie, F, shiny|100/100
|turn|1
|
|t:|1603694635
|move|p1a: Sandslash|Earthquake|p2a: Mareanie
|-supereffective|p2a: Mareanie
|-damage|p2a: Mareanie|46/100
|move|p2a: Mareanie|Toxic|p1a: Sandslash
|-status|p1a: Sandslash|tox
|
|-damage|p1a: Sandslash|94/100 tox|[from] psn
|upkeep
|turn|2
|
|t:|1603694642
|switch|p2a: Morpiko|Morpeko, F, shiny|100/100
|-item|p2a: Morpiko|Air Balloon
|move|p1a: Sandslash|Earthquake|p2a: Morpiko
|-immune|p2a: Morpiko
|
|-heal|p1a: Sandslash|100/100 tox|[from] item: Leftovers
|-damage|p1a: Sandslash|88/100 tox|[from] psn
|-formechange|p2a: Morpiko|Morpeko-Hangry||[from] ability: Hunger Switch
|upkeep
|turn|3
|
|t:|1603694660
|move|p2a: Morpiko|Fake Out|p1a: Sandslash
|-damage|p1a: Sandslash|80/100 tox
|cant|p1a: Sandslash|flinch
|
|-heal|p1a: Sandslash|86/100 tox|[from] item: Leftovers
|-damage|p1a: Sandslash|67/100 tox|[from] psn
|-formechange|p2a: Morpiko|Morpeko||[from] ability: Hunger Switch
|upkeep
|turn|4
|
|t:|1603694669
|switch|p2a: Stunfusk|Stunfisk, F, shiny|100/100
|move|p1a: Sandslash|Knock Off|p2a: Stunfusk
|-damage|p2a: Stunfusk|86/100
|-enditem|p2a: Stunfusk|Leftovers|[from] move: Knock Off|[of] p1a: Sandslash
|
|-heal|p1a: Sandslash|73/100 tox|[from] item: Leftovers
|-damage|p1a: Sandslash|49/100 tox|[from] psn
|upkeep
|turn|5
|
|t:|1603694677
|move|p2a: Stunfusk|Protect|p2a: Stunfusk
|-singleturn|p2a: Stunfusk|Protect
|move|p1a: Sandslash|Stealth Rock|p2a: Stunfusk
|-sidestart|p2: LaymanLayman|move: Stealth Rock
|
|-heal|p1a: Sandslash|55/100 tox|[from] item: Leftovers
|-damage|p1a: Sandslash|24/100 tox|[from] psn
|upkeep
|turn|6
|
|t:|1603694700
|switch|p1a: Hitmonchan|Hitmonchan, M|100/100
|switch|p2a: Morpiko|Morpeko, F, shiny|100/100
|-damage|p2a: Morpiko|88/100|[from] Stealth Rock
|-item|p2a: Morpiko|Air Balloon
|
|-formechange|p2a: Morpiko|Morpeko-Hangry||[from] ability: Hunger Switch
|upkeep
|turn|7
|
|t:|1603694711
|move|p2a: Morpiko|Fake Out|p1a: Hitmonchan
|-damage|p1a: Hitmonchan|84/100
|cant|p1a: Hitmonchan|flinch
|
|-formechange|p2a: Morpiko|Morpeko||[from] ability: Hunger Switch
|upkeep
|turn|8
|
|t:|1603694717
|switch|p2a: Mareanie|Mareanie, F, shiny|80/100
|-damage|p2a: Mareanie|67/100|[from] Stealth Rock
|move|p1a: Hitmonchan|Close Combat|p2a: Mareanie
|-resisted|p2a: Mareanie
|-damage|p2a: Mareanie|46/100
|-unboost|p1a: Hitmonchan|def|1
|-unboost|p1a: Hitmonchan|spd|1
|
|upkeep
|turn|9
|
|t:|1603694725
|switch|p1a: Silvally|Silvally-Poison|100/100
|move|p2a: Mareanie|Recover|p2a: Mareanie
|-heal|p2a: Mareanie|96/100
|
|upkeep
|turn|10
|
|t:|1603694734
|switch|p2a: Stunfusk|Stunfisk, F, shiny|86/100
|-damage|p2a: Stunfusk|79/100|[from] Stealth Rock
|move|p1a: Silvally|Work Up|p1a: Silvally
|-boost|p1a: Silvally|atk|1
|-boost|p1a: Silvally|spa|1
|
|upkeep
|turn|11
|
|t:|1603694740
|move|p1a: Silvally|Grass Pledge|p2a: Stunfusk
|-supereffective|p2a: Stunfusk
|-damage|p2a: Stunfusk|26/100
|move|p2a: Stunfusk|Earth Power|p1a: Silvally
|-supereffective|p1a: Silvally
|-damage|p1a: Silvally|46/100
|
|upkeep
|turn|12
|
|t:|1603694747
|move|p2a: Stunfusk|Protect|p2a: Stunfusk
|-singleturn|p2a: Stunfusk|Protect
|move|p1a: Silvally|Flamethrower|p2a: Stunfusk
|-activate|p2a: Stunfusk|move: Protect
|
|upkeep
|turn|13
|
|t:|1603694766
|switch|p2a: Mareanie|Mareanie, F, shiny|100/100
|-damage|p2a: Mareanie|88/100|[from] Stealth Rock
|move|p1a: Silvally|Flamethrower|p2a: Mareanie
|-resisted|p2a: Mareanie
|-damage|p2a: Mareanie|63/100
|
|upkeep
|turn|14
|
|t:|1603694777
|move|p1a: Silvally|Grass Pledge|p2a: Mareanie
|-damage|p2a: Mareanie|20/100
|move|p2a: Mareanie|Recover|p2a: Mareanie
|-heal|p2a: Mareanie|70/100
|
|upkeep
|turn|15
|
|t:|1603694782
|move|p1a: Silvally|Grass Pledge|p2a: Mareanie
|-damage|p2a: Mareanie|27/100
|move|p2a: Mareanie|Knock Off|p1a: Silvally
|-damage|p1a: Silvally|35/100
|
|upkeep
|turn|16
|
|t:|1603694788
|switch|p2a: Rabbiit|Raboot, M, shiny|100/100
|move|p1a: Silvally|Grass Pledge|p2a: Rabbiit
|-resisted|p2a: Rabbiit
|-damage|p2a: Rabbiit|68/100
|
|upkeep
|turn|17
|
|t:|1603694794
|move|p1a: Silvally|Shadow Ball|p2a: Rabbiit
|-damage|p2a: Rabbiit|2/100
|move|p2a: Rabbiit|Flare Blitz|p1a: Silvally
|-damage|p1a: Silvally|0 fnt
|-damage|p2a: Rabbiit|0 fnt|[from] Recoil
|faint|p1a: Silvally
|faint|p2a: Rabbiit
|
|upkeep
|
|t:|1603694801
|switch|p1a: Raichu|Raichu, F|100/100
|switch|p2a: Mareanie|Mareanie, F, shiny|60/100
|-item|p1a: Raichu|Air Balloon
|-damage|p2a: Mareanie|48/100|[from] Stealth Rock
|turn|18
|
|t:|1603694805
|switch|p2a: Type: Nill|Type: Null, shiny|100/100
|-damage|p2a: Type: Nill|88/100|[from] Stealth Rock
|move|p1a: Raichu|Volt Switch|p2a: Type: Nill
|-damage|p2a: Type: Nill|75/100
|
|t:|1603694822
|switch|p1a: Hitmonchan|Hitmonchan, M|84/100|[from]move: Volt Switch
|
|upkeep
|turn|19
|
|t:|1603694833
|switch|p2a: Mareanie|Mareanie, F, shiny|81/100
|-damage|p2a: Mareanie|69/100|[from] Stealth Rock
|move|p1a: Hitmonchan|Power-Up Punch|p2a: Mareanie
|-resisted|p2a: Mareanie
|-damage|p2a: Mareanie|60/100
|-boost|p1a: Hitmonchan|atk|1
|
|upkeep
|turn|20
|
|t:|1603694839
|move|p1a: Hitmonchan|Close Combat|p2a: Mareanie
|-resisted|p2a: Mareanie
|-damage|p2a: Mareanie|26/100
|-unboost|p1a: Hitmonchan|def|1
|-unboost|p1a: Hitmonchan|spd|1
|move|p2a: Mareanie|Toxic|p1a: Hitmonchan
|-status|p1a: Hitmonchan|tox
|
|-damage|p1a: Hitmonchan|78/100 tox|[from] psn
|upkeep
|turn|21
|
|t:|1603694847
|switch|p2a: Stunfusk|Stunfisk, F, shiny|26/100
|-damage|p2a: Stunfusk|20/100|[from] Stealth Rock
|move|p1a: Hitmonchan|Close Combat|p2a: Stunfusk
|-damage|p2a: Stunfusk|0 fnt
|-unboost|p1a: Hitmonchan|def|1
|-unboost|p1a: Hitmonchan|spd|1
|faint|p2a: Stunfusk
|
|-damage|p1a: Hitmonchan|66/100 tox|[from] psn
|upkeep
|
|t:|1603694855
|switch|p2a: Morpiko|Morpeko, F, shiny|88/100
|-damage|p2a: Morpiko|76/100|[from] Stealth Rock
|-item|p2a: Morpiko|Air Balloon
|turn|22
|
|t:|1603694863
|switch|p1a: Sandslash|Sandslash, M|24/100 tox
|move|p2a: Morpiko|Fake Out|p1a: Sandslash
|-damage|p1a: Sandslash|15/100 tox
|
|-heal|p1a: Sandslash|22/100 tox|[from] item: Leftovers
|-damage|p1a: Sandslash|15/100 tox|[from] psn
|-formechange|p2a: Morpiko|Morpeko-Hangry||[from] ability: Hunger Switch
|upkeep
|turn|23
|
|t:|1603694880
|move|p2a: Morpiko|Rapid Spin|p1a: Sandslash
|-damage|p1a: Sandslash|4/100 tox
|-boost|p2a: Morpiko|spe|1
|-sideend|p2: LaymanLayman|Stealth Rock|[from] move: Rapid Spin|[of] p2a: Morpiko
|move|p1a: Sandslash|Knock Off|p2a: Morpiko
|-resisted|p2a: Morpiko
|-damage|p2a: Morpiko|55/100
|-enditem|p2a: Morpiko|Air Balloon
|
|-heal|p1a: Sandslash|10/100 tox|[from] item: Leftovers
|-damage|p1a: Sandslash|0 fnt|[from] psn
|faint|p1a: Sandslash
|-formechange|p2a: Morpiko|Morpeko||[from] ability: Hunger Switch
|upkeep
|
|t:|1603694884
|switch|p1a: Hitmonchan|Hitmonchan, M|66/100 tox
|turn|24
|
|t:|1603694896
|move|p2a: Morpiko|Protect|p2a: Morpiko
|-singleturn|p2a: Morpiko|Protect
|move|p1a: Hitmonchan|Mach Punch|p2a: Morpiko
|-activate|p2a: Morpiko|move: Protect
|
|-damage|p1a: Hitmonchan|59/100 tox|[from] psn
|-formechange|p2a: Morpiko|Morpeko-Hangry||[from] ability: Hunger Switch
|upkeep
|turn|25
|
|t:|1603694905
|switch|p2a: Mareanie|Mareanie, F, shiny|59/100
|switch|p1a: Raichu|Raichu, F|100/100
|-item|p1a: Raichu|Air Balloon
|
|upkeep
|turn|26
|
|t:|1603694910
|switch|p2a: Type: Nill|Type: Null, shiny|75/100
|move|p1a: Raichu|Volt Switch|p2a: Type: Nill
|-damage|p2a: Type: Nill|62/100
|
|t:|1603694912
|switch|p1a: Unfezant|Unfezant, F|100/100|[from]move: Volt Switch
|
|upkeep
|turn|27
|
|t:|1603694918
|switch|p2a: Mareanie|Mareanie, F, shiny|93/100
|move|p1a: Unfezant|Substitute|p1a: Unfezant
|-start|p1a: Unfezant|Substitute
|-damage|p1a: Unfezant|76/100
|
|upkeep
|turn|28
|
|t:|1603694922
|move|p1a: Unfezant|Brave Bird|p2a: Mareanie
|-damage|p2a: Mareanie|48/100
|-damage|p1a: Unfezant|61/100|[from] Recoil
|move|p2a: Mareanie|Knock Off|p1a: Unfezant
|-activate|p1a: Unfezant|move: Substitute|[damage]
|
|upkeep
|turn|29
|
|t:|1603694928
|move|p1a: Unfezant|Brave Bird|p2a: Mareanie
|-damage|p2a: Mareanie|4/100
|-damage|p1a: Unfezant|46/100|[from] Recoil
|move|p2a: Mareanie|Recover|p2a: Mareanie
|-heal|p2a: Mareanie|55/100
|
|upkeep
|turn|30
|
|t:|1603694933
|move|p1a: Unfezant|Roost|p1a: Unfezant
|-heal|p1a: Unfezant|96/100
|-singleturn|p1a: Unfezant|move: Roost
|move|p2a: Mareanie|Recover|p2a: Mareanie
|-heal|p2a: Mareanie|100/100
|
|upkeep
|turn|31
|
|t:|1603694940
|move|p1a: Unfezant|Brave Bird|p2a: Mareanie
|-damage|p2a: Mareanie|55/100
|-damage|p1a: Unfezant|81/100|[from] Recoil
|move|p2a: Mareanie|Knock Off|p1a: Unfezant
|-end|p1a: Unfezant|Substitute
|
|upkeep
|turn|32
|
|t:|1603694955
|switch|p2a: Morpiko|Morpeko, F, shiny|55/100
|move|p1a: Unfezant|Substitute|p1a: Unfezant
|-start|p1a: Unfezant|Substitute
|-damage|p1a: Unfezant|56/100
|
|-formechange|p2a: Morpiko|Morpeko-Hangry||[from] ability: Hunger Switch
|upkeep
|turn|33
|
|t:|1603694960
|move|p2a: Morpiko|Fake Out|p1a: Unfezant
|-activate|p1a: Unfezant|move: Substitute|[damage]
|move|p1a: Unfezant|Brave Bird|p2a: Morpiko
|-resisted|p2a: Morpiko
|-damage|p2a: Morpiko|0 fnt
|-damage|p1a: Unfezant|40/100|[from] Recoil
|faint|p2a: Morpiko
|
|upkeep
|
|t:|1603694968
|switch|p2a: Kidabra|Kadabra, F, shiny|100/100
|turn|34
|
|t:|1603694972
|move|p2a: Kidabra|Disable|p1a: Unfezant
|-start|p1a: Unfezant|Disable|Brave Bird
|move|p1a: Unfezant|Night Slash|p2a: Kidabra
|-supereffective|p2a: Kidabra
|-crit|p2a: Kidabra
|-damage|p2a: Kidabra|0 fnt
|faint|p2a: Kidabra
|
|upkeep
|
|t:|1603694976
|switch|p2a: Type: Nill|Type: Null, shiny|62/100
|turn|35
|
|t:|1603694979
|move|p1a: Unfezant|Roost|p1a: Unfezant
|-heal|p1a: Unfezant|91/100
|-singleturn|p1a: Unfezant|move: Roost
|move|p2a: Type: Nill|Crush Claw|p1a: Unfezant
|-end|p1a: Unfezant|Substitute
|
|upkeep
|turn|36
|
|t:|1603694991
|switch|p1a: Hitmonchan|Hitmonchan, M|59/100 tox
|move|p2a: Type: Nill|Toxic|p1a: Hitmonchan
|-fail|p1a: Hitmonchan|tox
|
|-damage|p1a: Hitmonchan|53/100 tox|[from] psn
|upkeep
|turn|37
|
|t:|1603694998
|move|p1a: Hitmonchan|Close Combat|p2a: Type: Nill
|-supereffective|p2a: Type: Nill
|-damage|p2a: Type: Nill|0 fnt
|-unboost|p1a: Hitmonchan|def|1
|-unboost|p1a: Hitmonchan|spd|1
|faint|p2a: Type: Nill
|
|-damage|p1a: Hitmonchan|41/100 tox|[from] psn
|upkeep
|
|t:|1603695000
|switch|p2a: Mareanie|Mareanie, F, shiny|88/100
|turn|38
|
|t:|1603695007
|move|p1a: Hitmonchan|Ice Punch|p2a: Mareanie
|-resisted|p2a: Mareanie
|-damage|p2a: Mareanie|77/100
|move|p2a: Mareanie|Knock Off|p1a: Hitmonchan
|-resisted|p1a: Hitmonchan
|-damage|p1a: Hitmonchan|25/100 tox
|-enditem|p1a: Hitmonchan|Assault Vest|[from] move: Knock Off|[of] p2a: Mareanie
|
|-damage|p1a: Hitmonchan|7/100 tox|[from] psn
|upkeep
|turn|39
|
|t:|1603695014
|move|p1a: Hitmonchan|Ice Punch|p2a: Mareanie
|-resisted|p2a: Mareanie
|-damage|p2a: Mareanie|66/100
|move|p2a: Mareanie|Recover|p2a: Mareanie
|-heal|p2a: Mareanie|100/100
|
|-damage|p1a: Hitmonchan|0 fnt|[from] psn
|faint|p1a: Hitmonchan
|upkeep
|
|t:|1603695016
|switch|p1a: Raichu|Raichu, F|100/100
|-item|p1a: Raichu|Air Balloon
|turn|40
|
|t:|1603695022
|move|p1a: Raichu|Nasty Plot|p1a: Raichu
|-boost|p1a: Raichu|spa|2
|move|p2a: Mareanie|Knock Off|p1a: Raichu
|-damage|p1a: Raichu|70/100
|-enditem|p1a: Raichu|Air Balloon
|
|upkeep
|turn|41
|
|t:|1603695027
|move|p1a: Raichu|Thunderbolt|p2a: Mareanie
|-supereffective|p2a: Mareanie
|-damage|p2a: Mareanie|0 fnt
|faint|p2a: Mareanie
|
|win|cafay sen sukr
|l|☆LaymanLayman
|raw|cafay sen sukr's rating: 1424 &rarr; <strong>1441</strong><br />(+17 for winning)
|raw|LaymanLayman's rating: 1362 &rarr; <strong>1346</strong><br />(-16 for losing)
