|j|☆diseased rodent
|j|☆sugar ovens
|t:|1632609219
|gametype|singles
|player|p1|diseased rodent|spenser-gen3|
|player|p2|sugar ovens|265|
|teamsize|p1|6
|teamsize|p2|6
|gen|8
|tier|[Gen 8] PU
|rated|Tournament battle
|rule|Sleep Clause Mod: Limit one foe put to sleep
|rule|Species Clause: Limit one of each Pokémon
|rule|OHKO Clause: OHKO moves are banned
|rule|Evasion Moves Clause: Evasion moves are banned
|rule|Endless Battle Clause: Forcing endless battles is banned
|rule|HP Percentage Mod: HP is shown in percentages
|rule|Dynamax Clause: You cannot dynamax
|clearpoke
|poke|p1|Absol, M|
|poke|p1|Ferroseed, F|
|poke|p1|Regirock|
|poke|p1|Articuno-Galar|
|poke|p1|Passimian, F|
|poke|p1|Silvally-*|
|poke|p2|Altaria, M|
|poke|p2|Aggron, M|
|poke|p2|Tsareena, F|
|poke|p2|Charizard, M|
|poke|p2|Ribombee, F|
|poke|p2|Sandaconda, F|
|teampreview
|c|☆diseased rodent|gl
|c|☆sugar ovens|hf
|j| gy34g43g3
|
|t:|1632609255
|start
|switch|p1a: Articuno|Articuno-Galar|100/100
|switch|p2a: Altaria|Altaria, M|100/100
|turn|1
|
|t:|1632609260
|switch|p2a: Aggron|Aggron, M|100/100
|move|p1a: Articuno|Future Sight|p2a: Aggron
|-start|p1a: Articuno|move: Future Sight
|
|upkeep
|turn|2
|
|t:|1632609268
|move|p1a: Articuno|U-turn|p2a: Aggron
|-resisted|p2a: Aggron
|-damage|p2a: Aggron|97/100
|
|t:|1632609270
|switch|p1a: Ferroseed|Ferroseed, F|100/100|[from]move: U-turn
|move|p2a: Aggron|Stealth Rock|p1a: Ferroseed
|-sidestart|p1: diseased rodent|move: Stealth Rock
|
|-heal|p2a: Aggron|100/100|[from] item: Leftovers
|upkeep
|turn|3
|
|t:|1632609273
|move|p2a: Aggron|Body Press|p1a: Ferroseed
|-supereffective|p1a: Ferroseed
|-damage|p1a: Ferroseed|61/100
|-damage|p2a: Aggron|88/100|[from] ability: Iron Barbs|[of] p1a: Ferroseed
|move|p1a: Ferroseed|Spikes|p2a: Aggron
|-sidestart|p2: sugar ovens|Spikes
|
|-end|p2a: Aggron|move: Future Sight
|-resisted|p2a: Aggron
|-damage|p2a: Aggron|45/100
|-heal|p2a: Aggron|51/100|[from] item: Leftovers
|upkeep
|turn|4
|
|t:|1632609283
|move|p2a: Aggron|Body Press|p1a: Ferroseed
|-supereffective|p1a: Ferroseed
|-damage|p1a: Ferroseed|23/100
|-damage|p2a: Aggron|39/100|[from] ability: Iron Barbs|[of] p1a: Ferroseed
|move|p1a: Ferroseed|Leech Seed|p2a: Aggron
|-start|p2a: Aggron|move: Leech Seed
|
|-heal|p2a: Aggron|45/100|[from] item: Leftovers
|-damage|p2a: Aggron|33/100|[from] Leech Seed|[of] p1a: Ferroseed
|-heal|p1a: Ferroseed|37/100|[silent]
|upkeep
|turn|5
|
|t:|1632609287
|switch|p2a: Charizard|Charizard, M|100/100
|switch|p1a: Silvally|Silvally-Fairy|100/100
|-damage|p1a: Silvally|88/100|[from] Stealth Rock
|
|upkeep
|turn|6
|
|t:|1632609301
|switch|p1a: Regirock|Regirock|100/100
|-damage|p1a: Regirock|88/100|[from] Stealth Rock
|move|p2a: Charizard|Flamethrower|p1a: Regirock
|-resisted|p1a: Regirock
|-crit|p1a: Regirock
|-damage|p1a: Regirock|60/100
|
|-heal|p1a: Regirock|66/100|[from] item: Leftovers
|upkeep
|turn|7
|
|t:|1632609307
|switch|p2a: Sandaconda|Sandaconda, F|100/100
|-damage|p2a: Sandaconda|88/100|[from] Spikes
|move|p1a: Regirock|Stealth Rock|p2a: Sandaconda
|-sidestart|p2: sugar ovens|move: Stealth Rock
|
|-heal|p1a: Regirock|72/100|[from] item: Leftovers
|upkeep
|turn|8
|
|t:|1632609315
|switch|p1a: Ferroseed|Ferroseed, F|37/100
|-damage|p1a: Ferroseed|31/100|[from] Stealth Rock
|move|p2a: Sandaconda|Stone Edge|p1a: Ferroseed
|-resisted|p1a: Ferroseed
|-damage|p1a: Ferroseed|23/100
|
|upkeep
|turn|9
|
|t:|1632609320
|switch|p2a: Altaria|Altaria, M|100/100
|move|p1a: Ferroseed|Leech Seed|p2a: Altaria
|-start|p2a: Altaria|move: Leech Seed
|
|-damage|p2a: Altaria|88/100|[from] Leech Seed|[of] p1a: Ferroseed
|-heal|p1a: Ferroseed|38/100|[silent]
|upkeep
|turn|10
|
|t:|1632609323
|move|p2a: Altaria|Fire Spin|p1a: Ferroseed
|-supereffective|p1a: Ferroseed
|-damage|p1a: Ferroseed|16/100
|-activate|p1a: Ferroseed|move: Fire Spin|[of] p2a: Altaria
|move|p1a: Ferroseed|Knock Off|p2a: Altaria
|-damage|p2a: Altaria|78/100
|-enditem|p2a: Altaria|Heavy-Duty Boots|[from] move: Knock Off|[of] p1a: Ferroseed
|
|-damage|p2a: Altaria|65/100|[from] Leech Seed|[of] p1a: Ferroseed
|-heal|p1a: Ferroseed|31/100|[silent]
|-damage|p1a: Ferroseed|19/100|[from] move: Fire Spin|[partiallytrapped]
|upkeep
|turn|11
|
|t:|1632609328
|move|p2a: Altaria|Defog|p1a: Ferroseed
|-unboost|p1a: Ferroseed|evasion|1
|-sideend|p1: diseased rodent|Stealth Rock|[from] move: Defog|[of] p2a: Altaria
|-sideend|p2: sugar ovens|Spikes|[from] move: Defog|[of] p2a: Altaria
|-sideend|p2: sugar ovens|Stealth Rock|[from] move: Defog|[of] p2a: Altaria
|move|p1a: Ferroseed|Spikes|p2a: Altaria
|-sidestart|p2: sugar ovens|Spikes
|
|-damage|p2a: Altaria|53/100|[from] Leech Seed|[of] p1a: Ferroseed
|-heal|p1a: Ferroseed|34/100|[silent]
|-damage|p1a: Ferroseed|21/100|[from] move: Fire Spin|[partiallytrapped]
|upkeep
|turn|12
|
|t:|1632609331
|move|p2a: Altaria|Defog|p1a: Ferroseed
|-unboost|p1a: Ferroseed|evasion|1
|-sideend|p2: sugar ovens|Spikes|[from] move: Defog|[of] p2a: Altaria
|move|p1a: Ferroseed|Spikes|p2a: Altaria
|-sidestart|p2: sugar ovens|Spikes
|
|-damage|p2a: Altaria|41/100|[from] Leech Seed|[of] p1a: Ferroseed
|-heal|p1a: Ferroseed|36/100|[silent]
|-damage|p1a: Ferroseed|24/100|[from] move: Fire Spin|[partiallytrapped]
|upkeep
|turn|13
|
|t:|1632609333
|move|p2a: Altaria|Fire Spin|p1a: Ferroseed
|-supereffective|p1a: Ferroseed
|-damage|p1a: Ferroseed|4/100
|move|p1a: Ferroseed|Spikes|p2a: Altaria
|-sidestart|p2: sugar ovens|Spikes
|
|-damage|p2a: Altaria|28/100|[from] Leech Seed|[of] p1a: Ferroseed
|-heal|p1a: Ferroseed|19/100|[silent]
|-damage|p1a: Ferroseed|6/100|[from] move: Fire Spin|[partiallytrapped]
|upkeep
|turn|14
|
|t:|1632609336
|move|p2a: Altaria|Defog|p1a: Ferroseed
|-unboost|p1a: Ferroseed|evasion|1
|-sideend|p2: sugar ovens|Spikes|[from] move: Defog|[of] p2a: Altaria
|move|p1a: Ferroseed|Spikes|p2a: Altaria
|-sidestart|p2: sugar ovens|Spikes
|
|-damage|p2a: Altaria|16/100|[from] Leech Seed|[of] p1a: Ferroseed
|-heal|p1a: Ferroseed|21/100|[silent]
|-damage|p1a: Ferroseed|9/100|[from] move: Fire Spin|[partiallytrapped]
|upkeep
|turn|15
|
|t:|1632609339
|move|p2a: Altaria|Fire Spin|p1a: Ferroseed
|-supereffective|p1a: Ferroseed
|-damage|p1a: Ferroseed|0 fnt
|faint|p1a: Ferroseed
|
|upkeep
|
|t:|1632609346
|switch|p1a: Articuno|Articuno-Galar|100/100
|turn|16
|
|t:|1632609354
|switch|p2a: Sandaconda|Sandaconda, F|88/100
|-damage|p2a: Sandaconda|76/100|[from] Spikes
|move|p1a: Articuno|Hurricane|p2a: Sandaconda
|-damage|p2a: Sandaconda|0 fnt
|faint|p2a: Sandaconda
|
|upkeep
|
|t:|1632609364
|switch|p2a: Charizard|Charizard, M|100/100
|turn|17
|
|t:|1632609369
|switch|p1a: Regirock|Regirock|72/100
|move|p2a: Charizard|Hurricane|p1a: Regirock|[miss]
|-miss|p2a: Charizard|p1a: Regirock
|
|-heal|p1a: Regirock|79/100|[from] item: Leftovers
|upkeep
|turn|18
|
|t:|1632609375
|switch|p2a: Altaria|Altaria, M|16/100
|move|p1a: Regirock|Stealth Rock|p2a: Altaria
|-sidestart|p2: sugar ovens|move: Stealth Rock
|
|-heal|p1a: Regirock|85/100|[from] item: Leftovers
|upkeep
|turn|19
|
|t:|1632609379
|move|p2a: Altaria|Defog|p1a: Regirock
|-fail|p1a: Regirock|unboost|[from] ability: Clear Body|[of] p1a: Regirock
|-sideend|p2: sugar ovens|Spikes|[from] move: Defog|[of] p2a: Altaria
|-sideend|p2: sugar ovens|Stealth Rock|[from] move: Defog|[of] p2a: Altaria
|move|p1a: Regirock|Rock Blast|p2a: Altaria
|-supereffective|p2a: Altaria
|-damage|p2a: Altaria|0 fnt
|faint|p2a: Altaria
|-hitcount|p2: Altaria|1
|
|-heal|p1a: Regirock|91/100|[from] item: Leftovers
|upkeep
|
|t:|1632609382
|switch|p2a: Tsareena|Tsareena, F|100/100
|turn|20
|
|t:|1632609387
|move|p2a: Tsareena|Power Whip|p1a: Regirock
|-supereffective|p1a: Regirock
|-damage|p1a: Regirock|43/100
|move|p1a: Regirock|Stealth Rock|p2a: Tsareena
|-sidestart|p2: sugar ovens|move: Stealth Rock
|
|-heal|p1a: Regirock|49/100|[from] item: Leftovers
|upkeep
|turn|21
|
|t:|1632609390
|switch|p1a: Articuno|Articuno-Galar|100/100
|move|p2a: Tsareena|Knock Off|p1a: Articuno
|-supereffective|p1a: Articuno
|-damage|p1a: Articuno|26/100
|-enditem|p1a: Articuno|Heavy-Duty Boots|[from] move: Knock Off|[of] p2a: Tsareena
|
|upkeep
|turn|22
|
|t:|1632609394
|switch|p2a: Charizard|Charizard, M|100/100
|move|p1a: Articuno|Recover|p1a: Articuno
|-heal|p1a: Articuno|76/100
|
|upkeep
|turn|23
|
|t:|1632609400
|switch|p1a: Regirock|Regirock|49/100
|move|p2a: Charizard|Flamethrower|p1a: Regirock
|-resisted|p1a: Regirock
|-damage|p1a: Regirock|30/100
|
|-heal|p1a: Regirock|36/100|[from] item: Leftovers
|upkeep
|turn|24
|
|t:|1632609404
|switch|p2a: Tsareena|Tsareena, F|100/100
|move|p1a: Regirock|Toxic|p2a: Tsareena
|-status|p2a: Tsareena|tox
|
|-heal|p1a: Regirock|42/100|[from] item: Leftovers
|-damage|p2a: Tsareena|95/100 tox|[from] psn
|upkeep
|turn|25
|
|t:|1632609414
|switch|p1a: Articuno|Articuno-Galar|76/100
|move|p2a: Tsareena|Power Whip|p1a: Articuno
|-resisted|p1a: Articuno
|-damage|p1a: Articuno|38/100
|
|-damage|p2a: Tsareena|83/100 tox|[from] psn
|upkeep
|turn|26
|
|t:|1632609416
|move|p1a: Articuno|Recover|p1a: Articuno
|-heal|p1a: Articuno|88/100
|move|p2a: Tsareena|U-turn|p1a: Articuno
|-damage|p1a: Articuno|58/100
|
|t:|1632609418
|switch|p2a: Charizard|Charizard, M|100/100|[from]move: U-turn
|
|upkeep
|turn|27
|
|t:|1632609438
|switch|p1a: Regirock|Regirock|42/100
|move|p2a: Charizard|Earthquake|p1a: Regirock
|-supereffective|p1a: Regirock
|-damage|p1a: Regirock|26/100
|
|-heal|p1a: Regirock|32/100|[from] item: Leftovers
|upkeep
|turn|28
|
|t:|1632609445
|switch|p2a: Aggron|Aggron, M|33/100
|-damage|p2a: Aggron|27/100|[from] Stealth Rock
|move|p1a: Regirock|Rock Blast|p2a: Aggron|[miss]
|-miss|p1a: Regirock|p2a: Aggron
|
|-heal|p2a: Aggron|33/100|[from] item: Leftovers
|-heal|p1a: Regirock|38/100|[from] item: Leftovers
|upkeep
|turn|29
|
|t:|1632609454
|move|p2a: Aggron|Head Smash|p1a: Regirock
|-damage|p1a: Regirock|7/100
|move|p1a: Regirock|Body Press|p2a: Aggron
|-supereffective|p2a: Aggron
|-damage|p2a: Aggron|0 fnt
|faint|p2a: Aggron
|
|-heal|p1a: Regirock|13/100|[from] item: Leftovers
|upkeep
|j| atrociousinternet
|
|t:|1632609462
|switch|p2a: Charizard|Charizard, M|100/100
|turn|30
|
|t:|1632609465
|move|p2a: Charizard|Earthquake|p1a: Regirock
|-supereffective|p1a: Regirock
|-damage|p1a: Regirock|0 fnt
|faint|p1a: Regirock
|
|upkeep
|
|t:|1632609468
|switch|p1a: Passimian|Passimian, F|100/100
|turn|31
|
|t:|1632609475
|move|p1a: Passimian|U-turn|p2a: Charizard
|-resisted|p2a: Charizard
|-damage|p2a: Charizard|93/100
|
|t:|1632609477
|switch|p1a: Silvally|Silvally-Fairy|88/100|[from]move: U-turn
|move|p2a: Charizard|Flamethrower|p1a: Silvally
|-damage|p1a: Silvally|51/100
|
|upkeep
|turn|32
|
|t:|1632609481
|move|p2a: Charizard|Hurricane|p1a: Silvally|[miss]
|-miss|p2a: Charizard|p1a: Silvally
|move|p1a: Silvally|Parting Shot|p2a: Charizard
|-unboost|p2a: Charizard|atk|1
|-unboost|p2a: Charizard|spa|1
|
|t:|1632609484
|switch|p1a: Passimian|Passimian, F|100/100|[from]move: Parting Shot
|
|upkeep
|turn|33
|
|t:|1632609488
|switch|p2a: Tsareena|Tsareena, F|83/100 tox
|move|p1a: Passimian|Rock Slide|p2a: Tsareena
|-damage|p2a: Tsareena|55/100 tox
|
|-damage|p2a: Tsareena|49/100 tox|[from] psn
|upkeep
|turn|34
|
|t:|1632609496
|switch|p1a: Silvally|Silvally-Fairy|51/100
|move|p2a: Tsareena|Power Whip|p1a: Silvally
|-damage|p1a: Silvally|3/100
|
|-damage|p2a: Tsareena|37/100 tox|[from] psn
|upkeep
|turn|35
|
|t:|1632609504
|move|p1a: Silvally|Multi-Attack|p2a: Tsareena
|-damage|p2a: Tsareena|0 fnt
|faint|p2a: Tsareena
|
|upkeep
|
|t:|1632609507
|switch|p2a: Ribombee|Ribombee, F|100/100
|turn|36
|
|t:|1632609511
|move|p2a: Ribombee|Quiver Dance|p2a: Ribombee
|-boost|p2a: Ribombee|spa|1
|-boost|p2a: Ribombee|spd|1
|-boost|p2a: Ribombee|spe|1
|move|p1a: Silvally|Roar|p2a: Ribombee
|drag|p2a: Charizard|Charizard, M|93/100
|
|upkeep
|turn|37
|
|t:|1632609518
|move|p2a: Charizard|Flamethrower|p1a: Silvally
|-damage|p1a: Silvally|0 fnt
|faint|p1a: Silvally
|
|upkeep
|
|t:|1632609522
|switch|p1a: Passimian|Passimian, F|100/100
|turn|38
|
|t:|1632609527
|move|p1a: Passimian|Rock Slide|p2a: Charizard
|-supereffective|p2a: Charizard
|-damage|p2a: Charizard|0 fnt
|faint|p2a: Charizard
|
|upkeep
|
|t:|1632609529
|switch|p2a: Ribombee|Ribombee, F|100/100
|turn|39
|
|t:|1632609532
|move|p1a: Passimian|Rock Slide|p2a: Ribombee|[miss]
|-miss|p1a: Passimian|p2a: Ribombee
|move|p2a: Ribombee|Quiver Dance|p2a: Ribombee
|-boost|p2a: Ribombee|spa|1
|-boost|p2a: Ribombee|spd|1
|-boost|p2a: Ribombee|spe|1
|
|upkeep
|turn|40
|c|☆diseased rodent|;
|
|t:|1632609540
|move|p2a: Ribombee|Moonblast|p1a: Passimian
|-supereffective|p1a: Passimian
|-damage|p1a: Passimian|0 fnt
|faint|p1a: Passimian
|
|upkeep
|
|t:|1632609543
|switch|p1a: Articuno|Articuno-Galar|58/100
|turn|41
|
|t:|1632609545
|move|p2a: Ribombee|Quiver Dance|p2a: Ribombee
|-boost|p2a: Ribombee|spa|1
|-boost|p2a: Ribombee|spd|1
|-boost|p2a: Ribombee|spe|1
|move|p1a: Articuno|Hurricane|p2a: Ribombee|[miss]
|-miss|p1a: Articuno|p2a: Ribombee
|
|upkeep
|turn|42
|
|t:|1632609548
|move|p2a: Ribombee|Moonblast|p1a: Articuno
|-damage|p1a: Articuno|0 fnt
|faint|p1a: Articuno
|
|upkeep
|
|t:|1632609550
|switch|p1a: Absol|Absol, M|100/100
|turn|43
|
|t:|1632609552
|move|p2a: Ribombee|Moonblast|p1a: Absol
|-supereffective|p1a: Absol
|-crit|p1a: Absol
|-damage|p1a: Absol|0 fnt
|faint|p1a: Absol
|
|win|sugar ovens
|n|☆diseased rodent|diseasedrodent
|n|☆sugar ovens|sugarovens
|n| gy34g43g3|gy34g43g3
|n| atrociousinternet|atrociousinternet
