|j|☆aardappeleter
|j|☆Eesturn
|t:|1656793931
|gametype|singles
|player|p1|aardappeleter|pokemaniac|1234
|player|p2|Eesturn|bellelba|1354
|teamsize|p1|6
|teamsize|p2|6
|gen|8
|tier|[Gen 8] PU
|rated|
|rule|Sleep Clause Mod: Limit one foe put to sleep
|rule|Species Clause: Limit one of each Pokémon
|rule|OHKO Clause: OHKO moves are banned
|rule|Evasion Moves Clause: Evasion moves are banned
|rule|Endless Battle Clause: Forcing endless battles is banned
|rule|HP Percentage Mod: HP is shown in percentages
|rule|Dynamax Clause: You cannot dynamax
|clearpoke
|poke|p1|Glastrier|
|poke|p1|Audino, M|
|poke|p1|Comfey, M|
|poke|p1|Wishiwashi, M|
|poke|p1|Cursola, M|
|poke|p1|Slowpoke, F|
|poke|p2|Ribombee, M|
|poke|p2|Claydol|
|poke|p2|Scrafty, F|
|poke|p2|Charizard, M|
|poke|p2|Ferroseed, M|
|poke|p2|Lanturn, M|
|teampreview
|inactive|Battle timer is ON: inactive players will automatically lose when time's up. (requested by aardappeleter)
|
|t:|1656793948
|start
|switch|p1a: Purple bitch|Audino, M, shiny|100/100
|switch|p2a: Lanturn|Lanturn, M|100/100
|turn|1
|
|t:|1656793953
|move|p2a: Lanturn|Volt Switch|p1a: Purple bitch
|-damage|p1a: Purple bitch|87/100
|
|t:|1656793956
|switch|p2a: Ferroseed|Ferroseed, M|100/100|[from]move: Volt Switch
|move|p1a: Purple bitch|Knock Off|p2a: Ferroseed
|-damage|p2a: Ferroseed|92/100
|-damage|p1a: Purple bitch|74/100|[from] ability: Iron Barbs|[of] p2a: Ferroseed
|-enditem|p2a: Ferroseed|Eviolite|[from] move: Knock Off|[of] p1a: Purple bitch
|
|-heal|p1a: Purple bitch|80/100|[from] item: Leftovers
|upkeep
|turn|2
|
|t:|1656793965
|move|p1a: Purple bitch|Fire Blast|p2a: Ferroseed
|-supereffective|p2a: Ferroseed
|-damage|p2a: Ferroseed|5/100
|move|p2a: Ferroseed|Leech Seed|p1a: Purple bitch|[miss]
|-miss|p2a: Ferroseed|p1a: Purple bitch
|
|-heal|p1a: Purple bitch|86/100|[from] item: Leftovers
|upkeep
|turn|3
|j| 8th Hokage Killua
|
|t:|1656793975
|switch|p2a: Lanturn|Lanturn, M|100/100
|move|p1a: Purple bitch|Fire Blast|p2a: Lanturn
|-resisted|p2a: Lanturn
|-damage|p2a: Lanturn|96/100
|-status|p2a: Lanturn|brn
|
|-heal|p2a: Lanturn|100/100 brn|[from] item: Leftovers
|-heal|p1a: Purple bitch|92/100|[from] item: Leftovers
|-damage|p2a: Lanturn|94/100 brn|[from] brn
|upkeep
|turn|4
|
|t:|1656793986
|move|p2a: Lanturn|Scald|p1a: Purple bitch
|-damage|p1a: Purple bitch|77/100
|move|p1a: Purple bitch|Trick Room|p1a: Purple bitch
|-fieldstart|move: Trick Room|[of] p1a: Purple bitch
|
|-heal|p1a: Purple bitch|83/100|[from] item: Leftovers
|-heal|p2a: Lanturn|100/100 brn|[from] item: Leftovers
|-damage|p2a: Lanturn|94/100 brn|[from] brn
|upkeep
|turn|5
|
|t:|1656793998
|switch|p1a: Plant|Comfey, M|100/100
|move|p2a: Lanturn|Volt Switch|p1a: Plant
|-damage|p1a: Plant|81/100
|
|t:|1656794003
|switch|p2a: Charizard|Charizard, M|100/100|[from]move: Volt Switch
|
|upkeep
|turn|6
|
|t:|1656794011
|move|p1a: Plant|Leech Seed|p2a: Charizard|[miss]
|-miss|p1a: Plant|p2a: Charizard
|move|p2a: Charizard|Flamethrower|p1a: Plant
|-damage|p1a: Plant|40/100
|
|upkeep
|turn|7
|
|t:|1656794020
|switch|p1a: Mo|Wishiwashi, M|100/100
|-formechange|p1a: Mo|Wishiwashi-School||[from] ability: Schooling
|move|p2a: Charizard|Flamethrower|p1a: Mo
|-resisted|p1a: Mo
|-damage|p1a: Mo|83/100
|
|upkeep
|turn|8
|
|t:|1656794029
|switch|p2a: Ferroseed|Ferroseed, M|5/100
|move|p1a: Mo|Flip Turn|p2a: Ferroseed
|-resisted|p2a: Ferroseed
|-damage|p2a: Ferroseed|0 fnt
|-damage|p1a: Mo|71/100|[from] ability: Iron Barbs|[of] p2a: Ferroseed
|faint|p2a: Ferroseed
|
|t:|1656794033
|switch|p1a: Purple bitch|Audino, M, shiny|100/100|[from]move: Flip Turn
|
|-fieldend|move: Trick Room
|upkeep
|
|t:|1656794039
|switch|p2a: Scrafty|Scrafty, F|100/100
|turn|9
|
|t:|1656794046
|move|p2a: Scrafty|Bulk Up|p2a: Scrafty
|-boost|p2a: Scrafty|atk|1
|-boost|p2a: Scrafty|def|1
|move|p1a: Purple bitch|Wish|p1a: Purple bitch
|
|upkeep
|turn|10
|
|t:|1656794051
|move|p2a: Scrafty|Knock Off|p1a: Purple bitch
|-damage|p1a: Purple bitch|59/100
|-enditem|p1a: Purple bitch|Leftovers|[from] move: Knock Off|[of] p2a: Scrafty
|move|p1a: Purple bitch|Knock Off|p2a: Scrafty
|-resisted|p2a: Scrafty
|-damage|p2a: Scrafty|99/100
|-enditem|p2a: Scrafty|Leftovers|[from] move: Knock Off|[of] p1a: Purple bitch
|
|-heal|p1a: Purple bitch|100/100|[from] move: Wish|[wisher] Purple bitch
|upkeep
|turn|11
|
|t:|1656794060
|move|p2a: Scrafty|Bulk Up|p2a: Scrafty
|-boost|p2a: Scrafty|atk|1
|-boost|p2a: Scrafty|def|1
|move|p1a: Purple bitch|Wish|p1a: Purple bitch
|
|upkeep
|turn|12
|
|t:|1656794065
|switch|p1a: Plant|Comfey, M|40/100
|move|p2a: Scrafty|Knock Off|p1a: Plant
|-resisted|p1a: Plant
|-damage|p1a: Plant|0 fnt
|-enditem|p1a: Plant|Big Root|[from] move: Knock Off|[of] p2a: Scrafty
|faint|p1a: Plant
|
|upkeep
|c|☆aardappeleter|Fuck
|
|t:|1656794087
|switch|p1a: Purple bitch|Audino, M, shiny|100/100
|turn|13
|
|t:|1656794090
|move|p2a: Scrafty|Drain Punch|p1a: Purple bitch
|-supereffective|p1a: Purple bitch
|-damage|p1a: Purple bitch|15/100
|-heal|p2a: Scrafty|100/100|[from] drain|[of] p1a: Purple bitch
|move|p1a: Purple bitch|Trick Room|p1a: Purple bitch
|-fieldstart|move: Trick Room|[of] p1a: Purple bitch
|
|upkeep
|turn|14
|
|t:|1656794097
|move|p1a: Purple bitch|Fire Blast|p2a: Scrafty
|-crit|p2a: Scrafty
|-damage|p2a: Scrafty|81/100
|-status|p2a: Scrafty|brn
|move|p2a: Scrafty|Knock Off|p1a: Purple bitch
|-damage|p1a: Purple bitch|0 fnt
|faint|p1a: Purple bitch
|
|-activate|p2a: Scrafty|ability: Shed Skin
|-curestatus|p2a: Scrafty|brn|[msg]
|upkeep
|
|t:|1656794116
|switch|p1a: Koraalrip|Cursola, M|100/100
|turn|15
|
|t:|1656794122
|move|p1a: Koraalrip|Hydro Pump|p2a: Scrafty|[miss]
|-miss|p1a: Koraalrip|p2a: Scrafty
|move|p2a: Scrafty|Knock Off|p1a: Koraalrip
|-supereffective|p1a: Koraalrip
|-damage|p1a: Koraalrip|0 fnt
|-ability|p1a: Koraalrip|Perish Body
|-enditem|p1a: Koraalrip|Choice Specs|[from] move: Knock Off|[of] p2a: Scrafty
|faint|p1a: Koraalrip
|
|-start|p2a: Scrafty|perish3
|upkeep
|c| 8th Hokage Killua|yikes
|c|☆aardappeleter|Whyyy
|
|t:|1656794135
|switch|p1a: Amerigo|Glastrier|100/100
|turn|16
|
|t:|1656794140
|move|p1a: Amerigo|Icicle Crash|p2a: Scrafty
|-damage|p2a: Scrafty|59/100
|cant|p2a: Scrafty|flinch
|
|-start|p2a: Scrafty|perish2
|upkeep
|turn|17
|
|t:|1656794146
|move|p1a: Amerigo|Icicle Crash|p2a: Scrafty
|-crit|p2a: Scrafty
|-damage|p2a: Scrafty|0 fnt
|faint|p2a: Scrafty
|-ability|p1a: Amerigo|Chilling Neigh|boost
|-boost|p1a: Amerigo|atk|1
|
|-fieldend|move: Trick Room
|upkeep
|c|☆aardappeleter|Ooh
|
|t:|1656794153
|switch|p2a: Charizard|Charizard, M|100/100
|turn|18
|
|t:|1656794157
|move|p2a: Charizard|Flamethrower|p1a: Amerigo
|-supereffective|p1a: Amerigo
|-damage|p1a: Amerigo|61/100
|move|p1a: Amerigo|Icicle Crash|p2a: Charizard
|-damage|p2a: Charizard|0 fnt
|faint|p2a: Charizard
|-ability|p1a: Amerigo|Chilling Neigh|boost
|-boost|p1a: Amerigo|atk|1
|
|upkeep
|
|t:|1656794165
|switch|p2a: Lanturn|Lanturn, M|94/100 brn
|turn|19
|
|t:|1656794170
|move|p2a: Lanturn|Scald|p1a: Amerigo
|-damage|p1a: Amerigo|51/100
|move|p1a: Amerigo|High Horsepower|p2a: Lanturn
|-supereffective|p2a: Lanturn
|-damage|p2a: Lanturn|0 fnt
|faint|p2a: Lanturn
|-ability|p1a: Amerigo|Chilling Neigh|boost
|-boost|p1a: Amerigo|atk|1
|
|upkeep
|
|t:|1656794178
|switch|p2a: Claydol|Claydol|100/100
|turn|20
|
|t:|1656794181
|move|p2a: Claydol|Body Press|p1a: Amerigo
|-supereffective|p1a: Amerigo
|-damage|p1a: Amerigo|12/100
|move|p1a: Amerigo|Icicle Crash|p2a: Claydol
|-supereffective|p2a: Claydol
|-damage|p2a: Claydol|0 fnt
|faint|p2a: Claydol
|-ability|p1a: Amerigo|Chilling Neigh|boost
|-boost|p1a: Amerigo|atk|1
|
|upkeep
|c|☆Eesturn|gg i lose now
|
|t:|1656794190
|switch|p2a: Ribombee|Ribombee, M|100/100
|turn|21
|c|☆aardappeleter|What?
|c|☆aardappeleter|Wow
|
|t:|1656794198
|move|p2a: Ribombee|Energy Ball|p1a: Amerigo
|-damage|p1a: Amerigo|0 fnt
|faint|p1a: Amerigo
|
|upkeep
|
|t:|1656794201
|switch|p1a: Big boi|Slowpoke, F, shiny|100/100
|turn|22
|
|t:|1656794204
|move|p2a: Ribombee|Energy Ball|p1a: Big boi
|-supereffective|p1a: Big boi
|-damage|p1a: Big boi|11/100
|move|p1a: Big boi|Yawn|p2a: Ribombee
|-start|p2a: Ribombee|move: Yawn|[of] p1a: Big boi
|
|upkeep
|turn|23
|
|t:|1656794211
|move|p2a: Ribombee|Energy Ball|p1a: Big boi
|-supereffective|p1a: Big boi
|-damage|p1a: Big boi|0 fnt
|faint|p1a: Big boi
|
|-end|p2a: Ribombee|move: Yawn|[silent]
|-status|p2a: Ribombee|slp
|upkeep
|
|t:|1656794213
|switch|p1a: Mo|Wishiwashi, M|71/100
|-formechange|p1a: Mo|Wishiwashi-School||[from] ability: Schooling
|turn|24
|
|t:|1656794220
|cant|p2a: Ribombee|slp
|move|p1a: Mo|Liquidation|p2a: Ribombee
|-damage|p2a: Ribombee|0 fnt
|faint|p2a: Ribombee
|
|win|aardappeleter
|raw|aardappeleter's rating: 1234 &rarr; <strong>1267</strong><br />(+33 for winning)
|raw|Eesturn's rating: 1354 &rarr; <strong>1327</strong><br />(-27 for losing)
