|j|☆ThesisStatement7
|j|☆AwesomePU
|t:|1655925176
|gametype|singles
|player|p1|ThesisStatement7|sabrina|1209
|player|p2|AwesomePU|brycenman|1307
|teamsize|p1|6
|teamsize|p2|6
|gen|8
|tier|[Gen 8] PU
|rated|
|rule|Sleep Clause Mod: Limit one foe put to sleep
|rule|Species Clause: Limit one of each Pokémon
|rule|OHKO Clause: OHKO moves are banned
|rule|Evasion Moves Clause: Evasion moves are banned
|rule|Endless Battle Clause: Forcing endless battles is banned
|rule|HP Percentage Mod: HP is shown in percentages
|rule|Dynamax Clause: You cannot dynamax
|clearpoke
|poke|p1|Uxie|
|poke|p1|Perrserker, F|
|poke|p1|Glastrier|
|poke|p1|Ribombee, F|
|poke|p1|Electivire, F|
|poke|p1|Articuno-Galar|
|poke|p2|Cradily, F|
|poke|p2|Aromatisse, F|
|poke|p2|Aggron, M|
|poke|p2|Claydol|
|poke|p2|Lanturn, M|
|poke|p2|Absol, M|
|teampreview
|inactive|Battle timer is ON: inactive players will automatically lose when time's up. (requested by AwesomePU)
|
|t:|1655925209
|start
|switch|p1a: Uxie|Uxie, shiny|100/100
|switch|p2a: Fish God|Lanturn, M|100/100
|turn|1
|
|t:|1655925223
|move|p2a: Fish God|Volt Switch|p1a: Uxie
|-damage|p1a: Uxie|79/100
|
|t:|1655925231
|switch|p2a: Daru|Claydol|100/100|[from]move: Volt Switch
|move|p1a: Uxie|Trick Room|p1a: Uxie
|-fieldstart|move: Trick Room|[of] p1a: Uxie
|
|upkeep
|turn|2
|
|t:|1655925233
|move|p2a: Daru|Psychic|p1a: Uxie
|-resisted|p1a: Uxie
|-damage|p1a: Uxie|70/100
|move|p1a: Uxie|U-turn|p2a: Daru
|-supereffective|p2a: Daru
|-crit|p2a: Daru
|-damage|p2a: Daru|55/100
|-damage|p1a: Uxie|60/100|[from] item: Life Orb
|
|t:|1655925251
|switch|p1a: Glastrier|Glastrier|100/100|[from]move: U-turn
|
|upkeep
|turn|3
|
|t:|1655925258
|switch|p2a: Fish God|Lanturn, M|100/100
|move|p1a: Glastrier|Crunch|p2a: Fish God
|-damage|p2a: Fish God|46/100
|-damage|p1a: Glastrier|91/100|[from] item: Life Orb
|
|upkeep
|turn|4
|
|t:|1655925270
|switch|p2a: Princess|Aromatisse, F|100/100
|move|p1a: Glastrier|Crunch|p2a: Princess
|-resisted|p2a: Princess
|-damage|p2a: Princess|84/100
|-damage|p1a: Glastrier|81/100|[from] item: Life Orb
|
|-heal|p2a: Princess|90/100|[from] item: Leftovers
|upkeep
|turn|5
|
|t:|1655925276
|move|p2a: Princess|Wish|p2a: Princess
|move|p1a: Glastrier|Icicle Crash|p2a: Princess
|-damage|p2a: Princess|40/100
|-damage|p1a: Glastrier|71/100|[from] item: Life Orb
|
|-heal|p2a: Princess|46/100|[from] item: Leftovers
|-fieldend|move: Trick Room
|upkeep
|turn|6
|
|t:|1655925283
|switch|p1a: Uxie|Uxie, shiny|60/100
|move|p2a: Princess|Protect||[still]
|-fail|p2a: Princess
|
|-heal|p2a: Princess|96/100|[from] move: Wish|[wisher] Princess
|-heal|p2a: Princess|100/100|[from] item: Leftovers
|upkeep
|turn|7
|
|t:|1655925287
|move|p2a: Princess|Moonblast|p1a: Uxie
|-damage|p1a: Uxie|34/100
|move|p1a: Uxie|Trick Room|p1a: Uxie
|-fieldstart|move: Trick Room|[of] p1a: Uxie
|
|upkeep
|turn|8
|
|t:|1655925291
|move|p2a: Princess|Moonblast|p1a: Uxie
|-damage|p1a: Uxie|10/100
|move|p1a: Uxie|Stealth Rock|p2a: Princess
|-sidestart|p2: AwesomePU|move: Stealth Rock
|
|upkeep
|turn|9
|
|t:|1655925303
|switch|p1a: Perrserker|Perrserker, F|100/100
|move|p2a: Princess|Wish|p2a: Princess
|
|upkeep
|turn|10
|
|t:|1655925313
|switch|p2a: Fish God|Lanturn, M|46/100
|-damage|p2a: Fish God|34/100|[from] Stealth Rock
|move|p1a: Perrserker|Seed Bomb|p2a: Fish God
|-supereffective|p2a: Fish God
|-damage|p2a: Fish God|0 fnt
|faint|p2a: Fish God
|-damage|p1a: Perrserker|91/100|[from] item: Life Orb
|
|upkeep
|
|t:|1655925328
|switch|p2a: Daru|Claydol|55/100
|-damage|p2a: Daru|48/100|[from] Stealth Rock
|turn|11
|
|t:|1655925331
|move|p1a: Perrserker|Seed Bomb|p2a: Daru
|-supereffective|p2a: Daru
|-damage|p2a: Daru|0 fnt
|faint|p2a: Daru
|-damage|p1a: Perrserker|81/100|[from] item: Life Orb
|
|-fieldend|move: Trick Room
|upkeep
|
|t:|1655925338
|switch|p2a: Reaper|Absol, M|100/100
|-damage|p2a: Reaper|88/100|[from] Stealth Rock
|turn|12
|
|t:|1655925346
|move|p2a: Reaper|Swords Dance|p2a: Reaper
|-boost|p2a: Reaper|atk|2
|move|p1a: Perrserker|Play Rough|p2a: Reaper|[miss]
|-miss|p1a: Perrserker|p2a: Reaper
|
|upkeep
|turn|13
|c|☆AwesomePU|o
|
|t:|1655925352
|move|p2a: Reaper|Knock Off|p1a: Perrserker
|-crit|p1a: Perrserker
|-damage|p1a: Perrserker|0 fnt
|-enditem|p1a: Perrserker|Life Orb|[from] move: Knock Off|[of] p2a: Reaper
|faint|p1a: Perrserker
|
|upkeep
|
|t:|1655925357
|switch|p1a: Ribombee|Ribombee, F, shiny|100/100
|turn|14
|
|t:|1655925362
|move|p2a: Reaper|Sucker Punch||[still]
|-fail|p2a: Reaper
|move|p1a: Ribombee|Tailwind|p1a: Ribombee
|-sidestart|p1: ThesisStatement7|move: Tailwind
|
|upkeep
|turn|15
|
|t:|1655925366
|move|p2a: Reaper|Sucker Punch|p1a: Ribombee
|-resisted|p1a: Ribombee
|-damage|p1a: Ribombee|31/100
|move|p1a: Ribombee|Moonblast|p2a: Reaper
|-supereffective|p2a: Reaper
|-damage|p2a: Reaper|0 fnt
|faint|p2a: Reaper
|-damage|p1a: Ribombee|21/100|[from] item: Life Orb
|
|upkeep
|
|t:|1655925370
|switch|p2a: A GG ron|Aggron, M|100/100
|-damage|p2a: A GG ron|94/100|[from] Stealth Rock
|turn|16
|
|t:|1655925374
|switch|p1a: Uxie|Uxie, shiny|10/100
|move|p2a: A GG ron|Heavy Slam|p1a: Uxie
|-damage|p1a: Uxie|0 fnt
|faint|p1a: Uxie
|
|upkeep
|
|t:|1655925390
|switch|p1a: Electivire|Electivire, F, shiny|100/100
|turn|17
|
|t:|1655925396
|switch|p2a: Princess|Aromatisse, F|100/100
|-damage|p2a: Princess|88/100|[from] Stealth Rock
|move|p1a: Electivire|Earthquake|p2a: Princess
|-damage|p2a: Princess|55/100
|-damage|p1a: Electivire|91/100|[from] item: Life Orb
|
|-heal|p2a: Princess|61/100|[from] item: Leftovers
|-sideend|p1: ThesisStatement7|move: Tailwind
|upkeep
|turn|18
|
|t:|1655925403
|move|p1a: Electivire|Wild Charge|p2a: Princess
|-damage|p2a: Princess|10/100
|-damage|p1a: Electivire|73/100|[from] Recoil
|-damage|p1a: Electivire|63/100|[from] item: Life Orb
|move|p2a: Princess|Wish|p2a: Princess
|
|-heal|p2a: Princess|16/100|[from] item: Leftovers
|upkeep
|turn|19
|
|t:|1655925420
|move|p2a: Princess|Protect|p2a: Princess
|-singleturn|p2a: Princess|Protect
|move|p1a: Electivire|Ice Punch|p2a: Princess
|-activate|p2a: Princess|move: Protect
|
|-heal|p2a: Princess|66/100|[from] move: Wish|[wisher] Princess
|-heal|p2a: Princess|72/100|[from] item: Leftovers
|upkeep
|turn|20
|
|t:|1655925423
|move|p1a: Electivire|Ice Punch|p2a: Princess
|-damage|p2a: Princess|47/100
|-damage|p1a: Electivire|53/100|[from] item: Life Orb
|move|p2a: Princess|Moonblast|p1a: Electivire
|-damage|p1a: Electivire|8/100
|
|-heal|p2a: Princess|53/100|[from] item: Leftovers
|upkeep
|turn|21
|
|t:|1655925429
|move|p1a: Electivire|Wild Charge|p2a: Princess
|-damage|p2a: Princess|8/100
|-damage|p1a: Electivire|0 fnt|[from] Recoil
|faint|p1a: Electivire
|move|p2a: Princess|Wish|p2a: Princess
|
|-heal|p2a: Princess|15/100|[from] item: Leftovers
|upkeep
|
|t:|1655925435
|switch|p1a: Articuno|Articuno-Galar|100/100
|turn|22
|
|t:|1655925442
|switch|p2a: A GG ron|Aggron, M|94/100
|-damage|p2a: A GG ron|88/100|[from] Stealth Rock
|move|p1a: Articuno|Hurricane|p2a: A GG ron
|-resisted|p2a: A GG ron
|-damage|p2a: A GG ron|55/100
|-damage|p1a: Articuno|91/100|[from] item: Life Orb
|
|-heal|p2a: A GG ron|100/100|[from] move: Wish|[wisher] Princess
|upkeep
|turn|23
|
|t:|1655925468
|move|p2a: A GG ron|Head Smash|p1a: Articuno
|-supereffective|p1a: Articuno
|-damage|p1a: Articuno|0 fnt
|faint|p1a: Articuno
|
|upkeep
|
|t:|1655925471
|switch|p1a: Glastrier|Glastrier|71/100
|turn|24
|
|t:|1655925474
|move|p2a: A GG ron|Head Smash|p1a: Glastrier|[miss]
|-miss|p2a: A GG ron|p1a: Glastrier
|move|p1a: Glastrier|Close Combat|p2a: A GG ron
|-supereffective|p2a: A GG ron
|-damage|p2a: A GG ron|0 fnt
|-unboost|p1a: Glastrier|def|1
|-unboost|p1a: Glastrier|spd|1
|faint|p2a: A GG ron
|-ability|p1a: Glastrier|Chilling Neigh|boost
|-boost|p1a: Glastrier|atk|1
|-damage|p1a: Glastrier|61/100|[from] item: Life Orb
|
|upkeep
|c|☆AwesomePU|pain
|
|t:|1655925480
|switch|p2a: Baedily|Cradily, F|100/100
|-damage|p2a: Baedily|88/100|[from] Stealth Rock
|turn|25
|
|t:|1655925483
|move|p2a: Baedily|Rock Slide|p1a: Glastrier
|-supereffective|p1a: Glastrier
|-damage|p1a: Glastrier|13/100
|move|p1a: Glastrier|Icicle Crash|p2a: Baedily
|-supereffective|p2a: Baedily
|-damage|p2a: Baedily|0 fnt
|faint|p2a: Baedily
|-ability|p1a: Glastrier|Chilling Neigh|boost
|-boost|p1a: Glastrier|atk|1
|-damage|p1a: Glastrier|3/100|[from] item: Life Orb
|
|upkeep
|
|t:|1655925488
|switch|p2a: Princess|Aromatisse, F|15/100
|-damage|p2a: Princess|2/100|[from] Stealth Rock
|turn|26
|
|t:|1655925492
|move|p1a: Glastrier|Crunch|p2a: Princess
|-resisted|p2a: Princess
|-damage|p2a: Princess|0 fnt
|faint|p2a: Princess
|-damage|p1a: Glastrier|0 fnt|[from] item: Life Orb
|faint|p1a: Glastrier
|
|win|ThesisStatement7
|raw|ThesisStatement7's rating: 1209 &rarr; <strong>1241</strong><br />(+32 for winning)
|raw|AwesomePU's rating: 1307 &rarr; <strong>1282</strong><br />(-25 for losing)
|c|☆ThesisStatement7|Gg
|l|☆AwesomePU
||Ladder isn't responding, score probably updated but might not have (Request timeout).
