|j|☆uult1 Somalia
|j|☆Just a jk
|player|p1|uult1 Somalia|emmet|
|player|p2|Just a jk|twins-gen4dp|
|teamsize|p1|6
|teamsize|p2|6
|gametype|singles
|gen|8
|tier|[Gen 8] PU
|rated|Tournament battle
|clearpoke
|poke|p1|Heatmor, M|
|poke|p1|Bellossom, F|
|poke|p1|Crustle, M|
|poke|p1|Falinks|
|poke|p1|Linoone-Galar, M|
|poke|p1|Pikachu, F|
|poke|p2|Pincurchin, F|
|poke|p2|Solosis, M|
|poke|p2|Slowpoke, F|
|poke|p2|Heatmor, M|
|poke|p2|Musharna, M|
|poke|p2|Sudowoodo, M|
|rule|Sleep Clause Mod: Limit one foe put to sleep
|rule|Species Clause: Limit one of each Pokémon
|rule|OHKO Clause: OHKO moves are banned
|rule|Evasion Moves Clause: Evasion moves are banned
|rule|Endless Battle Clause: Forcing endless battles is banned
|rule|HP Percentage Mod: HP is shown in percentages
|rule|Dynamax Clause: You cannot dynamax
|teampreview
|c|☆uult1 Somalia|hf
|inactive|Battle timer is ON: inactive players will automatically lose when time's up. (requested by uult1 Somalia)
|j| 20goingonimmortal
|c|☆Just a jk|Hf
|
|start
|switch|p1a: EVIL CRAB|Crustle, M|100/100
|switch|p2a: Musharna|Musharna, M|100/100
|turn|1
|
|move|p1a: EVIL CRAB|Stealth Rock|p2a: Musharna
|-sidestart|p2: Just a jk|move: Stealth Rock
|move|p2a: Musharna|Trick Room|p2a: Musharna
|-fieldstart|move: Trick Room|[of] p2a: Musharna
|
|upkeep
|turn|2
|
|move|p2a: Musharna|Psychic|p1a: EVIL CRAB
|-damage|p1a: EVIL CRAB|54/100
|move|p1a: EVIL CRAB|Spikes|p2a: Musharna
|-sidestart|p2: Just a jk|Spikes
|
|upkeep
|turn|3
|j| MasterSodium
|l| MasterSodium
|inactive|uult1 Somalia has 120 seconds left.
|
|move|p2a: Musharna|Curse|p2a: Musharna
|-unboost|p2a: Musharna|spe|1
|-boost|p2a: Musharna|atk|1
|-boost|p2a: Musharna|def|1
|-enditem|p2a: Musharna|Eject Pack
|
|switch|p2a: Heatmor|Heatmor, M|100/100
|-enditem|p2a: Heatmor|Room Service
|-unboost|p2a: Heatmor|spe|1|[from] item: Room Service
|-damage|p2a: Heatmor|76/100|[from] Stealth Rock
|-damage|p2a: Heatmor|64/100|[from] Spikes
|move|p1a: EVIL CRAB|Spikes|p2a: Heatmor
|-sidestart|p2: Just a jk|Spikes
|
|upkeep
|turn|4
|c|☆uult1 Somalia|oh
|c|☆uult1 Somalia|!dt room service
|raw|<ul class="utilichart"><li class="result"><span class="col itemiconcol"><psicon item="roomservice"></span> <span class="col namecol"><a href="https://dex.pokemonshowdown.com/items/roomservice">Room Service</a></span> <span class="col itemdesccol">If Trick Room is active, the holder's Speed is lowered by 1 stage. Single use.</span> </li><li style="clear:both"></li></ul>
|raw|<font size="1"><font color="#686868">Gen:</font> 8&nbsp;|&ThickSpace;<font color="#686868">Fling Base Power:</font> 100</font>

|j| MasterSodium
|inactive|uult1 Somalia has 120 seconds left.
|
|switch|p1a: EVIL CREEP|Heatmor, M, shiny|100/100
|move|p2a: Heatmor|Flamethrower|p1a: EVIL CREEP
|-start|p1a: EVIL CREEP|ability: Flash Fire
|
|upkeep
|turn|5
|l| MasterSodium
|
|move|p2a: Heatmor|Scorching Sands|p1a: EVIL CREEP
|-supereffective|p1a: EVIL CREEP
|-damage|p1a: EVIL CREEP|34/100
|move|p1a: EVIL CREEP|Knock Off|p2a: Heatmor
|-crit|p2a: Heatmor
|-damage|p2a: Heatmor|20/100
|
|-fieldend|move: Trick Room
|upkeep
|turn|6
|inactive|uult1 Somalia has 120 seconds left.
|
|-end|p1a: EVIL CREEP|ability: Flash Fire|[silent]
|switch|p1a: EVIL CRAB|Crustle, M|54/100
|move|p2a: Heatmor|Scorching Sands|p1a: EVIL CRAB
|-damage|p1a: EVIL CRAB|20/100
|
|upkeep
|turn|7
|j| confide
|inactive|uult1 Somalia has 90 seconds left.
|j| Its_Basir
|
|move|p1a: EVIL CRAB|Spikes|p2a: Heatmor
|-sidestart|p2: Just a jk|Spikes
|move|p2a: Heatmor|Scorching Sands|p1a: EVIL CRAB
|-damage|p1a: EVIL CRAB|0 fnt
|faint|p1a: EVIL CRAB
|
|upkeep
|c| confide|thats a tiny team
|
|switch|p1a: EVIL BADGER|Linoone-Galar, M|100/100
|turn|8
|c| confide|Just a jk
|c| confide|cute ;w;
|
|move|p1a: EVIL BADGER|Knock Off|p2a: Heatmor
|-damage|p2a: Heatmor|0 fnt
|faint|p2a: Heatmor
|
|-status|p1a: EVIL BADGER|tox|[from] item: Toxic Orb
|upkeep
|
|switch|p2a: Musharna|Musharna, M|100/100
|-damage|p2a: Musharna|75/100|[from] Spikes
|-damage|p2a: Musharna|63/100|[from] Stealth Rock
|turn|9
|
|move|p1a: EVIL BADGER|Taunt|p2a: Musharna
|-start|p2a: Musharna|move: Taunt
|cant|p2a: Musharna|move: Taunt|Trick Room
|
|-damage|p1a: EVIL BADGER|94/100 tox|[from] psn
|upkeep
|turn|10
|
|move|p1a: EVIL BADGER|Parting Shot|p2a: Musharna
|-unboost|p2a: Musharna|atk|1
|-unboost|p2a: Musharna|spa|1
|
|switch|p1a: EVIL CREEP|Heatmor, M, shiny|34/100|[from]move: Parting Shot
|move|p2a: Musharna|Psychic|p1a: EVIL CREEP
|-damage|p1a: EVIL CREEP|0 fnt
|faint|p1a: EVIL CREEP
|
|upkeep
|
|switch|p1a: EVIL BADGER|Linoone-Galar, M|94/100 tox
|turn|11
|
|move|p1a: EVIL BADGER|Knock Off|p2a: Musharna
|-supereffective|p2a: Musharna
|-damage|p2a: Musharna|31/100
|move|p2a: Musharna|Moonblast|p1a: EVIL BADGER
|-supereffective|p1a: EVIL BADGER
|-damage|p1a: EVIL BADGER|43/100 tox
|
|-damage|p1a: EVIL BADGER|37/100 tox|[from] psn
|-end|p2a: Musharna|move: Taunt
|upkeep
|turn|12
|inactive|uult1 Somalia has 120 seconds left.
|
|move|p1a: EVIL BADGER|Knock Off|p2a: Musharna
|-supereffective|p2a: Musharna
|-damage|p2a: Musharna|0 fnt
|faint|p2a: Musharna
|
|-damage|p1a: EVIL BADGER|24/100 tox|[from] psn
|upkeep
|
|switch|p2a: Pincurchin|Pincurchin, F|100/100
|-damage|p2a: Pincurchin|88/100|[from] Stealth Rock
|-damage|p2a: Pincurchin|64/100|[from] Spikes
|-fieldstart|move: Electric Terrain|[from] ability: Electric Surge|[of] p2a: Pincurchin
|turn|13
|
|move|p2a: Pincurchin|Sucker Punch||[still]
|-fail|p2a: Pincurchin
|move|p1a: EVIL BADGER|Taunt|p2a: Pincurchin
|-start|p2a: Pincurchin|move: Taunt
|
|-damage|p1a: EVIL BADGER|6/100 tox|[from] psn
|upkeep
|turn|14
|
|move|p2a: Pincurchin|Sucker Punch||[still]
|-fail|p2a: Pincurchin
|move|p1a: EVIL BADGER|Parting Shot|p2a: Pincurchin
|-unboost|p2a: Pincurchin|atk|1
|-unboost|p2a: Pincurchin|spa|1
|
|switch|p1a: EVIL WITCH|Bellossom, F, shiny|100/100|[from]move: Parting Shot
|
|upkeep
|turn|15
|
|move|p1a: EVIL WITCH|Quiver Dance|p1a: EVIL WITCH
|-boost|p1a: EVIL WITCH|spa|1
|-boost|p1a: EVIL WITCH|spd|1
|-boost|p1a: EVIL WITCH|spe|1
|move|p2a: Pincurchin|Self-Destruct|p1a: EVIL WITCH
|-damage|p1a: EVIL WITCH|36/100
|faint|p2a: Pincurchin
|
|upkeep
|
|switch|p2a: Solosis|Solosis, M|100/100
|turn|16
|
|move|p1a: EVIL WITCH|Sleep Powder|p2a: Solosis|[miss]
|-miss|p1a: EVIL WITCH|p2a: Solosis
|move|p2a: Solosis|Trick Room|p2a: Solosis
|-fieldstart|move: Trick Room|[of] p2a: Solosis
|
|upkeep
|turn|17
|j| gorex
|
|move|p2a: Solosis|Psychic|p1a: EVIL WITCH
|-damage|p1a: EVIL WITCH|0 fnt
|faint|p1a: EVIL WITCH
|
|-fieldend|move: Electric Terrain
|upkeep
|
|switch|p1a: EVIL RAT|Pikachu, F|100/100
|turn|18
|
|move|p2a: Solosis|Protect|p2a: Solosis
|-singleturn|p2a: Solosis|Protect
|move|p1a: EVIL RAT|Fake Out|p2a: Solosis
|-activate|p2a: Solosis|move: Protect
|
|upkeep
|turn|19
|j| lucqq
|inactive|uult1 Somalia has 120 seconds left.
|
|switch|p1a: EVIL BADGER|Linoone-Galar, M|6/100 tox
|move|p2a: Solosis|Psychic|p1a: EVIL BADGER
|-immune|p1a: EVIL BADGER
|
|-damage|p1a: EVIL BADGER|0 fnt|[from] psn
|faint|p1a: EVIL BADGER
|upkeep
|inactive|uult1 Somalia has 90 seconds left.
|
|switch|p1a: EVIL RAT|Pikachu, F|100/100
|turn|20
|
|move|p2a: Solosis|Protect|p2a: Solosis
|-singleturn|p2a: Solosis|Protect
|move|p1a: EVIL RAT|Fake Out|p2a: Solosis
|-activate|p2a: Solosis|move: Protect
|
|-fieldend|move: Trick Room
|upkeep
|turn|21
|
|move|p1a: EVIL RAT|Knock Off|p2a: Solosis
|-supereffective|p2a: Solosis
|-enditem|p2a: Solosis|Focus Sash
|-damage|p2a: Solosis|1/100
|move|p2a: Solosis|Trick Room|p2a: Solosis
|-fieldstart|move: Trick Room|[of] p2a: Solosis
|
|upkeep
|turn|22
|
|move|p1a: EVIL RAT|Extreme Speed|p2a: Solosis
|-damage|p2a: Solosis|0 fnt
|faint|p2a: Solosis
|
|upkeep
|
|switch|p2a: Sudowoodo|Sudowoodo, M|100/100
|-damage|p2a: Sudowoodo|88/100|[from] Stealth Rock
|-damage|p2a: Sudowoodo|63/100|[from] Spikes
|turn|23
|
|switch|p1a: EVIL WORM|Falinks|100/100
|move|p2a: Sudowoodo|Wood Hammer|p1a: EVIL WORM
|-damage|p1a: EVIL WORM|55/100
|
|upkeep
|turn|24
|inactive|uult1 Somalia has 120 seconds left.
|inactive|uult1 Somalia has 90 seconds left.
|inactive|uult1 Somalia has 60 seconds left.
|
|move|p2a: Sudowoodo|Wood Hammer|p1a: EVIL WORM
|-damage|p1a: EVIL WORM|10/100
|move|p1a: EVIL WORM|Close Combat|p2a: Sudowoodo
|-supereffective|p2a: Sudowoodo
|-damage|p2a: Sudowoodo|0 fnt
|-unboost|p1a: EVIL WORM|def|1
|-unboost|p1a: EVIL WORM|spd|1
|-damage|p1a: EVIL WORM|0 fnt|[from] item: Life Orb
|faint|p2a: Sudowoodo
|faint|p1a: EVIL WORM
|
|upkeep
|
|switch|p2a: Slowpoke|Slowpoke, F|100/100
|switch|p1a: EVIL RAT|Pikachu, F|100/100
|-damage|p2a: Slowpoke|76/100|[from] Spikes
|-damage|p2a: Slowpoke|63/100|[from] Stealth Rock
|turn|25
|c|☆Just a jk|Ggs
|
|move|p1a: EVIL RAT|Fake Out|p2a: Slowpoke
|-crit|p2a: Slowpoke
|-damage|p2a: Slowpoke|49/100
|cant|p2a: Slowpoke|flinch
|
|-fieldend|move: Trick Room
|upkeep
|turn|26
|
|move|p1a: EVIL RAT|Volt Switch|p2a: Slowpoke
|-supereffective|p2a: Slowpoke
|-damage|p2a: Slowpoke|0 fnt
|faint|p2a: Slowpoke
|
|win|uult1 Somalia
