|j|☆derpeddeath
|j|☆karrakarra
|t:|1603047747
|player|p1|derpeddeath|youngn|
|player|p2|karrakarra|saturn|
|teamsize|p1|6
|teamsize|p2|6
|gametype|singles
|gen|8
|tier|[Gen 8] PU
|rated|Tournament battle
|clearpoke
|poke|p1|Liepard, M|
|poke|p1|Runerigus, M|
|poke|p1|Alcremie, F|
|poke|p1|Klinklang|
|poke|p1|Cramorant, F|
|poke|p1|Appletun, M|
|poke|p2|Roselia, F|
|poke|p2|Luxray, M|
|poke|p2|Golduck, M|
|poke|p2|Emolga, M|
|poke|p2|Liepard, F|
|poke|p2|Glaceon, F|
|rule|Sleep Clause Mod: Limit one foe put to sleep
|rule|Species Clause: Limit one of each Pokémon
|rule|OHKO Clause: OHKO moves are banned
|rule|Evasion Moves Clause: Evasion moves are banned
|rule|Endless Battle Clause: Forcing endless battles is banned
|rule|HP Percentage Mod: HP is shown in percentages
|rule|Dynamax Clause: You cannot dynamax
|teampreview
|j| jaytop31
|j| TheHungrySnorlax
|
|t:|1603047766
|start
|switch|p1a: Liepard|Liepard, M|100/100
|switch|p2a: Luxray|Luxray, M|100/100
|-ability|p2a: Luxray|Intimidate|boost
|-unboost|p1a: Liepard|atk|1
|turn|1
|
|t:|1603047774
|move|p1a: Liepard|U-turn|p2a: Luxray
|-damage|p2a: Luxray|81/100
|
|t:|1603047789
|switch|p1a: Runerigus|Runerigus, M|100/100|[from]move: U-turn
|move|p2a: Luxray|Superpower|p1a: Runerigus
|-immune|p1a: Runerigus
|
|-heal|p2a: Luxray|87/100|[from] item: Leftovers
|upkeep
|turn|2
|
|t:|1603047797
|move|p2a: Luxray|Toxic|p1a: Runerigus
|-status|p1a: Runerigus|tox
|move|p1a: Runerigus|Stealth Rock|p2a: Luxray
|-sidestart|p2: karrakarra|move: Stealth Rock
|
|-heal|p2a: Luxray|93/100|[from] item: Leftovers
|-damage|p1a: Runerigus|94/100 tox|[from] psn
|upkeep
|turn|3
|j|+Jungwolf Fox ㋛
|
|t:|1603047802
|switch|p2a: Emolga|Emolga, M|100/100
|move|p1a: Runerigus|Earthquake|p2a: Emolga
|-immune|p2a: Emolga
|
|-damage|p1a: Runerigus|82/100 tox|[from] psn
|upkeep
|turn|4
|
|t:|1603047811
|switch|p1a: Liepard|Liepard, M|100/100
|move|p2a: Emolga|Defog|p1a: Liepard
|-unboost|p1a: Liepard|evasion|1
|-sideend|p2: karrakarra|Stealth Rock|[from] move: Defog|[of] p2a: Emolga
|
|upkeep
|turn|5
|
|t:|1603047820
|switch|p2a: Golduck|Golduck, M|100/100
|-ability|p2a: Golduck|Cloud Nine
|move|p1a: Liepard|Knock Off|p2a: Golduck
|-damage|p2a: Golduck|53/100
|-enditem|p2a: Golduck|Sitrus Berry|[from] move: Knock Off|[of] p1a: Liepard
|
|upkeep
|turn|6
|
|t:|1603047825
|switch|p1a: Appletun|Appletun, M|100/100
|move|p2a: Golduck|Flip Turn|p1a: Appletun
|-resisted|p1a: Appletun
|-damage|p1a: Appletun|96/100
|
|t:|1603047832
|switch|p2a: Glaceon|Glaceon, F|100/100|[from]move: Flip Turn
|
|-heal|p1a: Appletun|100/100|[from] item: Leftovers
|upkeep
|turn|7
|
|t:|1603047837
|switch|p1a: Klinklang|Klinklang|100/100
|move|p2a: Glaceon|Shadow Ball|p1a: Klinklang
|-damage|p1a: Klinklang|56/100
|
|-heal|p1a: Klinklang|63/100|[from] item: Leftovers
|upkeep
|turn|8
|
|t:|1603047846
|switch|p2a: Emolga|Emolga, M|100/100
|move|p1a: Klinklang|Protect||[still]
|-fail|p1a: Klinklang
|
|-heal|p1a: Klinklang|69/100|[from] item: Leftovers
|upkeep
|turn|9
|
|t:|1603047848
|move|p1a: Klinklang|Toxic|p2a: Emolga
|-status|p2a: Emolga|tox
|move|p2a: Emolga|U-turn|p1a: Klinklang
|-resisted|p1a: Klinklang
|-damage|p1a: Klinklang|62/100
|
|t:|1603047871
|switch|p2a: Luxray|Luxray, M|93/100|[from]move: U-turn
|-ability|p2a: Luxray|Intimidate|boost
|-fail|p1a: Klinklang|unboost|[from] ability: Clear Body|[of] p1a: Klinklang
|
|-heal|p1a: Klinklang|68/100|[from] item: Leftovers
|-heal|p2a: Luxray|99/100|[from] item: Leftovers
|upkeep
|turn|10
|
|t:|1603047877
|move|p1a: Klinklang|Protect|p1a: Klinklang
|-singleturn|p1a: Klinklang|Protect
|move|p2a: Luxray|Wild Charge|p1a: Klinklang
|-activate|p1a: Klinklang|move: Protect
|
|-heal|p1a: Klinklang|75/100|[from] item: Leftovers
|-heal|p2a: Luxray|100/100|[from] item: Leftovers
|upkeep
|turn|11
|
|t:|1603047884
|switch|p1a: Runerigus|Runerigus, M|82/100 tox
|switch|p2a: Golduck|Golduck, M|53/100
|-ability|p2a: Golduck|Cloud Nine
|
|-damage|p1a: Runerigus|75/100 tox|[from] psn
|upkeep
|turn|12
|
|t:|1603047888
|move|p2a: Golduck|Flip Turn|p1a: Runerigus
|-supereffective|p1a: Runerigus
|-damage|p1a: Runerigus|51/100 tox
|-activate|p1a: Runerigus|ability: Wandering Spirit|Cloud Nine|Wandering Spirit|[of] p2a: Golduck
|-ability|p1a: Runerigus|Cloud Nine
|
|t:|1603047905
|switch|p2a: Glaceon|Glaceon, F|100/100|[from]move: Flip Turn
|move|p1a: Runerigus|Stealth Rock|p2a: Glaceon
|-sidestart|p2: karrakarra|move: Stealth Rock
|
|-damage|p1a: Runerigus|39/100 tox|[from] psn
|upkeep
|turn|13
|
|t:|1603047916
|switch|p1a: Klinklang|Klinklang|75/100
|move|p2a: Glaceon|Ice Beam|p1a: Klinklang
|-resisted|p1a: Klinklang
|-damage|p1a: Klinklang|35/100
|
|-heal|p1a: Klinklang|41/100|[from] item: Leftovers
|upkeep
|turn|14
|
|t:|1603047932
|switch|p2a: Golduck|Golduck, M|53/100
|-damage|p2a: Golduck|40/100|[from] Stealth Rock
|-ability|p2a: Golduck|Cloud Nine
|move|p1a: Klinklang|Gear Grind|p2a: Golduck
|-resisted|p2a: Golduck
|-damage|p2a: Golduck|33/100
|-resisted|p2a: Golduck
|-damage|p2a: Golduck|26/100
|-hitcount|p2a: Golduck|2
|
|-heal|p1a: Klinklang|47/100|[from] item: Leftovers
|upkeep
|turn|15
|j| Kopsyeet
|l|☆karrakarra
|player|p2|
|j|☆karrakarra
|player|p2|karrakarra|saturn
|
|t:|1603047976
|move|p1a: Klinklang|Protect|p1a: Klinklang
|-singleturn|p1a: Klinklang|Protect
|move|p2a: Golduck|Flip Turn|p1a: Klinklang
|-activate|p1a: Klinklang|move: Protect
|
|-heal|p1a: Klinklang|53/100|[from] item: Leftovers
|upkeep
|turn|16
|
|t:|1603047990
|move|p1a: Klinklang|Gear Grind|p2a: Golduck
|-resisted|p2a: Golduck
|-damage|p2a: Golduck|18/100
|-resisted|p2a: Golduck
|-damage|p2a: Golduck|11/100
|-hitcount|p2a: Golduck|2
|move|p2a: Golduck|Scald|p1a: Klinklang
|-damage|p1a: Klinklang|28/100
|-status|p1a: Klinklang|brn
|
|-heal|p1a: Klinklang|34/100 brn|[from] item: Leftovers
|-damage|p1a: Klinklang|28/100 brn|[from] brn
|upkeep
|turn|17
|
|t:|1603047995
|move|p1a: Klinklang|Gear Grind|p2a: Golduck
|-resisted|p2a: Golduck
|-damage|p2a: Golduck|7/100
|-resisted|p2a: Golduck
|-damage|p2a: Golduck|4/100
|-hitcount|p2a: Golduck|2
|move|p2a: Golduck|Flip Turn|p1a: Klinklang
|-damage|p1a: Klinklang|10/100 brn
|
|t:|1603048008
|switch|p2a: Liepard|Liepard, F|100/100|[from]move: Flip Turn
|-damage|p2a: Liepard|88/100|[from] Stealth Rock
|
|-heal|p1a: Klinklang|17/100 brn|[from] item: Leftovers
|-damage|p1a: Klinklang|10/100 brn|[from] brn
|upkeep
|turn|18
|
|t:|1603048012
|move|p2a: Liepard|Knock Off|p1a: Klinklang
|-crit|p1a: Klinklang
|-damage|p1a: Klinklang|0 fnt
|-enditem|p1a: Klinklang|Leftovers|[from] move: Knock Off|[of] p2a: Liepard
|faint|p1a: Klinklang
|
|upkeep
|
|t:|1603048014
|switch|p1a: Liepard|Liepard, M|100/100
|turn|19
|
|t:|1603048017
|move|p1a: Liepard|U-turn|p2a: Liepard
|-supereffective|p2a: Liepard
|-damage|p2a: Liepard|0 fnt
|faint|p2a: Liepard
|
|t:|1603048021
|switch|p1a: Cramorant|Cramorant, F|100/100|[from]move: U-turn
|
|upkeep
|
|t:|1603048032
|switch|p2a: Emolga|Emolga, M|100/100 tox
|turn|20
|
|t:|1603048034
|move|p1a: Cramorant|Surf|p2a: Emolga
|-formechange|p1a: Cramorant|Cramorant-Gulping|
|-damage|p2a: Emolga|40/100 tox
|move|p2a: Emolga|Defog|p1a: Cramorant
|-unboost|p1a: Cramorant|evasion|1
|-sideend|p2: karrakarra|Stealth Rock|[from] move: Defog|[of] p2a: Emolga
|
|-damage|p2a: Emolga|34/100 tox|[from] psn
|upkeep
|turn|21
|
|t:|1603048041
|switch|p2a: Roselia|Roselia, F|100/100
|move|p1a: Cramorant|Surf|p2a: Roselia
|-resisted|p2a: Roselia
|-damage|p2a: Roselia|87/100
|
|upkeep
|turn|22
|
|t:|1603048044
|move|p1a: Cramorant|Hurricane|p2a: Roselia|[miss]
|-miss|p1a: Cramorant|p2a: Roselia
|move|p2a: Roselia|Leech Seed|p1a: Cramorant
|-start|p1a: Cramorant|move: Leech Seed
|
|-damage|p1a: Cramorant|88/100|[from] Leech Seed|[of] p2a: Roselia
|-heal|p2a: Roselia|99/100|[silent]
|upkeep
|turn|23
|
|t:|1603048050
|move|p1a: Cramorant|Hurricane|p2a: Roselia|[miss]
|-miss|p1a: Cramorant|p2a: Roselia
|move|p2a: Roselia|Giga Drain|p1a: Cramorant
|-damage|p1a: Cramorant|53/100
|-heal|p2a: Roselia|100/100|[from] drain|[of] p1a: Cramorant
|-damage|p2a: Roselia|76/100|[from] ability: Gulp Missile|[of] p1a: Cramorant
|-unboost|p2a: Roselia|def|1
|-formechange|p1a: Cramorant|Cramorant|
|
|-damage|p1a: Cramorant|40/100|[from] Leech Seed|[of] p2a: Roselia
|-heal|p2a: Roselia|89/100|[silent]
|upkeep
|turn|24
|c|☆derpeddeath|:I
|
|t:|1603048059
|switch|p1a: Appletun|Appletun, M|100/100
|move|p2a: Roselia|Sludge Bomb|p1a: Appletun
|-supereffective|p1a: Appletun
|-damage|p1a: Appletun|32/100
|-status|p1a: Appletun|psn
|
|-heal|p1a: Appletun|38/100 psn|[from] item: Leftovers
|-damage|p1a: Appletun|25/100 psn|[from] psn
|upkeep
|turn|25
|l| Kopsyeet
|
|t:|1603048068
|move|p2a: Roselia|Sludge Bomb|p1a: Appletun
|-supereffective|p1a: Appletun
|-damage|p1a: Appletun|0 fnt
|faint|p1a: Appletun
|
|upkeep
|
|t:|1603048070
|switch|p1a: Liepard|Liepard, M|100/100
|turn|26
|
|t:|1603048075
|switch|p2a: Golduck|Golduck, M|4/100
|-ability|p2a: Golduck|Cloud Nine
|move|p1a: Liepard|Knock Off|p2a: Golduck
|-damage|p2a: Golduck|0 fnt
|faint|p2a: Golduck
|
|upkeep
|
|t:|1603048086
|switch|p2a: Glaceon|Glaceon, F|100/100
|turn|27
|
|t:|1603048094
|move|p1a: Liepard|Knock Off|p2a: Glaceon
|-damage|p2a: Glaceon|49/100
|-enditem|p2a: Glaceon|Choice Specs|[from] move: Knock Off|[of] p1a: Liepard
|move|p2a: Glaceon|Ice Beam|p1a: Liepard
|-damage|p1a: Liepard|0 fnt
|faint|p1a: Liepard
|
|upkeep
|
|t:|1603048105
|switch|p1a: Alcremie|Alcremie, F|100/100
|turn|28
|
|t:|1603048108
|move|p1a: Alcremie|Calm Mind|p1a: Alcremie
|-boost|p1a: Alcremie|spa|1
|-boost|p1a: Alcremie|spd|1
|move|p2a: Glaceon|Ice Beam|p1a: Alcremie
|-damage|p1a: Alcremie|70/100
|-status|p1a: Alcremie|frz
|
|upkeep
|turn|29
|c|☆derpeddeath|ok
|
|t:|1603048116
|cant|p1a: Alcremie|frz
|move|p2a: Glaceon|Frost Breath|p1a: Alcremie|[miss]
|-miss|p2a: Glaceon|p1a: Alcremie
|
|upkeep
|turn|30
|
|t:|1603048120
|-curestatus|p1a: Alcremie|frz|[msg]
|move|p1a: Alcremie|Calm Mind|p1a: Alcremie
|-boost|p1a: Alcremie|spa|1
|-boost|p1a: Alcremie|spd|1
|move|p2a: Glaceon|Frost Breath|p1a: Alcremie
|-crit|p1a: Alcremie
|-damage|p1a: Alcremie|28/100
|
|upkeep
|turn|31
|
|t:|1603048128
|move|p1a: Alcremie|Rest|p1a: Alcremie
|-status|p1a: Alcremie|slp|[from] move: Rest
|-heal|p1a: Alcremie|100/100 slp|[silent]
|-enditem|p1a: Alcremie|Chesto Berry|[eat]
|-curestatus|p1a: Alcremie|slp|[msg]
|move|p2a: Glaceon|Frost Breath|p1a: Alcremie|[miss]
|-miss|p2a: Glaceon|p1a: Alcremie
|
|upkeep
|turn|32
|
|t:|1603048132
|move|p1a: Alcremie|Calm Mind|p1a: Alcremie
|-boost|p1a: Alcremie|spa|1
|-boost|p1a: Alcremie|spd|1
|move|p2a: Glaceon|Frost Breath|p1a: Alcremie
|-crit|p1a: Alcremie
|-damage|p1a: Alcremie|55/100
|
|upkeep
|turn|33
|
|t:|1603048138
|move|p1a: Alcremie|Stored Power|p2a: Glaceon
|-damage|p2a: Glaceon|0 fnt
|faint|p2a: Glaceon
|
|upkeep
|
|t:|1603048144
|switch|p2a: Luxray|Luxray, M|100/100
|-ability|p2a: Luxray|Intimidate|boost
|-unboost|p1a: Alcremie|atk|1
|turn|34
|j| teeItUp
|
|t:|1603048149
|move|p1a: Alcremie|Acid Armor|p1a: Alcremie
|-boost|p1a: Alcremie|def|2
|move|p2a: Luxray|Toxic|p1a: Alcremie
|-status|p1a: Alcremie|tox
|
|-damage|p1a: Alcremie|49/100 tox|[from] psn
|upkeep
|turn|35
|
|t:|1603048151
|move|p1a: Alcremie|Stored Power|p2a: Luxray
|-damage|p2a: Luxray|4/100
|move|p2a: Luxray|Volt Switch|p1a: Alcremie
|-damage|p1a: Alcremie|41/100 tox
|
|t:|1603048154
|switch|p2a: Roselia|Roselia, F|89/100|[from]move: Volt Switch
|
|-damage|p1a: Alcremie|29/100 tox|[from] psn
|upkeep
|turn|36
|
|t:|1603048156
|move|p1a: Alcremie|Rest|p1a: Alcremie
|-status|p1a: Alcremie|slp|[from] move: Rest
|-heal|p1a: Alcremie|100/100 slp|[silent]
|move|p2a: Roselia|Leech Seed|p1a: Alcremie
|-start|p1a: Alcremie|move: Leech Seed
|
|-damage|p1a: Alcremie|88/100 slp|[from] Leech Seed|[of] p2a: Roselia
|-heal|p2a: Roselia|100/100|[silent]
|upkeep
|turn|37
|
|t:|1603048159
|cant|p1a: Alcremie|slp
|move|p2a: Roselia|Sludge Bomb|p1a: Alcremie
|-supereffective|p1a: Alcremie
|-damage|p1a: Alcremie|66/100 slp
|
|-damage|p1a: Alcremie|54/100 slp|[from] Leech Seed|[of] p2a: Roselia
|upkeep
|turn|38
|
|t:|1603048163
|cant|p1a: Alcremie|slp
|move|p2a: Roselia|Sludge Bomb|p1a: Alcremie
|-supereffective|p1a: Alcremie
|-damage|p1a: Alcremie|33/100 slp
|
|-damage|p1a: Alcremie|21/100 slp|[from] Leech Seed|[of] p2a: Roselia
|upkeep
|turn|39
|
|t:|1603048180
|-curestatus|p1a: Alcremie|slp|[msg]
|move|p1a: Alcremie|Stored Power|p2a: Roselia
|-supereffective|p2a: Roselia
|-damage|p2a: Roselia|0 fnt
|faint|p2a: Roselia
|
|upkeep
|l| teeItUp
|
|t:|1603048189
|switch|p2a: Emolga|Emolga, M|34/100 tox
|turn|40
|
|t:|1603048191
|move|p1a: Alcremie|Stored Power|p2a: Emolga
|-damage|p2a: Emolga|0 fnt
|faint|p2a: Emolga
|
|upkeep
|-message|karrakarra forfeited.
|
|win|derpeddeath
