|j|☆mefrog
|j|☆Uberfiend
|t:|1613939783
|player|p1|mefrog|pokefan-gen4|1392
|player|p2|Uberfiend|pokefan-gen4|1215
|teamsize|p1|6
|teamsize|p2|6
|gametype|singles
|gen|8
|tier|[Gen 8] PU
|rated|
|clearpoke
|poke|p1|Poliwrath, F|
|poke|p1|Orbeetle, F|
|poke|p1|Silvally-*|
|poke|p1|Braviary, M|
|poke|p1|Kingler, F|
|poke|p1|Omastar, M|
|poke|p2|Whimsicott, M|
|poke|p2|Archeops, F|
|poke|p2|Hitmontop, M|
|poke|p2|Braviary, M|
|poke|p2|Druddigon, M|
|poke|p2|Accelgor, F|
|rule|Sleep Clause Mod: Limit one foe put to sleep
|rule|Species Clause: Limit one of each Pokémon
|rule|OHKO Clause: OHKO moves are banned
|rule|Evasion Moves Clause: Evasion moves are banned
|rule|Endless Battle Clause: Forcing endless battles is banned
|rule|HP Percentage Mod: HP is shown in percentages
|rule|Dynamax Clause: You cannot dynamax
|teampreview
|
|t:|1613939794
|start
|switch|p1a: Orbeetle|Orbeetle, F|100/100
|switch|p2a: 🦅💥|Braviary, M, shiny|100/100
|-item|p2a: 🦅💥|Life Orb|[from] ability: Frisk|[of] p1a: Orbeetle|[identify]
|turn|1
|
|t:|1613939801
|switch|p1a: Omastar|Omastar, M|100/100
|move|p2a: 🦅💥|Brave Bird|p1a: Omastar
|-resisted|p1a: Omastar
|-damage|p1a: Omastar|60/100
|-ability|p1a: Omastar|Weak Armor|boost
|-unboost|p1a: Omastar|def|1
|-boost|p1a: Omastar|spe|2
|-damage|p2a: 🦅💥|91/100|[from] Recoil
|-damage|p2a: 🦅💥|81/100|[from] item: Life Orb
|
|upkeep
|turn|2
|
|t:|1613939808
|move|p1a: Omastar|Meteor Beam||[still]
|-prepare|p1a: Omastar|Meteor Beam
|-boost|p1a: Omastar|spa|1
|-enditem|p1a: Omastar|Power Herb
|-anim|p1a: Omastar|Meteor Beam|p2a: 🦅💥|[miss]
|-miss|p1a: Omastar|p2a: 🦅💥
|move|p2a: 🦅💥|Close Combat|p1a: Omastar
|-supereffective|p1a: Omastar
|-damage|p1a: Omastar|0 fnt
|-unboost|p2a: 🦅💥|def|1
|-unboost|p2a: 🦅💥|spd|1
|-damage|p2a: 🦅💥|71/100|[from] item: Life Orb
|faint|p1a: Omastar
|
|upkeep
|inactive|Battle timer is ON: inactive players will automatically lose when time's up. (requested by mefrog)
|
|t:|1613939828
|switch|p1a: Silvally|Silvally-Fairy|100/100
|turn|3
|
|t:|1613939832
|move|p1a: Silvally|Flame Charge|p2a: 🦅💥
|-damage|p2a: 🦅💥|48/100
|-boost|p1a: Silvally|spe|1
|move|p2a: 🦅💥|Brave Bird|p1a: Silvally
|-damage|p1a: Silvally|11/100
|-damage|p2a: 🦅💥|24/100|[from] Recoil
|-damage|p2a: 🦅💥|14/100|[from] item: Life Orb
|
|upkeep
|turn|4
|
|t:|1613939844
|move|p1a: Silvally|Multi-Attack|p2a: 🦅💥
|-damage|p2a: 🦅💥|0 fnt
|faint|p2a: 🦅💥
|
|upkeep
|
|t:|1613939849
|switch|p2a: Surprise attack!🎉|Whimsicott, M, shiny|100/100
|turn|5
|
|t:|1613939859
|move|p2a: Surprise attack!🎉|Nature Power|p1a: Silvally
|move|p2a: Surprise attack!🎉|Tri Attack|p1a: Silvally|[from]move: Nature Power
|-damage|p1a: Silvally|0 fnt
|faint|p1a: Silvally
|
|upkeep
|
|t:|1613939865
|switch|p1a: Orbeetle|Orbeetle, F|100/100
|-item|p2a: Surprise attack!🎉|Pixie Plate|[from] ability: Frisk|[of] p1a: Orbeetle|[identify]
|turn|6
|
|t:|1613939869
|move|p2a: Surprise attack!🎉|Moonblast|p1a: Orbeetle
|-damage|p1a: Orbeetle|57/100
|move|p1a: Orbeetle|Sticky Web|p2a: Surprise attack!🎉
|-sidestart|p2: Uberfiend|move: Sticky Web
|
|upkeep
|turn|7
|
|t:|1613939882
|switch|p1a: Braviary|Braviary, M|100/100
|move|p2a: Surprise attack!🎉|Moonblast|p1a: Braviary
|-damage|p1a: Braviary|68/100
|-unboost|p1a: Braviary|spa|1
|-ability|p1a: Braviary|Defiant
|-boost|p1a: Braviary|atk|2
|
|-heal|p1a: Braviary|75/100|[from] item: Leftovers
|upkeep
|turn|8
|
|t:|1613939898
|switch|p2a: Main character|Druddigon, M|100/100
|-activate|p2a: Main character|move: Sticky Web
|-unboost|p2a: Main character|spe|1
|-ability|p2a: Main character|Mold Breaker
|move|p1a: Braviary|Facade|p2a: Main character
|-damage|p2a: Main character|43/100
|
|-heal|p1a: Braviary|81/100|[from] item: Leftovers
|upkeep
|turn|9
|
|t:|1613939908
|move|p1a: Braviary|Substitute|p1a: Braviary
|-start|p1a: Braviary|Substitute
|-damage|p1a: Braviary|56/100
|move|p2a: Main character|Dragon Tail|p1a: Braviary
|-end|p1a: Braviary|Substitute
|
|-heal|p1a: Braviary|62/100|[from] item: Leftovers
|upkeep
|turn|10
|
|t:|1613939917
|move|p1a: Braviary|Facade|p2a: Main character
|-damage|p2a: Main character|0 fnt
|faint|p2a: Main character
|
|-heal|p1a: Braviary|68/100|[from] item: Leftovers
|upkeep
|
|t:|1613939921
|switch|p2a: 🦅💨|Archeops, F, shiny|100/100
|turn|11
|
|t:|1613939932
|move|p2a: 🦅💨|Meteor Beam||[still]
|-prepare|p2a: 🦅💨|Meteor Beam
|-boost|p2a: 🦅💨|spa|1
|-enditem|p2a: 🦅💨|Power Herb
|-anim|p2a: 🦅💨|Meteor Beam|p1a: Braviary
|-supereffective|p1a: Braviary
|-damage|p1a: Braviary|0 fnt
|faint|p1a: Braviary
|
|upkeep
|
|t:|1613939936
|switch|p1a: Kingler|Kingler, F|100/100
|turn|12
|
|t:|1613939941
|move|p2a: 🦅💨|Air Slash|p1a: Kingler
|-damage|p1a: Kingler|0 fnt
|faint|p1a: Kingler
|
|upkeep
|-message|mefrog forfeited.
|
|win|Uberfiend
|l|☆mefrog
||Ladder (probably) updated, but score could not be retrieved (Request timeout).
