|raw|<div class="broadcast-blue"><strong>This battle is required to be public due to a player having a name starting with 'pult94d'.</div>
|j|☆pult94d mix
|j|☆PULT94D X
|t:|1629014126
|gametype|singles
|player|p1|pult94d mix|parasollady|1477
|player|p2|PULT94D X|waiter-gen4|1639
|teamsize|p1|6
|teamsize|p2|6
|gen|8
|tier|[Gen 8] PU
|rated|
|rule|Sleep Clause Mod: Limit one foe put to sleep
|rule|Species Clause: Limit one of each Pokémon
|rule|OHKO Clause: OHKO moves are banned
|rule|Evasion Moves Clause: Evasion moves are banned
|rule|Endless Battle Clause: Forcing endless battles is banned
|rule|HP Percentage Mod: HP is shown in percentages
|rule|Dynamax Clause: You cannot dynamax
|clearpoke
|poke|p1|Charizard, F|
|poke|p1|Scrafty, F|
|poke|p1|Gigalith, F|
|poke|p1|Weezing, F|
|poke|p1|Eldegoss, M|
|poke|p1|Poliwrath, M|
|poke|p2|Whimsicott, F|
|poke|p2|Gigalith, F|
|poke|p2|Scrafty, M|
|poke|p2|Charizard, M|
|poke|p2|Togedemaru, F|
|poke|p2|Cofagrigus, F|
|teampreview
|j| turtledoggo1
|inactive|Battle timer is ON: inactive players will automatically lose when time's up. (requested by PULT94D X)
|
|t:|1629014151
|start
|switch|p1a: Charizard|Charizard, F|100/100
|switch|p2a: Charizard|Charizard, M|100/100
|turn|1
|
|t:|1629014156
|move|p2a: Charizard|Hurricane|p1a: Charizard|[miss]
|-miss|p2a: Charizard|p1a: Charizard
|move|p1a: Charizard|Toxic|p2a: Charizard
|-status|p2a: Charizard|tox
|
|-damage|p2a: Charizard|94/100 tox|[from] psn
|upkeep
|turn|2
|l| turtledoggo1
|
|t:|1629014165
|switch|p2a: Gigalith|Gigalith, F|100/100
|-weather|Sandstorm|[from] ability: Sand Stream|[of] p2a: Gigalith
|move|p1a: Charizard|Toxic|p2a: Gigalith
|-status|p2a: Gigalith|tox
|
|-weather|Sandstorm|[upkeep]
|-damage|p1a: Charizard|94/100|[from] Sandstorm
|-damage|p2a: Gigalith|94/100 tox|[from] psn
|upkeep
|turn|3
|
|t:|1629014181
|switch|p1a: Eldegoss|Eldegoss, M|100/100
|move|p2a: Gigalith|Stealth Rock|p1a: Eldegoss
|-sidestart|p1: pult94d mix|move: Stealth Rock
|
|-weather|Sandstorm|[upkeep]
|-damage|p1a: Eldegoss|94/100|[from] Sandstorm
|-heal|p2a: Gigalith|100/100 tox|[from] item: Leftovers
|-damage|p2a: Gigalith|88/100 tox|[from] psn
|upkeep
|turn|4
|
|t:|1629014185
|switch|p2a: Cofagrigus|Cofagrigus, F|100/100
|move|p1a: Eldegoss|Sleep Powder|p2a: Cofagrigus
|-status|p2a: Cofagrigus|slp|[from] move: Sleep Powder
|-enditem|p2a: Cofagrigus|Chesto Berry|[eat]
|-curestatus|p2a: Cofagrigus|slp|[msg]
|
|-weather|Sandstorm|[upkeep]
|-damage|p1a: Eldegoss|88/100|[from] Sandstorm
|-damage|p2a: Cofagrigus|95/100|[from] Sandstorm
|upkeep
|turn|5
|
|t:|1629014194
|switch|p2a: Charizard|Charizard, M|94/100 tox
|move|p1a: Eldegoss|Leaf Storm|p2a: Charizard
|-resisted|p2a: Charizard
|-damage|p2a: Charizard|77/100 tox
|-unboost|p1a: Eldegoss|spa|2
|
|-weather|Sandstorm|[upkeep]
|-damage|p2a: Charizard|71/100 tox|[from] Sandstorm
|-damage|p1a: Eldegoss|82/100|[from] Sandstorm
|-damage|p2a: Charizard|65/100 tox|[from] psn
|upkeep
|turn|6
|
|t:|1629014210
|switch|p2a: Scrafty|Scrafty, M|100/100
|switch|p1a: Charizard|Charizard, F|94/100
|
|-weather|none
|upkeep
|turn|7
|inactive|pult94d mix has 120 seconds left.
|
|t:|1629014245
|switch|p2a: Gigalith|Gigalith, F|88/100 tox
|-weather|Sandstorm|[from] ability: Sand Stream|[of] p2a: Gigalith
|move|p1a: Charizard|Hurricane|p2a: Gigalith
|-resisted|p2a: Gigalith
|-damage|p2a: Gigalith|73/100 tox
|-start|p2a: Gigalith|confusion
|
|-weather|Sandstorm|[upkeep]
|-damage|p1a: Charizard|88/100|[from] Sandstorm
|-heal|p2a: Gigalith|79/100 tox|[from] item: Leftovers
|-damage|p2a: Gigalith|73/100 tox|[from] psn
|upkeep
|turn|8
|
|t:|1629014257
|switch|p1a: Eldegoss|Eldegoss, M|100/100
|switch|p2a: Togedemaru|Togedemaru, F|100/100
|
|-weather|Sandstorm|[upkeep]
|-damage|p1a: Eldegoss|94/100|[from] Sandstorm
|upkeep
|turn|9
|j|+tjay
|
|t:|1629014263
|move|p2a: Togedemaru|U-turn|p1a: Eldegoss
|-supereffective|p1a: Eldegoss
|-damage|p1a: Eldegoss|50/100
|
|t:|1629014266
|switch|p2a: Cofagrigus|Cofagrigus, F|95/100|[from]move: U-turn
|move|p1a: Eldegoss|Rapid Spin|p2a: Cofagrigus
|-immune|p2a: Cofagrigus
|
|-weather|Sandstorm|[upkeep]
|-damage|p1a: Eldegoss|44/100|[from] Sandstorm
|-damage|p2a: Cofagrigus|89/100|[from] Sandstorm
|upkeep
|turn|10
|
|t:|1629014273
|move|p1a: Eldegoss|Sleep Powder|p2a: Cofagrigus
|-status|p2a: Cofagrigus|slp|[from] move: Sleep Powder
|cant|p2a: Cofagrigus|slp
|
|-weather|Sandstorm|[upkeep]
|-damage|p1a: Eldegoss|38/100|[from] Sandstorm
|-damage|p2a: Cofagrigus|83/100 slp|[from] Sandstorm
|upkeep
|turn|11
|
|t:|1629014280
|move|p1a: Eldegoss|Rapid Spin|p2a: Cofagrigus
|-immune|p2a: Cofagrigus
|cant|p2a: Cofagrigus|slp
|
|-weather|none
|upkeep
|turn|12
|
|t:|1629014288
|switch|p1a: Charizard|Charizard, F|88/100
|-curestatus|p2a: Cofagrigus|slp|[msg]
|move|p2a: Cofagrigus|Shadow Ball|p1a: Charizard
|-damage|p1a: Charizard|56/100
|
|upkeep
|turn|13
|
|t:|1629014296
|move|p1a: Charizard|Hurricane|p2a: Cofagrigus
|-damage|p2a: Cofagrigus|28/100
|move|p2a: Cofagrigus|Body Press|p1a: Charizard
|-resisted|p1a: Charizard
|-damage|p1a: Charizard|31/100
|
|upkeep
|turn|14
|
|t:|1629014303
|switch|p2a: Togedemaru|Togedemaru, F|100/100
|move|p1a: Charizard|Roost|p1a: Charizard
|-heal|p1a: Charizard|81/100
|-singleturn|p1a: Charizard|move: Roost
|
|upkeep
|turn|15
|l|+tjay
|j| yandaud
|inactive|pult94d mix has 120 seconds left.
|
|t:|1629014335
|switch|p1a: Weezing|Weezing, F|100/100
|-ability|p1a: Weezing|Neutralizing Gas
|-damage|p1a: Weezing|88/100|[from] Stealth Rock
|move|p2a: Togedemaru|U-turn|p1a: Weezing
|-resisted|p1a: Weezing
|-damage|p1a: Weezing|81/100
|
|t:|1629014342
|switch|p2a: Cofagrigus|Cofagrigus, F|28/100|[from]move: U-turn
|
|-heal|p1a: Weezing|87/100|[from] item: Black Sludge
|upkeep
|turn|16
|
|t:|1629014347
|move|p1a: Weezing|Sludge Bomb|p2a: Cofagrigus
|-resisted|p2a: Cofagrigus
|-damage|p2a: Cofagrigus|13/100
|move|p2a: Cofagrigus|Rest|p2a: Cofagrigus
|-status|p2a: Cofagrigus|slp|[from] move: Rest
|-heal|p2a: Cofagrigus|100/100 slp|[silent]
|
|-heal|p1a: Weezing|93/100|[from] item: Black Sludge
|upkeep
|turn|17
|
|t:|1629014357
|-end|p1a: Weezing|ability: Neutralizing Gas
|switch|p1a: Eldegoss|Eldegoss, M|71/100
|cant|p2a: Cofagrigus|slp
|
|upkeep
|turn|18
|
|t:|1629014363
|move|p1a: Eldegoss|Leaf Storm|p2a: Cofagrigus
|-damage|p2a: Cofagrigus|49/100 slp
|-unboost|p1a: Eldegoss|spa|2
|cant|p2a: Cofagrigus|slp
|
|upkeep
|turn|19
|
|t:|1629014371
|switch|p1a: Charizard|Charizard, F|81/100
|-curestatus|p2a: Cofagrigus|slp|[msg]
|move|p2a: Cofagrigus|Rest|p2a: Cofagrigus
|-status|p2a: Cofagrigus|slp|[from] move: Rest
|-heal|p2a: Cofagrigus|100/100 slp|[silent]
|
|upkeep
|turn|20
|
|t:|1629014375
|switch|p1a: Eldegoss|Eldegoss, M|100/100
|switch|p2a: Gigalith|Gigalith, F|73/100 tox
|-weather|Sandstorm|[from] ability: Sand Stream|[of] p2a: Gigalith
|
|-weather|Sandstorm|[upkeep]
|-damage|p1a: Eldegoss|94/100|[from] Sandstorm
|-heal|p2a: Gigalith|79/100 tox|[from] item: Leftovers
|-damage|p2a: Gigalith|73/100 tox|[from] psn
|upkeep
|turn|21
|
|t:|1629014384
|switch|p2a: Togedemaru|Togedemaru, F|100/100
|move|p1a: Eldegoss|Rapid Spin|p2a: Togedemaru
|-resisted|p2a: Togedemaru
|-damage|p2a: Togedemaru|95/100
|-boost|p1a: Eldegoss|spe|1
|-sideend|p1: pult94d mix|Stealth Rock|[from] move: Rapid Spin|[of] p1a: Eldegoss
|
|-weather|Sandstorm|[upkeep]
|-damage|p1a: Eldegoss|88/100|[from] Sandstorm
|upkeep
|turn|22
|inactive|pult94d mix has 120 seconds left.
|
|t:|1629014414
|switch|p1a: Weezing|Weezing, F|93/100
|-ability|p1a: Weezing|Neutralizing Gas
|move|p2a: Togedemaru|U-turn|p1a: Weezing
|-resisted|p1a: Weezing
|-damage|p1a: Weezing|86/100
|
|t:|1629014425
|switch|p2a: Gigalith|Gigalith, F|73/100 tox|[from]move: U-turn
|
|-weather|Sandstorm|[upkeep]
|-damage|p1a: Weezing|80/100|[from] Sandstorm
|-heal|p1a: Weezing|86/100|[from] item: Black Sludge
|-heal|p2a: Gigalith|79/100 tox|[from] item: Leftovers
|-damage|p2a: Gigalith|73/100 tox|[from] psn
|upkeep
|turn|23
|
|t:|1629014428
|-end|p1a: Weezing|ability: Neutralizing Gas
|switch|p1a: Eldegoss|Eldegoss, M|100/100
|move|p2a: Gigalith|Stealth Rock|p1a: Eldegoss
|-sidestart|p1: pult94d mix|move: Stealth Rock
|
|-weather|Sandstorm|[upkeep]
|-damage|p1a: Eldegoss|94/100|[from] Sandstorm
|-heal|p2a: Gigalith|79/100 tox|[from] item: Leftovers
|-damage|p2a: Gigalith|67/100 tox|[from] psn
|upkeep
|turn|24
|
|t:|1629014435
|switch|p2a: Togedemaru|Togedemaru, F|95/100
|move|p1a: Eldegoss|Rapid Spin|p2a: Togedemaru
|-resisted|p2a: Togedemaru
|-damage|p2a: Togedemaru|90/100
|-boost|p1a: Eldegoss|spe|1
|-sideend|p1: pult94d mix|Stealth Rock|[from] move: Rapid Spin|[of] p1a: Eldegoss
|
|-weather|none
|upkeep
|turn|25
|
|t:|1629014442
|switch|p1a: Weezing|Weezing, F|86/100
|-ability|p1a: Weezing|Neutralizing Gas
|move|p2a: Togedemaru|U-turn|p1a: Weezing
|-resisted|p1a: Weezing
|-damage|p1a: Weezing|80/100
|
|t:|1629014445
|switch|p2a: Gigalith|Gigalith, F|67/100 tox|[from]move: U-turn
|
|-heal|p1a: Weezing|86/100|[from] item: Black Sludge
|-heal|p2a: Gigalith|73/100 tox|[from] item: Leftovers
|-damage|p2a: Gigalith|67/100 tox|[from] psn
|upkeep
|turn|26
|
|t:|1629014454
|-end|p1a: Weezing|ability: Neutralizing Gas
|-weather|Sandstorm|[from] ability: Sand Stream|[of] p2a: Gigalith
|switch|p1a: Eldegoss|Eldegoss, M|100/100
|move|p2a: Gigalith|Stealth Rock|p1a: Eldegoss
|-sidestart|p1: pult94d mix|move: Stealth Rock
|
|-weather|Sandstorm|[upkeep]
|-damage|p1a: Eldegoss|94/100|[from] Sandstorm
|-heal|p2a: Gigalith|73/100 tox|[from] item: Leftovers
|-damage|p2a: Gigalith|61/100 tox|[from] psn
|upkeep
|turn|27
|
|t:|1629014463
|switch|p2a: Cofagrigus|Cofagrigus, F|100/100 slp
|move|p1a: Eldegoss|Leaf Storm|p2a: Cofagrigus
|-damage|p2a: Cofagrigus|46/100 slp
|-unboost|p1a: Eldegoss|spa|2
|
|-weather|Sandstorm|[upkeep]
|-damage|p1a: Eldegoss|88/100|[from] Sandstorm
|-damage|p2a: Cofagrigus|40/100 slp|[from] Sandstorm
|upkeep
|turn|28
|
|t:|1629014476
|move|p1a: Eldegoss|Rapid Spin|p2a: Cofagrigus
|-immune|p2a: Cofagrigus
|cant|p2a: Cofagrigus|slp
|
|-weather|Sandstorm|[upkeep]
|-damage|p1a: Eldegoss|82/100|[from] Sandstorm
|-damage|p2a: Cofagrigus|34/100 slp|[from] Sandstorm
|upkeep
|turn|29
|
|t:|1629014480
|move|p1a: Eldegoss|Leaf Storm|p2a: Cofagrigus|[miss]
|-miss|p1a: Eldegoss|p2a: Cofagrigus
|cant|p2a: Cofagrigus|slp
|
|-weather|Sandstorm|[upkeep]
|-damage|p1a: Eldegoss|76/100|[from] Sandstorm
|-damage|p2a: Cofagrigus|28/100 slp|[from] Sandstorm
|upkeep
|turn|30
|c|☆pult94d mix|nooo
|
|t:|1629014487
|switch|p1a: Charizard|Charizard, F|81/100
|-curestatus|p2a: Cofagrigus|slp|[msg]
|move|p2a: Cofagrigus|Rest|p2a: Cofagrigus
|-status|p2a: Cofagrigus|slp|[from] move: Rest
|-heal|p2a: Cofagrigus|100/100 slp|[silent]
|
|-weather|none
|upkeep
|turn|31
|
|t:|1629014491
|switch|p1a: Eldegoss|Eldegoss, M|100/100
|switch|p2a: Gigalith|Gigalith, F|61/100 tox
|-weather|Sandstorm|[from] ability: Sand Stream|[of] p2a: Gigalith
|
|-weather|Sandstorm|[upkeep]
|-damage|p1a: Eldegoss|94/100|[from] Sandstorm
|-heal|p2a: Gigalith|67/100 tox|[from] item: Leftovers
|-damage|p2a: Gigalith|61/100 tox|[from] psn
|upkeep
|turn|32
|
|t:|1629014497
|switch|p2a: Cofagrigus|Cofagrigus, F|100/100 slp
|move|p1a: Eldegoss|Rapid Spin|p2a: Cofagrigus
|-immune|p2a: Cofagrigus
|
|-weather|Sandstorm|[upkeep]
|-damage|p1a: Eldegoss|88/100|[from] Sandstorm
|-damage|p2a: Cofagrigus|95/100 slp|[from] Sandstorm
|upkeep
|turn|33
|
|t:|1629014506
|switch|p1a: Charizard|Charizard, F|81/100
|cant|p2a: Cofagrigus|slp
|
|-weather|Sandstorm|[upkeep]
|-damage|p1a: Charizard|75/100|[from] Sandstorm
|-damage|p2a: Cofagrigus|89/100 slp|[from] Sandstorm
|upkeep
|turn|34
|
|t:|1629014514
|switch|p2a: Gigalith|Gigalith, F|61/100 tox
|move|p1a: Charizard|Hurricane|p2a: Gigalith
|-resisted|p2a: Gigalith
|-damage|p2a: Gigalith|46/100 tox
|
|-weather|Sandstorm|[upkeep]
|-damage|p1a: Charizard|69/100|[from] Sandstorm
|-heal|p2a: Gigalith|53/100 tox|[from] item: Leftovers
|-damage|p2a: Gigalith|46/100 tox|[from] psn
|upkeep
|turn|35
|
|t:|1629014523
|switch|p1a: Eldegoss|Eldegoss, M|100/100
|switch|p2a: Togedemaru|Togedemaru, F|90/100
|
|-weather|none
|upkeep
|turn|36
|
|t:|1629014530
|move|p2a: Togedemaru|U-turn|p1a: Eldegoss
|-supereffective|p1a: Eldegoss
|-damage|p1a: Eldegoss|50/100
|
|t:|1629014537
|switch|p2a: Cofagrigus|Cofagrigus, F|89/100 slp|[from]move: U-turn
|move|p1a: Eldegoss|Rapid Spin|p2a: Cofagrigus
|-immune|p2a: Cofagrigus
|
|upkeep
|turn|37
|
|t:|1629014542
|switch|p1a: Charizard|Charizard, F|69/100
|cant|p2a: Cofagrigus|slp
|
|upkeep
|turn|38
|
|t:|1629014548
|switch|p2a: Gigalith|Gigalith, F|46/100 tox
|-weather|Sandstorm|[from] ability: Sand Stream|[of] p2a: Gigalith
|move|p1a: Charizard|Roost|p1a: Charizard
|-heal|p1a: Charizard|100/100
|-singleturn|p1a: Charizard|move: Roost
|
|-weather|Sandstorm|[upkeep]
|-damage|p1a: Charizard|94/100|[from] Sandstorm
|-heal|p2a: Gigalith|53/100 tox|[from] item: Leftovers
|-damage|p2a: Gigalith|46/100 tox|[from] psn
|upkeep
|turn|39
|
|t:|1629014571
|switch|p1a: Eldegoss|Eldegoss, M|83/100
|switch|p2a: Cofagrigus|Cofagrigus, F|89/100 slp
|
|-weather|Sandstorm|[upkeep]
|-damage|p1a: Eldegoss|77/100|[from] Sandstorm
|-damage|p2a: Cofagrigus|83/100 slp|[from] Sandstorm
|upkeep
|turn|40
|
|t:|1629014580
|move|p1a: Eldegoss|Leaf Storm|p2a: Cofagrigus
|-damage|p2a: Cofagrigus|24/100 slp
|-unboost|p1a: Eldegoss|spa|2
|-curestatus|p2a: Cofagrigus|slp|[msg]
|move|p2a: Cofagrigus|Shadow Ball|p1a: Eldegoss
|-damage|p1a: Eldegoss|52/100
|
|-weather|Sandstorm|[upkeep]
|-damage|p1a: Eldegoss|46/100|[from] Sandstorm
|-damage|p2a: Cofagrigus|18/100|[from] Sandstorm
|upkeep
|turn|41
|
|t:|1629014590
|switch|p2a: Charizard|Charizard, M|65/100 tox
|move|p1a: Eldegoss|Leaf Storm|p2a: Charizard
|-resisted|p2a: Charizard
|-damage|p2a: Charizard|57/100 tox
|-unboost|p1a: Eldegoss|spa|2
|
|-weather|Sandstorm|[upkeep]
|-damage|p2a: Charizard|51/100 tox|[from] Sandstorm
|-damage|p1a: Eldegoss|39/100|[from] Sandstorm
|-damage|p2a: Charizard|45/100 tox|[from] psn
|upkeep
|turn|42
|
|t:|1629014598
|switch|p2a: Cofagrigus|Cofagrigus, F|18/100
|switch|p1a: Charizard|Charizard, F|94/100
|
|-weather|none
|upkeep
|turn|43
|
|t:|1629014608
|switch|p2a: Togedemaru|Togedemaru, F|90/100
|move|p1a: Charizard|Flamethrower|p2a: Togedemaru
|-supereffective|p2a: Togedemaru
|-damage|p2a: Togedemaru|0 fnt
|faint|p2a: Togedemaru
|
|upkeep
|
|t:|1629014619
|switch|p2a: Gigalith|Gigalith, F|46/100 tox
|-weather|Sandstorm|[from] ability: Sand Stream|[of] p2a: Gigalith
|turn|44
|
|t:|1629014631
|switch|p1a: Eldegoss|Eldegoss, M|73/100
|move|p2a: Gigalith|Rock Blast|p1a: Eldegoss
|-damage|p1a: Eldegoss|58/100
|-damage|p1a: Eldegoss|44/100
|-damage|p1a: Eldegoss|30/100
|-damage|p1a: Eldegoss|14/100
|-hitcount|p1a: Eldegoss|4
|
|-weather|Sandstorm|[upkeep]
|-damage|p1a: Eldegoss|8/100|[from] Sandstorm
|-heal|p2a: Gigalith|53/100 tox|[from] item: Leftovers
|-damage|p2a: Gigalith|46/100 tox|[from] psn
|upkeep
|turn|45
|
|t:|1629014641
|switch|p1a: Poliwrath|Poliwrath, M|100/100
|-damage|p1a: Poliwrath|94/100|[from] Stealth Rock
|move|p2a: Gigalith|Protect||[still]
|-fail|p2a: Gigalith
|
|-weather|Sandstorm|[upkeep]
|-damage|p1a: Poliwrath|88/100|[from] Sandstorm
|-heal|p2a: Gigalith|53/100 tox|[from] item: Leftovers
|-damage|p2a: Gigalith|40/100 tox|[from] psn
|upkeep
|turn|46
|
|t:|1629014655
|switch|p2a: Whimsicott|Whimsicott, F|100/100
|move|p1a: Poliwrath|Liquidation|p2a: Whimsicott
|-resisted|p2a: Whimsicott
|-damage|p2a: Whimsicott|72/100
|-unboost|p2a: Whimsicott|def|1
|
|-weather|Sandstorm|[upkeep]
|-damage|p2a: Whimsicott|66/100|[from] Sandstorm
|-damage|p1a: Poliwrath|82/100|[from] Sandstorm
|upkeep
|turn|47
|
|t:|1629014663
|switch|p1a: Gigalith|Gigalith, F|100/100
|-damage|p1a: Gigalith|88/100|[from] Stealth Rock
|move|p2a: Whimsicott|Knock Off|p1a: Gigalith
|-damage|p1a: Gigalith|77/100
|-enditem|p1a: Gigalith|Leftovers|[from] move: Knock Off|[of] p2a: Whimsicott
|
|-weather|Sandstorm|[upkeep]
|-damage|p2a: Whimsicott|60/100|[from] Sandstorm
|upkeep
|turn|48
|l| yandaud
|
|t:|1629014671
|switch|p2a: Cofagrigus|Cofagrigus, F|18/100
|move|p1a: Gigalith|Rock Blast|p2a: Cofagrigus
|-damage|p2a: Cofagrigus|10/100
|-damage|p2a: Cofagrigus|3/100
|-damage|p2a: Cofagrigus|0 fnt
|faint|p2a: Cofagrigus
|-hitcount|p2: Cofagrigus|3
|
|-weather|none
|upkeep
|
|t:|1629014675
|switch|p2a: Scrafty|Scrafty, M|100/100
|turn|49
|
|t:|1629014690
|switch|p1a: Charizard|Charizard, F|94/100
|move|p2a: Scrafty|Bulk Up|p2a: Scrafty
|-boost|p2a: Scrafty|atk|1
|-boost|p2a: Scrafty|def|1
|
|upkeep
|turn|50
|
|t:|1629014695
|move|p1a: Charizard|Hurricane|p2a: Scrafty|[miss]
|-miss|p1a: Charizard|p2a: Scrafty
|move|p2a: Scrafty|Knock Off|p1a: Charizard
|-damage|p1a: Charizard|31/100
|-enditem|p1a: Charizard|Heavy-Duty Boots|[from] move: Knock Off|[of] p2a: Scrafty
|
|upkeep
|turn|51
|
|t:|1629014702
|switch|p2a: Gigalith|Gigalith, F|40/100 tox
|-weather|Sandstorm|[from] ability: Sand Stream|[of] p2a: Gigalith
|move|p1a: Charizard|Hurricane|p2a: Gigalith|[miss]
|-miss|p1a: Charizard|p2a: Gigalith
|
|-weather|Sandstorm|[upkeep]
|-damage|p1a: Charizard|25/100|[from] Sandstorm
|-heal|p2a: Gigalith|46/100 tox|[from] item: Leftovers
|-damage|p2a: Gigalith|40/100 tox|[from] psn
|upkeep
|turn|52
|
|t:|1629014712
|switch|p1a: Poliwrath|Poliwrath, M|82/100
|-damage|p1a: Poliwrath|76/100|[from] Stealth Rock
|move|p2a: Gigalith|Rock Blast|p1a: Poliwrath
|-resisted|p1a: Poliwrath
|-damage|p1a: Poliwrath|69/100
|-resisted|p1a: Poliwrath
|-damage|p1a: Poliwrath|62/100
|-hitcount|p1a: Poliwrath|2
|
|-weather|Sandstorm|[upkeep]
|-damage|p1a: Poliwrath|56/100|[from] Sandstorm
|-heal|p2a: Gigalith|46/100 tox|[from] item: Leftovers
|-damage|p2a: Gigalith|34/100 tox|[from] psn
|upkeep
|turn|53
|
|t:|1629014734
|move|p1a: Poliwrath|Close Combat|p2a: Gigalith
|-supereffective|p2a: Gigalith
|-damage|p2a: Gigalith|0 fnt
|-unboost|p1a: Poliwrath|def|1
|-unboost|p1a: Poliwrath|spd|1
|faint|p2a: Gigalith
|
|-weather|Sandstorm|[upkeep]
|-damage|p1a: Poliwrath|50/100|[from] Sandstorm
|upkeep
|j| ii77
|
|t:|1629014738
|switch|p2a: Whimsicott|Whimsicott, F|60/100
|turn|54
|
|t:|1629014747
|switch|p2a: Scrafty|Scrafty, M|100/100
|switch|p1a: Gigalith|Gigalith, F|77/100
|-damage|p1a: Gigalith|65/100|[from] Stealth Rock
|
|-weather|Sandstorm|[upkeep]
|-damage|p2a: Scrafty|94/100|[from] Sandstorm
|-heal|p2a: Scrafty|100/100|[from] item: Leftovers
|upkeep
|turn|55
|
|t:|1629014759
|switch|p1a: Poliwrath|Poliwrath, M|50/100
|-damage|p1a: Poliwrath|43/100|[from] Stealth Rock
|move|p2a: Scrafty|Bulk Up|p2a: Scrafty
|-boost|p2a: Scrafty|atk|1
|-boost|p2a: Scrafty|def|1
|
|-weather|none
|upkeep
|turn|56
|
|t:|1629014786
|move|p1a: Poliwrath|Close Combat|p2a: Scrafty
|-supereffective|p2a: Scrafty
|-damage|p2a: Scrafty|39/100
|-unboost|p1a: Poliwrath|def|1
|-unboost|p1a: Poliwrath|spd|1
|move|p2a: Scrafty|Drain Punch|p1a: Poliwrath
|-damage|p1a: Poliwrath|0 fnt
|-heal|p2a: Scrafty|59/100|[from] drain|[of] p1a: Poliwrath
|faint|p1a: Poliwrath
|
|-heal|p2a: Scrafty|65/100|[from] item: Leftovers
|upkeep
|
|t:|1629014809
|switch|p1a: Eldegoss|Eldegoss, M|42/100
|turn|57
|
|t:|1629014822
|switch|p1a: Weezing|Weezing, F|86/100
|-ability|p1a: Weezing|Neutralizing Gas
|-damage|p1a: Weezing|74/100|[from] Stealth Rock
|move|p2a: Scrafty|Knock Off|p1a: Weezing
|-damage|p1a: Weezing|42/100
|-enditem|p1a: Weezing|Black Sludge|[from] move: Knock Off|[of] p2a: Scrafty
|
|-heal|p2a: Scrafty|71/100|[from] item: Leftovers
|upkeep
|turn|58
|
|t:|1629014837
|move|p2a: Scrafty|Bulk Up|p2a: Scrafty
|-boost|p2a: Scrafty|atk|1
|-boost|p2a: Scrafty|def|1
|move|p1a: Weezing|Will-O-Wisp|p2a: Scrafty
|-status|p2a: Scrafty|brn
|
|-heal|p2a: Scrafty|77/100 brn|[from] item: Leftovers
|-damage|p2a: Scrafty|71/100 brn|[from] brn
|upkeep
|turn|59
|j| laevin
|
|t:|1629014843
|-end|p1a: Weezing|ability: Neutralizing Gas
|switch|p1a: Eldegoss|Eldegoss, M|75/100
|move|p2a: Scrafty|Knock Off|p1a: Eldegoss
|-damage|p1a: Eldegoss|42/100
|-enditem|p1a: Eldegoss|Heavy-Duty Boots|[from] move: Knock Off|[of] p2a: Scrafty
|
|-heal|p2a: Scrafty|77/100 brn|[from] item: Leftovers
|-damage|p2a: Scrafty|71/100 brn|[from] brn
|upkeep
|turn|60
|
|t:|1629014854
|move|p2a: Scrafty|Drain Punch|p1a: Eldegoss
|-damage|p1a: Eldegoss|13/100
|-heal|p2a: Scrafty|86/100 brn|[from] drain|[of] p1a: Eldegoss
|move|p1a: Eldegoss|Rapid Spin|p2a: Scrafty
|-damage|p2a: Scrafty|83/100 brn
|-boost|p1a: Eldegoss|spe|1
|-sideend|p1: pult94d mix|Stealth Rock|[from] move: Rapid Spin|[of] p1a: Eldegoss
|
|-heal|p2a: Scrafty|89/100 brn|[from] item: Leftovers
|-damage|p2a: Scrafty|83/100 brn|[from] brn
|upkeep
|turn|61
|
|t:|1629014865
|move|p1a: Eldegoss|Leaf Storm|p2a: Scrafty
|-damage|p2a: Scrafty|42/100 brn
|-unboost|p1a: Eldegoss|spa|2
|move|p2a: Scrafty|Knock Off|p1a: Eldegoss
|-damage|p1a: Eldegoss|0 fnt
|faint|p1a: Eldegoss
|
|-activate|p2a: Scrafty|ability: Shed Skin
|-curestatus|p2a: Scrafty|brn|[msg]
|-heal|p2a: Scrafty|48/100|[from] item: Leftovers
|upkeep
|
|t:|1629014869
|switch|p1a: Charizard|Charizard, F|25/100
|turn|62
|
|t:|1629014887
|switch|p2a: Charizard|Charizard, M|45/100 tox
|move|p1a: Charizard|Hurricane|p2a: Charizard
|-damage|p2a: Charizard|0 fnt
|faint|p2a: Charizard
|
|upkeep
|
|t:|1629014889
|switch|p2a: Whimsicott|Whimsicott, F|60/100
|turn|63
|
|t:|1629014903
|switch|p1a: Gigalith|Gigalith, F|65/100
|-weather|Sandstorm|[from] ability: Sand Stream|[of] p1a: Gigalith
|move|p2a: Whimsicott|Moonblast|p1a: Gigalith
|-damage|p1a: Gigalith|47/100
|
|-weather|Sandstorm|[upkeep]
|-damage|p2a: Whimsicott|53/100|[from] Sandstorm
|upkeep
|turn|64
|
|t:|1629014913
|move|p2a: Whimsicott|Giga Drain|p1a: Gigalith
|-supereffective|p1a: Gigalith
|-damage|p1a: Gigalith|16/100
|-heal|p2a: Whimsicott|76/100|[from] drain|[of] p1a: Gigalith
|move|p1a: Gigalith|Rock Blast|p2a: Whimsicott
|-damage|p2a: Whimsicott|60/100
|-damage|p2a: Whimsicott|42/100
|-damage|p2a: Whimsicott|25/100
|-damage|p2a: Whimsicott|9/100
|-hitcount|p2a: Whimsicott|4
|
|-weather|Sandstorm|[upkeep]
|-damage|p2a: Whimsicott|2/100|[from] Sandstorm
|upkeep
|turn|65
|
|t:|1629014919
|move|p1a: Gigalith|Protect|p1a: Gigalith
|-singleturn|p1a: Gigalith|Protect
|move|p2a: Whimsicott|Giga Drain|p1a: Gigalith
|-activate|p1a: Gigalith|move: Protect
|
|-weather|Sandstorm|[upkeep]
|-damage|p2a: Whimsicott|0 fnt|[from] Sandstorm
|faint|p2a: Whimsicott
|upkeep
|
|t:|1629014922
|switch|p2a: Scrafty|Scrafty, M|48/100
|turn|66
|
|t:|1629014938
|move|p2a: Scrafty|Bulk Up|p2a: Scrafty
|-boost|p2a: Scrafty|atk|1
|-boost|p2a: Scrafty|def|1
|move|p1a: Gigalith|Toxic|p2a: Scrafty|[miss]
|-miss|p1a: Gigalith|p2a: Scrafty
|
|-weather|Sandstorm|[upkeep]
|-damage|p2a: Scrafty|42/100|[from] Sandstorm
|-heal|p2a: Scrafty|48/100|[from] item: Leftovers
|upkeep
|turn|67
|
|t:|1629014943
|switch|p1a: Weezing|Weezing, F|42/100
|-ability|p1a: Weezing|Neutralizing Gas
|move|p2a: Scrafty|Bulk Up|p2a: Scrafty
|-boost|p2a: Scrafty|atk|1
|-boost|p2a: Scrafty|def|1
|
|-weather|none
|-heal|p2a: Scrafty|54/100|[from] item: Leftovers
|upkeep
|turn|68
|
|t:|1629014949
|move|p2a: Scrafty|Rest|p2a: Scrafty
|-status|p2a: Scrafty|slp|[from] move: Rest
|-heal|p2a: Scrafty|100/100 slp|[silent]
|move|p1a: Weezing|Will-O-Wisp||[still]
|-fail|p1a: Weezing
|
|upkeep
|turn|69
|
|t:|1629014951
|-end|p1a: Weezing|ability: Neutralizing Gas
|switch|p1a: Charizard|Charizard, F|25/100
|cant|p2a: Scrafty|slp
|
|-activate|p2a: Scrafty|ability: Shed Skin
|-curestatus|p2a: Scrafty|slp|[msg]
|upkeep
|turn|70
|
|t:|1629014969
|switch|p1a: Gigalith|Gigalith, F|16/100
|-weather|Sandstorm|[from] ability: Sand Stream|[of] p1a: Gigalith
|move|p2a: Scrafty|Knock Off|p1a: Gigalith
|-damage|p1a: Gigalith|0 fnt
|faint|p1a: Gigalith
|
|-weather|Sandstorm|[upkeep]
|-damage|p2a: Scrafty|94/100|[from] Sandstorm
|-heal|p2a: Scrafty|100/100|[from] item: Leftovers
|upkeep
|
|t:|1629014971
|switch|p1a: Weezing|Weezing, F|42/100
|-ability|p1a: Weezing|Neutralizing Gas
|turn|71
|j| pult94d zizoupaz
|inactive|PULT94D X has 120 seconds left.
|
|t:|1629015024
|move|p2a: Scrafty|Bulk Up|p2a: Scrafty
|-boost|p2a: Scrafty|atk|1
|-boost|p2a: Scrafty|def|1
|move|p1a: Weezing|Will-O-Wisp|p2a: Scrafty
|-status|p2a: Scrafty|brn
|
|-weather|Sandstorm|[upkeep]
|-damage|p2a: Scrafty|94/100 brn|[from] Sandstorm
|-damage|p1a: Weezing|36/100|[from] Sandstorm
|-heal|p2a: Scrafty|100/100 brn|[from] item: Leftovers
|-damage|p2a: Scrafty|94/100 brn|[from] brn
|upkeep
|turn|72
|
|t:|1629015038
|move|p2a: Scrafty|Rest|p2a: Scrafty
|-status|p2a: Scrafty|slp|[from] move: Rest
|-heal|p2a: Scrafty|100/100 slp|[silent]
|move|p1a: Weezing|Pain Split|p2a: Scrafty
|-sethp|p2a: Scrafty|68/100 slp|[from] move: Pain Split|[silent]
|-sethp|p1a: Weezing|68/100|[from] move: Pain Split
|
|-weather|Sandstorm|[upkeep]
|-damage|p2a: Scrafty|62/100 slp|[from] Sandstorm
|-damage|p1a: Weezing|62/100|[from] Sandstorm
|-heal|p2a: Scrafty|68/100 slp|[from] item: Leftovers
|upkeep
|turn|73
|
|t:|1629015043
|-end|p1a: Weezing|ability: Neutralizing Gas
|switch|p1a: Charizard|Charizard, F|25/100
|cant|p2a: Scrafty|slp
|
|-weather|Sandstorm|[upkeep]
|-damage|p1a: Charizard|19/100|[from] Sandstorm
|-damage|p2a: Scrafty|62/100 slp|[from] Sandstorm
|-heal|p2a: Scrafty|68/100 slp|[from] item: Leftovers
|upkeep
|turn|74
|
|t:|1629015052
|move|p1a: Charizard|Hurricane|p2a: Scrafty|[miss]
|-miss|p1a: Charizard|p2a: Scrafty
|cant|p2a: Scrafty|slp
|
|-weather|none
|-activate|p2a: Scrafty|ability: Shed Skin
|-curestatus|p2a: Scrafty|slp|[msg]
|-heal|p2a: Scrafty|74/100|[from] item: Leftovers
|upkeep
|turn|75
|inactive|PULT94D X has 120 seconds left.
|
|t:|1629015057
|move|p1a: Charizard|Hurricane|p2a: Scrafty
|-supereffective|p2a: Scrafty
|-damage|p2a: Scrafty|0 fnt
|faint|p2a: Scrafty
|
|win|pult94d mix
|raw|pult94d mix's rating: 1477 &rarr; <strong>1506</strong><br />(+29 for winning)
|raw|PULT94D X's rating: 1639 &rarr; <strong>1610</strong><br />(-29 for losing)
|l|☆PULT94D X
|l| pult94d zizoupaz
|l|☆pult94d mix
