|html|<div class="broadcast-blue"><strong>[Gen 8] PU is currently suspecting Vanilluxe! For information on how to participate check out the <a href="https://www.smogon.com/forums/threads/np-ss-pu-stage-10-ice-cream-vanilluxe-suspect-test.3705646/">suspect thread</a>.</strong></div>
|j|☆Hax ruins pokemon
|j|☆PULT4C1 zoowi
|t:|1660529490
|gametype|singles
|player|p1|Hax ruins pokemon|170|1382
|player|p2|PULT4C1 zoowi|burglar-gen2|1251
|teamsize|p1|6
|teamsize|p2|6
|gen|8
|tier|[Gen 8] PU
|rated|
|rule|Sleep Clause Mod: Limit one foe put to sleep
|rule|Species Clause: Limit one of each Pokémon
|rule|OHKO Clause: OHKO moves are banned
|rule|Evasion Items Clause: Evasion items are banned
|rule|Evasion Moves Clause: Evasion moves are banned
|rule|Endless Battle Clause: Forcing endless battles is banned
|rule|HP Percentage Mod: HP is shown in percentages
|rule|Dynamax Clause: You cannot dynamax
|clearpoke
|poke|p1|Scrafty, F|
|poke|p1|Lanturn, F|
|poke|p1|Weezing, M|
|poke|p1|Charizard, M|
|poke|p1|Comfey, M|
|poke|p1|Sandaconda, F|
|poke|p2|Silvally-*|
|poke|p2|Gallade, M|
|poke|p2|Scrafty, M|
|poke|p2|Jolteon, F|
|poke|p2|Coalossal, F|
|poke|p2|Poliwrath, F|
|teampreview
|
|t:|1660529524
|start
|switch|p1a: Weezing|Weezing, M|100/100
|switch|p2a: Gallade|Gallade, M|100/100
|-ability|p1a: Weezing|Neutralizing Gas
|turn|1
|
|t:|1660529546
|move|p2a: Gallade|Psycho Cut|p1a: Weezing
|-supereffective|p1a: Weezing
|-crit|p1a: Weezing
|-damage|p1a: Weezing|2/100
|-damage|p2a: Gallade|91/100|[from] item: Life Orb
|move|p1a: Weezing|Will-O-Wisp|p2a: Gallade
|-status|p2a: Gallade|brn
|
|-heal|p1a: Weezing|8/100|[from] item: Black Sludge
|-damage|p2a: Gallade|85/100 brn|[from] brn
|upkeep
|turn|2
|
|t:|1660529572
|-end|p1a: Weezing|ability: Neutralizing Gas
|switch|p1a: Comfey|Comfey, M|100/100
|move|p2a: Gallade|Knock Off|p1a: Comfey
|-resisted|p1a: Comfey
|-damage|p1a: Comfey|91/100
|-enditem|p1a: Comfey|Leftovers|[from] move: Knock Off|[of] p2a: Gallade
|-damage|p2a: Gallade|75/100 brn|[from] item: Life Orb
|
|-damage|p2a: Gallade|69/100 brn|[from] brn
|upkeep
|turn|3
|
|t:|1660529589
|switch|p2a: Silvally|Silvally-Ghost|100/100
|move|p1a: Comfey|Leech Seed|p2a: Silvally
|-start|p2a: Silvally|move: Leech Seed
|
|-damage|p2a: Silvally|88/100|[from] Leech Seed|[of] p1a: Comfey
|-heal|p1a: Comfey|100/100|[silent]
|upkeep
|turn|4
|j| PULT4C1 riquelme
|
|t:|1660529633
|switch|p2a: Jolteon|Jolteon, F|100/100
|move|p1a: Comfey|Calm Mind|p1a: Comfey
|-boost|p1a: Comfey|spa|1
|-boost|p1a: Comfey|spd|1
|
|upkeep
|turn|5
|
|t:|1660529650
|switch|p1a: Sandaconda|Sandaconda, F|100/100
|move|p2a: Jolteon|Volt Switch|p1a: Sandaconda
|-immune|p1a: Sandaconda
|
|upkeep
|turn|6
|
|t:|1660529664
|switch|p2a: Scrafty|Scrafty, M|100/100
|move|p1a: Sandaconda|Earthquake|p2a: Scrafty
|-damage|p2a: Scrafty|71/100
|
|-heal|p2a: Scrafty|77/100|[from] item: Leftovers
|upkeep
|turn|7
|
|t:|1660529679
|switch|p1a: Comfey|Comfey, M|100/100
|move|p2a: Scrafty|Knock Off|p1a: Comfey
|-resisted|p1a: Comfey
|-damage|p1a: Comfey|92/100
|
|-heal|p2a: Scrafty|83/100|[from] item: Leftovers
|upkeep
|turn|8
|
|t:|1660529685
|switch|p2a: Coalossal|Coalossal, F|100/100
|move|p1a: Comfey|Substitute|p1a: Comfey
|-start|p1a: Comfey|Substitute
|-damage|p1a: Comfey|67/100
|
|upkeep
|turn|9
|
|t:|1660529691
|move|p1a: Comfey|Leech Seed|p2a: Coalossal
|-start|p2a: Coalossal|move: Leech Seed
|move|p2a: Coalossal|Stealth Rock|p1a: Comfey
|-sidestart|p1: Hax ruins pokemon|move: Stealth Rock
|
|-damage|p2a: Coalossal|88/100|[from] Leech Seed|[of] p1a: Comfey
|-heal|p1a: Comfey|84/100|[silent]
|upkeep
|turn|10
|
|t:|1660529698
|switch|p2a: Jolteon|Jolteon, F|100/100
|move|p1a: Comfey|Calm Mind|p1a: Comfey
|-boost|p1a: Comfey|spa|1
|-boost|p1a: Comfey|spd|1
|
|upkeep
|turn|11
|j| isabela000◥▶_◀◤
|
|t:|1660529707
|move|p2a: Jolteon|Thunderbolt|p1a: Comfey
|-end|p1a: Comfey|Substitute
|move|p1a: Comfey|Leech Seed|p2a: Jolteon
|-start|p2a: Jolteon|move: Leech Seed
|
|-damage|p2a: Jolteon|88/100|[from] Leech Seed|[of] p1a: Comfey
|-heal|p1a: Comfey|95/100|[silent]
|upkeep
|turn|12
|
|t:|1660529727
|switch|p1a: Lanturn|Lanturn, F|100/100
|-damage|p1a: Lanturn|88/100|[from] Stealth Rock
|move|p2a: Jolteon|Thunderbolt|p1a: Lanturn
|-heal|p1a: Lanturn|100/100|[from] ability: Volt Absorb|[of] p2a: Jolteon
|
|-damage|p2a: Jolteon|76/100|[from] Leech Seed|[of] p1a: Lanturn
|upkeep
|turn|13
|
|t:|1660529746
|switch|p2a: Scrafty|Scrafty, M|83/100
|move|p1a: Lanturn|Toxic|p2a: Scrafty
|-status|p2a: Scrafty|tox
|
|-activate|p2a: Scrafty|ability: Shed Skin
|-curestatus|p2a: Scrafty|tox|[msg]
|-heal|p2a: Scrafty|89/100|[from] item: Leftovers
|upkeep
|turn|14
|
|t:|1660529752
|switch|p2a: Jolteon|Jolteon, F|76/100
|move|p1a: Lanturn|Volt Switch|p2a: Jolteon
|-heal|p2a: Jolteon|100/100|[from] ability: Volt Absorb|[of] p1a: Lanturn
|
|upkeep
|turn|15
|
|t:|1660529767
|move|p2a: Jolteon|Hyper Voice|p1a: Lanturn
|-damage|p1a: Lanturn|71/100
|move|p1a: Lanturn|Scald|p2a: Jolteon
|-crit|p2a: Jolteon
|-damage|p2a: Jolteon|55/100
|
|-heal|p1a: Lanturn|77/100|[from] item: Leftovers
|upkeep
|turn|16
|
|t:|1660529791
|switch|p2a: Scrafty|Scrafty, M|89/100
|move|p1a: Lanturn|Scald|p2a: Scrafty
|-damage|p2a: Scrafty|70/100
|
|-heal|p1a: Lanturn|83/100|[from] item: Leftovers
|-heal|p2a: Scrafty|76/100|[from] item: Leftovers
|upkeep
|turn|17
|
|t:|1660529797
|switch|p1a: Comfey|Comfey, M|95/100
|-damage|p1a: Comfey|82/100|[from] Stealth Rock
|move|p2a: Scrafty|Knock Off|p1a: Comfey
|-resisted|p1a: Comfey
|-crit|p1a: Comfey
|-damage|p1a: Comfey|68/100
|
|-heal|p2a: Scrafty|82/100|[from] item: Leftovers
|upkeep
|turn|18
|
|t:|1660529807
|switch|p2a: Jolteon|Jolteon, F|55/100
|move|p1a: Comfey|Leech Seed|p2a: Jolteon
|-start|p2a: Jolteon|move: Leech Seed
|
|-damage|p2a: Jolteon|43/100|[from] Leech Seed|[of] p1a: Comfey
|-heal|p1a: Comfey|79/100|[silent]
|upkeep
|turn|19
|
|t:|1660529827
|switch|p1a: Sandaconda|Sandaconda, F|100/100
|-damage|p1a: Sandaconda|94/100|[from] Stealth Rock
|move|p2a: Jolteon|Hyper Voice|p1a: Sandaconda
|-damage|p1a: Sandaconda|52/100
|
|-heal|p1a: Sandaconda|58/100|[from] item: Leftovers
|-damage|p2a: Jolteon|31/100|[from] Leech Seed|[of] p1a: Sandaconda
|-heal|p1a: Sandaconda|67/100|[silent]
|upkeep
|turn|20
|
|t:|1660529844
|switch|p2a: Scrafty|Scrafty, M|82/100
|move|p1a: Sandaconda|Earthquake|p2a: Scrafty
|-damage|p2a: Scrafty|56/100
|
|-heal|p1a: Sandaconda|73/100|[from] item: Leftovers
|-heal|p2a: Scrafty|62/100|[from] item: Leftovers
|upkeep
|turn|21
|
|t:|1660529850
|switch|p1a: Comfey|Comfey, M|79/100
|-damage|p1a: Comfey|67/100|[from] Stealth Rock
|switch|p2a: Poliwrath|Poliwrath, F|100/100
|
|upkeep
|turn|22
|
|t:|1660529889
|move|p1a: Comfey|Leech Seed|p2a: Poliwrath
|-start|p2a: Poliwrath|move: Leech Seed
|move|p2a: Poliwrath|Poison Jab|p1a: Comfey
|-supereffective|p1a: Comfey
|-damage|p1a: Comfey|22/100
|-status|p1a: Comfey|psn
|
|-damage|p2a: Poliwrath|88/100|[from] Leech Seed|[of] p1a: Comfey
|-heal|p1a: Comfey|36/100 psn|[silent]
|-damage|p1a: Comfey|24/100 psn|[from] psn
|upkeep
|turn|23
|
|t:|1660529919
|switch|p1a: Lanturn|Lanturn, F|83/100
|-damage|p1a: Lanturn|71/100|[from] Stealth Rock
|move|p2a: Poliwrath|Poison Jab|p1a: Lanturn
|-damage|p1a: Lanturn|48/100
|
|-heal|p1a: Lanturn|54/100|[from] item: Leftovers
|-damage|p2a: Poliwrath|76/100|[from] Leech Seed|[of] p1a: Lanturn
|-heal|p1a: Lanturn|64/100|[silent]
|upkeep
|turn|24
|
|t:|1660529940
|switch|p2a: Gallade|Gallade, M|69/100 brn
|move|p1a: Lanturn|Toxic||[still]
|-fail|p1a: Lanturn
|
|-heal|p1a: Lanturn|70/100|[from] item: Leftovers
|-damage|p2a: Gallade|63/100 brn|[from] brn
|upkeep
|turn|25
|
|t:|1660529954
|move|p2a: Gallade|Knock Off|p1a: Lanturn
|-damage|p1a: Lanturn|47/100
|-enditem|p1a: Lanturn|Leftovers|[from] move: Knock Off|[of] p2a: Gallade
|-damage|p2a: Gallade|53/100 brn|[from] item: Life Orb
|move|p1a: Lanturn|Volt Switch|p2a: Gallade
|-damage|p2a: Gallade|33/100 brn
|
|t:|1660529989
|switch|p1a: Charizard|Charizard, M|100/100|[from]move: Volt Switch
|
|-damage|p2a: Gallade|27/100 brn|[from] brn
|upkeep
|turn|26
|
|t:|1660530000
|switch|p2a: Coalossal|Coalossal, F|88/100
|move|p1a: Charizard|Earthquake|p2a: Coalossal
|-supereffective|p2a: Coalossal
|-damage|p2a: Coalossal|38/100
|
|upkeep
|turn|27
|
|t:|1660530033
|move|p1a: Charizard|Earthquake|p2a: Coalossal
|-supereffective|p2a: Coalossal
|-damage|p2a: Coalossal|0 fnt
|faint|p2a: Coalossal
|
|upkeep
|j| Dark★Shionツ
|
|t:|1660530038
|switch|p2a: Poliwrath|Poliwrath, F|76/100
|turn|28
|
|t:|1660530050
|switch|p1a: Weezing|Weezing, M|8/100
|-ability|p1a: Weezing|Neutralizing Gas
|-damage|p1a: Weezing|0 fnt|[from] Stealth Rock
|faint|p1a: Weezing
|-end|p1a: Weezing|ability: Neutralizing Gas
|move|p2a: Poliwrath|Liquidation|p1: Weezing|[notarget]
|-fail|p2a: Poliwrath
|
|upkeep
|
|t:|1660530068
|switch|p1a: Lanturn|Lanturn, F|47/100
|-damage|p1a: Lanturn|34/100|[from] Stealth Rock
|turn|29
|
|t:|1660530085
|move|p2a: Poliwrath|Close Combat|p1a: Lanturn
|-damage|p1a: Lanturn|0 fnt
|-unboost|p2a: Poliwrath|def|1
|-unboost|p2a: Poliwrath|spd|1
|faint|p1a: Lanturn
|
|upkeep
|
|t:|1660530114
|switch|p1a: Comfey|Comfey, M|24/100 psn
|-damage|p1a: Comfey|12/100 psn|[from] Stealth Rock
|turn|30
|
|t:|1660530124
|move|p1a: Comfey|Draining Kiss|p2a: Poliwrath
|-supereffective|p2a: Poliwrath
|-damage|p2a: Poliwrath|45/100
|-heal|p1a: Comfey|38/100 psn|[from] drain|[of] p2a: Poliwrath
|move|p2a: Poliwrath|Poison Jab|p1a: Comfey
|-supereffective|p1a: Comfey
|-damage|p1a: Comfey|0 fnt
|faint|p1a: Comfey
|
|upkeep
|l| Dark★Shionツ
|
|t:|1660530196
|switch|p1a: Sandaconda|Sandaconda, F|73/100
|-damage|p1a: Sandaconda|67/100|[from] Stealth Rock
|turn|31
|
|t:|1660530214
|switch|p2a: Gallade|Gallade, M|27/100 brn
|move|p1a: Sandaconda|Earthquake|p2a: Gallade
|-damage|p2a: Gallade|0 fnt
|faint|p2a: Gallade
|
|-heal|p1a: Sandaconda|73/100|[from] item: Leftovers
|upkeep
|
|t:|1660530217
|switch|p2a: Scrafty|Scrafty, M|62/100
|turn|32
|
|t:|1660530224
|switch|p1a: Scrafty|Scrafty, F|100/100
|-damage|p1a: Scrafty|95/100|[from] Stealth Rock
|move|p2a: Scrafty|Bulk Up|p2a: Scrafty
|-boost|p2a: Scrafty|atk|1
|-boost|p2a: Scrafty|def|1
|
|-heal|p2a: Scrafty|68/100|[from] item: Leftovers
|upkeep
|turn|33
|
|t:|1660530228
|move|p1a: Scrafty|Close Combat|p2a: Scrafty
|-supereffective|p2a: Scrafty
|-damage|p2a: Scrafty|22/100
|-unboost|p1a: Scrafty|def|1
|-unboost|p1a: Scrafty|spd|1
|move|p2a: Scrafty|Drain Punch|p1a: Scrafty
|-supereffective|p1a: Scrafty
|-damage|p1a: Scrafty|0 fnt
|-heal|p2a: Scrafty|61/100|[from] drain|[of] p1a: Scrafty
|faint|p1a: Scrafty
|
|-heal|p2a: Scrafty|67/100|[from] item: Leftovers
|upkeep
|c|☆Hax ruins pokemon|oof
|c|☆PULT4C1 zoowi|max defence
|c|☆Hax ruins pokemon|what the hek
|
|t:|1660530271
|switch|p1a: Sandaconda|Sandaconda, F|73/100
|-damage|p1a: Sandaconda|67/100|[from] Stealth Rock
|turn|34
|c|☆PULT4C1 zoowi|bc sp def does nothing for u
|c|☆PULT4C1 zoowi|u still die to hurricane and moonblast
|
|t:|1660530279
|move|p1a: Sandaconda|Coil|p1a: Sandaconda
|-boost|p1a: Sandaconda|atk|1
|-boost|p1a: Sandaconda|def|1
|-boost|p1a: Sandaconda|accuracy|1
|move|p2a: Scrafty|Bulk Up|p2a: Scrafty
|-boost|p2a: Scrafty|atk|1
|-boost|p2a: Scrafty|def|1
|
|-heal|p1a: Sandaconda|73/100|[from] item: Leftovers
|-heal|p2a: Scrafty|73/100|[from] item: Leftovers
|upkeep
|turn|35
|
|t:|1660530289
|move|p1a: Sandaconda|Coil|p1a: Sandaconda
|-boost|p1a: Sandaconda|atk|1
|-boost|p1a: Sandaconda|def|1
|-boost|p1a: Sandaconda|accuracy|1
|move|p2a: Scrafty|Bulk Up|p2a: Scrafty
|-boost|p2a: Scrafty|atk|1
|-boost|p2a: Scrafty|def|1
|
|-heal|p1a: Sandaconda|79/100|[from] item: Leftovers
|-heal|p2a: Scrafty|79/100|[from] item: Leftovers
|upkeep
|turn|36
|c|☆Hax ruins pokemon|super meta
|
|t:|1660530293
|move|p1a: Sandaconda|Coil|p1a: Sandaconda
|-boost|p1a: Sandaconda|atk|1
|-boost|p1a: Sandaconda|def|1
|-boost|p1a: Sandaconda|accuracy|1
|move|p2a: Scrafty|Bulk Up|p2a: Scrafty
|-boost|p2a: Scrafty|atk|1
|-boost|p2a: Scrafty|def|1
|
|-heal|p1a: Sandaconda|85/100|[from] item: Leftovers
|-heal|p2a: Scrafty|85/100|[from] item: Leftovers
|upkeep
|turn|37
|
|t:|1660530297
|move|p1a: Sandaconda|Coil|p1a: Sandaconda
|-boost|p1a: Sandaconda|atk|1
|-boost|p1a: Sandaconda|def|1
|-boost|p1a: Sandaconda|accuracy|1
|move|p2a: Scrafty|Knock Off|p1a: Sandaconda
|-damage|p1a: Sandaconda|60/100
|-enditem|p1a: Sandaconda|Leftovers|[from] move: Knock Off|[of] p2a: Scrafty
|
|-heal|p2a: Scrafty|91/100|[from] item: Leftovers
|upkeep
|turn|38
|c|☆PULT4C1 zoowi|btw this beats coil sanda
|c|☆Hax ruins pokemon|probably
|c|☆PULT4C1 zoowi|unles crit
|c|☆PULT4C1 zoowi|ofc
|
|t:|1660530314
|move|p1a: Sandaconda|Earthquake|p2a: Scrafty
|-damage|p2a: Scrafty|63/100
|move|p2a: Scrafty|Bulk Up|p2a: Scrafty
|-boost|p2a: Scrafty|atk|1
|-boost|p2a: Scrafty|def|1
|
|-heal|p2a: Scrafty|69/100|[from] item: Leftovers
|upkeep
|turn|39
|
|t:|1660530321
|move|p1a: Sandaconda|Rest|p1a: Sandaconda
|-status|p1a: Sandaconda|slp|[from] move: Rest
|-heal|p1a: Sandaconda|100/100 slp|[silent]
|move|p2a: Scrafty|Bulk Up|p2a: Scrafty
|-boost|p2a: Scrafty|atk|1
|-boost|p2a: Scrafty|def|1
|
|-heal|p2a: Scrafty|75/100|[from] item: Leftovers
|upkeep
|turn|40
|
|t:|1660530324
|cant|p1a: Sandaconda|slp
|move|p2a: Scrafty|Drain Punch|p1a: Sandaconda
|-damage|p1a: Sandaconda|73/100 slp
|-heal|p2a: Scrafty|89/100|[from] drain|[of] p1a: Sandaconda
|
|-heal|p2a: Scrafty|95/100|[from] item: Leftovers
|upkeep
|turn|41
|
|t:|1660530327
|cant|p1a: Sandaconda|slp
|move|p2a: Scrafty|Drain Punch|p1a: Sandaconda
|-damage|p1a: Sandaconda|48/100 slp
|-heal|p2a: Scrafty|100/100|[from] drain|[of] p1a: Sandaconda
|
|upkeep
|turn|42
|
|t:|1660530336
|-curestatus|p1a: Sandaconda|slp|[msg]
|move|p1a: Sandaconda|Rest|p1a: Sandaconda
|-status|p1a: Sandaconda|slp|[from] move: Rest
|-heal|p1a: Sandaconda|100/100 slp|[silent]
|move|p2a: Scrafty|Drain Punch|p1a: Sandaconda
|-damage|p1a: Sandaconda|73/100 slp
|
|-activate|p1a: Sandaconda|ability: Shed Skin
|-curestatus|p1a: Sandaconda|slp|[msg]
|upkeep
|turn|43
|
|t:|1660530339
|move|p1a: Sandaconda|Earthquake|p2a: Scrafty
|-damage|p2a: Scrafty|81/100
|move|p2a: Scrafty|Knock Off|p1a: Sandaconda
|-damage|p1a: Sandaconda|49/100
|
|-heal|p2a: Scrafty|87/100|[from] item: Leftovers
|upkeep
|turn|44
|
|t:|1660530349
|move|p1a: Sandaconda|Rest|p1a: Sandaconda
|-status|p1a: Sandaconda|slp|[from] move: Rest
|-heal|p1a: Sandaconda|100/100 slp|[silent]
|move|p2a: Scrafty|Knock Off|p1a: Sandaconda
|-damage|p1a: Sandaconda|77/100 slp
|
|-heal|p2a: Scrafty|93/100|[from] item: Leftovers
|upkeep
|turn|45
|
|t:|1660530351
|cant|p1a: Sandaconda|slp
|move|p2a: Scrafty|Knock Off|p1a: Sandaconda
|-damage|p1a: Sandaconda|55/100 slp
|
|-activate|p1a: Sandaconda|ability: Shed Skin
|-curestatus|p1a: Sandaconda|slp|[msg]
|-heal|p2a: Scrafty|99/100|[from] item: Leftovers
|upkeep
|turn|46
|
|t:|1660530358
|move|p1a: Sandaconda|Coil|p1a: Sandaconda
|-boost|p1a: Sandaconda|atk|1
|-boost|p1a: Sandaconda|def|1
|-boost|p1a: Sandaconda|accuracy|1
|move|p2a: Scrafty|Knock Off|p1a: Sandaconda
|-damage|p1a: Sandaconda|36/100
|
|-heal|p2a: Scrafty|100/100|[from] item: Leftovers
|upkeep
|turn|47
|
|t:|1660530361
|move|p1a: Sandaconda|Rest|p1a: Sandaconda
|-status|p1a: Sandaconda|slp|[from] move: Rest
|-heal|p1a: Sandaconda|100/100 slp|[silent]
|move|p2a: Scrafty|Knock Off|p1a: Sandaconda
|-damage|p1a: Sandaconda|81/100 slp
|
|upkeep
|turn|48
|
|t:|1660530364
|cant|p1a: Sandaconda|slp
|move|p2a: Scrafty|Knock Off|p1a: Sandaconda
|-damage|p1a: Sandaconda|62/100 slp
|
|upkeep
|turn|49
|
|t:|1660530367
|cant|p1a: Sandaconda|slp
|move|p2a: Scrafty|Knock Off|p1a: Sandaconda
|-damage|p1a: Sandaconda|42/100 slp
|
|upkeep
|turn|50
|
|t:|1660530371
|-curestatus|p1a: Sandaconda|slp|[msg]
|move|p1a: Sandaconda|Rest|p1a: Sandaconda
|-status|p1a: Sandaconda|slp|[from] move: Rest
|-heal|p1a: Sandaconda|100/100 slp|[silent]
|move|p2a: Scrafty|Knock Off|p1a: Sandaconda
|-damage|p1a: Sandaconda|82/100 slp
|
|-activate|p1a: Sandaconda|ability: Shed Skin
|-curestatus|p1a: Sandaconda|slp|[msg]
|upkeep
|turn|51
|
|t:|1660530384
|move|p1a: Sandaconda|Coil|p1a: Sandaconda
|-boost|p1a: Sandaconda|atk|1
|-boost|p1a: Sandaconda|def|1
|-boost|p1a: Sandaconda|accuracy|1
|move|p2a: Scrafty|Bulk Up|p2a: Scrafty
|-boost|p2a: Scrafty|atk|0
|-boost|p2a: Scrafty|def|0
|
|upkeep
|turn|52
|
|t:|1660530390
|move|p1a: Sandaconda|Stone Edge|p2a: Scrafty
|-resisted|p2a: Scrafty
|-damage|p2a: Scrafty|92/100
|move|p2a: Scrafty|Knock Off|p1a: Sandaconda
|-damage|p1a: Sandaconda|65/100
|
|-heal|p2a: Scrafty|98/100|[from] item: Leftovers
|upkeep
|turn|53
|c|☆Hax ruins pokemon|lol
|
|t:|1660530395
|move|p1a: Sandaconda|Earthquake|p2a: Scrafty
|-crit|p2a: Scrafty
|-damage|p2a: Scrafty|0 fnt
|faint|p2a: Scrafty
|
|upkeep
|c|☆Hax ruins pokemon|YOOO
|c|☆PULT4C1 zoowi|woof
|c|☆Hax ruins pokemon|we take those
|c|☆Hax ruins pokemon|XD
|c|☆PULT4C1 zoowi|aite
|
|t:|1660530430
|switch|p2a: Silvally|Silvally-Ghost|88/100
|turn|54
|c|☆PULT4C1 zoowi|u like crits
|c|☆PULT4C1 zoowi|get crit
|
|t:|1660530442
|move|p2a: Silvally|Multi-Attack|p1a: Sandaconda
|-damage|p1a: Sandaconda|55/100
|move|p1a: Sandaconda|Earthquake|p2a: Silvally
|-damage|p2a: Silvally|0 fnt
|faint|p2a: Silvally
|
|upkeep
|c|☆Hax ruins pokemon|/me <..
|
|t:|1660530453
|switch|p2a: Jolteon|Jolteon, F|31/100
|turn|55
|c|☆PULT4C1 zoowi|come on jolt
|c|☆PULT4C1 zoowi|COME ON
|
|t:|1660530476
|move|p2a: Jolteon|Hyper Voice|p1a: Sandaconda
|-damage|p1a: Sandaconda|17/100
|move|p1a: Sandaconda|Earthquake|p2a: Jolteon
|-supereffective|p2a: Jolteon
|-damage|p2a: Jolteon|0 fnt
|faint|p2a: Jolteon
|
|upkeep
|
|t:|1660530479
|switch|p2a: Poliwrath|Poliwrath, F|45/100
|turn|56
|c|☆PULT4C1 zoowi|u think
|c|☆PULT4C1 zoowi|u got me eh
|c|☆Hax ruins pokemon|dang i lose
|c|☆PULT4C1 zoowi|lemme
|c|☆PULT4C1 zoowi|calc this
|c|☆Hax ruins pokemon|shoulda reset
|c|☆Hax ruins pokemon|rest
|c|☆PULT4C1 zoowi|bc my 4th aint scald
|c|☆Hax ruins pokemon|i lose
|j| PULT4C1 LW
|c|☆Hax ruins pokemon|rip
|c|☆Hax ruins pokemon|actually
|c|☆Hax ruins pokemon|u need a high roll
|c|☆Hax ruins pokemon|but its possible
|c|☆PULT4C1 zoowi|na see i have
|c|☆PULT4C1 zoowi|secret move
|c|☆PULT4C1 zoowi|that i think im using over liquidation
|c|☆Hax ruins pokemon|oh wow
|c|☆Hax ruins pokemon|do tell
|c|☆PULT4C1 zoowi|im not sure if its better or not
|c|☆PULT4C1 zoowi|is the problem
|c|☆PULT4C1 zoowi|fuck it
|c|☆Hax ruins pokemon|yolo
|
|t:|1660530602
|move|p2a: Poliwrath|Darkest Lariat|p1a: Sandaconda
|-damage|p1a: Sandaconda|0 fnt
|faint|p1a: Sandaconda
|
|upkeep
|c|☆PULT4C1 zoowi|phewwwwwwwwwwwwww
|c|☆Hax ruins pokemon|!dt darkest lariat
|raw|<ul class="utilichart"><li class="result"><span class="col movenamecol"><a href="https://dex.pokemonshowdown.com/moves/darkestlariat">Darkest Lariat</a></span> <span class="col typecol"><img src="//play.pokemonshowdown.com/sprites/types/Dark.png" alt="Dark" width="32" height="14"><img src="//play.pokemonshowdown.com/sprites/categories/Physical.png" alt="Physical" width="32" height="14"></span> <span class="col labelcol"><em>Power</em><br>85</span> <span class="col widelabelcol"><em>Accuracy</em><br>100%</span> <span class="col pplabelcol"><em>PP</em><br>16</span> <span class="col movedesccol">Ignores the target's stat stage changes.</span> </li><li style="clear:both"></li></ul>
|raw|<font size="1"><font color="#686868">Priority:</font> 0&nbsp;|&ThickSpace;<font color="#686868">Gen:</font> 7&nbsp;|&ThickSpace;&#10003; Contact&nbsp;|&ThickSpace;<font color="#686868">Z-Power:</font> 160&nbsp;|&ThickSpace;<font color="#686868">Dynamax Power:</font> 130&nbsp;|&ThickSpace;<font color="#686868">Target:</font> One Adjacent Pokémon</font>

|c|☆Hax ruins pokemon|wow
|
|t:|1660530622
|switch|p1a: Charizard|Charizard, M|100/100
|turn|57
|c|☆PULT4C1 zoowi|its for jelli but hey
|
|t:|1660530628
|move|p1a: Charizard|Earthquake|p2a: Poliwrath
|-damage|p2a: Poliwrath|20/100
|move|p2a: Poliwrath|Liquidation|p1a: Charizard
|-supereffective|p1a: Charizard
|-damage|p1a: Charizard|0 fnt
|faint|p1a: Charizard
|
|win|PULT4C1 zoowi
|raw|Hax ruins pokemon's rating: 1382 &rarr; <strong>1355</strong><br />(-27 for losing)
|raw|PULT4C1 zoowi's rating: 1251 &rarr; <strong>1285</strong><br />(+34 for winning)
|c|☆Hax ruins pokemon|gg
|c|☆PULT4C1 zoowi|i w o n
|l| PULT4C1 LW
|c|☆PULT4C1 zoowi|mfw
|c|☆PULT4C1 zoowi|gg
|l|☆Hax ruins pokemon
|c|☆PULT4C1 zoowi|WOOF
|l| PULT4C1 riquelme
||Ladder isn't responding, score probably updated but might not have (Request timeout).
