|j|☆iNastyy
|j|☆Lambovino
|t:|1665330903
|gametype|singles
|player|p1|iNastyy|169|
|player|p2|Lambovino|#scl2spartans|
|teamsize|p1|6
|teamsize|p2|6
|gen|8
|tier|[Gen 8] PU
|rule|Sleep Clause Mod: Limit one foe put to sleep
|rule|Species Clause: Limit one of each Pokémon
|rule|OHKO Clause: OHKO moves are banned
|rule|Evasion Items Clause: Evasion items are banned
|rule|Evasion Moves Clause: Evasion moves are banned
|rule|Endless Battle Clause: Forcing endless battles is banned
|rule|HP Percentage Mod: HP is shown in percentages
|rule|Dynamax Clause: You cannot dynamax
|clearpoke
|poke|p1|Gigalith, F|
|poke|p1|Weezing, M|
|poke|p1|Sandslash, F|
|poke|p1|Scrafty, F|
|poke|p1|Mesprit|
|poke|p1|Charizard, F|
|poke|p2|Thwackey, F|
|poke|p2|Hitmonlee, M|
|poke|p2|Swoobat, F|
|poke|p2|Coalossal, F|
|poke|p2|Comfey, M|
|poke|p2|Thievul, F|
|teampreview
|c|☆Lambovino|hf
|j| Nael222
|j| TaoTDW
|j| Phxo'
|l| Phxo'
|j| Phxo'
|j|+Dragonillis
|j| Chose Truc
|j| Osake
|j| aglt5tx Simi/Bello
|j| Ultra Heroes
|l| Ultra Heroes
|j| CommandoBruh ★㋛
|j| Moontalks
|j| DL Ecca
|j| Lizardu
|
|t:|1665330989
|start
|switch|p1a: Weezing|Weezing, M|100/100
|switch|p2a: Thwackey|Thwackey, F|100/100
|-fieldstart|move: Grassy Terrain|[from] ability: Grassy Surge|[of] p2a: Thwackey
|turn|1
|j| evermet
|inactive|Battle timer is ON: inactive players will automatically lose when time's up. (requested by Lambovino)
|j| ChaFouu
|j| mimilimi ♫☯
|j| BTLT333 Bhalal
|
|t:|1665331011
|move|p2a: Thwackey|U-turn|p1a: Weezing
|-resisted|p1a: Weezing
|-damage|p1a: Weezing|94/100
|-damage|p2a: Thwackey|84/100|[from] item: Rocky Helmet|[of] p1a: Weezing
|
|t:|1665331013
|switch|p2a: Coalossal|Coalossal, F|100/100|[from]move: U-turn
|move|p1a: Weezing|Toxic Spikes|p2a: Coalossal
|-sidestart|p2: Lambovino|move: Toxic Spikes
|
|upkeep
|turn|2
|j| Ultra Heroes
|l| Ultra Heroes
|j| spily
|c| ChaFouu|Lambo le plus bô les autres dans le caniveau
|j| Dr Alchimie
|inactive|iNastyy has 270 seconds left.
|c| spily|lambo il roule en quoi ?
|
|t:|1665331044
|switch|p1a: Gigalith|Gigalith, F|100/100
|-weather|Sandstorm|[from] ability: Sand Stream|[of] p1a: Gigalith
|move|p2a: Coalossal|Rapid Spin|p1a: Gigalith
|-resisted|p1a: Gigalith
|-damage|p1a: Gigalith|97/100
|-boost|p2a: Coalossal|spe|1
|-sideend|p2: Lambovino|Toxic Spikes|[from] move: Rapid Spin|[of] p2a: Coalossal
|
|-weather|Sandstorm|[upkeep]
|-heal|p1a: Gigalith|100/100|[from] Grassy Terrain
|upkeep
|turn|3
|j| Alpiniste 山上
|
|t:|1665331072
|move|p2a: Coalossal|Stealth Rock|p1a: Gigalith
|-sidestart|p1: iNastyy|move: Stealth Rock
|move|p1a: Gigalith|Stealth Rock|p2a: Coalossal
|-sidestart|p2: Lambovino|move: Stealth Rock
|
|-weather|Sandstorm|[upkeep]
|upkeep
|turn|4
|
|t:|1665331084
|switch|p2a: Hitmonlee|Hitmonlee, M|100/100
|-damage|p2a: Hitmonlee|95/100|[from] Stealth Rock
|-enditem|p2a: Hitmonlee|Grassy Seed
|-boost|p2a: Hitmonlee|def|1|[from] item: Grassy Seed
|move|p1a: Gigalith|Toxic|p2a: Hitmonlee
|-status|p2a: Hitmonlee|tox
|
|-weather|Sandstorm|[upkeep]
|-damage|p2a: Hitmonlee|89/100 tox|[from] Sandstorm
|-heal|p2a: Hitmonlee|95/100 tox|[from] Grassy Terrain
|-damage|p2a: Hitmonlee|89/100 tox|[from] psn
|upkeep
|turn|5
|
|t:|1665331089
|switch|p1a: Weezing|Weezing, M|94/100
|-damage|p1a: Weezing|82/100|[from] Stealth Rock
|move|p2a: Hitmonlee|Bulk Up|p2a: Hitmonlee
|-boost|p2a: Hitmonlee|atk|1
|-boost|p2a: Hitmonlee|def|1
|
|-weather|Sandstorm|[upkeep]
|-damage|p2a: Hitmonlee|83/100 tox|[from] Sandstorm
|-damage|p1a: Weezing|76/100|[from] Sandstorm
|-heal|p2a: Hitmonlee|89/100 tox|[from] Grassy Terrain
|-damage|p2a: Hitmonlee|77/100 tox|[from] psn
|-fieldend|move: Grassy Terrain
|upkeep
|turn|6
|j| Adri
|
|t:|1665331110
|move|p2a: Hitmonlee|Knock Off|p1a: Weezing
|-damage|p1a: Weezing|44/100
|-damage|p2a: Hitmonlee|60/100 tox|[from] item: Rocky Helmet|[of] p1a: Weezing
|-enditem|p1a: Weezing|Rocky Helmet|[from] move: Knock Off|[of] p2a: Hitmonlee
|move|p1a: Weezing|Pain Split|p2a: Hitmonlee
|-sethp|p2a: Hitmonlee|59/100 tox|[from] move: Pain Split|[silent]
|-sethp|p1a: Weezing|45/100|[from] move: Pain Split
|
|-weather|none
|-damage|p2a: Hitmonlee|41/100 tox|[from] psn
|upkeep
|turn|7
|j| Dinoman42
|inactive|iNastyy has 270 seconds left.
|j| Kendji Girafe
|
|t:|1665331138
|move|p2a: Hitmonlee|Close Combat|p1a: Weezing
|-resisted|p1a: Weezing
|-damage|p1a: Weezing|15/100
|-unboost|p2a: Hitmonlee|def|1
|-unboost|p2a: Hitmonlee|spd|1
|move|p1a: Weezing|Sludge Bomb|p2a: Hitmonlee
|-damage|p2a: Hitmonlee|0 fnt
|faint|p2a: Hitmonlee
|
|upkeep
|j| Beka ❤
|l| Dinoman42
|inactive|Lambovino has 270 seconds left.
|
|t:|1665331172
|switch|p2a: Thievul|Thievul, F|100/100
|-damage|p2a: Thievul|88/100|[from] Stealth Rock
|turn|8
|inactive|iNastyy has 270 seconds left.
|
|t:|1665331177
|switch|p1a: Scrafty|Scrafty, F|100/100
|-damage|p1a: Scrafty|95/100|[from] Stealth Rock
|move|p2a: Thievul|Dark Pulse|p1a: Scrafty
|-resisted|p1a: Scrafty
|-damage|p1a: Scrafty|85/100
|
|upkeep
|turn|9
|inactive|iNastyy has 270 seconds left.
|
|t:|1665331188
|move|p2a: Thievul|Burning Jealousy|p1a: Scrafty
|-damage|p1a: Scrafty|63/100
|move|p1a: Scrafty|Knock Off|p2a: Thievul
|-resisted|p2a: Thievul
|-damage|p2a: Thievul|50/100
|-enditem|p2a: Thievul|Grassy Seed|[from] move: Knock Off|[of] p1a: Scrafty
|
|upkeep
|turn|10
|j|+Tuthur
|inactive|iNastyy has 270 seconds left.
|
|t:|1665331202
|move|p2a: Thievul|Nasty Plot|p2a: Thievul
|-boost|p2a: Thievul|spa|2
|move|p1a: Scrafty|Close Combat|p2a: Thievul
|-supereffective|p2a: Thievul
|-damage|p2a: Thievul|0 fnt
|-unboost|p1a: Scrafty|def|1
|-unboost|p1a: Scrafty|spd|1
|faint|p2a: Thievul
|
|upkeep
|j|%Clementine
|l| aglt5tx Simi/Bello
|inactive|Lambovino has 270 seconds left.
|
|t:|1665331240
|switch|p2a: Comfey|Comfey, M|100/100
|-damage|p2a: Comfey|88/100|[from] Stealth Rock
|turn|11
|
|t:|1665331249
|switch|p1a: Mesprit|Mesprit|100/100
|-damage|p1a: Mesprit|88/100|[from] Stealth Rock
|move|p2a: Comfey|Draining Kiss|p1a: Mesprit
|-damage|p1a: Mesprit|73/100
|-heal|p2a: Comfey|99/100|[from] drain|[of] p1a: Mesprit
|
|upkeep
|turn|12
|l| Moontalks
|j| Hyss
|j| Mimilucha
|inactive|Lambovino has 240 seconds left.
|j| Heerv
|j|+Unamed
|
|t:|1665331303
|switch|p2a: Thwackey|Thwackey, F|84/100
|-damage|p2a: Thwackey|72/100|[from] Stealth Rock
|-fieldstart|move: Grassy Terrain|[from] ability: Grassy Surge|[of] p2a: Thwackey
|move|p1a: Mesprit|Trick|p2a: Thwackey
|-activate|p1a: Mesprit|move: Trick|[of] p2a: Thwackey
|-item|p2a: Thwackey|Choice Scarf|[from] move: Trick
|-item|p1a: Mesprit|Eviolite|[from] move: Trick
|
|-heal|p2a: Thwackey|78/100|[from] Grassy Terrain
|upkeep
|turn|13
|inactive|Lambovino has 210 seconds left.
|j| Micciu20250
|
|t:|1665331325
|move|p2a: Thwackey|Knock Off|p1a: Mesprit
|-supereffective|p1a: Mesprit
|-damage|p1a: Mesprit|14/100
|-enditem|p1a: Mesprit|Eviolite|[from] move: Knock Off|[of] p2a: Thwackey
|move|p1a: Mesprit|Healing Wish|p1a: Mesprit
|faint|p1a: Mesprit
|
|-heal|p2a: Thwackey|84/100|[from] Grassy Terrain
|upkeep
|
|t:|1665331328
|switch|p1a: Weezing|Weezing, M|15/100
|-heal|p1a: Weezing|100/100|[from] move: Healing Wish
|-damage|p1a: Weezing|88/100|[from] Stealth Rock
|turn|14
|j| Zenadark
|c| Mimilucha|salut Phxo et Beka
|j| Navikai_
|j| Banal enfer ★彡
|c| Beka ❤|Ta gueule
|l| Navikai_
|c| Mimilucha|o_k
|
|t:|1665331343
|switch|p2a: Coalossal|Coalossal, F|100/100
|move|p1a: Weezing|Sludge Bomb|p2a: Coalossal
|-resisted|p2a: Coalossal
|-damage|p2a: Coalossal|92/100
|-status|p2a: Coalossal|psn
|
|-heal|p2a: Coalossal|98/100 psn|[from] Grassy Terrain
|-damage|p2a: Coalossal|86/100 psn|[from] psn
|upkeep
|turn|15
|l| Zenadark
|
|t:|1665331349
|switch|p1a: Gigalith|Gigalith, F|100/100
|-damage|p1a: Gigalith|88/100|[from] Stealth Rock
|-weather|Sandstorm|[from] ability: Sand Stream|[of] p1a: Gigalith
|move|p2a: Coalossal|Rapid Spin|p1a: Gigalith
|-resisted|p1a: Gigalith
|-crit|p1a: Gigalith
|-damage|p1a: Gigalith|83/100
|-boost|p2a: Coalossal|spe|1
|-sideend|p2: Lambovino|Stealth Rock|[from] move: Rapid Spin|[of] p2a: Coalossal
|
|-weather|Sandstorm|[upkeep]
|-heal|p2a: Coalossal|92/100 psn|[from] Grassy Terrain
|-heal|p1a: Gigalith|89/100|[from] Grassy Terrain
|-heal|p1a: Gigalith|95/100|[from] item: Leftovers
|-damage|p2a: Coalossal|79/100 psn|[from] psn
|upkeep
|turn|16
|l| Banal enfer ★彡
|c| spily|wahou
|
|t:|1665331361
|switch|p2a: Comfey|Comfey, M|99/100
|-enditem|p2a: Comfey|Grassy Seed
|-boost|p2a: Comfey|def|1|[from] item: Grassy Seed
|move|p1a: Gigalith|Toxic|p2a: Comfey
|-status|p2a: Comfey|tox
|
|-weather|Sandstorm|[upkeep]
|-damage|p2a: Comfey|93/100 tox|[from] Sandstorm
|-heal|p2a: Comfey|99/100 tox|[from] Grassy Terrain
|-heal|p1a: Gigalith|100/100|[from] Grassy Terrain
|-damage|p2a: Comfey|93/100 tox|[from] psn
|-fieldend|move: Grassy Terrain
|upkeep
|turn|17
|j| Menacce17
|
|t:|1665331387
|switch|p1a: Weezing|Weezing, M|88/100
|-damage|p1a: Weezing|76/100|[from] Stealth Rock
|move|p2a: Comfey|Calm Mind|p2a: Comfey
|-boost|p2a: Comfey|spa|1
|-boost|p2a: Comfey|spd|1
|
|-weather|Sandstorm|[upkeep]
|-damage|p2a: Comfey|87/100 tox|[from] Sandstorm
|-damage|p1a: Weezing|70/100|[from] Sandstorm
|-damage|p2a: Comfey|75/100 tox|[from] psn
|upkeep
|turn|18
|inactive|Lambovino has 240 seconds left.
|inactive|iNastyy has 270 seconds left.
|
|t:|1665331425
|move|p2a: Comfey|Calm Mind|p2a: Comfey
|-boost|p2a: Comfey|spa|1
|-boost|p2a: Comfey|spd|1
|move|p1a: Weezing|Sludge Bomb|p2a: Comfey
|-supereffective|p2a: Comfey
|-damage|p2a: Comfey|45/100 tox
|
|-weather|Sandstorm|[upkeep]
|-damage|p2a: Comfey|39/100 tox|[from] Sandstorm
|-damage|p1a: Weezing|64/100|[from] Sandstorm
|-damage|p2a: Comfey|20/100 tox|[from] psn
|upkeep
|turn|19
|inactive|iNastyy has 270 seconds left.
|inactive|Lambovino has 210 seconds left.
|inactive|iNastyy has 240 seconds left.
|l| Beka ❤
|j| Dionysos
|j| Zenadark
|
|t:|1665331491
|switch|p1a: Gigalith|Gigalith, F|100/100
|-damage|p1a: Gigalith|88/100|[from] Stealth Rock
|move|p2a: Comfey|Rest|p2a: Comfey
|-status|p2a: Comfey|slp|[from] move: Rest
|-heal|p2a: Comfey|100/100 slp|[silent]
|
|-weather|none
|-heal|p1a: Gigalith|94/100|[from] item: Leftovers
|upkeep
|turn|20
|
|t:|1665331504
|switch|p1a: Sandslash|Sandslash, F|100/100
|-damage|p1a: Sandslash|94/100|[from] Stealth Rock
|cant|p2a: Comfey|slp
|
|upkeep
|turn|21
|
|t:|1665331521
|cant|p2a: Comfey|slp
|move|p1a: Sandslash|Swords Dance|p1a: Sandslash
|-boost|p1a: Sandslash|atk|2
|
|upkeep
|turn|22
|inactive|iNastyy has 240 seconds left.
|j| Galette so6 ∯
|
|t:|1665331533
|-curestatus|p2a: Comfey|slp|[msg]
|move|p2a: Comfey|Stored Power|p1a: Sandslash
|-damage|p1a: Sandslash|13/100
|move|p1a: Sandslash|Earthquake|p2a: Comfey
|-damage|p2a: Comfey|18/100
|-damage|p1a: Sandslash|3/100|[from] item: Life Orb
|
|upkeep
|turn|23
|inactive|iNastyy has 240 seconds left.
|
|t:|1665331550
|move|p2a: Comfey|Draining Kiss|p1a: Sandslash
|-damage|p1a: Sandslash|0 fnt
|-heal|p2a: Comfey|20/100|[from] drain|[of] p1a: Sandslash
|faint|p1a: Sandslash
|
|upkeep
|j| nimed beatches
|inactive|iNastyy has 210 seconds left.
|c| Galette so6 ∯|Je méchant
|j| Beka ❤
|l| Beka ❤
|c| Phxo'|très beau flux Galette so6
|inactive|iNastyy has 180 seconds left.
|
|t:|1665331621
|switch|p1a: Charizard|Charizard, F|100/100
|turn|24
|j| La fraude du PU
|j| Lyliath
|
|t:|1665331640
|move|p2a: Comfey|Rest|p2a: Comfey
|-status|p2a: Comfey|slp|[from] move: Rest
|-heal|p2a: Comfey|100/100 slp|[silent]
|move|p1a: Charizard|Hurricane|p2a: Comfey
|-damage|p2a: Comfey|72/100 slp
|
|upkeep
|turn|25
|c| Galette so6 ∯|Mdr ui c pour kirux
|inactive|iNastyy has 180 seconds left.
|j| Masskeauuu
|l| Hyss
|j|+Greybaum
|
|t:|1665331680
|cant|p2a: Comfey|slp
|move|p1a: Charizard|Hurricane|p2a: Comfey|[miss]
|-miss|p1a: Charizard|p2a: Comfey
|
|upkeep
|turn|26
|
|t:|1665331685
|cant|p2a: Comfey|slp
|move|p1a: Charizard|Hurricane|p2a: Comfey
|-damage|p2a: Comfey|43/100 slp
|-start|p2a: Comfey|confusion
|
|upkeep
|turn|27
|
|t:|1665331703
|move|p1a: Charizard|Hurricane|p2a: Comfey|[miss]
|-miss|p1a: Charizard|p2a: Comfey
|-curestatus|p2a: Comfey|slp|[msg]
|-activate|p2a: Comfey|confusion
|move|p2a: Comfey|Calm Mind|p2a: Comfey
|-boost|p2a: Comfey|spa|1
|-boost|p2a: Comfey|spd|1
|
|upkeep
|turn|28
|c| spily|comment tu peus etre confus alors que tu dors
|c| spily|aucun sens
|
|t:|1665331723
|-activate|p2a: Comfey|confusion
|move|p2a: Comfey|Draining Kiss|p1a: Charizard
|-resisted|p1a: Charizard
|-crit|p1a: Charizard
|-damage|p1a: Charizard|64/100
|-heal|p2a: Comfey|70/100|[from] drain|[of] p1a: Charizard
|move|p1a: Charizard|Hurricane|p2a: Comfey
|-damage|p2a: Comfey|51/100
|
|upkeep
|turn|29
|inactive|iNastyy has 180 seconds left.
|
|t:|1665331731
|move|p1a: Charizard|Hurricane|p2a: Comfey
|-damage|p2a: Comfey|32/100
|-activate|p2a: Comfey|confusion
|move|p2a: Comfey|Calm Mind|p2a: Comfey
|-boost|p2a: Comfey|spa|1
|-boost|p2a: Comfey|spd|1
|
|upkeep
|turn|30
|
|t:|1665331738
|-activate|p2a: Comfey|confusion
|move|p2a: Comfey|Rest|p2a: Comfey
|-status|p2a: Comfey|slp|[from] move: Rest
|-heal|p2a: Comfey|100/100 slp|[silent]
|move|p1a: Charizard|Hurricane|p2a: Comfey
|-damage|p2a: Comfey|84/100 slp
|
|upkeep
|turn|31
|
|t:|1665331745
|cant|p2a: Comfey|slp
|move|p1a: Charizard|Hurricane|p2a: Comfey
|-damage|p2a: Comfey|65/100 slp
|
|upkeep
|turn|32
|
|t:|1665331750
|cant|p2a: Comfey|slp
|move|p1a: Charizard|Hurricane|p2a: Comfey
|-damage|p2a: Comfey|47/100 slp
|
|upkeep
|turn|33
|
|t:|1665331755
|-curestatus|p2a: Comfey|slp|[msg]
|-end|p2a: Comfey|confusion
|move|p2a: Comfey|Draining Kiss|p1a: Charizard
|-resisted|p1a: Charizard
|-damage|p1a: Charizard|37/100
|-heal|p2a: Comfey|67/100|[from] drain|[of] p1a: Charizard
|move|p1a: Charizard|Hurricane|p2a: Comfey
|-damage|p2a: Comfey|48/100
|-start|p2a: Comfey|confusion
|
|upkeep
|turn|34
|c| Kendji Girafe|Bah tu dors mais en même temps t'es pas sur à 100% que tu dors du coup t'es confus
|c| Galette so6 ∯|C possible irl hein
|c| spily|quoi
|
|t:|1665331766
|move|p1a: Charizard|Hurricane|p2a: Comfey
|-damage|p2a: Comfey|31/100
|-activate|p2a: Comfey|confusion
|move|p2a: Comfey|Stored Power|p1a: Charizard
|-damage|p1a: Charizard|0 fnt
|faint|p1a: Charizard
|
|upkeep
|j| 199O
|c| Galette so6 ∯|Feur
|inactive|iNastyy has 210 seconds left.
|
|t:|1665331777
|switch|p1a: Weezing|Weezing, M|64/100
|-damage|p1a: Weezing|52/100|[from] Stealth Rock
|turn|35
|inactive|Lambovino has 270 seconds left.
|j| Seasns
|j| 768 dead wrong
|
|t:|1665331801
|-activate|p2a: Comfey|confusion
|move|p2a: Comfey|Stored Power|p1a: Weezing
|-supereffective|p1a: Weezing
|-damage|p1a: Weezing|0 fnt
|faint|p1a: Weezing
|
|upkeep
|
|t:|1665331807
|switch|p1a: Scrafty|Scrafty, F|63/100
|-damage|p1a: Scrafty|57/100|[from] Stealth Rock
|turn|36
|
|t:|1665331812
|-activate|p2a: Comfey|confusion
|move|p2a: Comfey|Draining Kiss|p1a: Scrafty
|-supereffective|p1a: Scrafty
|-damage|p1a: Scrafty|0 fnt
|-heal|p2a: Comfey|68/100|[from] drain|[of] p1a: Scrafty
|faint|p1a: Scrafty
|
|upkeep
|
|t:|1665331814
|switch|p1a: Gigalith|Gigalith, F|94/100
|-damage|p1a: Gigalith|82/100|[from] Stealth Rock
|-weather|Sandstorm|[from] ability: Sand Stream|[of] p1a: Gigalith
|turn|37
|l| Zenadark
|
|t:|1665331817
|-activate|p2a: Comfey|confusion
|move|p2a: Comfey|Stored Power|p1a: Gigalith
|-damage|p1a: Gigalith|18/100
|move|p1a: Gigalith|Rock Blast|p2a: Comfey
|-damage|p2a: Comfey|61/100
|-damage|p2a: Comfey|54/100
|-hitcount|p2a: Comfey|2
|
|-weather|Sandstorm|[upkeep]
|-damage|p2a: Comfey|48/100|[from] Sandstorm
|-heal|p1a: Gigalith|25/100|[from] item: Leftovers
|upkeep
|turn|38
|c|☆Lambovino|sry gg
|
|t:|1665331824
|-end|p2a: Comfey|confusion
|move|p2a: Comfey|Draining Kiss|p1a: Gigalith
|-damage|p1a: Gigalith|2/100
|-heal|p2a: Comfey|69/100|[from] drain|[of] p1a: Gigalith
|move|p1a: Gigalith|Rock Blast|p2a: Comfey
|-damage|p2a: Comfey|62/100
|-damage|p2a: Comfey|55/100
|-hitcount|p2a: Comfey|2
|
|-weather|Sandstorm|[upkeep]
|-damage|p2a: Comfey|49/100|[from] Sandstorm
|-heal|p1a: Gigalith|8/100|[from] item: Leftovers
|upkeep
|turn|39
|c|☆iNastyy|gg
|j| CCharlesOliveira
|l| Seasns
|j| Prodigezz
|
|t:|1665331832
|move|p2a: Comfey|Draining Kiss|p1a: Gigalith
|-damage|p1a: Gigalith|0 fnt
|-heal|p2a: Comfey|56/100|[from] drain|[of] p1a: Gigalith
|faint|p1a: Gigalith
|
|win|Lambovino
|l| Mimilucha
|l|+Tuthur
|l| DL Ecca
|l| evermet
|l| Prodigezz
|l| Masskeauuu
|c| spily|5 coups crit ca passait
|l| Galette so6 ∯
|c| spily|no fake
|l| Heerv
|l| Lizardu
|l| CommandoBruh ★㋛
|l| Alpiniste 山上
|l| spily
|l| Dr Alchimie
|l| Osake
|l| Micciu20250
|l| Phxo'
|l| mimilimi ♫☯
|j| Phxo'
|l| nimed beatches
|l|%Clementine
|l| Lyliath
|l| Phxo'
|l| Adri
|j| nimed beatches
|l| Menacce17
|l|☆iNastyy
|l|+Greybaum
|l| Dionysos
|l| BTLT333 Bhalal
|j| Bhalal
