|html|<div class="broadcast-blue"><strong>[Gen 8] PU is currently suspecting Araquanid! For information on how to participate check out the <a href="https://www.smogon.com/forums/threads/np-pu-stage-9-itsy-bitsy-spider.3704256/">suspect thread</a>.</strong></div>
|j|☆kingdingbingbong
|j|☆bound 2 forget x2
|t:|1657058937
|gametype|singles
|player|p1|kingdingbingbong|101|1506
|player|p2|bound 2 forget x2|schoolkid-gen4|1477
|teamsize|p1|6
|teamsize|p2|6
|gen|8
|tier|[Gen 8] PU
|rated|
|rule|Sleep Clause Mod: Limit one foe put to sleep
|rule|Species Clause: Limit one of each Pokémon
|rule|OHKO Clause: OHKO moves are banned
|rule|Evasion Moves Clause: Evasion moves are banned
|rule|Endless Battle Clause: Forcing endless battles is banned
|rule|HP Percentage Mod: HP is shown in percentages
|rule|Dynamax Clause: You cannot dynamax
|clearpoke
|poke|p1|Gourgeist-*, M|
|poke|p1|Coalossal, F|
|poke|p1|Poipole|
|poke|p1|Magneton|
|poke|p1|Comfey, M|
|poke|p1|Frosmoth, M|
|poke|p2|Eldegoss, F|
|poke|p2|Charizard, F|
|poke|p2|Regirock|
|poke|p2|Cofagrigus, F|
|poke|p2|Weezing, F|
|poke|p2|Quagsire, M|
|teampreview
|j| Life's not a game7
|inactive|Battle timer is ON: inactive players will automatically lose when time's up. (requested by kingdingbingbong)
|
|t:|1657058963
|start
|switch|p1a: Poipole|Poipole|100/100
|switch|p2a: Weezing|Weezing, F|100/100
|turn|1
|
|t:|1657058972
|move|p1a: Poipole|Toxic Spikes|p2a: Weezing
|-sidestart|p2: bound 2 forget x2|move: Toxic Spikes
|move|p2a: Weezing|Flamethrower|p1a: Poipole
|-crit|p1a: Poipole
|-damage|p1a: Poipole|56/100
|
|upkeep
|turn|2
|
|t:|1657058977
|switch|p1a: Coalossal|Coalossal, F|100/100
|move|p2a: Weezing|Thunderbolt|p1a: Coalossal
|-damage|p1a: Coalossal|72/100
|
|upkeep
|turn|3
|
|t:|1657058982
|move|p2a: Weezing|Thunderbolt|p1a: Coalossal
|-damage|p1a: Coalossal|45/100
|move|p1a: Coalossal|Stealth Rock|p2a: Weezing
|-sidestart|p2: bound 2 forget x2|move: Stealth Rock
|
|upkeep
|turn|4
|
|t:|1657058985
|move|p2a: Weezing|Thunderbolt|p1a: Coalossal
|-damage|p1a: Coalossal|18/100
|move|p1a: Coalossal|Rapid Spin|p2a: Weezing
|-damage|p2a: Weezing|89/100
|-boost|p1a: Coalossal|spe|1
|
|-heal|p2a: Weezing|95/100|[from] item: Black Sludge
|upkeep
|turn|5
|
|t:|1657058989
|move|p1a: Coalossal|Explosion|p2a: Weezing
|-damage|p2a: Weezing|31/100
|faint|p1a: Coalossal
|move|p2a: Weezing|Thunderbolt|p1: Coalossal|[notarget]
|-fail|p2a: Weezing
|
|-heal|p2a: Weezing|37/100|[from] item: Black Sludge
|upkeep
|
|t:|1657058992
|switch|p1a: Frosmoth|Frosmoth, M|100/100
|turn|6
|
|t:|1657058996
|move|p1a: Frosmoth|Quiver Dance|p1a: Frosmoth
|-boost|p1a: Frosmoth|spa|1
|-boost|p1a: Frosmoth|spd|1
|-boost|p1a: Frosmoth|spe|1
|move|p2a: Weezing|Flamethrower|p1a: Frosmoth
|-supereffective|p1a: Frosmoth
|-damage|p1a: Frosmoth|56/100
|
|-heal|p2a: Weezing|43/100|[from] item: Black Sludge
|upkeep
|turn|7
|
|t:|1657059003
|move|p1a: Frosmoth|Ice Beam|p2a: Weezing
|-damage|p2a: Weezing|0 fnt
|faint|p2a: Weezing
|
|upkeep
|
|t:|1657059006
|switch|p2a: Charizard|Charizard, F|100/100
|turn|8
|
|t:|1657059008
|move|p1a: Frosmoth|Ice Beam|p2a: Charizard
|-damage|p2a: Charizard|0 fnt
|faint|p2a: Charizard
|
|upkeep
|
|t:|1657059013
|switch|p2a: Regirock|Regirock|100/100
|-status|p2a: Regirock|psn
|-damage|p2a: Regirock|88/100 psn|[from] Stealth Rock
|turn|9
|
|t:|1657059018
|switch|p1a: Gourgeist|Gourgeist-Super, M|100/100
|-item|p2a: Regirock|Leftovers|[from] ability: Frisk|[of] p1a: Gourgeist|[identify]
|move|p2a: Regirock|Rock Blast|p1a: Gourgeist
|-damage|p1a: Gourgeist|94/100
|-damage|p1a: Gourgeist|87/100
|-damage|p1a: Gourgeist|79/100
|-hitcount|p1a: Gourgeist|3
|
|-heal|p2a: Regirock|94/100 psn|[from] item: Leftovers
|-damage|p2a: Regirock|82/100 psn|[from] psn
|upkeep
|turn|10
|
|t:|1657059022
|switch|p2a: Eldegoss|Eldegoss, F|100/100
|move|p1a: Gourgeist|Poltergeist|p2a: Eldegoss
|-activate|p2a: Eldegoss|move: Poltergeist|Heavy-Duty Boots
|-damage|p2a: Eldegoss|47/100
|
|upkeep
|turn|11
|
|t:|1657059025
|move|p2a: Eldegoss|Giga Drain|p1a: Gourgeist
|-resisted|p1a: Gourgeist
|-damage|p1a: Gourgeist|66/100
|-heal|p2a: Eldegoss|55/100|[from] drain|[of] p1a: Gourgeist
|move|p1a: Gourgeist|Poltergeist|p2a: Eldegoss
|-activate|p2a: Eldegoss|move: Poltergeist|Heavy-Duty Boots
|-damage|p2a: Eldegoss|0 fnt
|faint|p2a: Eldegoss
|
|upkeep
|
|t:|1657059034
|switch|p2a: Quagsire|Quagsire, M|100/100
|turn|12
|
|t:|1657059038
|move|p1a: Gourgeist|Power Whip|p2a: Quagsire
|-supereffective|p2a: Quagsire
|-crit|p2a: Quagsire
|-damage|p2a: Quagsire|0 fnt
|faint|p2a: Quagsire
|
|upkeep
|
|t:|1657059041
|switch|p2a: Cofagrigus|Cofagrigus, F|100/100
|-status|p2a: Cofagrigus|psn
|-damage|p2a: Cofagrigus|88/100 psn|[from] Stealth Rock
|turn|13
|
|t:|1657059044
|move|p1a: Gourgeist|Poltergeist|p2a: Cofagrigus
|-activate|p2a: Cofagrigus|move: Poltergeist|Chesto Berry
|-supereffective|p2a: Cofagrigus
|-damage|p2a: Cofagrigus|26/100 psn
|move|p2a: Cofagrigus|Shadow Ball|p1a: Gourgeist
|-supereffective|p1a: Gourgeist
|-damage|p1a: Gourgeist|4/100
|
|-damage|p2a: Cofagrigus|14/100 psn|[from] psn
|upkeep
|turn|14
|-message|bound 2 forget x2 forfeited.
|
|win|kingdingbingbong
|raw|kingdingbingbong's rating: 1506 &rarr; <strong>1524</strong><br />(+18 for winning)
|raw|bound 2 forget x2's rating: 1477 &rarr; <strong>1459</strong><br />(-18 for losing)
|l|☆bound 2 forget x2
|c|☆kingdingbingbong|gg
|c| Life's not a game7|damn
|l| Life's not a game7
|c|☆kingdingbingbong|:]
||Ladder isn't responding, score probably updated but might not have (Request timeout).
