|raw|<div class="broadcast-blue"><strong>This battle is required to be public due to a player having a name starting with 'pult4c1'.</div>
|j|☆B320H
|j|☆PULT4C1 Redemption
|t:|1661034645
|gametype|singles
|player|p1|B320H|swimmer-gen4dp|1279
|player|p2|PULT4C1 Redemption|fisherman-gen4|1592
|teamsize|p1|6
|teamsize|p2|6
|gen|8
|tier|[Gen 8] PU
|rated|
|rule|Sleep Clause Mod: Limit one foe put to sleep
|rule|Species Clause: Limit one of each Pokémon
|rule|OHKO Clause: OHKO moves are banned
|rule|Evasion Items Clause: Evasion items are banned
|rule|Evasion Moves Clause: Evasion moves are banned
|rule|Endless Battle Clause: Forcing endless battles is banned
|rule|HP Percentage Mod: HP is shown in percentages
|rule|Dynamax Clause: You cannot dynamax
|clearpoke
|poke|p1|Whimsicott, F|
|poke|p1|Wishiwashi, M|
|poke|p1|Articuno-Galar|
|poke|p1|Charizard, M|
|poke|p1|Hitmonlee, M|
|poke|p1|Jolteon, M|
|poke|p2|Kabutops, M|
|poke|p2|Doublade, F|
|poke|p2|Frosmoth, F|
|poke|p2|Silvally-*|
|poke|p2|Archeops, M|
|poke|p2|Sneasel, F|
|teampreview
|j| PULT4C1 Carmin
|inactive|Battle timer is ON: inactive players will automatically lose when time's up. (requested by PULT4C1 Redemption)
|
|t:|1661034679
|start
|switch|p1a: Jolteon|Jolteon, M|100/100
|switch|p2a: Kabutops|Kabutops, M|100/100
|turn|1
|j| PULT4C1 Haffling
|
|t:|1661034692
|move|p1a: Jolteon|Volt Switch|p2a: Kabutops
|-supereffective|p2a: Kabutops
|-enditem|p2a: Kabutops|Focus Sash
|-damage|p2a: Kabutops|1/100
|j| PULT4C1 Inder
|
|t:|1661034700
|switch|p1a: Charizard|Charizard, M|100/100|[from]move: Volt Switch
|move|p2a: Kabutops|Stealth Rock|p1a: Charizard
|-sidestart|p1: B320H|move: Stealth Rock
|
|upkeep
|turn|2
|
|t:|1661034709
|move|p2a: Kabutops|Aqua Jet|p1a: Charizard
|-supereffective|p1a: Charizard
|-damage|p1a: Charizard|54/100
|move|p1a: Charizard|Flame Charge|p2a: Kabutops
|-resisted|p2a: Kabutops
|-damage|p2a: Kabutops|0 fnt
|-boost|p1a: Charizard|spe|1
|faint|p2a: Kabutops
|
|upkeep
|j| yandaud
|
|t:|1661034723
|switch|p2a: Archeops|Archeops, M|100/100
|turn|3
|j| samplethecheese
|
|t:|1661034744
|move|p1a: Charizard|Belly Drum|p1a: Charizard
|-damage|p1a: Charizard|4/100
|-setboost|p1a: Charizard|atk|6|[from] move: Belly Drum
|-enditem|p1a: Charizard|Sitrus Berry|[eat]
|-heal|p1a: Charizard|29/100|[from] item: Sitrus Berry
|move|p2a: Archeops|Meteor Beam||[still]
|-prepare|p2a: Archeops|Meteor Beam
|-boost|p2a: Archeops|spa|1
|-enditem|p2a: Archeops|Power Herb
|-anim|p2a: Archeops|Meteor Beam|p1a: Charizard
|-supereffective|p1a: Charizard
|-damage|p1a: Charizard|0 fnt
|faint|p1a: Charizard
|
|upkeep
|
|t:|1661034757
|switch|p1a: Wishiwashi|Wishiwashi, M|100/100
|-damage|p1a: Wishiwashi|88/100|[from] Stealth Rock
|-formechange|p1a: Wishiwashi|Wishiwashi-School||[from] ability: Schooling
|turn|4
|
|t:|1661034762
|move|p2a: Archeops|Air Slash|p1a: Wishiwashi
|-damage|p1a: Wishiwashi|40/100
|move|p1a: Wishiwashi|Scald|p2a: Archeops
|-supereffective|p2a: Archeops
|-damage|p2a: Archeops|0 fnt
|faint|p2a: Archeops
|
|-heal|p1a: Wishiwashi|46/100|[from] item: Leftovers
|upkeep
|
|t:|1661034790
|switch|p2a: Silvally|Silvally-Grass|100/100
|turn|5
|
|t:|1661034794
|move|p2a: Silvally|Multi-Attack|p1a: Wishiwashi
|-supereffective|p1a: Wishiwashi
|-damage|p1a: Wishiwashi|0 fnt
|faint|p1a: Wishiwashi
|
|upkeep
|
|t:|1661034801
|switch|p1a: Articuno|Articuno-Galar|100/100
|-damage|p1a: Articuno|75/100|[from] Stealth Rock
|turn|6
|
|t:|1661034812
|switch|p2a: Sneasel|Sneasel, F|100/100
|move|p1a: Articuno|Agility|p1a: Articuno
|-boost|p1a: Articuno|spe|2
|
|upkeep
|turn|7
|
|t:|1661034816
|move|p2a: Sneasel|Ice Shard|p1a: Articuno
|-supereffective|p1a: Articuno
|-damage|p1a: Articuno|41/100
|-enditem|p1a: Articuno|Weakness Policy
|-boost|p1a: Articuno|atk|2|[from] item: Weakness Policy
|-boost|p1a: Articuno|spa|2|[from] item: Weakness Policy
|-damage|p2a: Sneasel|91/100|[from] item: Life Orb
|move|p1a: Articuno|Air Slash|p2a: Sneasel
|-damage|p2a: Sneasel|0 fnt
|faint|p2a: Sneasel
|
|upkeep
|
|t:|1661034827
|switch|p2a: Doublade|Doublade, F|100/100
|turn|8
|
|t:|1661034831
|move|p2a: Doublade|Shadow Sneak|p1a: Articuno
|-supereffective|p1a: Articuno
|-damage|p1a: Articuno|10/100
|move|p1a: Articuno|Recover|p1a: Articuno
|-heal|p1a: Articuno|60/100
|
|upkeep
|turn|9
|
|t:|1661034839
|move|p1a: Articuno|Recover|p1a: Articuno
|-heal|p1a: Articuno|100/100
|move|p2a: Doublade|Swords Dance|p2a: Doublade
|-boost|p2a: Doublade|atk|2
|
|upkeep
|turn|10
|
|t:|1661034844
|move|p2a: Doublade|Shadow Sneak|p1a: Articuno
|-supereffective|p1a: Articuno
|-damage|p1a: Articuno|41/100
|move|p1a: Articuno|Freezing Glare|p2a: Doublade
|-resisted|p2a: Doublade
|-damage|p2a: Doublade|55/100
|
|upkeep
|turn|11
|
|t:|1661034849
|move|p2a: Doublade|Shadow Sneak|p1a: Articuno
|-supereffective|p1a: Articuno
|-damage|p1a: Articuno|0 fnt
|faint|p1a: Articuno
|
|upkeep
|
|t:|1661034853
|switch|p1a: Jolteon|Jolteon, M|100/100
|-damage|p1a: Jolteon|88/100|[from] Stealth Rock
|turn|12
|
|t:|1661034864
|move|p2a: Doublade|Shadow Sneak|p1a: Jolteon
|-damage|p1a: Jolteon|8/100
|move|p1a: Jolteon|Volt Switch|p2a: Doublade
|-damage|p2a: Doublade|0 fnt
|faint|p2a: Doublade
|
|t:|1661034874
|switch|p1a: Whimsicott|Whimsicott, F|100/100|[from]move: Volt Switch
|-damage|p1a: Whimsicott|88/100|[from] Stealth Rock
|
|-heal|p1a: Whimsicott|94/100|[from] item: Leftovers
|upkeep
|
|t:|1661034881
|switch|p2a: Frosmoth|Frosmoth, F|100/100
|turn|13
|
|t:|1661034884
|move|p1a: Whimsicott|Substitute|p1a: Whimsicott
|-start|p1a: Whimsicott|Substitute
|-damage|p1a: Whimsicott|70/100
|move|p2a: Frosmoth|Ice Beam|p1a: Whimsicott
|-supereffective|p1a: Whimsicott
|-end|p1a: Whimsicott|Substitute
|
|-heal|p1a: Whimsicott|76/100|[from] item: Leftovers
|upkeep
|turn|14
|
|t:|1661034891
|move|p1a: Whimsicott|Leech Seed|p2a: Frosmoth
|-start|p2a: Frosmoth|move: Leech Seed
|move|p2a: Frosmoth|Ice Beam|p1a: Whimsicott
|-supereffective|p1a: Whimsicott
|-damage|p1a: Whimsicott|0 fnt
|faint|p1a: Whimsicott
|
|upkeep
|
|t:|1661034897
|switch|p1a: Hitmonlee|Hitmonlee, M|100/100
|-damage|p1a: Hitmonlee|94/100|[from] Stealth Rock
|turn|15
|
|t:|1661034905
|move|p1a: Hitmonlee|Close Combat|p2a: Frosmoth
|-damage|p2a: Frosmoth|0 fnt
|-unboost|p1a: Hitmonlee|def|1
|-unboost|p1a: Hitmonlee|spd|1
|faint|p2a: Frosmoth
|
|upkeep
|
|t:|1661034907
|switch|p2a: Silvally|Silvally-Grass|100/100
|turn|16
|
|t:|1661034912
|move|p1a: Hitmonlee|Endure|p1a: Hitmonlee
|-singleturn|p1a: Hitmonlee|move: Endure
|move|p2a: Silvally|Multi-Attack|p1a: Hitmonlee
|-activate|p1a: Hitmonlee|move: Endure
|-damage|p1a: Hitmonlee|1/100
|-enditem|p1a: Hitmonlee|Liechi Berry|[eat]
|-boost|p1a: Hitmonlee|atk|1|[from] item: Liechi Berry
|
|upkeep
|turn|17
|
|t:|1661034920
|move|p1a: Hitmonlee|Close Combat|p2a: Silvally
|-damage|p2a: Silvally|0 fnt
|-unboost|p1a: Hitmonlee|def|1
|-unboost|p1a: Hitmonlee|spd|1
|faint|p2a: Silvally
|
|win|B320H
|raw|B320H's rating: 1279 &rarr; <strong>1322</strong><br />(+43 for winning)
|raw|PULT4C1 Redemption's rating: 1592 &rarr; <strong>1558</strong><br />(-34 for losing)
