|j|☆The Scheme
|j|☆Vishoclock
|t:|1648058397
|gametype|singles
|player|p1|The Scheme|scientist-gen4|1354
|player|p2|Vishoclock|cyrus|1342
|teamsize|p1|6
|teamsize|p2|6
|gen|8
|tier|[Gen 8] PU
|rated|
|rule|Sleep Clause Mod: Limit one foe put to sleep
|rule|Species Clause: Limit one of each Pokémon
|rule|OHKO Clause: OHKO moves are banned
|rule|Evasion Moves Clause: Evasion moves are banned
|rule|Endless Battle Clause: Forcing endless battles is banned
|rule|HP Percentage Mod: HP is shown in percentages
|rule|Dynamax Clause: You cannot dynamax
|clearpoke
|poke|p1|Audino, M|
|poke|p1|Eldegoss, F|
|poke|p1|Absol, M|
|poke|p1|Quagsire, F|
|poke|p1|Dusclops, M|
|poke|p1|Shuckle, F|
|poke|p2|Arctovish|
|poke|p2|Weezing, F|
|poke|p2|Eldegoss, F|
|poke|p2|Scrafty, M|
|poke|p2|Gigalith, F|
|poke|p2|Mesprit|
|teampreview
|
|t:|1648058410
|start
|switch|p1a: Shuckle|Shuckle, F|100/100
|switch|p2a: Arctovish|Arctovish|100/100
|turn|1
|
|t:|1648058416
|move|p2a: Arctovish|Fishious Rend|p1a: Shuckle
|-supereffective|p1a: Shuckle
|-damage|p1a: Shuckle|0 fnt
|faint|p1a: Shuckle
|
|upkeep
|
|t:|1648058420
|switch|p1a: Dusclops|Dusclops, M|100/100
|-ability|p1a: Dusclops|Pressure
|turn|2
|
|t:|1648058427
|move|p2a: Arctovish|Fishious Rend|p1a: Dusclops
|-damage|p1a: Dusclops|46/100
|move|p1a: Dusclops|Toxic|p2a: Arctovish|[miss]
|-miss|p1a: Dusclops|p2a: Arctovish
|
|upkeep
|turn|3
|
|t:|1648058436
|switch|p1a: Eldegoss|Eldegoss, F|100/100
|move|p2a: Arctovish|Fishious Rend|p1a: Eldegoss
|-resisted|p1a: Eldegoss
|-damage|p1a: Eldegoss|33/100
|-damage|p2a: Arctovish|84/100|[from] item: Rocky Helmet|[of] p1a: Eldegoss
|
|upkeep
|turn|4
|
|t:|1648058448
|switch|p1a: Dusclops|Dusclops, M|46/100
|-ability|p1a: Dusclops|Pressure
|move|p2a: Arctovish|Fishious Rend|p1a: Dusclops
|-damage|p1a: Dusclops|0 fnt
|faint|p1a: Dusclops
|
|upkeep
|
|t:|1648058455
|switch|p1a: Quagsire|Quagsire, F|100/100
|turn|5
|
|t:|1648058459
|move|p2a: Arctovish|Fishious Rend|p1a: Quagsire
|-damage|p1a: Quagsire|21/100
|-damage|p2a: Arctovish|67/100|[from] item: Rocky Helmet|[of] p1a: Quagsire
|move|p1a: Quagsire|Toxic|p2a: Arctovish
|-status|p2a: Arctovish|tox
|
|-damage|p2a: Arctovish|61/100 tox|[from] psn
|upkeep
|turn|6
|
|t:|1648058468
|switch|p1a: Eldegoss|Eldegoss, F|66/100
|move|p2a: Arctovish|Fishious Rend|p1a: Eldegoss
|-resisted|p1a: Eldegoss
|-damage|p1a: Eldegoss|0 fnt
|-damage|p2a: Arctovish|45/100 tox|[from] item: Rocky Helmet|[of] p1a: Eldegoss
|faint|p1a: Eldegoss
|
|-damage|p2a: Arctovish|32/100 tox|[from] psn
|upkeep
|
|t:|1648058475
|switch|p1a: Audino|Audino, M|100/100
|turn|7
|
|t:|1648058483
|switch|p2a: Eldegoss|Eldegoss, F|100/100
|switch|p1a: Quagsire|Quagsire, F|21/100
|
|upkeep
|turn|8
|
|t:|1648058488
|move|p2a: Eldegoss|Giga Drain|p1a: Quagsire
|-supereffective|p1a: Quagsire
|-damage|p1a: Quagsire|0 fnt
|faint|p1a: Quagsire
|
|upkeep
|
|t:|1648058491
|switch|p1a: Audino|Audino, M|100/100
|turn|9
|
|t:|1648058494
|move|p2a: Eldegoss|Aromatherapy|p2a: Eldegoss
|-activate|p2a: Eldegoss|move: Aromatherapy
|-curestatus|p2: Arctovish|tox|[msg]
|move|p1a: Audino|Yawn|p2a: Eldegoss
|-start|p2a: Eldegoss|move: Yawn|[of] p1a: Audino
|
|upkeep
|turn|10
|
|t:|1648058501
|switch|p2a: Scrafty|Scrafty, M|100/100
|move|p1a: Audino|Wish|p1a: Audino
|
|upkeep
|turn|11
|inactive|Battle timer is ON: inactive players will automatically lose when time's up. (requested by The Scheme)
|
|t:|1648058507
|move|p2a: Scrafty|Close Combat|p1a: Audino
|-supereffective|p1a: Audino
|-damage|p1a: Audino|8/100
|-unboost|p2a: Scrafty|def|1
|-unboost|p2a: Scrafty|spd|1
|move|p1a: Audino|Knock Off|p2a: Scrafty
|-resisted|p2a: Scrafty
|-damage|p2a: Scrafty|94/100
|-enditem|p2a: Scrafty|Leftovers|[from] move: Knock Off|[of] p1a: Audino
|
|-heal|p1a: Audino|58/100|[from] move: Wish|[wisher] Audino
|-heal|p1a: Audino|64/100|[from] item: Leftovers
|upkeep
|turn|12
|
|t:|1648058516
|move|p2a: Scrafty|Close Combat|p1a: Audino
|-supereffective|p1a: Audino
|-damage|p1a: Audino|0 fnt
|-unboost|p2a: Scrafty|def|1
|-unboost|p2a: Scrafty|spd|1
|faint|p1a: Audino
|
|upkeep
|
|t:|1648058519
|switch|p1a: Absol|Absol, M|100/100
|turn|13
|
|t:|1648058522
|move|p1a: Absol|Substitute|p1a: Absol
|-start|p1a: Absol|Substitute
|-damage|p1a: Absol|76/100
|move|p2a: Scrafty|Close Combat|p1a: Absol
|-supereffective|p1a: Absol
|-end|p1a: Absol|Substitute
|-unboost|p2a: Scrafty|def|1
|-unboost|p2a: Scrafty|spd|1
|
|upkeep
|turn|14
|
|t:|1648058525
|move|p1a: Absol|Substitute|p1a: Absol
|-start|p1a: Absol|Substitute
|-damage|p1a: Absol|51/100
|move|p2a: Scrafty|Close Combat|p1a: Absol
|-supereffective|p1a: Absol
|-end|p1a: Absol|Substitute
|-unboost|p2a: Scrafty|def|1
|-unboost|p2a: Scrafty|spd|1
|
|upkeep
|turn|15
|
|t:|1648058530
|move|p1a: Absol|Knock Off|p2a: Scrafty
|-resisted|p2a: Scrafty
|-crit|p2a: Scrafty
|-damage|p2a: Scrafty|53/100
|move|p2a: Scrafty|Close Combat|p1a: Absol
|-supereffective|p1a: Absol
|-damage|p1a: Absol|0 fnt
|-unboost|p2a: Scrafty|def|1
|-unboost|p2a: Scrafty|spd|1
|faint|p1a: Absol
|
|win|Vishoclock
|raw|The Scheme's rating: 1354 &rarr; <strong>1333</strong><br />(-21 for losing)
|raw|Vishoclock's rating: 1342 &rarr; <strong>1363</strong><br />(+21 for winning)
|c|☆Vishoclock|Gg
|c|☆The Scheme|Gg
|l|☆The Scheme
||Ladder isn't responding, score probably updated but might not have (Request timeout).
