|html|<div class="broadcast-blue"><strong>[Gen 8] PU is currently suspecting Drampa! For information on how to participate check out the <a href="https://www.smogon.com/forums/threads/np-pu-stage-7-i-hear-hyper-voices-in-my-head-drampa-suspect-test.3692992/">suspect thread</a>.</strong></div>
|j|☆Dr.Castor
|j|☆one of the bouys
|t:|1635985077
|gametype|singles
|player|p1|Dr.Castor|rocketgruntf|1291
|player|p2|one of the bouys|clown|1534
|teamsize|p1|6
|teamsize|p2|6
|gen|8
|tier|[Gen 8] PU
|rated|
|rule|Sleep Clause Mod: Limit one foe put to sleep
|rule|Species Clause: Limit one of each Pokémon
|rule|OHKO Clause: OHKO moves are banned
|rule|Evasion Moves Clause: Evasion moves are banned
|rule|Endless Battle Clause: Forcing endless battles is banned
|rule|HP Percentage Mod: HP is shown in percentages
|rule|Dynamax Clause: You cannot dynamax
|clearpoke
|poke|p1|Jellicent, M|
|poke|p1|Lycanroc, F|
|poke|p1|Mr. Rime, M|
|poke|p1|Scrafty, F|
|poke|p1|Whimsicott, F|
|poke|p1|Silvally-*|
|poke|p2|Flapple, F|
|poke|p2|Drifblim, M|
|poke|p2|Sandaconda, F|
|poke|p2|Ribombee, F|
|poke|p2|Cryogonal|
|poke|p2|Gigalith, F|
|teampreview
|inactive|Battle timer is ON: inactive players will automatically lose when time's up. (requested by Dr.Castor)
|
|t:|1635985167
|start
|switch|p1a: Jellicent|Jellicent, M|100/100
|switch|p2a: Sandaconda|Sandaconda, F|100/100
|turn|1
|
|t:|1635985174
|switch|p2a: Cryogonal|Cryogonal|100/100
|move|p1a: Jellicent|Magic Coat|p1a: Jellicent
|-singleturn|p1a: Jellicent|move: Magic Coat
|
|upkeep
|turn|2
|
|t:|1635985183
|switch|p1a: Mr. Rime|Mr. Rime, M|100/100
|move|p2a: Cryogonal|Ice Beam|p1a: Mr. Rime
|-resisted|p1a: Mr. Rime
|-damage|p1a: Mr. Rime|82/100
|
|-heal|p1a: Mr. Rime|88/100|[from] item: Leftovers
|upkeep
|turn|3
|
|t:|1635985192
|move|p2a: Cryogonal|Toxic|p1a: Mr. Rime
|-status|p1a: Mr. Rime|tox
|move|p1a: Mr. Rime|Calm Mind|p1a: Mr. Rime
|-boost|p1a: Mr. Rime|spa|1
|-boost|p1a: Mr. Rime|spd|1
|
|-heal|p1a: Mr. Rime|94/100 tox|[from] item: Leftovers
|-damage|p1a: Mr. Rime|88/100 tox|[from] psn
|upkeep
|turn|4
|
|t:|1635985200
|switch|p2a: Gigalith|Gigalith, F|100/100
|-weather|Sandstorm|[from] ability: Sand Stream|[of] p2a: Gigalith
|move|p1a: Mr. Rime|Psychic|p2a: Gigalith
|-crit|p2a: Gigalith
|-damage|p2a: Gigalith|44/100
|
|-weather|Sandstorm|[upkeep]
|-damage|p1a: Mr. Rime|82/100 tox|[from] Sandstorm
|-heal|p1a: Mr. Rime|88/100 tox|[from] item: Leftovers
|-heal|p2a: Gigalith|50/100|[from] item: Leftovers
|-damage|p1a: Mr. Rime|76/100 tox|[from] psn
|upkeep
|turn|5
|
|t:|1635985211
|move|p2a: Gigalith|Protect|p2a: Gigalith
|-singleturn|p2a: Gigalith|Protect
|move|p1a: Mr. Rime|Psychic|p2a: Gigalith
|-activate|p2a: Gigalith|move: Protect
|
|-weather|Sandstorm|[upkeep]
|-damage|p1a: Mr. Rime|70/100 tox|[from] Sandstorm
|-heal|p1a: Mr. Rime|76/100 tox|[from] item: Leftovers
|-heal|p2a: Gigalith|57/100|[from] item: Leftovers
|-damage|p1a: Mr. Rime|58/100 tox|[from] psn
|upkeep
|turn|6
|j| Gva
|
|t:|1635985222
|move|p1a: Mr. Rime|Psychic|p2a: Gigalith
|-damage|p2a: Gigalith|24/100
|move|p2a: Gigalith|Rock Blast|p1a: Mr. Rime
|-supereffective|p1a: Mr. Rime
|-damage|p1a: Mr. Rime|29/100 tox
|-supereffective|p1a: Mr. Rime
|-damage|p1a: Mr. Rime|2/100 tox
|-supereffective|p1a: Mr. Rime
|-damage|p1a: Mr. Rime|0 fnt
|faint|p1a: Mr. Rime
|-hitcount|p1: Mr. Rime|3
|
|-weather|Sandstorm|[upkeep]
|-heal|p2a: Gigalith|30/100|[from] item: Leftovers
|upkeep
|
|t:|1635985234
|switch|p1a: Scrafty|Scrafty, F|100/100
|-ability|p1a: Scrafty|Intimidate|boost
|-unboost|p2a: Gigalith|atk|1
|turn|7
|
|t:|1635985242
|switch|p2a: Ribombee|Ribombee, F|100/100
|move|p1a: Scrafty|Knock Off|p2a: Ribombee
|-resisted|p2a: Ribombee
|-damage|p2a: Ribombee|61/100
|-enditem|p2a: Ribombee|Heavy-Duty Boots|[from] move: Knock Off|[of] p1a: Scrafty
|
|-weather|Sandstorm|[upkeep]
|-damage|p2a: Ribombee|55/100|[from] Sandstorm
|-damage|p1a: Scrafty|95/100|[from] Sandstorm
|upkeep
|turn|8
|
|t:|1635985250
|switch|p1a: Silvally|Silvally-Poison|100/100
|move|p2a: Ribombee|Moonblast|p1a: Silvally
|-resisted|p1a: Silvally
|-damage|p1a: Silvally|87/100
|
|-weather|none
|upkeep
|turn|9
|
|t:|1635985258
|move|p2a: Ribombee|U-turn|p1a: Silvally
|-resisted|p1a: Silvally
|-damage|p1a: Silvally|81/100
|
|t:|1635985262
|switch|p2a: Drifblim|Drifblim, M|100/100|[from]move: U-turn
|move|p1a: Silvally|Toxic|p2a: Drifblim
|-status|p2a: Drifblim|tox
|
|-damage|p2a: Drifblim|94/100 tox|[from] psn
|upkeep
|turn|10
|
|t:|1635985270
|move|p2a: Drifblim|Will-O-Wisp|p1a: Silvally
|-status|p1a: Silvally|brn
|move|p1a: Silvally|Surf|p2a: Drifblim
|-damage|p2a: Drifblim|68/100 tox
|
|-damage|p2a: Drifblim|55/100 tox|[from] psn
|-damage|p1a: Silvally|75/100 brn|[from] brn
|upkeep
|turn|11
|
|t:|1635985278
|move|p2a: Drifblim|Strength Sap|p1a: Silvally
|-unboost|p1a: Silvally|atk|1
|-heal|p2a: Drifblim|95/100 tox
|move|p1a: Silvally|Surf|p2a: Drifblim
|-damage|p2a: Drifblim|71/100 tox
|
|-damage|p2a: Drifblim|53/100 tox|[from] psn
|-damage|p1a: Silvally|69/100 brn|[from] brn
|upkeep
|turn|12
|
|t:|1635985287
|switch|p2a: Cryogonal|Cryogonal|100/100
|move|p1a: Silvally|Surf|p2a: Cryogonal
|-damage|p2a: Cryogonal|84/100
|
|-damage|p1a: Silvally|63/100 brn|[from] brn
|upkeep
|turn|13
|
|t:|1635985294
|move|p2a: Cryogonal|Ice Beam|p1a: Silvally
|-damage|p1a: Silvally|38/100 brn
|move|p1a: Silvally|Toxic|p2a: Cryogonal
|-status|p2a: Cryogonal|tox
|
|-damage|p2a: Cryogonal|78/100 tox|[from] psn
|-damage|p1a: Silvally|32/100 brn|[from] brn
|upkeep
|turn|14
|
|t:|1635985301
|move|p2a: Cryogonal|Ice Beam|p1a: Silvally
|-damage|p1a: Silvally|7/100 brn
|move|p1a: Silvally|Parting Shot|p2a: Cryogonal
|-unboost|p2a: Cryogonal|atk|1
|-unboost|p2a: Cryogonal|spa|1
|
|t:|1635985308
|switch|p1a: Scrafty|Scrafty, F|95/100|[from]move: Parting Shot
|-ability|p1a: Scrafty|Intimidate|boost
|-unboost|p2a: Cryogonal|atk|1
|
|-damage|p2a: Cryogonal|66/100 tox|[from] psn
|upkeep
|turn|15
|
|t:|1635985316
|switch|p2a: Drifblim|Drifblim, M|53/100 tox
|move|p1a: Scrafty|Fire Punch|p2a: Drifblim
|-damage|p2a: Drifblim|19/100 tox
|
|-damage|p2a: Drifblim|13/100 tox|[from] psn
|upkeep
|turn|16
|
|t:|1635985323
|switch|p1a: Silvally|Silvally-Poison|7/100 brn
|move|p2a: Drifblim|Knock Off|p1a: Silvally
|-damage|p1a: Silvally|0 fnt
|faint|p1a: Silvally
|
|-damage|p2a: Drifblim|0 fnt|[from] psn
|faint|p2a: Drifblim
|upkeep
|
|t:|1635985331
|switch|p2a: Ribombee|Ribombee, F|55/100
|switch|p1a: Lycanroc|Lycanroc, F|100/100
|turn|17
|
|t:|1635985335
|switch|p2a: Sandaconda|Sandaconda, F|100/100
|move|p1a: Lycanroc|Accelerock|p2a: Sandaconda
|-resisted|p2a: Sandaconda
|-damage|p2a: Sandaconda|92/100
|-damage|p1a: Lycanroc|84/100|[from] item: Rocky Helmet|[of] p2a: Sandaconda
|-damage|p1a: Lycanroc|74/100|[from] item: Life Orb
|
|upkeep
|turn|18
|
|t:|1635985344
|switch|p1a: Scrafty|Scrafty, F|95/100
|-ability|p1a: Scrafty|Intimidate|boost
|-unboost|p2a: Sandaconda|atk|1
|move|p2a: Sandaconda|Stealth Rock|p1a: Scrafty
|-sidestart|p1: Dr.Castor|move: Stealth Rock
|
|upkeep
|turn|19
|
|t:|1635985350
|move|p2a: Sandaconda|Glare|p1a: Scrafty
|-status|p1a: Scrafty|par
|cant|p1a: Scrafty|par
|
|upkeep
|turn|20
|
|t:|1635985357
|move|p2a: Sandaconda|Earthquake|p1a: Scrafty
|-damage|p1a: Scrafty|72/100 par
|cant|p1a: Scrafty|par
|
|upkeep
|turn|21
|
|t:|1635985363
|move|p2a: Sandaconda|Earthquake|p1a: Scrafty
|-damage|p1a: Scrafty|49/100 par
|cant|p1a: Scrafty|par
|
|upkeep
|turn|22
|
|t:|1635985367
|move|p2a: Sandaconda|Earthquake|p1a: Scrafty
|-damage|p1a: Scrafty|26/100 par
|move|p1a: Scrafty|Knock Off|p2a: Sandaconda
|-damage|p2a: Sandaconda|62/100
|-damage|p1a: Scrafty|10/100 par|[from] item: Rocky Helmet|[of] p2a: Sandaconda
|-enditem|p2a: Sandaconda|Rocky Helmet|[from] move: Knock Off|[of] p1a: Scrafty
|
|upkeep
|turn|23
|
|t:|1635985376
|move|p2a: Sandaconda|Earthquake|p1a: Scrafty
|-damage|p1a: Scrafty|0 fnt
|faint|p1a: Scrafty
|
|upkeep
|
|t:|1635985380
|switch|p1a: Jellicent|Jellicent, M|100/100
|-damage|p1a: Jellicent|88/100|[from] Stealth Rock
|turn|24
|
|t:|1635985385
|switch|p2a: Gigalith|Gigalith, F|30/100
|-weather|Sandstorm|[from] ability: Sand Stream|[of] p2a: Gigalith
|move|p1a: Jellicent|Scald|p2a: Gigalith
|-supereffective|p2a: Gigalith
|-damage|p2a: Gigalith|6/100
|
|-weather|Sandstorm|[upkeep]
|-damage|p1a: Jellicent|82/100|[from] Sandstorm
|-heal|p2a: Gigalith|12/100|[from] item: Leftovers
|upkeep
|turn|25
|
|t:|1635985394
|move|p1a: Jellicent|Scald|p2a: Gigalith
|-supereffective|p2a: Gigalith
|-damage|p2a: Gigalith|0 fnt
|faint|p2a: Gigalith
|
|-weather|Sandstorm|[upkeep]
|-damage|p1a: Jellicent|76/100|[from] Sandstorm
|upkeep
|
|t:|1635985396
|switch|p2a: Flapple|Flapple, F|100/100
|turn|26
|
|t:|1635985405
|switch|p1a: Whimsicott|Whimsicott, F|100/100
|-damage|p1a: Whimsicott|88/100|[from] Stealth Rock
|move|p2a: Flapple|Grav Apple|p1a: Whimsicott
|-resisted|p1a: Whimsicott
|-crit|p1a: Whimsicott
|-damage|p1a: Whimsicott|17/100
|-unboost|p1a: Whimsicott|def|1
|-damage|p2a: Flapple|91/100|[from] item: Life Orb
|
|-weather|Sandstorm|[upkeep]
|-damage|p1a: Whimsicott|11/100|[from] Sandstorm
|-damage|p2a: Flapple|84/100|[from] Sandstorm
|-heal|p1a: Whimsicott|17/100|[from] item: Leftovers
|upkeep
|turn|27
|
|t:|1635985417
|move|p2a: Flapple|Sucker Punch|p1a: Whimsicott
|-resisted|p1a: Whimsicott
|-damage|p1a: Whimsicott|0 fnt
|faint|p1a: Whimsicott
|-damage|p2a: Flapple|75/100|[from] item: Life Orb
|
|-weather|Sandstorm|[upkeep]
|-damage|p2a: Flapple|68/100|[from] Sandstorm
|upkeep
|
|t:|1635985424
|switch|p1a: Lycanroc|Lycanroc, F|74/100
|-damage|p1a: Lycanroc|62/100|[from] Stealth Rock
|turn|28
|
|t:|1635985448
|move|p1a: Lycanroc|Close Combat|p2a: Flapple
|-damage|p2a: Flapple|0 fnt
|-unboost|p1a: Lycanroc|def|1
|-unboost|p1a: Lycanroc|spd|1
|faint|p2a: Flapple
|-damage|p1a: Lycanroc|52/100|[from] item: Life Orb
|
|-weather|none
|upkeep
|
|t:|1635985451
|switch|p2a: Sandaconda|Sandaconda, F|62/100
|turn|29
|
|t:|1635985458
|switch|p1a: Jellicent|Jellicent, M|76/100
|-damage|p1a: Jellicent|63/100|[from] Stealth Rock
|move|p2a: Sandaconda|Glare|p1a: Jellicent
|-status|p1a: Jellicent|par
|
|upkeep
|turn|30
|
|t:|1635985467
|switch|p2a: Cryogonal|Cryogonal|66/100 tox
|move|p1a: Jellicent|Strength Sap|p2a: Cryogonal
|-unboost|p2a: Cryogonal|atk|1
|-heal|p1a: Jellicent|94/100 par
|
|-damage|p2a: Cryogonal|60/100 tox|[from] psn
|upkeep
|turn|31
|
|t:|1635985474
|move|p2a: Cryogonal|Recover|p2a: Cryogonal
|-heal|p2a: Cryogonal|100/100 tox
|move|p1a: Jellicent|Shadow Ball|p2a: Cryogonal
|-damage|p2a: Cryogonal|78/100 tox
|
|-damage|p2a: Cryogonal|66/100 tox|[from] psn
|upkeep
|turn|32
|
|t:|1635985481
|move|p2a: Cryogonal|Ice Beam|p1a: Jellicent
|-resisted|p1a: Jellicent
|-damage|p1a: Jellicent|79/100 par
|move|p1a: Jellicent|Shadow Ball|p2a: Cryogonal
|-damage|p2a: Cryogonal|47/100 tox
|-unboost|p2a: Cryogonal|spd|1
|
|-damage|p2a: Cryogonal|29/100 tox|[from] psn
|upkeep
|turn|33
|
|t:|1635985490
|move|p2a: Cryogonal|Ice Beam|p1a: Jellicent
|-resisted|p1a: Jellicent
|-damage|p1a: Jellicent|63/100 par
|move|p1a: Jellicent|Strength Sap|p2a: Cryogonal
|-unboost|p2a: Cryogonal|atk|1
|-heal|p1a: Jellicent|83/100 par
|
|-damage|p2a: Cryogonal|4/100 tox|[from] psn
|upkeep
|turn|34
|
|t:|1635985500
|move|p2a: Cryogonal|Ice Beam|p1a: Jellicent
|-resisted|p1a: Jellicent
|-damage|p1a: Jellicent|66/100 par
|move|p1a: Jellicent|Strength Sap|p2a: Cryogonal
|-unboost|p2a: Cryogonal|atk|1
|-heal|p1a: Jellicent|81/100 par
|
|-damage|p2a: Cryogonal|0 fnt|[from] psn
|faint|p2a: Cryogonal
|upkeep
|
|t:|1635985502
|switch|p2a: Ribombee|Ribombee, F|55/100
|turn|35
|
|t:|1635985511
|move|p2a: Ribombee|Quiver Dance|p2a: Ribombee
|-boost|p2a: Ribombee|spa|1
|-boost|p2a: Ribombee|spd|1
|-boost|p2a: Ribombee|spe|1
|cant|p1a: Jellicent|par
|
|upkeep
|turn|36
|
|t:|1635985520
|switch|p1a: Lycanroc|Lycanroc, F|52/100
|-damage|p1a: Lycanroc|39/100|[from] Stealth Rock
|move|p2a: Ribombee|Moonblast|p1a: Lycanroc
|-damage|p1a: Lycanroc|0 fnt
|faint|p1a: Lycanroc
|
|upkeep
|
|t:|1635985528
|switch|p1a: Jellicent|Jellicent, M|81/100 par
|-damage|p1a: Jellicent|69/100 par|[from] Stealth Rock
|turn|37
|l| Gva
|
|t:|1635985531
|move|p2a: Ribombee|Moonblast|p1a: Jellicent
|-damage|p1a: Jellicent|20/100 par
|move|p1a: Jellicent|Shadow Ball|p2a: Ribombee
|-damage|p2a: Ribombee|28/100
|
|upkeep
|turn|38
|c|☆Dr.Castor|gg
|
|t:|1635985538
|move|p2a: Ribombee|Moonblast|p1a: Jellicent
|-damage|p1a: Jellicent|0 fnt
|faint|p1a: Jellicent
|
|win|one of the bouys
|raw|Dr.Castor's rating: 1291 &rarr; <strong>1281</strong><br />(-10 for losing)
|raw|one of the bouys's rating: 1534 &rarr; <strong>1542</strong><br />(+8 for winning)
|c|☆one of the bouys|gg
|l|☆Dr.Castor
