|raw|<div class="broadcast-blue"><strong>This battle is required to be public due to a player having a name starting with 'pult4c1'.</div>
|j|☆PULT4C1 Haffling
|j|☆PULT4C1 Pix
|t:|1660830528
|gametype|singles
|player|p1|PULT4C1 Haffling|cyrus|1516
|player|p2|PULT4C1 Pix|klara|1522
|teamsize|p1|6
|teamsize|p2|6
|gen|8
|tier|[Gen 8] PU
|rated|
|rule|Sleep Clause Mod: Limit one foe put to sleep
|rule|Species Clause: Limit one of each Pokémon
|rule|OHKO Clause: OHKO moves are banned
|rule|Evasion Items Clause: Evasion items are banned
|rule|Evasion Moves Clause: Evasion moves are banned
|rule|Endless Battle Clause: Forcing endless battles is banned
|rule|HP Percentage Mod: HP is shown in percentages
|rule|Dynamax Clause: You cannot dynamax
|clearpoke
|poke|p1|Jellicent, F|
|poke|p1|Audino, F|
|poke|p1|Scrafty, F|
|poke|p1|Garbodor, F|
|poke|p1|Gigalith, M|
|poke|p1|Whimsicott, M|
|poke|p2|Gigalith, M|
|poke|p2|Charizard, M|
|poke|p2|Quagsire, F|
|poke|p2|Scrafty, F|
|poke|p2|Eldegoss, M|
|poke|p2|Cinccino, F|
|teampreview
|inactive|Battle timer is ON: inactive players will automatically lose when time's up. (requested by PULT4C1 Pix)
|j| Dark★Shionツ
|
|t:|1660830547
|start
|switch|p1a: Whimsicott|Whimsicott, M|100/100
|switch|p2a: Cinccino|Cinccino, F|100/100
|turn|1
|
|t:|1660830555
|switch|p2a: Eldegoss|Eldegoss, M, shiny|100/100
|move|p1a: Whimsicott|U-turn|p2a: Eldegoss
|-supereffective|p2a: Eldegoss
|-damage|p2a: Eldegoss|81/100
|
|t:|1660830561
|switch|p1a: Garbodor|Garbodor, F|100/100|[from]move: U-turn
|
|upkeep
|turn|2
|
|t:|1660830566
|switch|p2a: Gigalith|Gigalith, M|100/100
|-weather|Sandstorm|[from] ability: Sand Stream|[of] p2a: Gigalith
|move|p1a: Garbodor|Gunk Shot|p2a: Gigalith
|-resisted|p2a: Gigalith
|-damage|p2a: Gigalith|85/100
|-status|p2a: Gigalith|psn
|
|-weather|Sandstorm|[upkeep]
|-damage|p1a: Garbodor|95/100|[from] Sandstorm
|-heal|p2a: Gigalith|91/100 psn|[from] item: Leftovers
|-damage|p2a: Gigalith|79/100 psn|[from] psn
|upkeep
|turn|3
|j| pult4c1 skelly
|
|t:|1660830575
|move|p1a: Garbodor|Spikes|p2a: Gigalith
|-sidestart|p2: PULT4C1 Pix|Spikes
|move|p2a: Gigalith|Stealth Rock|p1a: Garbodor
|-sidestart|p1: PULT4C1 Haffling|move: Stealth Rock
|
|-weather|Sandstorm|[upkeep]
|-damage|p1a: Garbodor|89/100|[from] Sandstorm
|-heal|p2a: Gigalith|85/100 psn|[from] item: Leftovers
|-damage|p2a: Gigalith|73/100 psn|[from] psn
|upkeep
|turn|4
|
|t:|1660830579
|switch|p1a: Scrafty|Scrafty, F|100/100
|-damage|p1a: Scrafty|94/100|[from] Stealth Rock
|move|p2a: Gigalith|Earthquake|p1a: Scrafty
|-damage|p1a: Scrafty|60/100
|
|-weather|Sandstorm|[upkeep]
|-damage|p1a: Scrafty|54/100|[from] Sandstorm
|-heal|p1a: Scrafty|60/100|[from] item: Leftovers
|-heal|p2a: Gigalith|79/100 psn|[from] item: Leftovers
|-damage|p2a: Gigalith|67/100 psn|[from] psn
|upkeep
|turn|5
|
|t:|1660830590
|switch|p2a: Quagsire|Quagsire, F|100/100
|move|p1a: Scrafty|Close Combat|p2a: Quagsire
|-damage|p2a: Quagsire|63/100
|-unboost|p1a: Scrafty|def|1
|-unboost|p1a: Scrafty|spd|1
|
|-weather|Sandstorm|[upkeep]
|-damage|p1a: Scrafty|54/100|[from] Sandstorm
|-heal|p1a: Scrafty|60/100|[from] item: Leftovers
|upkeep
|turn|6
|
|t:|1660830601
|switch|p1a: Whimsicott|Whimsicott, M|100/100
|move|p2a: Quagsire|Recover|p2a: Quagsire
|-heal|p2a: Quagsire|100/100
|
|-weather|none
|upkeep
|turn|7
|
|t:|1660830615
|move|p1a: Whimsicott|U-turn|p2a: Quagsire
|-damage|p2a: Quagsire|93/100
|
|t:|1660830620
|switch|p1a: Garbodor|Garbodor, F|89/100|[from]move: U-turn
|-damage|p1a: Garbodor|76/100|[from] Stealth Rock
|move|p2a: Quagsire|Scald|p1a: Garbodor
|-damage|p1a: Garbodor|57/100
|-status|p1a: Garbodor|brn
|
|-damage|p1a: Garbodor|51/100 brn|[from] brn
|upkeep
|turn|8
|
|t:|1660830633
|switch|p1a: Jellicent|Jellicent, F|100/100
|-damage|p1a: Jellicent|88/100|[from] Stealth Rock
|switch|p2a: Charizard|Charizard, M|100/100
|
|upkeep
|turn|9
|
|t:|1660830640
|switch|p2a: Eldegoss|Eldegoss, M, shiny|100/100
|move|p1a: Jellicent|Hydro Pump|p2a: Eldegoss
|-resisted|p2a: Eldegoss
|-damage|p2a: Eldegoss|74/100
|
|upkeep
|turn|10
|
|t:|1660830649
|switch|p1a: Scrafty|Scrafty, F|60/100
|-damage|p1a: Scrafty|54/100|[from] Stealth Rock
|move|p2a: Eldegoss|Rapid Spin|p1a: Scrafty
|-damage|p1a: Scrafty|48/100
|-boost|p2a: Eldegoss|spe|1
|-sideend|p2: PULT4C1 Pix|Spikes|[from] move: Rapid Spin|[of] p2a: Eldegoss
|
|-heal|p1a: Scrafty|54/100|[from] item: Leftovers
|upkeep
|turn|11
|
|t:|1660830654
|switch|p2a: Quagsire|Quagsire, F|93/100
|move|p1a: Scrafty|Poison Jab|p2a: Quagsire
|-resisted|p2a: Quagsire
|-damage|p2a: Quagsire|85/100
|
|-heal|p1a: Scrafty|60/100|[from] item: Leftovers
|upkeep
|turn|12
|
|t:|1660830661
|move|p1a: Scrafty|Knock Off|p2a: Quagsire
|-damage|p2a: Quagsire|53/100
|-enditem|p2a: Quagsire|Heavy-Duty Boots|[from] move: Knock Off|[of] p1a: Scrafty
|move|p2a: Quagsire|Scald|p1a: Scrafty
|-damage|p1a: Scrafty|40/100
|
|-heal|p1a: Scrafty|46/100|[from] item: Leftovers
|upkeep
|turn|13
|
|t:|1660830668
|switch|p1a: Jellicent|Jellicent, F|88/100
|-damage|p1a: Jellicent|76/100|[from] Stealth Rock
|move|p2a: Quagsire|Recover|p2a: Quagsire
|-heal|p2a: Quagsire|100/100
|
|upkeep
|turn|14
|j| PULT4C1 QiYu5
|
|t:|1660830687
|switch|p2a: Eldegoss|Eldegoss, M, shiny|100/100
|move|p1a: Jellicent|Trick|p2a: Eldegoss
|-activate|p1a: Jellicent|move: Trick|[of] p2a: Eldegoss
|-item|p2a: Eldegoss|Choice Specs|[from] move: Trick
|-item|p1a: Jellicent|Heavy-Duty Boots|[from] move: Trick
|
|upkeep
|turn|15
|
|t:|1660830691
|switch|p1a: Whimsicott|Whimsicott, M|100/100
|move|p2a: Eldegoss|Grass Knot|p1a: Whimsicott
|-resisted|p1a: Whimsicott
|-damage|p1a: Whimsicott|94/100
|
|upkeep
|turn|16
|
|t:|1660830696
|switch|p2a: Charizard|Charizard, M|100/100
|move|p1a: Whimsicott|Defog|p2a: Charizard
|-unboost|p2a: Charizard|evasion|1
|-sideend|p1: PULT4C1 Haffling|Stealth Rock|[from] move: Defog|[of] p1a: Whimsicott
|
|upkeep
|turn|17
|
|t:|1660830701
|move|p1a: Whimsicott|U-turn|p2a: Charizard
|-resisted|p2a: Charizard
|-damage|p2a: Charizard|97/100
|
|t:|1660830706
|switch|p1a: Audino|Audino, F|100/100|[from]move: U-turn
|move|p2a: Charizard|Toxic|p1a: Audino
|-status|p1a: Audino|tox
|
|-damage|p1a: Audino|94/100 tox|[from] psn
|upkeep
|turn|18
|
|t:|1660830714
|switch|p2a: Scrafty|Scrafty, F|100/100
|move|p1a: Audino|Wish|p1a: Audino
|
|-damage|p1a: Audino|82/100 tox|[from] psn
|upkeep
|turn|19
|
|t:|1660830721
|switch|p1a: Garbodor|Garbodor, F|51/100 brn
|move|p2a: Scrafty|Poison Jab|p1a: Garbodor
|-resisted|p1a: Garbodor
|-damage|p1a: Garbodor|41/100 brn
|-damage|p2a: Scrafty|84/100|[from] item: Rocky Helmet|[of] p1a: Garbodor
|
|-heal|p1a: Garbodor|99/100 brn|[from] move: Wish|[wisher] Audino
|-heal|p2a: Scrafty|90/100|[from] item: Leftovers
|-damage|p1a: Garbodor|94/100 brn|[from] brn
|upkeep
|turn|20
|
|t:|1660830727
|move|p2a: Scrafty|Knock Off|p1a: Garbodor
|-damage|p1a: Garbodor|57/100 brn
|-damage|p2a: Scrafty|73/100|[from] item: Rocky Helmet|[of] p1a: Garbodor
|-enditem|p1a: Garbodor|Rocky Helmet|[from] move: Knock Off|[of] p2a: Scrafty
|move|p1a: Garbodor|Spikes|p2a: Scrafty
|-sidestart|p2: PULT4C1 Pix|Spikes
|
|-heal|p2a: Scrafty|79/100|[from] item: Leftovers
|-damage|p1a: Garbodor|51/100 brn|[from] brn
|upkeep
|turn|21
|
|t:|1660830731
|move|p2a: Scrafty|Knock Off|p1a: Garbodor
|-damage|p1a: Garbodor|28/100 brn
|move|p1a: Garbodor|Gunk Shot|p2a: Scrafty
|-damage|p2a: Scrafty|58/100
|
|-heal|p2a: Scrafty|64/100|[from] item: Leftovers
|-damage|p1a: Garbodor|22/100 brn|[from] brn
|upkeep
|turn|22
|
|t:|1660830750
|move|p2a: Scrafty|Knock Off|p1a: Garbodor
|-damage|p1a: Garbodor|0 fnt
|-damage|p2a: Scrafty|39/100|[from] ability: Aftermath|[of] p1a: Garbodor
|faint|p1a: Garbodor
|
|-heal|p2a: Scrafty|45/100|[from] item: Leftovers
|upkeep
|
|t:|1660830753
|switch|p1a: Whimsicott|Whimsicott, M|94/100
|turn|23
|
|t:|1660830760
|switch|p2a: Eldegoss|Eldegoss, M, shiny|100/100
|-damage|p2a: Eldegoss|88/100|[from] Spikes
|move|p1a: Whimsicott|U-turn|p2a: Eldegoss
|-supereffective|p2a: Eldegoss
|-damage|p2a: Eldegoss|68/100
|
|t:|1660830763
|switch|p1a: Scrafty|Scrafty, F|46/100|[from]move: U-turn
|
|-heal|p1a: Scrafty|52/100|[from] item: Leftovers
|upkeep
|turn|24
|inactive|PULT4C1 Pix has 120 seconds left.
|
|t:|1660830811
|move|p1a: Scrafty|Poison Jab|p2a: Eldegoss
|-supereffective|p2a: Eldegoss
|-damage|p2a: Eldegoss|26/100
|move|p2a: Eldegoss|Rapid Spin|p1a: Scrafty
|-damage|p1a: Scrafty|46/100
|-boost|p2a: Eldegoss|spe|1
|-sideend|p2: PULT4C1 Pix|Spikes|[from] move: Rapid Spin|[of] p2a: Eldegoss
|
|-heal|p1a: Scrafty|52/100|[from] item: Leftovers
|upkeep
|turn|25
|c|☆PULT4C1 Haffling|can i ever get a poison
|
|t:|1660830828
|switch|p2a: Quagsire|Quagsire, F|100/100
|move|p1a: Scrafty|Poison Jab|p2a: Quagsire
|-resisted|p2a: Quagsire
|-damage|p2a: Quagsire|93/100
|
|-heal|p1a: Scrafty|58/100|[from] item: Leftovers
|upkeep
|turn|26
|inactive|PULT4C1 Pix has 120 seconds left.
|c|☆PULT4C1 Pix|you clicked it twice bro
|
|t:|1660830840
|switch|p1a: Whimsicott|Whimsicott, M|94/100
|move|p2a: Quagsire|Toxic|p1a: Whimsicott
|-status|p1a: Whimsicott|tox
|
|-damage|p1a: Whimsicott|87/100 tox|[from] psn
|upkeep
|turn|27
|c|☆PULT4C1 Haffling|not today
|inactive|PULT4C1 Pix has 120 seconds left.
|c|☆PULT4C1 Haffling|ive clicked it 12
|c|☆PULT4C1 Haffling|and gotten it once
|
|t:|1660830861
|switch|p2a: Charizard|Charizard, M|97/100
|move|p1a: Whimsicott|U-turn|p2a: Charizard
|-resisted|p2a: Charizard
|-damage|p2a: Charizard|93/100
|
|t:|1660830863
|switch|p1a: Gigalith|Gigalith, M|100/100|[from]move: U-turn
|-weather|Sandstorm|[from] ability: Sand Stream|[of] p1a: Gigalith
|
|-weather|Sandstorm|[upkeep]
|-damage|p2a: Charizard|87/100|[from] Sandstorm
|upkeep
|turn|28
|
|t:|1660830870
|switch|p2a: Scrafty|Scrafty, F|45/100
|move|p1a: Gigalith|Stealth Rock|p2a: Scrafty
|-sidestart|p2: PULT4C1 Pix|move: Stealth Rock
|
|-weather|Sandstorm|[upkeep]
|-damage|p2a: Scrafty|39/100|[from] Sandstorm
|-heal|p2a: Scrafty|45/100|[from] item: Leftovers
|upkeep
|turn|29
|
|t:|1660830881
|switch|p1a: Jellicent|Jellicent, F|76/100
|move|p2a: Scrafty|Close Combat|p1a: Jellicent
|-immune|p1a: Jellicent
|
|-weather|Sandstorm|[upkeep]
|-damage|p1a: Jellicent|70/100|[from] Sandstorm
|-damage|p2a: Scrafty|39/100|[from] Sandstorm
|-heal|p2a: Scrafty|45/100|[from] item: Leftovers
|upkeep
|turn|30
|
|t:|1660830887
|switch|p2a: Eldegoss|Eldegoss, M, shiny|59/100
|-damage|p2a: Eldegoss|47/100|[from] Stealth Rock
|move|p1a: Jellicent|Water Spout|p2a: Eldegoss
|-resisted|p2a: Eldegoss
|-damage|p2a: Eldegoss|30/100
|
|-weather|Sandstorm|[upkeep]
|-damage|p1a: Jellicent|64/100|[from] Sandstorm
|-damage|p2a: Eldegoss|23/100|[from] Sandstorm
|upkeep
|turn|31
|
|t:|1660830899
|move|p1a: Jellicent|Shadow Ball|p2a: Eldegoss
|-damage|p2a: Eldegoss|0 fnt
|faint|p2a: Eldegoss
|
|-weather|none
|upkeep
|
|t:|1660830904
|switch|p2a: Cinccino|Cinccino, F|100/100
|-damage|p2a: Cinccino|88/100|[from] Stealth Rock
|turn|32
|
|t:|1660830913
|move|p2a: Cinccino|Knock Off|p1a: Jellicent
|-supereffective|p1a: Jellicent
|-damage|p1a: Jellicent|0 fnt
|-enditem|p1a: Jellicent|Heavy-Duty Boots|[from] move: Knock Off|[of] p2a: Cinccino
|faint|p1a: Jellicent
|
|upkeep
|
|t:|1660830917
|switch|p1a: Gigalith|Gigalith, M|100/100
|-weather|Sandstorm|[from] ability: Sand Stream|[of] p1a: Gigalith
|turn|33
|
|t:|1660830923
|move|p2a: Cinccino|U-turn|p1a: Gigalith
|-damage|p1a: Gigalith|85/100
|
|t:|1660830926
|switch|p2a: Quagsire|Quagsire, F|93/100|[from]move: U-turn
|-damage|p2a: Quagsire|87/100|[from] Stealth Rock
|move|p1a: Gigalith|Earthquake|p2a: Quagsire
|-damage|p2a: Quagsire|64/100
|
|-weather|Sandstorm|[upkeep]
|-heal|p1a: Gigalith|91/100|[from] item: Leftovers
|upkeep
|turn|34
|
|t:|1660830931
|switch|p1a: Whimsicott|Whimsicott, M|87/100 tox
|move|p2a: Quagsire|Recover|p2a: Quagsire
|-heal|p2a: Quagsire|100/100
|
|-weather|Sandstorm|[upkeep]
|-damage|p1a: Whimsicott|81/100 tox|[from] Sandstorm
|-damage|p1a: Whimsicott|75/100 tox|[from] psn
|upkeep
|turn|35
|
|t:|1660830934
|switch|p2a: Charizard|Charizard, M|87/100
|move|p1a: Whimsicott|Giga Drain|p2a: Charizard
|-resisted|p2a: Charizard
|-damage|p2a: Charizard|78/100
|-heal|p1a: Whimsicott|80/100 tox|[from] drain|[of] p2a: Charizard
|
|-weather|Sandstorm|[upkeep]
|-damage|p1a: Whimsicott|74/100 tox|[from] Sandstorm
|-damage|p2a: Charizard|72/100|[from] Sandstorm
|-damage|p1a: Whimsicott|62/100 tox|[from] psn
|upkeep
|turn|36
|
|t:|1660830938
|move|p1a: Whimsicott|U-turn|p2a: Charizard
|-resisted|p2a: Charizard
|-damage|p2a: Charizard|69/100
|
|t:|1660830941
|switch|p1a: Audino|Audino, F|100/100 tox|[from]move: U-turn
|move|p2a: Charizard|Toxic|p1a: Audino
|-fail|p1a: Audino|tox
|
|-weather|Sandstorm|[upkeep]
|-damage|p2a: Charizard|62/100|[from] Sandstorm
|-damage|p1a: Audino|94/100 tox|[from] Sandstorm
|-damage|p1a: Audino|88/100 tox|[from] psn
|upkeep
|turn|37
|j| seeplay
|
|t:|1660830948
|switch|p2a: Scrafty|Scrafty, F|45/100
|-damage|p2a: Scrafty|39/100|[from] Stealth Rock
|switch|p1a: Whimsicott|Whimsicott, M|62/100 tox
|
|-weather|none
|-heal|p2a: Scrafty|45/100|[from] item: Leftovers
|-damage|p1a: Whimsicott|56/100 tox|[from] psn
|upkeep
|turn|38
|
|t:|1660830952
|switch|p2a: Charizard|Charizard, M|62/100
|move|p1a: Whimsicott|U-turn|p2a: Charizard
|-resisted|p2a: Charizard
|-damage|p2a: Charizard|59/100
|
|t:|1660830956
|switch|p1a: Gigalith|Gigalith, M|91/100|[from]move: U-turn
|-weather|Sandstorm|[from] ability: Sand Stream|[of] p1a: Gigalith
|
|-weather|Sandstorm|[upkeep]
|-damage|p2a: Charizard|53/100|[from] Sandstorm
|-heal|p1a: Gigalith|98/100|[from] item: Leftovers
|upkeep
|turn|39
|
|t:|1660830963
|switch|p2a: Quagsire|Quagsire, F|100/100
|-damage|p2a: Quagsire|94/100|[from] Stealth Rock
|move|p1a: Gigalith|Rock Blast|p2a: Quagsire
|-resisted|p2a: Quagsire
|-damage|p2a: Quagsire|91/100
|-resisted|p2a: Quagsire
|-damage|p2a: Quagsire|87/100
|-resisted|p2a: Quagsire
|-damage|p2a: Quagsire|83/100
|-hitcount|p2a: Quagsire|3
|
|-weather|Sandstorm|[upkeep]
|-heal|p1a: Gigalith|100/100|[from] item: Leftovers
|upkeep
|turn|40
|
|t:|1660830969
|switch|p1a: Audino|Audino, F|100/100 tox
|move|p2a: Quagsire|Scald|p1a: Audino
|-crit|p1a: Audino
|-damage|p1a: Audino|84/100 tox
|
|-weather|Sandstorm|[upkeep]
|-damage|p1a: Audino|78/100 tox|[from] Sandstorm
|-damage|p1a: Audino|71/100 tox|[from] psn
|upkeep
|turn|41
|
|t:|1660830979
|move|p1a: Audino|Wish|p1a: Audino
|move|p2a: Quagsire|Scald|p1a: Audino
|-damage|p1a: Audino|60/100 tox
|
|-weather|Sandstorm|[upkeep]
|-damage|p1a: Audino|54/100 tox|[from] Sandstorm
|-damage|p1a: Audino|41/100 tox|[from] psn
|upkeep
|turn|42
|
|t:|1660830990
|switch|p1a: Whimsicott|Whimsicott, M|56/100 tox
|switch|p2a: Cinccino|Cinccino, F|88/100
|-damage|p2a: Cinccino|76/100|[from] Stealth Rock
|
|-weather|none
|-heal|p1a: Whimsicott|100/100 tox|[from] move: Wish|[wisher] Audino
|-damage|p1a: Whimsicott|94/100 tox|[from] psn
|upkeep
|turn|43
|
|t:|1660830994
|move|p1a: Whimsicott|U-turn|p2a: Cinccino
|-damage|p2a: Cinccino|57/100
|
|t:|1660830998
|switch|p1a: Scrafty|Scrafty, F|58/100|[from]move: U-turn
|move|p2a: Cinccino|Triple Axel|p1a: Scrafty|[miss]
|-miss|p2a: Cinccino|p1a: Scrafty
|
|-heal|p1a: Scrafty|64/100|[from] item: Leftovers
|upkeep
|turn|44
|
|t:|1660831009
|move|p2a: Cinccino|U-turn|p1a: Scrafty
|-damage|p1a: Scrafty|43/100
|
|t:|1660831012
|switch|p2a: Quagsire|Quagsire, F|83/100|[from]move: U-turn
|-damage|p2a: Quagsire|77/100|[from] Stealth Rock
|move|p1a: Scrafty|Knock Off|p2a: Quagsire
|-damage|p2a: Quagsire|57/100
|
|-heal|p1a: Scrafty|49/100|[from] item: Leftovers
|upkeep
|turn|45
|
|t:|1660831016
|move|p1a: Scrafty|Poison Jab|p2a: Quagsire
|-resisted|p2a: Quagsire
|-damage|p2a: Quagsire|49/100
|move|p2a: Quagsire|Recover|p2a: Quagsire
|-heal|p2a: Quagsire|99/100
|
|-heal|p1a: Scrafty|55/100|[from] item: Leftovers
|upkeep
|turn|46
|
|t:|1660831021
|move|p1a: Scrafty|Poison Jab|p2a: Quagsire
|-resisted|p2a: Quagsire
|-damage|p2a: Quagsire|91/100
|-status|p2a: Quagsire|psn
|move|p2a: Quagsire|Scald|p1a: Scrafty
|-damage|p1a: Scrafty|36/100
|-status|p1a: Scrafty|brn
|
|-heal|p1a: Scrafty|43/100 brn|[from] item: Leftovers
|-damage|p2a: Quagsire|79/100 psn|[from] psn
|-damage|p1a: Scrafty|36/100 brn|[from] brn
|upkeep
|turn|47
|j| yandaud
|c|☆PULT4C1 Haffling|yay
|
|t:|1660831033
|switch|p1a: Audino|Audino, F|75/100 tox
|switch|p2a: Charizard|Charizard, M|53/100
|
|-damage|p1a: Audino|69/100 tox|[from] psn
|upkeep
|turn|48
|
|t:|1660831041
|switch|p2a: Scrafty|Scrafty, F|45/100
|-damage|p2a: Scrafty|39/100|[from] Stealth Rock
|move|p1a: Audino|Knock Off|p2a: Scrafty
|-resisted|p2a: Scrafty
|-damage|p2a: Scrafty|35/100
|-enditem|p2a: Scrafty|Leftovers|[from] move: Knock Off|[of] p1a: Audino
|
|-damage|p1a: Audino|56/100 tox|[from] psn
|upkeep
|turn|49
|
|t:|1660831052
|switch|p1a: Scrafty|Scrafty, F|36/100 brn
|move|p2a: Scrafty|Poison Jab|p1a: Scrafty
|-damage|p1a: Scrafty|9/100 brn
|
|-heal|p1a: Scrafty|15/100 brn|[from] item: Leftovers
|-damage|p1a: Scrafty|9/100 brn|[from] brn
|upkeep
|turn|50
|l| PULT4C1 QiYu5
|l| Dark★Shionツ
|inactive|PULT4C1 Pix has 120 seconds left.
|
|t:|1660831085
|switch|p2a: Gigalith|Gigalith, M|67/100 psn
|-damage|p2a: Gigalith|54/100 psn|[from] Stealth Rock
|-weather|Sandstorm|[from] ability: Sand Stream|[of] p2a: Gigalith
|move|p1a: Scrafty|Close Combat|p2a: Gigalith
|-supereffective|p2a: Gigalith
|-damage|p2a: Gigalith|14/100 psn
|-unboost|p1a: Scrafty|def|1
|-unboost|p1a: Scrafty|spd|1
|
|-weather|Sandstorm|[upkeep]
|-damage|p1a: Scrafty|3/100 brn|[from] Sandstorm
|-heal|p1a: Scrafty|9/100 brn|[from] item: Leftovers
|-heal|p2a: Gigalith|20/100 psn|[from] item: Leftovers
|-damage|p2a: Gigalith|8/100 psn|[from] psn
|-damage|p1a: Scrafty|3/100 brn|[from] brn
|upkeep
|turn|51
|
|t:|1660831103
|move|p1a: Scrafty|Knock Off|p2a: Gigalith
|-damage|p2a: Gigalith|0 fnt
|-enditem|p2a: Gigalith|Leftovers|[from] move: Knock Off|[of] p1a: Scrafty
|faint|p2a: Gigalith
|
|-weather|Sandstorm|[upkeep]
|-damage|p1a: Scrafty|0 fnt|[from] Sandstorm
|faint|p1a: Scrafty
|upkeep
|
|t:|1660831111
|switch|p1a: Whimsicott|Whimsicott, M|94/100 tox
|switch|p2a: Charizard|Charizard, M|53/100
|turn|52
|
|t:|1660831114
|move|p1a: Whimsicott|U-turn|p2a: Charizard
|-resisted|p2a: Charizard
|-damage|p2a: Charizard|49/100
|
|t:|1660831116
|switch|p1a: Audino|Audino, F|90/100 tox|[from]move: U-turn
|move|p2a: Charizard|Roost|p2a: Charizard
|-heal|p2a: Charizard|99/100
|-singleturn|p2a: Charizard|move: Roost
|
|-weather|Sandstorm|[upkeep]
|-damage|p2a: Charizard|93/100|[from] Sandstorm
|-damage|p1a: Audino|83/100 tox|[from] Sandstorm
|-damage|p1a: Audino|77/100 tox|[from] psn
|upkeep
|turn|53
|
|t:|1660831140
|switch|p2a: Quagsire|Quagsire, F|79/100 psn
|-damage|p2a: Quagsire|73/100 psn|[from] Stealth Rock
|move|p1a: Audino|Heal Bell|p1a: Audino
|-activate|p1a: Audino|move: Heal Bell
|-curestatus|p1a: Audino|tox|[msg]
|-curestatus|p1: Whimsicott|tox|[msg]
|
|-weather|Sandstorm|[upkeep]
|-damage|p1a: Audino|71/100|[from] Sandstorm
|-damage|p2a: Quagsire|60/100 psn|[from] psn
|upkeep
|turn|54
|
|t:|1660831149
|move|p1a: Audino|Wish|p1a: Audino
|move|p2a: Quagsire|Toxic|p1a: Audino
|-status|p1a: Audino|tox
|
|-weather|none
|-damage|p1a: Audino|65/100 tox|[from] psn
|-damage|p2a: Quagsire|48/100 psn|[from] psn
|upkeep
|turn|55
|
|t:|1660831156
|move|p1a: Audino|Knock Off|p2a: Quagsire
|-damage|p2a: Quagsire|41/100 psn
|move|p2a: Quagsire|Recover|p2a: Quagsire
|-heal|p2a: Quagsire|91/100 psn
|
|-heal|p1a: Audino|100/100 tox|[from] move: Wish|[wisher] Audino
|-damage|p1a: Audino|88/100 tox|[from] psn
|-damage|p2a: Quagsire|79/100 psn|[from] psn
|upkeep
|turn|56
|
|t:|1660831165
|switch|p2a: Scrafty|Scrafty, F|35/100
|-damage|p2a: Scrafty|29/100|[from] Stealth Rock
|move|p1a: Audino|Wish|p1a: Audino
|
|-damage|p1a: Audino|70/100 tox|[from] psn
|upkeep
|turn|57
|
|t:|1660831174
|switch|p1a: Gigalith|Gigalith, M|100/100
|-weather|Sandstorm|[from] ability: Sand Stream|[of] p1a: Gigalith
|move|p2a: Scrafty|Rest|p2a: Scrafty
|-status|p2a: Scrafty|slp|[from] move: Rest
|-heal|p2a: Scrafty|100/100 slp|[silent]
|
|-weather|Sandstorm|[upkeep]
|-damage|p2a: Scrafty|95/100 slp|[from] Sandstorm
|upkeep
|turn|58
|
|t:|1660831182
|cant|p2a: Scrafty|slp
|move|p1a: Gigalith|Rock Blast|p2a: Scrafty|[miss]
|-miss|p1a: Gigalith|p2a: Scrafty
|
|-weather|Sandstorm|[upkeep]
|-damage|p2a: Scrafty|89/100 slp|[from] Sandstorm
|upkeep
|turn|59
|
|t:|1660831187
|switch|p1a: Whimsicott|Whimsicott, M|94/100
|cant|p2a: Scrafty|slp
|
|-weather|Sandstorm|[upkeep]
|-damage|p1a: Whimsicott|88/100|[from] Sandstorm
|-damage|p2a: Scrafty|83/100 slp|[from] Sandstorm
|upkeep
|turn|60
|
|t:|1660831193
|switch|p2a: Charizard|Charizard, M|93/100
|move|p1a: Whimsicott|Moonblast|p2a: Charizard
|-resisted|p2a: Charizard
|-damage|p2a: Charizard|69/100
|
|-weather|Sandstorm|[upkeep]
|-damage|p1a: Whimsicott|82/100|[from] Sandstorm
|-damage|p2a: Charizard|63/100|[from] Sandstorm
|upkeep
|turn|61
|
|t:|1660831198
|move|p1a: Whimsicott|U-turn|p2a: Charizard
|-resisted|p2a: Charizard
|-damage|p2a: Charizard|59/100
|
|t:|1660831200
|switch|p1a: Audino|Audino, F|100/100 tox|[from]move: U-turn
|move|p2a: Charizard|Toxic|p1a: Audino
|-fail|p1a: Audino|tox
|
|-weather|none
|-damage|p1a: Audino|94/100 tox|[from] psn
|upkeep
|turn|62
|
|t:|1660831206
|switch|p2a: Scrafty|Scrafty, F|83/100 slp
|-damage|p2a: Scrafty|77/100 slp|[from] Stealth Rock
|move|p1a: Audino|Knock Off|p2a: Scrafty
|-resisted|p2a: Scrafty
|-damage|p2a: Scrafty|74/100 slp
|
|-activate|p2a: Scrafty|ability: Shed Skin
|-curestatus|p2a: Scrafty|slp|[msg]
|-damage|p1a: Audino|82/100 tox|[from] psn
|upkeep
|turn|63
|
|t:|1660831213
|switch|p1a: Gigalith|Gigalith, M|100/100
|-weather|Sandstorm|[from] ability: Sand Stream|[of] p1a: Gigalith
|move|p2a: Scrafty|Close Combat|p1a: Gigalith
|-supereffective|p1a: Gigalith
|-damage|p1a: Gigalith|18/100
|-unboost|p2a: Scrafty|def|1
|-unboost|p2a: Scrafty|spd|1
|
|-weather|Sandstorm|[upkeep]
|-damage|p2a: Scrafty|68/100|[from] Sandstorm
|-heal|p1a: Gigalith|24/100|[from] item: Leftovers
|upkeep
|turn|64
|
|t:|1660831218
|move|p2a: Scrafty|Close Combat|p1a: Gigalith
|-supereffective|p1a: Gigalith
|-damage|p1a: Gigalith|0 fnt
|-unboost|p2a: Scrafty|def|1
|-unboost|p2a: Scrafty|spd|1
|faint|p1a: Gigalith
|
|-weather|Sandstorm|[upkeep]
|-damage|p2a: Scrafty|62/100|[from] Sandstorm
|upkeep
|
|t:|1660831220
|switch|p1a: Whimsicott|Whimsicott, M|82/100
|turn|65
|
|t:|1660831225
|switch|p2a: Quagsire|Quagsire, F|79/100 psn
|-damage|p2a: Quagsire|73/100 psn|[from] Stealth Rock
|move|p1a: Whimsicott|Moonblast|p2a: Quagsire
|-damage|p2a: Quagsire|32/100 psn
|
|-weather|Sandstorm|[upkeep]
|-damage|p1a: Whimsicott|76/100|[from] Sandstorm
|-damage|p2a: Quagsire|20/100 psn|[from] psn
|upkeep
|turn|66
|
|t:|1660831229
|move|p1a: Whimsicott|U-turn|p2a: Quagsire
|-damage|p2a: Quagsire|13/100 psn
|
|t:|1660831231
|switch|p1a: Audino|Audino, F|100/100 tox|[from]move: U-turn
|move|p2a: Quagsire|Scald|p1a: Audino
|-damage|p1a: Audino|90/100 tox
|
|-weather|Sandstorm|[upkeep]
|-damage|p1a: Audino|84/100 tox|[from] Sandstorm
|-damage|p1a: Audino|78/100 tox|[from] psn
|-damage|p2a: Quagsire|0 fnt|[from] psn
|faint|p2a: Quagsire
|upkeep
|
|t:|1660831238
|switch|p2a: Cinccino|Cinccino, F|57/100
|-damage|p2a: Cinccino|44/100|[from] Stealth Rock
|turn|67
|
|t:|1660831247
|move|p2a: Cinccino|Tail Slap|p1a: Audino
|-damage|p1a: Audino|68/100 tox
|-damage|p1a: Audino|57/100 tox
|-damage|p1a: Audino|47/100 tox
|-damage|p1a: Audino|36/100 tox
|-damage|p1a: Audino|26/100 tox
|-hitcount|p1a: Audino|5
|move|p1a: Audino|Knock Off|p2a: Cinccino
|-damage|p2a: Cinccino|17/100
|-enditem|p2a: Cinccino|Protective Pads|[from] move: Knock Off|[of] p1a: Audino
|
|-weather|none
|-damage|p1a: Audino|13/100 tox|[from] psn
|upkeep
|turn|68
|
|t:|1660831257
|move|p2a: Cinccino|Tail Slap|p1a: Audino
|-damage|p1a: Audino|2/100 tox
|-damage|p1a: Audino|0 fnt
|faint|p1a: Audino
|-hitcount|p1: Audino|2
|
|upkeep
|
|t:|1660831258
|switch|p1a: Whimsicott|Whimsicott, M|76/100
|turn|69
|
|t:|1660831260
|move|p1a: Whimsicott|Moonblast|p2a: Cinccino
|-damage|p2a: Cinccino|0 fnt
|faint|p2a: Cinccino
|
|upkeep
|
|t:|1660831262
|switch|p2a: Charizard|Charizard, M|59/100
|turn|70
|c|☆PULT4C1 Haffling|unfort
|c|☆PULT4C1 Haffling|gg
|
|t:|1660831269
|move|p1a: Whimsicott|U-turn|p2a: Charizard
|-resisted|p2a: Charizard
|-damage|p2a: Charizard|56/100
|move|p2a: Charizard|Flamethrower|p1a: Whimsicott
|-supereffective|p1a: Whimsicott
|-damage|p1a: Whimsicott|0 fnt
|faint|p1a: Whimsicott
|
|win|PULT4C1 Pix
|raw|PULT4C1 Haffling's rating: 1516 &rarr; <strong>1496</strong><br />(-20 for losing)
|raw|PULT4C1 Pix's rating: 1522 &rarr; <strong>1542</strong><br />(+20 for winning)
|l|☆PULT4C1 Haffling
