|j|☆shalutianwang
|j|☆Jalap3no
|t:|1639787029
|gametype|singles
|player|p1|shalutianwang|pokemaniac|1517
|player|p2|Jalap3no|265|1517
|teamsize|p1|6
|teamsize|p2|6
|gen|8
|tier|[Gen 8] PU
|rated|
|rule|Sleep Clause Mod: Limit one foe put to sleep
|rule|Species Clause: Limit one of each Pokémon
|rule|OHKO Clause: OHKO moves are banned
|rule|Evasion Moves Clause: Evasion moves are banned
|rule|Endless Battle Clause: Forcing endless battles is banned
|rule|HP Percentage Mod: HP is shown in percentages
|rule|Dynamax Clause: You cannot dynamax
|clearpoke
|poke|p1|Aromatisse, F|
|poke|p1|Absol, M|
|poke|p1|Gigalith, M|
|poke|p1|Articuno-Galar|
|poke|p1|Sandslash, M|
|poke|p1|Eldegoss, F|
|poke|p2|Sneasel, M|
|poke|p2|Stunfisk-Galar, M|
|poke|p2|Cofagrigus, F|
|poke|p2|Silvally-*|
|poke|p2|Haunter, M|
|poke|p2|Jolteon, F|
|teampreview
|
|t:|1639787053
|start
|switch|p1a: 死亡如风常伴吾身|Absol, M|100/100
|switch|p2a: Jolteon|Jolteon, F|100/100
|turn|1
|
|t:|1639787059
|switch|p2a: Silvally|Silvally-Water|100/100
|move|p1a: 死亡如风常伴吾身|Sucker Punch||[still]
|-fail|p1a: 死亡如风常伴吾身
|
|upkeep
|turn|2
|
|t:|1639787065
|switch|p1a: 人生就得带点绿|Eldegoss, F|100/100
|move|p2a: Silvally|Toxic|p1a: 人生就得带点绿
|-status|p1a: 人生就得带点绿|tox
|
|-damage|p1a: 人生就得带点绿|94/100 tox|[from] psn
|upkeep
|turn|3
|j| AlexandreCaido27
|
|t:|1639787074
|switch|p2a: Stunfisk|Stunfisk-Galar, M|100/100
|move|p1a: 人生就得带点绿|Sleep Powder|p2a: Stunfisk
|-status|p2a: Stunfisk|slp|[from] move: Sleep Powder
|
|-damage|p1a: 人生就得带点绿|82/100 tox|[from] psn
|upkeep
|turn|4
|
|t:|1639787081
|move|p1a: 人生就得带点绿|Aromatherapy|p1a: 人生就得带点绿
|-activate|p1a: 人生就得带点绿|move: Aromatherapy
|-curestatus|p1a: 人生就得带点绿|tox|[msg]
|cant|p2a: Stunfisk|slp
|
|upkeep
|turn|5
|
|t:|1639787086
|switch|p1a: 死亡如风常伴吾身|Absol, M|100/100
|-curestatus|p2a: Stunfisk|slp|[msg]
|move|p2a: Stunfisk|Stealth Rock|p1a: 死亡如风常伴吾身
|-sidestart|p1: shalutianwang|move: Stealth Rock
|
|upkeep
|turn|6
|
|t:|1639787092
|switch|p2a: Silvally|Silvally-Water|100/100
|move|p1a: 死亡如风常伴吾身|Knock Off|p2a: Silvally
|-crit|p2a: Silvally
|-damage|p2a: Silvally|30/100
|
|upkeep
|turn|7
|
|t:|1639787101
|switch|p1a: 人生就得带点绿|Eldegoss, F|100/100
|-damage|p1a: 人生就得带点绿|88/100|[from] Stealth Rock
|move|p2a: Silvally|Surf|p1a: 人生就得带点绿
|-resisted|p1a: 人生就得带点绿
|-damage|p1a: 人生就得带点绿|74/100
|
|upkeep
|turn|8
|
|t:|1639787116
|switch|p2a: Cofagrigus|Cofagrigus, F|100/100
|move|p1a: 人生就得带点绿|Sleep Powder|p2a: Cofagrigus
|-status|p2a: Cofagrigus|slp|[from] move: Sleep Powder
|
|upkeep
|turn|9
|
|t:|1639787123
|switch|p1a: 全集中岩之呼吸|Gigalith, M|100/100
|-damage|p1a: 全集中岩之呼吸|88/100|[from] Stealth Rock
|-weather|Sandstorm|[from] ability: Sand Stream|[of] p1a: 全集中岩之呼吸
|switch|p2a: Haunter|Haunter, M|100/100
|
|-weather|Sandstorm|[upkeep]
|-damage|p2a: Haunter|95/100|[from] Sandstorm
|-heal|p1a: 全集中岩之呼吸|94/100|[from] item: Leftovers
|upkeep
|turn|10
|
|t:|1639787134
|switch|p2a: Silvally|Silvally-Water|30/100
|move|p1a: 全集中岩之呼吸|Stealth Rock|p2a: Silvally
|-sidestart|p2: Jalap3no|move: Stealth Rock
|
|-weather|Sandstorm|[upkeep]
|-damage|p2a: Silvally|24/100|[from] Sandstorm
|-heal|p1a: 全集中岩之呼吸|100/100|[from] item: Leftovers
|upkeep
|turn|11
|
|t:|1639787142
|move|p2a: Silvally|Rest|p2a: Silvally
|-status|p2a: Silvally|slp|[from] move: Rest
|-heal|p2a: Silvally|100/100 slp|[silent]
|move|p1a: 全集中岩之呼吸|Rock Blast|p2a: Silvally
|-damage|p2a: Silvally|90/100 slp
|-damage|p2a: Silvally|80/100 slp
|-damage|p2a: Silvally|71/100 slp
|-damage|p2a: Silvally|61/100 slp
|-damage|p2a: Silvally|51/100 slp
|-hitcount|p2a: Silvally|5
|
|-weather|Sandstorm|[upkeep]
|-damage|p2a: Silvally|45/100 slp|[from] Sandstorm
|upkeep
|turn|12
|
|t:|1639787155
|switch|p2a: Cofagrigus|Cofagrigus, F|100/100 slp
|-damage|p2a: Cofagrigus|88/100 slp|[from] Stealth Rock
|move|p1a: 全集中岩之呼吸|Rock Blast|p2a: Cofagrigus|[miss]
|-miss|p1a: 全集中岩之呼吸|p2a: Cofagrigus
|
|-weather|Sandstorm|[upkeep]
|-damage|p2a: Cofagrigus|82/100 slp|[from] Sandstorm
|upkeep
|turn|13
|
|t:|1639787164
|switch|p1a: 死亡如风常伴吾身|Absol, M|100/100
|-damage|p1a: 死亡如风常伴吾身|88/100|[from] Stealth Rock
|cant|p2a: Cofagrigus|slp
|
|-weather|none
|upkeep
|turn|14
|
|t:|1639787171
|switch|p2a: Silvally|Silvally-Water|45/100 slp
|-damage|p2a: Silvally|32/100 slp|[from] Stealth Rock
|move|p1a: 死亡如风常伴吾身|Knock Off|p2a: Silvally
|-damage|p2a: Silvally|0 fnt
|faint|p2a: Silvally
|
|upkeep
|inactive|Battle timer is ON: inactive players will automatically lose when time's up. (requested by shalutianwang)
|
|t:|1639787182
|switch|p2a: Haunter|Haunter, M|95/100
|-damage|p2a: Haunter|82/100|[from] Stealth Rock
|turn|15
|
|t:|1639787188
|switch|p1a: 全集中岩之呼吸|Gigalith, M|100/100
|-damage|p1a: 全集中岩之呼吸|88/100|[from] Stealth Rock
|-weather|Sandstorm|[from] ability: Sand Stream|[of] p1a: 全集中岩之呼吸
|move|p2a: Haunter|Shadow Ball|p1a: 全集中岩之呼吸
|-damage|p1a: 全集中岩之呼吸|63/100
|-damage|p2a: Haunter|72/100|[from] item: Life Orb
|
|-weather|Sandstorm|[upkeep]
|-damage|p2a: Haunter|66/100|[from] Sandstorm
|-heal|p1a: 全集中岩之呼吸|69/100|[from] item: Leftovers
|upkeep
|turn|16
|
|t:|1639787203
|switch|p2a: Stunfisk|Stunfisk-Galar, M|100/100
|-damage|p2a: Stunfisk|97/100|[from] Stealth Rock
|move|p1a: 全集中岩之呼吸|Rock Blast|p2a: Stunfisk
|-resisted|p2a: Stunfisk
|-damage|p2a: Stunfisk|95/100
|-resisted|p2a: Stunfisk
|-damage|p2a: Stunfisk|93/100
|-resisted|p2a: Stunfisk
|-damage|p2a: Stunfisk|91/100
|-hitcount|p2a: Stunfisk|3
|
|-weather|Sandstorm|[upkeep]
|-heal|p2a: Stunfisk|97/100|[from] item: Leftovers
|-heal|p1a: 全集中岩之呼吸|75/100|[from] item: Leftovers
|upkeep
|turn|17
|
|t:|1639787215
|move|p1a: 全集中岩之呼吸|Protect|p1a: 全集中岩之呼吸
|-singleturn|p1a: 全集中岩之呼吸|Protect
|move|p2a: Stunfisk|Earthquake|p1a: 全集中岩之呼吸
|-activate|p1a: 全集中岩之呼吸|move: Protect
|
|-weather|Sandstorm|[upkeep]
|-heal|p2a: Stunfisk|100/100|[from] item: Leftovers
|-heal|p1a: 全集中岩之呼吸|81/100|[from] item: Leftovers
|upkeep
|turn|18
|
|t:|1639787228
|switch|p1a: 人生就得带点绿|Eldegoss, F|100/100
|-damage|p1a: 人生就得带点绿|88/100|[from] Stealth Rock
|move|p2a: Stunfisk|Foul Play|p1a: 人生就得带点绿
|-damage|p1a: 人生就得带点绿|79/100
|-damage|p2a: Stunfisk|84/100|[from] item: Rocky Helmet|[of] p1a: 人生就得带点绿
|
|-weather|Sandstorm|[upkeep]
|-damage|p1a: 人生就得带点绿|72/100|[from] Sandstorm
|-heal|p2a: Stunfisk|90/100|[from] item: Leftovers
|upkeep
|turn|19
|
|t:|1639787242
|switch|p2a: Cofagrigus|Cofagrigus, F|82/100 slp
|-damage|p2a: Cofagrigus|70/100 slp|[from] Stealth Rock
|move|p1a: 人生就得带点绿|Leaf Tornado|p2a: Cofagrigus
|-damage|p2a: Cofagrigus|51/100 slp
|
|-weather|none
|upkeep
|turn|20
|
|t:|1639787251
|switch|p1a: 死亡如风常伴吾身|Absol, M|88/100
|-damage|p1a: 死亡如风常伴吾身|76/100|[from] Stealth Rock
|cant|p2a: Cofagrigus|slp
|
|upkeep
|turn|21
|
|t:|1639787259
|move|p1a: 死亡如风常伴吾身|Knock Off|p2a: Cofagrigus
|-supereffective|p2a: Cofagrigus
|-damage|p2a: Cofagrigus|0 fnt
|-activate|p2a: Cofagrigus|ability: Mummy|Super Luck|[of] p1a: 死亡如风常伴吾身
|-enditem|p2a: Cofagrigus|Kasib Berry|[from] move: Knock Off|[of] p1a: 死亡如风常伴吾身
|faint|p2a: Cofagrigus
|
|upkeep
|
|t:|1639787270
|switch|p2a: Sneasel|Sneasel, M|100/100
|-damage|p2a: Sneasel|76/100|[from] Stealth Rock
|turn|22
|
|t:|1639787274
|switch|p1a: 代表月亮消灭你|Aromatisse, F|100/100
|-damage|p1a: 代表月亮消灭你|88/100|[from] Stealth Rock
|move|p2a: Sneasel|Icicle Crash|p1a: 代表月亮消灭你|[miss]
|-miss|p2a: Sneasel|p1a: 代表月亮消灭你
|
|-heal|p1a: 代表月亮消灭你|94/100|[from] item: Leftovers
|upkeep
|turn|23
|
|t:|1639787282
|switch|p2a: Stunfisk|Stunfisk-Galar, M|90/100
|-damage|p2a: Stunfisk|87/100|[from] Stealth Rock
|move|p1a: 代表月亮消灭你|Moonblast|p2a: Stunfisk
|-resisted|p2a: Stunfisk
|-damage|p2a: Stunfisk|76/100
|
|-heal|p2a: Stunfisk|82/100|[from] item: Leftovers
|-heal|p1a: 代表月亮消灭你|100/100|[from] item: Leftovers
|upkeep
|turn|24
|
|t:|1639787293
|switch|p1a: 人生就得带点绿|Eldegoss, F|100/100
|-damage|p1a: 人生就得带点绿|88/100|[from] Stealth Rock
|move|p2a: Stunfisk|Earthquake|p1a: 人生就得带点绿
|-resisted|p1a: 人生就得带点绿
|-crit|p1a: 人生就得带点绿
|-damage|p1a: 人生就得带点绿|70/100
|
|-heal|p2a: Stunfisk|88/100|[from] item: Leftovers
|upkeep
|turn|25
|
|t:|1639787304
|move|p1a: 人生就得带点绿|Sleep Powder|p2a: Stunfisk
|-status|p2a: Stunfisk|slp|[from] move: Sleep Powder
|cant|p2a: Stunfisk|slp
|
|-heal|p2a: Stunfisk|94/100 slp|[from] item: Leftovers
|upkeep
|turn|26
|-message|Jalap3no forfeited.
|
|win|shalutianwang
|raw|shalutianwang's rating: 1517 &rarr; <strong>1537</strong><br />(+20 for winning)
|raw|Jalap3no's rating: 1517 &rarr; <strong>1497</strong><br />(-20 for losing)
|l|☆Jalap3no
