|html|<div class="broadcast-blue"><strong>[Gen 8] PU is currently suspecting Drampa! For information on how to participate check out the <a href="https://www.smogon.com/forums/threads/np-pu-stage-7-i-hear-hyper-voices-in-my-head-drampa-suspect-test.3692992/">suspect thread</a>.</strong></div>
|j|☆mefrog
|j|☆Pingerfymooper
|t:|1636733572
|gametype|singles
|player|p1|mefrog|volkner|1414
|player|p2|Pingerfymooper|hiker-gen4|1402
|teamsize|p1|6
|teamsize|p2|6
|gen|8
|tier|[Gen 8] PU
|rated|
|rule|Sleep Clause Mod: Limit one foe put to sleep
|rule|Species Clause: Limit one of each Pokémon
|rule|OHKO Clause: OHKO moves are banned
|rule|Evasion Moves Clause: Evasion moves are banned
|rule|Endless Battle Clause: Forcing endless battles is banned
|rule|HP Percentage Mod: HP is shown in percentages
|rule|Dynamax Clause: You cannot dynamax
|clearpoke
|poke|p1|Thievul, F|
|poke|p1|Weezing, M|
|poke|p1|Aggron, M|
|poke|p1|Scyther, F|
|poke|p1|Tsareena, F|
|poke|p1|Lanturn, F|
|poke|p2|Basculin, F|
|poke|p2|Froslass, F|
|poke|p2|Sandaconda, F|
|poke|p2|Drampa, M|
|poke|p2|Tsareena, F|
|poke|p2|Silvally-*|
|teampreview
|inactive|Battle timer is ON: inactive players will automatically lose when time's up. (requested by Pingerfymooper)
|
|t:|1636733597
|start
|switch|p1a: Fury cutter|Scyther, F|100/100
|switch|p2a: Froslass|Froslass, F|100/100
|turn|1
|
|t:|1636733612
|switch|p1a: Memento|Weezing, M|100/100
|move|p2a: Froslass|Poltergeist|p1a: Memento
|-activate|p1a: Memento|move: Poltergeist|Rocky Helmet
|-damage|p1a: Memento|59/100
|
|upkeep
|turn|2
|
|t:|1636733617
|move|p2a: Froslass|Poltergeist|p1a: Memento
|-activate|p1a: Memento|move: Poltergeist|Rocky Helmet
|-damage|p1a: Memento|19/100
|move|p1a: Memento|Will-O-Wisp|p2a: Froslass|[miss]
|-miss|p1a: Memento|p2a: Froslass
|
|upkeep
|turn|3
|
|t:|1636733621
|switch|p1a: DarkPulse|Thievul, F|100/100
|move|p2a: Froslass|Poltergeist|p1a: DarkPulse
|-activate|p1a: DarkPulse|move: Poltergeist|Choice Specs
|-resisted|p1a: DarkPulse
|-damage|p1a: DarkPulse|45/100
|
|upkeep
|turn|4
|
|t:|1636733625
|switch|p1a: Iron head|Aggron, M|100/100
|move|p2a: Froslass|Poltergeist|p1a: Iron head
|-activate|p1a: Iron head|move: Poltergeist|Leftovers
|-damage|p1a: Iron head|72/100
|
|-heal|p1a: Iron head|78/100|[from] item: Leftovers
|upkeep
|turn|5
|
|t:|1636733630
|move|p2a: Froslass|Poltergeist|p1a: Iron head
|-activate|p1a: Iron head|move: Poltergeist|Leftovers
|-crit|p1a: Iron head
|-damage|p1a: Iron head|33/100
|move|p1a: Iron head|Stealth Rock|p2a: Froslass
|-sidestart|p2: Pingerfymooper|move: Stealth Rock
|
|-heal|p1a: Iron head|39/100|[from] item: Leftovers
|upkeep
|turn|6
|
|t:|1636733637
|switch|p2a: Sandaconda|Sandaconda, F|100/100
|-damage|p2a: Sandaconda|94/100|[from] Stealth Rock
|move|p1a: Iron head|Protect||[still]
|-fail|p1a: Iron head
|
|-heal|p1a: Iron head|45/100|[from] item: Leftovers
|upkeep
|turn|7
|
|t:|1636733643
|switch|p1a: Trop kick|Tsareena, F|100/100
|move|p2a: Sandaconda|Glare|p1a: Trop kick
|-status|p1a: Trop kick|par
|
|upkeep
|turn|8
|
|t:|1636733654
|move|p2a: Sandaconda|Stealth Rock|p1a: Trop kick
|-sidestart|p1: mefrog|move: Stealth Rock
|cant|p1a: Trop kick|par
|
|upkeep
|turn|9
|j| Yogapants
|
|t:|1636733659
|move|p2a: Sandaconda|Earthquake|p1a: Trop kick
|-resisted|p1a: Trop kick
|-damage|p1a: Trop kick|79/100 par
|move|p1a: Trop kick|Knock Off|p2a: Sandaconda
|-damage|p2a: Sandaconda|76/100
|-damage|p1a: Trop kick|63/100 par|[from] item: Rocky Helmet|[of] p2a: Sandaconda
|-enditem|p2a: Sandaconda|Rocky Helmet|[from] move: Knock Off|[of] p1a: Trop kick
|
|upkeep
|turn|10
|
|t:|1636733664
|move|p2a: Sandaconda|Earthquake|p1a: Trop kick
|-resisted|p1a: Trop kick
|-damage|p1a: Trop kick|43/100 par
|move|p1a: Trop kick|Rapid Spin|p2a: Sandaconda
|-damage|p2a: Sandaconda|66/100
|-boost|p1a: Trop kick|spe|1
|-sideend|p1: mefrog|Stealth Rock|[from] move: Rapid Spin|[of] p1a: Trop kick
|
|upkeep
|turn|11
|
|t:|1636733668
|move|p1a: Trop kick|Power Whip|p2a: Sandaconda
|-supereffective|p2a: Sandaconda
|-damage|p2a: Sandaconda|0 fnt
|faint|p2a: Sandaconda
|
|upkeep
|
|t:|1636733681
|switch|p2a: Tsareena|Tsareena, F|100/100
|turn|12
|
|t:|1636733685
|move|p2a: Tsareena|Rapid Spin|p1a: Trop kick
|-damage|p1a: Trop kick|21/100 par
|-boost|p2a: Tsareena|spe|1
|-sideend|p2: Pingerfymooper|Stealth Rock|[from] move: Rapid Spin|[of] p2a: Tsareena
|move|p1a: Trop kick|U-turn|p2a: Tsareena
|-supereffective|p2a: Tsareena
|-damage|p2a: Tsareena|46/100
|
|t:|1636733689
|switch|p1a: Memento|Weezing, M|19/100|[from]move: U-turn
|
|upkeep
|turn|13
|
|t:|1636733694
|move|p2a: Tsareena|Knock Off|p1a: Memento
|-damage|p1a: Memento|0 fnt
|-damage|p2a: Tsareena|30/100|[from] item: Rocky Helmet|[of] p1a: Memento
|-enditem|p1a: Memento|Rocky Helmet|[from] move: Knock Off|[of] p2a: Tsareena
|faint|p1a: Memento
|
|upkeep
|
|t:|1636733699
|switch|p1a: Iron head|Aggron, M|45/100
|turn|14
|
|t:|1636733702
|move|p2a: Tsareena|Power Whip|p1a: Iron head
|-crit|p1a: Iron head
|-damage|p1a: Iron head|5/100
|move|p1a: Iron head|Body Press|p2a: Tsareena
|-damage|p2a: Tsareena|0 fnt
|faint|p2a: Tsareena
|
|-heal|p1a: Iron head|11/100|[from] item: Leftovers
|upkeep
|
|t:|1636733714
|switch|p2a: Basculin|Basculin, F|100/100
|turn|15
|
|t:|1636733717
|move|p1a: Iron head|Protect|p1a: Iron head
|-singleturn|p1a: Iron head|Protect
|move|p2a: Basculin|Flip Turn|p1a: Iron head
|-activate|p1a: Iron head|move: Protect
|
|-heal|p1a: Iron head|17/100|[from] item: Leftovers
|upkeep
|turn|16
|
|t:|1636733725
|switch|p1a: Lanturn|Lanturn, F|100/100
|move|p2a: Basculin|Flip Turn|p1a: Lanturn
|-resisted|p1a: Lanturn
|-damage|p1a: Lanturn|71/100
|
|t:|1636733736
|switch|p2a: Drampa|Drampa, M|100/100|[from]move: Flip Turn
|
|-heal|p1a: Lanturn|78/100|[from] item: Leftovers
|upkeep
|turn|17
|
|t:|1636733739
|move|p1a: Lanturn|Protect|p1a: Lanturn
|-singleturn|p1a: Lanturn|Protect
|move|p2a: Drampa|Hyper Voice|p1a: Lanturn
|-activate|p1a: Lanturn|move: Protect
|
|-heal|p1a: Lanturn|84/100|[from] item: Leftovers
|upkeep
|turn|18
|
|t:|1636733746
|move|p1a: Lanturn|Toxic|p2a: Drampa
|-status|p2a: Drampa|tox
|move|p2a: Drampa|Hyper Voice|p1a: Lanturn
|-damage|p1a: Lanturn|33/100
|
|-heal|p1a: Lanturn|39/100|[from] item: Leftovers
|-damage|p2a: Drampa|94/100 tox|[from] psn
|upkeep
|turn|19
|
|t:|1636733751
|move|p1a: Lanturn|Protect|p1a: Lanturn
|-singleturn|p1a: Lanturn|Protect
|move|p2a: Drampa|Hyper Voice|p1a: Lanturn
|-activate|p1a: Lanturn|move: Protect
|
|-heal|p1a: Lanturn|45/100|[from] item: Leftovers
|-damage|p2a: Drampa|82/100 tox|[from] psn
|upkeep
|turn|20
|
|t:|1636733762
|switch|p1a: Iron head|Aggron, M|17/100
|move|p2a: Drampa|Hyper Voice|p1a: Iron head
|-resisted|p1a: Iron head
|-damage|p1a: Iron head|0 fnt
|faint|p1a: Iron head
|
|-damage|p2a: Drampa|64/100 tox|[from] psn
|upkeep
|
|t:|1636733768
|switch|p1a: DarkPulse|Thievul, F|45/100
|turn|21
|
|t:|1636733772
|move|p1a: DarkPulse|Dark Pulse|p2a: Drampa
|-damage|p2a: Drampa|3/100 tox
|move|p2a: Drampa|Hyper Voice|p1a: DarkPulse
|-damage|p1a: DarkPulse|0 fnt
|faint|p1a: DarkPulse
|
|-damage|p2a: Drampa|0 fnt|[from] psn
|faint|p2a: Drampa
|upkeep
|
|t:|1636733778
|switch|p1a: Fury cutter|Scyther, F|100/100
|switch|p2a: Froslass|Froslass, F|100/100
|turn|22
|
|t:|1636733783
|move|p2a: Froslass|Triple Axel|p1a: Fury cutter
|-supereffective|p1a: Fury cutter
|-damage|p1a: Fury cutter|70/100
|-supereffective|p1a: Fury cutter
|-damage|p1a: Fury cutter|7/100
|-supereffective|p1a: Fury cutter
|-damage|p1a: Fury cutter|0 fnt
|faint|p1a: Fury cutter
|-hitcount|p1: Fury cutter|3
|
|upkeep
|-message|mefrog forfeited.
|
|win|Pingerfymooper
|raw|mefrog's rating: 1414 &rarr; <strong>1393</strong><br />(-21 for losing)
|raw|Pingerfymooper's rating: 1402 &rarr; <strong>1423</strong><br />(+21 for winning)
|l|☆mefrog
