|j|☆kindersurprise2 0
|j|☆Test Sett
|t:|1664822268
|gametype|singles
|player|p1|kindersurprise2 0|emmet|1440
|player|p2|Test Sett|2|1532
|teamsize|p1|6
|teamsize|p2|6
|gen|8
|tier|[Gen 8] PU
|rated|
|rule|Sleep Clause Mod: Limit one foe put to sleep
|rule|Species Clause: Limit one of each Pokémon
|rule|OHKO Clause: OHKO moves are banned
|rule|Evasion Items Clause: Evasion items are banned
|rule|Evasion Moves Clause: Evasion moves are banned
|rule|Endless Battle Clause: Forcing endless battles is banned
|rule|HP Percentage Mod: HP is shown in percentages
|rule|Dynamax Clause: You cannot dynamax
|clearpoke
|poke|p1|Regirock|
|poke|p1|Eldegoss, M|
|poke|p1|Lanturn, F|
|poke|p1|Golbat, M|
|poke|p1|Magmortar, F|
|poke|p1|Sawk, M|
|poke|p2|Exeggutor, F|
|poke|p2|Garbodor, F|
|poke|p2|Quagsire, M|
|poke|p2|Scrafty, F|
|poke|p2|Charizard, F|
|poke|p2|Aggron, F|
|teampreview
|inactive|Battle timer is ON: inactive players will automatically lose when time's up. (requested by Test Sett)
|j| GeeGenerator
|j| Koyuza
|
|t:|1664822304
|start
|switch|p1a: Regirock|Regirock|100/100
|switch|p2a: Aggron|Aggron, F|100/100
|turn|1
|
|t:|1664822309
|move|p2a: Aggron|Stealth Rock|p1a: Regirock
|-sidestart|p1: kindersurprise2 0|move: Stealth Rock
|move|p1a: Regirock|Body Press|p2a: Aggron
|-supereffective|p2a: Aggron
|-damage|p2a: Aggron|0 fnt
|faint|p2a: Aggron
|
|upkeep
|
|t:|1664822329
|switch|p2a: Scrafty|Scrafty, F|100/100
|turn|2
|l| GeeGenerator
|
|t:|1664822332
|move|p2a: Scrafty|Bulk Up|p2a: Scrafty
|-boost|p2a: Scrafty|atk|1
|-boost|p2a: Scrafty|def|1
|move|p1a: Regirock|Body Press|p2a: Scrafty
|-supereffective|p2a: Scrafty
|-damage|p2a: Scrafty|52/100
|
|-heal|p2a: Scrafty|58/100|[from] item: Leftovers
|upkeep
|turn|3
|
|t:|1664822337
|move|p2a: Scrafty|Bulk Up|p2a: Scrafty
|-boost|p2a: Scrafty|atk|1
|-boost|p2a: Scrafty|def|1
|move|p1a: Regirock|Body Press|p2a: Scrafty
|-supereffective|p2a: Scrafty
|-damage|p2a: Scrafty|18/100
|
|-heal|p2a: Scrafty|24/100|[from] item: Leftovers
|upkeep
|turn|4
|
|t:|1664822344
|move|p2a: Scrafty|Drain Punch|p1a: Regirock
|-supereffective|p1a: Regirock
|-damage|p1a: Regirock|64/100
|-heal|p2a: Scrafty|44/100|[from] drain|[of] p1a: Regirock
|move|p1a: Regirock|Body Press|p2a: Scrafty
|-supereffective|p2a: Scrafty
|-damage|p2a: Scrafty|3/100
|
|-heal|p2a: Scrafty|9/100|[from] item: Leftovers
|-heal|p1a: Regirock|70/100|[from] item: Leftovers
|upkeep
|turn|5
|
|t:|1664822349
|move|p2a: Scrafty|Drain Punch|p1a: Regirock
|-supereffective|p1a: Regirock
|-damage|p1a: Regirock|32/100
|-heal|p2a: Scrafty|30/100|[from] drain|[of] p1a: Regirock
|move|p1a: Regirock|Body Press|p2a: Scrafty
|-supereffective|p2a: Scrafty
|-damage|p2a: Scrafty|0 fnt
|faint|p2a: Scrafty
|
|-heal|p1a: Regirock|38/100|[from] item: Leftovers
|upkeep
|
|t:|1664822355
|switch|p2a: Exeggutor|Exeggutor, F|100/100
|turn|6
|
|t:|1664822362
|move|p2a: Exeggutor|Seed Bomb|p1a: Regirock
|-supereffective|p1a: Regirock
|-damage|p1a: Regirock|8/100
|move|p1a: Regirock|Stealth Rock|p2a: Exeggutor
|-sidestart|p2: Test Sett|move: Stealth Rock
|
|-heal|p1a: Regirock|14/100|[from] item: Leftovers
|upkeep
|turn|7
|
|t:|1664822366
|move|p2a: Exeggutor|Seed Bomb|p1a: Regirock
|-supereffective|p1a: Regirock
|-damage|p1a: Regirock|0 fnt
|faint|p1a: Regirock
|
|upkeep
|
|t:|1664822371
|switch|p1a: Magmortar|Magmortar, F|100/100
|-damage|p1a: Magmortar|76/100|[from] Stealth Rock
|turn|8
|
|t:|1664822377
|move|p2a: Exeggutor|Endure|p2a: Exeggutor
|-singleturn|p2a: Exeggutor|move: Endure
|move|p1a: Magmortar|Flamethrower|p2a: Exeggutor
|-supereffective|p2a: Exeggutor
|-activate|p2a: Exeggutor|move: Endure
|-damage|p2a: Exeggutor|1/100
|
|upkeep
|turn|9
|-enditem|p2a: Exeggutor|Custap Berry|[eat]
|-activate|p2a: Exeggutor|item: Custap Berry|[consumed]
|
|t:|1664822391
|switch|p1a: Golbat|Golbat, M|100/100
|-damage|p1a: Golbat|76/100|[from] Stealth Rock
|move|p2a: Exeggutor|Stomping Tantrum|p1a: Golbat
|-immune|p1a: Golbat
|
|-item|p2a: Exeggutor|Custap Berry|[from] ability: Harvest
|upkeep
|turn|10
|
|t:|1664822402
|switch|p2a: Charizard|Charizard, F|100/100
|move|p1a: Golbat|Poison Fang|p2a: Charizard
|-damage|p2a: Charizard|82/100
|-status|p2a: Charizard|tox
|
|-damage|p2a: Charizard|76/100 tox|[from] psn
|upkeep
|turn|11
|
|t:|1664822408
|move|p2a: Charizard|Fire Blast|p1a: Golbat
|-damage|p1a: Golbat|32/100
|move|p1a: Golbat|U-turn|p2a: Charizard
|-resisted|p2a: Charizard
|-damage|p2a: Charizard|71/100 tox
|-message|Test Sett forfeited.
|
|win|kindersurprise2 0
|raw|kindersurprise2 0's rating: 1440 &rarr; <strong>1465</strong><br />(+25 for winning)
|raw|Test Sett's rating: 1532 &rarr; <strong>1507</strong><br />(-25 for losing)
|l|☆Test Sett
|c|☆kindersurprise2 0|Welp folks
|c|☆kindersurprise2 0|This ended quickly.
