|j|☆PULT83c yovan
|j|☆Neibafu
|t:|1627911743
|gametype|singles
|player|p1|PULT83c yovan|burgh|1140
|player|p2|Neibafu|pryce|1341
|teamsize|p1|6
|teamsize|p2|6
|gen|8
|tier|[Gen 8] PU
|rated|
|rule|Sleep Clause Mod: Limit one foe put to sleep
|rule|Species Clause: Limit one of each Pokémon
|rule|OHKO Clause: OHKO moves are banned
|rule|Evasion Moves Clause: Evasion moves are banned
|rule|Endless Battle Clause: Forcing endless battles is banned
|rule|HP Percentage Mod: HP is shown in percentages
|rule|Dynamax Clause: You cannot dynamax
|clearpoke
|poke|p1|Ferroseed, M|
|poke|p1|Gigalith, M|
|poke|p1|Charizard, F|
|poke|p1|Ribombee, M|
|poke|p1|Weezing, M|
|poke|p1|Scrafty, F|
|poke|p2|Butterfree, F|
|poke|p2|Druddigon, F|
|poke|p2|Tsareena, F|
|poke|p2|Lanturn, M|
|poke|p2|Articuno-Galar|
|poke|p2|Passimian, F|
|teampreview
|inactive|Battle timer is ON: inactive players will automatically lose when time's up. (requested by PULT83c yovan)
|j| PULT83c top
|j| Tlenit
|inactive|Neibafu has 120 seconds left.
|
|t:|1627911798
|start
|switch|p1a: Giga LIT|Gigalith, M|100/100
|switch|p2a: Passimian|Passimian, F|100/100
|-weather|Sandstorm|[from] ability: Sand Stream|[of] p1a: Giga LIT
|turn|1
|
|t:|1627911804
|move|p1a: Giga LIT|Protect|p1a: Giga LIT
|-singleturn|p1a: Giga LIT|Protect
|move|p2a: Passimian|U-turn|p1a: Giga LIT
|-activate|p1a: Giga LIT|move: Protect
|
|-weather|Sandstorm|[upkeep]
|-damage|p2a: Passimian|94/100|[from] Sandstorm
|upkeep
|turn|2
|
|t:|1627911808
|move|p2a: Passimian|U-turn|p1a: Giga LIT
|-damage|p1a: Giga LIT|83/100
|
|t:|1627911818
|switch|p2a: Tsareena|Tsareena, F|100/100|[from]move: U-turn
|move|p1a: Giga LIT|Stealth Rock|p2a: Tsareena
|-sidestart|p2: Neibafu|move: Stealth Rock
|
|-weather|Sandstorm|[upkeep]
|-damage|p2a: Tsareena|94/100|[from] Sandstorm
|-heal|p1a: Giga LIT|90/100|[from] item: Leftovers
|upkeep
|turn|3
|
|t:|1627911836
|move|p1a: Giga LIT|Protect|p1a: Giga LIT
|-singleturn|p1a: Giga LIT|Protect
|move|p2a: Tsareena|Rapid Spin|p1a: Giga LIT
|-activate|p1a: Giga LIT|move: Protect
|
|-weather|Sandstorm|[upkeep]
|-damage|p2a: Tsareena|88/100|[from] Sandstorm
|-heal|p1a: Giga LIT|96/100|[from] item: Leftovers
|upkeep
|turn|4
|
|t:|1627911845
|switch|p1a: Covid Boss|Weezing, M|100/100
|move|p2a: Tsareena|High Jump Kick|p1a: Covid Boss
|-resisted|p1a: Covid Boss
|-damage|p1a: Covid Boss|84/100
|-damage|p2a: Tsareena|72/100|[from] item: Rocky Helmet|[of] p1a: Covid Boss
|
|-weather|Sandstorm|[upkeep]
|-damage|p2a: Tsareena|65/100|[from] Sandstorm
|-damage|p1a: Covid Boss|78/100|[from] Sandstorm
|upkeep
|turn|5
|
|t:|1627911854
|switch|p2a: Articuno|Articuno-Galar|100/100
|move|p1a: Covid Boss|Sludge Bomb|p2a: Articuno
|-damage|p2a: Articuno|73/100
|
|-weather|none
|upkeep
|turn|6
|
|t:|1627911863
|switch|p1a: Giga LIT|Gigalith, M|96/100
|-weather|Sandstorm|[from] ability: Sand Stream|[of] p1a: Giga LIT
|move|p2a: Articuno|Hurricane|p1a: Giga LIT|[miss]
|-miss|p2a: Articuno|p1a: Giga LIT
|
|-weather|Sandstorm|[upkeep]
|-damage|p2a: Articuno|67/100|[from] Sandstorm
|-heal|p1a: Giga LIT|100/100|[from] item: Leftovers
|upkeep
|turn|7
|j| Gorm_B
|inactive|Neibafu has 120 seconds left.
|
|t:|1627911906
|move|p2a: Articuno|U-turn|p1a: Giga LIT
|-damage|p1a: Giga LIT|92/100
|
|t:|1627911914
|switch|p2a: Druddigon|Druddigon, F|100/100|[from]move: U-turn
|-damage|p2a: Druddigon|88/100|[from] Stealth Rock
|move|p1a: Giga LIT|Rock Blast|p2a: Druddigon
|-damage|p2a: Druddigon|80/100
|-damage|p2a: Druddigon|71/100
|-hitcount|p2a: Druddigon|2
|
|-weather|Sandstorm|[upkeep]
|-damage|p2a: Druddigon|64/100|[from] Sandstorm
|-heal|p1a: Giga LIT|98/100|[from] item: Leftovers
|upkeep
|turn|8
|
|t:|1627911921
|move|p2a: Druddigon|Stealth Rock|p1a: Giga LIT
|-sidestart|p1: PULT83c yovan|move: Stealth Rock
|move|p1a: Giga LIT|Earthquake|p2a: Druddigon
|-damage|p2a: Druddigon|41/100
|
|-weather|Sandstorm|[upkeep]
|-damage|p2a: Druddigon|35/100|[from] Sandstorm
|-heal|p1a: Giga LIT|100/100|[from] item: Leftovers
|upkeep
|turn|9
|
|t:|1627911934
|move|p2a: Druddigon|Glare|p1a: Giga LIT
|-status|p1a: Giga LIT|par
|move|p1a: Giga LIT|Earthquake|p2a: Druddigon
|-damage|p2a: Druddigon|11/100
|
|-weather|Sandstorm|[upkeep]
|-damage|p2a: Druddigon|5/100|[from] Sandstorm
|upkeep
|turn|10
|
|t:|1627911942
|cant|p1a: Giga LIT|par
|move|p2a: Druddigon|Dragon Tail|p1a: Giga LIT
|-damage|p1a: Giga LIT|84/100 par
|drag|p1a: Thuglife|Scrafty, F|100/100
|-damage|p1a: Thuglife|95/100|[from] Stealth Rock
|
|-weather|none
|-heal|p1a: Thuglife|100/100|[from] item: Leftovers
|upkeep
|turn|11
|
|t:|1627911954
|switch|p1a: Giga LIT|Gigalith, M|84/100 par
|-damage|p1a: Giga LIT|72/100 par|[from] Stealth Rock
|-weather|Sandstorm|[from] ability: Sand Stream|[of] p1a: Giga LIT
|move|p2a: Druddigon|Glare|p1a: Giga LIT
|-fail|p1a: Giga LIT|par
|
|-weather|Sandstorm|[upkeep]
|-damage|p2a: Druddigon|0 fnt|[from] Sandstorm
|faint|p2a: Druddigon
|-heal|p1a: Giga LIT|78/100 par|[from] item: Leftovers
|upkeep
|
|t:|1627911961
|switch|p2a: Tsareena|Tsareena, F|65/100
|-damage|p2a: Tsareena|53/100|[from] Stealth Rock
|turn|12
|
|t:|1627911973
|switch|p1a: Covid Boss|Weezing, M|78/100
|-damage|p1a: Covid Boss|65/100|[from] Stealth Rock
|move|p2a: Tsareena|Rapid Spin|p1a: Covid Boss
|-damage|p1a: Covid Boss|52/100
|-boost|p2a: Tsareena|spe|1
|-damage|p2a: Tsareena|36/100|[from] item: Rocky Helmet|[of] p1a: Covid Boss
|-sideend|p2: Neibafu|Stealth Rock|[from] move: Rapid Spin|[of] p2a: Tsareena
|
|-weather|Sandstorm|[upkeep]
|-damage|p2a: Tsareena|30/100|[from] Sandstorm
|-damage|p1a: Covid Boss|46/100|[from] Sandstorm
|upkeep
|turn|13
|
|t:|1627911987
|switch|p2a: Lanturn|Lanturn, M|100/100
|switch|p1a: Giga LIT|Gigalith, M|78/100 par
|-damage|p1a: Giga LIT|66/100 par|[from] Stealth Rock
|
|-weather|Sandstorm|[upkeep]
|-damage|p2a: Lanturn|94/100|[from] Sandstorm
|-heal|p2a: Lanturn|100/100|[from] item: Leftovers
|-heal|p1a: Giga LIT|72/100 par|[from] item: Leftovers
|upkeep
|turn|14
|
|t:|1627911992
|move|p2a: Lanturn|Scald|p1a: Giga LIT
|-supereffective|p1a: Giga LIT
|-damage|p1a: Giga LIT|50/100 par
|move|p1a: Giga LIT|Stealth Rock|p2a: Lanturn
|-sidestart|p2: Neibafu|move: Stealth Rock
|
|-weather|Sandstorm|[upkeep]
|-damage|p2a: Lanturn|94/100|[from] Sandstorm
|-heal|p2a: Lanturn|100/100|[from] item: Leftovers
|-heal|p1a: Giga LIT|56/100 par|[from] item: Leftovers
|upkeep
|turn|15
|j| Gva
|j| Ayouko
|
|t:|1627911999
|switch|p1a: Thuglife|Scrafty, F|100/100
|-damage|p1a: Thuglife|95/100|[from] Stealth Rock
|move|p2a: Lanturn|Scald|p1a: Thuglife
|-damage|p1a: Thuglife|78/100
|-status|p1a: Thuglife|brn
|
|-weather|none
|-heal|p1a: Thuglife|84/100 brn|[from] item: Leftovers
|-damage|p1a: Thuglife|78/100 brn|[from] brn
|upkeep
|turn|16
|
|t:|1627912004
|move|p2a: Lanturn|Volt Switch|p1a: Thuglife
|-damage|p1a: Thuglife|64/100 brn
|
|t:|1627912010
|switch|p2a: Passimian|Passimian, F|94/100|[from]move: Volt Switch
|-damage|p2a: Passimian|88/100|[from] Stealth Rock
|move|p1a: Thuglife|Drain Punch|p2a: Passimian
|-damage|p2a: Passimian|75/100
|-heal|p1a: Thuglife|71/100 brn|[from] drain|[of] p2a: Passimian
|
|-heal|p1a: Thuglife|77/100 brn|[from] item: Leftovers
|-damage|p1a: Thuglife|71/100 brn|[from] brn
|upkeep
|turn|17
|
|t:|1627912019
|move|p2a: Passimian|U-turn|p1a: Thuglife
|-damage|p1a: Thuglife|49/100 brn
|
|t:|1627912023
|switch|p2a: Articuno|Articuno-Galar|67/100|[from]move: U-turn
|move|p1a: Thuglife|Knock Off|p2a: Articuno
|-supereffective|p2a: Articuno
|-damage|p2a: Articuno|30/100
|-enditem|p2a: Articuno|Heavy-Duty Boots|[from] move: Knock Off|[of] p1a: Thuglife
|
|-activate|p1a: Thuglife|ability: Shed Skin
|-curestatus|p1a: Thuglife|brn|[msg]
|-heal|p1a: Thuglife|55/100|[from] item: Leftovers
|upkeep
|turn|18
|
|t:|1627912032
|switch|p1a: Giga LIT|Gigalith, M|56/100 par
|-damage|p1a: Giga LIT|44/100 par|[from] Stealth Rock
|-weather|Sandstorm|[from] ability: Sand Stream|[of] p1a: Giga LIT
|move|p2a: Articuno|Future Sight|p1a: Giga LIT
|-start|p2a: Articuno|move: Future Sight
|
|-weather|Sandstorm|[upkeep]
|-damage|p2a: Articuno|24/100|[from] Sandstorm
|-heal|p1a: Giga LIT|50/100 par|[from] item: Leftovers
|upkeep
|turn|19
|
|t:|1627912038
|move|p2a: Articuno|Recover|p2a: Articuno
|-heal|p2a: Articuno|74/100
|move|p1a: Giga LIT|Rock Blast|p2a: Articuno
|-supereffective|p2a: Articuno
|-damage|p2a: Articuno|45/100
|-supereffective|p2a: Articuno
|-damage|p2a: Articuno|18/100
|-hitcount|p2a: Articuno|2
|
|-weather|Sandstorm|[upkeep]
|-damage|p2a: Articuno|12/100|[from] Sandstorm
|-heal|p1a: Giga LIT|56/100 par|[from] item: Leftovers
|upkeep
|turn|20
|l| Gva
|
|t:|1627912049
|move|p2a: Articuno|Hurricane|p1a: Giga LIT|[miss]
|-miss|p2a: Articuno|p1a: Giga LIT
|move|p1a: Giga LIT|Rock Blast|p2a: Articuno
|-supereffective|p2a: Articuno
|-damage|p2a: Articuno|0 fnt
|faint|p2a: Articuno
|-hitcount|p2: Articuno|1
|
|-weather|Sandstorm|[upkeep]
|-end|p1a: Giga LIT|move: Future Sight
|-damage|p1a: Giga LIT|27/100 par
|-heal|p1a: Giga LIT|33/100 par|[from] item: Leftovers
|upkeep
|
|t:|1627912057
|switch|p2a: Passimian|Passimian, F|75/100
|-damage|p2a: Passimian|69/100|[from] Stealth Rock
|turn|21
|j| LordEnz
|
|t:|1627912061
|move|p1a: Giga LIT|Protect|p1a: Giga LIT
|-singleturn|p1a: Giga LIT|Protect
|move|p2a: Passimian|Close Combat|p1a: Giga LIT
|-activate|p1a: Giga LIT|move: Protect
|
|-weather|Sandstorm|[upkeep]
|-damage|p2a: Passimian|62/100|[from] Sandstorm
|-heal|p1a: Giga LIT|39/100 par|[from] item: Leftovers
|upkeep
|turn|22
|
|t:|1627912071
|move|p2a: Passimian|Close Combat|p1a: Giga LIT
|-supereffective|p1a: Giga LIT
|-damage|p1a: Giga LIT|0 fnt
|-unboost|p2a: Passimian|def|1
|-unboost|p2a: Passimian|spd|1
|faint|p1a: Giga LIT
|
|-weather|none
|upkeep
|
|t:|1627912074
|switch|p1a: Ribombeille|Ribombee, M|100/100
|turn|23
|
|t:|1627912080
|switch|p2a: Lanturn|Lanturn, M|100/100
|-damage|p2a: Lanturn|88/100|[from] Stealth Rock
|move|p1a: Ribombeille|Quiver Dance|p1a: Ribombeille
|-boost|p1a: Ribombeille|spa|1
|-boost|p1a: Ribombeille|spd|1
|-boost|p1a: Ribombeille|spe|1
|
|-heal|p2a: Lanturn|94/100|[from] item: Leftovers
|upkeep
|turn|24
|
|t:|1627912083
|move|p1a: Ribombeille|Moonblast|p2a: Lanturn
|-damage|p2a: Lanturn|49/100
|move|p2a: Lanturn|Toxic|p1a: Ribombeille
|-status|p1a: Ribombeille|tox
|
|-heal|p2a: Lanturn|55/100|[from] item: Leftovers
|-damage|p1a: Ribombeille|94/100 tox|[from] psn
|upkeep
|turn|25
|
|t:|1627912087
|move|p1a: Ribombeille|Moonblast|p2a: Lanturn
|-damage|p2a: Lanturn|6/100
|move|p2a: Lanturn|Scald|p1a: Ribombeille
|-damage|p1a: Ribombeille|68/100 tox
|
|-heal|p2a: Lanturn|12/100|[from] item: Leftovers
|-damage|p1a: Ribombeille|55/100 tox|[from] psn
|upkeep
|turn|26
|
|t:|1627912092
|move|p2a: Lanturn|Protect|p2a: Lanturn
|-singleturn|p2a: Lanturn|Protect
|move|p1a: Ribombeille|Moonblast|p2a: Lanturn
|-activate|p2a: Lanturn|move: Protect
|
|-heal|p2a: Lanturn|19/100|[from] item: Leftovers
|-damage|p1a: Ribombeille|37/100 tox|[from] psn
|upkeep
|turn|27
|
|t:|1627912096
|move|p2a: Lanturn|Protect||[still]
|-fail|p2a: Lanturn
|move|p1a: Ribombeille|Moonblast|p2a: Lanturn
|-damage|p2a: Lanturn|0 fnt
|faint|p2a: Lanturn
|
|-damage|p1a: Ribombeille|12/100 tox|[from] psn
|upkeep
|
|t:|1627912104
|switch|p2a: Tsareena|Tsareena, F|30/100
|-damage|p2a: Tsareena|18/100|[from] Stealth Rock
|turn|28
|
|t:|1627912111
|move|p1a: Ribombeille|Moonblast|p2a: Tsareena
|-damage|p2a: Tsareena|0 fnt
|faint|p2a: Tsareena
|
|-damage|p1a: Ribombeille|0 fnt|[from] psn
|faint|p1a: Ribombeille
|upkeep
|
|t:|1627912117
|switch|p1a: Charli|Charizard, F|100/100
|switch|p2a: Butterfree|Butterfree, F|100/100
|-damage|p2a: Butterfree|51/100|[from] Stealth Rock
|turn|29
|
|t:|1627912126
|move|p1a: Charli|Flamethrower|p2a: Butterfree
|-supereffective|p2a: Butterfree
|-damage|p2a: Butterfree|0 fnt
|faint|p2a: Butterfree
|
|upkeep
|-message|Neibafu forfeited.
|
|win|PULT83c yovan
|raw|PULT83c yovan's rating: 1140 &rarr; <strong>1178</strong><br />(+38 for winning)
|raw|Neibafu's rating: 1341 &rarr; <strong>1311</strong><br />(-30 for losing)
|l|☆Neibafu
|l|☆PULT83c yovan
