|j|☆Moeoe
|j|☆sassy ylay
|t:|1644675471
|gametype|singles
|player|p1|Moeoe|li|1304
|player|p2|sassy ylay|170|1438
|teamsize|p1|6
|teamsize|p2|6
|gen|8
|tier|[Gen 8] PU
|rated|
|rule|Sleep Clause Mod: Limit one foe put to sleep
|rule|Species Clause: Limit one of each Pokémon
|rule|OHKO Clause: OHKO moves are banned
|rule|Evasion Moves Clause: Evasion moves are banned
|rule|Endless Battle Clause: Forcing endless battles is banned
|rule|HP Percentage Mod: HP is shown in percentages
|rule|Dynamax Clause: You cannot dynamax
|clearpoke
|poke|p1|Dugtrio-Alola, F|
|poke|p1|Sandslash, F|
|poke|p1|Gigalith, F|
|poke|p1|Aurorus, M|
|poke|p1|Lanturn, M|
|poke|p1|Whimsicott, F|
|poke|p2|Espeon, F|
|poke|p2|Accelgor, M|
|poke|p2|Gigalith, F|
|poke|p2|Silvally-*|
|poke|p2|Regigigas|
|poke|p2|Tangela, F|
|teampreview
|
|t:|1644675511
|start
|switch|p1a: Gigalith|Gigalith, F|100/100
|switch|p2a: Regigigas|Regigigas|100/100
|-start|p2a: Regigigas|ability: Slow Start
|-weather|Sandstorm|[from] ability: Sand Stream|[of] p1a: Gigalith
|turn|1
|
|t:|1644675520
|-end|p2a: Regigigas|Slow Start|[silent]
|switch|p2a: Espeon|Espeon, F|100/100
|move|p1a: Gigalith|Superpower|p2a: Espeon
|-resisted|p2a: Espeon
|-damage|p2a: Espeon|77/100
|-unboost|p1a: Gigalith|atk|1
|-unboost|p1a: Gigalith|def|1
|
|-weather|Sandstorm|[upkeep]
|-damage|p2a: Espeon|71/100|[from] Sandstorm
|-heal|p2a: Espeon|77/100|[from] item: Leftovers
|upkeep
|turn|2
|
|t:|1644675530
|move|p2a: Espeon|Wish|p2a: Espeon
|move|p1a: Gigalith|Heavy Slam|p2a: Espeon
|-damage|p2a: Espeon|44/100
|
|-weather|Sandstorm|[upkeep]
|-damage|p2a: Espeon|38/100|[from] Sandstorm
|-heal|p2a: Espeon|44/100|[from] item: Leftovers
|upkeep
|turn|3
|
|t:|1644675538
|switch|p1a: Dugtrio|Dugtrio-Alola, F|100/100
|move|p2a: Espeon|Psychic|p1a: Dugtrio
|-resisted|p1a: Dugtrio
|-damage|p1a: Dugtrio|57/100
|-unboost|p1a: Dugtrio|spd|1
|
|-weather|Sandstorm|[upkeep]
|-damage|p2a: Espeon|38/100|[from] Sandstorm
|-heal|p2a: Espeon|88/100|[from] move: Wish|[wisher] Espeon
|-heal|p2a: Espeon|94/100|[from] item: Leftovers
|upkeep
|turn|4
|
|t:|1644675549
|switch|p2a: Tangela|Tangela, F|100/100
|move|p1a: Dugtrio|Earthquake|p2a: Tangela
|-resisted|p2a: Tangela
|-damage|p2a: Tangela|80/100
|
|-weather|Sandstorm|[upkeep]
|-damage|p2a: Tangela|74/100|[from] Sandstorm
|upkeep
|turn|5
|
|t:|1644675559
|switch|p1a: Aurorus|Aurorus, M, shiny|100/100
|move|p2a: Tangela|Giga Drain|p1a: Aurorus
|-supereffective|p1a: Aurorus
|-damage|p1a: Aurorus|65/100
|-heal|p2a: Tangela|95/100|[from] drain|[of] p1a: Aurorus
|-enditem|p1a: Aurorus|Weakness Policy
|-boost|p1a: Aurorus|atk|2|[from] item: Weakness Policy
|-boost|p1a: Aurorus|spa|2|[from] item: Weakness Policy
|
|-weather|Sandstorm|[upkeep]
|-damage|p2a: Tangela|89/100|[from] Sandstorm
|upkeep
|turn|6
|
|t:|1644675569
|switch|p2a: Gigalith|Gigalith, F|100/100
|move|p1a: Aurorus|Rock Polish|p1a: Aurorus
|-boost|p1a: Aurorus|spe|2
|
|-weather|Sandstorm|[upkeep]
|upkeep
|turn|7
|
|t:|1644675580
|move|p1a: Aurorus|Earth Power|p2a: Gigalith
|-supereffective|p2a: Gigalith
|-damage|p2a: Gigalith|44/100
|move|p2a: Gigalith|Earthquake|p1a: Aurorus
|-supereffective|p1a: Aurorus
|-damage|p1a: Aurorus|0 fnt
|faint|p1a: Aurorus
|
|-weather|Sandstorm|[upkeep]
|-heal|p2a: Gigalith|50/100|[from] item: Leftovers
|upkeep
|
|t:|1644675589
|switch|p1a: Lanturn|Lanturn, M|100/100
|turn|8
|
|t:|1644675596
|move|p2a: Gigalith|Protect|p2a: Gigalith
|-singleturn|p2a: Gigalith|Protect
|move|p1a: Lanturn|Scald|p2a: Gigalith
|-activate|p2a: Gigalith|move: Protect
|
|-weather|none
|-heal|p2a: Gigalith|57/100|[from] item: Leftovers
|upkeep
|turn|9
|
|t:|1644675603
|switch|p2a: Regigigas|Regigigas|100/100
|-start|p2a: Regigigas|ability: Slow Start
|move|p1a: Lanturn|Scald|p2a: Regigigas
|-damage|p2a: Regigigas|56/100
|
|-heal|p2a: Regigigas|63/100|[from] item: Leftovers
|upkeep
|turn|10
|
|t:|1644675610
|move|p1a: Lanturn|Scald|p2a: Regigigas
|-damage|p2a: Regigigas|24/100
|move|p2a: Regigigas|Knock Off|p1a: Lanturn
|-damage|p1a: Lanturn|75/100
|-enditem|p1a: Lanturn|Choice Specs|[from] move: Knock Off|[of] p2a: Regigigas
|
|-heal|p2a: Regigigas|30/100|[from] item: Leftovers
|upkeep
|turn|11
|
|t:|1644675618
|move|p1a: Lanturn|Scald|p2a: Regigigas
|-damage|p2a: Regigigas|1/100
|-status|p2a: Regigigas|brn
|move|p2a: Regigigas|Rest|p2a: Regigigas
|-status|p2a: Regigigas|slp|[from] move: Rest
|-heal|p2a: Regigigas|100/100 slp|[silent]
|
|upkeep
|turn|12
|
|t:|1644675628
|switch|p1a: Gigalith|Gigalith, F|100/100
|-weather|Sandstorm|[from] ability: Sand Stream|[of] p1a: Gigalith
|cant|p2a: Regigigas|slp
|move|p2a: Regigigas|Sleep Talk|p2a: Regigigas
|move|p2a: Regigigas|Body Slam|p1a: Gigalith|[from]move: Sleep Talk
|-resisted|p1a: Gigalith
|-damage|p1a: Gigalith|91/100
|-status|p1a: Gigalith|par
|
|-weather|Sandstorm|[upkeep]
|-damage|p2a: Regigigas|94/100 slp|[from] Sandstorm
|-heal|p2a: Regigigas|100/100 slp|[from] item: Leftovers
|upkeep
|turn|13
|c|☆Moeoe|fml
|
|t:|1644675641
|cant|p2a: Regigigas|slp
|move|p2a: Regigigas|Sleep Talk|p2a: Regigigas
|move|p2a: Regigigas|Knock Off|p1a: Gigalith|[from]move: Sleep Talk
|-damage|p1a: Gigalith|76/100 par
|-enditem|p1a: Gigalith|Smooth Rock|[from] move: Knock Off|[of] p2a: Regigigas
|move|p1a: Gigalith|Superpower|p2a: Regigigas
|-supereffective|p2a: Regigigas
|-damage|p2a: Regigigas|21/100 slp
|-unboost|p1a: Gigalith|atk|1
|-unboost|p1a: Gigalith|def|1
|
|-weather|Sandstorm|[upkeep]
|-damage|p2a: Regigigas|15/100 slp|[from] Sandstorm
|-heal|p2a: Regigigas|21/100 slp|[from] item: Leftovers
|-end|p2a: Regigigas|Slow Start
|upkeep
|turn|14
|
|t:|1644675657
|switch|p1a: Dugtrio|Dugtrio-Alola, F|57/100
|-curestatus|p2a: Regigigas|slp|[msg]
|move|p2a: Regigigas|Rest|p2a: Regigigas
|-status|p2a: Regigigas|slp|[from] move: Rest
|-heal|p2a: Regigigas|100/100 slp|[silent]
|
|-weather|Sandstorm|[upkeep]
|-damage|p2a: Regigigas|94/100 slp|[from] Sandstorm
|-heal|p2a: Regigigas|100/100 slp|[from] item: Leftovers
|upkeep
|turn|15
|
|t:|1644675666
|-end|p2a: Regigigas|Slow Start|[silent]
|switch|p2a: Tangela|Tangela, F|100/100
|move|p1a: Dugtrio|Iron Head|p2a: Tangela
|-damage|p2a: Tangela|72/100
|
|-weather|Sandstorm|[upkeep]
|-damage|p2a: Tangela|66/100|[from] Sandstorm
|upkeep
|turn|16
|
|t:|1644675675
|move|p1a: Dugtrio|Iron Head|p2a: Tangela
|-damage|p2a: Tangela|33/100
|cant|p2a: Tangela|flinch
|
|-weather|Sandstorm|[upkeep]
|-damage|p2a: Tangela|27/100|[from] Sandstorm
|upkeep
|turn|17
|
|t:|1644675691
|switch|p2a: Espeon|Espeon, F|94/100
|move|p1a: Dugtrio|Iron Head|p2a: Espeon
|-damage|p2a: Espeon|20/100
|
|-weather|Sandstorm|[upkeep]
|-damage|p2a: Espeon|14/100|[from] Sandstorm
|-heal|p2a: Espeon|20/100|[from] item: Leftovers
|upkeep
|turn|18
|
|t:|1644675699
|move|p2a: Espeon|Protect|p2a: Espeon
|-singleturn|p2a: Espeon|Protect
|move|p1a: Dugtrio|Iron Head|p2a: Espeon
|-activate|p2a: Espeon|move: Protect
|
|-weather|Sandstorm|[upkeep]
|-damage|p2a: Espeon|14/100|[from] Sandstorm
|-heal|p2a: Espeon|20/100|[from] item: Leftovers
|upkeep
|turn|19
|
|t:|1644675706
|move|p1a: Dugtrio|Iron Head|p2a: Espeon
|-damage|p2a: Espeon|0 fnt
|faint|p2a: Espeon
|
|-weather|none
|upkeep
|
|t:|1644675717
|switch|p2a: Silvally|Silvally-Ghost|100/100
|turn|20
|
|t:|1644675721
|switch|p1a: Gigalith|Gigalith, F|76/100 par
|-weather|Sandstorm|[from] ability: Sand Stream|[of] p1a: Gigalith
|move|p2a: Silvally|Multi-Attack|p1a: Gigalith
|-damage|p1a: Gigalith|49/100 par
|
|-weather|Sandstorm|[upkeep]
|-damage|p2a: Silvally|94/100|[from] Sandstorm
|upkeep
|turn|21
|
|t:|1644675729
|switch|p2a: Tangela|Tangela, F|61/100
|move|p1a: Gigalith|Stealth Rock|p2a: Tangela
|-sidestart|p2: sassy ylay|move: Stealth Rock
|
|-weather|Sandstorm|[upkeep]
|-damage|p2a: Tangela|55/100|[from] Sandstorm
|upkeep
|turn|22
|
|t:|1644675740
|switch|p1a: Whimsicott|Whimsicott, F|100/100
|move|p2a: Tangela|Giga Drain|p1a: Whimsicott
|-resisted|p1a: Whimsicott
|-damage|p1a: Whimsicott|84/100
|-heal|p2a: Tangela|62/100|[from] drain|[of] p1a: Whimsicott
|
|-weather|Sandstorm|[upkeep]
|-damage|p1a: Whimsicott|78/100|[from] Sandstorm
|-damage|p2a: Tangela|56/100|[from] Sandstorm
|upkeep
|turn|23
|
|t:|1644675749
|switch|p2a: Regigigas|Regigigas|100/100 slp
|-damage|p2a: Regigigas|88/100 slp|[from] Stealth Rock
|-start|p2a: Regigigas|ability: Slow Start
|move|p1a: Whimsicott|U-turn|p2a: Regigigas
|-damage|p2a: Regigigas|79/100 slp
|
|t:|1644675757
|switch|p1a: Dugtrio|Dugtrio-Alola, F|57/100|[from]move: U-turn
|
|-weather|Sandstorm|[upkeep]
|-damage|p2a: Regigigas|73/100 slp|[from] Sandstorm
|-heal|p2a: Regigigas|79/100 slp|[from] item: Leftovers
|upkeep
|turn|24
|
|t:|1644675803
|-end|p2a: Regigigas|Slow Start|[silent]
|switch|p2a: Tangela|Tangela, F|90/100
|-damage|p2a: Tangela|77/100|[from] Stealth Rock
|move|p1a: Dugtrio|Iron Head|p2a: Tangela
|-damage|p2a: Tangela|45/100
|
|-weather|none
|upkeep
|turn|25
|
|t:|1644675813
|switch|p1a: Gigalith|Gigalith, F|49/100 par
|-weather|Sandstorm|[from] ability: Sand Stream|[of] p1a: Gigalith
|move|p2a: Tangela|Giga Drain|p1a: Gigalith
|-supereffective|p1a: Gigalith
|-damage|p1a: Gigalith|13/100 par
|-heal|p2a: Tangela|65/100|[from] drain|[of] p1a: Gigalith
|
|-weather|Sandstorm|[upkeep]
|-damage|p2a: Tangela|59/100|[from] Sandstorm
|upkeep
|turn|26
|
|t:|1644675824
|switch|p1a: Dugtrio|Dugtrio-Alola, F|57/100
|move|p2a: Tangela|Giga Drain|p1a: Dugtrio
|-damage|p1a: Dugtrio|1/100
|-heal|p2a: Tangela|77/100|[from] drain|[of] p1a: Dugtrio
|
|-weather|Sandstorm|[upkeep]
|-damage|p2a: Tangela|71/100|[from] Sandstorm
|upkeep
|turn|27
|
|t:|1644675837
|move|p1a: Dugtrio|Iron Head|p2a: Tangela
|-damage|p2a: Tangela|40/100
|cant|p2a: Tangela|flinch
|
|-weather|Sandstorm|[upkeep]
|-damage|p2a: Tangela|34/100|[from] Sandstorm
|upkeep
|turn|28
|
|t:|1644675844
|switch|p2a: Silvally|Silvally-Ghost|94/100
|-damage|p2a: Silvally|82/100|[from] Stealth Rock
|move|p1a: Dugtrio|Iron Head|p2a: Silvally
|-damage|p2a: Silvally|36/100
|
|-weather|Sandstorm|[upkeep]
|-damage|p2a: Silvally|29/100|[from] Sandstorm
|upkeep
|turn|29
|
|t:|1644675851
|move|p1a: Dugtrio|Iron Head|p2a: Silvally
|-damage|p2a: Silvally|0 fnt
|faint|p2a: Silvally
|
|-weather|none
|upkeep
|
|t:|1644675853
|switch|p2a: Accelgor|Accelgor, M|100/100
|turn|30
|
|t:|1644675859
|move|p2a: Accelgor|Bug Buzz|p1a: Dugtrio
|-resisted|p1a: Dugtrio
|-damage|p1a: Dugtrio|0 fnt
|faint|p1a: Dugtrio
|
|upkeep
|
|t:|1644675864
|switch|p1a: Gigalith|Gigalith, F|13/100 par
|-weather|Sandstorm|[from] ability: Sand Stream|[of] p1a: Gigalith
|turn|31
|
|t:|1644675870
|move|p2a: Accelgor|Bug Buzz|p1a: Gigalith
|-damage|p1a: Gigalith|0 fnt
|faint|p1a: Gigalith
|
|-weather|Sandstorm|[upkeep]
|-damage|p2a: Accelgor|95/100|[from] Sandstorm
|upkeep
|
|t:|1644675876
|switch|p1a: Sandslash|Sandslash, F|100/100
|turn|32
|
|t:|1644675881
|switch|p2a: Tangela|Tangela, F|67/100
|-damage|p2a: Tangela|55/100|[from] Stealth Rock
|move|p1a: Sandslash|Stone Edge|p2a: Tangela
|-damage|p2a: Tangela|36/100
|-damage|p1a: Sandslash|91/100|[from] item: Life Orb
|
|-weather|Sandstorm|[upkeep]
|-damage|p2a: Tangela|30/100|[from] Sandstorm
|upkeep
|turn|33
|
|t:|1644675894
|move|p1a: Sandslash|Knock Off|p2a: Tangela
|-damage|p2a: Tangela|14/100
|-enditem|p2a: Tangela|Eviolite|[from] move: Knock Off|[of] p1a: Sandslash
|-damage|p1a: Sandslash|81/100|[from] item: Life Orb
|move|p2a: Tangela|Giga Drain|p1a: Sandslash
|-supereffective|p1a: Sandslash
|-damage|p1a: Sandslash|0 fnt
|-heal|p2a: Tangela|49/100|[from] drain|[of] p1a: Sandslash
|faint|p1a: Sandslash
|
|-weather|Sandstorm|[upkeep]
|-damage|p2a: Tangela|43/100|[from] Sandstorm
|upkeep
|
|t:|1644675907
|switch|p1a: Whimsicott|Whimsicott, F|78/100
|turn|34
|
|t:|1644675916
|move|p1a: Whimsicott|U-turn|p2a: Tangela
|-supereffective|p2a: Tangela
|-damage|p2a: Tangela|27/100
|
|t:|1644675919
|switch|p1a: Lanturn|Lanturn, M|75/100|[from]move: U-turn
|move|p2a: Tangela|Knock Off|p1a: Lanturn
|-damage|p1a: Lanturn|64/100
|
|-weather|Sandstorm|[upkeep]
|-damage|p1a: Lanturn|58/100|[from] Sandstorm
|-damage|p2a: Tangela|21/100|[from] Sandstorm
|upkeep
|turn|35
|
|t:|1644675927
|move|p1a: Lanturn|Dazzling Gleam|p2a: Tangela
|-damage|p2a: Tangela|0 fnt
|faint|p2a: Tangela
|
|-weather|none
|upkeep
|
|t:|1644675929
|switch|p2a: Accelgor|Accelgor, M|95/100
|turn|36
|
|t:|1644675937
|move|p2a: Accelgor|Bug Buzz|p1a: Lanturn
|-damage|p1a: Lanturn|15/100
|move|p1a: Lanturn|Scald|p2a: Accelgor
|-damage|p2a: Accelgor|43/100
|
|upkeep
|turn|37
|
|t:|1644675942
|move|p2a: Accelgor|Bug Buzz|p1a: Lanturn
|-damage|p1a: Lanturn|0 fnt
|faint|p1a: Lanturn
|
|upkeep
|
|t:|1644675946
|switch|p1a: Whimsicott|Whimsicott, F|78/100
|turn|38
|
|t:|1644675949
|move|p1a: Whimsicott|Tailwind|p1a: Whimsicott
|-sidestart|p1: Moeoe|move: Tailwind
|move|p2a: Accelgor|Bug Buzz|p1a: Whimsicott
|-damage|p1a: Whimsicott|24/100
|
|upkeep
|turn|39
|
|t:|1644675954
|move|p1a: Whimsicott|U-turn|p2a: Accelgor
|-damage|p2a: Accelgor|19/100
|move|p2a: Accelgor|Bug Buzz|p1a: Whimsicott
|-damage|p1a: Whimsicott|0 fnt
|faint|p1a: Whimsicott
|
|win|sassy ylay
|raw|Moeoe's rating: 1304 &rarr; <strong>1291</strong><br />(-13 for losing)
|raw|sassy ylay's rating: 1438 &rarr; <strong>1451</strong><br />(+13 for winning)
|c|☆sassy ylay|GG
|l|☆Moeoe
