|j|☆coocka
|j|☆2turtle
|t:|1634737881
|gametype|singles
|player|p1|coocka|266|1207
|player|p2|2turtle|birdkeeper|1408
|teamsize|p1|6
|teamsize|p2|6
|gen|8
|tier|[Gen 8] PU
|rated|
|rule|Sleep Clause Mod: Limit one foe put to sleep
|rule|Species Clause: Limit one of each Pokémon
|rule|OHKO Clause: OHKO moves are banned
|rule|Evasion Moves Clause: Evasion moves are banned
|rule|Endless Battle Clause: Forcing endless battles is banned
|rule|HP Percentage Mod: HP is shown in percentages
|rule|Dynamax Clause: You cannot dynamax
|clearpoke
|poke|p1|Absol, F|
|poke|p1|Hitmontop, M|
|poke|p1|Miltank, F|
|poke|p1|Whimsicott, M|
|poke|p1|Weezing, M|
|poke|p1|Galvantula, M|
|poke|p2|Ludicolo, M|
|poke|p2|Uxie|
|poke|p2|Poliwrath, M|
|poke|p2|Liepard, M|
|poke|p2|Kabutops, M|
|poke|p2|Qwilfish, M|
|teampreview
|inactive|Battle timer is ON: inactive players will automatically lose when time's up. (requested by coocka)
|
|t:|1634737885
|start
|switch|p1a: Galvantula|Galvantula, M|100/100
|switch|p2a: Uxie|Uxie|100/100
|turn|1
|
|t:|1634737890
|move|p1a: Galvantula|Thunder Wave|p2a: Uxie
|-status|p2a: Uxie|par
|move|p2a: Uxie|Rain Dance|p2a: Uxie
|-weather|RainDance
|
|-weather|RainDance|[upkeep]
|upkeep
|turn|2
|
|t:|1634737894
|move|p1a: Galvantula|Sticky Web|p2a: Uxie
|-sidestart|p2: 2turtle|move: Sticky Web
|move|p2a: Uxie|U-turn|p1a: Galvantula
|-damage|p1a: Galvantula|79/100
|j| Yunaxd
|
|t:|1634737896
|switch|p2a: Kabutops|Kabutops, M|100/100|[from]move: U-turn
|-activate|p2a: Kabutops|move: Sticky Web
|-unboost|p2a: Kabutops|spe|1
|
|-weather|RainDance|[upkeep]
|upkeep
|turn|3
|
|t:|1634737906
|move|p2a: Kabutops|Liquidation|p1a: Galvantula
|-damage|p1a: Galvantula|0 fnt
|faint|p1a: Galvantula
|-damage|p2a: Kabutops|91/100|[from] item: Life Orb
|
|-weather|RainDance|[upkeep]
|upkeep
|
|t:|1634737910
|switch|p1a: Hitmontop|Hitmontop, M|100/100
|-ability|p1a: Hitmontop|Intimidate|boost
|-unboost|p2a: Kabutops|atk|1
|turn|4
|
|t:|1634737916
|switch|p2a: Uxie|Uxie|100/100 par
|move|p1a: Hitmontop|Close Combat|p2a: Uxie
|-resisted|p2a: Uxie
|-damage|p2a: Uxie|83/100 par
|-unboost|p1a: Hitmontop|def|1
|-unboost|p1a: Hitmontop|spd|1
|
|-weather|RainDance|[upkeep]
|upkeep
|turn|5
|
|t:|1634737923
|switch|p1a: Absol|Absol, F|100/100
|move|p2a: Uxie|U-turn|p1a: Absol
|-supereffective|p1a: Absol
|-damage|p1a: Absol|47/100
|
|t:|1634737929
|switch|p2a: Kabutops|Kabutops, M|91/100|[from]move: U-turn
|-activate|p2a: Kabutops|move: Sticky Web
|-unboost|p2a: Kabutops|spe|1
|
|-weather|RainDance|[upkeep]
|upkeep
|turn|6
|
|t:|1634737933
|move|p1a: Absol|Sucker Punch|p2a: Kabutops
|-damage|p2a: Kabutops|33/100
|-damage|p1a: Absol|37/100|[from] item: Life Orb
|move|p2a: Kabutops|Rapid Spin|p1a: Absol
|-damage|p1a: Absol|0 fnt
|-boost|p2a: Kabutops|spe|1
|-sideend|p2: 2turtle|Sticky Web|[from] move: Rapid Spin|[of] p2a: Kabutops
|faint|p1a: Absol
|-damage|p2a: Kabutops|23/100|[from] item: Life Orb
|
|-weather|RainDance|[upkeep]
|upkeep
|
|t:|1634737936
|switch|p1a: Whimsicott|Whimsicott, M|100/100
|turn|7
|
|t:|1634737939
|move|p2a: Kabutops|Stone Edge|p1a: Whimsicott
|-damage|p1a: Whimsicott|21/100
|-damage|p2a: Kabutops|14/100|[from] item: Life Orb
|move|p1a: Whimsicott|Moonblast|p2a: Kabutops
|-damage|p2a: Kabutops|0 fnt
|faint|p2a: Kabutops
|
|-weather|RainDance|[upkeep]
|upkeep
|
|t:|1634737943
|switch|p2a: Qwilfish|Qwilfish, M|100/100
|turn|8
|
|t:|1634737949
|move|p1a: Whimsicott|Stun Spore|p2a: Qwilfish
|-status|p2a: Qwilfish|par
|cant|p2a: Qwilfish|par
|
|-weather|none
|upkeep
|turn|9
|
|t:|1634737958
|switch|p1a: Hitmontop|Hitmontop, M|100/100
|-ability|p1a: Hitmontop|Intimidate|boost
|-unboost|p2a: Qwilfish|atk|1
|move|p2a: Qwilfish|Spikes|p1a: Hitmontop
|-sidestart|p1: coocka|Spikes
|
|upkeep
|turn|10
|
|t:|1634737964
|switch|p2a: Uxie|Uxie|83/100 par
|move|p1a: Hitmontop|Earthquake|p2a: Uxie
|-immune|p2a: Uxie|[from] ability: Levitate
|
|upkeep
|turn|11
|
|t:|1634737968
|move|p1a: Hitmontop|Triple Axel|p2a: Uxie
|-damage|p2a: Uxie|79/100 par
|-damage|p2a: Uxie|70/100 par
|-damage|p2a: Uxie|58/100 par
|-hitcount|p2a: Uxie|3
|move|p2a: Uxie|Rain Dance|p2a: Uxie
|-weather|RainDance
|
|-weather|RainDance|[upkeep]
|upkeep
|turn|12
|
|t:|1634737983
|move|p1a: Hitmontop|Triple Axel|p2a: Uxie
|-damage|p2a: Uxie|53/100 par
|-damage|p2a: Uxie|45/100 par
|-damage|p2a: Uxie|33/100 par
|-hitcount|p2a: Uxie|3
|move|p2a: Uxie|U-turn|p1a: Hitmontop
|-resisted|p1a: Hitmontop
|-damage|p1a: Hitmontop|93/100
|
|t:|1634737986
|switch|p2a: Ludicolo|Ludicolo, M|100/100|[from]move: U-turn
|
|-weather|RainDance|[upkeep]
|upkeep
|turn|13
|
|t:|1634737989
|move|p2a: Ludicolo|Hydro Pump|p1a: Hitmontop
|-damage|p1a: Hitmontop|18/100
|move|p1a: Hitmontop|Close Combat|p2a: Ludicolo
|-damage|p2a: Ludicolo|12/100
|-unboost|p1a: Hitmontop|def|1
|-unboost|p1a: Hitmontop|spd|1
|
|-weather|RainDance|[upkeep]
|upkeep
|turn|14
|
|t:|1634737993
|move|p1a: Hitmontop|Sucker Punch|p2a: Ludicolo
|-damage|p2a: Ludicolo|0 fnt
|faint|p2a: Ludicolo
|
|-weather|RainDance|[upkeep]
|upkeep
|
|t:|1634738001
|switch|p2a: Qwilfish|Qwilfish, M|100/100 par
|turn|15
|
|t:|1634738009
|switch|p1a: Miltank|Miltank, F, shiny|100/100
|-damage|p1a: Miltank|88/100|[from] Spikes
|move|p2a: Qwilfish|Spikes|p1a: Miltank
|-sidestart|p1: coocka|Spikes
|
|-weather|RainDance|[upkeep]
|-heal|p1a: Miltank|94/100|[from] item: Leftovers
|upkeep
|turn|16
|
|t:|1634738016
|move|p1a: Miltank|Body Slam|p2a: Qwilfish
|-damage|p2a: Qwilfish|75/100 par
|move|p2a: Qwilfish|Spikes|p1a: Miltank
|-sidestart|p1: coocka|Spikes
|
|-weather|RainDance|[upkeep]
|-heal|p1a: Miltank|99/100|[from] item: Leftovers
|-heal|p2a: Qwilfish|81/100 par|[from] item: Black Sludge
|upkeep
|turn|17
|
|t:|1634738023
|move|p1a: Miltank|Body Slam|p2a: Qwilfish
|-damage|p2a: Qwilfish|55/100 par
|move|p2a: Qwilfish|Destiny Bond|p2a: Qwilfish
|-singlemove|p2a: Qwilfish|Destiny Bond
|
|-weather|RainDance|[upkeep]
|-heal|p1a: Miltank|100/100|[from] item: Leftovers
|-heal|p2a: Qwilfish|61/100 par|[from] item: Black Sludge
|upkeep
|turn|18
|
|t:|1634738027
|move|p1a: Miltank|Body Slam|p2a: Qwilfish
|-damage|p2a: Qwilfish|36/100 par
|move|p2a: Qwilfish|Liquidation|p1a: Miltank
|-damage|p1a: Miltank|63/100
|-unboost|p1a: Miltank|def|1
|
|-weather|none
|-heal|p1a: Miltank|69/100|[from] item: Leftovers
|-heal|p2a: Qwilfish|42/100 par|[from] item: Black Sludge
|upkeep
|turn|19
|
|t:|1634738033
|move|p1a: Miltank|Body Slam|p2a: Qwilfish
|-damage|p2a: Qwilfish|19/100 par
|move|p2a: Qwilfish|Destiny Bond|p2a: Qwilfish
|-singlemove|p2a: Qwilfish|Destiny Bond
|
|-heal|p1a: Miltank|75/100|[from] item: Leftovers
|-heal|p2a: Qwilfish|25/100 par|[from] item: Black Sludge
|upkeep
|turn|20
|
|t:|1634738038
|move|p1a: Miltank|Body Slam|p2a: Qwilfish
|-damage|p2a: Qwilfish|0 fnt
|faint|p2a: Qwilfish
|-activate|p2a: Qwilfish|move: Destiny Bond
|faint|p1a: Miltank
|
|upkeep
|c|☆coocka|ofc
|c|☆coocka|now i get an high roll
|c|☆coocka|fml
|
|t:|1634738054
|switch|p1a: Weezing|Weezing, M|100/100
|switch|p2a: Uxie|Uxie|33/100 par
|turn|21
|
|t:|1634738059
|move|p1a: Weezing|Sludge Bomb|p2a: Uxie
|-damage|p2a: Uxie|10/100 par
|move|p2a: Uxie|Rain Dance|p2a: Uxie
|-weather|RainDance
|
|-weather|RainDance|[upkeep]
|upkeep
|turn|22
|
|t:|1634738062
|move|p1a: Weezing|Sludge Bomb|p2a: Uxie
|-damage|p2a: Uxie|0 fnt
|faint|p2a: Uxie
|
|-weather|RainDance|[upkeep]
|upkeep
|
|t:|1634738065
|switch|p2a: Liepard|Liepard, M|100/100
|turn|23
|
|t:|1634738069
|move|p2a: Liepard|Thunder Wave|p1a: Weezing
|-status|p1a: Weezing|par
|move|p1a: Weezing|Will-O-Wisp|p2a: Liepard
|-status|p2a: Liepard|brn
|
|-weather|RainDance|[upkeep]
|-damage|p2a: Liepard|94/100 brn|[from] brn
|upkeep
|turn|24
|
|t:|1634738075
|move|p2a: Liepard|Encore|p1a: Weezing
|-start|p1a: Weezing|Encore
|move|p1a: Weezing|Will-O-Wisp|p2a: Liepard
|-fail|p2a: Liepard|brn
|
|-weather|RainDance|[upkeep]
|-damage|p2a: Liepard|88/100 brn|[from] brn
|upkeep
|turn|25
|
|t:|1634738080
|move|p2a: Liepard|Knock Off|p1a: Weezing
|-damage|p1a: Weezing|92/100 par
|-enditem|p1a: Weezing|Black Sludge|[from] move: Knock Off|[of] p2a: Liepard
|cant|p1a: Weezing|par
|
|-weather|RainDance|[upkeep]
|-damage|p2a: Liepard|82/100 brn|[from] brn
|upkeep
|turn|26
|
|t:|1634738082
|move|p2a: Liepard|Knock Off|p1a: Weezing
|-damage|p1a: Weezing|85/100 par
|move|p1a: Weezing|Will-O-Wisp|p2a: Liepard
|-fail|p2a: Liepard|brn
|
|-weather|RainDance|[upkeep]
|-damage|p2a: Liepard|76/100 brn|[from] brn
|-end|p1a: Weezing|Encore
|upkeep
|turn|27
|
|t:|1634738086
|move|p2a: Liepard|Encore|p1a: Weezing
|-start|p1a: Weezing|Encore
|move|p1a: Weezing|Will-O-Wisp|p2a: Liepard
|-fail|p2a: Liepard|brn
|
|-weather|RainDance|[upkeep]
|-damage|p2a: Liepard|70/100 brn|[from] brn
|upkeep
|turn|28
|
|t:|1634738088
|move|p2a: Liepard|Knock Off|p1a: Weezing
|-damage|p1a: Weezing|78/100 par
|move|p1a: Weezing|Will-O-Wisp|p2a: Liepard
|-fail|p2a: Liepard|brn
|
|-weather|none
|-damage|p2a: Liepard|64/100 brn|[from] brn
|upkeep
|turn|29
|
|t:|1634738091
|move|p2a: Liepard|Rain Dance|p2a: Liepard
|-weather|RainDance
|move|p1a: Weezing|Will-O-Wisp|p2a: Liepard
|-fail|p2a: Liepard|brn
|
|-weather|RainDance|[upkeep]
|-damage|p2a: Liepard|58/100 brn|[from] brn
|-end|p1a: Weezing|Encore
|upkeep
|turn|30
|
|t:|1634738096
|move|p2a: Liepard|Encore|p1a: Weezing
|-start|p1a: Weezing|Encore
|move|p1a: Weezing|Will-O-Wisp|p2a: Liepard
|-fail|p2a: Liepard|brn
|
|-weather|RainDance|[upkeep]
|-damage|p2a: Liepard|52/100 brn|[from] brn
|upkeep
|turn|31
|
|t:|1634738102
|switch|p1a: Hitmontop|Hitmontop, M|18/100
|-damage|p1a: Hitmontop|0 fnt|[from] Spikes
|faint|p1a: Hitmontop
|move|p2a: Liepard|Knock Off|p1: Hitmontop|[notarget]
|-fail|p2a: Liepard
|
|-weather|RainDance|[upkeep]
|-damage|p2a: Liepard|46/100 brn|[from] brn
|upkeep
|
|t:|1634738106
|switch|p1a: Weezing|Weezing, M|78/100 par
|turn|32
|
|t:|1634738111
|move|p2a: Liepard|Knock Off|p1a: Weezing
|-damage|p1a: Weezing|71/100 par
|move|p1a: Weezing|Sludge Bomb|p2a: Liepard
|-damage|p2a: Liepard|13/100 brn
|
|-weather|RainDance|[upkeep]
|-damage|p2a: Liepard|8/100 brn|[from] brn
|upkeep
|turn|33
|
|t:|1634738115
|move|p2a: Liepard|Knock Off|p1a: Weezing
|-damage|p1a: Weezing|65/100 par
|move|p1a: Weezing|Sludge Bomb|p2a: Liepard
|-damage|p2a: Liepard|0 fnt
|faint|p2a: Liepard
|
|-weather|RainDance|[upkeep]
|upkeep
|
|t:|1634738117
|switch|p2a: Poliwrath|Poliwrath, M|100/100
|turn|34
|
|t:|1634738118
|move|p2a: Poliwrath|Substitute|p2a: Poliwrath
|-start|p2a: Poliwrath|Substitute
|-damage|p2a: Poliwrath|75/100
|move|p1a: Weezing|Will-O-Wisp||[still]
|-fail|p1a: Weezing
|
|-weather|RainDance|[upkeep]
|upkeep
|turn|35
|
|t:|1634738123
|move|p2a: Poliwrath|Belly Drum|p2a: Poliwrath
|-damage|p2a: Poliwrath|25/100
|-setboost|p2a: Poliwrath|atk|6|[from] move: Belly Drum
|-enditem|p2a: Poliwrath|Salac Berry|[eat]
|-boost|p2a: Poliwrath|spe|1|[from] item: Salac Berry
|cant|p1a: Weezing|par
|
|-weather|RainDance|[upkeep]
|upkeep
|turn|36
|c|☆coocka|sigh
|c|☆coocka|ayy
|c|☆coocka|you literally never missed a turn doe to para
|c|☆coocka|fair game
|c|☆coocka|you didn't deserve the win
|c|☆coocka|gg
|
|t:|1634738149
|move|p2a: Poliwrath|Drain Punch|p1a: Weezing
|-resisted|p1a: Weezing
|-damage|p1a: Weezing|26/100 par
|-heal|p2a: Poliwrath|45/100|[from] drain|[of] p1a: Weezing
|move|p1a: Weezing|Sludge Bomb|p2a: Poliwrath
|-end|p2a: Poliwrath|Substitute
|
|-weather|none
|upkeep
|turn|37
|
|t:|1634738153
|move|p2a: Poliwrath|Drain Punch|p1a: Weezing
|-resisted|p1a: Weezing
|-damage|p1a: Weezing|0 fnt
|-heal|p2a: Poliwrath|59/100|[from] drain|[of] p1a: Weezing
|faint|p1a: Weezing
|
|upkeep
|
|t:|1634738156
|switch|p1a: Whimsicott|Whimsicott, M|21/100
|turn|38
|
|t:|1634738160
|move|p1a: Whimsicott|Stun Spore|p2a: Poliwrath
|-status|p2a: Poliwrath|par
|cant|p2a: Poliwrath|par
|
|upkeep
|turn|39
|
|t:|1634738164
|move|p1a: Whimsicott|Moonblast|p2a: Poliwrath
|-supereffective|p2a: Poliwrath
|-damage|p2a: Poliwrath|0 fnt
|faint|p2a: Poliwrath
|
|win|coocka
|raw|coocka's rating: 1207 &rarr; <strong>1245</strong><br />(+38 for winning)
|raw|2turtle's rating: 1408 &rarr; <strong>1378</strong><br />(-30 for losing)
|l|☆2turtle
|c|☆coocka|ahahahahahahahaha
|c|☆coocka|karma
|l|☆coocka
||Ladder isn't responding, score probably updated but might not have (Request timeout).
