|j|☆Neverending Grind
|j|☆MadJ0ker
|t:|1633677678
|gametype|singles
|player|p1|Neverending Grind|marley|1377
|player|p2|MadJ0ker|gentleman-gen4|1250
|teamsize|p1|6
|teamsize|p2|6
|gen|8
|tier|[Gen 8] PU
|rated|
|rule|Sleep Clause Mod: Limit one foe put to sleep
|rule|Species Clause: Limit one of each Pokémon
|rule|OHKO Clause: OHKO moves are banned
|rule|Evasion Moves Clause: Evasion moves are banned
|rule|Endless Battle Clause: Forcing endless battles is banned
|rule|HP Percentage Mod: HP is shown in percentages
|rule|Dynamax Clause: You cannot dynamax
|clearpoke
|poke|p1|Liepard, F|
|poke|p1|Electivire, M|
|poke|p1|Silvally-*|
|poke|p1|Claydol|
|poke|p1|Gigalith, M|
|poke|p1|Whimsicott, M|
|poke|p2|Magmortar, M|
|poke|p2|Scyther, M|
|poke|p2|Whimsicott, M|
|poke|p2|Basculin, M|
|poke|p2|Hitmonchan, M|
|poke|p2|Silvally-*|
|teampreview
|
|t:|1633677692
|start
|switch|p1a: Gigalith|Gigalith, M|100/100
|switch|p2a: Basculin|Basculin, M|100/100
|-weather|Sandstorm|[from] ability: Sand Stream|[of] p1a: Gigalith
|turn|1
|
|t:|1633677712
|switch|p1a: Silvally|Silvally-Water|100/100
|move|p2a: Basculin|Flip Turn|p1a: Silvally
|-resisted|p1a: Silvally
|-damage|p1a: Silvally|82/100
|
|t:|1633677725
|switch|p2a: Whimsicott|Whimsicott, M|100/100|[from]move: Flip Turn
|
|-weather|Sandstorm|[upkeep]
|-damage|p1a: Silvally|76/100|[from] Sandstorm
|-damage|p2a: Whimsicott|94/100|[from] Sandstorm
|-heal|p2a: Whimsicott|100/100|[from] item: Leftovers
|upkeep
|turn|2
|
|t:|1633677742
|switch|p1a: Gigalith|Gigalith, M|100/100
|move|p2a: Whimsicott|Leech Seed|p1a: Gigalith
|-start|p1a: Gigalith|move: Leech Seed
|
|-weather|Sandstorm|[upkeep]
|-damage|p2a: Whimsicott|94/100|[from] Sandstorm
|-heal|p2a: Whimsicott|100/100|[from] item: Leftovers
|-damage|p1a: Gigalith|88/100|[from] Leech Seed|[of] p2a: Whimsicott
|upkeep
|turn|3
|
|t:|1633677749
|move|p2a: Whimsicott|Substitute|p2a: Whimsicott
|-start|p2a: Whimsicott|Substitute
|-damage|p2a: Whimsicott|76/100
|move|p1a: Gigalith|Stealth Rock|p2a: Whimsicott
|-sidestart|p2: MadJ0ker|move: Stealth Rock
|
|-weather|Sandstorm|[upkeep]
|-damage|p2a: Whimsicott|70/100|[from] Sandstorm
|-heal|p2a: Whimsicott|76/100|[from] item: Leftovers
|-heal|p1a: Gigalith|94/100|[from] item: Leftovers
|-damage|p1a: Gigalith|82/100|[from] Leech Seed|[of] p2a: Whimsicott
|-heal|p2a: Whimsicott|90/100|[silent]
|upkeep
|turn|4
|
|t:|1633677754
|switch|p1a: Whimsicott|Whimsicott, M|100/100
|move|p2a: Whimsicott|Encore||[still]
|-fail|p2a: Whimsicott
|
|-weather|Sandstorm|[upkeep]
|-damage|p1a: Whimsicott|94/100|[from] Sandstorm
|-damage|p2a: Whimsicott|84/100|[from] Sandstorm
|-heal|p2a: Whimsicott|90/100|[from] item: Leftovers
|upkeep
|turn|5
|
|t:|1633677758
|switch|p1a: Gigalith|Gigalith, M|82/100
|move|p2a: Whimsicott|U-turn|p1a: Gigalith
|-damage|p1a: Gigalith|75/100
|
|t:|1633677763
|switch|p2a: Hitmonchan|Hitmonchan, M|100/100|[from]move: U-turn
|-damage|p2a: Hitmonchan|95/100|[from] Stealth Rock
|
|-weather|none
|-heal|p1a: Gigalith|81/100|[from] item: Leftovers
|upkeep
|turn|6
|
|t:|1633677814
|switch|p1a: Whimsicott|Whimsicott, M|94/100
|move|p2a: Hitmonchan|Rapid Spin|p1a: Whimsicott
|-damage|p1a: Whimsicott|73/100
|-boost|p2a: Hitmonchan|spe|1
|-sideend|p2: MadJ0ker|Stealth Rock|[from] move: Rapid Spin|[of] p2a: Hitmonchan
|
|upkeep
|turn|7
|
|t:|1633677830
|move|p1a: Whimsicott|U-turn|p2a: Hitmonchan
|-resisted|p2a: Hitmonchan
|-damage|p2a: Hitmonchan|88/100
|
|t:|1633677833
|switch|p1a: Silvally|Silvally-Water|76/100|[from]move: U-turn
|move|p2a: Hitmonchan|Ice Punch|p1a: Silvally
|-resisted|p1a: Silvally
|-damage|p1a: Silvally|66/100
|
|upkeep
|turn|8
|
|t:|1633677837
|move|p2a: Hitmonchan|Drain Punch|p1a: Silvally
|-damage|p1a: Silvally|35/100
|-heal|p2a: Hitmonchan|100/100|[from] drain|[of] p1a: Silvally
|move|p1a: Silvally|Toxic|p2a: Hitmonchan
|-status|p2a: Hitmonchan|tox
|
|-damage|p2a: Hitmonchan|95/100 tox|[from] psn
|upkeep
|turn|9
|
|t:|1633677842
|move|p2a: Hitmonchan|Drain Punch|p1a: Silvally
|-damage|p1a: Silvally|2/100
|-heal|p2a: Hitmonchan|100/100 tox|[from] drain|[of] p1a: Silvally
|move|p1a: Silvally|Parting Shot|p2a: Hitmonchan
|-unboost|p2a: Hitmonchan|atk|1
|-unboost|p2a: Hitmonchan|spa|1
|
|t:|1633677847
|switch|p1a: Claydol|Claydol|100/100|[from]move: Parting Shot
|
|-damage|p2a: Hitmonchan|89/100 tox|[from] psn
|upkeep
|turn|10
|
|t:|1633677860
|switch|p2a: Silvally|Silvally-Ghost|100/100
|move|p1a: Claydol|Teleport|p1a: Claydol
|
|t:|1633677883
|switch|p1a: Liepard|Liepard, F|100/100|[from]move: Teleport
|
|upkeep
|turn|11
|
|t:|1633677893
|move|p1a: Liepard|Knock Off|p2a: Silvally
|-supereffective|p2a: Silvally
|-damage|p2a: Silvally|15/100
|move|p2a: Silvally|Parting Shot|p1a: Liepard
|-unboost|p1a: Liepard|atk|1
|-unboost|p1a: Liepard|spa|1
|
|t:|1633677909
|switch|p2a: Hitmonchan|Hitmonchan, M|89/100 tox|[from]move: Parting Shot
|
|-damage|p2a: Hitmonchan|83/100 tox|[from] psn
|upkeep
|turn|12
|
|t:|1633677925
|switch|p1a: Claydol|Claydol|100/100
|move|p2a: Hitmonchan|Ice Punch|p1a: Claydol
|-supereffective|p1a: Claydol
|-damage|p1a: Claydol|57/100
|
|-damage|p2a: Hitmonchan|71/100 tox|[from] psn
|upkeep
|turn|13
|
|t:|1633677933
|move|p1a: Claydol|Psychic|p2a: Hitmonchan
|-supereffective|p2a: Hitmonchan
|-damage|p2a: Hitmonchan|40/100 tox
|move|p2a: Hitmonchan|Ice Punch|p1a: Claydol
|-supereffective|p1a: Claydol
|-damage|p1a: Claydol|16/100
|-status|p1a: Claydol|frz
|
|-damage|p2a: Hitmonchan|23/100 tox|[from] psn
|upkeep
|turn|14
|
|t:|1633677945
|switch|p2a: Basculin|Basculin, M|100/100
|cant|p1a: Claydol|frz
|
|upkeep
|turn|15
|
|t:|1633677956
|switch|p1a: Silvally|Silvally-Water|2/100
|move|p2a: Basculin|Flip Turn|p1a: Silvally
|-resisted|p1a: Silvally
|-damage|p1a: Silvally|0 fnt
|faint|p1a: Silvally
|
|t:|1633677970
|switch|p2a: Scyther|Scyther, M|100/100|[from]move: Flip Turn
|
|upkeep
|
|t:|1633677976
|switch|p1a: Gigalith|Gigalith, M|81/100
|-weather|Sandstorm|[from] ability: Sand Stream|[of] p1a: Gigalith
|turn|16
|
|t:|1633677980
|move|p2a: Scyther|U-turn|p1a: Gigalith
|-damage|p1a: Gigalith|57/100
|
|t:|1633677984
|switch|p2a: Basculin|Basculin, M|100/100|[from]move: U-turn
|move|p1a: Gigalith|Stealth Rock|p2a: Basculin
|-sidestart|p2: MadJ0ker|move: Stealth Rock
|
|-weather|Sandstorm|[upkeep]
|-damage|p2a: Basculin|94/100|[from] Sandstorm
|-heal|p1a: Gigalith|63/100|[from] item: Leftovers
|upkeep
|turn|17
|
|t:|1633678004
|move|p1a: Gigalith|Protect|p1a: Gigalith
|-singleturn|p1a: Gigalith|Protect
|move|p2a: Basculin|Flip Turn|p1a: Gigalith
|-activate|p1a: Gigalith|move: Protect
|
|-weather|Sandstorm|[upkeep]
|-damage|p2a: Basculin|88/100|[from] Sandstorm
|-heal|p1a: Gigalith|69/100|[from] item: Leftovers
|upkeep
|turn|18
|
|t:|1633678011
|switch|p1a: Whimsicott|Whimsicott, M|73/100
|move|p2a: Basculin|Flip Turn|p1a: Whimsicott
|-resisted|p1a: Whimsicott
|-damage|p1a: Whimsicott|44/100
|
|t:|1633678019
|switch|p2a: Scyther|Scyther, M|100/100|[from]move: Flip Turn
|
|-weather|Sandstorm|[upkeep]
|-damage|p1a: Whimsicott|38/100|[from] Sandstorm
|-damage|p2a: Scyther|94/100|[from] Sandstorm
|upkeep
|turn|19
|
|t:|1633678026
|switch|p1a: Gigalith|Gigalith, M|69/100
|move|p2a: Scyther|U-turn|p1a: Gigalith
|-damage|p1a: Gigalith|45/100
|
|t:|1633678033
|switch|p2a: Basculin|Basculin, M|88/100|[from]move: U-turn
|-damage|p2a: Basculin|76/100|[from] Stealth Rock
|
|-weather|Sandstorm|[upkeep]
|-damage|p2a: Basculin|70/100|[from] Sandstorm
|-heal|p1a: Gigalith|51/100|[from] item: Leftovers
|upkeep
|turn|20
|
|t:|1633678041
|move|p1a: Gigalith|Protect|p1a: Gigalith
|-singleturn|p1a: Gigalith|Protect
|move|p2a: Basculin|Liquidation|p1a: Gigalith
|-activate|p1a: Gigalith|move: Protect
|
|-weather|none
|-heal|p1a: Gigalith|57/100|[from] item: Leftovers
|upkeep
|turn|21
|
|t:|1633678077
|switch|p1a: Claydol|Claydol|16/100 frz
|move|p2a: Basculin|Liquidation|p1a: Claydol
|-supereffective|p1a: Claydol
|-damage|p1a: Claydol|0 fnt
|faint|p1a: Claydol
|
|upkeep
|
|t:|1633678079
|switch|p1a: Whimsicott|Whimsicott, M|38/100
|turn|22
|
|t:|1633678084
|switch|p2a: Scyther|Scyther, M|94/100
|move|p1a: Whimsicott|Moonblast|p2a: Scyther
|-damage|p2a: Scyther|54/100
|
|upkeep
|turn|23
|
|t:|1633678092
|move|p1a: Whimsicott|Knock Off|p2a: Scyther
|-damage|p2a: Scyther|33/100
|-enditem|p2a: Scyther|Heavy-Duty Boots|[from] move: Knock Off|[of] p1a: Whimsicott
|move|p2a: Scyther|U-turn|p1a: Whimsicott
|-damage|p1a: Whimsicott|1/100
|
|t:|1633678106
|switch|p2a: Whimsicott|Whimsicott, M|90/100|[from]move: U-turn
|-damage|p2a: Whimsicott|78/100|[from] Stealth Rock
|
|-heal|p2a: Whimsicott|84/100|[from] item: Leftovers
|upkeep
|turn|24
|
|t:|1633678136
|switch|p1a: Gigalith|Gigalith, M|57/100
|-weather|Sandstorm|[from] ability: Sand Stream|[of] p1a: Gigalith
|move|p2a: Whimsicott|U-turn|p1a: Gigalith
|-damage|p1a: Gigalith|50/100
|
|t:|1633678150
|switch|p2a: Magmortar|Magmortar, M|100/100|[from]move: U-turn
|-damage|p2a: Magmortar|76/100|[from] Stealth Rock
|
|-weather|Sandstorm|[upkeep]
|-damage|p2a: Magmortar|70/100|[from] Sandstorm
|-heal|p1a: Gigalith|56/100|[from] item: Leftovers
|upkeep
|turn|25
|
|t:|1633678181
|move|p1a: Gigalith|Protect|p1a: Gigalith
|-singleturn|p1a: Gigalith|Protect
|move|p2a: Magmortar|Scorching Sands|p1a: Gigalith
|-activate|p1a: Gigalith|move: Protect
|
|-weather|Sandstorm|[upkeep]
|-damage|p2a: Magmortar|63/100|[from] Sandstorm
|-heal|p1a: Gigalith|62/100|[from] item: Leftovers
|upkeep
|turn|26
|
|t:|1633678184
|move|p2a: Magmortar|Scorching Sands|p1a: Gigalith
|-supereffective|p1a: Gigalith
|-damage|p1a: Gigalith|23/100
|move|p1a: Gigalith|Rock Blast|p2a: Magmortar
|-supereffective|p2a: Magmortar
|-damage|p2a: Magmortar|28/100
|-supereffective|p2a: Magmortar
|-damage|p2a: Magmortar|0 fnt
|faint|p2a: Magmortar
|-hitcount|p2: Magmortar|2
|
|-weather|Sandstorm|[upkeep]
|-heal|p1a: Gigalith|29/100|[from] item: Leftovers
|upkeep
|
|t:|1633678191
|switch|p2a: Basculin|Basculin, M|70/100
|-damage|p2a: Basculin|57/100|[from] Stealth Rock
|turn|27
|
|t:|1633678228
|move|p1a: Gigalith|Protect|p1a: Gigalith
|-singleturn|p1a: Gigalith|Protect
|move|p2a: Basculin|Flip Turn|p1a: Gigalith
|-activate|p1a: Gigalith|move: Protect
|
|-weather|Sandstorm|[upkeep]
|-damage|p2a: Basculin|51/100|[from] Sandstorm
|-heal|p1a: Gigalith|35/100|[from] item: Leftovers
|upkeep
|turn|28
|
|t:|1633678236
|switch|p1a: Whimsicott|Whimsicott, M|1/100
|move|p2a: Basculin|Flip Turn|p1a: Whimsicott
|-resisted|p1a: Whimsicott
|-damage|p1a: Whimsicott|0 fnt
|faint|p1a: Whimsicott
|
|t:|1633678242
|switch|p2a: Whimsicott|Whimsicott, M|84/100|[from]move: Flip Turn
|-damage|p2a: Whimsicott|71/100|[from] Stealth Rock
|
|-weather|none
|-heal|p2a: Whimsicott|78/100|[from] item: Leftovers
|upkeep
|j| ii77
|
|t:|1633678273
|switch|p1a: Gigalith|Gigalith, M|35/100
|-weather|Sandstorm|[from] ability: Sand Stream|[of] p1a: Gigalith
|turn|29
|
|t:|1633678297
|move|p2a: Whimsicott|Leech Seed|p1a: Gigalith
|-start|p1a: Gigalith|move: Leech Seed
|move|p1a: Gigalith|Rock Blast|p2a: Whimsicott
|-damage|p2a: Whimsicott|67/100
|-damage|p2a: Whimsicott|58/100
|-damage|p2a: Whimsicott|48/100
|-damage|p2a: Whimsicott|38/100
|-hitcount|p2a: Whimsicott|4
|
|-weather|Sandstorm|[upkeep]
|-damage|p2a: Whimsicott|32/100|[from] Sandstorm
|-heal|p2a: Whimsicott|38/100|[from] item: Leftovers
|-heal|p1a: Gigalith|41/100|[from] item: Leftovers
|-damage|p1a: Gigalith|29/100|[from] Leech Seed|[of] p2a: Whimsicott
|-heal|p2a: Whimsicott|52/100|[silent]
|upkeep
|turn|30
|
|t:|1633678304
|switch|p1a: Electivire|Electivire, M|100/100
|move|p2a: Whimsicott|Substitute|p2a: Whimsicott
|-start|p2a: Whimsicott|Substitute
|-damage|p2a: Whimsicott|27/100
|
|-weather|Sandstorm|[upkeep]
|-damage|p1a: Electivire|94/100|[from] Sandstorm
|-damage|p2a: Whimsicott|21/100|[from] Sandstorm
|-heal|p2a: Whimsicott|27/100|[from] item: Leftovers
|upkeep
|turn|31
|
|t:|1633678310
|move|p2a: Whimsicott|Leech Seed|p1a: Electivire
|-start|p1a: Electivire|move: Leech Seed
|move|p1a: Electivire|Ice Punch|p2a: Whimsicott
|-supereffective|p2a: Whimsicott
|-end|p2a: Whimsicott|Substitute
|-damage|p1a: Electivire|84/100|[from] item: Life Orb
|
|-weather|Sandstorm|[upkeep]
|-damage|p1a: Electivire|78/100|[from] Sandstorm
|-damage|p2a: Whimsicott|21/100|[from] Sandstorm
|-heal|p2a: Whimsicott|27/100|[from] item: Leftovers
|-damage|p1a: Electivire|66/100|[from] Leech Seed|[of] p2a: Whimsicott
|-heal|p2a: Whimsicott|39/100|[silent]
|upkeep
|turn|32
|
|t:|1633678318
|switch|p1a: Gigalith|Gigalith, M|29/100
|move|p2a: Whimsicott|Substitute|p2a: Whimsicott
|-start|p2a: Whimsicott|Substitute
|-damage|p2a: Whimsicott|14/100
|
|-weather|Sandstorm|[upkeep]
|-damage|p2a: Whimsicott|8/100|[from] Sandstorm
|-heal|p2a: Whimsicott|14/100|[from] item: Leftovers
|-heal|p1a: Gigalith|35/100|[from] item: Leftovers
|upkeep
|turn|33
|
|t:|1633678321
|move|p2a: Whimsicott|Leech Seed|p1a: Gigalith
|-start|p1a: Gigalith|move: Leech Seed
|move|p1a: Gigalith|Rock Blast|p2a: Whimsicott
|-activate|p2a: Whimsicott|move: Substitute|[damage]
|-activate|p2a: Whimsicott|move: Substitute|[damage]
|-hitcount|p2a: Whimsicott|2
|
|-weather|none
|-heal|p2a: Whimsicott|20/100|[from] item: Leftovers
|-heal|p1a: Gigalith|41/100|[from] item: Leftovers
|-damage|p1a: Gigalith|29/100|[from] Leech Seed|[of] p2a: Whimsicott
|-heal|p2a: Whimsicott|34/100|[silent]
|upkeep
|turn|34
|
|t:|1633678330
|switch|p1a: Liepard|Liepard, F|100/100
|move|p2a: Whimsicott|Leech Seed|p1a: Liepard
|-hint|Since gen 7, Dark is immune to Prankster moves.
|-immune|p1a: Liepard
|
|-heal|p2a: Whimsicott|40/100|[from] item: Leftovers
|upkeep
|turn|35
|
|t:|1633678341
|move|p1a: Liepard|Gunk Shot|p2a: Whimsicott
|-supereffective|p2a: Whimsicott
|-end|p2a: Whimsicott|Substitute
|move|p2a: Whimsicott|U-turn|p1a: Liepard
|-supereffective|p1a: Liepard
|-damage|p1a: Liepard|57/100
|
|t:|1633678354
|switch|p2a: Hitmonchan|Hitmonchan, M|23/100 tox|[from]move: U-turn
|-damage|p2a: Hitmonchan|17/100 tox|[from] Stealth Rock
|
|-damage|p2a: Hitmonchan|11/100 tox|[from] psn
|upkeep
|turn|36
|
|t:|1633678362
|switch|p1a: Gigalith|Gigalith, M|29/100
|-weather|Sandstorm|[from] ability: Sand Stream|[of] p1a: Gigalith
|move|p2a: Hitmonchan|Mach Punch|p1a: Gigalith
|-supereffective|p1a: Gigalith
|-damage|p1a: Gigalith|0 fnt
|faint|p1a: Gigalith
|
|-weather|Sandstorm|[upkeep]
|-damage|p2a: Hitmonchan|5/100 tox|[from] Sandstorm
|-damage|p2a: Hitmonchan|0 fnt|[from] psn
|faint|p2a: Hitmonchan
|upkeep
|
|t:|1633678388
|switch|p2a: Whimsicott|Whimsicott, M|40/100
|switch|p1a: Liepard|Liepard, F|57/100
|-damage|p2a: Whimsicott|28/100|[from] Stealth Rock
|turn|37
|
|t:|1633678430
|move|p1a: Liepard|Gunk Shot|p2a: Whimsicott
|-supereffective|p2a: Whimsicott
|-damage|p2a: Whimsicott|0 fnt
|faint|p2a: Whimsicott
|
|-weather|Sandstorm|[upkeep]
|-damage|p1a: Liepard|51/100|[from] Sandstorm
|upkeep
|
|t:|1633678446
|switch|p2a: Basculin|Basculin, M|51/100
|-damage|p2a: Basculin|39/100|[from] Stealth Rock
|turn|38
|
|t:|1633678449
|switch|p1a: Electivire|Electivire, M|66/100
|move|p2a: Basculin|Flip Turn|p1a: Electivire
|-damage|p1a: Electivire|0 fnt
|faint|p1a: Electivire
|
|t:|1633678457
|switch|p2a: Scyther|Scyther, M|33/100|[from]move: Flip Turn
|-damage|p2a: Scyther|0 fnt|[from] Stealth Rock
|faint|p2a: Scyther
|
|-weather|Sandstorm|[upkeep]
|upkeep
|
|t:|1633678468
|switch|p2a: Basculin|Basculin, M|39/100
|switch|p1a: Liepard|Liepard, F|51/100
|-damage|p2a: Basculin|26/100|[from] Stealth Rock
|turn|39
|
|t:|1633678481
|move|p1a: Liepard|Knock Off|p2a: Basculin
|-crit|p2a: Basculin
|-damage|p2a: Basculin|0 fnt
|-enditem|p2a: Basculin|Choice Band|[from] move: Knock Off|[of] p1a: Liepard
|faint|p2a: Basculin
|
|-weather|Sandstorm|[upkeep]
|-damage|p1a: Liepard|45/100|[from] Sandstorm
|upkeep
|c|☆MadJ0ker|gg
|
|t:|1633678486
|switch|p2a: Silvally|Silvally-Ghost|15/100
|-damage|p2a: Silvally|3/100|[from] Stealth Rock
|turn|40
|c|☆Neverending Grind|gg
|
|t:|1633678489
|move|p1a: Liepard|Knock Off|p2a: Silvally
|-supereffective|p2a: Silvally
|-damage|p2a: Silvally|0 fnt
|faint|p2a: Silvally
|
|win|Neverending Grind
|raw|Neverending Grind's rating: 1348 &rarr; <strong>1363</strong><br />(+15 for winning)
|raw|MadJ0ker's rating: 1250 &rarr; <strong>1232</strong><br />(-18 for losing)
|l|☆MadJ0ker
|l|☆Neverending Grind
