|html|<div class="broadcast-blue"><strong>[Gen 8] PU is currently suspecting Vanilluxe! For information on how to participate check out the <a href="https://www.smogon.com/forums/threads/np-ss-pu-stage-10-ice-cream-vanilluxe-suspect-test.3705646/">suspect thread</a>.</strong></div>
|j|☆katxirina
|j|☆gassy neigh
|t:|1659820815
|gametype|singles
|player|p1|katxirina|schoolkid-gen4dp|1155
|player|p2|gassy neigh|clown|1422
|teamsize|p1|6
|teamsize|p2|6
|gen|8
|tier|[Gen 8] PU
|rated|
|rule|Sleep Clause Mod: Limit one foe put to sleep
|rule|Species Clause: Limit one of each Pokémon
|rule|OHKO Clause: OHKO moves are banned
|rule|Evasion Items Clause: Evasion items are banned
|rule|Evasion Moves Clause: Evasion moves are banned
|rule|Endless Battle Clause: Forcing endless battles is banned
|rule|HP Percentage Mod: HP is shown in percentages
|rule|Dynamax Clause: You cannot dynamax
|clearpoke
|poke|p1|Silvally-*|
|poke|p1|Tangela, F|
|poke|p1|Aromatisse, M|
|poke|p1|Magneton|
|poke|p1|Articuno-Galar|
|poke|p1|Gigalith, M|
|poke|p2|Stunfisk, M|
|poke|p2|Cryogonal|
|poke|p2|Miltank, F|
|poke|p2|Wishiwashi, M|
|poke|p2|Gourgeist-*, M|
|poke|p2|Comfey, M|
|teampreview
|
|t:|1659820836
|start
|switch|p1a: Articuno|Articuno-Galar, shiny|100/100
|switch|p2a: Stunfisk|Stunfisk, M|100/100
|turn|1
|
|t:|1659820841
|move|p1a: Articuno|Future Sight|p2a: Stunfisk
|-start|p1a: Articuno|move: Future Sight
|move|p2a: Stunfisk|Stealth Rock|p1a: Articuno
|-sidestart|p1: katxirina|move: Stealth Rock
|
|upkeep
|turn|2
|
|t:|1659820845
|switch|p1a: Tangela|Tangela, F|100/100
|-damage|p1a: Tangela|88/100|[from] Stealth Rock
|move|p2a: Stunfisk|Earth Power|p1a: Tangela
|-resisted|p1a: Tangela
|-damage|p1a: Tangela|70/100
|
|upkeep
|turn|3
|
|t:|1659820855
|switch|p2a: Cryogonal|Cryogonal|100/100
|move|p1a: Tangela|Knock Off|p2a: Cryogonal
|-damage|p2a: Cryogonal|79/100
|-enditem|p2a: Cryogonal|Heavy-Duty Boots|[from] move: Knock Off|[of] p1a: Tangela
|
|-end|p2a: Cryogonal|move: Future Sight
|-damage|p2a: Cryogonal|29/100
|upkeep
|turn|4
|
|t:|1659820862
|switch|p1a: Gigalith|Gigalith, M|100/100
|-damage|p1a: Gigalith|88/100|[from] Stealth Rock
|-weather|Sandstorm|[from] ability: Sand Stream|[of] p1a: Gigalith
|move|p2a: Cryogonal|Recover|p2a: Cryogonal
|-heal|p2a: Cryogonal|79/100
|
|-weather|Sandstorm|[upkeep]
|-damage|p2a: Cryogonal|73/100|[from] Sandstorm
|-heal|p1a: Gigalith|94/100|[from] item: Leftovers
|upkeep
|turn|5
|
|t:|1659820868
|switch|p2a: Gourgeist|Gourgeist-Small, M|100/100
|-item|p1a: Gigalith|Leftovers|[from] ability: Frisk|[of] p2a: Gourgeist|[identify]
|move|p1a: Gigalith|Stealth Rock|p2a: Gourgeist
|-sidestart|p2: gassy neigh|move: Stealth Rock
|
|-weather|Sandstorm|[upkeep]
|-damage|p2a: Gourgeist|95/100|[from] Sandstorm
|-heal|p1a: Gigalith|99/100|[from] item: Leftovers
|upkeep
|turn|6
|
|t:|1659820871
|switch|p1a: Magneton|Magneton|100/100
|-damage|p1a: Magneton|95/100|[from] Stealth Rock
|move|p2a: Gourgeist|Trick|p1a: Magneton
|-activate|p2a: Gourgeist|move: Trick|[of] p1a: Magneton
|-item|p1a: Magneton|Choice Scarf|[from] move: Trick
|-item|p2a: Gourgeist|Eviolite|[from] move: Trick
|
|-weather|Sandstorm|[upkeep]
|-damage|p2a: Gourgeist|89/100|[from] Sandstorm
|upkeep
|turn|7
|
|t:|1659820875
|switch|p2a: Stunfisk|Stunfisk, M|100/100
|-damage|p2a: Stunfisk|94/100|[from] Stealth Rock
|move|p1a: Magneton|Toxic|p2a: Stunfisk
|-status|p2a: Stunfisk|tox
|
|-weather|Sandstorm|[upkeep]
|-damage|p2a: Stunfisk|88/100 tox|[from] psn
|upkeep
|turn|8
|
|t:|1659820879
|switch|p1a: Aromatisse|Aromatisse, M|100/100
|-damage|p1a: Aromatisse|88/100|[from] Stealth Rock
|switch|p2a: Wishiwashi|Wishiwashi, M|100/100
|-damage|p2a: Wishiwashi|88/100|[from] Stealth Rock
|-formechange|p2a: Wishiwashi|Wishiwashi-School||[from] ability: Schooling
|
|-weather|none
|-heal|p1a: Aromatisse|94/100|[from] item: Leftovers
|-heal|p2a: Wishiwashi|94/100|[from] item: Leftovers
|upkeep
|turn|9
|
|t:|1659820882
|move|p1a: Aromatisse|Protect|p1a: Aromatisse
|-singleturn|p1a: Aromatisse|Protect
|move|p2a: Wishiwashi|Scald|p1a: Aromatisse
|-activate|p1a: Aromatisse|move: Protect
|
|-heal|p1a: Aromatisse|100/100|[from] item: Leftovers
|-heal|p2a: Wishiwashi|100/100|[from] item: Leftovers
|upkeep
|turn|10
|
|t:|1659820884
|move|p1a: Aromatisse|Wish|p1a: Aromatisse
|move|p2a: Wishiwashi|Scald|p1a: Aromatisse
|-damage|p1a: Aromatisse|75/100
|-status|p1a: Aromatisse|brn
|
|-heal|p1a: Aromatisse|82/100 brn|[from] item: Leftovers
|-damage|p1a: Aromatisse|75/100 brn|[from] brn
|upkeep
|turn|11
|
|t:|1659820889
|move|p1a: Aromatisse|Moonblast|p2a: Wishiwashi
|-damage|p2a: Wishiwashi|77/100
|move|p2a: Wishiwashi|U-turn|p1a: Aromatisse
|-resisted|p1a: Aromatisse
|-damage|p1a: Aromatisse|65/100 brn
|
|t:|1659820898
|switch|p2a: Cryogonal|Cryogonal|73/100|[from]move: U-turn
|-damage|p2a: Cryogonal|48/100|[from] Stealth Rock
|
|-heal|p1a: Aromatisse|100/100 brn|[from] move: Wish|[wisher] Aromatisse
|-damage|p1a: Aromatisse|94/100 brn|[from] brn
|upkeep
|turn|12
|
|t:|1659820902
|switch|p1a: Silvally|Silvally-Ghost|100/100
|-damage|p1a: Silvally|88/100|[from] Stealth Rock
|move|p2a: Cryogonal|Recover|p2a: Cryogonal
|-heal|p2a: Cryogonal|98/100
|
|upkeep
|turn|13
|
|t:|1659820904
|switch|p2a: Miltank|Miltank, F|100/100
|move|p1a: Silvally|Swords Dance|p1a: Silvally
|-boost|p1a: Silvally|atk|2
|
|upkeep
|turn|14
|
|t:|1659820906
|move|p2a: Miltank|Toxic|p1a: Silvally
|-status|p1a: Silvally|tox
|move|p1a: Silvally|U-turn|p2a: Miltank
|-damage|p2a: Miltank|66/100
|
|t:|1659820909
|switch|p1a: Magneton|Magneton|95/100|[from]move: U-turn
|-damage|p1a: Magneton|89/100|[from] Stealth Rock
|
|upkeep
|turn|15
|
|t:|1659820915
|move|p2a: Miltank|Milk Drink|p2a: Miltank
|-heal|p2a: Miltank|100/100
|move|p1a: Magneton|Flash Cannon|p2a: Miltank
|-damage|p2a: Miltank|36/100
|
|upkeep
|turn|16
|
|t:|1659820919
|switch|p2a: Wishiwashi|Wishiwashi, M|77/100
|-damage|p2a: Wishiwashi|64/100|[from] Stealth Rock
|-formechange|p2a: Wishiwashi|Wishiwashi-School||[from] ability: Schooling
|move|p1a: Magneton|Flash Cannon|p2a: Wishiwashi
|-resisted|p2a: Wishiwashi
|-damage|p2a: Wishiwashi|44/100
|
|-heal|p2a: Wishiwashi|50/100|[from] item: Leftovers
|upkeep
|turn|17
|
|t:|1659820924
|switch|p1a: Articuno|Articuno-Galar, shiny|100/100
|move|p2a: Wishiwashi|Scald|p1a: Articuno
|-damage|p1a: Articuno|68/100
|
|-heal|p2a: Wishiwashi|57/100|[from] item: Leftovers
|upkeep
|turn|18
|
|t:|1659820928
|move|p1a: Articuno|Future Sight|p2a: Wishiwashi
|-start|p1a: Articuno|move: Future Sight
|move|p2a: Wishiwashi|U-turn|p1a: Articuno
|-damage|p1a: Articuno|47/100
|
|t:|1659820946
|switch|p2a: Comfey|Comfey, M|100/100|[from]move: U-turn
|-damage|p2a: Comfey|88/100|[from] Stealth Rock
|
|upkeep
|turn|19
|inactive|Battle timer is ON: inactive players will automatically lose when time's up. (requested by katxirina)
|
|t:|1659820957
|move|p2a: Comfey|Dazzling Gleam|p1a: Articuno
|-damage|p1a: Articuno|19/100
|move|p1a: Articuno|U-turn|p2a: Comfey
|-resisted|p2a: Comfey
|-damage|p2a: Comfey|83/100
|
|t:|1659820962
|switch|p1a: Magneton|Magneton|89/100|[from]move: U-turn
|-damage|p1a: Magneton|83/100|[from] Stealth Rock
|
|upkeep
|turn|20
|
|t:|1659820964
|move|p1a: Magneton|Flash Cannon|p2a: Comfey
|-supereffective|p2a: Comfey
|-damage|p2a: Comfey|0 fnt
|faint|p2a: Comfey
|
|-hint|Future Sight did not hit because the target is fainted.
|upkeep
|
|t:|1659820968
|switch|p2a: Wishiwashi|Wishiwashi, M|57/100
|-damage|p2a: Wishiwashi|44/100|[from] Stealth Rock
|-formechange|p2a: Wishiwashi|Wishiwashi-School||[from] ability: Schooling
|turn|21
|
|t:|1659820972
|switch|p1a: Aromatisse|Aromatisse, M|94/100 brn
|-damage|p1a: Aromatisse|82/100 brn|[from] Stealth Rock
|move|p2a: Wishiwashi|Scald|p1a: Aromatisse
|-damage|p1a: Aromatisse|56/100 brn
|
|-heal|p1a: Aromatisse|62/100 brn|[from] item: Leftovers
|-heal|p2a: Wishiwashi|50/100|[from] item: Leftovers
|-damage|p1a: Aromatisse|56/100 brn|[from] brn
|upkeep
|turn|22
|
|t:|1659820974
|move|p1a: Aromatisse|Wish|p1a: Aromatisse
|move|p2a: Wishiwashi|Rest|p2a: Wishiwashi
|-status|p2a: Wishiwashi|slp|[from] move: Rest
|-heal|p2a: Wishiwashi|100/100 slp|[silent]
|
|-heal|p1a: Aromatisse|62/100 brn|[from] item: Leftovers
|-damage|p1a: Aromatisse|56/100 brn|[from] brn
|upkeep
|turn|23
|
|t:|1659820978
|move|p1a: Aromatisse|Heal Bell|p1a: Aromatisse
|-activate|p1a: Aromatisse|move: Heal Bell
|-curestatus|p1a: Aromatisse|brn|[msg]
|-curestatus|p1: Silvally|tox|[msg]
|cant|p2a: Wishiwashi|slp
|move|p2a: Wishiwashi|Sleep Talk|p2a: Wishiwashi
|move|p2a: Wishiwashi|Rest||[from]move: Sleep Talk|[still]
|-fail|p2a: Wishiwashi
|
|-heal|p1a: Aromatisse|100/100|[from] move: Wish|[wisher] Aromatisse
|upkeep
|turn|24
|
|t:|1659820980
|move|p1a: Aromatisse|Wish|p1a: Aromatisse
|cant|p2a: Wishiwashi|slp
|move|p2a: Wishiwashi|Sleep Talk|p2a: Wishiwashi
|move|p2a: Wishiwashi|Rest||[from]move: Sleep Talk|[still]
|-fail|p2a: Wishiwashi
|
|upkeep
|turn|25
|
|t:|1659820983
|move|p1a: Aromatisse|Moonblast|p2a: Wishiwashi
|-damage|p2a: Wishiwashi|78/100 slp
|-curestatus|p2a: Wishiwashi|slp|[msg]
|move|p2a: Wishiwashi|Scald|p1a: Aromatisse
|-damage|p1a: Aromatisse|74/100
|-status|p1a: Aromatisse|brn
|
|-heal|p1a: Aromatisse|100/100 brn|[from] move: Wish|[wisher] Aromatisse
|-heal|p2a: Wishiwashi|84/100|[from] item: Leftovers
|-damage|p1a: Aromatisse|94/100 brn|[from] brn
|upkeep
|turn|26
|
|t:|1659820985
|move|p1a: Aromatisse|Heal Bell|p1a: Aromatisse
|-activate|p1a: Aromatisse|move: Heal Bell
|-curestatus|p1a: Aromatisse|brn|[msg]
|move|p2a: Wishiwashi|U-turn|p1a: Aromatisse
|-resisted|p1a: Aromatisse
|-damage|p1a: Aromatisse|82/100
|
|t:|1659820989
|switch|p2a: Cryogonal|Cryogonal|98/100|[from]move: U-turn
|-damage|p2a: Cryogonal|73/100|[from] Stealth Rock
|
|-heal|p1a: Aromatisse|88/100|[from] item: Leftovers
|upkeep
|turn|27
|
|t:|1659820992
|move|p2a: Cryogonal|Rapid Spin|p1a: Aromatisse
|-damage|p1a: Aromatisse|81/100
|-boost|p2a: Cryogonal|spe|1
|-sideend|p2: gassy neigh|Stealth Rock|[from] move: Rapid Spin|[of] p2a: Cryogonal
|move|p1a: Aromatisse|Wish|p1a: Aromatisse
|
|-heal|p1a: Aromatisse|87/100|[from] item: Leftovers
|upkeep
|turn|28
|
|t:|1659820996
|switch|p1a: Magneton|Magneton|83/100
|-damage|p1a: Magneton|77/100|[from] Stealth Rock
|move|p2a: Cryogonal|Toxic|p1a: Magneton
|-immune|p1a: Magneton
|
|-heal|p1a: Magneton|100/100|[from] move: Wish|[wisher] Aromatisse
|upkeep
|turn|29
|
|t:|1659821003
|switch|p2a: Stunfisk|Stunfisk, M|88/100 tox
|switch|p1a: Gigalith|Gigalith, M|99/100
|-damage|p1a: Gigalith|88/100|[from] Stealth Rock
|-weather|Sandstorm|[from] ability: Sand Stream|[of] p1a: Gigalith
|
|-weather|Sandstorm|[upkeep]
|-heal|p1a: Gigalith|94/100|[from] item: Leftovers
|-damage|p2a: Stunfisk|82/100 tox|[from] psn
|upkeep
|turn|30
|
|t:|1659821013
|switch|p2a: Wishiwashi|Wishiwashi, M|84/100
|-formechange|p2a: Wishiwashi|Wishiwashi-School||[from] ability: Schooling
|move|p1a: Gigalith|Stealth Rock|p2a: Wishiwashi
|-sidestart|p2: gassy neigh|move: Stealth Rock
|
|-weather|Sandstorm|[upkeep]
|-damage|p2a: Wishiwashi|78/100|[from] Sandstorm
|-heal|p1a: Gigalith|99/100|[from] item: Leftovers
|-heal|p2a: Wishiwashi|84/100|[from] item: Leftovers
|upkeep
|turn|31
|
|t:|1659821017
|switch|p1a: Aromatisse|Aromatisse, M|87/100
|-damage|p1a: Aromatisse|75/100|[from] Stealth Rock
|move|p2a: Wishiwashi|Scald|p1a: Aromatisse
|-damage|p1a: Aromatisse|50/100
|
|-weather|Sandstorm|[upkeep]
|-damage|p1a: Aromatisse|44/100|[from] Sandstorm
|-damage|p2a: Wishiwashi|78/100|[from] Sandstorm
|-heal|p1a: Aromatisse|50/100|[from] item: Leftovers
|-heal|p2a: Wishiwashi|84/100|[from] item: Leftovers
|upkeep
|turn|32
|
|t:|1659821019
|move|p1a: Aromatisse|Wish|p1a: Aromatisse
|move|p2a: Wishiwashi|Scald|p1a: Aromatisse
|-damage|p1a: Aromatisse|27/100
|
|-weather|Sandstorm|[upkeep]
|-damage|p1a: Aromatisse|21/100|[from] Sandstorm
|-damage|p2a: Wishiwashi|78/100|[from] Sandstorm
|-heal|p1a: Aromatisse|27/100|[from] item: Leftovers
|-heal|p2a: Wishiwashi|84/100|[from] item: Leftovers
|upkeep
|turn|33
|
|t:|1659821022
|move|p1a: Aromatisse|Moonblast|p2a: Wishiwashi
|-damage|p2a: Wishiwashi|61/100
|move|p2a: Wishiwashi|Scald|p1a: Aromatisse
|-damage|p1a: Aromatisse|3/100
|
|-weather|none
|-heal|p1a: Aromatisse|53/100|[from] move: Wish|[wisher] Aromatisse
|-heal|p1a: Aromatisse|59/100|[from] item: Leftovers
|-heal|p2a: Wishiwashi|67/100|[from] item: Leftovers
|upkeep
|turn|34
|
|t:|1659821031
|move|p1a: Aromatisse|Wish|p1a: Aromatisse
|move|p2a: Wishiwashi|Scald|p1a: Aromatisse
|-damage|p1a: Aromatisse|34/100
|
|-heal|p1a: Aromatisse|40/100|[from] item: Leftovers
|-heal|p2a: Wishiwashi|73/100|[from] item: Leftovers
|upkeep
|turn|35
|
|t:|1659821034
|move|p1a: Aromatisse|Moonblast|p2a: Wishiwashi
|-damage|p2a: Wishiwashi|52/100
|-unboost|p2a: Wishiwashi|spa|1
|move|p2a: Wishiwashi|Scald|p1a: Aromatisse
|-damage|p1a: Aromatisse|24/100
|
|-heal|p1a: Aromatisse|74/100|[from] move: Wish|[wisher] Aromatisse
|-heal|p1a: Aromatisse|80/100|[from] item: Leftovers
|-heal|p2a: Wishiwashi|58/100|[from] item: Leftovers
|upkeep
|turn|36
|
|t:|1659821036
|move|p1a: Aromatisse|Wish|p1a: Aromatisse
|move|p2a: Wishiwashi|Rest|p2a: Wishiwashi
|-status|p2a: Wishiwashi|slp|[from] move: Rest
|-heal|p2a: Wishiwashi|100/100 slp|[silent]
|
|-heal|p1a: Aromatisse|86/100|[from] item: Leftovers
|upkeep
|turn|37
|
|t:|1659821039
|switch|p1a: Articuno|Articuno-Galar, shiny|19/100
|cant|p2a: Wishiwashi|slp
|move|p2a: Wishiwashi|Sleep Talk|p2a: Wishiwashi
|move|p2a: Wishiwashi|U-turn|p1a: Articuno|[from]move: Sleep Talk
|-damage|p1a: Articuno|0 fnt
|faint|p1a: Articuno
|
|t:|1659821044
|switch|p2a: Miltank|Miltank, F|36/100|[from]move: U-turn
|
|upkeep
|
|t:|1659821050
|switch|p1a: Magneton|Magneton|100/100
|-damage|p1a: Magneton|95/100|[from] Stealth Rock
|turn|38
|
|t:|1659821052
|switch|p2a: Stunfisk|Stunfisk, M|82/100 tox
|-damage|p2a: Stunfisk|76/100 tox|[from] Stealth Rock
|move|p1a: Magneton|Flash Cannon|p2a: Stunfisk
|-resisted|p2a: Stunfisk
|-damage|p2a: Stunfisk|53/100 tox
|
|-damage|p2a: Stunfisk|47/100 tox|[from] psn
|upkeep
|turn|39
|
|t:|1659821056
|switch|p1a: Aromatisse|Aromatisse, M|86/100
|-damage|p1a: Aromatisse|74/100|[from] Stealth Rock
|move|p2a: Stunfisk|Pain Split|p1a: Aromatisse
|-sethp|p1a: Aromatisse|62/100|[from] move: Pain Split|[silent]
|-sethp|p2a: Stunfisk|59/100 tox|[from] move: Pain Split
|
|-heal|p1a: Aromatisse|68/100|[from] item: Leftovers
|-damage|p2a: Stunfisk|47/100 tox|[from] psn
|upkeep
|turn|40
|
|t:|1659821071
|switch|p2a: Wishiwashi|Wishiwashi, M|100/100 slp
|-damage|p2a: Wishiwashi|88/100 slp|[from] Stealth Rock
|-formechange|p2a: Wishiwashi|Wishiwashi-School||[from] ability: Schooling
|move|p1a: Aromatisse|Wish|p1a: Aromatisse
|
|-heal|p1a: Aromatisse|74/100|[from] item: Leftovers
|-heal|p2a: Wishiwashi|94/100 slp|[from] item: Leftovers
|upkeep
|turn|41
|
|t:|1659821080
|switch|p1a: Silvally|Silvally-Ghost|88/100
|-damage|p1a: Silvally|76/100|[from] Stealth Rock
|cant|p2a: Wishiwashi|slp
|move|p2a: Wishiwashi|Sleep Talk|p2a: Wishiwashi
|move|p2a: Wishiwashi|Scald|p1a: Silvally|[from]move: Sleep Talk
|-crit|p1a: Silvally
|-damage|p1a: Silvally|20/100
|-status|p1a: Silvally|brn
|
|-heal|p1a: Silvally|81/100 brn|[from] move: Wish|[wisher] Aromatisse
|-heal|p2a: Wishiwashi|100/100 slp|[from] item: Leftovers
|-damage|p1a: Silvally|75/100 brn|[from] brn
|upkeep
|turn|42
|
|t:|1659821086
|switch|p1a: Aromatisse|Aromatisse, M|74/100
|-damage|p1a: Aromatisse|62/100|[from] Stealth Rock
|-curestatus|p2a: Wishiwashi|slp|[msg]
|move|p2a: Wishiwashi|U-turn|p1a: Aromatisse
|-resisted|p1a: Aromatisse
|-damage|p1a: Aromatisse|50/100
|
|t:|1659821087
|switch|p2a: Miltank|Miltank, F|36/100|[from]move: U-turn
|
|-heal|p1a: Aromatisse|57/100|[from] item: Leftovers
|upkeep
|turn|43
|
|t:|1659821089
|move|p2a: Miltank|Milk Drink|p2a: Miltank
|-heal|p2a: Miltank|86/100
|move|p1a: Aromatisse|Wish|p1a: Aromatisse
|
|-heal|p1a: Aromatisse|63/100|[from] item: Leftovers
|upkeep
|turn|44
|
|t:|1659821092
|move|p2a: Miltank|Toxic|p1a: Aromatisse
|-status|p1a: Aromatisse|tox
|move|p1a: Aromatisse|Heal Bell|p1a: Aromatisse
|-activate|p1a: Aromatisse|move: Heal Bell
|-curestatus|p1a: Aromatisse|tox|[msg]
|-curestatus|p1: Silvally|brn|[msg]
|
|-heal|p1a: Aromatisse|100/100|[from] move: Wish|[wisher] Aromatisse
|upkeep
|turn|45
|
|t:|1659821094
|switch|p1a: Magneton|Magneton|95/100
|-damage|p1a: Magneton|89/100|[from] Stealth Rock
|move|p2a: Miltank|Seismic Toss|p1a: Magneton
|-damage|p1a: Magneton|52/100
|
|upkeep
|turn|46
|
|t:|1659821098
|move|p2a: Miltank|Seismic Toss|p1a: Magneton
|-damage|p1a: Magneton|15/100
|move|p1a: Magneton|Flash Cannon|p2a: Miltank
|-damage|p2a: Miltank|21/100
|
|upkeep
|turn|47
|
|t:|1659821102
|switch|p1a: Gigalith|Gigalith, M|99/100
|-damage|p1a: Gigalith|88/100|[from] Stealth Rock
|-weather|Sandstorm|[from] ability: Sand Stream|[of] p1a: Gigalith
|move|p2a: Miltank|Seismic Toss|p1a: Gigalith
|-damage|p1a: Gigalith|57/100
|
|-weather|Sandstorm|[upkeep]
|-damage|p2a: Miltank|15/100|[from] Sandstorm
|-heal|p1a: Gigalith|63/100|[from] item: Leftovers
|upkeep
|turn|48
|
|t:|1659821103
|move|p2a: Miltank|Milk Drink|p2a: Miltank
|-heal|p2a: Miltank|65/100
|move|p1a: Gigalith|Explosion|p2a: Miltank
|-damage|p2a: Miltank|0 fnt
|faint|p1a: Gigalith
|faint|p2a: Miltank
|
|-weather|Sandstorm|[upkeep]
|upkeep
|
|t:|1659821117
|switch|p2a: Gourgeist|Gourgeist-Small, M|89/100
|switch|p1a: Aromatisse|Aromatisse, M|100/100
|-damage|p2a: Gourgeist|76/100|[from] Stealth Rock
|-item|p1a: Aromatisse|Leftovers|[from] ability: Frisk|[of] p2a: Gourgeist|[identify]
|-damage|p1a: Aromatisse|88/100|[from] Stealth Rock
|turn|49
|
|t:|1659821122
|move|p1a: Aromatisse|Protect|p1a: Aromatisse
|-singleturn|p1a: Aromatisse|Protect
|move|p2a: Gourgeist|Poltergeist|p1a: Aromatisse
|-activate|p1a: Aromatisse|move: Protect
|
|-weather|Sandstorm|[upkeep]
|-damage|p2a: Gourgeist|70/100|[from] Sandstorm
|-damage|p1a: Aromatisse|82/100|[from] Sandstorm
|-heal|p1a: Aromatisse|88/100|[from] item: Leftovers
|upkeep
|turn|50
|
|t:|1659821125
|switch|p1a: Tangela|Tangela, F|100/100
|-damage|p1a: Tangela|88/100|[from] Stealth Rock
|move|p2a: Gourgeist|Poltergeist|p1a: Tangela
|-activate|p1a: Tangela|move: Poltergeist|Eviolite
|-damage|p1a: Tangela|69/100
|
|-weather|Sandstorm|[upkeep]
|-damage|p2a: Gourgeist|64/100|[from] Sandstorm
|-damage|p1a: Tangela|63/100|[from] Sandstorm
|upkeep
|turn|51
|
|t:|1659821131
|switch|p2a: Cryogonal|Cryogonal|73/100
|-damage|p2a: Cryogonal|48/100|[from] Stealth Rock
|move|p1a: Tangela|Sludge Bomb|p2a: Cryogonal
|-damage|p2a: Cryogonal|31/100
|
|-weather|none
|upkeep
|turn|52
|
|t:|1659821136
|switch|p1a: Silvally|Silvally-Ghost|75/100
|-damage|p1a: Silvally|63/100|[from] Stealth Rock
|move|p2a: Cryogonal|Frost Breath|p1a: Silvally
|-crit|p1a: Silvally
|-damage|p1a: Silvally|26/100
|
|upkeep
|turn|53
|
|t:|1659821138
|switch|p1a: Aromatisse|Aromatisse, M|88/100
|-damage|p1a: Aromatisse|76/100|[from] Stealth Rock
|move|p2a: Cryogonal|Frost Breath|p1a: Aromatisse
|-crit|p1a: Aromatisse
|-damage|p1a: Aromatisse|53/100
|
|-heal|p1a: Aromatisse|60/100|[from] item: Leftovers
|upkeep
|turn|54
|
|t:|1659821142
|move|p2a: Cryogonal|Rapid Spin|p1a: Aromatisse
|-damage|p1a: Aromatisse|53/100
|-boost|p2a: Cryogonal|spe|1
|-sideend|p2: gassy neigh|Stealth Rock|[from] move: Rapid Spin|[of] p2a: Cryogonal
|move|p1a: Aromatisse|Wish|p1a: Aromatisse
|
|-heal|p1a: Aromatisse|59/100|[from] item: Leftovers
|upkeep
|turn|55
|
|t:|1659821144
|move|p2a: Cryogonal|Recover|p2a: Cryogonal
|-heal|p2a: Cryogonal|81/100
|move|p1a: Aromatisse|Moonblast|p2a: Cryogonal
|-damage|p2a: Cryogonal|55/100
|
|-heal|p1a: Aromatisse|100/100|[from] move: Wish|[wisher] Aromatisse
|upkeep
|turn|56
|
|t:|1659821146
|move|p2a: Cryogonal|Toxic|p1a: Aromatisse
|-status|p1a: Aromatisse|tox
|move|p1a: Aromatisse|Wish|p1a: Aromatisse
|
|-damage|p1a: Aromatisse|94/100 tox|[from] psn
|upkeep
|turn|57
|
|t:|1659821151
|move|p2a: Cryogonal|Frost Breath|p1a: Aromatisse
|-crit|p1a: Aromatisse
|-damage|p1a: Aromatisse|74/100 tox
|move|p1a: Aromatisse|Heal Bell|p1a: Aromatisse
|-activate|p1a: Aromatisse|move: Heal Bell
|-curestatus|p1a: Aromatisse|tox|[msg]
|
|-heal|p1a: Aromatisse|100/100|[from] move: Wish|[wisher] Aromatisse
|upkeep
|turn|58
|
|t:|1659821153
|move|p1a: Aromatisse|Protect|p1a: Aromatisse
|-singleturn|p1a: Aromatisse|Protect
|move|p2a: Cryogonal|Toxic|p1a: Aromatisse
|-activate|p1a: Aromatisse|move: Protect
|
|upkeep
|turn|59
|
|t:|1659821154
|move|p2a: Cryogonal|Toxic|p1a: Aromatisse|[miss]
|-miss|p2a: Cryogonal|p1a: Aromatisse
|move|p1a: Aromatisse|Wish|p1a: Aromatisse
|
|upkeep
|turn|60
|
|t:|1659821156
|switch|p1a: Magneton|Magneton|15/100
|-damage|p1a: Magneton|9/100|[from] Stealth Rock
|move|p2a: Cryogonal|Frost Breath|p1a: Magneton
|-resisted|p1a: Magneton
|-crit|p1a: Magneton
|-damage|p1a: Magneton|0 fnt
|faint|p1a: Magneton
|
|upkeep
|
|t:|1659821162
|switch|p1a: Aromatisse|Aromatisse, M|100/100
|-damage|p1a: Aromatisse|88/100|[from] Stealth Rock
|turn|61
|
|t:|1659821165
|move|p2a: Cryogonal|Toxic|p1a: Aromatisse
|-status|p1a: Aromatisse|tox
|move|p1a: Aromatisse|Moonblast|p2a: Cryogonal
|-damage|p2a: Cryogonal|28/100
|
|-heal|p1a: Aromatisse|94/100 tox|[from] item: Leftovers
|-damage|p1a: Aromatisse|88/100 tox|[from] psn
|upkeep
|turn|62
|
|t:|1659821168
|move|p2a: Cryogonal|Recover|p2a: Cryogonal
|-heal|p2a: Cryogonal|78/100
|move|p1a: Aromatisse|Wish|p1a: Aromatisse
|
|-heal|p1a: Aromatisse|94/100 tox|[from] item: Leftovers
|-damage|p1a: Aromatisse|82/100 tox|[from] psn
|upkeep
|turn|63
|
|t:|1659821170
|move|p2a: Cryogonal|Frost Breath|p1a: Aromatisse
|-crit|p1a: Aromatisse
|-damage|p1a: Aromatisse|61/100 tox
|move|p1a: Aromatisse|Heal Bell|p1a: Aromatisse
|-activate|p1a: Aromatisse|move: Heal Bell
|-curestatus|p1a: Aromatisse|tox|[msg]
|
|-heal|p1a: Aromatisse|100/100|[from] move: Wish|[wisher] Aromatisse
|upkeep
|turn|64
|
|t:|1659821173
|move|p1a: Aromatisse|Protect|p1a: Aromatisse
|-singleturn|p1a: Aromatisse|Protect
|move|p2a: Cryogonal|Toxic|p1a: Aromatisse
|-activate|p1a: Aromatisse|move: Protect
|
|upkeep
|turn|65
|
|t:|1659821177
|move|p2a: Cryogonal|Toxic|p1a: Aromatisse
|-status|p1a: Aromatisse|tox
|move|p1a: Aromatisse|Wish|p1a: Aromatisse
|
|-damage|p1a: Aromatisse|94/100 tox|[from] psn
|upkeep
|turn|66
|
|t:|1659821181
|move|p2a: Cryogonal|Frost Breath|p1a: Aromatisse
|-crit|p1a: Aromatisse
|-damage|p1a: Aromatisse|74/100 tox
|move|p1a: Aromatisse|Heal Bell|p1a: Aromatisse
|-activate|p1a: Aromatisse|move: Heal Bell
|-curestatus|p1a: Aromatisse|tox|[msg]
|
|-heal|p1a: Aromatisse|100/100|[from] move: Wish|[wisher] Aromatisse
|upkeep
|turn|67
|
|t:|1659821185
|move|p1a: Aromatisse|Protect|p1a: Aromatisse
|-singleturn|p1a: Aromatisse|Protect
|move|p2a: Cryogonal|Rapid Spin|p1a: Aromatisse
|-activate|p1a: Aromatisse|move: Protect
|
|upkeep
|turn|68
|
|t:|1659821189
|move|p1a: Aromatisse|Protect||[still]
|-fail|p1a: Aromatisse
|move|p2a: Cryogonal|Toxic|p1a: Aromatisse|[miss]
|-miss|p2a: Cryogonal|p1a: Aromatisse
|
|upkeep
|turn|69
|
|t:|1659821191
|move|p1a: Aromatisse|Protect|p1a: Aromatisse
|-singleturn|p1a: Aromatisse|Protect
|move|p2a: Cryogonal|Rapid Spin|p1a: Aromatisse
|-activate|p1a: Aromatisse|move: Protect
|
|upkeep
|turn|70
|
|t:|1659821193
|move|p1a: Aromatisse|Protect|p1a: Aromatisse
|-singleturn|p1a: Aromatisse|Protect
|move|p2a: Cryogonal|Toxic|p1a: Aromatisse
|-activate|p1a: Aromatisse|move: Protect
|
|upkeep
|turn|71
|
|t:|1659821196
|move|p2a: Cryogonal|Toxic|p1a: Aromatisse
|-status|p1a: Aromatisse|tox
|move|p1a: Aromatisse|Wish|p1a: Aromatisse
|
|-damage|p1a: Aromatisse|94/100 tox|[from] psn
|upkeep
|turn|72
|
|t:|1659821201
|switch|p1a: Silvally|Silvally-Ghost|26/100
|-damage|p1a: Silvally|14/100|[from] Stealth Rock
|move|p2a: Cryogonal|Frost Breath|p1a: Silvally
|-crit|p1a: Silvally
|-damage|p1a: Silvally|0 fnt
|faint|p1a: Silvally
|
|upkeep
|-message|katxirina forfeited.
|
|win|gassy neigh
|raw|katxirina's rating: 1155 &rarr; <strong>1146</strong><br />(-9 for losing)
|raw|gassy neigh's rating: 1422 &rarr; <strong>1429</strong><br />(+7 for winning)
|n|!katxirina|katxirina
|l|!katxirina
||Ladder isn't responding, score probably updated but might not have (Request timeout).
