|j|☆bababi
|j|☆one of the bouys
|t:|1637517632
|gametype|singles
|player|p1|bababi|cress|1518
|player|p2|one of the bouys|clown|1627
|teamsize|p1|6
|teamsize|p2|6
|gen|8
|tier|[Gen 8] PU
|rated|
|rule|Sleep Clause Mod: Limit one foe put to sleep
|rule|Species Clause: Limit one of each Pokémon
|rule|OHKO Clause: OHKO moves are banned
|rule|Evasion Moves Clause: Evasion moves are banned
|rule|Endless Battle Clause: Forcing endless battles is banned
|rule|HP Percentage Mod: HP is shown in percentages
|rule|Dynamax Clause: You cannot dynamax
|clearpoke
|poke|p1|Perrserker, M|
|poke|p1|Gigalith, M|
|poke|p1|Alcremie, F|
|poke|p1|Altaria, F|
|poke|p1|Persian-Alola, F|
|poke|p1|Sandslash, M|
|poke|p2|Flapple, M|
|poke|p2|Frosmoth, M|
|poke|p2|Stunfisk-Galar, F|
|poke|p2|Archeops, M|
|poke|p2|Ribombee, F|
|poke|p2|Jellicent, M|
|teampreview
|
|t:|1637517672
|start
|switch|p1a: Persian|Persian-Alola, F|100/100
|switch|p2a: Ribombee|Ribombee, F|100/100
|turn|1
|
|t:|1637517676
|switch|p1a: Gigalith|Gigalith, M|100/100
|-weather|Sandstorm|[from] ability: Sand Stream|[of] p1a: Gigalith
|move|p2a: Ribombee|U-turn|p1a: Gigalith
|-damage|p1a: Gigalith|91/100
|
|t:|1637517679
|switch|p2a: Flapple|Flapple, M|100/100|[from]move: U-turn
|
|-weather|Sandstorm|[upkeep]
|-damage|p2a: Flapple|94/100|[from] Sandstorm
|-heal|p1a: Gigalith|97/100|[from] item: Leftovers
|upkeep
|turn|2
|
|t:|1637517685
|switch|p1a: Altaria|Altaria, F|100/100
|move|p2a: Flapple|Grav Apple|p1a: Altaria
|-resisted|p1a: Altaria
|-damage|p1a: Altaria|82/100
|-unboost|p1a: Altaria|def|1
|-damage|p2a: Flapple|84/100|[from] item: Life Orb
|
|-weather|Sandstorm|[upkeep]
|-damage|p2a: Flapple|78/100|[from] Sandstorm
|-damage|p1a: Altaria|76/100|[from] Sandstorm
|upkeep
|turn|3
|
|t:|1637517689
|switch|p1a: Alcremie|Alcremie, F|100/100
|move|p2a: Flapple|Grav Apple|p1a: Alcremie
|-crit|p1a: Alcremie
|-damage|p1a: Alcremie|0 fnt
|faint|p1a: Alcremie
|-damage|p2a: Flapple|68/100|[from] item: Life Orb
|
|-weather|Sandstorm|[upkeep]
|-damage|p2a: Flapple|62/100|[from] Sandstorm
|upkeep
|
|t:|1637517693
|switch|p1a: Persian|Persian-Alola, F|100/100
|turn|4
|
|t:|1637517697
|switch|p2a: Ribombee|Ribombee, F|100/100
|move|p1a: Persian|Knock Off|p2a: Ribombee
|-resisted|p2a: Ribombee
|-crit|p2a: Ribombee
|-damage|p2a: Ribombee|65/100
|-enditem|p2a: Ribombee|Heavy-Duty Boots|[from] move: Knock Off|[of] p1a: Persian
|
|-weather|Sandstorm|[upkeep]
|-damage|p2a: Ribombee|59/100|[from] Sandstorm
|-damage|p1a: Persian|95/100|[from] Sandstorm
|upkeep
|turn|5
|
|t:|1637517701
|switch|p1a: Perrserker|Perrserker, M|100/100
|move|p2a: Ribombee|Moonblast|p1a: Perrserker
|-resisted|p1a: Perrserker
|-damage|p1a: Perrserker|65/100
|-unboost|p1a: Perrserker|spa|1
|
|-weather|none
|-heal|p1a: Perrserker|71/100|[from] item: Leftovers
|upkeep
|turn|6
|
|t:|1637517704
|move|p2a: Ribombee|U-turn|p1a: Perrserker
|-resisted|p1a: Perrserker
|-damage|p1a: Perrserker|63/100
|
|t:|1637517707
|switch|p2a: Jellicent|Jellicent, M|100/100|[from]move: U-turn
|move|p1a: Perrserker|Iron Head|p2a: Jellicent
|-resisted|p2a: Jellicent
|-damage|p2a: Jellicent|80/100
|-start|p1a: Perrserker|Disable|Iron Head|[from] ability: Cursed Body|[of] p2a: Jellicent
|
|-heal|p1a: Perrserker|69/100|[from] item: Leftovers
|upkeep
|turn|7
|
|t:|1637517713
|switch|p1a: Altaria|Altaria, F|76/100
|switch|p2a: Flapple|Flapple, M|62/100
|
|upkeep
|turn|8
|
|t:|1637517721
|move|p2a: Flapple|Draco Meteor|p1a: Altaria
|-supereffective|p1a: Altaria
|-damage|p1a: Altaria|0 fnt
|-unboost|p2a: Flapple|spa|2
|faint|p1a: Altaria
|-damage|p2a: Flapple|52/100|[from] item: Life Orb
|
|upkeep
|
|t:|1637517732
|switch|p1a: Perrserker|Perrserker, M|69/100
|turn|9
|
|t:|1637517735
|move|p2a: Flapple|Outrage|p1a: Perrserker
|-resisted|p1a: Perrserker
|-damage|p1a: Perrserker|0 fnt
|faint|p1a: Perrserker
|-damage|p2a: Flapple|42/100|[from] item: Life Orb
|
|upkeep
|
|t:|1637517740
|switch|p1a: Persian|Persian-Alola, F|95/100
|turn|10
|
|t:|1637517742
|move|p1a: Persian|Foul Play|p2a: Flapple
|-damage|p2a: Flapple|0 fnt
|faint|p2a: Flapple
|
|upkeep
|
|t:|1637517747
|switch|p2a: Ribombee|Ribombee, F|59/100
|turn|11
|
|t:|1637517753
|move|p2a: Ribombee|Moonblast|p1a: Persian
|-supereffective|p1a: Persian
|-damage|p1a: Persian|0 fnt
|faint|p1a: Persian
|
|upkeep
|
|t:|1637517762
|switch|p1a: Gigalith|Gigalith, M|97/100
|-weather|Sandstorm|[from] ability: Sand Stream|[of] p1a: Gigalith
|turn|12
|
|t:|1637517769
|move|p2a: Ribombee|U-turn|p1a: Gigalith
|-damage|p1a: Gigalith|87/100
|
|t:|1637517771
|switch|p2a: Jellicent|Jellicent, M|80/100|[from]move: U-turn
|move|p1a: Gigalith|Rock Blast|p2a: Jellicent
|-damage|p2a: Jellicent|71/100
|-damage|p2a: Jellicent|62/100
|-damage|p2a: Jellicent|53/100
|-damage|p2a: Jellicent|44/100
|-hitcount|p2a: Jellicent|4
|
|-weather|Sandstorm|[upkeep]
|-damage|p2a: Jellicent|38/100|[from] Sandstorm
|-heal|p1a: Gigalith|93/100|[from] item: Leftovers
|upkeep
|turn|13
|
|t:|1637517774
|move|p1a: Gigalith|Protect|p1a: Gigalith
|-singleturn|p1a: Gigalith|Protect
|move|p2a: Jellicent|Will-O-Wisp|p1a: Gigalith
|-activate|p1a: Gigalith|move: Protect
|
|-weather|Sandstorm|[upkeep]
|-damage|p2a: Jellicent|31/100|[from] Sandstorm
|-heal|p1a: Gigalith|99/100|[from] item: Leftovers
|upkeep
|turn|14
|
|t:|1637517783
|move|p2a: Jellicent|Will-O-Wisp|p1a: Gigalith
|-status|p1a: Gigalith|brn
|move|p1a: Gigalith|Rock Blast|p2a: Jellicent
|-damage|p2a: Jellicent|27/100
|-damage|p2a: Jellicent|22/100
|-hitcount|p2a: Jellicent|2
|
|-weather|Sandstorm|[upkeep]
|-damage|p2a: Jellicent|16/100|[from] Sandstorm
|-heal|p1a: Gigalith|100/100 brn|[from] item: Leftovers
|-damage|p1a: Gigalith|94/100 brn|[from] brn
|upkeep
|turn|15
|
|t:|1637517786
|move|p1a: Gigalith|Protect|p1a: Gigalith
|-singleturn|p1a: Gigalith|Protect
|move|p2a: Jellicent|Recover|p2a: Jellicent
|-heal|p2a: Jellicent|66/100
|
|-weather|Sandstorm|[upkeep]
|-damage|p2a: Jellicent|60/100|[from] Sandstorm
|-heal|p1a: Gigalith|100/100 brn|[from] item: Leftovers
|-damage|p1a: Gigalith|94/100 brn|[from] brn
|upkeep
|turn|16
|
|t:|1637517805
|move|p2a: Jellicent|Taunt|p1a: Gigalith
|-start|p1a: Gigalith|move: Taunt
|cant|p1a: Gigalith|move: Taunt|Stealth Rock
|
|-weather|none
|-heal|p1a: Gigalith|100/100 brn|[from] item: Leftovers
|-damage|p1a: Gigalith|94/100 brn|[from] brn
|upkeep
|turn|17
|
|t:|1637517809
|move|p2a: Jellicent|Recover|p2a: Jellicent
|-heal|p2a: Jellicent|100/100
|move|p1a: Gigalith|Rock Blast|p2a: Jellicent
|-damage|p2a: Jellicent|96/100
|-start|p1a: Gigalith|Disable|Rock Blast|[from] ability: Cursed Body|[of] p2a: Jellicent
|-damage|p2a: Jellicent|91/100
|-damage|p2a: Jellicent|86/100
|-damage|p2a: Jellicent|82/100
|-hitcount|p2a: Jellicent|4
|
|-heal|p1a: Gigalith|100/100 brn|[from] item: Leftovers
|-damage|p1a: Gigalith|94/100 brn|[from] brn
|upkeep
|turn|18
|
|t:|1637517813
|switch|p1a: Sandslash|Sandslash, M|100/100
|move|p2a: Jellicent|Shadow Ball|p1a: Sandslash
|-damage|p1a: Sandslash|58/100
|
|-heal|p1a: Sandslash|64/100|[from] item: Leftovers
|upkeep
|turn|19
|
|t:|1637517820
|move|p1a: Sandslash|Knock Off|p2a: Jellicent
|-supereffective|p2a: Jellicent
|-damage|p2a: Jellicent|46/100
|move|p2a: Jellicent|Will-O-Wisp|p1a: Sandslash|[miss]
|-miss|p2a: Jellicent|p1a: Sandslash
|
|-heal|p1a: Sandslash|71/100|[from] item: Leftovers
|upkeep
|turn|20
|
|t:|1637517824
|move|p1a: Sandslash|Earthquake|p2a: Jellicent
|-damage|p2a: Jellicent|7/100
|move|p2a: Jellicent|Recover|p2a: Jellicent
|-heal|p2a: Jellicent|57/100
|
|-heal|p1a: Sandslash|77/100|[from] item: Leftovers
|upkeep
|turn|21
|-message|bababi forfeited.
|
|win|one of the bouys
|raw|bababi's rating: 1518 &rarr; <strong>1504</strong><br />(-14 for losing)
|raw|one of the bouys's rating: 1627 &rarr; <strong>1641</strong><br />(+14 for winning)
|l|☆bababi
