|j|☆allstarapology
|j|☆scarf lanturn
|player|p1|allstarapology|parasollady|
|player|p2|scarf lanturn|picnicker|
|teamsize|p1|6
|teamsize|p2|6
|gametype|singles
|gen|8
|tier|[Gen 8] PU
|clearpoke
|poke|p1|Mr. Rime, F|
|poke|p1|Throh, M|
|poke|p1|Mawile, M|
|poke|p1|Gloom, M|
|poke|p1|Silvally-*|
|poke|p1|Manectric, M|
|poke|p2|Rapidash-Galar, F|
|poke|p2|Stunfisk, F|
|poke|p2|Mawile, M|
|poke|p2|Ludicolo, M|
|poke|p2|Silvally-*|
|poke|p2|Manectric, F|
|rule|Sleep Clause Mod: Limit one foe put to sleep
|rule|Species Clause: Limit one of each Pokémon
|rule|OHKO Clause: OHKO moves are banned
|rule|Evasion Moves Clause: Evasion moves are banned
|rule|Endless Battle Clause: Forcing endless battles is banned
|rule|HP Percentage Mod: HP is shown in percentages
|rule|Dynamax Clause: You cannot dynamax
|teampreview
|c|☆scarf lanturn|hf
|c|☆allstarapology|u2
|
|start
|switch|p1a: Mr. Rime|Mr. Rime, F|100/100
|switch|p2a: Silvally|Silvally-Bug|100/100
|turn|1
|
|switch|p1a: Silvally|Silvally-Rock|100/100
|move|p2a: Silvally|U-turn|p1a: Silvally
|-damage|p1a: Silvally|72/100
|j| beforeitgetsbanded
|
|switch|p2a: Stunfisk|Stunfisk, F|100/100|[from]move: U-turn
|
|upkeep
|turn|2
|
|switch|p1a: Mr. Rime|Mr. Rime, F|100/100
|move|p2a: Stunfisk|Stealth Rock|p1a: Mr. Rime
|-sidestart|p1: allstarapology|move: Stealth Rock
|
|upkeep
|turn|3
|
|switch|p2a: Silvally|Silvally-Bug|100/100
|move|p1a: Mr. Rime|Ice Beam|p2a: Silvally
|-damage|p2a: Silvally|32/100
|
|upkeep
|turn|4
|
|switch|p1a: Mawile|Mawile, M|100/100
|-damage|p1a: Mawile|94/100|[from] Stealth Rock
|move|p2a: Silvally|U-turn|p1a: Mawile
|-resisted|p1a: Mawile
|-damage|p1a: Mawile|82/100
|
|switch|p2a: Stunfisk|Stunfisk, F|100/100|[from]move: U-turn
|
|upkeep
|turn|5
|
|switch|p1a: Throh|Throh, M|100/100
|-damage|p1a: Throh|94/100|[from] Stealth Rock
|move|p2a: Stunfisk|Earth Power|p1a: Throh
|-damage|p1a: Throh|77/100
|
|-heal|p1a: Throh|83/100|[from] item: Leftovers
|upkeep
|turn|6
|
|switch|p2a: Silvally|Silvally-Bug|32/100
|move|p1a: Throh|Toxic|p2a: Silvally
|-status|p2a: Silvally|tox
|
|-heal|p1a: Throh|89/100|[from] item: Leftovers
|-damage|p2a: Silvally|26/100 tox|[from] psn
|upkeep
|turn|7
|
|move|p2a: Silvally|U-turn|p1a: Throh
|-resisted|p1a: Throh
|-damage|p1a: Throh|77/100
|
|switch|p2a: Rapidash|Rapidash-Galar, F|100/100|[from]move: U-turn
|move|p1a: Throh|Circle Throw|p2a: Rapidash
|-resisted|p2a: Rapidash
|-damage|p2a: Rapidash|92/100
|drag|p2a: Silvally|Silvally-Bug|26/100 tox
|
|-heal|p1a: Throh|83/100|[from] item: Leftovers
|-damage|p2a: Silvally|20/100 tox|[from] psn
|upkeep
|turn|8
|
|move|p2a: Silvally|Flamethrower|p1a: Throh
|-damage|p1a: Throh|71/100
|-status|p1a: Throh|brn
|move|p1a: Throh|Circle Throw|p2a: Silvally
|-resisted|p2a: Silvally
|-damage|p2a: Silvally|3/100 tox
|drag|p2a: Stunfisk|Stunfisk, F|100/100
|
|-heal|p1a: Throh|77/100 brn|[from] item: Leftovers
|-damage|p1a: Throh|71/100 brn|[from] brn
|upkeep
|turn|9
|
|move|p1a: Throh|Toxic|p2a: Stunfisk|[miss]
|-miss|p1a: Throh|p2a: Stunfisk
|move|p2a: Stunfisk|Earth Power|p1a: Throh
|-damage|p1a: Throh|56/100 brn
|
|-heal|p1a: Throh|62/100 brn|[from] item: Leftovers
|-damage|p1a: Throh|56/100 brn|[from] brn
|upkeep
|turn|10
|c|☆scarf lanturn|mb
|c|☆allstarapology|np
|
|switch|p2a: Rapidash|Rapidash-Galar, F|92/100
|move|p1a: Throh|Rest|p1a: Throh
|-status|p1a: Throh|slp|[from] move: Rest
|-heal|p1a: Throh|100/100 slp|[silent]
|
|upkeep
|turn|11
|
|switch|p1a: Mawile|Mawile, M|82/100
|-damage|p1a: Mawile|76/100|[from] Stealth Rock
|move|p2a: Rapidash|Swords Dance|p2a: Rapidash
|-boost|p2a: Rapidash|atk|2
|
|upkeep
|turn|12
|c|☆allstarapology|her
|
|move|p2a: Rapidash|High Horsepower|p1a: Mawile
|-supereffective|p1a: Mawile
|-damage|p1a: Mawile|0 fnt
|faint|p1a: Mawile
|
|upkeep
|
|switch|p1a: Manectric|Manectric, M|100/100
|-damage|p1a: Manectric|88/100|[from] Stealth Rock
|turn|13
|c|☆scarf lanturn|in
|
|switch|p1a: Mr. Rime|Mr. Rime, F|100/100
|-damage|p1a: Mr. Rime|76/100|[from] Stealth Rock
|switch|p2a: Stunfisk|Stunfisk, F|100/100
|
|upkeep
|turn|14
|
|switch|p2a: Silvally|Silvally-Bug|3/100 tox
|move|p1a: Mr. Rime|Ice Beam|p2a: Silvally
|-damage|p2a: Silvally|0 fnt
|faint|p2a: Silvally
|
|upkeep
|
|switch|p2a: Mawile|Mawile, M|100/100
|-item|p2a: Mawile|Air Balloon
|turn|15
|
|switch|p1a: Gloom|Gloom, M|100/100
|-damage|p1a: Gloom|88/100|[from] Stealth Rock
|move|p2a: Mawile|Swords Dance|p2a: Mawile
|-boost|p2a: Mawile|atk|2
|
|upkeep
|turn|16
|
|move|p2a: Mawile|Iron Head|p1a: Gloom
|-damage|p1a: Gloom|27/100
|move|p1a: Gloom|Strength Sap|p2a: Mawile
|-unboost|p2a: Mawile|atk|1
|-heal|p1a: Gloom|100/100
|
|upkeep
|turn|17
|
|move|p2a: Mawile|Swords Dance|p2a: Mawile
|-boost|p2a: Mawile|atk|2
|move|p1a: Gloom|Moonblast|p2a: Mawile
|-resisted|p2a: Mawile
|-damage|p2a: Mawile|80/100
|-enditem|p2a: Mawile|Air Balloon
|
|upkeep
|turn|18
|
|move|p2a: Mawile|Swords Dance|p2a: Mawile
|-boost|p2a: Mawile|atk|2
|move|p1a: Gloom|Strength Sap|p2a: Mawile
|-unboost|p2a: Mawile|atk|1
|
|upkeep
|turn|19
|
|move|p2a: Mawile|Swords Dance|p2a: Mawile
|-boost|p2a: Mawile|atk|2
|move|p1a: Gloom|Moonblast|p2a: Mawile
|-resisted|p2a: Mawile
|-damage|p2a: Mawile|61/100
|-unboost|p2a: Mawile|spa|1
|
|upkeep
|turn|20
|
|move|p2a: Mawile|Iron Head|p1a: Gloom
|-damage|p1a: Gloom|0 fnt
|faint|p1a: Gloom
|
|upkeep
|
|switch|p1a: Silvally|Silvally-Rock|72/100
|-damage|p1a: Silvally|60/100|[from] Stealth Rock
|turn|21
|
|move|p2a: Mawile|Sucker Punch|p1a: Silvally
|-damage|p1a: Silvally|0 fnt
|faint|p1a: Silvally
|
|upkeep
|
|switch|p1a: Manectric|Manectric, M|88/100
|-damage|p1a: Manectric|76/100|[from] Stealth Rock
|turn|22
|
|switch|p1a: Mr. Rime|Mr. Rime, F|76/100
|-damage|p1a: Mr. Rime|51/100|[from] Stealth Rock
|move|p2a: Mawile|Play Rough|p1a: Mr. Rime
|-damage|p1a: Mr. Rime|0 fnt
|faint|p1a: Mr. Rime
|
|upkeep
|
|switch|p1a: Manectric|Manectric, M|76/100
|-damage|p1a: Manectric|63/100|[from] Stealth Rock
|turn|23
|
|move|p2a: Mawile|Sucker Punch|p1a: Manectric
|-damage|p1a: Manectric|0 fnt
|faint|p1a: Manectric
|
|upkeep
|
|switch|p1a: Throh|Throh, M|100/100 slp
|-damage|p1a: Throh|94/100 slp|[from] Stealth Rock
|turn|24
|c|☆allstarapology|L
|c|☆allstarapology|gg
|
|move|p2a: Mawile|Play Rough|p1a: Throh
|-supereffective|p1a: Throh
|-damage|p1a: Throh|0 fnt
|faint|p1a: Throh
|
|win|scarf lanturn
|c|☆scarf lanturn|gg
|l|☆allstarapology
