|j|☆bababi
|j|☆Trakinas_HD
|t:|1654780561
|gametype|singles
|player|p1|bababi|cress|1478
|player|p2|Trakinas_HD|1|1396
|teamsize|p1|6
|teamsize|p2|6
|gen|8
|tier|[Gen 8] PU
|rated|
|rule|Sleep Clause Mod: Limit one foe put to sleep
|rule|Species Clause: Limit one of each Pokémon
|rule|OHKO Clause: OHKO moves are banned
|rule|Evasion Moves Clause: Evasion moves are banned
|rule|Endless Battle Clause: Forcing endless battles is banned
|rule|HP Percentage Mod: HP is shown in percentages
|rule|Dynamax Clause: You cannot dynamax
|clearpoke
|poke|p1|Sandaconda, F|
|poke|p1|Trevenant, M|
|poke|p1|Wishiwashi, F|
|poke|p1|Aggron, F|
|poke|p1|Eldegoss, M|
|poke|p1|Sneasel, M|
|poke|p2|Dusknoir, M|
|poke|p2|Weezing, M|
|poke|p2|Rhydon, M|
|poke|p2|Palpitoad, F|
|poke|p2|Comfey, F|
|poke|p2|Trevenant, M|
|teampreview
|
|t:|1654780572
|start
|switch|p1a: Trevenant|Trevenant, M|100/100
|switch|p2a: Trevenant|Trevenant, M|100/100
|turn|1
|
|t:|1654780581
|switch|p1a: Aggron|Aggron, F|100/100
|move|p2a: Trevenant|Sucker Punch||[still]
|-fail|p2a: Trevenant
|
|upkeep
|turn|2
|
|t:|1654780586
|switch|p2a: Rhydon|Rhydon, M|100/100
|move|p1a: Aggron|Stealth Rock|p2a: Rhydon
|-sidestart|p2: Trakinas_HD|move: Stealth Rock
|
|upkeep
|turn|3
|
|t:|1654780594
|switch|p1a: Trevenant|Trevenant, M|100/100
|move|p2a: Rhydon|Stealth Rock|p1a: Trevenant
|-sidestart|p1: bababi|move: Stealth Rock
|
|upkeep
|turn|4
|
|t:|1654780599
|switch|p2a: Weezing|Weezing, M|100/100
|-damage|p2a: Weezing|88/100|[from] Stealth Rock
|move|p1a: Trevenant|Substitute|p1a: Trevenant
|-start|p1a: Trevenant|Substitute
|-damage|p1a: Trevenant|76/100
|
|upkeep
|turn|5
|
|t:|1654780604
|move|p1a: Trevenant|Poltergeist|p2a: Weezing
|-activate|p2a: Weezing|move: Poltergeist|Rocky Helmet
|-damage|p2a: Weezing|50/100
|move|p2a: Weezing|Sludge Bomb|p1a: Trevenant
|-end|p1a: Trevenant|Substitute
|
|upkeep
|turn|6
|
|t:|1654780608
|move|p1a: Trevenant|Poltergeist|p2a: Weezing
|-activate|p2a: Weezing|move: Poltergeist|Rocky Helmet
|-damage|p2a: Weezing|10/100
|move|p2a: Weezing|Will-O-Wisp|p1a: Trevenant
|-status|p1a: Trevenant|brn
|
|-damage|p1a: Trevenant|70/100 brn|[from] brn
|upkeep
|turn|7
|
|t:|1654780619
|move|p1a: Trevenant|Wood Hammer|p2a: Weezing
|-resisted|p2a: Weezing
|-damage|p2a: Weezing|0 fnt
|-damage|p1a: Trevenant|53/100 brn|[from] item: Rocky Helmet|[of] p2a: Weezing
|faint|p2a: Weezing
|-damage|p1a: Trevenant|50/100 brn|[from] Recoil
|-enditem|p1a: Trevenant|Sitrus Berry|[eat]
|-heal|p1a: Trevenant|75/100 brn|[from] item: Sitrus Berry
|
|-damage|p1a: Trevenant|69/100 brn|[from] brn
|upkeep
|
|t:|1654780625
|switch|p2a: Trevenant|Trevenant, M|100/100
|-damage|p2a: Trevenant|88/100|[from] Stealth Rock
|turn|8
|
|t:|1654780629
|move|p2a: Trevenant|Poltergeist||[still]
|-fail|p2a: Trevenant
|move|p1a: Trevenant|Poltergeist|p2a: Trevenant
|-activate|p2a: Trevenant|move: Poltergeist|Choice Band
|-supereffective|p2a: Trevenant
|-crit|p2a: Trevenant
|-damage|p2a: Trevenant|0 fnt
|faint|p2a: Trevenant
|
|-damage|p1a: Trevenant|63/100 brn|[from] brn
|-item|p1a: Trevenant|Sitrus Berry|[from] ability: Harvest
|upkeep
|-message|Trakinas_HD forfeited.
|
|win|bababi
|raw|bababi's rating: 1478 &rarr; <strong>1493</strong><br />(+15 for winning)
|raw|Trakinas_HD's rating: 1396 &rarr; <strong>1381</strong><br />(-15 for losing)
|l|☆Trakinas_HD
|c|☆bababi|lol
