|raw|<div class="broadcast-blue"><strong>This battle is required to be public due to a player having a name starting with 'pult4c1'.</div>
|j|☆Barzabb
|j|☆PULT4C1 Lambo
|t:|1660748749
|gametype|singles
|player|p1|Barzabb|169|1362
|player|p2|PULT4C1 Lambo|pokemonranger-gen6|1500
|teamsize|p1|6
|teamsize|p2|6
|gen|8
|tier|[Gen 8] PU
|rated|
|rule|Sleep Clause Mod: Limit one foe put to sleep
|rule|Species Clause: Limit one of each Pokémon
|rule|OHKO Clause: OHKO moves are banned
|rule|Evasion Items Clause: Evasion items are banned
|rule|Evasion Moves Clause: Evasion moves are banned
|rule|Endless Battle Clause: Forcing endless battles is banned
|rule|HP Percentage Mod: HP is shown in percentages
|rule|Dynamax Clause: You cannot dynamax
|clearpoke
|poke|p1|Basculin-Blue-Striped, M|
|poke|p1|Glaceon, F|
|poke|p1|Musharna, M|
|poke|p1|Stunfisk, M|
|poke|p1|Unfezant, F|
|poke|p1|Ludicolo, F|
|poke|p2|Gigalith, M|
|poke|p2|Sandslash, M|
|poke|p2|Doublade, F|
|poke|p2|Charizard, F|
|poke|p2|Vanilluxe, F|
|poke|p2|Eldegoss, F|
|teampreview
|inactive|Battle timer is ON: inactive players will automatically lose when time's up. (requested by Barzabb)
|
|t:|1660748765
|start
|switch|p1a: Ludicolo|Ludicolo, F|100/100
|switch|p2a: Gigalith|Gigalith, M|100/100
|-weather|Sandstorm|[from] ability: Sand Stream|[of] p2a: Gigalith
|turn|1
|
|t:|1660748770
|switch|p2a: Eldegoss|Eldegoss, F|100/100
|move|p1a: Ludicolo|Swords Dance|p1a: Ludicolo
|-boost|p1a: Ludicolo|atk|2
|
|-weather|Sandstorm|[upkeep]
|-damage|p1a: Ludicolo|95/100|[from] Sandstorm
|-damage|p2a: Eldegoss|94/100|[from] Sandstorm
|upkeep
|turn|2
|
|t:|1660748772
|move|p1a: Ludicolo|Fire Punch|p2a: Eldegoss
|-supereffective|p2a: Eldegoss
|-damage|p2a: Eldegoss|0 fnt
|faint|p2a: Eldegoss
|-damage|p1a: Ludicolo|85/100|[from] item: Life Orb
|
|-weather|Sandstorm|[upkeep]
|-damage|p1a: Ludicolo|79/100|[from] Sandstorm
|upkeep
|
|t:|1660748779
|switch|p2a: Charizard|Charizard, F|100/100
|turn|3
|j| UPPER YARD GANG
|
|t:|1660748789
|switch|p1a: Stunfisk|Stunfisk, M, shiny|100/100
|move|p2a: Charizard|Flamethrower|p1a: Stunfisk
|-damage|p1a: Stunfisk|65/100
|
|-weather|Sandstorm|[upkeep]
|-damage|p2a: Charizard|94/100|[from] Sandstorm
|upkeep
|turn|4
|
|t:|1660748796
|switch|p2a: Sandslash|Sandslash, M|100/100
|move|p1a: Stunfisk|Toxic|p2a: Sandslash
|-status|p2a: Sandslash|tox
|
|-weather|Sandstorm|[upkeep]
|-damage|p2a: Sandslash|94/100 tox|[from] psn
|upkeep
|turn|5
|
|t:|1660748801
|switch|p1a: Unfezant|Unfezant, F, shiny|100/100
|move|p2a: Sandslash|Spikes|p1a: Unfezant
|-sidestart|p1: Barzabb|Spikes
|
|-weather|none
|-heal|p2a: Sandslash|100/100 tox|[from] item: Leftovers
|-damage|p2a: Sandslash|88/100 tox|[from] psn
|upkeep
|turn|6
|
|t:|1660748803
|switch|p2a: Gigalith|Gigalith, M|100/100
|-weather|Sandstorm|[from] ability: Sand Stream|[of] p2a: Gigalith
|move|p1a: Unfezant|Defog|p2a: Gigalith
|-unboost|p2a: Gigalith|evasion|1
|-sideend|p1: Barzabb|Spikes|[from] move: Defog|[of] p1a: Unfezant
|
|-weather|Sandstorm|[upkeep]
|-damage|p1a: Unfezant|95/100|[from] Sandstorm
|upkeep
|turn|7
|
|t:|1660748806
|move|p1a: Unfezant|U-turn|p2a: Gigalith
|-crit|p2a: Gigalith
|-damage|p2a: Gigalith|74/100
|
|t:|1660748808
|switch|p1a: Ludicolo|Ludicolo, F|79/100|[from]move: U-turn
|move|p2a: Gigalith|Stealth Rock|p1a: Ludicolo
|-sidestart|p1: Barzabb|move: Stealth Rock
|
|-weather|Sandstorm|[upkeep]
|-damage|p1a: Ludicolo|73/100|[from] Sandstorm
|-heal|p2a: Gigalith|80/100|[from] item: Leftovers
|upkeep
|turn|8
|
|t:|1660748813
|move|p1a: Ludicolo|Waterfall|p2a: Gigalith
|-supereffective|p2a: Gigalith
|-damage|p2a: Gigalith|25/100
|-damage|p1a: Ludicolo|63/100|[from] item: Life Orb
|move|p2a: Gigalith|Rock Blast|p1a: Ludicolo
|-damage|p1a: Ludicolo|47/100
|-damage|p1a: Ludicolo|29/100
|-damage|p1a: Ludicolo|12/100
|-hitcount|p1a: Ludicolo|3
|
|-weather|Sandstorm|[upkeep]
|-damage|p1a: Ludicolo|6/100|[from] Sandstorm
|-heal|p2a: Gigalith|32/100|[from] item: Leftovers
|upkeep
|turn|9
|
|t:|1660748818
|move|p2a: Gigalith|Protect|p2a: Gigalith
|-singleturn|p2a: Gigalith|Protect
|move|p1a: Ludicolo|Drain Punch|p2a: Gigalith
|-activate|p2a: Gigalith|move: Protect
|
|-weather|Sandstorm|[upkeep]
|-damage|p1a: Ludicolo|0 fnt|[from] Sandstorm
|faint|p1a: Ludicolo
|-heal|p2a: Gigalith|38/100|[from] item: Leftovers
|upkeep
|
|t:|1660748822
|switch|p1a: Basculin|Basculin-Blue-Striped, M|100/100
|-damage|p1a: Basculin|88/100|[from] Stealth Rock
|turn|10
|inactive|PULT4C1 Lambo has 120 seconds left.
|
|t:|1660748866
|move|p1a: Basculin|Liquidation|p2a: Gigalith
|-supereffective|p2a: Gigalith
|-damage|p2a: Gigalith|0 fnt
|faint|p2a: Gigalith
|
|-weather|none
|upkeep
|
|t:|1660748870
|switch|p2a: Charizard|Charizard, F|94/100
|turn|11
|
|t:|1660748883
|switch|p1a: Stunfisk|Stunfisk, M, shiny|65/100
|-damage|p1a: Stunfisk|59/100|[from] Stealth Rock
|move|p2a: Charizard|Hurricane|p1a: Stunfisk|[miss]
|-miss|p2a: Charizard|p1a: Stunfisk
|
|upkeep
|turn|12
|
|t:|1660748887
|switch|p2a: Sandslash|Sandslash, M|88/100 tox
|move|p1a: Stunfisk|Stealth Rock|p2a: Sandslash
|-sidestart|p2: PULT4C1 Lambo|move: Stealth Rock
|
|-heal|p2a: Sandslash|94/100 tox|[from] item: Leftovers
|-damage|p2a: Sandslash|88/100 tox|[from] psn
|upkeep
|turn|13
|
|t:|1660748890
|switch|p1a: Unfezant|Unfezant, F, shiny|95/100
|move|p2a: Sandslash|Spikes|p1a: Unfezant
|-sidestart|p1: Barzabb|Spikes
|
|-heal|p2a: Sandslash|94/100 tox|[from] item: Leftovers
|-damage|p2a: Sandslash|82/100 tox|[from] psn
|upkeep
|turn|14
|
|t:|1660748893
|move|p1a: Unfezant|Defog|p2a: Sandslash
|-unboost|p2a: Sandslash|evasion|1
|-sideend|p2: PULT4C1 Lambo|Stealth Rock|[from] move: Defog|[of] p1a: Unfezant
|-sideend|p1: Barzabb|Spikes|[from] move: Defog|[of] p1a: Unfezant
|-sideend|p1: Barzabb|Stealth Rock|[from] move: Defog|[of] p1a: Unfezant
|move|p2a: Sandslash|Rapid Spin|p1a: Unfezant
|-damage|p1a: Unfezant|76/100
|-boost|p2a: Sandslash|spe|1
|
|-heal|p2a: Sandslash|88/100 tox|[from] item: Leftovers
|-damage|p2a: Sandslash|70/100 tox|[from] psn
|upkeep
|turn|15
|
|t:|1660748900
|move|p2a: Sandslash|Knock Off|p1a: Unfezant
|-damage|p1a: Unfezant|38/100
|-enditem|p1a: Unfezant|Heavy-Duty Boots|[from] move: Knock Off|[of] p2a: Sandslash
|move|p1a: Unfezant|Defog|p2a: Sandslash
|-unboost|p2a: Sandslash|evasion|1
|
|-heal|p2a: Sandslash|76/100 tox|[from] item: Leftovers
|-damage|p2a: Sandslash|51/100 tox|[from] psn
|upkeep
|turn|16
|j| PULT4C1 spacial
|
|t:|1660748911
|switch|p2a: Vanilluxe|Vanilluxe, F|100/100
|-weather|Hail|[from] ability: Snow Warning|[of] p2a: Vanilluxe
|move|p1a: Unfezant|Defog|p2a: Vanilluxe
|-unboost|p2a: Vanilluxe|evasion|1
|
|-weather|Hail|[upkeep]
|-damage|p1a: Unfezant|32/100|[from] Hail
|upkeep
|turn|17
|
|t:|1660748919
|move|p1a: Unfezant|Quick Attack|p2a: Vanilluxe
|-damage|p2a: Vanilluxe|74/100
|move|p2a: Vanilluxe|Blizzard|p1a: Unfezant
|-supereffective|p1a: Unfezant
|-damage|p1a: Unfezant|0 fnt
|faint|p1a: Unfezant
|
|-weather|Hail|[upkeep]
|upkeep
|
|t:|1660748924
|switch|p1a: Basculin|Basculin-Blue-Striped, M|88/100
|turn|18
|
|t:|1660748927
|move|p1a: Basculin|Liquidation|p2a: Vanilluxe
|-damage|p2a: Vanilluxe|0 fnt
|faint|p2a: Vanilluxe
|
|-weather|Hail|[upkeep]
|-damage|p1a: Basculin|82/100|[from] Hail
|upkeep
|
|t:|1660748935
|switch|p2a: Charizard|Charizard, F|94/100
|turn|19
|
|t:|1660748944
|switch|p1a: Stunfisk|Stunfisk, M, shiny|59/100
|move|p2a: Charizard|Flamethrower|p1a: Stunfisk
|-damage|p1a: Stunfisk|27/100
|
|-weather|Hail|[upkeep]
|-damage|p2a: Charizard|88/100|[from] Hail
|-damage|p1a: Stunfisk|21/100|[from] Hail
|upkeep
|turn|20
|
|t:|1660748948
|switch|p2a: Sandslash|Sandslash, M|51/100 tox
|move|p1a: Stunfisk|Discharge|p2a: Sandslash
|-immune|p2a: Sandslash
|
|-weather|none
|-heal|p2a: Sandslash|57/100 tox|[from] item: Leftovers
|-damage|p2a: Sandslash|51/100 tox|[from] psn
|upkeep
|turn|21
|
|t:|1660748958
|move|p2a: Sandslash|Spikes|p1a: Stunfisk
|-sidestart|p1: Barzabb|Spikes
|move|p1a: Stunfisk|Earth Power|p2a: Sandslash
|-damage|p2a: Sandslash|0 fnt
|faint|p2a: Sandslash
|
|upkeep
|
|t:|1660748970
|switch|p2a: Charizard|Charizard, F|88/100
|turn|22
|
|t:|1660748976
|move|p2a: Charizard|Flamethrower|p1a: Stunfisk
|-damage|p1a: Stunfisk|0 fnt
|faint|p1a: Stunfisk
|
|upkeep
|
|t:|1660748977
|switch|p1a: Basculin|Basculin-Blue-Striped, M|82/100
|-damage|p1a: Basculin|70/100|[from] Spikes
|turn|23
|
|t:|1660748979
|move|p1a: Basculin|Aqua Jet|p2a: Charizard
|-supereffective|p2a: Charizard
|-damage|p2a: Charizard|0 fnt
|faint|p2a: Charizard
|
|upkeep
|
|t:|1660748981
|switch|p2a: Doublade|Doublade, F|100/100
|turn|24
|
|t:|1660748982
|switch|p1a: Glaceon|Glaceon, F, shiny|100/100
|-damage|p1a: Glaceon|88/100|[from] Spikes
|move|p2a: Doublade|Swords Dance|p2a: Doublade
|-boost|p2a: Doublade|atk|2
|
|upkeep
|turn|25
|
|t:|1660748988
|move|p1a: Glaceon|Shadow Ball|p2a: Doublade
|-supereffective|p2a: Doublade
|-damage|p2a: Doublade|0 fnt
|faint|p2a: Doublade
|
|win|Barzabb
|raw|Barzabb's rating: 1362 &rarr; <strong>1390</strong><br />(+28 for winning)
|raw|PULT4C1 Lambo's rating: 1512 &rarr; <strong>1484</strong><br />(-28 for losing)
|l|☆Barzabb
|l|☆PULT4C1 Lambo
