|j|☆QiYu5
|j|☆Deferio
|inactive|Battle timer is ON: inactive players will automatically lose when time's up.
|j|*Lady Monita
|t:|1663340436
|gametype|singles
|player|p1|QiYu5|drayden|
|player|p2|Deferio|blue|
|teamsize|p1|6
|teamsize|p2|6
|gen|8
|tier|[Gen 8] PU
|rated|Tournament battle
|rule|Sleep Clause Mod: Limit one foe put to sleep
|rule|Species Clause: Limit one of each Pokémon
|rule|OHKO Clause: OHKO moves are banned
|rule|Evasion Items Clause: Evasion items are banned
|rule|Evasion Moves Clause: Evasion moves are banned
|rule|Endless Battle Clause: Forcing endless battles is banned
|rule|HP Percentage Mod: HP is shown in percentages
|rule|Dynamax Clause: You cannot dynamax
|clearpoke
|poke|p1|Thwackey, F|
|poke|p1|Gigalith, F|
|poke|p1|Silvally-*|
|poke|p1|Magneton|
|poke|p1|Cinccino, M|
|poke|p1|Aromatisse, M|
|poke|p2|Accelgor, F|
|poke|p2|Coalossal, F|
|poke|p2|Thwackey, F|
|poke|p2|Silvally-*|
|poke|p2|Trevenant, F|
|poke|p2|Whimsicott, F|
|teampreview
|inactive|Deferio has 120 seconds left.
|
|t:|1663340489
|start
|switch|p1a: 全集中岩之呼吸|Gigalith, F|100/100
|switch|p2a: Accelgor|Accelgor, F|100/100
|-weather|Sandstorm|[from] ability: Sand Stream|[of] p1a: 全集中岩之呼吸
|turn|1
|j| Aftx
|
|t:|1663340499
|move|p2a: Accelgor|U-turn|p1a: 全集中岩之呼吸
|-damage|p1a: 全集中岩之呼吸|88/100
|
|t:|1663340502
|switch|p2a: Thwackey|Thwackey, F|100/100|[from]move: U-turn
|-fieldstart|move: Grassy Terrain|[from] ability: Grassy Surge|[of] p2a: Thwackey
|move|p1a: 全集中岩之呼吸|Stealth Rock|p2a: Thwackey
|-sidestart|p2: Deferio|move: Stealth Rock
|
|-weather|Sandstorm|[upkeep]
|-damage|p2a: Thwackey|94/100|[from] Sandstorm
|-heal|p2a: Thwackey|100/100|[from] Grassy Terrain
|-heal|p1a: 全集中岩之呼吸|94/100|[from] Grassy Terrain
|-heal|p1a: 全集中岩之呼吸|100/100|[from] item: Leftovers
|upkeep
|turn|2
|
|t:|1663340508
|switch|p1a: 如果我是Dj你会爱我吗|Silvally-Poison|100/100
|move|p2a: Thwackey|Wood Hammer|p1a: 如果我是Dj你会爱我吗
|-resisted|p1a: 如果我是Dj你会爱我吗
|-damage|p1a: 如果我是Dj你会爱我吗|68/100
|-damage|p2a: Thwackey|85/100|[from] Recoil
|
|-weather|Sandstorm|[upkeep]
|-damage|p2a: Thwackey|79/100|[from] Sandstorm
|-damage|p1a: 如果我是Dj你会爱我吗|61/100|[from] Sandstorm
|-heal|p2a: Thwackey|85/100|[from] Grassy Terrain
|-heal|p1a: 如果我是Dj你会爱我吗|68/100|[from] Grassy Terrain
|upkeep
|turn|3
|
|t:|1663340512
|switch|p2a: Coalossal|Coalossal, F|100/100
|move|p1a: 如果我是Dj你会爱我吗|Parting Shot|p2a: Coalossal
|-unboost|p2a: Coalossal|atk|1
|-unboost|p2a: Coalossal|spa|1
|
|t:|1663340518
|switch|p1a: 自古白发人多送黑发人|Cinccino, M|100/100|[from]move: Parting Shot
|
|-weather|Sandstorm|[upkeep]
|-damage|p1a: 自古白发人多送黑发人|94/100|[from] Sandstorm
|-heal|p1a: 自古白发人多送黑发人|100/100|[from] Grassy Terrain
|upkeep
|turn|4
|
|t:|1663340528
|move|p1a: 自古白发人多送黑发人|Rock Blast|p2a: Coalossal
|-supereffective|p2a: Coalossal
|-damage|p2a: Coalossal|91/100
|-supereffective|p2a: Coalossal
|-damage|p2a: Coalossal|81/100
|-supereffective|p2a: Coalossal
|-damage|p2a: Coalossal|71/100
|-supereffective|p2a: Coalossal
|-damage|p2a: Coalossal|62/100
|-supereffective|p2a: Coalossal
|-damage|p2a: Coalossal|52/100
|-hitcount|p2a: Coalossal|5
|-damage|p1a: 自古白发人多送黑发人|91/100|[from] item: Life Orb
|move|p2a: Coalossal|Stealth Rock|p1a: 自古白发人多送黑发人
|-sidestart|p1: QiYu5|move: Stealth Rock
|
|-weather|Sandstorm|[upkeep]
|-damage|p1a: 自古白发人多送黑发人|84/100|[from] Sandstorm
|-heal|p1a: 自古白发人多送黑发人|91/100|[from] Grassy Terrain
|-heal|p2a: Coalossal|59/100|[from] Grassy Terrain
|upkeep
|turn|5
|
|t:|1663340538
|move|p1a: 自古白发人多送黑发人|Knock Off|p2a: Coalossal
|-damage|p2a: Coalossal|40/100
|-enditem|p2a: Coalossal|Heavy-Duty Boots|[from] move: Knock Off|[of] p1a: 自古白发人多送黑发人
|-damage|p1a: 自古白发人多送黑发人|81/100|[from] item: Life Orb
|move|p2a: Coalossal|Rapid Spin|p1a: 自古白发人多送黑发人
|-damage|p1a: 自古白发人多送黑发人|69/100
|-boost|p2a: Coalossal|spe|1
|-sideend|p2: Deferio|Stealth Rock|[from] move: Rapid Spin|[of] p2a: Coalossal
|
|-weather|none
|-heal|p1a: 自古白发人多送黑发人|75/100|[from] Grassy Terrain
|-heal|p2a: Coalossal|46/100|[from] Grassy Terrain
|-fieldend|move: Grassy Terrain
|upkeep
|turn|6
|
|t:|1663340553
|switch|p1a: 全集中岩之呼吸|Gigalith, F|100/100
|-damage|p1a: 全集中岩之呼吸|88/100|[from] Stealth Rock
|-weather|Sandstorm|[from] ability: Sand Stream|[of] p1a: 全集中岩之呼吸
|switch|p2a: Silvally|Silvally-Ghost|100/100
|
|-weather|Sandstorm|[upkeep]
|-damage|p2a: Silvally|94/100|[from] Sandstorm
|-heal|p1a: 全集中岩之呼吸|94/100|[from] item: Leftovers
|upkeep
|turn|7
|
|t:|1663340562
|move|p2a: Silvally|Swords Dance|p2a: Silvally
|-boost|p2a: Silvally|atk|2
|move|p1a: 全集中岩之呼吸|Toxic|p2a: Silvally
|-status|p2a: Silvally|tox
|
|-weather|Sandstorm|[upkeep]
|-damage|p2a: Silvally|88/100 tox|[from] Sandstorm
|-heal|p1a: 全集中岩之呼吸|100/100|[from] item: Leftovers
|-damage|p2a: Silvally|82/100 tox|[from] psn
|upkeep
|turn|8
|
|t:|1663340567
|switch|p1a: 自古白发人多送黑发人|Cinccino, M|75/100
|-damage|p1a: 自古白发人多送黑发人|62/100|[from] Stealth Rock
|move|p2a: Silvally|Flame Charge|p1a: 自古白发人多送黑发人
|-damage|p1a: 自古白发人多送黑发人|11/100
|-boost|p2a: Silvally|spe|1
|
|-weather|Sandstorm|[upkeep]
|-damage|p2a: Silvally|76/100 tox|[from] Sandstorm
|-damage|p1a: 自古白发人多送黑发人|5/100|[from] Sandstorm
|-damage|p2a: Silvally|64/100 tox|[from] psn
|upkeep
|turn|9
|
|t:|1663340580
|switch|p1a: 全集中岩之呼吸|Gigalith, F|100/100
|-damage|p1a: 全集中岩之呼吸|88/100|[from] Stealth Rock
|move|p2a: Silvally|Flame Charge|p1a: 全集中岩之呼吸
|-resisted|p1a: 全集中岩之呼吸
|-damage|p1a: 全集中岩之呼吸|76/100
|-boost|p2a: Silvally|spe|1
|
|-weather|Sandstorm|[upkeep]
|-damage|p2a: Silvally|58/100 tox|[from] Sandstorm
|-heal|p1a: 全集中岩之呼吸|82/100|[from] item: Leftovers
|-damage|p2a: Silvally|40/100 tox|[from] psn
|upkeep
|turn|10
|
|t:|1663340590
|move|p1a: 全集中岩之呼吸|Protect|p1a: 全集中岩之呼吸
|-singleturn|p1a: 全集中岩之呼吸|Protect
|move|p2a: Silvally|Multi-Attack|p1a: 全集中岩之呼吸
|-activate|p1a: 全集中岩之呼吸|move: Protect
|
|-weather|none
|-heal|p1a: 全集中岩之呼吸|88/100|[from] item: Leftovers
|-damage|p2a: Silvally|16/100 tox|[from] psn
|upkeep
|turn|11
|
|t:|1663340592
|switch|p1a: 自古白发人多送黑发人|Cinccino, M|5/100
|-damage|p1a: 自古白发人多送黑发人|0 fnt|[from] Stealth Rock
|faint|p1a: 自古白发人多送黑发人
|move|p2a: Silvally|Multi-Attack|p1: 自古白发人多送黑发人|[notarget]
|-fail|p2a: Silvally
|
|-damage|p2a: Silvally|0 fnt|[from] psn
|faint|p2a: Silvally
|upkeep
|
|t:|1663340618
|switch|p1a: 如果我是Dj你会爱我吗|Silvally-Poison|68/100
|switch|p2a: Accelgor|Accelgor, F|100/100
|-damage|p1a: 如果我是Dj你会爱我吗|55/100|[from] Stealth Rock
|turn|12
|
|t:|1663340631
|move|p2a: Accelgor|Final Gambit|p1a: 如果我是Dj你会爱我吗
|-damage|p1a: 如果我是Dj你会爱我吗|0 fnt
|faint|p2a: Accelgor
|faint|p1a: 如果我是Dj你会爱我吗
|
|upkeep
|
|t:|1663340642
|switch|p2a: Thwackey|Thwackey, F|85/100
|switch|p1a: 你身上还有她的香水味|Aromatisse, M|100/100
|-fieldstart|move: Grassy Terrain|[from] ability: Grassy Surge|[of] p2a: Thwackey
|-damage|p1a: 你身上还有她的香水味|88/100|[from] Stealth Rock
|turn|13
|
|t:|1663340647
|move|p1a: 你身上还有她的香水味|Protect|p1a: 你身上还有她的香水味
|-singleturn|p1a: 你身上还有她的香水味|Protect
|move|p2a: Thwackey|Wood Hammer|p1a: 你身上还有她的香水味
|-activate|p1a: 你身上还有她的香水味|move: Protect
|
|-heal|p2a: Thwackey|91/100|[from] Grassy Terrain
|-heal|p1a: 你身上还有她的香水味|94/100|[from] Grassy Terrain
|-heal|p1a: 你身上还有她的香水味|100/100|[from] item: Leftovers
|upkeep
|turn|14
|
|t:|1663340649
|move|p2a: Thwackey|Wood Hammer|p1a: 你身上还有她的香水味
|-damage|p1a: 你身上还有她的香水味|22/100
|-damage|p2a: Thwackey|54/100|[from] Recoil
|move|p1a: 你身上还有她的香水味|Wish|p1a: 你身上还有她的香水味
|
|-heal|p2a: Thwackey|60/100|[from] Grassy Terrain
|-heal|p1a: 你身上还有她的香水味|28/100|[from] Grassy Terrain
|-heal|p1a: 你身上还有她的香水味|34/100|[from] item: Leftovers
|upkeep
|turn|15
|
|t:|1663340655
|switch|p2a: Coalossal|Coalossal, F|46/100
|move|p1a: 你身上还有她的香水味|Protect||[still]
|-fail|p1a: 你身上还有她的香水味
|
|-heal|p1a: 你身上还有她的香水味|84/100|[from] move: Wish|[wisher] 你身上还有她的香水味
|-heal|p2a: Coalossal|53/100|[from] Grassy Terrain
|-heal|p1a: 你身上还有她的香水味|90/100|[from] Grassy Terrain
|-heal|p1a: 你身上还有她的香水味|97/100|[from] item: Leftovers
|upkeep
|turn|16
|
|t:|1663340665
|switch|p1a: 全集中岩之呼吸|Gigalith, F|88/100
|-damage|p1a: 全集中岩之呼吸|76/100|[from] Stealth Rock
|-weather|Sandstorm|[from] ability: Sand Stream|[of] p1a: 全集中岩之呼吸
|move|p2a: Coalossal|Spikes|p1a: 全集中岩之呼吸
|-sidestart|p1: QiYu5|Spikes
|
|-weather|Sandstorm|[upkeep]
|-heal|p2a: Coalossal|59/100|[from] Grassy Terrain
|-heal|p1a: 全集中岩之呼吸|82/100|[from] Grassy Terrain
|-heal|p1a: 全集中岩之呼吸|88/100|[from] item: Leftovers
|upkeep
|turn|17
|
|t:|1663340669
|move|p2a: Coalossal|Spikes|p1a: 全集中岩之呼吸
|-sidestart|p1: QiYu5|Spikes
|move|p1a: 全集中岩之呼吸|Toxic|p2a: Coalossal
|-status|p2a: Coalossal|tox
|
|-weather|Sandstorm|[upkeep]
|-heal|p2a: Coalossal|65/100 tox|[from] Grassy Terrain
|-heal|p1a: 全集中岩之呼吸|95/100|[from] Grassy Terrain
|-heal|p1a: 全集中岩之呼吸|100/100|[from] item: Leftovers
|-damage|p2a: Coalossal|59/100 tox|[from] psn
|-fieldend|move: Grassy Terrain
|upkeep
|turn|18
|
|t:|1663340671
|move|p2a: Coalossal|Spikes|p1a: 全集中岩之呼吸
|-sidestart|p1: QiYu5|Spikes
|move|p1a: 全集中岩之呼吸|Rock Blast|p2a: Coalossal
|-supereffective|p2a: Coalossal
|-damage|p2a: Coalossal|47/100 tox
|-supereffective|p2a: Coalossal
|-damage|p2a: Coalossal|35/100 tox
|-supereffective|p2a: Coalossal
|-damage|p2a: Coalossal|22/100 tox
|-supereffective|p2a: Coalossal
|-damage|p2a: Coalossal|10/100 tox
|-hitcount|p2a: Coalossal|4
|
|-weather|Sandstorm|[upkeep]
|-damage|p2a: Coalossal|0 fnt|[from] psn
|faint|p2a: Coalossal
|upkeep
|
|t:|1663340674
|switch|p2a: Thwackey|Thwackey, F|60/100
|-fieldstart|move: Grassy Terrain|[from] ability: Grassy Surge|[of] p2a: Thwackey
|turn|19
|
|t:|1663340678
|move|p1a: 全集中岩之呼吸|Protect|p1a: 全集中岩之呼吸
|-singleturn|p1a: 全集中岩之呼吸|Protect
|move|p2a: Thwackey|Wood Hammer|p1a: 全集中岩之呼吸
|-activate|p1a: 全集中岩之呼吸|move: Protect
|
|-weather|Sandstorm|[upkeep]
|-damage|p2a: Thwackey|54/100|[from] Sandstorm
|-heal|p2a: Thwackey|60/100|[from] Grassy Terrain
|upkeep
|turn|20
|
|t:|1663340688
|switch|p1a: 哥哥我一个滑铲|Thwackey, F|100/100
|-damage|p1a: 哥哥我一个滑铲|88/100|[from] Stealth Rock
|-damage|p1a: 哥哥我一个滑铲|63/100|[from] Spikes
|move|p2a: Thwackey|Wood Hammer|p1a: 哥哥我一个滑铲
|-resisted|p1a: 哥哥我一个滑铲
|-damage|p1a: 哥哥我一个滑铲|8/100
|-damage|p2a: Thwackey|42/100|[from] Recoil
|
|-weather|none
|-heal|p1a: 哥哥我一个滑铲|14/100|[from] Grassy Terrain
|-heal|p2a: Thwackey|48/100|[from] Grassy Terrain
|upkeep
|turn|21
|
|t:|1663340697
|switch|p2a: Trevenant|Trevenant, F|100/100
|move|p1a: 哥哥我一个滑铲|Grassy Glide|p2a: Trevenant
|-resisted|p2a: Trevenant
|-damage|p2a: Trevenant|78/100
|
|-heal|p1a: 哥哥我一个滑铲|20/100|[from] Grassy Terrain
|-heal|p2a: Trevenant|84/100|[from] Grassy Terrain
|upkeep
|turn|22
|
|t:|1663340700
|move|p2a: Trevenant|Grassy Glide|p1a: 哥哥我一个滑铲
|-resisted|p1a: 哥哥我一个滑铲
|-damage|p1a: 哥哥我一个滑铲|0 fnt
|faint|p1a: 哥哥我一个滑铲
|-damage|p2a: Trevenant|74/100|[from] item: Life Orb
|
|-heal|p2a: Trevenant|80/100|[from] Grassy Terrain
|upkeep
|
|t:|1663340723
|switch|p1a: 你身上还有她的香水味|Aromatisse, M|97/100
|-damage|p1a: 你身上还有她的香水味|84/100|[from] Stealth Rock
|-damage|p1a: 你身上还有她的香水味|59/100|[from] Spikes
|turn|23
|
|t:|1663340728
|move|p1a: 你身上还有她的香水味|Protect|p1a: 你身上还有她的香水味
|-singleturn|p1a: 你身上还有她的香水味|Protect
|move|p2a: Trevenant|Grassy Glide|p1a: 你身上还有她的香水味
|-activate|p1a: 你身上还有她的香水味|move: Protect
|
|-heal|p2a: Trevenant|86/100|[from] Grassy Terrain
|-heal|p1a: 你身上还有她的香水味|66/100|[from] Grassy Terrain
|-heal|p1a: 你身上还有她的香水味|72/100|[from] item: Leftovers
|-fieldend|move: Grassy Terrain
|upkeep
|turn|24
|
|t:|1663340736
|switch|p2a: Thwackey|Thwackey, F|48/100
|-fieldstart|move: Grassy Terrain|[from] ability: Grassy Surge|[of] p2a: Thwackey
|move|p1a: 你身上还有她的香水味|Wish|p1a: 你身上还有她的香水味
|
|-heal|p2a: Thwackey|54/100|[from] Grassy Terrain
|-heal|p1a: 你身上还有她的香水味|78/100|[from] Grassy Terrain
|-heal|p1a: 你身上还有她的香水味|84/100|[from] item: Leftovers
|upkeep
|turn|25
|inactive|QiYu5 has 120 seconds left.
|
|t:|1663340772
|switch|p2a: Whimsicott|Whimsicott, F|100/100
|move|p1a: 你身上还有她的香水味|Moonblast|p2a: Whimsicott
|-damage|p2a: Whimsicott|42/100
|
|-heal|p1a: 你身上还有她的香水味|100/100|[from] move: Wish|[wisher] 你身上还有她的香水味
|-heal|p2a: Whimsicott|48/100|[from] Grassy Terrain
|upkeep
|turn|26
|
|t:|1663340778
|move|p2a: Whimsicott|Energy Ball|p1a: 你身上还有她的香水味
|-damage|p1a: 你身上还有她的香水味|39/100
|move|p1a: 你身上还有她的香水味|Moonblast|p2a: Whimsicott
|-damage|p2a: Whimsicott|0 fnt
|faint|p2a: Whimsicott
|
|-heal|p1a: 你身上还有她的香水味|45/100|[from] Grassy Terrain
|-heal|p1a: 你身上还有她的香水味|51/100|[from] item: Leftovers
|upkeep
|
|t:|1663340787
|switch|p2a: Trevenant|Trevenant, F|86/100
|turn|27
|
|t:|1663340791
|move|p1a: 你身上还有她的香水味|Protect|p1a: 你身上还有她的香水味
|-singleturn|p1a: 你身上还有她的香水味|Protect
|move|p2a: Trevenant|Poltergeist|p1a: 你身上还有她的香水味
|-activate|p1a: 你身上还有她的香水味|move: Protect
|
|-heal|p2a: Trevenant|92/100|[from] Grassy Terrain
|-heal|p1a: 你身上还有她的香水味|57/100|[from] Grassy Terrain
|-heal|p1a: 你身上还有她的香水味|64/100|[from] item: Leftovers
|upkeep
|turn|28
|
|t:|1663340796
|move|p2a: Trevenant|Poltergeist|p1a: 你身上还有她的香水味
|-activate|p1a: 你身上还有她的香水味|move: Poltergeist|Leftovers
|-damage|p1a: 你身上还有她的香水味|8/100
|-damage|p2a: Trevenant|82/100|[from] item: Life Orb
|move|p1a: 你身上还有她的香水味|Wish|p1a: 你身上还有她的香水味
|
|-heal|p2a: Trevenant|88/100|[from] Grassy Terrain
|-heal|p1a: 你身上还有她的香水味|14/100|[from] Grassy Terrain
|-heal|p1a: 你身上还有她的香水味|20/100|[from] item: Leftovers
|-fieldend|move: Grassy Terrain
|upkeep
|turn|29
|j| wesh papillon
|
|t:|1663340802
|move|p1a: 你身上还有她的香水味|Protect|p1a: 你身上还有她的香水味
|-singleturn|p1a: 你身上还有她的香水味|Protect
|move|p2a: Trevenant|Poltergeist|p1a: 你身上还有她的香水味
|-activate|p1a: 你身上还有她的香水味|move: Protect
|
|-heal|p1a: 你身上还有她的香水味|70/100|[from] move: Wish|[wisher] 你身上还有她的香水味
|-heal|p1a: 你身上还有她的香水味|76/100|[from] item: Leftovers
|upkeep
|turn|30
|
|t:|1663340804
|move|p2a: Trevenant|Leech Seed|p1a: 你身上还有她的香水味
|-start|p1a: 你身上还有她的香水味|move: Leech Seed
|move|p1a: 你身上还有她的香水味|Wish|p1a: 你身上还有她的香水味
|
|-heal|p1a: 你身上还有她的香水味|83/100|[from] item: Leftovers
|-damage|p1a: 你身上还有她的香水味|70/100|[from] Leech Seed|[of] p2a: Trevenant
|-heal|p2a: Trevenant|100/100|[silent]
|upkeep
|turn|31
|
|t:|1663340815
|move|p2a: Trevenant|Poltergeist|p1a: 你身上还有她的香水味
|-activate|p1a: 你身上还有她的香水味|move: Poltergeist|Leftovers
|-damage|p1a: 你身上还有她的香水味|17/100
|-damage|p2a: Trevenant|90/100|[from] item: Life Orb
|move|p1a: 你身上还有她的香水味|Moonblast|p2a: Trevenant
|-damage|p2a: Trevenant|51/100
|
|-heal|p1a: 你身上还有她的香水味|67/100|[from] move: Wish|[wisher] 你身上还有她的香水味
|-heal|p1a: 你身上还有她的香水味|74/100|[from] item: Leftovers
|-damage|p1a: 你身上还有她的香水味|61/100|[from] Leech Seed|[of] p2a: Trevenant
|-heal|p2a: Trevenant|67/100|[silent]
|upkeep
|turn|32
|
|t:|1663340822
|move|p2a: Trevenant|Poltergeist|p1a: 你身上还有她的香水味
|-activate|p1a: 你身上还有她的香水味|move: Poltergeist|Leftovers
|-damage|p1a: 你身上还有她的香水味|7/100
|-damage|p2a: Trevenant|57/100|[from] item: Life Orb
|move|p1a: 你身上还有她的香水味|Moonblast|p2a: Trevenant
|-damage|p2a: Trevenant|17/100
|
|-heal|p1a: 你身上还有她的香水味|13/100|[from] item: Leftovers
|-damage|p1a: 你身上还有她的香水味|0 fnt|[from] Leech Seed|[of] p2a: Trevenant
|-heal|p2a: Trevenant|33/100|[silent]
|faint|p1a: 你身上还有她的香水味
|upkeep
|
|t:|1663340835
|switch|p1a: 全集中岩之呼吸|Gigalith, F|100/100
|-damage|p1a: 全集中岩之呼吸|88/100|[from] Stealth Rock
|-damage|p1a: 全集中岩之呼吸|63/100|[from] Spikes
|-weather|Sandstorm|[from] ability: Sand Stream|[of] p1a: 全集中岩之呼吸
|turn|33
|inactive|Deferio has 120 seconds left.
|l|☆QiYu5
|inactive|QiYu5 disconnected and has a minute to reconnect!
|player|p1|
|inactive|Deferio has 90 seconds left.
|inactive|Deferio has 60 seconds left.
|j|☆QiYu5
|inactive|QiYu5 reconnected.
|player|p1|QiYu5|drayden
|
|t:|1663340954
|move|p2a: Trevenant|Grassy Glide|p1a: 全集中岩之呼吸
|-supereffective|p1a: 全集中岩之呼吸
|-damage|p1a: 全集中岩之呼吸|0 fnt
|faint|p1a: 全集中岩之呼吸
|-damage|p2a: Trevenant|23/100|[from] item: Life Orb
|
|-weather|Sandstorm|[upkeep]
|-damage|p2a: Trevenant|17/100|[from] Sandstorm
|upkeep
|
|t:|1663340958
|switch|p1a: 都说要戴套啦|Magneton|100/100
|-damage|p1a: 都说要戴套啦|94/100|[from] Stealth Rock
|-damage|p1a: 都说要戴套啦|69/100|[from] Spikes
|turn|34
|inactive|Deferio has 30 seconds left.
|inactive|Deferio has 20 seconds left.
|
|t:|1663340992
|switch|p2a: Thwackey|Thwackey, F|54/100
|-fieldstart|move: Grassy Terrain|[from] ability: Grassy Surge|[of] p2a: Thwackey
|move|p1a: 都说要戴套啦|Flash Cannon|p2a: Thwackey
|-crit|p2a: Thwackey
|-damage|p2a: Thwackey|0 fnt
|faint|p2a: Thwackey
|
|-weather|Sandstorm|[upkeep]
|-heal|p1a: 都说要戴套啦|75/100|[from] Grassy Terrain
|upkeep
|inactive|Deferio has 25 seconds left this turn.
|inactive|Deferio has 20 seconds left.
|inactive|Deferio has 15 seconds left.
|
|t:|1663341002
|switch|p2a: Trevenant|Trevenant, F|17/100
|turn|35
|inactive|Deferio has 25 seconds left this turn.
|inactive|Deferio has 20 seconds left.
|
|t:|1663341008
|move|p1a: 都说要戴套啦|Flash Cannon|p2a: Trevenant
|-damage|p2a: Trevenant|0 fnt
|faint|p2a: Trevenant
|
|win|QiYu5
|inactive|Deferio has 25 seconds left this turn.
|n|☆Deferio|deferio
|n|*Lady Monita|ladymonita
|n| Aftx|aftx
|n| wesh papillon|weshpapillon
|n|☆QiYu5|qiyu5
|l|*Lady Monita
|c|☆Deferio|gg
|l|☆Deferio
|l|☆QiYu5
|j| dagsdbdegvse
|l| dagsdbdegvse
|j|☆QiYu5
|player|p1|QiYu5|drayden
