|j|☆Diameter✯Xtreme
|j|☆one step from eden
|t:|1609605946
|player|p1|Diameter✯Xtreme|burnet|1397
|player|p2|one step from eden|grimsley-gen7|1493
|teamsize|p1|6
|teamsize|p2|6
|gametype|singles
|gen|8
|tier|[Gen 8] PU
|rated|
|clearpoke
|poke|p1|Ribombee, M|
|poke|p1|Guzzlord|
|poke|p1|Braviary, M|
|poke|p1|Sirfetch’d, F|
|poke|p1|Claydol|
|poke|p1|Weezing, F|
|poke|p2|Sneasel, F|
|poke|p2|Klinklang|
|poke|p2|Silvally-*|
|poke|p2|Lanturn, F|
|poke|p2|Whimsicott, M|
|poke|p2|Rhydon, F|
|rule|Sleep Clause Mod: Limit one foe put to sleep
|rule|Species Clause: Limit one of each Pokémon
|rule|OHKO Clause: OHKO moves are banned
|rule|Evasion Moves Clause: Evasion moves are banned
|rule|Endless Battle Clause: Forcing endless battles is banned
|rule|HP Percentage Mod: HP is shown in percentages
|rule|Dynamax Clause: You cannot dynamax
|teampreview
|c|☆Diameter✯Xtreme|gl
|
|t:|1609605958
|start
|switch|p1a: Claydol|Claydol|100/100
|switch|p2a: Klinklang|Klinklang|100/100
|turn|1
|
|t:|1609605969
|switch|p2a: Sneasel|Sneasel, F|100/100
|move|p1a: Claydol|Stealth Rock|p2a: Sneasel
|-sidestart|p2: one step from eden|move: Stealth Rock
|
|upkeep
|turn|2
|
|t:|1609605974
|switch|p1a: Weezing|Weezing, F|100/100
|move|p2a: Sneasel|Knock Off|p1a: Weezing
|-damage|p1a: Weezing|63/100
|-damage|p2a: Sneasel|84/100|[from] item: Rocky Helmet|[of] p1a: Weezing
|-enditem|p1a: Weezing|Rocky Helmet|[from] move: Knock Off|[of] p2a: Sneasel
|
|upkeep
|turn|3
|
|t:|1609605981
|switch|p2a: Lanturn|Lanturn, F|100/100
|-damage|p2a: Lanturn|88/100|[from] Stealth Rock
|move|p1a: Weezing|Will-O-Wisp|p2a: Lanturn
|-status|p2a: Lanturn|brn
|
|-heal|p2a: Lanturn|94/100 brn|[from] item: Leftovers
|-damage|p2a: Lanturn|88/100 brn|[from] brn
|upkeep
|turn|4
|
|t:|1609605986
|switch|p1a: Guzzlord|Guzzlord|100/100
|move|p2a: Lanturn|Volt Switch|p1a: Guzzlord
|-resisted|p1a: Guzzlord
|-crit|p1a: Guzzlord
|-damage|p1a: Guzzlord|95/100
|
|t:|1609605988
|switch|p2a: Sneasel|Sneasel, F|84/100|[from]move: Volt Switch
|-damage|p2a: Sneasel|59/100|[from] Stealth Rock
|
|upkeep
|turn|5
|
|t:|1609605994
|move|p2a: Sneasel|Triple Axel|p1a: Guzzlord
|-supereffective|p1a: Guzzlord
|-damage|p1a: Guzzlord|74/100
|-supereffective|p1a: Guzzlord
|-damage|p1a: Guzzlord|27/100
|-supereffective|p1a: Guzzlord
|-damage|p1a: Guzzlord|0 fnt
|-hitcount|p1a: Guzzlord|3
|faint|p1a: Guzzlord
|
|upkeep
|
|t:|1609606004
|switch|p1a: Ribombee|Ribombee, M|100/100
|turn|6
|
|t:|1609606007
|switch|p2a: Klinklang|Klinklang|100/100
|-damage|p2a: Klinklang|94/100|[from] Stealth Rock
|move|p1a: Ribombee|Moonblast|p2a: Klinklang
|-resisted|p2a: Klinklang
|-damage|p2a: Klinklang|56/100
|
|-heal|p2a: Klinklang|62/100|[from] item: Leftovers
|upkeep
|turn|7
|
|t:|1609606016
|switch|p1a: Weezing|Weezing, F|63/100
|move|p2a: Klinklang|Shift Gear|p2a: Klinklang
|-boost|p2a: Klinklang|spe|2
|-boost|p2a: Klinklang|atk|1
|
|-heal|p2a: Klinklang|68/100|[from] item: Leftovers
|upkeep
|turn|8
|
|t:|1609606019
|move|p2a: Klinklang|Substitute|p2a: Klinklang
|-start|p2a: Klinklang|Substitute
|-damage|p2a: Klinklang|44/100
|move|p1a: Weezing|Will-O-Wisp||[still]
|-fail|p1a: Weezing
|
|-heal|p2a: Klinklang|50/100|[from] item: Leftovers
|upkeep
|turn|9
|
|t:|1609606022
|move|p2a: Klinklang|Gear Grind|p1a: Weezing|[miss]
|-miss|p2a: Klinklang|p1a: Weezing
|move|p1a: Weezing|Toxic Spikes|p2a: Klinklang
|-sidestart|p2: one step from eden|move: Toxic Spikes
|
|-heal|p2a: Klinklang|56/100|[from] item: Leftovers
|upkeep
|turn|10
|
|t:|1609606028
|move|p2a: Klinklang|Gear Grind|p1a: Weezing
|-crit|p1a: Weezing
|-damage|p1a: Weezing|25/100
|-damage|p1a: Weezing|0 fnt
|-hitcount|p1a: Weezing|2
|faint|p1a: Weezing
|
|-heal|p2a: Klinklang|62/100|[from] item: Leftovers
|upkeep
|
|t:|1609606033
|switch|p1a: Claydol|Claydol|100/100
|turn|11
|
|t:|1609606036
|move|p2a: Klinklang|Gear Grind|p1a: Claydol
|-damage|p1a: Claydol|62/100
|-damage|p1a: Claydol|25/100
|-hitcount|p1a: Claydol|2
|move|p1a: Claydol|Earth Power|p2a: Klinklang
|-supereffective|p2a: Klinklang
|-end|p2a: Klinklang|Substitute
|
|-heal|p2a: Klinklang|68/100|[from] item: Leftovers
|-heal|p1a: Claydol|31/100|[from] item: Leftovers
|upkeep
|turn|12
|
|t:|1609606041
|move|p2a: Klinklang|Gear Grind|p1a: Claydol
|-damage|p1a: Claydol|0 fnt
|-hitcount|p1a: Claydol|1
|faint|p1a: Claydol
|
|-heal|p2a: Klinklang|74/100|[from] item: Leftovers
|upkeep
|
|t:|1609606046
|switch|p1a: Sirfetch’d|Sirfetch’d, F|100/100
|turn|13
|
|t:|1609606051
|move|p2a: Klinklang|Substitute|p2a: Klinklang
|-start|p2a: Klinklang|Substitute
|-damage|p2a: Klinklang|49/100
|move|p1a: Sirfetch’d|Close Combat|p2a: Klinklang
|-supereffective|p2a: Klinklang
|-crit|p2a: Klinklang
|-end|p2a: Klinklang|Substitute
|-unboost|p1a: Sirfetch’d|def|1
|-unboost|p1a: Sirfetch’d|spd|1
|
|-heal|p2a: Klinklang|55/100|[from] item: Leftovers
|upkeep
|turn|14
|
|t:|1609606058
|move|p2a: Klinklang|Gear Grind|p1a: Sirfetch’d
|-damage|p1a: Sirfetch’d|23/100
|-damage|p1a: Sirfetch’d|0 fnt
|-hitcount|p1a: Sirfetch’d|2
|faint|p1a: Sirfetch’d
|
|-heal|p2a: Klinklang|61/100|[from] item: Leftovers
|upkeep
|
|t:|1609606061
|switch|p1a: Braviary|Braviary, M|100/100
|turn|15
|
|t:|1609606064
|move|p2a: Klinklang|Wild Charge|p1a: Braviary
|-supereffective|p1a: Braviary
|-damage|p1a: Braviary|0 fnt
|-damage|p2a: Klinklang|31/100|[from] Recoil
|faint|p1a: Braviary
|
|-heal|p2a: Klinklang|37/100|[from] item: Leftovers
|upkeep
|inactive|Battle timer is ON: inactive players will automatically lose when time's up. (requested by one step from eden)
|-message|Diameter✯Xtreme forfeited.
|
|win|one step from eden
|l|☆Diameter✯Xtreme
