|j|☆Sub.L_Lime
|j|☆07l中国大妈
|inactive|Battle timer is ON: inactive players will automatically lose when time's up.
|t:|1668135802
|gametype|singles
|player|p1|Sub.L_Lime|misty-lgpe|
|player|p2|07l中国大妈|170|
|teamsize|p1|6
|teamsize|p2|6
|gen|8
|tier|[Gen 8] PU
|rated|Tournament battle
|rule|Sleep Clause Mod: Limit one foe put to sleep
|rule|Species Clause: Limit one of each Pokémon
|rule|OHKO Clause: OHKO moves are banned
|rule|Evasion Items Clause: Evasion items are banned
|rule|Evasion Moves Clause: Evasion moves are banned
|rule|Endless Battle Clause: Forcing endless battles is banned
|rule|HP Percentage Mod: HP is shown in percentages
|rule|Dynamax Clause: You cannot dynamax
|clearpoke
|poke|p1|Magneton|
|poke|p1|Scrafty, M|
|poke|p1|Archeops, F|
|poke|p1|Stunfisk-Galar, M|
|poke|p1|Whimsicott, F|
|poke|p1|Wishiwashi, M|
|poke|p2|Claydol|
|poke|p2|Togedemaru, M|
|poke|p2|Weezing, F|
|poke|p2|Silvally-*|
|poke|p2|Scrafty, F|
|poke|p2|Lanturn, M|
|teampreview
|j|*Lady Monita ☽
|inactive|Sub.L_Lime also wants the timer to be on.
|c|☆Sub.L_Lime|have fun!
|
|t:|1668135819
|start
|switch|p1a: Scrafty|Scrafty, M|100/100
|switch|p2a: Weezing|Weezing, F|100/100
|-ability|p2a: Weezing|Neutralizing Gas
|turn|1
|
|t:|1668135843
|switch|p1a: Wishiwashi|Wishiwashi, M|100/100
|-formechange|p1a: Wishiwashi|Wishiwashi-School||[from] ability: Schooling
|move|p2a: Weezing|Will-O-Wisp|p1a: Wishiwashi
|-status|p1a: Wishiwashi|brn
|
|-damage|p1a: Wishiwashi|94/100 brn|[from] brn
|upkeep
|turn|2
|
|t:|1668135853
|move|p2a: Weezing|Toxic Spikes|p1a: Wishiwashi
|-sidestart|p1: Sub.L_Lime|move: Toxic Spikes
|move|p1a: Wishiwashi|U-turn|p2a: Weezing
|-resisted|p2a: Weezing
|-crit|p2a: Weezing
|-damage|p2a: Weezing|95/100
|
|t:|1668135864
|switch|p1a: Magneton|Magneton|100/100|[from]move: U-turn
|
|-heal|p2a: Weezing|100/100|[from] item: Black Sludge
|upkeep
|turn|3
|
|t:|1668135871
|-end|p2a: Weezing|ability: Neutralizing Gas
|switch|p2a: Lanturn|Lanturn, M|100/100
|move|p1a: Magneton|Flash Cannon|p2a: Lanturn
|-resisted|p2a: Lanturn
|-damage|p2a: Lanturn|87/100
|
|-heal|p2a: Lanturn|93/100|[from] item: Leftovers
|upkeep
|turn|4
|
|t:|1668135885
|switch|p1a: Whimsicott|Whimsicott, F|100/100
|move|p2a: Lanturn|Scald|p1a: Whimsicott
|-resisted|p1a: Whimsicott
|-damage|p1a: Whimsicott|85/100
|
|-heal|p2a: Lanturn|99/100|[from] item: Leftovers
|upkeep
|turn|5
|
|t:|1668135894
|move|p1a: Whimsicott|U-turn|p2a: Lanturn
|-damage|p2a: Lanturn|88/100
|
|t:|1668135899
|switch|p1a: Stunfisk|Stunfisk-Galar, M|100/100|[from]move: U-turn
|move|p2a: Lanturn|Toxic|p1a: Stunfisk
|-immune|p1a: Stunfisk
|
|-heal|p2a: Lanturn|94/100|[from] item: Leftovers
|upkeep
|turn|6
|
|t:|1668135910
|switch|p2a: Claydol|Claydol|100/100
|switch|p1a: Whimsicott|Whimsicott, F|85/100
|
|upkeep
|turn|7
|
|t:|1668135933
|switch|p2a: Weezing|Weezing, F|100/100
|-ability|p2a: Weezing|Neutralizing Gas
|move|p1a: Whimsicott|Knock Off|p2a: Weezing
|-damage|p2a: Weezing|91/100
|-enditem|p2a: Weezing|Black Sludge|[from] move: Knock Off|[of] p1a: Whimsicott
|
|upkeep
|turn|8
|
|t:|1668135944
|switch|p1a: Wishiwashi|Wishiwashi, M|94/100 brn
|-formechange|p1a: Wishiwashi|Wishiwashi-School||[from] ability: Schooling
|move|p2a: Weezing|Sludge Bomb|p1a: Wishiwashi
|-damage|p1a: Wishiwashi|72/100 brn
|
|-heal|p1a: Wishiwashi|78/100 brn|[from] item: Leftovers
|-damage|p1a: Wishiwashi|72/100 brn|[from] brn
|upkeep
|turn|9
|
|t:|1668135956
|-end|p2a: Weezing|ability: Neutralizing Gas
|switch|p2a: Togedemaru|Togedemaru, M|100/100
|move|p1a: Wishiwashi|Scald|p2a: Togedemaru
|-damage|p2a: Togedemaru|54/100
|-status|p2a: Togedemaru|brn
|
|-heal|p2a: Togedemaru|60/100 brn|[from] item: Leftovers
|-heal|p1a: Wishiwashi|78/100 brn|[from] item: Leftovers
|-damage|p2a: Togedemaru|54/100 brn|[from] brn
|-damage|p1a: Wishiwashi|72/100 brn|[from] brn
|upkeep
|turn|10
|j| Wheatum
|l| Wheatum
|
|t:|1668135970
|move|p2a: Togedemaru|U-turn|p1a: Wishiwashi
|-damage|p1a: Wishiwashi|66/100 brn
|
|t:|1668135974
|switch|p2a: Lanturn|Lanturn, M|94/100|[from]move: U-turn
|move|p1a: Wishiwashi|Scald|p2a: Lanturn
|-resisted|p2a: Lanturn
|-damage|p2a: Lanturn|83/100
|
|-heal|p2a: Lanturn|89/100|[from] item: Leftovers
|-heal|p1a: Wishiwashi|72/100 brn|[from] item: Leftovers
|-damage|p1a: Wishiwashi|66/100 brn|[from] brn
|upkeep
|turn|11
|
|t:|1668135988
|switch|p1a: Whimsicott|Whimsicott, F|85/100
|move|p2a: Lanturn|Volt Switch|p1a: Whimsicott
|-resisted|p1a: Whimsicott
|-damage|p1a: Whimsicott|72/100
|
|t:|1668135999
|switch|p2a: Silvally|Silvally-Ghost|100/100|[from]move: Volt Switch
|
|upkeep
|turn|12
|
|t:|1668136005
|move|p1a: Whimsicott|Defog|p2a: Silvally
|-unboost|p2a: Silvally|evasion|1
|-sideend|p1: Sub.L_Lime|Toxic Spikes|[from] move: Defog|[of] p1a: Whimsicott
|move|p2a: Silvally|Multi-Attack|p1a: Whimsicott
|-damage|p1a: Whimsicott|10/100
|
|upkeep
|turn|13
|
|t:|1668136014
|switch|p1a: Scrafty|Scrafty, M|100/100
|-ability|p1a: Scrafty|Intimidate|boost
|-unboost|p2a: Silvally|atk|1
|switch|p2a: Togedemaru|Togedemaru, M|54/100 brn
|
|-heal|p2a: Togedemaru|60/100 brn|[from] item: Leftovers
|-damage|p2a: Togedemaru|54/100 brn|[from] brn
|upkeep
|turn|14
|
|t:|1668136027
|move|p2a: Togedemaru|Spiky Shield|p2a: Togedemaru
|-singleturn|p2a: Togedemaru|move: Protect
|move|p1a: Scrafty|Knock Off|p2a: Togedemaru
|-activate|p2a: Togedemaru|move: Protect
|-damage|p1a: Scrafty|88/100|[from] Spiky Shield|[of] p2a: Togedemaru
|
|-heal|p2a: Togedemaru|60/100 brn|[from] item: Leftovers
|-damage|p2a: Togedemaru|54/100 brn|[from] brn
|upkeep
|turn|15
|
|t:|1668136038
|move|p2a: Togedemaru|U-turn|p1a: Scrafty
|-damage|p1a: Scrafty|80/100
|
|t:|1668136042
|switch|p2a: Weezing|Weezing, F|91/100|[from]move: U-turn
|-ability|p2a: Weezing|Neutralizing Gas
|move|p1a: Scrafty|Knock Off|p2a: Weezing
|-damage|p2a: Weezing|59/100
|
|upkeep
|turn|16
|
|t:|1668136056
|switch|p1a: Wishiwashi|Wishiwashi, M|66/100 brn
|-formechange|p1a: Wishiwashi|Wishiwashi-School||[from] ability: Schooling
|move|p2a: Weezing|Will-O-Wisp|p1a: Wishiwashi|[miss]
|-miss|p2a: Weezing|p1a: Wishiwashi
|
|-heal|p1a: Wishiwashi|72/100 brn|[from] item: Leftovers
|-damage|p1a: Wishiwashi|66/100 brn|[from] brn
|upkeep
|turn|17
|
|t:|1668136067
|-end|p2a: Weezing|ability: Neutralizing Gas
|switch|p2a: Lanturn|Lanturn, M|89/100
|move|p1a: Wishiwashi|U-turn|p2a: Lanturn
|-damage|p2a: Lanturn|75/100
|
|t:|1668136076
|switch|p1a: Scrafty|Scrafty, M|80/100|[from]move: U-turn
|-ability|p1a: Scrafty|Intimidate|boost
|-unboost|p2a: Lanturn|atk|1
|
|-heal|p2a: Lanturn|81/100|[from] item: Leftovers
|upkeep
|turn|18
|
|t:|1668136084
|switch|p2a: Weezing|Weezing, F|59/100
|-ability|p2a: Weezing|Neutralizing Gas
|move|p1a: Scrafty|Knock Off|p2a: Weezing
|-damage|p2a: Weezing|30/100
|
|upkeep
|turn|19
|
|t:|1668136092
|switch|p1a: Wishiwashi|Wishiwashi, M|66/100 brn
|-formechange|p1a: Wishiwashi|Wishiwashi-School||[from] ability: Schooling
|move|p2a: Weezing|Pain Split|p1a: Wishiwashi
|-sethp|p1a: Wishiwashi|49/100 brn|[from] move: Pain Split|[silent]
|-sethp|p2a: Weezing|46/100|[from] move: Pain Split
|
|-heal|p1a: Wishiwashi|55/100 brn|[from] item: Leftovers
|-damage|p1a: Wishiwashi|49/100 brn|[from] brn
|upkeep
|turn|20
|
|t:|1668136105
|move|p2a: Weezing|Toxic Spikes|p1a: Wishiwashi
|-sidestart|p1: Sub.L_Lime|move: Toxic Spikes
|move|p1a: Wishiwashi|Scald|p2a: Weezing
|-damage|p2a: Weezing|0 fnt
|faint|p2a: Weezing
|-end|p2a: Weezing|ability: Neutralizing Gas
|
|-heal|p1a: Wishiwashi|55/100 brn|[from] item: Leftovers
|-damage|p1a: Wishiwashi|49/100 brn|[from] brn
|upkeep
|j| Sneakyplanner
|
|t:|1668136119
|switch|p2a: Scrafty|Scrafty, F|100/100
|turn|21
|
|t:|1668136128
|move|p2a: Scrafty|Knock Off|p1a: Wishiwashi
|-damage|p1a: Wishiwashi|26/100 brn
|-enditem|p1a: Wishiwashi|Leftovers|[from] move: Knock Off|[of] p2a: Scrafty
|move|p1a: Wishiwashi|U-turn|p2a: Scrafty
|-damage|p2a: Scrafty|92/100
|
|t:|1668136145
|switch|p1a: Archeops|Archeops, F|100/100|[from]move: U-turn
|
|-heal|p2a: Scrafty|98/100|[from] item: Leftovers
|upkeep
|turn|22
|
|t:|1668136155
|switch|p2a: Claydol|Claydol|100/100
|move|p1a: Archeops|U-turn|p2a: Claydol
|-supereffective|p2a: Claydol
|-damage|p2a: Claydol|66/100
|
|t:|1668136177
|switch|p1a: Whimsicott|Whimsicott, F|10/100|[from]move: U-turn
|
|upkeep
|turn|23
|
|t:|1668136187
|move|p1a: Whimsicott|Defog|p2a: Claydol
|-unboost|p2a: Claydol|evasion|1
|-sideend|p1: Sub.L_Lime|Toxic Spikes|[from] move: Defog|[of] p1a: Whimsicott
|move|p2a: Claydol|Rapid Spin|p1a: Whimsicott
|-damage|p1a: Whimsicott|0 fnt
|-boost|p2a: Claydol|spe|1
|faint|p1a: Whimsicott
|
|upkeep
|
|t:|1668136198
|switch|p1a: Scrafty|Scrafty, M|80/100
|-ability|p1a: Scrafty|Intimidate|boost
|-unboost|p2a: Claydol|atk|1
|turn|24
|
|t:|1668136210
|switch|p2a: Togedemaru|Togedemaru, M|54/100 brn
|move|p1a: Scrafty|Close Combat|p2a: Togedemaru
|-supereffective|p2a: Togedemaru
|-damage|p2a: Togedemaru|0 fnt
|-unboost|p1a: Scrafty|def|1
|-unboost|p1a: Scrafty|spd|1
|-damage|p1a: Scrafty|68/100|[from] ability: Iron Barbs|[of] p2a: Togedemaru
|faint|p2a: Togedemaru
|
|upkeep
|
|t:|1668136222
|switch|p2a: Silvally|Silvally-Ghost|100/100
|turn|25
|
|t:|1668136228
|switch|p1a: Stunfisk|Stunfisk-Galar, M|100/100
|move|p2a: Silvally|Swords Dance|p2a: Silvally
|-boost|p2a: Silvally|atk|2
|
|upkeep
|turn|26
|
|t:|1668136236
|move|p2a: Silvally|Multi-Attack|p1a: Stunfisk
|-damage|p1a: Stunfisk|12/100
|move|p1a: Stunfisk|Thunder Wave|p2a: Silvally
|-status|p2a: Silvally|par
|
|-heal|p1a: Stunfisk|19/100|[from] item: Leftovers
|upkeep
|turn|27
|
|t:|1668136246
|move|p2a: Silvally|Multi-Attack|p1a: Stunfisk
|-damage|p1a: Stunfisk|0 fnt
|faint|p1a: Stunfisk
|
|upkeep
|
|t:|1668136253
|switch|p1a: Scrafty|Scrafty, M|68/100
|-ability|p1a: Scrafty|Intimidate|boost
|-unboost|p2a: Silvally|atk|1
|turn|28
|
|t:|1668136258
|switch|p2a: Scrafty|Scrafty, F|98/100
|move|p1a: Scrafty|Close Combat|p2a: Scrafty
|-supereffective|p2a: Scrafty
|-damage|p2a: Scrafty|0 fnt
|-unboost|p1a: Scrafty|def|1
|-unboost|p1a: Scrafty|spd|1
|faint|p2a: Scrafty
|
|upkeep
|
|t:|1668136269
|switch|p2a: Claydol|Claydol|66/100
|turn|29
|
|t:|1668136275
|switch|p1a: Archeops|Archeops, F|100/100
|move|p2a: Claydol|Stealth Rock|p1a: Archeops
|-sidestart|p1: Sub.L_Lime|move: Stealth Rock
|
|upkeep
|turn|30
|
|t:|1668136284
|switch|p2a: Lanturn|Lanturn, M|81/100
|move|p1a: Archeops|Dual Wingbeat|p2a: Lanturn
|-resisted|p2a: Lanturn
|-damage|p2a: Lanturn|68/100
|-resisted|p2a: Lanturn
|-damage|p2a: Lanturn|55/100
|-hitcount|p2a: Lanturn|2
|
|-heal|p2a: Lanturn|61/100|[from] item: Leftovers
|upkeep
|turn|31
|
|t:|1668136296
|move|p1a: Archeops|Stone Edge|p2a: Lanturn
|-damage|p2a: Lanturn|2/100
|move|p2a: Lanturn|Heal Bell|p2a: Lanturn
|-activate|p2a: Lanturn|move: Heal Bell
|-curestatus|p2: Silvally|par|[msg]
|
|-heal|p2a: Lanturn|8/100|[from] item: Leftovers
|upkeep
|turn|32
|
|t:|1668136307
|move|p1a: Archeops|U-turn|p2a: Lanturn
|-damage|p2a: Lanturn|0 fnt
|faint|p2a: Lanturn
|
|t:|1668136314
|switch|p1a: Scrafty|Scrafty, M|68/100|[from]move: U-turn
|-damage|p1a: Scrafty|62/100|[from] Stealth Rock
|
|upkeep
|
|t:|1668136321
|switch|p2a: Claydol|Claydol|66/100
|turn|33
|
|t:|1668136326
|move|p2a: Claydol|Toxic|p1a: Scrafty
|-status|p1a: Scrafty|tox
|move|p1a: Scrafty|Knock Off|p2a: Claydol
|-supereffective|p2a: Claydol
|-damage|p2a: Claydol|0 fnt
|-enditem|p2a: Claydol|Choice Scarf|[from] move: Knock Off|[of] p1a: Scrafty
|faint|p2a: Claydol
|
|-damage|p1a: Scrafty|56/100 tox|[from] psn
|upkeep
|
|t:|1668136337
|switch|p2a: Silvally|Silvally-Ghost|100/100
|turn|34
|
|t:|1668136343
|move|p2a: Silvally|Swords Dance|p2a: Silvally
|-boost|p2a: Silvally|atk|2
|move|p1a: Scrafty|Knock Off|p2a: Silvally
|-supereffective|p2a: Silvally
|-damage|p2a: Silvally|21/100
|
|-damage|p1a: Scrafty|44/100 tox|[from] psn
|upkeep
|turn|35
|
|t:|1668136353
|switch|p1a: Wishiwashi|Wishiwashi, M|26/100 brn
|-damage|p1a: Wishiwashi|14/100 brn|[from] Stealth Rock
|move|p2a: Silvally|Multi-Attack|p1a: Wishiwashi
|-damage|p1a: Wishiwashi|0 fnt
|faint|p1a: Wishiwashi
|
|upkeep
|
|t:|1668136362
|switch|p1a: Scrafty|Scrafty, M|44/100 tox
|-damage|p1a: Scrafty|38/100 tox|[from] Stealth Rock
|-ability|p1a: Scrafty|Intimidate|boost
|-unboost|p2a: Silvally|atk|1
|turn|36
|j| BrunoUY
|
|t:|1668136368
|move|p2a: Silvally|Multi-Attack|p1a: Scrafty
|-resisted|p1a: Scrafty
|-damage|p1a: Scrafty|0 fnt
|faint|p1a: Scrafty
|
|upkeep
|
|t:|1668136381
|switch|p1a: Archeops|Archeops, F|100/100
|turn|37
|
|t:|1668136385
|move|p1a: Archeops|Stone Edge|p2a: Silvally
|-damage|p2a: Silvally|0 fnt
|faint|p2a: Silvally
|
|win|Sub.L_Lime
|n|☆Sub.L_Lime|subllime
|n|☆07l中国大妈|07l
|n|*Lady Monita ☽|ladymonita
|n| Sneakyplanner|sneakyplanner
|n| BrunoUY|brunouy
|l|*Lady Monita ☽
|c|☆Sub.L_Lime|ggwp
|l|☆07l中国大妈
|l| Sneakyplanner
