|j|☆GammaGoGamma
|j|☆Paratrooper69
|t:|1632924883
|gametype|singles
|player|p1|GammaGoGamma|giovanni|
|player|p2|Paratrooper69|ruinmaniac|
|teamsize|p1|6
|teamsize|p2|6
|gen|8
|tier|[Gen 8] PU
|rated|Tournament battle
|rule|Sleep Clause Mod: Limit one foe put to sleep
|rule|Species Clause: Limit one of each Pokémon
|rule|OHKO Clause: OHKO moves are banned
|rule|Evasion Moves Clause: Evasion moves are banned
|rule|Endless Battle Clause: Forcing endless battles is banned
|rule|HP Percentage Mod: HP is shown in percentages
|rule|Dynamax Clause: You cannot dynamax
|clearpoke
|poke|p1|Ferroseed, M|
|poke|p1|Gigalith, F|
|poke|p1|Jellicent, M|
|poke|p1|Passimian, F|
|poke|p1|Archeops, M|
|poke|p1|Charizard, F|
|poke|p2|Whimsicott, F|
|poke|p2|Archeops, M|
|poke|p2|Galvantula, F|
|poke|p2|Falinks|
|poke|p2|Articuno-Galar|
|poke|p2|Scrafty, M|
|teampreview
|inactive|Battle timer is ON: inactive players will automatically lose when time's up. (requested by Paratrooper69)
|j| bergenser
|j| Oreotrague
|l| Oreotrague
|j| alpaga du sud
|
|t:|1632924907
|start
|switch|p1a: Jellicent|Jellicent, M|100/100
|switch|p2a: Cotton Ball|Whimsicott, F|100/100
|turn|1
|
|t:|1632924912
|move|p2a: Cotton Ball|Substitute|p2a: Cotton Ball
|-start|p2a: Cotton Ball|Substitute
|-damage|p2a: Cotton Ball|76/100
|move|p1a: Jellicent|Will-O-Wisp||[still]
|-fail|p1a: Jellicent
|
|-heal|p2a: Cotton Ball|82/100|[from] item: Leftovers
|upkeep
|turn|2
|
|t:|1632924916
|switch|p1a: Ferroseed|Ferroseed, M, shiny|100/100
|move|p2a: Cotton Ball|Encore||[still]
|-fail|p2a: Cotton Ball
|
|-heal|p2a: Cotton Ball|88/100|[from] item: Leftovers
|upkeep
|turn|3
|
|t:|1632924919
|move|p2a: Cotton Ball|Moonblast|p1a: Ferroseed
|-resisted|p1a: Ferroseed
|-damage|p1a: Ferroseed|90/100
|move|p1a: Ferroseed|Gyro Ball|p2a: Cotton Ball
|-supereffective|p2a: Cotton Ball
|-end|p2a: Cotton Ball|Substitute
|
|-heal|p2a: Cotton Ball|94/100|[from] item: Leftovers
|upkeep
|turn|4
|
|t:|1632924925
|move|p2a: Cotton Ball|Substitute|p2a: Cotton Ball
|-start|p2a: Cotton Ball|Substitute
|-damage|p2a: Cotton Ball|70/100
|move|p1a: Ferroseed|Spikes|p2a: Cotton Ball
|-sidestart|p2: Paratrooper69|Spikes
|
|-heal|p2a: Cotton Ball|76/100|[from] item: Leftovers
|upkeep
|turn|5
|
|t:|1632924932
|switch|p1a: Passimian|Passimian, F|100/100
|move|p2a: Cotton Ball|Encore||[still]
|-fail|p2a: Cotton Ball
|
|-heal|p2a: Cotton Ball|82/100|[from] item: Leftovers
|upkeep
|turn|6
|
|t:|1632924935
|move|p1a: Passimian|U-turn|p2a: Cotton Ball
|-activate|p2a: Cotton Ball|move: Substitute|[damage]
|
|t:|1632924938
|switch|p1a: Ferroseed|Ferroseed, M, shiny|90/100|[from]move: U-turn
|move|p2a: Cotton Ball|Moonblast|p1a: Ferroseed
|-resisted|p1a: Ferroseed
|-damage|p1a: Ferroseed|79/100
|
|-heal|p2a: Cotton Ball|88/100|[from] item: Leftovers
|upkeep
|turn|7
|
|t:|1632924941
|move|p2a: Cotton Ball|Moonblast|p1a: Ferroseed
|-resisted|p1a: Ferroseed
|-damage|p1a: Ferroseed|67/100
|-unboost|p1a: Ferroseed|spa|1
|move|p1a: Ferroseed|Gyro Ball|p2a: Cotton Ball
|-supereffective|p2a: Cotton Ball
|-end|p2a: Cotton Ball|Substitute
|
|-heal|p2a: Cotton Ball|94/100|[from] item: Leftovers
|upkeep
|turn|8
|j|@ptf
|inactive|GammaGoGamma has 120 seconds left.
|
|t:|1632924973
|move|p2a: Cotton Ball|Substitute|p2a: Cotton Ball
|-start|p2a: Cotton Ball|Substitute
|-damage|p2a: Cotton Ball|70/100
|move|p1a: Ferroseed|Gyro Ball|p2a: Cotton Ball
|-supereffective|p2a: Cotton Ball
|-end|p2a: Cotton Ball|Substitute
|
|-heal|p2a: Cotton Ball|76/100|[from] item: Leftovers
|upkeep
|turn|9
|
|t:|1632924977
|move|p2a: Cotton Ball|Substitute|p2a: Cotton Ball
|-start|p2a: Cotton Ball|Substitute
|-damage|p2a: Cotton Ball|51/100
|move|p1a: Ferroseed|Spikes|p2a: Cotton Ball
|-sidestart|p2: Paratrooper69|Spikes
|
|-heal|p2a: Cotton Ball|57/100|[from] item: Leftovers
|upkeep
|turn|10
|
|t:|1632924980
|move|p2a: Cotton Ball|Encore|p1a: Ferroseed
|-start|p1a: Ferroseed|Encore
|move|p1a: Ferroseed|Spikes|p2a: Cotton Ball
|-sidestart|p2: Paratrooper69|Spikes
|
|-heal|p2a: Cotton Ball|63/100|[from] item: Leftovers
|upkeep
|turn|11
|
|t:|1632924982
|switch|p1a: Charizard|Charizard, F, shiny|100/100
|move|p2a: Cotton Ball|Moonblast|p1a: Charizard
|-resisted|p1a: Charizard
|-damage|p1a: Charizard|84/100
|
|-heal|p2a: Cotton Ball|70/100|[from] item: Leftovers
|upkeep
|turn|12
|
|t:|1632924985
|move|p2a: Cotton Ball|Leech Seed|p1a: Charizard
|-start|p1a: Charizard|move: Leech Seed
|move|p1a: Charizard|Fire Blast|p2a: Cotton Ball
|-supereffective|p2a: Cotton Ball
|-end|p2a: Cotton Ball|Substitute
|
|-heal|p2a: Cotton Ball|76/100|[from] item: Leftovers
|-damage|p1a: Charizard|71/100|[from] Leech Seed|[of] p2a: Cotton Ball
|-heal|p2a: Cotton Ball|87/100|[silent]
|upkeep
|turn|13
|
|t:|1632924988
|move|p2a: Cotton Ball|Substitute|p2a: Cotton Ball
|-start|p2a: Cotton Ball|Substitute
|-damage|p2a: Cotton Ball|62/100
|move|p1a: Charizard|Roost|p1a: Charizard
|-heal|p1a: Charizard|100/100
|-singleturn|p1a: Charizard|move: Roost
|
|-heal|p2a: Cotton Ball|69/100|[from] item: Leftovers
|-damage|p1a: Charizard|88/100|[from] Leech Seed|[of] p2a: Cotton Ball
|-heal|p2a: Cotton Ball|80/100|[silent]
|upkeep
|turn|14
|
|t:|1632924993
|switch|p1a: Ferroseed|Ferroseed, M, shiny|67/100
|move|p2a: Cotton Ball|Encore||[still]
|-fail|p2a: Cotton Ball
|
|-heal|p2a: Cotton Ball|86/100|[from] item: Leftovers
|upkeep
|turn|15
|
|t:|1632924996
|move|p2a: Cotton Ball|Moonblast|p1a: Ferroseed
|-resisted|p1a: Ferroseed
|-damage|p1a: Ferroseed|57/100
|move|p1a: Ferroseed|Gyro Ball|p2a: Cotton Ball
|-supereffective|p2a: Cotton Ball
|-end|p2a: Cotton Ball|Substitute
|
|-heal|p2a: Cotton Ball|92/100|[from] item: Leftovers
|upkeep
|turn|16
|
|t:|1632925000
|switch|p1a: Charizard|Charizard, F, shiny|88/100
|move|p2a: Cotton Ball|Substitute|p2a: Cotton Ball
|-start|p2a: Cotton Ball|Substitute
|-damage|p2a: Cotton Ball|68/100
|
|-heal|p2a: Cotton Ball|74/100|[from] item: Leftovers
|upkeep
|turn|17
|
|t:|1632925004
|move|p2a: Cotton Ball|Leech Seed|p1a: Charizard
|-start|p1a: Charizard|move: Leech Seed
|move|p1a: Charizard|Fire Blast|p2a: Cotton Ball
|-supereffective|p2a: Cotton Ball
|-end|p2a: Cotton Ball|Substitute
|
|-heal|p2a: Cotton Ball|80/100|[from] item: Leftovers
|-damage|p1a: Charizard|76/100|[from] Leech Seed|[of] p2a: Cotton Ball
|-heal|p2a: Cotton Ball|92/100|[silent]
|upkeep
|turn|18
|
|t:|1632925016
|switch|p1a: Ferroseed|Ferroseed, M, shiny|57/100
|switch|p2a: Ice Age Birb|Articuno-Galar|100/100
|
|upkeep
|turn|19
|
|t:|1632925019
|move|p2a: Ice Age Birb|Air Slash|p1a: Ferroseed
|-damage|p1a: Ferroseed|21/100
|move|p1a: Ferroseed|Leech Seed|p2a: Ice Age Birb
|-start|p2a: Ice Age Birb|move: Leech Seed
|
|-damage|p2a: Ice Age Birb|88/100|[from] Leech Seed|[of] p1a: Ferroseed
|-heal|p1a: Ferroseed|35/100|[silent]
|upkeep
|turn|20
|
|t:|1632925025
|move|p1a: Ferroseed|Protect|p1a: Ferroseed
|-singleturn|p1a: Ferroseed|Protect
|move|p2a: Ice Age Birb|Air Slash|p1a: Ferroseed
|-activate|p1a: Ferroseed|move: Protect
|
|-damage|p2a: Ice Age Birb|76/100|[from] Leech Seed|[of] p1a: Ferroseed
|-heal|p1a: Ferroseed|49/100|[silent]
|upkeep
|turn|21
|inactive|GammaGoGamma has 120 seconds left.
|inactive|Paratrooper69 has 120 seconds left.
|
|t:|1632925067
|switch|p2a: Spider Pog|Galvantula, F|100/100
|-damage|p2a: Spider Pog|76/100|[from] Spikes
|switch|p1a: Gigalith|Gigalith, F, shiny|100/100
|-weather|Sandstorm|[from] ability: Sand Stream|[of] p1a: Gigalith
|
|-weather|Sandstorm|[upkeep]
|-damage|p2a: Spider Pog|70/100|[from] Sandstorm
|upkeep
|turn|22
|
|t:|1632925071
|move|p2a: Spider Pog|Sticky Web|p1a: Gigalith
|-sidestart|p1: GammaGoGamma|move: Sticky Web
|move|p1a: Gigalith|Rock Blast|p2a: Spider Pog
|-supereffective|p2a: Spider Pog
|-damage|p2a: Spider Pog|24/100
|-supereffective|p2a: Spider Pog
|-damage|p2a: Spider Pog|0 fnt
|faint|p2a: Spider Pog
|-hitcount|p2: Spider Pog|2
|
|-weather|Sandstorm|[upkeep]
|upkeep
|
|t:|1632925075
|switch|p2a: Insert Meme Here|Falinks|100/100
|-damage|p2a: Insert Meme Here|75/100|[from] Spikes
|turn|23
|c|@ptf|in
|inactive|GammaGoGamma has 120 seconds left.
|
|t:|1632925090
|move|p2a: Insert Meme Here|No Retreat|p2a: Insert Meme Here
|-boost|p2a: Insert Meme Here|atk|1
|-boost|p2a: Insert Meme Here|def|1
|-boost|p2a: Insert Meme Here|spa|1
|-boost|p2a: Insert Meme Here|spd|1
|-boost|p2a: Insert Meme Here|spe|1
|-start|p2a: Insert Meme Here|move: No Retreat
|move|p1a: Gigalith|Toxic|p2a: Insert Meme Here
|-status|p2a: Insert Meme Here|tox
|-enditem|p2a: Insert Meme Here|Lum Berry|[eat]
|-curestatus|p2a: Insert Meme Here|tox|[msg]
|
|-weather|Sandstorm|[upkeep]
|-damage|p2a: Insert Meme Here|69/100|[from] Sandstorm
|upkeep
|turn|24
|
|t:|1632925094
|switch|p1a: Jellicent|Jellicent, M|100/100
|-activate|p1a: Jellicent|move: Sticky Web
|-unboost|p1a: Jellicent|spe|1
|move|p2a: Insert Meme Here|Close Combat|p1a: Jellicent
|-immune|p1a: Jellicent
|
|-weather|Sandstorm|[upkeep]
|-damage|p2a: Insert Meme Here|63/100|[from] Sandstorm
|-damage|p1a: Jellicent|94/100|[from] Sandstorm
|upkeep
|turn|25
|
|t:|1632925097
|move|p2a: Insert Meme Here|Throat Chop|p1a: Jellicent
|-supereffective|p1a: Jellicent
|-enditem|p1a: Jellicent|Colbur Berry|[eat]
|-enditem|p1a: Jellicent|Colbur Berry|[weaken]
|-damage|p1a: Jellicent|68/100
|-start|p1a: Jellicent|Throat Chop|[silent]
|-start|p2a: Insert Meme Here|Disable|Throat Chop|[from] ability: Cursed Body|[of] p1a: Jellicent
|move|p1a: Jellicent|Will-O-Wisp|p2a: Insert Meme Here
|-status|p2a: Insert Meme Here|brn
|
|-weather|none
|-damage|p2a: Insert Meme Here|57/100 brn|[from] brn
|upkeep
|turn|26
|
|t:|1632925104
|move|p2a: Insert Meme Here|Poison Jab|p1a: Jellicent
|-resisted|p1a: Jellicent
|-damage|p1a: Jellicent|62/100
|move|p1a: Jellicent|Recover|p1a: Jellicent
|-heal|p1a: Jellicent|100/100
|
|-damage|p2a: Insert Meme Here|50/100 brn|[from] brn
|-end|p1a: Jellicent|Throat Chop|[silent]
|upkeep
|turn|27
|
|t:|1632925107
|move|p2a: Insert Meme Here|Poison Jab|p1a: Jellicent
|-resisted|p1a: Jellicent
|-damage|p1a: Jellicent|94/100
|move|p1a: Jellicent|Hex|p2a: Insert Meme Here
|-damage|p2a: Insert Meme Here|0 fnt
|faint|p2a: Insert Meme Here
|
|upkeep
|
|t:|1632925114
|switch|p2a: Ice Age Birb|Articuno-Galar|76/100
|turn|28
|
|t:|1632925118
|switch|p1a: Gigalith|Gigalith, F, shiny|100/100
|-activate|p1a: Gigalith|move: Sticky Web
|-unboost|p1a: Gigalith|spe|1
|-weather|Sandstorm|[from] ability: Sand Stream|[of] p1a: Gigalith
|move|p2a: Ice Age Birb|Freezing Glare|p1a: Gigalith
|-damage|p1a: Gigalith|76/100
|
|-weather|Sandstorm|[upkeep]
|-damage|p2a: Ice Age Birb|69/100|[from] Sandstorm
|-heal|p1a: Gigalith|83/100|[from] item: Leftovers
|upkeep
|turn|29
|
|t:|1632925145
|move|p2a: Ice Age Birb|Freezing Glare|p1a: Gigalith
|-damage|p1a: Gigalith|58/100
|move|p1a: Gigalith|Stealth Rock|p2a: Ice Age Birb
|-sidestart|p2: Paratrooper69|move: Stealth Rock
|
|-weather|Sandstorm|[upkeep]
|-damage|p2a: Ice Age Birb|63/100|[from] Sandstorm
|-heal|p1a: Gigalith|64/100|[from] item: Leftovers
|upkeep
|turn|30
|
|t:|1632925150
|move|p2a: Ice Age Birb|Freezing Glare|p1a: Gigalith
|-damage|p1a: Gigalith|41/100
|move|p1a: Gigalith|Rock Blast|p2a: Ice Age Birb
|-supereffective|p2a: Ice Age Birb
|-damage|p2a: Ice Age Birb|34/100
|-supereffective|p2a: Ice Age Birb
|-damage|p2a: Ice Age Birb|5/100
|-supereffective|p2a: Ice Age Birb
|-damage|p2a: Ice Age Birb|0 fnt
|faint|p2a: Ice Age Birb
|-hitcount|p2: Ice Age Birb|3
|
|-weather|Sandstorm|[upkeep]
|-heal|p1a: Gigalith|47/100|[from] item: Leftovers
|upkeep
|
|t:|1632925153
|switch|p2a: Stone Age Birb|Archeops, M|100/100
|-damage|p2a: Stone Age Birb|76/100|[from] Stealth Rock
|turn|31
|
|t:|1632925155
|move|p2a: Stone Age Birb|Earthquake|p1a: Gigalith
|-supereffective|p1a: Gigalith
|-damage|p1a: Gigalith|0 fnt
|faint|p1a: Gigalith
|
|-weather|Sandstorm|[upkeep]
|-heal|p2a: Stone Age Birb|82/100|[from] item: Leftovers
|upkeep
|
|t:|1632925160
|switch|p1a: Jellicent|Jellicent, M|94/100
|-activate|p1a: Jellicent|move: Sticky Web
|-unboost|p1a: Jellicent|spe|1
|turn|32
|
|t:|1632925163
|switch|p2a: Cotton Ball|Whimsicott, F|92/100
|-damage|p2a: Cotton Ball|79/100|[from] Stealth Rock
|-damage|p2a: Cotton Ball|54/100|[from] Spikes
|move|p1a: Jellicent|Will-O-Wisp|p2a: Cotton Ball
|-status|p2a: Cotton Ball|brn
|
|-weather|none
|-heal|p2a: Cotton Ball|61/100 brn|[from] item: Leftovers
|-damage|p2a: Cotton Ball|54/100 brn|[from] brn
|upkeep
|turn|33
|
|t:|1632925172
|switch|p1a: Charizard|Charizard, F, shiny|76/100
|move|p2a: Cotton Ball|Leech Seed|p1a: Charizard
|-start|p1a: Charizard|move: Leech Seed
|
|-heal|p2a: Cotton Ball|61/100 brn|[from] item: Leftovers
|-damage|p1a: Charizard|63/100|[from] Leech Seed|[of] p2a: Cotton Ball
|-heal|p2a: Cotton Ball|72/100 brn|[silent]
|-damage|p2a: Cotton Ball|66/100 brn|[from] brn
|upkeep
|turn|34
|
|t:|1632925177
|move|p2a: Cotton Ball|Substitute|p2a: Cotton Ball
|-start|p2a: Cotton Ball|Substitute
|-damage|p2a: Cotton Ball|41/100 brn
|move|p1a: Charizard|Roost|p1a: Charizard
|-heal|p1a: Charizard|100/100
|-singleturn|p1a: Charizard|move: Roost
|
|-heal|p2a: Cotton Ball|47/100 brn|[from] item: Leftovers
|-damage|p1a: Charizard|88/100|[from] Leech Seed|[of] p2a: Cotton Ball
|-heal|p2a: Cotton Ball|59/100 brn|[silent]
|-damage|p2a: Cotton Ball|53/100 brn|[from] brn
|upkeep
|turn|35
|
|t:|1632925182
|move|p1a: Charizard|Fire Blast|p2a: Cotton Ball
|-supereffective|p2a: Cotton Ball
|-end|p2a: Cotton Ball|Substitute
|move|p2a: Cotton Ball|Moonblast|p1a: Charizard
|-resisted|p1a: Charizard
|-damage|p1a: Charizard|72/100
|-unboost|p1a: Charizard|spa|1
|
|-heal|p2a: Cotton Ball|59/100 brn|[from] item: Leftovers
|-damage|p1a: Charizard|59/100|[from] Leech Seed|[of] p2a: Cotton Ball
|-heal|p2a: Cotton Ball|70/100 brn|[silent]
|-damage|p2a: Cotton Ball|64/100 brn|[from] brn
|upkeep
|turn|36
|
|t:|1632925185
|switch|p1a: Ferroseed|Ferroseed, M, shiny|49/100
|-activate|p1a: Ferroseed|move: Sticky Web
|-unboost|p1a: Ferroseed|spe|1
|move|p2a: Cotton Ball|Substitute|p2a: Cotton Ball
|-start|p2a: Cotton Ball|Substitute
|-damage|p2a: Cotton Ball|39/100 brn
|
|-heal|p2a: Cotton Ball|45/100 brn|[from] item: Leftovers
|-damage|p2a: Cotton Ball|39/100 brn|[from] brn
|upkeep
|turn|37
|
|t:|1632925189
|move|p2a: Cotton Ball|Moonblast|p1a: Ferroseed
|-resisted|p1a: Ferroseed
|-damage|p1a: Ferroseed|36/100
|-unboost|p1a: Ferroseed|spa|1
|move|p1a: Ferroseed|Gyro Ball|p2a: Cotton Ball
|-supereffective|p2a: Cotton Ball
|-end|p2a: Cotton Ball|Substitute
|
|-heal|p2a: Cotton Ball|45/100 brn|[from] item: Leftovers
|-damage|p2a: Cotton Ball|39/100 brn|[from] brn
|upkeep
|turn|38
|
|t:|1632925196
|move|p2a: Cotton Ball|Substitute|p2a: Cotton Ball
|-start|p2a: Cotton Ball|Substitute
|-damage|p2a: Cotton Ball|14/100 brn
|move|p1a: Ferroseed|Gyro Ball|p2a: Cotton Ball
|-supereffective|p2a: Cotton Ball
|-end|p2a: Cotton Ball|Substitute
|
|-heal|p2a: Cotton Ball|21/100 brn|[from] item: Leftovers
|-damage|p2a: Cotton Ball|14/100 brn|[from] brn
|upkeep
|turn|39
|
|t:|1632925198
|move|p2a: Cotton Ball|Encore|p1a: Ferroseed
|-start|p1a: Ferroseed|Encore
|move|p1a: Ferroseed|Gyro Ball|p2a: Cotton Ball
|-supereffective|p2a: Cotton Ball
|-damage|p2a: Cotton Ball|0 fnt
|faint|p2a: Cotton Ball
|
|upkeep
|
|t:|1632925199
|switch|p2a: Lizard Head|Scrafty, M|100/100
|-damage|p2a: Lizard Head|95/100|[from] Stealth Rock
|-damage|p2a: Lizard Head|70/100|[from] Spikes
|turn|40
|
|t:|1632925203
|switch|p1a: Charizard|Charizard, F, shiny|59/100
|move|p2a: Lizard Head|Dragon Dance|p2a: Lizard Head
|-boost|p2a: Lizard Head|atk|1
|-boost|p2a: Lizard Head|spe|1
|
|upkeep
|turn|41
|
|t:|1632925208
|move|p2a: Lizard Head|Facade|p1a: Charizard
|-damage|p1a: Charizard|18/100
|move|p1a: Charizard|Hurricane|p2a: Lizard Head|[miss]
|-miss|p1a: Charizard|p2a: Lizard Head
|
|upkeep
|turn|42
|
|t:|1632925213
|move|p2a: Lizard Head|Facade|p1a: Charizard
|-damage|p1a: Charizard|0 fnt
|faint|p1a: Charizard
|-ability|p2a: Lizard Head|Moxie|boost
|-boost|p2a: Lizard Head|atk|1
|
|upkeep
|
|t:|1632925215
|switch|p1a: Passimian|Passimian, F|100/100
|-activate|p1a: Passimian|move: Sticky Web
|-unboost|p1a: Passimian|spe|1
|-ability|p1a: Passimian|Defiant
|-boost|p1a: Passimian|atk|2
|turn|43
|
|t:|1632925219
|move|p2a: Lizard Head|High Jump Kick|p1a: Passimian
|-damage|p1a: Passimian|0 fnt
|faint|p1a: Passimian
|-ability|p2a: Lizard Head|Moxie|boost
|-boost|p2a: Lizard Head|atk|1
|
|upkeep
|
|t:|1632925223
|switch|p1a: Jellicent|Jellicent, M|94/100
|-activate|p1a: Jellicent|move: Sticky Web
|-unboost|p1a: Jellicent|spe|1
|turn|44
|
|t:|1632925226
|move|p2a: Lizard Head|Iron Head|p1a: Jellicent
|-resisted|p1a: Jellicent
|-damage|p1a: Jellicent|73/100
|-start|p2a: Lizard Head|Disable|Iron Head|[from] ability: Cursed Body|[of] p1a: Jellicent
|move|p1a: Jellicent|Will-O-Wisp|p2a: Lizard Head
|-status|p2a: Lizard Head|brn
|
|-damage|p2a: Lizard Head|64/100 brn|[from] brn
|upkeep
|turn|45
|
|t:|1632925235
|move|p2a: Lizard Head|Facade|p1a: Jellicent
|-immune|p1a: Jellicent
|move|p1a: Jellicent|Will-O-Wisp|p2a: Lizard Head
|-fail|p2a: Lizard Head|brn
|
|-damage|p2a: Lizard Head|58/100 brn|[from] brn
|upkeep
|turn|46
|
|t:|1632925237
|move|p2a: Lizard Head|Facade|p1a: Jellicent
|-immune|p1a: Jellicent
|move|p1a: Jellicent|Hex|p2a: Lizard Head
|-resisted|p2a: Lizard Head
|-damage|p2a: Lizard Head|35/100 brn
|
|-damage|p2a: Lizard Head|29/100 brn|[from] brn
|upkeep
|turn|47
|
|t:|1632925241
|move|p2a: Lizard Head|Facade|p1a: Jellicent
|-immune|p1a: Jellicent
|move|p1a: Jellicent|Recover|p1a: Jellicent
|-heal|p1a: Jellicent|100/100
|
|-damage|p2a: Lizard Head|23/100 brn|[from] brn
|-end|p2a: Lizard Head|Disable
|upkeep
|turn|48
|
|t:|1632925244
|move|p2a: Lizard Head|Iron Head|p1a: Jellicent
|-resisted|p1a: Jellicent
|-crit|p1a: Jellicent
|-damage|p1a: Jellicent|84/100
|cant|p1a: Jellicent|flinch
|
|-damage|p2a: Lizard Head|17/100 brn|[from] brn
|upkeep
|turn|49
|
|t:|1632925248
|move|p2a: Lizard Head|Iron Head|p1a: Jellicent
|-resisted|p1a: Jellicent
|-damage|p1a: Jellicent|75/100
|move|p1a: Jellicent|Hex|p2a: Lizard Head
|-resisted|p2a: Lizard Head
|-damage|p2a: Lizard Head|0 fnt
|faint|p2a: Lizard Head
|
|upkeep
|
|t:|1632925249
|switch|p2a: Stone Age Birb|Archeops, M|82/100
|-damage|p2a: Stone Age Birb|57/100|[from] Stealth Rock
|turn|50
|
|t:|1632925255
|move|p2a: Stone Age Birb|Dual Wingbeat|p1a: Jellicent
|-damage|p1a: Jellicent|58/100
|-damage|p1a: Jellicent|40/100
|-hitcount|p1a: Jellicent|2
|move|p1a: Jellicent|Will-O-Wisp|p2a: Stone Age Birb
|-status|p2a: Stone Age Birb|brn
|
|-heal|p2a: Stone Age Birb|63/100 brn|[from] item: Leftovers
|-damage|p2a: Stone Age Birb|57/100 brn|[from] brn
|upkeep
|turn|51
|
|t:|1632925258
|move|p2a: Stone Age Birb|Roost|p2a: Stone Age Birb
|-heal|p2a: Stone Age Birb|100/100 brn
|-singleturn|p2a: Stone Age Birb|move: Roost
|move|p1a: Jellicent|Recover|p1a: Jellicent
|-heal|p1a: Jellicent|90/100
|
|-damage|p2a: Stone Age Birb|94/100 brn|[from] brn
|upkeep
|turn|52
|
|t:|1632925260
|move|p2a: Stone Age Birb|Stone Edge|p1a: Jellicent|[miss]
|-miss|p2a: Stone Age Birb|p1a: Jellicent
|move|p1a: Jellicent|Hex|p2a: Stone Age Birb
|-damage|p2a: Stone Age Birb|31/100 brn
|
|-heal|p2a: Stone Age Birb|38/100 brn|[from] item: Leftovers
|-damage|p2a: Stone Age Birb|31/100 brn|[from] brn
|upkeep
|turn|53
|
|t:|1632925262
|move|p2a: Stone Age Birb|Roost|p2a: Stone Age Birb
|-heal|p2a: Stone Age Birb|82/100 brn
|-singleturn|p2a: Stone Age Birb|move: Roost
|move|p1a: Jellicent|Hex|p2a: Stone Age Birb
|-damage|p2a: Stone Age Birb|19/100 brn
|
|-heal|p2a: Stone Age Birb|25/100 brn|[from] item: Leftovers
|-damage|p2a: Stone Age Birb|19/100 brn|[from] brn
|upkeep
|turn|54
|
|t:|1632925264
|move|p2a: Stone Age Birb|Roost|p2a: Stone Age Birb
|-heal|p2a: Stone Age Birb|69/100 brn
|-singleturn|p2a: Stone Age Birb|move: Roost
|move|p1a: Jellicent|Hex|p2a: Stone Age Birb
|-damage|p2a: Stone Age Birb|4/100 brn
|
|-heal|p2a: Stone Age Birb|10/100 brn|[from] item: Leftovers
|-damage|p2a: Stone Age Birb|4/100 brn|[from] brn
|upkeep
|turn|55
|c|☆Paratrooper69|And this is why i hate jellicent
|
|t:|1632925281
|move|p2a: Stone Age Birb|Dual Wingbeat|p1a: Jellicent
|-damage|p1a: Jellicent|86/100
|-damage|p1a: Jellicent|82/100
|-hitcount|p1a: Jellicent|2
|move|p1a: Jellicent|Taunt|p2a: Stone Age Birb
|-start|p2a: Stone Age Birb|move: Taunt
|
|-heal|p2a: Stone Age Birb|10/100 brn|[from] item: Leftovers
|-damage|p2a: Stone Age Birb|4/100 brn|[from] brn
|upkeep
|turn|56
|inactive|GammaGoGamma has 120 seconds left.
|
|t:|1632925327
|move|p2a: Stone Age Birb|Earthquake|p1a: Jellicent
|-damage|p1a: Jellicent|75/100
|move|p1a: Jellicent|Hex|p2a: Stone Age Birb
|-damage|p2a: Stone Age Birb|0 fnt
|faint|p2a: Stone Age Birb
|
|win|GammaGoGamma
|n|☆GammaGoGamma|gammagogamma
|n|☆Paratrooper69|paratrooper69
|n| bergenser|bergenser
|n| alpaga du sud|alpagadusud
|n| ptf|ptf
|l|☆Paratrooper69
