|j|☆Flamedood
|j|☆TigerT20
|t:|1652632973
|gametype|singles
|player|p1|Flamedood|blue|1234
|player|p2|TigerT20|n|1163
|teamsize|p1|6
|teamsize|p2|6
|gen|8
|tier|[Gen 8] PU
|rated|
|rule|Sleep Clause Mod: Limit one foe put to sleep
|rule|Species Clause: Limit one of each Pokémon
|rule|OHKO Clause: OHKO moves are banned
|rule|Evasion Moves Clause: Evasion moves are banned
|rule|Endless Battle Clause: Forcing endless battles is banned
|rule|HP Percentage Mod: HP is shown in percentages
|rule|Dynamax Clause: You cannot dynamax
|clearpoke
|poke|p1|Scyther, M|
|poke|p1|Silvally-*|
|poke|p1|Jolteon, F|
|poke|p1|Claydol|
|poke|p1|Aromatisse, F|
|poke|p1|Perrserker, F|
|poke|p2|Jellicent, F|
|poke|p2|Charizard, M|
|poke|p2|Aggron, M|
|poke|p2|Aromatisse, F|
|poke|p2|Basculin, F|
|poke|p2|Flapple, F|
|teampreview
|inactive|Battle timer is ON: inactive players will automatically lose when time's up. (requested by Flamedood)
|
|t:|1652633044
|start
|switch|p1a: Jolteon|Jolteon, F|100/100
|switch|p2a: Flapple|Flapple, F|100/100
|turn|1
|inactive|TigerT20 has 120 seconds left.
|
|t:|1652633087
|move|p1a: Jolteon|Volt Switch|p2a: Flapple
|-resisted|p2a: Flapple
|-damage|p2a: Flapple|76/100
|
|t:|1652633092
|switch|p1a: Perrserker|Perrserker, F|100/100|[from]move: Volt Switch
|move|p2a: Flapple|U-turn|p1a: Perrserker
|-resisted|p1a: Perrserker
|-damage|p1a: Perrserker|67/100
|
|t:|1652633101
|switch|p2a: Charizard|Charizard, M|100/100|[from]move: U-turn
|
|upkeep
|turn|2
|inactive|TigerT20 has 120 seconds left.
|
|t:|1652633117
|switch|p1a: Spin To Win|Claydol|100/100
|move|p2a: Charizard|Flamethrower|p1a: Spin To Win
|-damage|p1a: Spin To Win|63/100
|
|upkeep
|turn|3
|l|☆Flamedood
|inactive|Flamedood disconnected and has a minute to reconnect!
|player|p1|
|
|t:|1652633142
|switch|p2a: Jellicent|Jellicent, F|100/100
|move|p1a: Spin To Win|Stealth Rock|p2a: Jellicent
|-sidestart|p2: TigerT20|move: Stealth Rock
|
|upkeep
|turn|4
|j|☆Flamedood
|inactive|Flamedood reconnected and has 135 seconds left.
|player|p1|Flamedood|blue
|inactive|Flamedood has 120 seconds left.
|
|t:|1652633178
|switch|p1a: Plague|Aromatisse, F|100/100
|move|p2a: Jellicent|Taunt|p1a: Plague
|-block|p1a: Plague|ability: Aroma Veil|[of] p1a: Plague
|
|upkeep
|turn|5
|inactive|Flamedood has 120 seconds left.
|
|t:|1652633190
|switch|p2a: Aggron|Aggron, M|100/100
|-damage|p2a: Aggron|94/100|[from] Stealth Rock
|move|p1a: Plague|Wish|p1a: Plague
|
|-heal|p2a: Aggron|100/100|[from] item: Leftovers
|upkeep
|turn|6
|inactive|Flamedood has 120 seconds left.
|
|t:|1652633202
|switch|p1a: Perrserker|Perrserker, F|67/100
|move|p2a: Aggron|Stealth Rock|p1a: Perrserker
|-sidestart|p1: Flamedood|move: Stealth Rock
|
|-heal|p1a: Perrserker|100/100|[from] move: Wish|[wisher] Plague
|upkeep
|turn|7
|inactive|Flamedood has 120 seconds left.
|
|t:|1652633216
|switch|p2a: Charizard|Charizard, M|100/100
|move|p1a: Perrserker|Seed Bomb|p2a: Charizard
|-resisted|p2a: Charizard
|-damage|p2a: Charizard|92/100
|
|upkeep
|turn|8
|inactive|Flamedood has 120 seconds left.
|
|t:|1652633231
|switch|p1a: Plague|Aromatisse, F|100/100
|-damage|p1a: Plague|88/100|[from] Stealth Rock
|move|p2a: Charizard|Flamethrower|p1a: Plague
|-damage|p1a: Plague|62/100
|
|-heal|p1a: Plague|68/100|[from] item: Leftovers
|upkeep
|turn|9
|inactive|Flamedood has 120 seconds left.
|
|t:|1652633249
|move|p2a: Charizard|Flamethrower|p1a: Plague
|-damage|p1a: Plague|40/100
|move|p1a: Plague|Wish|p1a: Plague
|
|-heal|p1a: Plague|46/100|[from] item: Leftovers
|upkeep
|turn|10
|
|t:|1652633265
|switch|p2a: Aggron|Aggron, M|100/100
|-damage|p2a: Aggron|94/100|[from] Stealth Rock
|switch|p1a: Spin To Win|Claydol|63/100
|-damage|p1a: Spin To Win|56/100|[from] Stealth Rock
|
|-heal|p1a: Spin To Win|100/100|[from] move: Wish|[wisher] Plague
|-heal|p2a: Aggron|100/100|[from] item: Leftovers
|upkeep
|turn|11
|
|t:|1652633278
|move|p2a: Aggron|Protect|p2a: Aggron
|-singleturn|p2a: Aggron|Protect
|move|p1a: Spin To Win|Rapid Spin|p2a: Aggron
|-activate|p2a: Aggron|move: Protect
|
|upkeep
|turn|12
|
|t:|1652633285
|switch|p2a: Jellicent|Jellicent, F|100/100
|-damage|p2a: Jellicent|88/100|[from] Stealth Rock
|move|p1a: Spin To Win|Toxic|p2a: Jellicent
|-status|p2a: Jellicent|tox
|
|-damage|p2a: Jellicent|82/100 tox|[from] psn
|upkeep
|turn|13
|
|t:|1652633296
|switch|p1a: Plague|Aromatisse, F|46/100
|-damage|p1a: Plague|34/100|[from] Stealth Rock
|move|p2a: Jellicent|Will-O-Wisp|p1a: Plague
|-status|p1a: Plague|brn
|
|-heal|p1a: Plague|40/100 brn|[from] item: Leftovers
|-damage|p2a: Jellicent|70/100 tox|[from] psn
|-damage|p1a: Plague|34/100 brn|[from] brn
|upkeep
|turn|14
|
|t:|1652633311
|move|p2a: Jellicent|Hex|p1a: Plague
|-damage|p1a: Plague|8/100 brn
|move|p1a: Plague|Wish|p1a: Plague
|
|-heal|p1a: Plague|14/100 brn|[from] item: Leftovers
|-damage|p2a: Jellicent|51/100 tox|[from] psn
|-damage|p1a: Plague|8/100 brn|[from] brn
|upkeep
|turn|15
|
|t:|1652633323
|move|p1a: Plague|Protect|p1a: Plague
|-singleturn|p1a: Plague|Protect
|move|p2a: Jellicent|Hex|p1a: Plague
|-activate|p1a: Plague|move: Protect
|
|-heal|p1a: Plague|58/100 brn|[from] move: Wish|[wisher] Plague
|-heal|p1a: Plague|64/100 brn|[from] item: Leftovers
|-damage|p2a: Jellicent|26/100 tox|[from] psn
|-damage|p1a: Plague|58/100 brn|[from] brn
|upkeep
|turn|16
|
|t:|1652633335
|switch|p2a: Aromatisse|Aromatisse, F|100/100
|-damage|p2a: Aromatisse|88/100|[from] Stealth Rock
|move|p1a: Plague|Wish|p1a: Plague
|
|-heal|p1a: Plague|64/100 brn|[from] item: Leftovers
|-heal|p2a: Aromatisse|94/100|[from] item: Leftovers
|-damage|p1a: Plague|58/100 brn|[from] brn
|upkeep
|turn|17
|
|t:|1652633345
|move|p2a: Aromatisse|Heal Bell|p2a: Aromatisse
|-activate|p2a: Aromatisse|move: Heal Bell
|-curestatus|p2: Jellicent|tox|[msg]
|move|p1a: Plague|Heal Bell|p1a: Plague
|-activate|p1a: Plague|move: Heal Bell
|-curestatus|p1a: Plague|brn|[msg]
|
|-heal|p1a: Plague|100/100|[from] move: Wish|[wisher] Plague
|-heal|p2a: Aromatisse|100/100|[from] item: Leftovers
|upkeep
|turn|18
|
|t:|1652633360
|switch|p1a: Perrserker|Perrserker, F|100/100
|-damage|p1a: Perrserker|94/100|[from] Stealth Rock
|move|p2a: Aromatisse|Wish|p2a: Aromatisse
|
|upkeep
|turn|19
|
|t:|1652633371
|switch|p2a: Charizard|Charizard, M|92/100
|move|p1a: Perrserker|Iron Head|p2a: Charizard
|-resisted|p2a: Charizard
|-damage|p2a: Charizard|52/100
|
|-heal|p2a: Charizard|100/100|[from] move: Wish|[wisher] Aromatisse
|upkeep
|turn|20
|inactive|TigerT20 has 120 seconds left.
|
|t:|1652633381
|switch|p1a: Plague|Aromatisse, F|100/100
|-damage|p1a: Plague|88/100|[from] Stealth Rock
|move|p2a: Charizard|Flamethrower|p1a: Plague
|-damage|p1a: Plague|60/100
|
|-heal|p1a: Plague|66/100|[from] item: Leftovers
|upkeep
|turn|21
|inactive|TigerT20 has 120 seconds left.
|
|t:|1652633392
|switch|p2a: Aggron|Aggron, M|100/100
|-damage|p2a: Aggron|94/100|[from] Stealth Rock
|move|p1a: Plague|Wish|p1a: Plague
|
|-heal|p2a: Aggron|100/100|[from] item: Leftovers
|-heal|p1a: Plague|72/100|[from] item: Leftovers
|upkeep
|turn|22
|inactive|TigerT20 has 120 seconds left.
|
|t:|1652633419
|switch|p1a: Spin To Win|Claydol|100/100
|-damage|p1a: Spin To Win|94/100|[from] Stealth Rock
|move|p2a: Aggron|Heavy Slam|p1a: Spin To Win
|-damage|p1a: Spin To Win|72/100
|
|-heal|p1a: Spin To Win|100/100|[from] move: Wish|[wisher] Plague
|upkeep
|turn|23
|inactive|TigerT20 has 90 seconds left.
|
|t:|1652633447
|move|p2a: Aggron|Protect|p2a: Aggron
|-singleturn|p2a: Aggron|Protect
|move|p1a: Spin To Win|Rapid Spin|p2a: Aggron
|-activate|p2a: Aggron|move: Protect
|
|upkeep
|turn|24
|
|t:|1652633455
|move|p1a: Spin To Win|Psychic|p2a: Aggron
|-resisted|p2a: Aggron
|-damage|p2a: Aggron|89/100
|move|p2a: Aggron|Heavy Slam|p1a: Spin To Win
|-damage|p1a: Spin To Win|79/100
|
|-heal|p2a: Aggron|95/100|[from] item: Leftovers
|upkeep
|turn|25
|inactive|TigerT20 has 90 seconds left.
|
|t:|1652633479
|move|p1a: Spin To Win|Rapid Spin|p2a: Aggron
|-resisted|p2a: Aggron
|-damage|p2a: Aggron|94/100
|-boost|p1a: Spin To Win|spe|1
|-sideend|p1: Flamedood|Stealth Rock|[from] move: Rapid Spin|[of] p1a: Spin To Win
|move|p2a: Aggron|Heavy Slam|p1a: Spin To Win
|-damage|p1a: Spin To Win|57/100
|
|-heal|p2a: Aggron|99/100|[from] item: Leftovers
|upkeep
|turn|26
|inactive|TigerT20 has 90 seconds left.
|
|t:|1652633497
|switch|p1a: Silvally|Silvally-Ghost|100/100
|switch|p2a: Charizard|Charizard, M|100/100
|
|upkeep
|turn|27
|inactive|TigerT20 has 90 seconds left.
|
|t:|1652633509
|move|p2a: Charizard|Defog|p1a: Silvally
|-unboost|p1a: Silvally|evasion|1
|-sideend|p2: TigerT20|Stealth Rock|[from] move: Defog|[of] p2a: Charizard
|move|p1a: Silvally|Parting Shot|p2a: Charizard
|-unboost|p2a: Charizard|atk|1
|-unboost|p2a: Charizard|spa|1
|
|t:|1652633516
|switch|p1a: Jolteon|Jolteon, F|100/100|[from]move: Parting Shot
|
|upkeep
|turn|28
|
|t:|1652633521
|switch|p2a: Flapple|Flapple, F|76/100
|move|p1a: Jolteon|Volt Switch|p2a: Flapple
|-resisted|p2a: Flapple
|-damage|p2a: Flapple|54/100
|
|t:|1652633528
|switch|p1a: Scythes Ablaze|Scyther, M, shiny|100/100|[from]move: Volt Switch
|
|upkeep
|turn|29
|
|t:|1652633535
|switch|p2a: Aromatisse|Aromatisse, F|100/100
|move|p1a: Scythes Ablaze|U-turn|p2a: Aromatisse
|-resisted|p2a: Aromatisse
|-damage|p2a: Aromatisse|83/100
|
|t:|1652633542
|switch|p1a: Perrserker|Perrserker, F|94/100|[from]move: U-turn
|
|-heal|p2a: Aromatisse|89/100|[from] item: Leftovers
|upkeep
|turn|30
|
|t:|1652633551
|switch|p2a: Charizard|Charizard, M|100/100
|move|p1a: Perrserker|U-turn|p2a: Charizard
|-resisted|p2a: Charizard
|-damage|p2a: Charizard|90/100
|
|t:|1652633556
|switch|p1a: Jolteon|Jolteon, F|100/100|[from]move: U-turn
|
|upkeep
|turn|31
|
|t:|1652633568
|switch|p2a: Aggron|Aggron, M|99/100
|move|p1a: Jolteon|Volt Switch|p2a: Aggron
|-damage|p2a: Aggron|51/100
|
|t:|1652633574
|switch|p1a: Spin To Win|Claydol|57/100|[from]move: Volt Switch
|
|-heal|p2a: Aggron|57/100|[from] item: Leftovers
|upkeep
|turn|32
|
|t:|1652633584
|move|p1a: Spin To Win|Stealth Rock|p2a: Aggron
|-sidestart|p2: TigerT20|move: Stealth Rock
|move|p2a: Aggron|Stealth Rock|p1a: Spin To Win
|-sidestart|p1: Flamedood|move: Stealth Rock
|
|-heal|p2a: Aggron|63/100|[from] item: Leftovers
|upkeep
|turn|33
|
|t:|1652633594
|move|p2a: Aggron|Protect|p2a: Aggron
|-singleturn|p2a: Aggron|Protect
|move|p1a: Spin To Win|Toxic|p2a: Aggron
|-activate|p2a: Aggron|move: Protect
|
|-heal|p2a: Aggron|69/100|[from] item: Leftovers
|upkeep
|turn|34
|
|t:|1652633602
|move|p1a: Spin To Win|Rapid Spin|p2a: Aggron
|-resisted|p2a: Aggron
|-damage|p2a: Aggron|68/100
|-boost|p1a: Spin To Win|spe|1
|-sideend|p1: Flamedood|Stealth Rock|[from] move: Rapid Spin|[of] p1a: Spin To Win
|move|p2a: Aggron|Heavy Slam|p1a: Spin To Win
|-damage|p1a: Spin To Win|33/100
|
|-heal|p2a: Aggron|74/100|[from] item: Leftovers
|upkeep
|turn|35
|
|t:|1652633613
|switch|p1a: Perrserker|Perrserker, F|94/100
|move|p2a: Aggron|Heavy Slam|p1a: Perrserker
|-resisted|p1a: Perrserker
|-damage|p1a: Perrserker|66/100
|
|-heal|p2a: Aggron|80/100|[from] item: Leftovers
|upkeep
|turn|36
|
|t:|1652633623
|switch|p2a: Charizard|Charizard, M|90/100
|move|p1a: Perrserker|Close Combat|p2a: Charizard
|-resisted|p2a: Charizard
|-damage|p2a: Charizard|53/100
|-unboost|p1a: Perrserker|def|1
|-unboost|p1a: Perrserker|spd|1
|
|upkeep
|turn|37
|
|t:|1652633634
|switch|p1a: Plague|Aromatisse, F|72/100
|move|p2a: Charizard|Flamethrower|p1a: Plague
|-damage|p1a: Plague|44/100
|
|-heal|p1a: Plague|50/100|[from] item: Leftovers
|upkeep
|turn|38
|
|t:|1652633646
|move|p2a: Charizard|Roost|p2a: Charizard
|-heal|p2a: Charizard|100/100
|-singleturn|p2a: Charizard|move: Roost
|move|p1a: Plague|Wish|p1a: Plague
|
|-heal|p1a: Plague|56/100|[from] item: Leftovers
|upkeep
|turn|39
|
|t:|1652633672
|switch|p1a: Spin To Win|Claydol|33/100
|move|p2a: Charizard|Defog|p1a: Spin To Win
|-unboost|p1a: Spin To Win|evasion|1
|-sideend|p2: TigerT20|Stealth Rock|[from] move: Defog|[of] p2a: Charizard
|
|-heal|p1a: Spin To Win|96/100|[from] move: Wish|[wisher] Plague
|upkeep
|turn|40
|inactive|TigerT20 has 120 seconds left.
|
|t:|1652633711
|move|p2a: Charizard|Hurricane|p1a: Spin To Win
|-damage|p1a: Spin To Win|49/100
|move|p1a: Spin To Win|Toxic|p2a: Charizard
|-status|p2a: Charizard|tox
|
|-damage|p2a: Charizard|94/100 tox|[from] psn
|upkeep
|turn|41
|inactive|TigerT20 has 120 seconds left.
|
|t:|1652633723
|move|p2a: Charizard|Hurricane|p1a: Spin To Win|[miss]
|-miss|p2a: Charizard|p1a: Spin To Win
|move|p1a: Spin To Win|Stealth Rock|p2a: Charizard
|-sidestart|p2: TigerT20|move: Stealth Rock
|
|-damage|p2a: Charizard|82/100 tox|[from] psn
|upkeep
|turn|42
|
|t:|1652633732
|switch|p1a: Jolteon|Jolteon, F|100/100
|move|p2a: Charizard|Hurricane|p1a: Jolteon
|-resisted|p1a: Jolteon
|-damage|p1a: Jolteon|67/100
|
|-damage|p2a: Charizard|64/100 tox|[from] psn
|upkeep
|turn|43
|
|t:|1652633742
|switch|p2a: Aromatisse|Aromatisse, F|89/100
|-damage|p2a: Aromatisse|77/100|[from] Stealth Rock
|move|p1a: Jolteon|Thunderbolt|p2a: Aromatisse
|-damage|p2a: Aromatisse|22/100
|
|-heal|p2a: Aromatisse|28/100|[from] item: Leftovers
|upkeep
|turn|44
|
|t:|1652633751
|move|p2a: Aromatisse|Protect|p2a: Aromatisse
|-singleturn|p2a: Aromatisse|Protect
|move|p1a: Jolteon|Thunderbolt|p2a: Aromatisse
|-activate|p2a: Aromatisse|move: Protect
|
|-heal|p2a: Aromatisse|34/100|[from] item: Leftovers
|upkeep
|turn|45
|
|t:|1652633764
|switch|p2a: Flapple|Flapple, F|54/100
|-damage|p2a: Flapple|41/100|[from] Stealth Rock
|move|p1a: Jolteon|Thunderbolt|p2a: Flapple
|-resisted|p2a: Flapple
|-damage|p2a: Flapple|14/100
|
|upkeep
|turn|46
|
|t:|1652633778
|move|p1a: Jolteon|Thunderbolt|p2a: Flapple
|-resisted|p2a: Flapple
|-damage|p2a: Flapple|0 fnt
|faint|p2a: Flapple
|
|upkeep
|c|☆TigerT20|gg
|
|t:|1652633789
|switch|p2a: Aggron|Aggron, M|80/100
|-damage|p2a: Aggron|74/100|[from] Stealth Rock
|turn|47
|inactive|Flamedood has 120 seconds left.
|
|t:|1652633842
|move|p1a: Jolteon|Thunderbolt|p2a: Aggron
|-damage|p2a: Aggron|14/100
|move|p2a: Aggron|Head Smash|p1a: Jolteon
|-damage|p1a: Jolteon|0 fnt
|faint|p1a: Jolteon
|
|-heal|p2a: Aggron|20/100|[from] item: Leftovers
|upkeep
|inactive|Flamedood has 90 seconds left.
|
|t:|1652633864
|switch|p1a: Silvally|Silvally-Ghost|100/100
|turn|48
|
|t:|1652633885
|switch|p2a: Charizard|Charizard, M|64/100 tox
|move|p1a: Silvally|Multi-Attack|p2a: Charizard
|-damage|p2a: Charizard|5/100 tox
|
|-damage|p2a: Charizard|0 fnt|[from] psn
|faint|p2a: Charizard
|upkeep
|
|t:|1652633894
|switch|p2a: Aromatisse|Aromatisse, F|34/100
|-damage|p2a: Aromatisse|22/100|[from] Stealth Rock
|turn|49
|
|t:|1652633901
|move|p1a: Silvally|Multi-Attack|p2a: Aromatisse
|-damage|p2a: Aromatisse|0 fnt
|faint|p2a: Aromatisse
|
|upkeep
|
|t:|1652633907
|switch|p2a: Basculin|Basculin, F|100/100
|-damage|p2a: Basculin|88/100|[from] Stealth Rock
|turn|50
|
|t:|1652633925
|move|p2a: Basculin|Hydro Pump|p1a: Silvally
|-damage|p1a: Silvally|44/100
|move|p1a: Silvally|Multi-Attack|p2a: Basculin
|-damage|p2a: Basculin|14/100
|
|upkeep
|turn|51
|
|t:|1652633939
|switch|p1a: Plague|Aromatisse, F|56/100
|move|p2a: Basculin|Hydro Pump|p1a: Plague|[miss]
|-miss|p2a: Basculin|p1a: Plague
|
|-heal|p1a: Plague|62/100|[from] item: Leftovers
|upkeep
|turn|52
|
|t:|1652633947
|switch|p2a: Aggron|Aggron, M|20/100
|-damage|p2a: Aggron|14/100|[from] Stealth Rock
|move|p1a: Plague|Moonblast|p2a: Aggron
|-resisted|p2a: Aggron
|-damage|p2a: Aggron|0 fnt
|faint|p2a: Aggron
|
|-heal|p1a: Plague|68/100|[from] item: Leftovers
|upkeep
|
|t:|1652633957
|switch|p2a: Jellicent|Jellicent, F|26/100
|-damage|p2a: Jellicent|14/100|[from] Stealth Rock
|turn|53
|
|t:|1652633963
|move|p2a: Jellicent|Recover|p2a: Jellicent
|-heal|p2a: Jellicent|64/100
|move|p1a: Plague|Moonblast|p2a: Jellicent
|-damage|p2a: Jellicent|38/100
|
|-heal|p1a: Plague|74/100|[from] item: Leftovers
|upkeep
|turn|54
|
|t:|1652633973
|switch|p1a: Silvally|Silvally-Ghost|44/100
|move|p2a: Jellicent|Recover|p2a: Jellicent
|-heal|p2a: Jellicent|88/100
|
|upkeep
|turn|55
|
|t:|1652633982
|move|p1a: Silvally|Multi-Attack|p2a: Jellicent
|-supereffective|p2a: Jellicent
|-crit|p2a: Jellicent
|-damage|p2a: Jellicent|0 fnt
|faint|p2a: Jellicent
|
|upkeep
|
|t:|1652633987
|switch|p2a: Basculin|Basculin, F|14/100
|-damage|p2a: Basculin|2/100|[from] Stealth Rock
|turn|56
|
|t:|1652633991
|move|p2a: Basculin|Hydro Pump|p1a: Silvally
|-damage|p1a: Silvally|0 fnt
|faint|p1a: Silvally
|
|upkeep
|
|t:|1652633997
|switch|p1a: Perrserker|Perrserker, F|66/100
|turn|57
|
|t:|1652634000
|move|p2a: Basculin|Hydro Pump|p1a: Perrserker
|-damage|p1a: Perrserker|0 fnt
|faint|p1a: Perrserker
|
|upkeep
|
|t:|1652634006
|switch|p1a: Scythes Ablaze|Scyther, M, shiny|100/100
|turn|58
|
|t:|1652634009
|move|p1a: Scythes Ablaze|U-turn|p2a: Basculin
|-damage|p2a: Basculin|0 fnt
|faint|p2a: Basculin
|
|win|Flamedood
|raw|Flamedood's rating: 1234 &rarr; <strong>1254</strong><br />(+20 for winning)
|raw|TigerT20's rating: 1163 &rarr; <strong>1143</strong><br />(-20 for losing)
|c|☆TigerT20|gg
|c|☆Flamedood|Gg
||Ladder isn't responding, score probably updated but might not have (Request timeout).
|l|☆Flamedood
