|j|☆Anthemios
|j|☆JoJo Reference #11
|t:|1666933218
|gametype|singles
|player|p1|Anthemios|veteranf|1255
|player|p2|JoJo Reference #11|265|1343
|teamsize|p1|6
|teamsize|p2|6
|gen|8
|tier|[Gen 8] PU
|rated|
|rule|Sleep Clause Mod: Limit one foe put to sleep
|rule|Species Clause: Limit one of each Pokémon
|rule|OHKO Clause: OHKO moves are banned
|rule|Evasion Items Clause: Evasion items are banned
|rule|Evasion Moves Clause: Evasion moves are banned
|rule|Endless Battle Clause: Forcing endless battles is banned
|rule|HP Percentage Mod: HP is shown in percentages
|rule|Dynamax Clause: You cannot dynamax
|clearpoke
|poke|p1|Cradily, M|
|poke|p1|Gigalith, M|
|poke|p1|Scrafty, F|
|poke|p1|Whimsicott, M|
|poke|p1|Jellicent, F|
|poke|p1|Sandaconda, F|
|poke|p2|Mr. Rime, M|
|poke|p2|Abomasnow, F|
|poke|p2|Sandaconda, F|
|poke|p2|Aromatisse, M|
|poke|p2|Charizard, F|
|poke|p2|Silvally-*|
|teampreview
|inactive|Battle timer is ON: inactive players will automatically lose when time's up. (requested by Anthemios)
|
|t:|1666933248
|start
|switch|p1a: Gigalith|Gigalith, M|100/100
|switch|p2a: Abomasnow|Abomasnow, F, shiny|100/100
|-weather|Hail|[from] ability: Snow Warning|[of] p2a: Abomasnow
|-weather|Sandstorm|[from] ability: Sand Stream|[of] p1a: Gigalith
|turn|1
|
|t:|1666933257
|switch|p2a: Sandaconda|Sandaconda, F|100/100
|move|p1a: Gigalith|Heavy Slam|p2a: Sandaconda
|-damage|p2a: Sandaconda|73/100
|
|-weather|Sandstorm|[upkeep]
|-heal|p2a: Sandaconda|80/100|[from] item: Leftovers
|upkeep
|turn|2
|
|t:|1666933265
|switch|p1a: Jellicent|Jellicent, F|100/100
|move|p2a: Sandaconda|Glare|p1a: Jellicent
|-status|p1a: Jellicent|par
|
|-weather|Sandstorm|[upkeep]
|-damage|p1a: Jellicent|94/100 par|[from] Sandstorm
|-heal|p2a: Sandaconda|86/100|[from] item: Leftovers
|-heal|p1a: Jellicent|100/100 par|[from] item: Leftovers
|upkeep
|turn|3
|
|t:|1666933274
|switch|p2a: Abomasnow|Abomasnow, F, shiny|100/100
|-weather|Hail|[from] ability: Snow Warning|[of] p2a: Abomasnow
|cant|p1a: Jellicent|par
|
|-weather|Hail|[upkeep]
|-damage|p1a: Jellicent|94/100 par|[from] Hail
|-heal|p1a: Jellicent|100/100 par|[from] item: Leftovers
|upkeep
|turn|4
|inactive|Anthemios has 120 seconds left.
|
|t:|1666933311
|switch|p1a: Gigalith|Gigalith, M|100/100
|-weather|Sandstorm|[from] ability: Sand Stream|[of] p1a: Gigalith
|move|p2a: Abomasnow|Substitute|p2a: Abomasnow
|-start|p2a: Abomasnow|Substitute
|-damage|p2a: Abomasnow|75/100
|
|-weather|Sandstorm|[upkeep]
|-damage|p2a: Abomasnow|69/100|[from] Sandstorm
|-heal|p2a: Abomasnow|75/100|[from] item: Leftovers
|upkeep
|turn|5
|inactive|Anthemios has 120 seconds left.
|
|t:|1666933320
|move|p2a: Abomasnow|Leech Seed|p1a: Gigalith
|-start|p1a: Gigalith|move: Leech Seed
|move|p1a: Gigalith|Heavy Slam|p2a: Abomasnow
|-supereffective|p2a: Abomasnow
|-end|p2a: Abomasnow|Substitute
|
|-weather|Sandstorm|[upkeep]
|-damage|p2a: Abomasnow|69/100|[from] Sandstorm
|-heal|p2a: Abomasnow|75/100|[from] item: Leftovers
|-damage|p1a: Gigalith|88/100|[from] Leech Seed|[of] p2a: Abomasnow
|-heal|p2a: Abomasnow|88/100|[silent]
|upkeep
|turn|6
|
|t:|1666933329
|move|p2a: Abomasnow|Substitute|p2a: Abomasnow
|-start|p2a: Abomasnow|Substitute
|-damage|p2a: Abomasnow|63/100
|move|p1a: Gigalith|Heavy Slam|p2a: Abomasnow
|-supereffective|p2a: Abomasnow
|-end|p2a: Abomasnow|Substitute
|
|-weather|Sandstorm|[upkeep]
|-damage|p2a: Abomasnow|57/100|[from] Sandstorm
|-heal|p2a: Abomasnow|63/100|[from] item: Leftovers
|-heal|p1a: Gigalith|94/100|[from] item: Leftovers
|-damage|p1a: Gigalith|82/100|[from] Leech Seed|[of] p2a: Abomasnow
|-heal|p2a: Abomasnow|76/100|[silent]
|upkeep
|turn|7
|
|t:|1666933340
|move|p2a: Abomasnow|Substitute|p2a: Abomasnow
|-start|p2a: Abomasnow|Substitute
|-damage|p2a: Abomasnow|51/100
|move|p1a: Gigalith|Heavy Slam|p2a: Abomasnow
|-supereffective|p2a: Abomasnow
|-end|p2a: Abomasnow|Substitute
|
|-weather|Sandstorm|[upkeep]
|-damage|p2a: Abomasnow|45/100|[from] Sandstorm
|-heal|p2a: Abomasnow|51/100|[from] item: Leftovers
|-heal|p1a: Gigalith|88/100|[from] item: Leftovers
|-damage|p1a: Gigalith|76/100|[from] Leech Seed|[of] p2a: Abomasnow
|-heal|p2a: Abomasnow|64/100|[silent]
|upkeep
|turn|8
|
|t:|1666933351
|move|p2a: Abomasnow|Substitute|p2a: Abomasnow
|-start|p2a: Abomasnow|Substitute
|-damage|p2a: Abomasnow|39/100
|move|p1a: Gigalith|Heavy Slam|p2a: Abomasnow
|-supereffective|p2a: Abomasnow
|-end|p2a: Abomasnow|Substitute
|
|-weather|none
|-heal|p2a: Abomasnow|45/100|[from] item: Leftovers
|-heal|p1a: Gigalith|82/100|[from] item: Leftovers
|-damage|p1a: Gigalith|70/100|[from] Leech Seed|[of] p2a: Abomasnow
|-heal|p2a: Abomasnow|58/100|[silent]
|upkeep
|turn|9
|
|t:|1666933361
|move|p2a: Abomasnow|Substitute|p2a: Abomasnow
|-start|p2a: Abomasnow|Substitute
|-damage|p2a: Abomasnow|33/100
|move|p1a: Gigalith|Heavy Slam|p2a: Abomasnow
|-supereffective|p2a: Abomasnow
|-end|p2a: Abomasnow|Substitute
|
|-heal|p2a: Abomasnow|39/100|[from] item: Leftovers
|-heal|p1a: Gigalith|76/100|[from] item: Leftovers
|-damage|p1a: Gigalith|64/100|[from] Leech Seed|[of] p2a: Abomasnow
|-heal|p2a: Abomasnow|52/100|[silent]
|upkeep
|turn|10
|
|t:|1666933370
|move|p2a: Abomasnow|Substitute|p2a: Abomasnow
|-start|p2a: Abomasnow|Substitute
|-damage|p2a: Abomasnow|27/100
|move|p1a: Gigalith|Heavy Slam|p2a: Abomasnow
|-supereffective|p2a: Abomasnow
|-end|p2a: Abomasnow|Substitute
|
|-heal|p2a: Abomasnow|33/100|[from] item: Leftovers
|-heal|p1a: Gigalith|70/100|[from] item: Leftovers
|-damage|p1a: Gigalith|57/100|[from] Leech Seed|[of] p2a: Abomasnow
|-heal|p2a: Abomasnow|45/100|[silent]
|upkeep
|turn|11
|
|t:|1666933380
|switch|p2a: Sandaconda|Sandaconda, F|86/100
|move|p1a: Gigalith|Heavy Slam|p2a: Sandaconda
|-damage|p2a: Sandaconda|61/100
|
|-heal|p2a: Sandaconda|67/100|[from] item: Leftovers
|-heal|p1a: Gigalith|64/100|[from] item: Leftovers
|-damage|p1a: Gigalith|51/100|[from] Leech Seed|[of] p2a: Sandaconda
|-heal|p2a: Sandaconda|80/100|[silent]
|upkeep
|turn|12
|
|t:|1666933390
|switch|p1a: Sandaconda|Sandaconda, F|100/100
|move|p2a: Sandaconda|Stealth Rock|p1a: Sandaconda
|-sidestart|p1: Anthemios|move: Stealth Rock
|
|-heal|p2a: Sandaconda|86/100|[from] item: Leftovers
|upkeep
|turn|13
|
|t:|1666933396
|move|p2a: Sandaconda|Glare|p1a: Sandaconda
|-status|p1a: Sandaconda|par
|move|p1a: Sandaconda|Coil|p1a: Sandaconda
|-boost|p1a: Sandaconda|atk|1
|-boost|p1a: Sandaconda|def|1
|-boost|p1a: Sandaconda|accuracy|1
|
|-heal|p2a: Sandaconda|92/100|[from] item: Leftovers
|upkeep
|turn|14
|
|t:|1666933405
|switch|p2a: Mr. Rime|Mr. Rime, M|100/100
|move|p1a: Sandaconda|Coil|p1a: Sandaconda
|-boost|p1a: Sandaconda|atk|1
|-boost|p1a: Sandaconda|def|1
|-boost|p1a: Sandaconda|accuracy|1
|
|-activate|p1a: Sandaconda|ability: Shed Skin
|-curestatus|p1a: Sandaconda|par|[msg]
|upkeep
|turn|15
|
|t:|1666933414
|move|p2a: Mr. Rime|Ice Beam|p1a: Sandaconda
|-supereffective|p1a: Sandaconda
|-damage|p1a: Sandaconda|0 fnt
|faint|p1a: Sandaconda
|
|upkeep
|
|t:|1666933418
|switch|p1a: Whimsicott|Whimsicott, M|100/100
|-damage|p1a: Whimsicott|88/100|[from] Stealth Rock
|turn|16
|
|t:|1666933425
|move|p1a: Whimsicott|Defog|p2a: Mr. Rime
|-unboost|p2a: Mr. Rime|evasion|1
|-sideend|p1: Anthemios|Stealth Rock|[from] move: Defog|[of] p1a: Whimsicott
|move|p2a: Mr. Rime|Ice Beam|p1a: Whimsicott
|-supereffective|p1a: Whimsicott
|-damage|p1a: Whimsicott|0 fnt
|faint|p1a: Whimsicott
|
|upkeep
|
|t:|1666933433
|switch|p1a: Cradily|Cradily, M|100/100
|turn|17
|
|t:|1666933460
|move|p2a: Mr. Rime|Ice Beam|p1a: Cradily
|-supereffective|p1a: Cradily
|-damage|p1a: Cradily|29/100
|move|p1a: Cradily|Ancient Power|p2a: Mr. Rime
|-supereffective|p2a: Mr. Rime
|-damage|p2a: Mr. Rime|41/100
|-boost|p1a: Cradily|atk|1
|-boost|p1a: Cradily|def|1
|-boost|p1a: Cradily|spa|1
|-boost|p1a: Cradily|spd|1
|-boost|p1a: Cradily|spe|1
|
|upkeep
|turn|18
|
|t:|1666933468
|move|p2a: Mr. Rime|Ice Beam|p1a: Cradily
|-supereffective|p1a: Cradily
|-damage|p1a: Cradily|0 fnt
|faint|p1a: Cradily
|
|upkeep
|
|t:|1666933474
|switch|p1a: Gigalith|Gigalith, M|51/100
|-weather|Sandstorm|[from] ability: Sand Stream|[of] p1a: Gigalith
|turn|19
|
|t:|1666933478
|switch|p2a: Sandaconda|Sandaconda, F|92/100
|move|p1a: Gigalith|Heavy Slam|p2a: Sandaconda
|-damage|p2a: Sandaconda|67/100
|
|-weather|Sandstorm|[upkeep]
|-heal|p2a: Sandaconda|73/100|[from] item: Leftovers
|-heal|p1a: Gigalith|57/100|[from] item: Leftovers
|upkeep
|turn|20
|
|t:|1666933486
|switch|p1a: Scrafty|Scrafty, F|100/100
|move|p2a: Sandaconda|Stealth Rock|p1a: Scrafty
|-sidestart|p1: Anthemios|move: Stealth Rock
|
|-weather|Sandstorm|[upkeep]
|-damage|p1a: Scrafty|95/100|[from] Sandstorm
|-heal|p1a: Scrafty|100/100|[from] item: Leftovers
|-heal|p2a: Sandaconda|79/100|[from] item: Leftovers
|upkeep
|turn|21
|
|t:|1666933495
|switch|p2a: Aromatisse|Aromatisse, M|100/100
|move|p1a: Scrafty|Dragon Dance|p1a: Scrafty
|-boost|p1a: Scrafty|atk|1
|-boost|p1a: Scrafty|spe|1
|
|-weather|Sandstorm|[upkeep]
|-damage|p1a: Scrafty|95/100|[from] Sandstorm
|-damage|p2a: Aromatisse|94/100|[from] Sandstorm
|-heal|p1a: Scrafty|100/100|[from] item: Leftovers
|upkeep
|turn|22
|
|t:|1666933504
|move|p1a: Scrafty|Poison Jab|p2a: Aromatisse
|-supereffective|p2a: Aromatisse
|-damage|p2a: Aromatisse|48/100
|move|p2a: Aromatisse|Moonblast|p1a: Scrafty
|-supereffective|p1a: Scrafty
|-damage|p1a: Scrafty|0 fnt
|faint|p1a: Scrafty
|
|-weather|Sandstorm|[upkeep]
|-damage|p2a: Aromatisse|42/100|[from] Sandstorm
|upkeep
|-message|Anthemios forfeited.
|
|win|JoJo Reference #11
|raw|Anthemios's rating: 1255 &rarr; <strong>1236</strong><br />(-19 for losing)
|raw|JoJo Reference #11's rating: 1343 &rarr; <strong>1358</strong><br />(+15 for winning)
|l|☆Anthemios
