|html|<div class="broadcast-blue"><strong>[Gen 8] PU is currently suspecting Scyther! For information on how to participate check out the <a href="https://www.smogon.com/forums/threads/np-ss-pu-stage-11-turn-turn-turn-scyther-retest.3707179/">suspect thread</a>.</strong></div>
|raw|<div class="broadcast-blue"><strong>This battle is required to be public due to a player having a name starting with 'pult4v4'.</div>
|j|☆Cyber Cop (Police)
|j|☆PULT4V4 Nichalho
|t:|1662927516
|gametype|singles
|player|p1|Cyber Cop (Police)|officer-gen2|1388
|player|p2|PULT4V4 Nichalho|lillie-masters|1172
|teamsize|p1|6
|teamsize|p2|6
|gen|8
|tier|[Gen 8] PU
|rated|
|rule|Sleep Clause Mod: Limit one foe put to sleep
|rule|Species Clause: Limit one of each Pokémon
|rule|OHKO Clause: OHKO moves are banned
|rule|Evasion Items Clause: Evasion items are banned
|rule|Evasion Moves Clause: Evasion moves are banned
|rule|Endless Battle Clause: Forcing endless battles is banned
|rule|HP Percentage Mod: HP is shown in percentages
|rule|Dynamax Clause: You cannot dynamax
|clearpoke
|poke|p1|Charizard, M|
|poke|p1|Cradily, M|
|poke|p1|Scrafty, M|
|poke|p1|Ribombee, M|
|poke|p1|Togedemaru, F|
|poke|p1|Wishiwashi, F|
|poke|p2|Centiskorch, M|
|poke|p2|Doublade, F|
|poke|p2|Wishiwashi, M|
|poke|p2|Ribombee, F|
|poke|p2|Gigalith, M|
|poke|p2|Sandslash, F|
|teampreview
|inactive|Battle timer is ON: inactive players will automatically lose when time's up. (requested by PULT4V4 Nichalho)
|
|t:|1662927534
|start
|switch|p1a: Scrafty|Scrafty, M|100/100
|switch|p2a: Gigalith|Gigalith, M|100/100
|-ability|p1a: Scrafty|Intimidate|boost
|-unboost|p2a: Gigalith|atk|1
|-weather|Sandstorm|[from] ability: Sand Stream|[of] p2a: Gigalith
|turn|1
|
|t:|1662927539
|switch|p2a: Ribombee|Ribombee, F|100/100
|move|p1a: Scrafty|Close Combat|p2a: Ribombee
|-resisted|p2a: Ribombee
|-damage|p2a: Ribombee|63/100
|-unboost|p1a: Scrafty|def|1
|-unboost|p1a: Scrafty|spd|1
|
|-weather|Sandstorm|[upkeep]
|-damage|p2a: Ribombee|57/100|[from] Sandstorm
|-damage|p1a: Scrafty|95/100|[from] Sandstorm
|upkeep
|turn|2
|
|t:|1662927549
|switch|p1a: Togedemaru|Togedemaru, F|100/100
|move|p2a: Ribombee|Roost|p2a: Ribombee
|-heal|p2a: Ribombee|100/100
|-singleturn|p2a: Ribombee|move: Roost
|
|-weather|Sandstorm|[upkeep]
|-damage|p2a: Ribombee|94/100|[from] Sandstorm
|upkeep
|turn|3
|
|t:|1662927558
|switch|p2a: Doublade|Doublade, F|100/100
|move|p1a: Togedemaru|U-turn|p2a: Doublade
|-resisted|p2a: Doublade
|-damage|p2a: Doublade|99/100
|
|t:|1662927578
|switch|p1a: Charizard|Charizard, M|100/100|[from]move: U-turn
|
|-weather|Sandstorm|[upkeep]
|-damage|p1a: Charizard|94/100|[from] Sandstorm
|upkeep
|turn|4
|
|t:|1662927592
|move|p1a: Charizard|Toxic|p2a: Doublade
|-immune|p2a: Doublade
|move|p2a: Doublade|Shadow Claw|p1a: Charizard
|-damage|p1a: Charizard|56/100
|
|-weather|Sandstorm|[upkeep]
|-damage|p1a: Charizard|50/100|[from] Sandstorm
|upkeep
|turn|5
|
|t:|1662927602
|switch|p2a: Wishiwashi|Wishiwashi, M|100/100
|-formechange|p2a: Wishiwashi|Wishiwashi-School||[from] ability: Schooling
|move|p1a: Charizard|Toxic|p2a: Wishiwashi
|-status|p2a: Wishiwashi|tox
|
|-weather|none
|-damage|p2a: Wishiwashi|94/100 tox|[from] psn
|upkeep
|turn|6
|
|t:|1662927609
|move|p1a: Charizard|Roost|p1a: Charizard
|-heal|p1a: Charizard|100/100
|-singleturn|p1a: Charizard|move: Roost
|move|p2a: Wishiwashi|U-turn|p1a: Charizard
|-resisted|p1a: Charizard
|-damage|p1a: Charizard|89/100
|
|t:|1662927612
|switch|p2a: Gigalith|Gigalith, M|100/100|[from]move: U-turn
|-weather|Sandstorm|[from] ability: Sand Stream|[of] p2a: Gigalith
|
|-weather|Sandstorm|[upkeep]
|-damage|p1a: Charizard|83/100|[from] Sandstorm
|upkeep
|turn|7
|
|t:|1662927632
|switch|p1a: Wishiwashi|Wishiwashi, F|100/100
|-formechange|p1a: Wishiwashi|Wishiwashi-School||[from] ability: Schooling
|move|p2a: Gigalith|Rock Blast|p1a: Wishiwashi
|-damage|p1a: Wishiwashi|93/100
|-damage|p1a: Wishiwashi|84/100
|-damage|p1a: Wishiwashi|76/100
|-damage|p1a: Wishiwashi|67/100
|-damage|p1a: Wishiwashi|59/100
|-hitcount|p1a: Wishiwashi|5
|
|-weather|Sandstorm|[upkeep]
|-damage|p1a: Wishiwashi|53/100|[from] Sandstorm
|-heal|p1a: Wishiwashi|59/100|[from] item: Leftovers
|upkeep
|turn|8
|
|t:|1662927641
|switch|p2a: Doublade|Doublade, F|99/100
|move|p1a: Wishiwashi|Scald|p2a: Doublade
|-damage|p2a: Doublade|55/100
|
|-weather|Sandstorm|[upkeep]
|-damage|p1a: Wishiwashi|53/100|[from] Sandstorm
|-heal|p1a: Wishiwashi|59/100|[from] item: Leftovers
|upkeep
|turn|9
|
|t:|1662927649
|move|p2a: Doublade|Shadow Claw|p1a: Wishiwashi
|-damage|p1a: Wishiwashi|34/100
|move|p1a: Wishiwashi|Scald|p2a: Doublade
|-damage|p2a: Doublade|11/100
|
|-weather|Sandstorm|[upkeep]
|-damage|p1a: Wishiwashi|28/100|[from] Sandstorm
|-heal|p1a: Wishiwashi|34/100|[from] item: Leftovers
|upkeep
|turn|10
|
|t:|1662927657
|move|p2a: Doublade|Shadow Claw|p1a: Wishiwashi
|-damage|p1a: Wishiwashi|10/100
|move|p1a: Wishiwashi|Rest|p1a: Wishiwashi
|-status|p1a: Wishiwashi|slp|[from] move: Rest
|-heal|p1a: Wishiwashi|100/100 slp|[silent]
|
|-weather|none
|upkeep
|turn|11
|
|t:|1662927663
|move|p2a: Doublade|Swords Dance|p2a: Doublade
|-boost|p2a: Doublade|atk|2
|cant|p1a: Wishiwashi|slp
|move|p1a: Wishiwashi|Sleep Talk|p1a: Wishiwashi
|move|p1a: Wishiwashi|Rest||[from]move: Sleep Talk|[still]
|-fail|p1a: Wishiwashi
|
|upkeep
|turn|12
|
|t:|1662927666
|move|p2a: Doublade|Shadow Claw|p1a: Wishiwashi
|-damage|p1a: Wishiwashi|51/100 slp
|cant|p1a: Wishiwashi|slp
|move|p1a: Wishiwashi|Sleep Talk|p1a: Wishiwashi
|move|p1a: Wishiwashi|U-turn|p2a: Doublade|[from]move: Sleep Talk
|-resisted|p2a: Doublade
|-damage|p2a: Doublade|9/100
|
|t:|1662927677
|switch|p1a: Charizard|Charizard, M|83/100|[from]move: U-turn
|
|upkeep
|turn|13
|
|t:|1662927683
|move|p1a: Charizard|Flamethrower|p2a: Doublade
|-supereffective|p2a: Doublade
|-damage|p2a: Doublade|0 fnt
|faint|p2a: Doublade
|
|upkeep
|
|t:|1662927686
|switch|p2a: Gigalith|Gigalith, M|100/100
|-weather|Sandstorm|[from] ability: Sand Stream|[of] p2a: Gigalith
|turn|14
|
|t:|1662927690
|switch|p1a: Scrafty|Scrafty, M|95/100
|-ability|p1a: Scrafty|Intimidate|boost
|-unboost|p2a: Gigalith|atk|1
|move|p2a: Gigalith|Rock Blast|p1a: Scrafty
|-resisted|p1a: Scrafty
|-damage|p1a: Scrafty|91/100
|-resisted|p1a: Scrafty
|-damage|p1a: Scrafty|88/100
|-hitcount|p1a: Scrafty|2
|
|-weather|Sandstorm|[upkeep]
|-damage|p1a: Scrafty|82/100|[from] Sandstorm
|upkeep
|turn|15
|
|t:|1662927701
|switch|p2a: Ribombee|Ribombee, F|94/100
|move|p1a: Scrafty|Drain Punch|p2a: Ribombee
|-resisted|p2a: Ribombee
|-damage|p2a: Ribombee|70/100
|-heal|p1a: Scrafty|92/100|[from] drain|[of] p2a: Ribombee
|
|-weather|Sandstorm|[upkeep]
|-damage|p2a: Ribombee|64/100|[from] Sandstorm
|-damage|p1a: Scrafty|86/100|[from] Sandstorm
|upkeep
|turn|16
|
|t:|1662927705
|switch|p1a: Togedemaru|Togedemaru, F|100/100
|move|p2a: Ribombee|Quiver Dance|p2a: Ribombee
|-boost|p2a: Ribombee|spa|1
|-boost|p2a: Ribombee|spd|1
|-boost|p2a: Ribombee|spe|1
|
|-weather|Sandstorm|[upkeep]
|-damage|p2a: Ribombee|58/100|[from] Sandstorm
|upkeep
|turn|17
|
|t:|1662927712
|move|p2a: Ribombee|Roost|p2a: Ribombee
|-heal|p2a: Ribombee|100/100
|-singleturn|p2a: Ribombee|move: Roost
|move|p1a: Togedemaru|Iron Head|p2a: Ribombee
|-supereffective|p2a: Ribombee
|-damage|p2a: Ribombee|0 fnt
|faint|p2a: Ribombee
|
|-weather|Sandstorm|[upkeep]
|upkeep
|
|t:|1662927718
|switch|p2a: Centiskorch|Centiskorch, M|100/100
|turn|18
|
|t:|1662927721
|move|p1a: Togedemaru|Spiky Shield|p1a: Togedemaru
|-singleturn|p1a: Togedemaru|move: Protect
|move|p2a: Centiskorch|Knock Off|p1a: Togedemaru
|-activate|p1a: Togedemaru|move: Protect
|-damage|p2a: Centiskorch|88/100|[from] Spiky Shield|[of] p1a: Togedemaru
|
|-weather|none
|upkeep
|turn|19
|
|t:|1662927725
|move|p1a: Togedemaru|Wish|p1a: Togedemaru
|move|p2a: Centiskorch|Fire Lash|p1a: Togedemaru
|-supereffective|p1a: Togedemaru
|-damage|p1a: Togedemaru|0 fnt
|faint|p1a: Togedemaru
|
|upkeep
|
|t:|1662927728
|switch|p1a: Wishiwashi|Wishiwashi, F|51/100 slp
|-formechange|p1a: Wishiwashi|Wishiwashi-School||[from] ability: Schooling
|turn|20
|
|t:|1662927732
|switch|p1a: Scrafty|Scrafty, M|86/100
|-ability|p1a: Scrafty|Intimidate|boost
|-unboost|p2a: Centiskorch|atk|1
|move|p2a: Centiskorch|Power Whip|p1a: Scrafty
|-damage|p1a: Scrafty|57/100
|
|-heal|p1a: Scrafty|100/100|[from] move: Wish|[wisher] Togedemaru
|upkeep
|turn|21
|
|t:|1662927740
|switch|p2a: Gigalith|Gigalith, M|100/100
|-weather|Sandstorm|[from] ability: Sand Stream|[of] p2a: Gigalith
|move|p1a: Scrafty|Knock Off|p2a: Gigalith
|-damage|p2a: Gigalith|51/100
|-enditem|p2a: Gigalith|Leftovers|[from] move: Knock Off|[of] p1a: Scrafty
|
|-weather|Sandstorm|[upkeep]
|-damage|p1a: Scrafty|95/100|[from] Sandstorm
|upkeep
|turn|22
|
|t:|1662927745
|switch|p1a: Wishiwashi|Wishiwashi, F|51/100 slp
|-formechange|p1a: Wishiwashi|Wishiwashi-School||[from] ability: Schooling
|move|p2a: Gigalith|Rest|p2a: Gigalith
|-status|p2a: Gigalith|slp|[from] move: Rest
|-heal|p2a: Gigalith|100/100 slp|[silent]
|
|-weather|Sandstorm|[upkeep]
|-damage|p1a: Wishiwashi|45/100 slp|[from] Sandstorm
|-heal|p1a: Wishiwashi|51/100 slp|[from] item: Leftovers
|upkeep
|turn|23
|
|t:|1662927749
|switch|p2a: Sandslash|Sandslash, F|100/100
|-curestatus|p1a: Wishiwashi|slp|[msg]
|move|p1a: Wishiwashi|Scald|p2a: Sandslash
|-supereffective|p2a: Sandslash
|-damage|p2a: Sandslash|0 fnt
|faint|p2a: Sandslash
|
|-weather|Sandstorm|[upkeep]
|-damage|p1a: Wishiwashi|45/100|[from] Sandstorm
|-heal|p1a: Wishiwashi|51/100|[from] item: Leftovers
|upkeep
|
|t:|1662927754
|switch|p2a: Centiskorch|Centiskorch, M|88/100
|turn|24
|
|t:|1662927757
|switch|p1a: Charizard|Charizard, M|83/100
|move|p2a: Centiskorch|Power Whip|p1a: Charizard|[miss]
|-miss|p2a: Centiskorch|p1a: Charizard
|
|-weather|Sandstorm|[upkeep]
|-damage|p1a: Charizard|77/100|[from] Sandstorm
|-damage|p2a: Centiskorch|82/100|[from] Sandstorm
|upkeep
|turn|25
|
|t:|1662927760
|move|p1a: Charizard|Toxic|p2a: Centiskorch
|-status|p2a: Centiskorch|tox
|move|p2a: Centiskorch|Knock Off|p1a: Charizard
|-damage|p1a: Charizard|34/100
|-enditem|p1a: Charizard|Heavy-Duty Boots|[from] move: Knock Off|[of] p2a: Centiskorch
|
|-weather|none
|-damage|p2a: Centiskorch|76/100 tox|[from] psn
|upkeep
|turn|26
|
|t:|1662927763
|move|p1a: Charizard|Roost|p1a: Charizard
|-heal|p1a: Charizard|84/100
|-singleturn|p1a: Charizard|move: Roost
|move|p2a: Centiskorch|Leech Life|p1a: Charizard
|-resisted|p1a: Charizard
|-damage|p1a: Charizard|60/100
|-heal|p2a: Centiskorch|88/100 tox|[from] drain|[of] p1a: Charizard
|
|-damage|p2a: Centiskorch|76/100 tox|[from] psn
|upkeep
|turn|27
|
|t:|1662927767
|switch|p2a: Wishiwashi|Wishiwashi, M|94/100 tox
|-formechange|p2a: Wishiwashi|Wishiwashi-School||[from] ability: Schooling
|move|p1a: Charizard|Roost|p1a: Charizard
|-heal|p1a: Charizard|100/100
|-singleturn|p1a: Charizard|move: Roost
|
|-heal|p2a: Wishiwashi|100/100 tox|[from] item: Leftovers
|-damage|p2a: Wishiwashi|94/100 tox|[from] psn
|upkeep
|turn|28
|
|t:|1662927772
|switch|p1a: Wishiwashi|Wishiwashi, F|51/100
|-formechange|p1a: Wishiwashi|Wishiwashi-School||[from] ability: Schooling
|move|p2a: Wishiwashi|Scald|p1a: Wishiwashi
|-resisted|p1a: Wishiwashi
|-damage|p1a: Wishiwashi|36/100
|
|-heal|p1a: Wishiwashi|42/100|[from] item: Leftovers
|-heal|p2a: Wishiwashi|100/100 tox|[from] item: Leftovers
|-damage|p2a: Wishiwashi|88/100 tox|[from] psn
|upkeep
|turn|29
|
|t:|1662927777
|move|p1a: Wishiwashi|U-turn|p2a: Wishiwashi
|-damage|p2a: Wishiwashi|75/100 tox
|
|t:|1662927787
|switch|p1a: Ribombee|Ribombee, M|100/100|[from]move: U-turn
|move|p2a: Wishiwashi|Scald|p1a: Ribombee
|-damage|p1a: Ribombee|32/100
|
|-heal|p2a: Wishiwashi|81/100 tox|[from] item: Leftovers
|-damage|p2a: Wishiwashi|63/100 tox|[from] psn
|upkeep
|turn|30
|
|t:|1662927793
|move|p1a: Ribombee|Roost|p1a: Ribombee
|-heal|p1a: Ribombee|82/100
|-singleturn|p1a: Ribombee|move: Roost
|move|p2a: Wishiwashi|Scald|p1a: Ribombee
|-damage|p1a: Ribombee|18/100
|
|-heal|p2a: Wishiwashi|69/100 tox|[from] item: Leftovers
|-damage|p2a: Wishiwashi|45/100 tox|[from] psn
|upkeep
|turn|31
|
|t:|1662927796
|move|p1a: Ribombee|Moonblast|p2a: Wishiwashi
|-damage|p2a: Wishiwashi|8/100 tox
|move|p2a: Wishiwashi|U-turn|p1a: Ribombee
|-resisted|p1a: Ribombee
|-damage|p1a: Ribombee|0 fnt
|faint|p1a: Ribombee
|
|t:|1662927800
|switch|p2a: Gigalith|Gigalith, M|100/100 slp|[from]move: U-turn
|-weather|Sandstorm|[from] ability: Sand Stream|[of] p2a: Gigalith
|
|-weather|Sandstorm|[upkeep]
|upkeep
|
|t:|1662927806
|switch|p1a: Wishiwashi|Wishiwashi, F|42/100
|-formechange|p1a: Wishiwashi|Wishiwashi-School||[from] ability: Schooling
|turn|32
|
|t:|1662927812
|move|p1a: Wishiwashi|Scald|p2a: Gigalith
|-supereffective|p2a: Gigalith
|-crit|p2a: Gigalith
|-damage|p2a: Gigalith|43/100 slp
|cant|p2a: Gigalith|slp
|
|-weather|Sandstorm|[upkeep]
|-damage|p1a: Wishiwashi|36/100|[from] Sandstorm
|-heal|p1a: Wishiwashi|42/100|[from] item: Leftovers
|upkeep
|turn|33
|
|t:|1662927814
|move|p1a: Wishiwashi|Scald|p2a: Gigalith
|-supereffective|p2a: Gigalith
|-damage|p2a: Gigalith|6/100 slp
|cant|p2a: Gigalith|slp
|
|-weather|Sandstorm|[upkeep]
|-damage|p1a: Wishiwashi|36/100|[from] Sandstorm
|-heal|p1a: Wishiwashi|42/100|[from] item: Leftovers
|upkeep
|turn|34
|
|t:|1662927817
|move|p1a: Wishiwashi|Scald|p2a: Gigalith
|-supereffective|p2a: Gigalith
|-damage|p2a: Gigalith|0 fnt
|faint|p2a: Gigalith
|
|-weather|Sandstorm|[upkeep]
|-damage|p1a: Wishiwashi|36/100|[from] Sandstorm
|-heal|p1a: Wishiwashi|42/100|[from] item: Leftovers
|upkeep
|
|t:|1662927819
|switch|p2a: Centiskorch|Centiskorch, M|76/100 tox
|turn|35
|
|t:|1662927821
|move|p2a: Centiskorch|Power Whip|p1a: Wishiwashi
|-supereffective|p1a: Wishiwashi
|-damage|p1a: Wishiwashi|0 fnt
|faint|p1a: Wishiwashi
|
|-weather|none
|-damage|p2a: Centiskorch|70/100 tox|[from] psn
|upkeep
|
|t:|1662927823
|switch|p1a: Cradily|Cradily, M|100/100
|turn|36
|
|t:|1662927827
|move|p2a: Centiskorch|Knock Off|p1a: Cradily
|-damage|p1a: Cradily|66/100
|-enditem|p1a: Cradily|Power Herb|[from] move: Knock Off|[of] p2a: Centiskorch
|move|p1a: Cradily|Meteor Beam||[still]
|-prepare|p1a: Cradily|Meteor Beam
|-boost|p1a: Cradily|spa|1
|
|-damage|p2a: Centiskorch|58/100 tox|[from] psn
|upkeep
|turn|37
|
|t:|1662927834
|move|p2a: Centiskorch|Leech Life|p1a: Cradily
|-supereffective|p1a: Cradily
|-damage|p1a: Cradily|0 fnt
|-heal|p2a: Centiskorch|93/100 tox|[from] drain|[of] p1a: Cradily
|faint|p1a: Cradily
|
|-damage|p2a: Centiskorch|75/100 tox|[from] psn
|upkeep
|
|t:|1662927839
|switch|p1a: Scrafty|Scrafty, M|95/100
|-ability|p1a: Scrafty|Intimidate|boost
|-unboost|p2a: Centiskorch|atk|1
|turn|38
|
|t:|1662927842
|switch|p2a: Wishiwashi|Wishiwashi, M|8/100 tox
|move|p1a: Scrafty|Knock Off|p2a: Wishiwashi
|-damage|p2a: Wishiwashi|0 fnt
|-enditem|p2a: Wishiwashi|Leftovers|[from] move: Knock Off|[of] p1a: Scrafty
|faint|p2a: Wishiwashi
|
|upkeep
|
|t:|1662927843
|switch|p2a: Centiskorch|Centiskorch, M|75/100 tox
|turn|39
|
|t:|1662927845
|switch|p1a: Charizard|Charizard, M|100/100
|move|p2a: Centiskorch|Leech Life|p1a: Charizard
|-resisted|p1a: Charizard
|-damage|p1a: Charizard|87/100
|-heal|p2a: Centiskorch|82/100 tox|[from] drain|[of] p1a: Charizard
|
|-damage|p2a: Centiskorch|76/100 tox|[from] psn
|upkeep
|turn|40
|
|t:|1662927850
|move|p1a: Charizard|Defog|p2a: Centiskorch
|-unboost|p2a: Centiskorch|evasion|1
|move|p2a: Centiskorch|Leech Life|p1a: Charizard
|-resisted|p1a: Charizard
|-damage|p1a: Charizard|76/100
|-heal|p2a: Centiskorch|82/100 tox|[from] drain|[of] p1a: Charizard
|
|-damage|p2a: Centiskorch|70/100 tox|[from] psn
|upkeep
|turn|41
|
|t:|1662927854
|move|p1a: Charizard|Roost|p1a: Charizard
|-heal|p1a: Charizard|100/100
|-singleturn|p1a: Charizard|move: Roost
|move|p2a: Centiskorch|Leech Life|p1a: Charizard
|-resisted|p1a: Charizard
|-damage|p1a: Charizard|75/100
|-heal|p2a: Centiskorch|83/100 tox|[from] drain|[of] p1a: Charizard
|
|-damage|p2a: Centiskorch|64/100 tox|[from] psn
|upkeep
|turn|42
|
|t:|1662927856
|move|p1a: Charizard|Roost|p1a: Charizard
|-heal|p1a: Charizard|100/100
|-singleturn|p1a: Charizard|move: Roost
|move|p2a: Centiskorch|Leech Life|p1a: Charizard
|-resisted|p1a: Charizard
|-damage|p1a: Charizard|76/100
|-heal|p2a: Centiskorch|78/100 tox|[from] drain|[of] p1a: Charizard
|
|-damage|p2a: Centiskorch|53/100 tox|[from] psn
|upkeep
|turn|43
|
|t:|1662927858
|move|p1a: Charizard|Defog|p2a: Centiskorch
|-unboost|p2a: Centiskorch|evasion|1
|move|p2a: Centiskorch|Leech Life|p1a: Charizard
|-resisted|p1a: Charizard
|-damage|p1a: Charizard|64/100
|-heal|p2a: Centiskorch|59/100 tox|[from] drain|[of] p1a: Charizard
|
|-damage|p2a: Centiskorch|29/100 tox|[from] psn
|upkeep
|turn|44
|
|t:|1662927861
|move|p1a: Charizard|Defog|p2a: Centiskorch
|-unboost|p2a: Centiskorch|evasion|1
|move|p2a: Centiskorch|Leech Life|p1a: Charizard
|-resisted|p1a: Charizard
|-damage|p1a: Charizard|52/100
|-heal|p2a: Centiskorch|35/100 tox|[from] drain|[of] p1a: Charizard
|
|-damage|p2a: Centiskorch|0 fnt|[from] psn
|faint|p2a: Centiskorch
|
|win|Cyber Cop (Police)
|upkeep
|raw|Cyber Cop (Police)'s rating: 1402 &rarr; <strong>1410</strong><br />(+8 for winning)
|raw|PULT4V4 Nichalho's rating: 1172 &rarr; <strong>1161</strong><br />(-11 for losing)
|c|☆Cyber Cop (Police)|gg
