|j|☆SingleAye
|j|☆BiscotteKouloulou
|t:|1647708912
|gametype|singles
|player|p1|SingleAye|beauty-gen4dp|1385
|player|p2|BiscotteKouloulou|unknown|1456
|teamsize|p1|6
|teamsize|p2|6
|gen|8
|tier|[Gen 8] PU
|rated|
|rule|Sleep Clause Mod: Limit one foe put to sleep
|rule|Species Clause: Limit one of each Pokémon
|rule|OHKO Clause: OHKO moves are banned
|rule|Evasion Moves Clause: Evasion moves are banned
|rule|Endless Battle Clause: Forcing endless battles is banned
|rule|HP Percentage Mod: HP is shown in percentages
|rule|Dynamax Clause: You cannot dynamax
|clearpoke
|poke|p1|Togedemaru, M|
|poke|p1|Qwilfish, F|
|poke|p1|Gallade, M|
|poke|p1|Eldegoss, F|
|poke|p1|Sandaconda, F|
|poke|p1|Ninjask, M|
|poke|p2|Persian-Alola, M|
|poke|p2|Gallade, M|
|poke|p2|Ribombee, F|
|poke|p2|Rotom-Fan|
|poke|p2|Gigalith, F|
|poke|p2|Quagsire, F|
|teampreview
|
|t:|1647708967
|start
|switch|p1a: Ninjask|Ninjask, M|100/100
|switch|p2a: Persian|Persian-Alola, M|100/100
|turn|1
|
|t:|1647708983
|move|p1a: Ninjask|U-turn|p2a: Persian
|-supereffective|p2a: Persian
|-damage|p2a: Persian|50/100
|
|t:|1647708989
|switch|p1a: Togedemaru|Togedemaru, M|100/100|[from]move: U-turn
|move|p2a: Persian|Knock Off|p1a: Togedemaru
|-damage|p1a: Togedemaru|68/100
|-damage|p2a: Persian|37/100|[from] ability: Iron Barbs|[of] p1a: Togedemaru
|-enditem|p1a: Togedemaru|Leftovers|[from] move: Knock Off|[of] p2a: Persian
|
|upkeep
|turn|2
|
|t:|1647709019
|move|p2a: Persian|Parting Shot|p1a: Togedemaru
|-unboost|p1a: Togedemaru|atk|1
|-unboost|p1a: Togedemaru|spa|1
|
|t:|1647709026
|switch|p2a: Gigalith|Gigalith, F|100/100|[from]move: Parting Shot
|-weather|Sandstorm|[from] ability: Sand Stream|[of] p2a: Gigalith
|move|p1a: Togedemaru|U-turn|p2a: Gigalith
|-damage|p2a: Gigalith|92/100
|
|t:|1647709033
|switch|p1a: Gallade|Gallade, M|100/100|[from]move: U-turn
|
|-weather|Sandstorm|[upkeep]
|-damage|p1a: Gallade|94/100|[from] Sandstorm
|-heal|p2a: Gigalith|99/100|[from] item: Leftovers
|upkeep
|turn|3
|
|t:|1647709042
|move|p2a: Gigalith|Protect|p2a: Gigalith
|-singleturn|p2a: Gigalith|Protect
|move|p1a: Gallade|Close Combat|p2a: Gigalith
|-activate|p2a: Gigalith|move: Protect
|
|-weather|Sandstorm|[upkeep]
|-damage|p1a: Gallade|88/100|[from] Sandstorm
|-heal|p2a: Gigalith|100/100|[from] item: Leftovers
|upkeep
|turn|4
|
|t:|1647709046
|switch|p2a: Rotom|Rotom-Fan|100/100
|move|p1a: Gallade|Close Combat|p2a: Rotom
|-resisted|p2a: Rotom
|-damage|p2a: Rotom|57/100
|-unboost|p1a: Gallade|def|1
|-unboost|p1a: Gallade|spd|1
|-damage|p1a: Gallade|78/100|[from] item: Life Orb
|
|-weather|Sandstorm|[upkeep]
|-damage|p2a: Rotom|50/100|[from] Sandstorm
|-damage|p1a: Gallade|72/100|[from] Sandstorm
|upkeep
|turn|5
|
|t:|1647709055
|switch|p1a: Togedemaru|Togedemaru, M|68/100
|move|p2a: Rotom|Volt Switch|p1a: Togedemaru
|-resisted|p1a: Togedemaru
|-damage|p1a: Togedemaru|56/100
|
|t:|1647709071
|switch|p2a: Quagsire|Quagsire, F|100/100|[from]move: Volt Switch
|
|-weather|Sandstorm|[upkeep]
|upkeep
|turn|6
|
|t:|1647709075
|switch|p1a: Eldegoss|Eldegoss, F|100/100
|move|p2a: Quagsire|Earthquake|p1a: Eldegoss
|-resisted|p1a: Eldegoss
|-damage|p1a: Eldegoss|84/100
|
|-weather|none
|upkeep
|turn|7
|
|t:|1647709087
|switch|p2a: Persian|Persian-Alola, M|37/100
|move|p1a: Eldegoss|Leech Seed|p2a: Persian
|-start|p2a: Persian|move: Leech Seed
|
|-damage|p2a: Persian|25/100|[from] Leech Seed|[of] p1a: Eldegoss
|-heal|p1a: Eldegoss|96/100|[silent]
|upkeep
|turn|8
|
|t:|1647709104
|move|p2a: Persian|Toxic|p1a: Eldegoss|[miss]
|-miss|p2a: Persian|p1a: Eldegoss
|move|p1a: Eldegoss|Giga Drain|p2a: Persian
|-damage|p2a: Persian|0 fnt
|-heal|p1a: Eldegoss|100/100|[from] drain|[of] p2a: Persian
|faint|p2a: Persian
|
|upkeep
|
|t:|1647709117
|switch|p2a: Gigalith|Gigalith, F|100/100
|-weather|Sandstorm|[from] ability: Sand Stream|[of] p2a: Gigalith
|turn|9
|
|t:|1647709121
|move|p1a: Eldegoss|Leech Seed|p2a: Gigalith
|-start|p2a: Gigalith|move: Leech Seed
|move|p2a: Gigalith|Stealth Rock|p1a: Eldegoss
|-sidestart|p1: SingleAye|move: Stealth Rock
|
|-weather|Sandstorm|[upkeep]
|-damage|p1a: Eldegoss|94/100|[from] Sandstorm
|-damage|p2a: Gigalith|88/100|[from] Leech Seed|[of] p1a: Eldegoss
|-heal|p1a: Eldegoss|100/100|[silent]
|upkeep
|turn|10
|
|t:|1647709129
|switch|p2a: Ribombee|Ribombee, F|100/100
|move|p1a: Eldegoss|Rapid Spin|p2a: Ribombee
|-damage|p2a: Ribombee|89/100
|-boost|p1a: Eldegoss|spe|1
|-sideend|p1: SingleAye|Stealth Rock|[from] move: Rapid Spin|[of] p1a: Eldegoss
|
|-weather|Sandstorm|[upkeep]
|-damage|p2a: Ribombee|82/100|[from] Sandstorm
|-damage|p1a: Eldegoss|94/100|[from] Sandstorm
|upkeep
|turn|11
|
|t:|1647709140
|move|p2a: Ribombee|Quiver Dance|p2a: Ribombee
|-boost|p2a: Ribombee|spa|1
|-boost|p2a: Ribombee|spd|1
|-boost|p2a: Ribombee|spe|1
|move|p1a: Eldegoss|Leech Seed|p2a: Ribombee
|-start|p2a: Ribombee|move: Leech Seed
|
|-weather|Sandstorm|[upkeep]
|-damage|p2a: Ribombee|76/100|[from] Sandstorm
|-damage|p1a: Eldegoss|88/100|[from] Sandstorm
|-damage|p2a: Ribombee|64/100|[from] Leech Seed|[of] p1a: Eldegoss
|-heal|p1a: Eldegoss|98/100|[silent]
|upkeep
|turn|12
|
|t:|1647709148
|switch|p1a: Togedemaru|Togedemaru, M|56/100
|move|p2a: Ribombee|Roost|p2a: Ribombee
|-heal|p2a: Ribombee|100/100
|-singleturn|p2a: Ribombee|move: Roost
|
|-weather|Sandstorm|[upkeep]
|-damage|p2a: Ribombee|94/100|[from] Sandstorm
|-damage|p2a: Ribombee|82/100|[from] Leech Seed|[of] p1a: Togedemaru
|-heal|p1a: Togedemaru|66/100|[silent]
|upkeep
|turn|13
|
|t:|1647709154
|switch|p2a: Gallade|Gallade, M|100/100
|move|p1a: Togedemaru|Iron Head|p2a: Gallade
|-damage|p2a: Gallade|52/100
|
|-weather|none
|upkeep
|turn|14
|
|t:|1647709161
|move|p1a: Togedemaru|Spiky Shield|p1a: Togedemaru
|-singleturn|p1a: Togedemaru|move: Protect
|move|p2a: Gallade|Close Combat|p1a: Togedemaru
|-activate|p1a: Togedemaru|move: Protect
|-damage|p2a: Gallade|40/100|[from] Spiky Shield|[of] p1a: Togedemaru
|
|upkeep
|turn|15
|
|t:|1647709164
|switch|p1a: Sandaconda|Sandaconda, F|100/100
|move|p2a: Gallade|Close Combat|p1a: Sandaconda
|-damage|p1a: Sandaconda|49/100
|-unboost|p2a: Gallade|def|1
|-unboost|p2a: Gallade|spd|1
|
|-heal|p1a: Sandaconda|55/100|[from] item: Leftovers
|upkeep
|turn|16
|
|t:|1647709174
|switch|p2a: Quagsire|Quagsire, F|100/100
|move|p1a: Sandaconda|Stone Edge|p2a: Quagsire
|-resisted|p2a: Quagsire
|-damage|p2a: Quagsire|93/100
|
|-heal|p1a: Sandaconda|61/100|[from] item: Leftovers
|upkeep
|turn|17
|
|t:|1647709179
|switch|p1a: Eldegoss|Eldegoss, F|100/100
|move|p2a: Quagsire|Toxic|p1a: Eldegoss
|-status|p1a: Eldegoss|tox
|
|-damage|p1a: Eldegoss|94/100 tox|[from] psn
|upkeep
|turn|18
|
|t:|1647709185
|switch|p2a: Rotom|Rotom-Fan|50/100
|move|p1a: Eldegoss|Giga Drain|p2a: Rotom
|-resisted|p2a: Rotom
|-damage|p2a: Rotom|40/100
|-heal|p1a: Eldegoss|99/100 tox|[from] drain|[of] p2a: Rotom
|
|-damage|p1a: Eldegoss|87/100 tox|[from] psn
|upkeep
|turn|19
|
|t:|1647709195
|switch|p1a: Togedemaru|Togedemaru, M|66/100
|move|p2a: Rotom|Air Slash|p1a: Togedemaru|[miss]
|-miss|p2a: Rotom|p1a: Togedemaru
|
|upkeep
|turn|20
|
|t:|1647709201
|move|p2a: Rotom|Volt Switch|p1a: Togedemaru
|-resisted|p1a: Togedemaru
|-damage|p1a: Togedemaru|54/100
|
|t:|1647709204
|switch|p2a: Quagsire|Quagsire, F|93/100|[from]move: Volt Switch
|move|p1a: Togedemaru|Wish|p1a: Togedemaru
|
|upkeep
|turn|21
|
|t:|1647709211
|switch|p2a: Rotom|Rotom-Fan|40/100
|move|p1a: Togedemaru|Spiky Shield||[still]
|-fail|p1a: Togedemaru
|
|-heal|p1a: Togedemaru|100/100|[from] move: Wish|[wisher] Togedemaru
|upkeep
|turn|22
|
|t:|1647709216
|move|p2a: Rotom|Volt Switch|p1a: Togedemaru
|-resisted|p1a: Togedemaru
|-damage|p1a: Togedemaru|88/100
|
|t:|1647709218
|switch|p2a: Quagsire|Quagsire, F|93/100|[from]move: Volt Switch
|move|p1a: Togedemaru|U-turn|p2a: Quagsire
|-damage|p2a: Quagsire|81/100
|
|t:|1647709225
|switch|p1a: Eldegoss|Eldegoss, F|100/100 tox|[from]move: U-turn
|
|-damage|p1a: Eldegoss|94/100 tox|[from] psn
|upkeep
|turn|23
|
|t:|1647709232
|switch|p2a: Rotom|Rotom-Fan|40/100
|move|p1a: Eldegoss|Leech Seed|p2a: Rotom|[miss]
|-miss|p1a: Eldegoss|p2a: Rotom
|
|-damage|p1a: Eldegoss|82/100 tox|[from] psn
|upkeep
|turn|24
|
|t:|1647709257
|switch|p1a: Togedemaru|Togedemaru, M|88/100
|move|p2a: Rotom|Air Slash|p1a: Togedemaru|[miss]
|-miss|p2a: Rotom|p1a: Togedemaru
|
|upkeep
|turn|25
|
|t:|1647709262
|move|p2a: Rotom|Volt Switch|p1a: Togedemaru
|-resisted|p1a: Togedemaru
|-damage|p1a: Togedemaru|77/100
|
|t:|1647709266
|switch|p2a: Quagsire|Quagsire, F|81/100|[from]move: Volt Switch
|move|p1a: Togedemaru|U-turn|p2a: Quagsire
|-damage|p2a: Quagsire|71/100
|
|t:|1647709272
|switch|p1a: Eldegoss|Eldegoss, F|100/100 tox|[from]move: U-turn
|
|-damage|p1a: Eldegoss|94/100 tox|[from] psn
|upkeep
|turn|26
|
|t:|1647709276
|switch|p2a: Gigalith|Gigalith, F|88/100
|-weather|Sandstorm|[from] ability: Sand Stream|[of] p2a: Gigalith
|move|p1a: Eldegoss|Leech Seed|p2a: Gigalith
|-start|p2a: Gigalith|move: Leech Seed
|
|-weather|Sandstorm|[upkeep]
|-damage|p1a: Eldegoss|88/100 tox|[from] Sandstorm
|-heal|p2a: Gigalith|94/100|[from] item: Leftovers
|-damage|p2a: Gigalith|82/100|[from] Leech Seed|[of] p1a: Eldegoss
|-heal|p1a: Eldegoss|100/100 tox|[silent]
|-damage|p1a: Eldegoss|88/100 tox|[from] psn
|upkeep
|turn|27
|
|t:|1647709280
|move|p1a: Eldegoss|Giga Drain|p2a: Gigalith
|-supereffective|p2a: Gigalith
|-damage|p2a: Gigalith|60/100
|-heal|p1a: Eldegoss|100/100 tox|[from] drain|[of] p2a: Gigalith
|move|p2a: Gigalith|Stealth Rock|p1a: Eldegoss
|-sidestart|p1: SingleAye|move: Stealth Rock
|
|-weather|Sandstorm|[upkeep]
|-damage|p1a: Eldegoss|94/100 tox|[from] Sandstorm
|-heal|p2a: Gigalith|66/100|[from] item: Leftovers
|-damage|p2a: Gigalith|53/100|[from] Leech Seed|[of] p1a: Eldegoss
|-heal|p1a: Eldegoss|100/100 tox|[silent]
|-damage|p1a: Eldegoss|82/100 tox|[from] psn
|upkeep
|turn|28
|
|t:|1647709286
|move|p1a: Eldegoss|Rapid Spin|p2a: Gigalith
|-resisted|p2a: Gigalith
|-damage|p2a: Gigalith|51/100
|-boost|p1a: Eldegoss|spe|1
|-sideend|p1: SingleAye|Stealth Rock|[from] move: Rapid Spin|[of] p1a: Eldegoss
|move|p2a: Gigalith|Rock Blast|p1a: Eldegoss
|-damage|p1a: Eldegoss|69/100 tox
|-damage|p1a: Eldegoss|55/100 tox
|-hitcount|p1a: Eldegoss|2
|
|-weather|Sandstorm|[upkeep]
|-damage|p1a: Eldegoss|49/100 tox|[from] Sandstorm
|-heal|p2a: Gigalith|57/100|[from] item: Leftovers
|-damage|p2a: Gigalith|45/100|[from] Leech Seed|[of] p1a: Eldegoss
|-heal|p1a: Eldegoss|64/100 tox|[silent]
|-damage|p1a: Eldegoss|39/100 tox|[from] psn
|upkeep
|turn|29
|
|t:|1647709298
|switch|p1a: Sandaconda|Sandaconda, F|61/100
|move|p2a: Gigalith|Stealth Rock|p1a: Sandaconda
|-sidestart|p1: SingleAye|move: Stealth Rock
|
|-weather|Sandstorm|[upkeep]
|-heal|p1a: Sandaconda|67/100|[from] item: Leftovers
|-heal|p2a: Gigalith|51/100|[from] item: Leftovers
|-damage|p2a: Gigalith|39/100|[from] Leech Seed|[of] p1a: Sandaconda
|-heal|p1a: Sandaconda|81/100|[silent]
|upkeep
|turn|30
|
|t:|1647709311
|switch|p2a: Quagsire|Quagsire, F|71/100
|move|p1a: Sandaconda|Earthquake|p2a: Quagsire
|-damage|p2a: Quagsire|46/100
|
|-weather|none
|-heal|p1a: Sandaconda|87/100|[from] item: Leftovers
|upkeep
|turn|31
|
|t:|1647709318
|switch|p1a: Eldegoss|Eldegoss, F|72/100 tox
|move|p2a: Quagsire|Recover|p2a: Quagsire
|-heal|p2a: Quagsire|96/100
|
|-damage|p1a: Eldegoss|66/100 tox|[from] psn
|upkeep
|turn|32
|
|t:|1647709323
|switch|p2a: Rotom|Rotom-Fan|40/100
|move|p1a: Eldegoss|Rapid Spin|p2a: Rotom
|-damage|p2a: Rotom|33/100
|-boost|p1a: Eldegoss|spe|1
|-sideend|p1: SingleAye|Stealth Rock|[from] move: Rapid Spin|[of] p1a: Eldegoss
|
|-damage|p1a: Eldegoss|53/100 tox|[from] psn
|upkeep
|turn|33
|
|t:|1647709328
|switch|p1a: Togedemaru|Togedemaru, M|77/100
|move|p2a: Rotom|Volt Switch|p1a: Togedemaru
|-resisted|p1a: Togedemaru
|-damage|p1a: Togedemaru|67/100
|
|t:|1647709338
|switch|p2a: Quagsire|Quagsire, F|96/100|[from]move: Volt Switch
|
|upkeep
|turn|34
|
|t:|1647709346
|move|p1a: Togedemaru|U-turn|p2a: Quagsire
|-damage|p2a: Quagsire|85/100
|
|t:|1647709348
|switch|p1a: Eldegoss|Eldegoss, F|87/100 tox|[from]move: U-turn
|move|p2a: Quagsire|Earthquake|p1a: Eldegoss
|-resisted|p1a: Eldegoss
|-damage|p1a: Eldegoss|68/100 tox
|
|-damage|p1a: Eldegoss|61/100 tox|[from] psn
|upkeep
|turn|35
|
|t:|1647709359
|switch|p2a: Gallade|Gallade, M|40/100
|move|p1a: Eldegoss|Aromatherapy|p1a: Eldegoss
|-activate|p1a: Eldegoss|move: Aromatherapy
|-curestatus|p1a: Eldegoss|tox|[msg]
|
|upkeep
|turn|36
|j| NiMing9
|
|t:|1647709395
|switch|p1a: Sandaconda|Sandaconda, F|87/100
|move|p2a: Gallade|Close Combat|p1a: Sandaconda
|-damage|p1a: Sandaconda|31/100
|-unboost|p2a: Gallade|def|1
|-unboost|p2a: Gallade|spd|1
|
|-heal|p1a: Sandaconda|37/100|[from] item: Leftovers
|upkeep
|turn|37
|
|t:|1647709404
|switch|p1a: Ninjask|Ninjask, M|100/100
|move|p2a: Gallade|Close Combat|p1a: Ninjask
|-resisted|p1a: Ninjask
|-damage|p1a: Ninjask|53/100
|-unboost|p2a: Gallade|def|1
|-unboost|p2a: Gallade|spd|1
|
|upkeep
|turn|38
|
|t:|1647709428
|switch|p2a: Quagsire|Quagsire, F|85/100
|move|p1a: Ninjask|U-turn|p2a: Quagsire
|-damage|p2a: Quagsire|63/100
|
|t:|1647709433
|switch|p1a: Eldegoss|Eldegoss, F|95/100|[from]move: U-turn
|
|upkeep
|turn|39
|
|t:|1647709449
|move|p1a: Eldegoss|Giga Drain|p2a: Quagsire
|-supereffective|p2a: Quagsire
|-damage|p2a: Quagsire|0 fnt
|-heal|p1a: Eldegoss|100/100|[from] drain|[of] p2a: Quagsire
|faint|p2a: Quagsire
|
|upkeep
|
|t:|1647709453
|switch|p2a: Gallade|Gallade, M|40/100
|turn|40
|
|t:|1647709459
|switch|p1a: Sandaconda|Sandaconda, F|37/100
|move|p2a: Gallade|Close Combat|p1a: Sandaconda
|-damage|p1a: Sandaconda|0 fnt
|-unboost|p2a: Gallade|def|1
|-unboost|p2a: Gallade|spd|1
|faint|p1a: Sandaconda
|
|upkeep
|
|t:|1647709465
|switch|p1a: Ninjask|Ninjask, M|53/100
|turn|41
|
|t:|1647709504
|switch|p2a: Gigalith|Gigalith, F|39/100
|-weather|Sandstorm|[from] ability: Sand Stream|[of] p2a: Gigalith
|move|p1a: Ninjask|Leech Life|p2a: Gigalith
|-damage|p2a: Gigalith|14/100
|-heal|p1a: Ninjask|68/100|[from] drain|[of] p2a: Gigalith
|
|-weather|Sandstorm|[upkeep]
|-damage|p1a: Ninjask|62/100|[from] Sandstorm
|-heal|p2a: Gigalith|21/100|[from] item: Leftovers
|-ability|p1a: Ninjask|Speed Boost|boost
|-boost|p1a: Ninjask|spe|1
|upkeep
|turn|42
|
|t:|1647709510
|switch|p1a: Eldegoss|Eldegoss, F|100/100
|move|p2a: Gigalith|Protect||[still]
|-fail|p2a: Gigalith
|
|-weather|Sandstorm|[upkeep]
|-damage|p1a: Eldegoss|94/100|[from] Sandstorm
|-heal|p2a: Gigalith|27/100|[from] item: Leftovers
|upkeep
|turn|43
|
|t:|1647709516
|move|p1a: Eldegoss|Leech Seed|p2a: Gigalith
|-start|p2a: Gigalith|move: Leech Seed
|move|p2a: Gigalith|Stealth Rock|p1a: Eldegoss
|-sidestart|p1: SingleAye|move: Stealth Rock
|
|-weather|Sandstorm|[upkeep]
|-damage|p1a: Eldegoss|88/100|[from] Sandstorm
|-heal|p2a: Gigalith|33/100|[from] item: Leftovers
|-damage|p2a: Gigalith|21/100|[from] Leech Seed|[of] p1a: Eldegoss
|-heal|p1a: Eldegoss|100/100|[silent]
|upkeep
|turn|44
|
|t:|1647709521
|move|p1a: Eldegoss|Rapid Spin|p2a: Gigalith
|-resisted|p2a: Gigalith
|-damage|p2a: Gigalith|18/100
|-boost|p1a: Eldegoss|spe|1
|-sideend|p1: SingleAye|Stealth Rock|[from] move: Rapid Spin|[of] p1a: Eldegoss
|move|p2a: Gigalith|Rock Blast|p1a: Eldegoss
|-damage|p1a: Eldegoss|87/100
|-damage|p1a: Eldegoss|75/100
|-hitcount|p1a: Eldegoss|2
|
|-weather|Sandstorm|[upkeep]
|-damage|p1a: Eldegoss|69/100|[from] Sandstorm
|-heal|p2a: Gigalith|24/100|[from] item: Leftovers
|-damage|p2a: Gigalith|12/100|[from] Leech Seed|[of] p1a: Eldegoss
|-heal|p1a: Eldegoss|83/100|[silent]
|upkeep
|turn|45
|
|t:|1647709526
|move|p1a: Eldegoss|Giga Drain|p2a: Gigalith
|-supereffective|p2a: Gigalith
|-damage|p2a: Gigalith|0 fnt
|-heal|p1a: Eldegoss|90/100|[from] drain|[of] p2a: Gigalith
|faint|p2a: Gigalith
|
|-weather|none
|upkeep
|
|t:|1647709534
|switch|p2a: Ribombee|Ribombee, F|82/100
|turn|46
|
|t:|1647709537
|switch|p1a: Togedemaru|Togedemaru, M|67/100
|move|p2a: Ribombee|Quiver Dance|p2a: Ribombee
|-boost|p2a: Ribombee|spa|1
|-boost|p2a: Ribombee|spd|1
|-boost|p2a: Ribombee|spe|1
|
|upkeep
|turn|47
|
|t:|1647709545
|move|p2a: Ribombee|U-turn|p1a: Togedemaru
|-resisted|p1a: Togedemaru
|-damage|p1a: Togedemaru|58/100
|-damage|p2a: Ribombee|70/100|[from] ability: Iron Barbs|[of] p1a: Togedemaru
|
|t:|1647709549
|switch|p2a: Rotom|Rotom-Fan|33/100|[from]move: U-turn
|move|p1a: Togedemaru|Iron Head|p2a: Rotom
|-resisted|p2a: Rotom
|-damage|p2a: Rotom|19/100
|
|upkeep
|turn|48
|
|t:|1647709554
|move|p2a: Rotom|Volt Switch|p1a: Togedemaru
|-resisted|p1a: Togedemaru
|-damage|p1a: Togedemaru|45/100
|
|t:|1647709558
|switch|p2a: Gallade|Gallade, M|40/100|[from]move: Volt Switch
|move|p1a: Togedemaru|Wish|p1a: Togedemaru
|
|upkeep
|turn|49
|
|t:|1647709565
|move|p1a: Togedemaru|Spiky Shield|p1a: Togedemaru
|-singleturn|p1a: Togedemaru|move: Protect
|move|p2a: Gallade|Knock Off|p1a: Togedemaru
|-activate|p1a: Togedemaru|move: Protect
|-damage|p2a: Gallade|28/100|[from] Spiky Shield|[of] p1a: Togedemaru
|
|-heal|p1a: Togedemaru|95/100|[from] move: Wish|[wisher] Togedemaru
|upkeep
|turn|50
|
|t:|1647709571
|switch|p1a: Qwilfish|Qwilfish, F|100/100
|-ability|p1a: Qwilfish|Intimidate|boost
|-unboost|p2a: Gallade|atk|1
|move|p2a: Gallade|Knock Off|p1a: Qwilfish
|-damage|p1a: Qwilfish|62/100
|-damage|p2a: Gallade|11/100|[from] item: Rocky Helmet|[of] p1a: Qwilfish
|-enditem|p1a: Qwilfish|Rocky Helmet|[from] move: Knock Off|[of] p2a: Gallade
|
|upkeep
|turn|51
|
|t:|1647709577
|switch|p2a: Rotom|Rotom-Fan|19/100
|move|p1a: Qwilfish|Liquidation|p2a: Rotom
|-damage|p2a: Rotom|0 fnt
|faint|p2a: Rotom
|
|upkeep
|
|t:|1647709580
|switch|p2a: Gallade|Gallade, M|11/100
|turn|52
|
|t:|1647709586
|move|p2a: Gallade|Psycho Cut|p1a: Qwilfish
|-supereffective|p1a: Qwilfish
|-crit|p1a: Qwilfish
|-damage|p1a: Qwilfish|0 fnt
|faint|p1a: Qwilfish
|
|upkeep
|
|t:|1647709590
|switch|p1a: Ninjask|Ninjask, M|62/100
|turn|53
|
|t:|1647709592
|move|p1a: Ninjask|Leech Life|p2a: Gallade
|-damage|p2a: Gallade|0 fnt
|-heal|p1a: Ninjask|67/100|[from] drain|[of] p2a: Gallade
|faint|p2a: Gallade
|
|-ability|p1a: Ninjask|Speed Boost|boost
|-boost|p1a: Ninjask|spe|1
|upkeep
|
|t:|1647709594
|switch|p2a: Ribombee|Ribombee, F|70/100
|turn|54
|
|t:|1647709596
|move|p1a: Ninjask|Dual Wingbeat|p2a: Ribombee
|-supereffective|p2a: Ribombee
|-damage|p2a: Ribombee|0 fnt
|faint|p2a: Ribombee
|-hitcount|p2: Ribombee|1
|
|win|SingleAye
|raw|SingleAye's rating: 1385 &rarr; <strong>1409</strong><br />(+24 for winning)
|raw|BiscotteKouloulou's rating: 1456 &rarr; <strong>1432</strong><br />(-24 for losing)
|l|☆BiscotteKouloulou
