|j|☆Eesturn
|j|☆O Man2020
|t:|1609868324
|player|p1|Eesturn|psychic-gen4|1492
|player|p2|O Man2020|veteran|1435
|teamsize|p1|6
|teamsize|p2|6
|gametype|singles
|gen|8
|tier|[Gen 8] PU
|rated|
|clearpoke
|poke|p1|Galvantula, F|
|poke|p1|Gigalith, F|
|poke|p1|Silvally-*|
|poke|p1|Virizion|
|poke|p1|Centiskorch, F|
|poke|p1|Vaporeon, F|
|poke|p2|Accelgor, F|
|poke|p2|Centiskorch, M|
|poke|p2|Regirock|
|poke|p2|Sandslash, F|
|poke|p2|Vaporeon, F|
|poke|p2|Archeops, F|
|rule|Sleep Clause Mod: Limit one foe put to sleep
|rule|Species Clause: Limit one of each Pokémon
|rule|OHKO Clause: OHKO moves are banned
|rule|Evasion Moves Clause: Evasion moves are banned
|rule|Endless Battle Clause: Forcing endless battles is banned
|rule|HP Percentage Mod: HP is shown in percentages
|rule|Dynamax Clause: You cannot dynamax
|teampreview
|inactive|Battle timer is ON: inactive players will automatically lose when time's up. (requested by O Man2020)
|
|t:|1609868342
|start
|switch|p1a: Vaporeon|Vaporeon, F|100/100
|switch|p2a: Regirock|Regirock|100/100
|turn|1
|c|☆O Man2020|Gl hf
|
|t:|1609868350
|switch|p2a: Vaporeon|Vaporeon, F|100/100
|move|p1a: Vaporeon|Scald|p2a: Vaporeon
|-immune|p2a: Vaporeon|[from] ability: Water Absorb
|
|upkeep
|turn|2
|
|t:|1609868357
|move|p1a: Vaporeon|Wish|p1a: Vaporeon
|move|p2a: Vaporeon|Toxic|p1a: Vaporeon
|-status|p1a: Vaporeon|tox
|
|-damage|p1a: Vaporeon|94/100 tox|[from] psn
|upkeep
|turn|3
|
|t:|1609868371
|switch|p1a: Centiskorch|Centiskorch, F|100/100
|move|p2a: Vaporeon|Wish|p2a: Vaporeon
|
|upkeep
|turn|4
|
|t:|1609868383
|switch|p2a: Regirock|Regirock|100/100
|move|p1a: Centiskorch|Coil|p1a: Centiskorch
|-boost|p1a: Centiskorch|atk|1
|-boost|p1a: Centiskorch|def|1
|-boost|p1a: Centiskorch|accuracy|1
|
|upkeep
|turn|5
|
|t:|1609868391
|move|p1a: Centiskorch|Power Whip|p2a: Regirock
|-supereffective|p2a: Regirock
|-damage|p2a: Regirock|57/100
|move|p2a: Regirock|Iron Defense|p2a: Regirock
|-boost|p2a: Regirock|def|2
|
|-heal|p2a: Regirock|63/100|[from] item: Leftovers
|upkeep
|turn|6
|
|t:|1609868402
|move|p1a: Centiskorch|Power Whip|p2a: Regirock
|-supereffective|p2a: Regirock
|-damage|p2a: Regirock|38/100
|move|p2a: Regirock|Iron Defense|p2a: Regirock
|-boost|p2a: Regirock|def|2
|
|-heal|p2a: Regirock|44/100|[from] item: Leftovers
|upkeep
|turn|7
|
|t:|1609868409
|move|p1a: Centiskorch|Power Whip|p2a: Regirock
|-supereffective|p2a: Regirock
|-damage|p2a: Regirock|27/100
|move|p2a: Regirock|Rock Blast|p1a: Centiskorch|[miss]
|-miss|p2a: Regirock|p1a: Centiskorch
|
|-heal|p2a: Regirock|33/100|[from] item: Leftovers
|upkeep
|turn|8
|
|t:|1609868416
|move|p1a: Centiskorch|Power Whip|p2a: Regirock
|-supereffective|p2a: Regirock
|-damage|p2a: Regirock|16/100
|move|p2a: Regirock|Rock Blast|p1a: Centiskorch
|-supereffective|p1a: Centiskorch
|-damage|p1a: Centiskorch|68/100
|-supereffective|p1a: Centiskorch
|-damage|p1a: Centiskorch|36/100
|-supereffective|p1a: Centiskorch
|-damage|p1a: Centiskorch|1/100
|-hitcount|p1a: Centiskorch|3
|
|-heal|p2a: Regirock|22/100|[from] item: Leftovers
|upkeep
|turn|9
|
|t:|1609868427
|move|p1a: Centiskorch|Power Whip|p2a: Regirock
|-supereffective|p2a: Regirock
|-damage|p2a: Regirock|8/100
|move|p2a: Regirock|Body Press|p1a: Centiskorch
|-resisted|p1a: Centiskorch
|-damage|p1a: Centiskorch|0 fnt
|faint|p1a: Centiskorch
|
|-heal|p2a: Regirock|14/100|[from] item: Leftovers
|upkeep
|
|t:|1609868436
|switch|p1a: Galvantula|Galvantula, F|100/100
|turn|10
|
|t:|1609868443
|move|p1a: Galvantula|Bug Buzz|p2a: Regirock
|-damage|p2a: Regirock|0 fnt
|faint|p2a: Regirock
|
|upkeep
|
|t:|1609868472
|switch|p2a: Sandslash|Sandslash, F|100/100
|turn|11
|
|t:|1609868477
|switch|p1a: Vaporeon|Vaporeon, F|94/100 tox
|move|p2a: Sandslash|Earthquake|p1a: Vaporeon
|-damage|p1a: Vaporeon|71/100 tox
|
|-heal|p1a: Vaporeon|77/100 tox|[from] item: Leftovers
|-damage|p1a: Vaporeon|71/100 tox|[from] psn
|upkeep
|turn|12
|
|t:|1609868486
|switch|p2a: Vaporeon|Vaporeon, F|100/100
|move|p1a: Vaporeon|Wish|p1a: Vaporeon
|
|-heal|p1a: Vaporeon|77/100 tox|[from] item: Leftovers
|-damage|p1a: Vaporeon|65/100 tox|[from] psn
|upkeep
|turn|13
|
|t:|1609868492
|move|p1a: Vaporeon|Protect|p1a: Vaporeon
|-singleturn|p1a: Vaporeon|Protect
|move|p2a: Vaporeon|Flip Turn|p1a: Vaporeon
|-activate|p1a: Vaporeon|move: Protect
|
|-heal|p1a: Vaporeon|100/100 tox|[from] move: Wish|[wisher] Vaporeon
|-damage|p1a: Vaporeon|82/100 tox|[from] psn
|upkeep
|turn|14
|
|t:|1609868500
|move|p1a: Vaporeon|Wish|p1a: Vaporeon
|move|p2a: Vaporeon|Wish|p2a: Vaporeon
|
|-heal|p1a: Vaporeon|88/100 tox|[from] item: Leftovers
|-damage|p1a: Vaporeon|64/100 tox|[from] psn
|upkeep
|turn|15
|
|t:|1609868512
|switch|p1a: Gigalith|Gigalith, F|100/100
|-weather|Sandstorm|[from] ability: Sand Stream|[of] p1a: Gigalith
|move|p2a: Vaporeon|Toxic|p1a: Gigalith
|-status|p1a: Gigalith|tox
|
|-weather|Sandstorm|[upkeep]
|-damage|p2a: Vaporeon|94/100|[from] Sandstorm
|-heal|p2a: Vaporeon|100/100|[from] move: Wish|[wisher] Vaporeon
|-damage|p1a: Gigalith|94/100 tox|[from] psn
|upkeep
|turn|16
|
|t:|1609868523
|move|p2a: Vaporeon|Flip Turn|p1a: Gigalith
|-supereffective|p1a: Gigalith
|-damage|p1a: Gigalith|73/100 tox
|
|t:|1609868527
|switch|p2a: Sandslash|Sandslash, F|100/100|[from]move: Flip Turn
|move|p1a: Gigalith|Stealth Rock|p2a: Sandslash
|-sidestart|p2: O Man2020|move: Stealth Rock
|
|-weather|Sandstorm|[upkeep]
|-heal|p1a: Gigalith|79/100 tox|[from] item: Leftovers
|-damage|p1a: Gigalith|66/100 tox|[from] psn
|upkeep
|turn|17
|
|t:|1609868535
|switch|p1a: Virizion|Virizion|100/100
|move|p2a: Sandslash|Spikes|p1a: Virizion
|-sidestart|p1: Eesturn|Spikes
|
|-weather|Sandstorm|[upkeep]
|-damage|p1a: Virizion|94/100|[from] Sandstorm
|upkeep
|turn|18
|
|t:|1609868553
|move|p1a: Virizion|Leaf Blade|p2a: Sandslash
|-supereffective|p2a: Sandslash
|-damage|p2a: Sandslash|25/100
|move|p2a: Sandslash|Rapid Spin|p1a: Virizion
|-damage|p1a: Virizion|77/100
|-boost|p2a: Sandslash|spe|1
|-sideend|p2: O Man2020|Stealth Rock|[from] move: Rapid Spin|[of] p2a: Sandslash
|
|-weather|Sandstorm|[upkeep]
|-damage|p1a: Virizion|71/100|[from] Sandstorm
|-heal|p2a: Sandslash|31/100|[from] item: Leftovers
|upkeep
|turn|19
|
|t:|1609868572
|switch|p1a: Gigalith|Gigalith, F|66/100 tox
|-damage|p1a: Gigalith|54/100 tox|[from] Spikes
|move|p2a: Sandslash|Spikes|p1a: Gigalith
|-sidestart|p1: Eesturn|Spikes
|
|-weather|none
|-heal|p2a: Sandslash|38/100|[from] item: Leftovers
|-heal|p1a: Gigalith|60/100 tox|[from] item: Leftovers
|-damage|p1a: Gigalith|54/100 tox|[from] psn
|upkeep
|turn|20
|
|t:|1609868585
|switch|p1a: Virizion|Virizion|71/100
|-damage|p1a: Virizion|54/100|[from] Spikes
|move|p2a: Sandslash|Earthquake|p1a: Virizion
|-resisted|p1a: Virizion
|-crit|p1a: Virizion
|-damage|p1a: Virizion|17/100
|
|-heal|p2a: Sandslash|44/100|[from] item: Leftovers
|upkeep
|turn|21
|inactive|Eesturn has 120 seconds left.
|
|t:|1609868617
|move|p1a: Virizion|Close Combat|p2a: Sandslash
|-damage|p2a: Sandslash|0 fnt
|-unboost|p1a: Virizion|def|1
|-unboost|p1a: Virizion|spd|1
|faint|p2a: Sandslash
|
|upkeep
|
|t:|1609868626
|switch|p2a: Accelgor|Accelgor, F, shiny|100/100
|turn|22
|
|t:|1609868630
|move|p1a: Virizion|Close Combat|p2a: Accelgor
|-resisted|p2a: Accelgor
|-damage|p2a: Accelgor|35/100
|-unboost|p1a: Virizion|def|1
|-unboost|p1a: Virizion|spd|1
|move|p2a: Accelgor|Bug Buzz|p1a: Virizion
|-damage|p1a: Virizion|0 fnt
|faint|p1a: Virizion
|
|upkeep
|
|t:|1609868639
|switch|p1a: Silvally|Silvally-Steel|100/100
|-damage|p1a: Silvally|84/100|[from] Spikes
|turn|23
|
|t:|1609868644
|switch|p2a: Vaporeon|Vaporeon, F|100/100
|move|p1a: Silvally|Defog|p2a: Vaporeon
|-unboost|p2a: Vaporeon|evasion|1
|-sideend|p1: Eesturn|Spikes|[from] move: Defog|[of] p1a: Silvally
|
|upkeep
|turn|24
|
|t:|1609868655
|move|p1a: Silvally|Parting Shot|p2a: Vaporeon
|-unboost|p2a: Vaporeon|atk|1
|-unboost|p2a: Vaporeon|spa|1
|
|t:|1609868658
|switch|p1a: Galvantula|Galvantula, F|100/100|[from]move: Parting Shot
|move|p2a: Vaporeon|Flip Turn|p1a: Galvantula
|-damage|p1a: Galvantula|83/100
|
|t:|1609868668
|switch|p2a: Accelgor|Accelgor, F, shiny|35/100|[from]move: Flip Turn
|
|upkeep
|turn|25
|
|t:|1609868672
|move|p2a: Accelgor|Bug Buzz|p1a: Galvantula
|-damage|p1a: Galvantula|0 fnt
|faint|p1a: Galvantula
|
|upkeep
|
|t:|1609868676
|switch|p1a: Silvally|Silvally-Steel|84/100
|turn|26
|
|t:|1609868692
|move|p2a: Accelgor|Bug Buzz|p1a: Silvally
|-resisted|p1a: Silvally
|-damage|p1a: Silvally|53/100
|move|p1a: Silvally|Flash Cannon|p2a: Accelgor
|-damage|p2a: Accelgor|0 fnt
|faint|p2a: Accelgor
|
|upkeep
|
|t:|1609868702
|switch|p2a: Centiskorch|Centiskorch, M, shiny|100/100
|turn|27
|
|t:|1609868714
|move|p1a: Silvally|Parting Shot|p2a: Centiskorch
|-unboost|p2a: Centiskorch|atk|1
|-unboost|p2a: Centiskorch|spa|1
|
|t:|1609868718
|switch|p1a: Vaporeon|Vaporeon, F|64/100 tox|[from]move: Parting Shot
|move|p2a: Centiskorch|Power Whip|p1a: Vaporeon
|-supereffective|p1a: Vaporeon
|-damage|p1a: Vaporeon|30/100 tox
|
|-heal|p1a: Vaporeon|36/100 tox|[from] item: Leftovers
|-damage|p1a: Vaporeon|30/100 tox|[from] psn
|upkeep
|turn|28
|
|t:|1609868728
|move|p2a: Centiskorch|Power Whip|p1a: Vaporeon
|-supereffective|p1a: Vaporeon
|-crit|p1a: Vaporeon
|-damage|p1a: Vaporeon|0 fnt
|faint|p1a: Vaporeon
|
|upkeep
|
|t:|1609868733
|switch|p1a: Gigalith|Gigalith, F|54/100 tox
|-weather|Sandstorm|[from] ability: Sand Stream|[of] p1a: Gigalith
|turn|29
|
|t:|1609868737
|switch|p2a: Vaporeon|Vaporeon, F|100/100
|move|p1a: Gigalith|Stone Edge|p2a: Vaporeon
|-damage|p2a: Vaporeon|62/100
|
|-weather|Sandstorm|[upkeep]
|-damage|p2a: Vaporeon|55/100|[from] Sandstorm
|-heal|p2a: Vaporeon|62/100|[from] item: Leftovers
|-heal|p1a: Gigalith|60/100 tox|[from] item: Leftovers
|-damage|p1a: Gigalith|54/100 tox|[from] psn
|upkeep
|turn|30
|
|t:|1609868748
|move|p2a: Vaporeon|Wish|p2a: Vaporeon
|move|p1a: Gigalith|Stealth Rock|p2a: Vaporeon
|-sidestart|p2: O Man2020|move: Stealth Rock
|
|-weather|Sandstorm|[upkeep]
|-damage|p2a: Vaporeon|55/100|[from] Sandstorm
|-heal|p2a: Vaporeon|62/100|[from] item: Leftovers
|-heal|p1a: Gigalith|60/100 tox|[from] item: Leftovers
|-damage|p1a: Gigalith|48/100 tox|[from] psn
|upkeep
|turn|31
|
|t:|1609868756
|move|p2a: Vaporeon|Protect|p2a: Vaporeon
|-singleturn|p2a: Vaporeon|Protect
|move|p1a: Gigalith|Stone Edge|p2a: Vaporeon
|-activate|p2a: Vaporeon|move: Protect
|
|-weather|Sandstorm|[upkeep]
|-damage|p2a: Vaporeon|55/100|[from] Sandstorm
|-heal|p2a: Vaporeon|100/100|[from] move: Wish|[wisher] Vaporeon
|-heal|p1a: Gigalith|54/100 tox|[from] item: Leftovers
|-damage|p1a: Gigalith|36/100 tox|[from] psn
|upkeep
|turn|32
|
|t:|1609868785
|move|p2a: Vaporeon|Wish|p2a: Vaporeon
|move|p1a: Gigalith|Stealth Rock||[still]
|-fail|p1a: Gigalith
|
|-weather|Sandstorm|[upkeep]
|-damage|p2a: Vaporeon|94/100|[from] Sandstorm
|-heal|p2a: Vaporeon|100/100|[from] item: Leftovers
|-heal|p1a: Gigalith|42/100 tox|[from] item: Leftovers
|-damage|p1a: Gigalith|18/100 tox|[from] psn
|upkeep
|turn|33
|inactive|Eesturn has 120 seconds left.
|
|t:|1609868820
|move|p2a: Vaporeon|Toxic|p1a: Gigalith
|-fail|p1a: Gigalith|tox
|move|p1a: Gigalith|Stone Edge|p2a: Vaporeon|[miss]
|-miss|p1a: Gigalith|p2a: Vaporeon
|
|-weather|none
|-heal|p1a: Gigalith|24/100 tox|[from] item: Leftovers
|-damage|p1a: Gigalith|0 fnt|[from] psn
|faint|p1a: Gigalith
|upkeep
|c|☆Eesturn|gg
|
|t:|1609868829
|switch|p1a: Silvally|Silvally-Steel|53/100
|turn|34
|c|☆O Man2020|Gg
|
|t:|1609868835
|move|p1a: Silvally|Ice Beam|p2a: Vaporeon
|-resisted|p2a: Vaporeon
|-damage|p2a: Vaporeon|91/100
|move|p2a: Vaporeon|Flip Turn|p1a: Silvally
|-damage|p1a: Silvally|39/100
|
|t:|1609868839
|switch|p2a: Centiskorch|Centiskorch, M, shiny|100/100|[from]move: Flip Turn
|
|upkeep
|turn|35
|inactive|Eesturn has 120 seconds left.
|
|t:|1609868854
|move|p1a: Silvally|Defog|p2a: Centiskorch
|-unboost|p2a: Centiskorch|evasion|1
|-sideend|p2: O Man2020|Stealth Rock|[from] move: Defog|[of] p1a: Silvally
|move|p2a: Centiskorch|Flare Blitz|p1a: Silvally
|-supereffective|p1a: Silvally
|-damage|p1a: Silvally|0 fnt
|-damage|p2a: Centiskorch|88/100|[from] Recoil
|faint|p1a: Silvally
|
|win|O Man2020
|l|☆Eesturn
