|j|☆kindersurprise2 0
|j|☆flexing on kids
|t:|1664399135
|gametype|singles
|player|p1|kindersurprise2 0|emmet|1222
|player|p2|flexing on kids|preschooler|1388
|teamsize|p1|6
|teamsize|p2|6
|gen|8
|tier|[Gen 8] PU
|rated|
|rule|Sleep Clause Mod: Limit one foe put to sleep
|rule|Species Clause: Limit one of each Pokémon
|rule|OHKO Clause: OHKO moves are banned
|rule|Evasion Items Clause: Evasion items are banned
|rule|Evasion Moves Clause: Evasion moves are banned
|rule|Endless Battle Clause: Forcing endless battles is banned
|rule|HP Percentage Mod: HP is shown in percentages
|rule|Dynamax Clause: You cannot dynamax
|clearpoke
|poke|p1|Archeops, M|
|poke|p1|Sandaconda, M|
|poke|p1|Malamar, M|
|poke|p1|Eldegoss, M|
|poke|p1|Centiskorch, M|
|poke|p1|Aromatisse, M|
|poke|p2|Tangela, M|
|poke|p2|Silvally-*|
|poke|p2|Jellicent, F|
|poke|p2|Stunfisk-Galar, M|
|poke|p2|Emolga, M|
|poke|p2|Sawk, M|
|teampreview
|
|t:|1664399142
|start
|switch|p1a: Malamar|Malamar, M|100/100
|switch|p2a: Sawk|Sawk, M|100/100
|turn|1
|
|t:|1664399158
|move|p2a: Sawk|Close Combat|p1a: Malamar
|-damage|p1a: Malamar|30/100
|-unboost|p2a: Sawk|def|1
|-unboost|p2a: Sawk|spd|1
|move|p1a: Malamar|Superpower|p2a: Sawk
|-damage|p2a: Sawk|42/100
|-boost|p1a: Malamar|atk|1
|-boost|p1a: Malamar|def|1
|
|upkeep
|turn|2
|
|t:|1664399167
|switch|p1a: Flour|Eldegoss, M|100/100
|move|p2a: Sawk|Close Combat|p1a: Flour
|-damage|p1a: Flour|45/100
|-unboost|p2a: Sawk|def|1
|-unboost|p2a: Sawk|spd|1
|-damage|p2a: Sawk|25/100|[from] item: Rocky Helmet|[of] p1a: Flour
|
|upkeep
|turn|3
|
|t:|1664399175
|switch|p1a: Swish|Aromatisse, M|100/100
|move|p2a: Sawk|Close Combat|p1a: Swish
|-resisted|p1a: Swish
|-damage|p1a: Swish|65/100
|-unboost|p2a: Sawk|def|1
|-unboost|p2a: Sawk|spd|1
|
|-heal|p1a: Swish|71/100|[from] item: Leftovers
|upkeep
|turn|4
|
|t:|1664399222
|switch|p2a: Stunfisk|Stunfisk-Galar, M|100/100
|move|p1a: Swish|Wish|p1a: Swish
|
|-heal|p1a: Swish|77/100|[from] item: Leftovers
|upkeep
|turn|5
|
|t:|1664399235
|switch|p1a: Malamar|Malamar, M|30/100
|move|p2a: Stunfisk|Thunder Wave|p1a: Malamar
|-status|p1a: Malamar|par
|
|-heal|p1a: Malamar|84/100 par|[from] move: Wish|[wisher] Swish
|upkeep
|turn|6
|
|t:|1664399248
|switch|p2a: Silvally|Silvally-Fairy|100/100
|move|p1a: Malamar|Superpower|p2a: Silvally
|-resisted|p2a: Silvally
|-damage|p2a: Silvally|86/100
|-boost|p1a: Malamar|atk|1
|-boost|p1a: Malamar|def|1
|
|upkeep
|turn|7
|
|t:|1664399259
|move|p2a: Silvally|Multi-Attack|p1a: Malamar
|-supereffective|p1a: Malamar
|-damage|p1a: Malamar|17/100 par
|move|p1a: Malamar|Rest|p1a: Malamar
|-status|p1a: Malamar|slp|[from] move: Rest
|-heal|p1a: Malamar|100/100 slp|[silent]
|-enditem|p1a: Malamar|Chesto Berry|[eat]
|-curestatus|p1a: Malamar|slp|[msg]
|
|upkeep
|turn|8
|
|t:|1664399271
|move|p2a: Silvally|Multi-Attack|p1a: Malamar
|-supereffective|p1a: Malamar
|-damage|p1a: Malamar|41/100
|move|p1a: Malamar|Superpower|p2a: Silvally
|-resisted|p2a: Silvally
|-damage|p2a: Silvally|63/100
|-boost|p1a: Malamar|atk|1
|-boost|p1a: Malamar|def|1
|
|upkeep
|turn|9
|
|t:|1664399278
|move|p2a: Silvally|Multi-Attack|p1a: Malamar
|-supereffective|p1a: Malamar
|-damage|p1a: Malamar|0 fnt
|faint|p1a: Malamar
|
|upkeep
|
|t:|1664399284
|switch|p1a: Noodle|Centiskorch, M|100/100
|turn|10
|
|t:|1664399313
|move|p2a: Silvally|Parting Shot|p1a: Noodle
|-unboost|p1a: Noodle|atk|1
|-unboost|p1a: Noodle|spa|1
|
|t:|1664399321
|switch|p2a: Jellicent|Jellicent, F|100/100|[from]move: Parting Shot
|move|p1a: Noodle|Coil|p1a: Noodle
|-boost|p1a: Noodle|atk|1
|-boost|p1a: Noodle|def|1
|-boost|p1a: Noodle|accuracy|1
|
|upkeep
|turn|11
|
|t:|1664399336
|move|p2a: Jellicent|Scald|p1a: Noodle
|-supereffective|p1a: Noodle
|-damage|p1a: Noodle|16/100
|move|p1a: Noodle|Coil|p1a: Noodle
|-boost|p1a: Noodle|atk|1
|-boost|p1a: Noodle|def|1
|-boost|p1a: Noodle|accuracy|1
|
|-heal|p1a: Noodle|22/100|[from] item: Leftovers
|upkeep
|turn|12
|
|t:|1664399342
|switch|p1a: Flour|Eldegoss, M|78/100
|move|p2a: Jellicent|Scald|p1a: Flour
|-resisted|p1a: Flour
|-damage|p1a: Flour|58/100
|
|upkeep
|turn|13
|
|t:|1664399352
|switch|p2a: Emolga|Emolga, M|100/100
|move|p1a: Flour|Leech Seed|p2a: Emolga
|-start|p2a: Emolga|move: Leech Seed
|
|-damage|p2a: Emolga|88/100|[from] Leech Seed|[of] p1a: Flour
|-heal|p1a: Flour|70/100|[silent]
|upkeep
|turn|14
|
|t:|1664399359
|switch|p1a: Snek|Sandaconda, M, shiny|100/100
|move|p2a: Emolga|U-turn|p1a: Snek
|-damage|p1a: Snek|92/100
|c|☆kindersurprise2 0|What's your opinion on beans on toast
|
|t:|1664399393
|switch|p2a: Jellicent|Jellicent, F|100/100|[from]move: U-turn
|
|-heal|p1a: Snek|98/100|[from] item: Leftovers
|upkeep
|turn|15
|
|t:|1664399403
|switch|p1a: Flour|Eldegoss, M|100/100
|move|p2a: Jellicent|Water Spout|p1a: Flour
|-resisted|p1a: Flour
|-damage|p1a: Flour|62/100
|
|upkeep
|turn|16
|
|t:|1664399419
|switch|p2a: Emolga|Emolga, M|88/100
|move|p1a: Flour|Sleep Powder|p2a: Emolga
|-status|p2a: Emolga|slp|[from] move: Sleep Powder
|
|upkeep
|turn|17
|
|t:|1664399429
|switch|p1a: Snek|Sandaconda, M, shiny|98/100
|cant|p2a: Emolga|slp
|
|-heal|p1a: Snek|100/100|[from] item: Leftovers
|upkeep
|turn|18
|
|t:|1664399435
|switch|p2a: Tangela|Tangela, M|100/100
|move|p1a: Snek|Stealth Rock|p2a: Tangela
|-sidestart|p2: flexing on kids|move: Stealth Rock
|
|upkeep
|turn|19
|
|t:|1664399442
|switch|p1a: Swish|Aromatisse, M|77/100
|move|p2a: Tangela|Toxic|p1a: Swish
|-status|p1a: Swish|tox
|
|-heal|p1a: Swish|83/100 tox|[from] item: Leftovers
|-damage|p1a: Swish|77/100 tox|[from] psn
|upkeep
|turn|20
|
|t:|1664399448
|switch|p2a: Stunfisk|Stunfisk-Galar, M|100/100
|-damage|p2a: Stunfisk|97/100|[from] Stealth Rock
|move|p1a: Swish|Toxic|p2a: Stunfisk
|-immune|p2a: Stunfisk
|
|-heal|p1a: Swish|83/100 tox|[from] item: Leftovers
|-heal|p2a: Stunfisk|100/100|[from] item: Leftovers
|-damage|p1a: Swish|71/100 tox|[from] psn
|upkeep
|turn|21
|
|t:|1664399453
|switch|p1a: Snek|Sandaconda, M, shiny|100/100
|move|p2a: Stunfisk|Stealth Rock|p1a: Snek
|-sidestart|p1: kindersurprise2 0|move: Stealth Rock
|
|upkeep
|turn|22
|c|☆kindersurprise2 0|No opinion?
|
|t:|1664399488
|switch|p2a: Tangela|Tangela, M|100/100
|-damage|p2a: Tangela|88/100|[from] Stealth Rock
|move|p1a: Snek|Earthquake|p2a: Tangela
|-resisted|p2a: Tangela
|-damage|p2a: Tangela|79/100
|
|upkeep
|turn|23
|
|t:|1664399499
|switch|p1a: Flour|Eldegoss, M|95/100
|-damage|p1a: Flour|83/100|[from] Stealth Rock
|move|p2a: Tangela|Leech Seed|p1a: Flour
|-immune|p1a: Flour
|
|upkeep
|turn|24
|
|t:|1664399506
|move|p1a: Flour|Rapid Spin|p2a: Tangela
|-damage|p2a: Tangela|76/100
|-boost|p1a: Flour|spe|1
|-sideend|p1: kindersurprise2 0|Stealth Rock|[from] move: Rapid Spin|[of] p1a: Flour
|move|p2a: Tangela|Toxic|p1a: Flour
|-status|p1a: Flour|tox
|
|-damage|p1a: Flour|77/100 tox|[from] psn
|upkeep
|turn|25
|
|t:|1664399520
|switch|p1a: Birb|Archeops, M|100/100
|switch|p2a: Stunfisk|Stunfisk-Galar, M|100/100
|-damage|p2a: Stunfisk|97/100|[from] Stealth Rock
|
|-heal|p2a: Stunfisk|100/100|[from] item: Leftovers
|upkeep
|turn|26
|
|t:|1664399528
|switch|p2a: Tangela|Tangela, M|100/100
|-damage|p2a: Tangela|88/100|[from] Stealth Rock
|move|p1a: Birb|U-turn|p2a: Tangela
|-supereffective|p2a: Tangela
|-damage|p2a: Tangela|53/100
|
|t:|1664399533
|switch|p1a: Noodle|Centiskorch, M|22/100|[from]move: U-turn
|
|-heal|p1a: Noodle|28/100|[from] item: Leftovers
|upkeep
|turn|27
|
|t:|1664399560
|switch|p2a: Sawk|Sawk, M|25/100
|-damage|p2a: Sawk|19/100|[from] Stealth Rock
|move|p1a: Noodle|Fire Lash|p2a: Sawk
|-damage|p2a: Sawk|0 fnt
|faint|p2a: Sawk
|
|-heal|p1a: Noodle|34/100|[from] item: Leftovers
|upkeep
|
|t:|1664399566
|switch|p2a: Jellicent|Jellicent, F|100/100
|-damage|p2a: Jellicent|88/100|[from] Stealth Rock
|turn|28
|
|t:|1664399573
|switch|p1a: Flour|Eldegoss, M|100/100 tox
|move|p2a: Jellicent|Water Spout|p1a: Flour
|-resisted|p1a: Flour
|-damage|p1a: Flour|66/100 tox
|
|-damage|p1a: Flour|60/100 tox|[from] psn
|upkeep
|turn|29
|
|t:|1664399579
|move|p2a: Jellicent|Water Spout|p1a: Flour
|-resisted|p1a: Flour
|-damage|p1a: Flour|24/100 tox
|move|p1a: Flour|Giga Drain|p2a: Jellicent
|-supereffective|p2a: Jellicent
|-damage|p2a: Jellicent|47/100
|-heal|p1a: Flour|45/100 tox|[from] drain|[of] p2a: Jellicent
|
|-damage|p1a: Flour|33/100 tox|[from] psn
|upkeep
|turn|30
|
|t:|1664399589
|switch|p2a: Silvally|Silvally-Fairy|63/100
|-damage|p2a: Silvally|50/100|[from] Stealth Rock
|move|p1a: Flour|Giga Drain|p2a: Silvally
|-damage|p2a: Silvally|24/100
|-heal|p1a: Flour|46/100 tox|[from] drain|[of] p2a: Silvally
|
|-damage|p1a: Flour|28/100 tox|[from] psn
|upkeep
|turn|31
|
|t:|1664399602
|switch|p1a: Snek|Sandaconda, M, shiny|100/100
|move|p2a: Silvally|Multi-Attack|p1a: Snek
|-damage|p1a: Snek|71/100
|
|-heal|p1a: Snek|77/100|[from] item: Leftovers
|upkeep
|turn|32
|
|t:|1664399614
|move|p2a: Silvally|Ice Beam|p1a: Snek
|-supereffective|p1a: Snek
|-damage|p1a: Snek|16/100
|move|p1a: Snek|Earthquake|p2a: Silvally
|-damage|p2a: Silvally|0 fnt
|faint|p2a: Silvally
|
|-heal|p1a: Snek|22/100|[from] item: Leftovers
|upkeep
|
|t:|1664399635
|switch|p2a: Jellicent|Jellicent, F|47/100
|-damage|p2a: Jellicent|35/100|[from] Stealth Rock
|turn|33
|
|t:|1664399644
|move|p2a: Jellicent|Shadow Ball|p1a: Snek
|-damage|p1a: Snek|0 fnt
|faint|p1a: Snek
|
|upkeep
|
|t:|1664399650
|switch|p1a: Birb|Archeops, M|100/100
|turn|34
|
|t:|1664399663
|switch|p2a: Emolga|Emolga, M|88/100 slp
|move|p1a: Birb|Dual Wingbeat|p2a: Emolga
|-resisted|p2a: Emolga
|-damage|p2a: Emolga|63/100 slp
|-resisted|p2a: Emolga
|-damage|p2a: Emolga|37/100 slp
|-hitcount|p2a: Emolga|2
|
|upkeep
|turn|35
|
|t:|1664399671
|move|p1a: Birb|Dual Wingbeat|p2a: Emolga|[miss]
|-miss|p1a: Birb|p2a: Emolga
|-curestatus|p2a: Emolga|slp|[msg]
|move|p2a: Emolga|Defog|p1a: Birb
|-unboost|p1a: Birb|evasion|1
|-sideend|p2: flexing on kids|Stealth Rock|[from] move: Defog|[of] p2a: Emolga
|
|upkeep
|turn|36
|
|t:|1664399678
|move|p1a: Birb|Dual Wingbeat|p2a: Emolga
|-resisted|p2a: Emolga
|-damage|p2a: Emolga|10/100
|-resisted|p2a: Emolga
|-damage|p2a: Emolga|0 fnt
|faint|p2a: Emolga
|-hitcount|p2: Emolga|2
|
|upkeep
|
|t:|1664399680
|switch|p2a: Tangela|Tangela, M|87/100
|turn|37
|
|t:|1664399694
|move|p1a: Birb|Dual Wingbeat|p2a: Tangela
|-supereffective|p2a: Tangela
|-crit|p2a: Tangela
|-damage|p2a: Tangela|38/100
|-supereffective|p2a: Tangela
|-damage|p2a: Tangela|6/100
|-hitcount|p2a: Tangela|2
|move|p2a: Tangela|Giga Drain|p1a: Birb
|-damage|p1a: Birb|57/100
|-heal|p2a: Tangela|25/100|[from] drain|[of] p1a: Birb
|
|upkeep
|turn|38
|
|t:|1664399702
|switch|p2a: Stunfisk|Stunfisk-Galar, M|100/100
|move|p1a: Birb|Dual Wingbeat|p2a: Stunfisk
|-resisted|p2a: Stunfisk
|-damage|p2a: Stunfisk|87/100
|-resisted|p2a: Stunfisk
|-damage|p2a: Stunfisk|73/100
|-hitcount|p2a: Stunfisk|2
|
|-heal|p2a: Stunfisk|79/100|[from] item: Leftovers
|upkeep
|turn|39
|
|t:|1664399717
|switch|p1a: Flour|Eldegoss, M|61/100 tox
|move|p2a: Stunfisk|Earth Power|p1a: Flour
|-resisted|p1a: Flour
|-damage|p1a: Flour|48/100 tox
|
|-heal|p2a: Stunfisk|85/100|[from] item: Leftovers
|-damage|p1a: Flour|42/100 tox|[from] psn
|upkeep
|turn|40
|
|t:|1664399722
|move|p1a: Flour|Leech Seed|p2a: Stunfisk|[miss]
|-miss|p1a: Flour|p2a: Stunfisk
|move|p2a: Stunfisk|Flash Cannon|p1a: Flour
|-damage|p1a: Flour|21/100 tox
|
|-heal|p2a: Stunfisk|91/100|[from] item: Leftovers
|-damage|p1a: Flour|9/100 tox|[from] psn
|upkeep
|turn|41
|
|t:|1664399728
|move|p1a: Flour|Leech Seed|p2a: Stunfisk
|-start|p2a: Stunfisk|move: Leech Seed
|move|p2a: Stunfisk|Flash Cannon|p1a: Flour
|-damage|p1a: Flour|0 fnt
|faint|p1a: Flour
|
|-heal|p2a: Stunfisk|98/100|[from] item: Leftovers
|upkeep
|
|t:|1664399731
|switch|p1a: Noodle|Centiskorch, M|34/100
|turn|42
|
|t:|1664399762
|switch|p2a: Tangela|Tangela, M|58/100
|move|p1a: Noodle|Fire Lash|p2a: Tangela
|-supereffective|p2a: Tangela
|-damage|p2a: Tangela|27/100
|-unboost|p2a: Tangela|def|1
|
|-heal|p1a: Noodle|41/100|[from] item: Leftovers
|upkeep
|turn|43
|
|t:|1664399769
|move|p1a: Noodle|Fire Lash|p2a: Tangela
|-supereffective|p2a: Tangela
|-damage|p2a: Tangela|0 fnt
|faint|p2a: Tangela
|
|-heal|p1a: Noodle|47/100|[from] item: Leftovers
|upkeep
|
|t:|1664399771
|switch|p2a: Jellicent|Jellicent, F|35/100
|turn|44
|
|t:|1664399778
|switch|p1a: Swish|Aromatisse, M|71/100 tox
|move|p2a: Jellicent|Scald|p1a: Swish
|-damage|p1a: Swish|38/100 tox
|
|-heal|p1a: Swish|44/100 tox|[from] item: Leftovers
|-damage|p1a: Swish|38/100 tox|[from] psn
|upkeep
|turn|45
|
|t:|1664399782
|switch|p2a: Stunfisk|Stunfisk-Galar, M|98/100
|move|p1a: Swish|Wish|p1a: Swish
|
|-heal|p1a: Swish|44/100 tox|[from] item: Leftovers
|-heal|p2a: Stunfisk|100/100|[from] item: Leftovers
|-damage|p1a: Swish|32/100 tox|[from] psn
|upkeep
|turn|46
|
|t:|1664399788
|switch|p1a: Noodle|Centiskorch, M|47/100
|switch|p2a: Jellicent|Jellicent, F|35/100
|
|-heal|p1a: Noodle|97/100|[from] move: Wish|[wisher] Swish
|-heal|p1a: Noodle|100/100|[from] item: Leftovers
|upkeep
|turn|47
|
|t:|1664399795
|switch|p1a: Swish|Aromatisse, M|32/100 tox
|move|p2a: Jellicent|Scald|p1a: Swish
|-damage|p1a: Swish|0 fnt
|faint|p1a: Swish
|
|upkeep
|
|t:|1664399797
|switch|p1a: Birb|Archeops, M|57/100
|turn|48
|
|t:|1664399802
|move|p1a: Birb|Earthquake|p2a: Jellicent
|-damage|p2a: Jellicent|0 fnt
|faint|p2a: Jellicent
|
|upkeep
|
|t:|1664399804
|switch|p2a: Stunfisk|Stunfisk-Galar, M|100/100
|turn|49
|
|t:|1664399814
|move|p1a: Birb|Earthquake|p2a: Stunfisk
|-supereffective|p2a: Stunfisk
|-damage|p2a: Stunfisk|14/100
|move|p2a: Stunfisk|Flash Cannon|p1a: Birb
|-supereffective|p1a: Birb
|-damage|p1a: Birb|0 fnt
|faint|p1a: Birb
|
|-heal|p2a: Stunfisk|20/100|[from] item: Leftovers
|upkeep
|c|☆kindersurprise2 0|Hmm
|c|☆kindersurprise2 0|Didn't figure I'd win
|
|t:|1664399825
|switch|p1a: Noodle|Centiskorch, M|100/100
|turn|50
|-message|flexing on kids forfeited.
|
|win|kindersurprise2 0
|raw|kindersurprise2 0's rating: 1222 &rarr; <strong>1258</strong><br />(+36 for winning)
|raw|flexing on kids's rating: 1388 &rarr; <strong>1359</strong><br />(-29 for losing)
|l|☆flexing on kids
