|j|☆P.Otaku
|j|☆sugar ovens
|t:|1634323612
|gametype|singles
|player|p1|P.Otaku|furisodegirl-black|
|player|p2|sugar ovens|twins|
|teamsize|p1|6
|teamsize|p2|6
|gen|8
|tier|[Gen 8] PU
|rated|Tournament battle
|rule|Sleep Clause Mod: Limit one foe put to sleep
|rule|Species Clause: Limit one of each Pokémon
|rule|OHKO Clause: OHKO moves are banned
|rule|Evasion Moves Clause: Evasion moves are banned
|rule|Endless Battle Clause: Forcing endless battles is banned
|rule|HP Percentage Mod: HP is shown in percentages
|rule|Dynamax Clause: You cannot dynamax
|clearpoke
|poke|p1|Silvally-*|
|poke|p1|Wishiwashi, F|
|poke|p1|Claydol|
|poke|p1|Centiskorch, F|
|poke|p1|Whimsicott, F|
|poke|p1|Aggron, F|
|poke|p2|Gallade, M|
|poke|p2|Lanturn, M|
|poke|p2|Weezing, M|
|poke|p2|Aggron, F|
|poke|p2|Charizard, F|
|poke|p2|Sandslash-Alola, M|
|teampreview
|j| bound 2 forget x2
|j| ZodiaSLP
|c| ZodiaSLP|glhf
|c|☆sugar ovens|u2
|c| ZodiaSLP|havent seen wishiwashi for ages
|j| coinboy®
|
|t:|1634323674
|start
|switch|p1a: Moving Sidewalk|Centiskorch, F|100/100
|switch|p2a: Gallade|Gallade, M|100/100
|turn|1
|c|☆P.Otaku|old team
|
|t:|1634323707
|move|p2a: Gallade|Swords Dance|p2a: Gallade
|-boost|p2a: Gallade|atk|2
|move|p1a: Moving Sidewalk|Leech Life|p2a: Gallade
|-damage|p2a: Gallade|27/100
|
|upkeep
|turn|2
|j|+mushamu
|
|t:|1634323719
|switch|p1a: ClayGOD|Claydol|100/100
|move|p2a: Gallade|Zen Headbutt|p1a: ClayGOD
|-resisted|p1a: ClayGOD
|-damage|p1a: ClayGOD|57/100
|-damage|p2a: Gallade|17/100|[from] item: Life Orb
|
|-heal|p1a: ClayGOD|63/100|[from] item: Leftovers
|upkeep
|turn|3
|l|+mushamu
|
|t:|1634323731
|move|p2a: Gallade|Knock Off|p1a: ClayGOD
|-supereffective|p1a: ClayGOD
|-damage|p1a: ClayGOD|0 fnt
|-enditem|p1a: ClayGOD|Leftovers|[from] move: Knock Off|[of] p2a: Gallade
|faint|p1a: ClayGOD
|-damage|p2a: Gallade|7/100|[from] item: Life Orb
|
|upkeep
|
|t:|1634323734
|switch|p1a: 100% Cotton|Whimsicott, F|100/100
|turn|4
|
|t:|1634323740
|switch|p2a: Aggron|Aggron, F|100/100
|move|p1a: 100% Cotton|U-turn|p2a: Aggron
|-resisted|p2a: Aggron
|-damage|p2a: Aggron|97/100
|
|t:|1634323752
|switch|p1a: Lil Guys Hangin|Wishiwashi, F|100/100|[from]move: U-turn
|-formechange|p1a: Lil Guys Hangin|Wishiwashi-School||[from] ability: Schooling
|
|-heal|p2a: Aggron|100/100|[from] item: Leftovers
|upkeep
|turn|5
|
|t:|1634323756
|switch|p2a: Lanturn|Lanturn, M|100/100
|move|p1a: Lil Guys Hangin|Scald|p2a: Lanturn
|-resisted|p2a: Lanturn
|-damage|p2a: Lanturn|86/100
|
|-heal|p2a: Lanturn|93/100|[from] item: Leftovers
|upkeep
|turn|6
|
|t:|1634323761
|move|p2a: Lanturn|Toxic|p1a: Lil Guys Hangin
|-status|p1a: Lil Guys Hangin|tox
|move|p1a: Lil Guys Hangin|U-turn|p2a: Lanturn
|-damage|p2a: Lanturn|73/100
|j| pkmn cypher 2013
|
|t:|1634323765
|switch|p1a: Moving Sidewalk|Centiskorch, F|100/100|[from]move: U-turn
|
|-heal|p2a: Lanturn|79/100|[from] item: Leftovers
|upkeep
|turn|7
|j| Metool B
|
|t:|1634323774
|switch|p2a: Charizard|Charizard, F|100/100
|move|p1a: Moving Sidewalk|Power Whip|p2a: Charizard
|-resisted|p2a: Charizard
|-damage|p2a: Charizard|85/100
|
|upkeep
|turn|8
|
|t:|1634323801
|switch|p1a: Métalosaure|Aggron, F|100/100
|move|p2a: Charizard|Hurricane|p1a: Métalosaure
|-resisted|p1a: Métalosaure
|-damage|p1a: Métalosaure|86/100
|
|-heal|p1a: Métalosaure|92/100|[from] item: Leftovers
|upkeep
|turn|9
|
|t:|1634323809
|switch|p2a: Weezing|Weezing, M|100/100
|-ability|p2a: Weezing|Neutralizing Gas
|move|p1a: Métalosaure|Stealth Rock|p2a: Weezing
|-sidestart|p2: sugar ovens|move: Stealth Rock
|
|-heal|p1a: Métalosaure|98/100|[from] item: Leftovers
|upkeep
|turn|10
|
|t:|1634323814
|switch|p1a: Moving Sidewalk|Centiskorch, F|100/100
|move|p2a: Weezing|Toxic Spikes|p1a: Moving Sidewalk
|-sidestart|p1: P.Otaku|move: Toxic Spikes
|
|upkeep
|turn|11
|
|t:|1634323822
|-end|p2a: Weezing|ability: Neutralizing Gas
|switch|p2a: Aggron|Aggron, F|100/100
|-damage|p2a: Aggron|94/100|[from] Stealth Rock
|move|p1a: Moving Sidewalk|Knock Off|p2a: Aggron
|-damage|p2a: Aggron|73/100
|-enditem|p2a: Aggron|Leftovers|[from] move: Knock Off|[of] p1a: Moving Sidewalk
|
|upkeep
|turn|12
|
|t:|1634323832
|switch|p1a: Chicken Raptor|Silvally-Poison|100/100
|-sideend|p1: P.Otaku|move: Toxic Spikes|[of] p1a: Chicken Raptor
|move|p2a: Aggron|Head Smash|p1a: Chicken Raptor
|-damage|p1a: Chicken Raptor|61/100
|
|upkeep
|turn|13
|l| Metool B
|
|t:|1634323866
|move|p2a: Aggron|Protect|p2a: Aggron
|-singleturn|p2a: Aggron|Protect
|move|p1a: Chicken Raptor|Surf|p2a: Aggron
|-activate|p2a: Aggron|move: Protect
|
|upkeep
|turn|14
|
|t:|1634323872
|switch|p2a: Lanturn|Lanturn, M|79/100
|-damage|p2a: Lanturn|67/100|[from] Stealth Rock
|move|p1a: Chicken Raptor|Surf|p2a: Lanturn
|-resisted|p2a: Lanturn
|-damage|p2a: Lanturn|59/100
|
|-heal|p2a: Lanturn|65/100|[from] item: Leftovers
|upkeep
|turn|15
|
|t:|1634323877
|move|p1a: Chicken Raptor|Multi-Attack|p2a: Lanturn
|-damage|p2a: Lanturn|24/100
|move|p2a: Lanturn|Volt Switch|p1a: Chicken Raptor
|-damage|p1a: Chicken Raptor|43/100
|
|t:|1634323886
|switch|p2a: Charizard|Charizard, F|85/100|[from]move: Volt Switch
|
|upkeep
|turn|16
|
|t:|1634323893
|move|p2a: Charizard|Flamethrower|p1a: Chicken Raptor
|-damage|p1a: Chicken Raptor|4/100
|-status|p1a: Chicken Raptor|brn
|move|p1a: Chicken Raptor|Surf|p2a: Charizard
|-supereffective|p2a: Charizard
|-damage|p2a: Charizard|27/100
|
|-damage|p1a: Chicken Raptor|0 fnt|[from] brn
|faint|p1a: Chicken Raptor
|upkeep
|
|t:|1634323897
|switch|p1a: 100% Cotton|Whimsicott, F|100/100
|turn|17
|
|t:|1634323904
|switch|p2a: Weezing|Weezing, M|100/100
|-ability|p2a: Weezing|Neutralizing Gas
|-damage|p2a: Weezing|88/100|[from] Stealth Rock
|move|p1a: 100% Cotton|Moonblast|p2a: Weezing
|-resisted|p2a: Weezing
|-damage|p2a: Weezing|53/100
|-unboost|p2a: Weezing|spa|1
|
|-heal|p2a: Weezing|59/100|[from] item: Black Sludge
|upkeep
|turn|18
|
|t:|1634323915
|switch|p1a: Moving Sidewalk|Centiskorch, F|100/100
|move|p2a: Weezing|Sludge Bomb|p1a: Moving Sidewalk
|-damage|p1a: Moving Sidewalk|79/100
|
|-heal|p2a: Weezing|65/100|[from] item: Black Sludge
|upkeep
|turn|19
|
|t:|1634323929
|move|p1a: Moving Sidewalk|Fire Lash|p2a: Weezing
|-damage|p2a: Weezing|34/100
|-unboost|p2a: Weezing|def|1
|move|p2a: Weezing|Sludge Bomb|p1a: Moving Sidewalk
|-damage|p1a: Moving Sidewalk|59/100
|
|-heal|p2a: Weezing|40/100|[from] item: Black Sludge
|upkeep
|turn|20
|
|t:|1634323935
|-end|p2a: Weezing|ability: Neutralizing Gas
|switch|p2a: Gallade|Gallade, M|7/100
|-damage|p2a: Gallade|1/100|[from] Stealth Rock
|move|p1a: Moving Sidewalk|Fire Lash|p2a: Gallade
|-damage|p2a: Gallade|0 fnt
|faint|p2a: Gallade
|
|upkeep
|
|t:|1634323937
|switch|p2a: Aggron|Aggron, F|73/100
|-damage|p2a: Aggron|66/100|[from] Stealth Rock
|turn|21
|
|t:|1634323943
|switch|p1a: Métalosaure|Aggron, F|98/100
|move|p2a: Aggron|Body Press|p1a: Métalosaure
|-supereffective|p1a: Métalosaure
|-damage|p1a: Métalosaure|28/100
|
|-heal|p1a: Métalosaure|34/100|[from] item: Leftovers
|upkeep
|turn|22
|
|t:|1634323951
|move|p2a: Aggron|Body Press|p1a: Métalosaure
|-supereffective|p1a: Métalosaure
|-damage|p1a: Métalosaure|0 fnt
|faint|p1a: Métalosaure
|
|upkeep
|
|t:|1634323954
|switch|p1a: Lil Guys Hangin|Wishiwashi, F|100/100 tox
|-formechange|p1a: Lil Guys Hangin|Wishiwashi-School||[from] ability: Schooling
|turn|23
|
|t:|1634323957
|move|p2a: Aggron|Protect|p2a: Aggron
|-singleturn|p2a: Aggron|Protect
|move|p1a: Lil Guys Hangin|Scald|p2a: Aggron
|-activate|p2a: Aggron|move: Protect
|
|-damage|p1a: Lil Guys Hangin|94/100 tox|[from] psn
|upkeep
|turn|24
|
|t:|1634323963
|switch|p2a: Weezing|Weezing, M|40/100
|-ability|p2a: Weezing|Neutralizing Gas
|-damage|p2a: Weezing|28/100|[from] Stealth Rock
|move|p1a: Lil Guys Hangin|Scald|p2a: Weezing
|-damage|p2a: Weezing|0 fnt
|faint|p2a: Weezing
|-end|p2a: Weezing|ability: Neutralizing Gas
|
|-heal|p1a: Lil Guys Hangin|100/100 tox|[from] item: Leftovers
|-damage|p1a: Lil Guys Hangin|88/100 tox|[from] psn
|upkeep
|
|t:|1634323986
|switch|p2a: Aggron|Aggron, F|66/100
|-damage|p2a: Aggron|60/100|[from] Stealth Rock
|turn|25
|
|t:|1634323989
|move|p2a: Aggron|Protect|p2a: Aggron
|-singleturn|p2a: Aggron|Protect
|move|p1a: Lil Guys Hangin|Rest|p1a: Lil Guys Hangin
|-status|p1a: Lil Guys Hangin|slp|[from] move: Rest
|-heal|p1a: Lil Guys Hangin|100/100 slp|[silent]
|
|upkeep
|turn|26
|
|t:|1634324005
|move|p2a: Aggron|Head Smash|p1a: Lil Guys Hangin
|-damage|p1a: Lil Guys Hangin|54/100 slp
|cant|p1a: Lil Guys Hangin|slp
|move|p1a: Lil Guys Hangin|Sleep Talk|p1a: Lil Guys Hangin
|move|p1a: Lil Guys Hangin|Rest||[from]move: Sleep Talk|[still]
|-fail|p1a: Lil Guys Hangin
|
|-heal|p1a: Lil Guys Hangin|60/100 slp|[from] item: Leftovers
|upkeep
|turn|27
|
|t:|1634324009
|move|p2a: Aggron|Head Smash|p1a: Lil Guys Hangin
|-damage|p1a: Lil Guys Hangin|10/100 slp
|cant|p1a: Lil Guys Hangin|slp
|move|p1a: Lil Guys Hangin|Sleep Talk|p1a: Lil Guys Hangin
|move|p1a: Lil Guys Hangin|Rest||[from]move: Sleep Talk|[still]
|-fail|p1a: Lil Guys Hangin
|
|-heal|p1a: Lil Guys Hangin|16/100 slp|[from] item: Leftovers
|-formechange|p1a: Lil Guys Hangin|Wishiwashi||[from] ability: Schooling
|upkeep
|turn|28
|
|t:|1634324012
|move|p2a: Aggron|Body Press|p1a: Lil Guys Hangin
|-damage|p1a: Lil Guys Hangin|0 fnt
|faint|p1a: Lil Guys Hangin
|
|upkeep
|j| bergenser
|l| bergenser
|
|t:|1634324048
|switch|p1a: 100% Cotton|Whimsicott, F|100/100
|turn|29
|c| ZodiaSLP|classic sleep talk+ rest combo
|
|t:|1634324055
|move|p1a: 100% Cotton|Giga Drain|p2a: Aggron
|-damage|p2a: Aggron|15/100
|move|p2a: Aggron|Head Smash|p1a: 100% Cotton
|-damage|p1a: 100% Cotton|23/100
|
|upkeep
|turn|30
|
|t:|1634324060
|move|p1a: 100% Cotton|Giga Drain|p2a: Aggron
|-damage|p2a: Aggron|0 fnt
|-heal|p1a: 100% Cotton|32/100|[from] drain|[of] p2a: Aggron
|faint|p2a: Aggron
|
|upkeep
|j| No dnd
|
|t:|1634324065
|switch|p2a: Sandslash|Sandslash-Alola, M|100/100
|-damage|p2a: Sandslash|88/100|[from] Stealth Rock
|turn|31
|
|t:|1634324071
|switch|p1a: Moving Sidewalk|Centiskorch, F|59/100
|move|p2a: Sandslash|Triple Axel|p1a: Moving Sidewalk
|-resisted|p1a: Moving Sidewalk
|-damage|p1a: Moving Sidewalk|52/100
|-status|p2a: Sandslash|brn|[from] ability: Flame Body|[of] p1a: Moving Sidewalk
|-hitcount|p1a: Moving Sidewalk|1
|
|-damage|p2a: Sandslash|82/100 brn|[from] brn
|upkeep
|turn|32
|j| kemman
|
|t:|1634324081
|switch|p2a: Lanturn|Lanturn, M|24/100
|-damage|p2a: Lanturn|12/100|[from] Stealth Rock
|move|p1a: Moving Sidewalk|Fire Lash|p2a: Lanturn
|-resisted|p2a: Lanturn
|-damage|p2a: Lanturn|0 fnt
|faint|p2a: Lanturn
|
|upkeep
|
|t:|1634324083
|switch|p2a: Charizard|Charizard, F|27/100
|turn|33
|
|t:|1634324103
|move|p2a: Charizard|Roost|p2a: Charizard
|-heal|p2a: Charizard|77/100
|-singleturn|p2a: Charizard|move: Roost
|move|p1a: Moving Sidewalk|Knock Off|p2a: Charizard
|-damage|p2a: Charizard|28/100
|-enditem|p2a: Charizard|Heavy-Duty Boots|[from] move: Knock Off|[of] p1a: Moving Sidewalk
|
|upkeep
|turn|34
|
|t:|1634324109
|switch|p1a: 100% Cotton|Whimsicott, F|32/100
|move|p2a: Charizard|Roost|p2a: Charizard
|-heal|p2a: Charizard|78/100
|-singleturn|p2a: Charizard|move: Roost
|
|upkeep
|turn|35
|
|t:|1634324121
|move|p1a: 100% Cotton|Moonblast|p2a: Charizard
|-resisted|p2a: Charizard
|-damage|p2a: Charizard|41/100
|move|p2a: Charizard|Hurricane|p1a: 100% Cotton|[miss]
|-miss|p2a: Charizard|p1a: 100% Cotton
|
|upkeep
|turn|36
|
|t:|1634324127
|move|p1a: 100% Cotton|Moonblast|p2a: Charizard
|-resisted|p2a: Charizard
|-damage|p2a: Charizard|5/100
|move|p2a: Charizard|Roost|p2a: Charizard
|-heal|p2a: Charizard|55/100
|-singleturn|p2a: Charizard|move: Roost
|
|upkeep
|turn|37
|
|t:|1634324130
|move|p1a: 100% Cotton|Moonblast|p2a: Charizard
|-resisted|p2a: Charizard
|-damage|p2a: Charizard|19/100
|move|p2a: Charizard|Flamethrower|p1a: 100% Cotton
|-supereffective|p1a: 100% Cotton
|-damage|p1a: 100% Cotton|0 fnt
|faint|p1a: 100% Cotton
|
|upkeep
|
|t:|1634324133
|switch|p1a: Moving Sidewalk|Centiskorch, F|52/100
|turn|38
|
|t:|1634324138
|move|p2a: Charizard|Roost|p2a: Charizard
|-heal|p2a: Charizard|69/100
|-singleturn|p2a: Charizard|move: Roost
|move|p1a: Moving Sidewalk|Leech Life|p2a: Charizard
|-resisted|p2a: Charizard
|-damage|p2a: Charizard|37/100
|-heal|p1a: Moving Sidewalk|66/100|[from] drain|[of] p2a: Charizard
|
|upkeep
|turn|39
|
|t:|1634324140
|move|p2a: Charizard|Hurricane|p1a: Moving Sidewalk|[miss]
|-miss|p2a: Charizard|p1a: Moving Sidewalk
|move|p1a: Moving Sidewalk|Fire Lash|p2a: Charizard
|-resisted|p2a: Charizard
|-damage|p2a: Charizard|7/100
|-unboost|p2a: Charizard|def|1
|
|upkeep
|turn|40
|
|t:|1634324143
|move|p2a: Charizard|Hurricane|p1a: Moving Sidewalk
|-supereffective|p1a: Moving Sidewalk
|-damage|p1a: Moving Sidewalk|0 fnt
|faint|p1a: Moving Sidewalk
|
|win|sugar ovens
|n|☆P.Otaku|potaku
|n|☆sugar ovens|sugarovens
|n| bound 2 forget x2|bound2forgetx2
|n| ZodiaSLP|zodiaslp
|n| coinboy®|coinboy
|n| pkmn cypher 2013|pkmncypher2013
|n| No dnd|nodnd
|n| kemman|kemman
