|j|☆Bert55
|j|☆ayo bb
|t:|1621190951
|gametype|singles
|player|p1|Bert55|101|1375
|player|p2|ayo bb|266|1627
|teamsize|p1|6
|teamsize|p2|6
|gen|8
|tier|[Gen 8] PU
|rated|
|rule|Sleep Clause Mod: Limit one foe put to sleep
|rule|Species Clause: Limit one of each Pokémon
|rule|OHKO Clause: OHKO moves are banned
|rule|Evasion Moves Clause: Evasion moves are banned
|rule|Endless Battle Clause: Forcing endless battles is banned
|rule|HP Percentage Mod: HP is shown in percentages
|rule|Dynamax Clause: You cannot dynamax
|clearpoke
|poke|p1|Scyther, M|
|poke|p1|Sneasel, M|
|poke|p1|Heliolisk, M|
|poke|p1|Xatu, M|
|poke|p1|Palossand, F|
|poke|p1|Alcremie, F|
|poke|p2|Boltund, F|
|poke|p2|Persian-Alola, F|
|poke|p2|Stunfisk-Galar, M|
|poke|p2|Gourgeist-*, F|
|poke|p2|Cramorant, F|
|poke|p2|Mesprit|
|teampreview
|
|t:|1621190971
|start
|switch|p1a: Alcremie|Alcremie, F|100/100
|switch|p2a: Gourgeist|Gourgeist-Super, F|100/100
|-item|p1a: Alcremie|Leftovers|[from] ability: Frisk|[of] p2a: Gourgeist|[identify]
|turn|1
|
|t:|1621190979
|move|p2a: Gourgeist|Poltergeist|p1a: Alcremie
|-activate|p1a: Alcremie|move: Poltergeist|Leftovers
|-damage|p1a: Alcremie|4/100
|move|p1a: Alcremie|Mystical Fire|p2a: Gourgeist
|-supereffective|p2a: Gourgeist
|-damage|p2a: Gourgeist|50/100
|-unboost|p2a: Gourgeist|spa|1
|
|-heal|p1a: Alcremie|10/100|[from] item: Leftovers
|upkeep
|turn|2
|
|t:|1621190988
|switch|p2a: stream electric|Stunfisk-Galar, M|100/100
|switch|p1a: Heliolisk|Heliolisk, M|100/100
|
|upkeep
|turn|3
|
|t:|1621190992
|move|p1a: Heliolisk|Surf|p2a: stream electric
|-supereffective|p2a: stream electric
|-damage|p2a: stream electric|51/100
|move|p2a: stream electric|Snap Trap|p1a: Heliolisk
|-damage|p1a: Heliolisk|87/100
|-activate|p1a: Heliolisk|move: Snap Trap|[of] p2a: stream electric
|
|-heal|p2a: stream electric|57/100|[from] item: Leftovers
|-damage|p1a: Heliolisk|74/100|[from] move: Snap Trap|[partiallytrapped]
|upkeep
|turn|4
|
|t:|1621190996
|move|p2a: stream electric|Protect|p2a: stream electric
|-singleturn|p2a: stream electric|Protect
|move|p1a: Heliolisk|Surf|p2a: stream electric
|-activate|p2a: stream electric|move: Protect
|
|-heal|p2a: stream electric|63/100|[from] item: Leftovers
|-damage|p1a: Heliolisk|62/100|[from] move: Snap Trap|[partiallytrapped]
|upkeep
|turn|5
|
|t:|1621190999
|move|p1a: Heliolisk|Surf|p2a: stream electric
|-supereffective|p2a: stream electric
|-damage|p2a: stream electric|4/100
|move|p2a: stream electric|Earthquake|p1a: Heliolisk
|-supereffective|p1a: Heliolisk
|-damage|p1a: Heliolisk|0 fnt
|faint|p1a: Heliolisk
|
|-heal|p2a: stream electric|10/100|[from] item: Leftovers
|upkeep
|
|t:|1621191006
|switch|p1a: Scyther|Scyther, M|100/100
|turn|6
|
|t:|1621191010
|move|p1a: Scyther|U-turn|p2a: stream electric
|-resisted|p2a: stream electric
|-damage|p2a: stream electric|0 fnt
|faint|p2a: stream electric
|
|t:|1621191030
|switch|p1a: Alcremie|Alcremie, F|10/100|[from]move: U-turn
|
|-heal|p1a: Alcremie|16/100|[from] item: Leftovers
|upkeep
|
|t:|1621191040
|switch|p2a: Boltund|Boltund, F|100/100
|turn|7
|
|t:|1621191056
|move|p2a: Boltund|Psychic Fangs|p1a: Alcremie
|-damage|p1a: Alcremie|0 fnt
|faint|p1a: Alcremie
|
|upkeep
|
|t:|1621191062
|switch|p1a: Palossand|Palossand, F|100/100
|turn|8
|
|t:|1621191069
|switch|p2a: Cramorant|Cramorant, F|100/100
|move|p1a: Palossand|Toxic|p2a: Cramorant
|-status|p2a: Cramorant|tox
|
|-damage|p2a: Cramorant|94/100 tox|[from] psn
|upkeep
|turn|9
|
|t:|1621191073
|switch|p1a: Xatu|Xatu, M|100/100
|move|p2a: Cramorant|Surf|p1a: Xatu
|-formechange|p2a: Cramorant|Cramorant-Gulping|
|-damage|p1a: Xatu|63/100
|
|-damage|p2a: Cramorant|82/100 tox|[from] psn
|upkeep
|turn|10
|
|t:|1621191082
|switch|p2a: Mesprit|Mesprit|100/100
|move|p1a: Xatu|Roost|p1a: Xatu
|-heal|p1a: Xatu|100/100
|-singleturn|p1a: Xatu|move: Roost
|
|upkeep
|turn|11
|
|t:|1621191085
|move|p2a: Mesprit|Future Sight|p1a: Xatu
|-start|p2a: Mesprit|move: Future Sight
|move|p1a: Xatu|Toxic|p2a: Mesprit
|-status|p2a: Mesprit|tox
|
|-damage|p2a: Mesprit|95/100 tox|[from] psn
|upkeep
|turn|12
|
|t:|1621191091
|move|p2a: Mesprit|U-turn|p1a: Xatu
|-damage|p1a: Xatu|85/100
|-damage|p2a: Mesprit|78/100 tox|[from] item: Rocky Helmet|[of] p1a: Xatu
|
|t:|1621191093
|switch|p2a: Boltund|Boltund, F|100/100|[from]move: U-turn
|move|p1a: Xatu|Night Shade|p2a: Boltund
|-damage|p2a: Boltund|65/100
|
|upkeep
|turn|13
|
|t:|1621191101
|switch|p1a: Palossand|Palossand, F|100/100
|move|p2a: Boltund|Fire Fang|p1a: Palossand
|-damage|p1a: Palossand|77/100
|
|-end|p1a: Palossand|move: Future Sight
|-damage|p1a: Palossand|9/100
|upkeep
|turn|14
|
|t:|1621191106
|move|p2a: Boltund|Fire Fang|p1a: Palossand
|-damage|p1a: Palossand|0 fnt
|faint|p1a: Palossand
|
|upkeep
|
|t:|1621191111
|switch|p1a: Xatu|Xatu, M|85/100
|turn|15
|
|t:|1621191122
|switch|p2a: Persian|Persian-Alola, F|100/100
|move|p1a: Xatu|Teleport|p1a: Xatu
|
|t:|1621191126
|switch|p1a: Scyther|Scyther, M|100/100|[from]move: Teleport
|
|upkeep
|turn|16
|
|t:|1621191128
|move|p2a: Persian|Foul Play|p1a: Scyther
|-damage|p1a: Scyther|36/100
|move|p1a: Scyther|U-turn|p2a: Persian
|-supereffective|p2a: Persian
|-damage|p2a: Persian|34/100
|
|t:|1621191144
|switch|p1a: Sneasel|Sneasel, M|100/100|[from]move: U-turn
|
|-heal|p2a: Persian|40/100|[from] item: Leftovers
|upkeep
|turn|17
|
|t:|1621191152
|move|p1a: Sneasel|Triple Axel|p2a: Persian
|-damage|p2a: Persian|31/100
|-damage|p2a: Persian|14/100
|-damage|p2a: Persian|0 fnt
|faint|p2a: Persian
|-hitcount|p2: Persian|3
|
|upkeep
|
|t:|1621191154
|switch|p2a: Boltund|Boltund, F|65/100
|turn|18
|
|t:|1621191164
|move|p2a: Boltund|Thunder Fang|p1a: Sneasel
|-damage|p1a: Sneasel|0 fnt
|faint|p1a: Sneasel
|
|upkeep
|
|t:|1621191168
|switch|p1a: Xatu|Xatu, M|85/100
|turn|19
|
|t:|1621191170
|move|p2a: Boltund|Thunder Fang|p1a: Xatu
|-supereffective|p1a: Xatu
|-damage|p1a: Xatu|0 fnt
|-damage|p2a: Boltund|48/100|[from] item: Rocky Helmet|[of] p1a: Xatu
|faint|p1a: Xatu
|
|upkeep
|-message|Bert55 forfeited.
|
|win|ayo bb
|l|☆Bert55
|raw|Bert55's rating: 1375 &rarr; <strong>1367</strong><br />(-8 for losing)
|raw|ayo bb's rating: 1627 &rarr; <strong>1635</strong><br />(+8 for winning)
