|j|☆pult4t2 yan
|j|☆PULT4T2 eifo
|t:|1661334300
|gametype|singles
|player|p1|pult4t2 yan|swimmer-gen4dp|1539
|player|p2|PULT4T2 eifo|camper|1616
|teamsize|p1|6
|teamsize|p2|6
|gen|8
|tier|[Gen 8] PU
|rated|
|rule|Sleep Clause Mod: Limit one foe put to sleep
|rule|Species Clause: Limit one of each Pokémon
|rule|OHKO Clause: OHKO moves are banned
|rule|Evasion Items Clause: Evasion items are banned
|rule|Evasion Moves Clause: Evasion moves are banned
|rule|Endless Battle Clause: Forcing endless battles is banned
|rule|HP Percentage Mod: HP is shown in percentages
|rule|Dynamax Clause: You cannot dynamax
|clearpoke
|poke|p1|Alcremie, F|
|poke|p1|Gigalith, F|
|poke|p1|Eldegoss, M|
|poke|p1|Basculin, M|
|poke|p1|Glastrier|
|poke|p1|Magmortar, M|
|poke|p2|Scyther, M|
|poke|p2|Jellicent, F|
|poke|p2|Audino, F|
|poke|p2|Sandslash, M|
|poke|p2|Aggron, M|
|poke|p2|Comfey, F|
|teampreview
|
|t:|1661334319
|start
|switch|p1a: Glastrier|Glastrier|100/100
|switch|p2a: Audino|Audino, F|100/100
|turn|1
|
|t:|1661334331
|switch|p2a: Jellicent|Jellicent, F|100/100
|move|p1a: Glastrier|Close Combat|p2a: Jellicent
|-immune|p2a: Jellicent
|
|upkeep
|turn|2
|
|t:|1661334336
|switch|p1a: Eldegoss|Eldegoss, M|100/100
|move|p2a: Jellicent|Will-O-Wisp|p1a: Eldegoss
|-status|p1a: Eldegoss|brn
|
|-damage|p1a: Eldegoss|94/100 brn|[from] brn
|upkeep
|turn|3
|
|t:|1661334340
|switch|p2a: Scyther|Scyther, M|100/100
|move|p1a: Eldegoss|Sleep Powder|p2a: Scyther|[miss]
|-miss|p1a: Eldegoss|p2a: Scyther
|
|-damage|p1a: Eldegoss|88/100 brn|[from] brn
|upkeep
|turn|4
|
|t:|1661334345
|switch|p1a: Magmortar|Magmortar, M|100/100
|move|p2a: Scyther|Knock Off|p1a: Magmortar
|-damage|p1a: Magmortar|51/100
|-enditem|p1a: Magmortar|Heavy-Duty Boots|[from] move: Knock Off|[of] p2a: Scyther
|
|upkeep
|turn|5
|
|t:|1661334348
|move|p2a: Scyther|Dual Wingbeat|p1a: Magmortar
|-damage|p1a: Magmortar|9/100
|-damage|p1a: Magmortar|0 fnt
|faint|p1a: Magmortar
|-hitcount|p1: Magmortar|2
|
|upkeep
|j| Haffling
|c|☆pult4t2 yan|alright
|
|t:|1661334358
|switch|p1a: Glastrier|Glastrier|100/100
|turn|6
|
|t:|1661334393
|move|p2a: Scyther|U-turn|p1a: Glastrier
|-damage|p1a: Glastrier|76/100
|
|t:|1661334395
|switch|p2a: Jellicent|Jellicent, F|100/100|[from]move: U-turn
|move|p1a: Glastrier|Crunch|p2a: Jellicent
|-supereffective|p2a: Jellicent
|-enditem|p2a: Jellicent|Colbur Berry|[eat]
|-enditem|p2a: Jellicent|Colbur Berry|[weaken]
|-damage|p2a: Jellicent|54/100
|-unboost|p2a: Jellicent|def|1
|
|upkeep
|turn|7
|inactive|Battle timer is ON: inactive players will automatically lose when time's up. (requested by pult4t2 yan)
|
|t:|1661334463
|move|p2a: Jellicent|Will-O-Wisp|p1a: Glastrier
|-status|p1a: Glastrier|brn
|move|p1a: Glastrier|Crunch|p2a: Jellicent
|-supereffective|p2a: Jellicent
|-damage|p2a: Jellicent|0 fnt
|faint|p2a: Jellicent
|-ability|p1a: Glastrier|Chilling Neigh|boost
|-boost|p1a: Glastrier|atk|1
|
|-damage|p1a: Glastrier|69/100 brn|[from] brn
|upkeep
|
|t:|1661334468
|switch|p2a: Scyther|Scyther, M|100/100
|turn|8
|c|☆PULT4T2 eifo|oh right
|
|t:|1661334472
|switch|p1a: Gigalith|Gigalith, F|100/100
|-weather|Sandstorm|[from] ability: Sand Stream|[of] p1a: Gigalith
|move|p2a: Scyther|Knock Off|p1a: Gigalith
|-damage|p1a: Gigalith|79/100
|-enditem|p1a: Gigalith|Leftovers|[from] move: Knock Off|[of] p2a: Scyther
|
|-weather|Sandstorm|[upkeep]
|-damage|p2a: Scyther|94/100|[from] Sandstorm
|upkeep
|turn|9
|
|t:|1661334479
|switch|p1a: Alcremie|Alcremie, F|100/100
|move|p2a: Scyther|U-turn|p1a: Alcremie
|-resisted|p1a: Alcremie
|-damage|p1a: Alcremie|87/100
|-damage|p2a: Scyther|78/100|[from] item: Rocky Helmet|[of] p1a: Alcremie
|c|☆PULT4T2 eifo|wait no why did i die
|c|☆pult4t2 yan|im cb
|c|☆pult4t2 yan|there was a drop
|inactive|PULT4T2 eifo has 120 seconds left.
|c|☆PULT4T2 eifo|ye i missed it
|
|t:|1661334519
|switch|p2a: Sandslash|Sandslash, M|100/100|[from]move: U-turn
|
|-weather|Sandstorm|[upkeep]
|-damage|p1a: Alcremie|81/100|[from] Sandstorm
|upkeep
|turn|10
|
|t:|1661334522
|switch|p1a: Eldegoss|Eldegoss, M|100/100 brn
|move|p2a: Sandslash|Knock Off|p1a: Eldegoss
|-damage|p1a: Eldegoss|82/100 brn
|-enditem|p1a: Eldegoss|Heavy-Duty Boots|[from] move: Knock Off|[of] p2a: Sandslash
|
|-weather|Sandstorm|[upkeep]
|-damage|p1a: Eldegoss|76/100 brn|[from] Sandstorm
|-damage|p1a: Eldegoss|70/100 brn|[from] brn
|upkeep
|turn|11
|inactive|PULT4T2 eifo has 120 seconds left.
|
|t:|1661334558
|move|p2a: Sandslash|Spikes|p1a: Eldegoss
|-sidestart|p1: pult4t2 yan|Spikes
|move|p1a: Eldegoss|Leech Seed|p2a: Sandslash
|-start|p2a: Sandslash|move: Leech Seed
|
|-weather|Sandstorm|[upkeep]
|-damage|p1a: Eldegoss|63/100 brn|[from] Sandstorm
|-damage|p2a: Sandslash|88/100|[from] Leech Seed|[of] p1a: Eldegoss
|-heal|p1a: Eldegoss|77/100 brn|[silent]
|-damage|p1a: Eldegoss|71/100 brn|[from] brn
|upkeep
|turn|12
|
|t:|1661334563
|switch|p2a: Scyther|Scyther, M|78/100
|move|p1a: Eldegoss|Sleep Powder|p2a: Scyther
|-status|p2a: Scyther|slp|[from] move: Sleep Powder
|
|-weather|none
|-damage|p1a: Eldegoss|65/100 brn|[from] brn
|upkeep
|turn|13
|
|t:|1661334571
|switch|p2a: Comfey|Comfey, F|100/100
|move|p1a: Eldegoss|Rapid Spin|p2a: Comfey
|-damage|p2a: Comfey|97/100
|-boost|p1a: Eldegoss|spe|1
|-sideend|p1: pult4t2 yan|Spikes|[from] move: Rapid Spin|[of] p1a: Eldegoss
|
|-damage|p1a: Eldegoss|59/100 brn|[from] brn
|upkeep
|turn|14
|
|t:|1661334588
|switch|p1a: Alcremie|Alcremie, F|81/100
|move|p2a: Comfey|Calm Mind|p2a: Comfey
|-boost|p2a: Comfey|spa|1
|-boost|p2a: Comfey|spd|1
|
|upkeep
|turn|15
|
|t:|1661334596
|move|p2a: Comfey|Aromatherapy|p2a: Comfey
|-activate|p2a: Comfey|move: Aromatherapy
|-curestatus|p2: Scyther|slp|[msg]
|move|p1a: Alcremie|Aromatherapy|p1a: Alcremie
|-activate|p1a: Alcremie|move: Aromatherapy
|-curestatus|p1: Glastrier|brn|[msg]
|-curestatus|p1: Eldegoss|brn|[msg]
|
|upkeep
|turn|16
|
|t:|1661334611
|switch|p2a: Aggron|Aggron, M|100/100
|move|p1a: Alcremie|Calm Mind|p1a: Alcremie
|-boost|p1a: Alcremie|spa|1
|-boost|p1a: Alcremie|spd|1
|
|upkeep
|turn|17
|
|t:|1661334617
|switch|p1a: Eldegoss|Eldegoss, M|92/100
|move|p2a: Aggron|Stealth Rock|p1a: Eldegoss
|-sidestart|p1: pult4t2 yan|move: Stealth Rock
|
|upkeep
|turn|18
|
|t:|1661334629
|move|p1a: Eldegoss|Rapid Spin|p2a: Aggron
|-resisted|p2a: Aggron
|-damage|p2a: Aggron|99/100
|-boost|p1a: Eldegoss|spe|1
|-sideend|p1: pult4t2 yan|Stealth Rock|[from] move: Rapid Spin|[of] p1a: Eldegoss
|move|p2a: Aggron|Head Smash|p1a: Eldegoss
|-damage|p1a: Eldegoss|42/100
|
|-heal|p2a: Aggron|100/100|[from] item: Leftovers
|upkeep
|turn|19
|
|t:|1661334636
|switch|p2a: Sandslash|Sandslash, M|88/100
|move|p1a: Eldegoss|Sleep Powder|p2a: Sandslash
|-status|p2a: Sandslash|slp|[from] move: Sleep Powder
|
|-heal|p2a: Sandslash|94/100 slp|[from] item: Leftovers
|upkeep
|turn|20
|
|t:|1661334639
|switch|p1a: Glastrier|Glastrier|69/100
|switch|p2a: Scyther|Scyther, M|78/100
|
|upkeep
|turn|21
|
|t:|1661334649
|switch|p1a: Alcremie|Alcremie, F|81/100
|move|p2a: Scyther|U-turn|p1a: Alcremie
|-resisted|p1a: Alcremie
|-damage|p1a: Alcremie|65/100
|-damage|p2a: Scyther|62/100|[from] item: Rocky Helmet|[of] p1a: Alcremie
|inactive|PULT4T2 eifo has 120 seconds left.
|
|t:|1661334666
|switch|p2a: Aggron|Aggron, M|100/100|[from]move: U-turn
|
|upkeep
|turn|22
|
|t:|1661334669
|move|p1a: Alcremie|Recover|p1a: Alcremie
|-heal|p1a: Alcremie|100/100
|move|p2a: Aggron|Stealth Rock|p1a: Alcremie
|-sidestart|p1: pult4t2 yan|move: Stealth Rock
|
|upkeep
|turn|23
|
|t:|1661334677
|switch|p1a: Eldegoss|Eldegoss, M|75/100
|-damage|p1a: Eldegoss|63/100|[from] Stealth Rock
|move|p2a: Aggron|Head Smash|p1a: Eldegoss
|-damage|p1a: Eldegoss|13/100
|
|upkeep
|turn|24
|
|t:|1661334687
|move|p1a: Eldegoss|Rapid Spin|p2a: Aggron
|-resisted|p2a: Aggron
|-damage|p2a: Aggron|99/100
|-boost|p1a: Eldegoss|spe|1
|-sideend|p1: pult4t2 yan|Stealth Rock|[from] move: Rapid Spin|[of] p1a: Eldegoss
|move|p2a: Aggron|Body Press|p1a: Eldegoss
|-damage|p1a: Eldegoss|0 fnt
|faint|p1a: Eldegoss
|
|-heal|p2a: Aggron|100/100|[from] item: Leftovers
|upkeep
|
|t:|1661334693
|switch|p1a: Glastrier|Glastrier|69/100
|turn|25
|
|t:|1661334704
|switch|p2a: Sandslash|Sandslash, M|94/100 slp
|move|p1a: Glastrier|Close Combat|p2a: Sandslash
|-damage|p2a: Sandslash|38/100 slp
|-unboost|p1a: Glastrier|def|1
|-unboost|p1a: Glastrier|spd|1
|
|-heal|p2a: Sandslash|44/100 slp|[from] item: Leftovers
|upkeep
|turn|26
|
|t:|1661334708
|switch|p2a: Scyther|Scyther, M|62/100
|switch|p1a: Basculin|Basculin, M|100/100
|
|upkeep
|turn|27
|
|t:|1661334721
|switch|p2a: Audino|Audino, F|100/100
|move|p1a: Basculin|Liquidation|p2a: Audino
|-damage|p2a: Audino|56/100
|
|upkeep
|turn|28
|
|t:|1661334728
|move|p1a: Basculin|Liquidation|p2a: Audino
|-damage|p2a: Audino|10/100
|move|p2a: Audino|Wish|p2a: Audino
|
|upkeep
|turn|29
|
|t:|1661334734
|move|p2a: Audino|Protect|p2a: Audino
|-singleturn|p2a: Audino|Protect
|move|p1a: Basculin|Liquidation|p2a: Audino
|-activate|p2a: Audino|move: Protect
|
|-heal|p2a: Audino|60/100|[from] move: Wish|[wisher] Audino
|upkeep
|turn|30
|
|t:|1661334750
|move|p1a: Basculin|Liquidation|p2a: Audino
|-damage|p2a: Audino|18/100
|move|p2a: Audino|Wish|p2a: Audino
|
|upkeep
|turn|31
|j| PULT4T2 Lennart
|
|t:|1661334753
|move|p2a: Audino|Protect|p2a: Audino
|-singleturn|p2a: Audino|Protect
|move|p1a: Basculin|Liquidation|p2a: Audino
|-activate|p2a: Audino|move: Protect
|
|-heal|p2a: Audino|68/100|[from] move: Wish|[wisher] Audino
|upkeep
|turn|32
|
|t:|1661334755
|move|p1a: Basculin|Liquidation|p2a: Audino
|-damage|p2a: Audino|22/100
|move|p2a: Audino|Wish|p2a: Audino
|
|upkeep
|turn|33
|
|t:|1661334757
|move|p2a: Audino|Protect|p2a: Audino
|-singleturn|p2a: Audino|Protect
|move|p1a: Basculin|Liquidation|p2a: Audino
|-activate|p2a: Audino|move: Protect
|
|-heal|p2a: Audino|72/100|[from] move: Wish|[wisher] Audino
|upkeep
|turn|34
|
|t:|1661334759
|move|p1a: Basculin|Liquidation|p2a: Audino
|-damage|p2a: Audino|27/100
|-unboost|p2a: Audino|def|1
|move|p2a: Audino|Wish|p2a: Audino
|
|upkeep
|turn|35
|
|t:|1661334780
|switch|p1a: Glastrier|Glastrier|69/100
|switch|p2a: Aggron|Aggron, M|100/100
|
|upkeep
|turn|36
|
|t:|1661334790
|switch|p2a: Comfey|Comfey, F|97/100
|move|p1a: Glastrier|Close Combat|p2a: Comfey
|-resisted|p2a: Comfey
|-damage|p2a: Comfey|53/100
|-unboost|p1a: Glastrier|def|1
|-unboost|p1a: Glastrier|spd|1
|
|upkeep
|turn|37
|
|t:|1661334796
|switch|p2a: Scyther|Scyther, M|62/100
|switch|p1a: Gigalith|Gigalith, F|79/100
|-weather|Sandstorm|[from] ability: Sand Stream|[of] p1a: Gigalith
|
|-weather|Sandstorm|[upkeep]
|-damage|p2a: Scyther|56/100|[from] Sandstorm
|upkeep
|turn|38
|
|t:|1661334802
|move|p2a: Scyther|U-turn|p1a: Gigalith
|-damage|p1a: Gigalith|53/100
|
|t:|1661334807
|switch|p2a: Aggron|Aggron, M|100/100|[from]move: U-turn
|move|p1a: Gigalith|Earthquake|p2a: Aggron
|-supereffective|p2a: Aggron
|-damage|p2a: Aggron|28/100
|
|-weather|Sandstorm|[upkeep]
|-heal|p2a: Aggron|35/100|[from] item: Leftovers
|upkeep
|turn|39
|
|t:|1661334824
|switch|p2a: Scyther|Scyther, M|56/100
|switch|p1a: Alcremie|Alcremie, F|100/100
|
|-weather|Sandstorm|[upkeep]
|-damage|p2a: Scyther|50/100|[from] Sandstorm
|-damage|p1a: Alcremie|95/100|[from] Sandstorm
|upkeep
|turn|40
|
|t:|1661334829
|move|p2a: Scyther|Roost|p2a: Scyther
|-heal|p2a: Scyther|99/100
|-singleturn|p2a: Scyther|move: Roost
|move|p1a: Alcremie|Calm Mind|p1a: Alcremie
|-boost|p1a: Alcremie|spa|1
|-boost|p1a: Alcremie|spd|1
|
|-weather|Sandstorm|[upkeep]
|-damage|p2a: Scyther|94/100|[from] Sandstorm
|-damage|p1a: Alcremie|89/100|[from] Sandstorm
|upkeep
|turn|41
|
|t:|1661334836
|switch|p2a: Audino|Audino, F|60/100
|move|p1a: Alcremie|Dazzling Gleam|p2a: Audino
|-damage|p2a: Audino|30/100
|
|-weather|none
|upkeep
|turn|42
|
|t:|1661334860
|move|p1a: Alcremie|Dazzling Gleam|p2a: Audino
|-damage|p2a: Audino|0 fnt
|faint|p2a: Audino
|
|upkeep
|
|t:|1661334865
|switch|p2a: Aggron|Aggron, M|35/100
|turn|43
|
|t:|1661334877
|move|p1a: Alcremie|Calm Mind|p1a: Alcremie
|-boost|p1a: Alcremie|spa|1
|-boost|p1a: Alcremie|spd|1
|move|p2a: Aggron|Toxic|p1a: Alcremie
|-status|p1a: Alcremie|tox
|
|-heal|p2a: Aggron|41/100|[from] item: Leftovers
|-damage|p1a: Alcremie|83/100 tox|[from] psn
|upkeep
|turn|44
|
|t:|1661334882
|move|p1a: Alcremie|Aromatherapy|p1a: Alcremie
|-activate|p1a: Alcremie|move: Aromatherapy
|-curestatus|p1a: Alcremie|tox|[msg]
|move|p2a: Aggron|Stealth Rock|p1a: Alcremie
|-sidestart|p1: pult4t2 yan|move: Stealth Rock
|
|-heal|p2a: Aggron|47/100|[from] item: Leftovers
|upkeep
|turn|45
|
|t:|1661334884
|move|p1a: Alcremie|Dazzling Gleam|p2a: Aggron
|-resisted|p2a: Aggron
|-damage|p2a: Aggron|20/100
|move|p2a: Aggron|Toxic|p1a: Alcremie
|-status|p1a: Alcremie|tox
|
|-heal|p2a: Aggron|26/100|[from] item: Leftovers
|-damage|p1a: Alcremie|77/100 tox|[from] psn
|upkeep
|turn|46
|
|t:|1661334888
|move|p1a: Alcremie|Dazzling Gleam|p2a: Aggron
|-resisted|p2a: Aggron
|-damage|p2a: Aggron|0 fnt
|faint|p2a: Aggron
|
|-damage|p1a: Alcremie|65/100 tox|[from] psn
|upkeep
|
|t:|1661334893
|switch|p2a: Scyther|Scyther, M|94/100
|turn|47
|
|t:|1661334898
|move|p2a: Scyther|Dual Wingbeat|p1a: Alcremie
|-damage|p1a: Alcremie|39/100 tox
|-damage|p2a: Scyther|77/100|[from] item: Rocky Helmet|[of] p1a: Alcremie
|-damage|p1a: Alcremie|14/100 tox
|-damage|p2a: Scyther|61/100|[from] item: Rocky Helmet|[of] p1a: Alcremie
|-hitcount|p1a: Alcremie|2
|move|p1a: Alcremie|Dazzling Gleam|p2a: Scyther
|-damage|p2a: Scyther|0 fnt
|faint|p2a: Scyther
|
|-damage|p1a: Alcremie|0 fnt|[from] psn
|faint|p1a: Alcremie
|upkeep
|
|t:|1661334909
|switch|p2a: Comfey|Comfey, F|53/100
|switch|p1a: Glastrier|Glastrier|69/100
|-damage|p1a: Glastrier|44/100|[from] Stealth Rock
|turn|48
|
|t:|1661334912
|move|p2a: Comfey|Draining Kiss|p1a: Glastrier
|-damage|p1a: Glastrier|18/100
|-heal|p2a: Comfey|75/100|[from] drain|[of] p1a: Glastrier
|-damage|p2a: Comfey|65/100|[from] item: Life Orb
|move|p1a: Glastrier|Icicle Crash|p2a: Comfey
|-damage|p2a: Comfey|0 fnt
|faint|p2a: Comfey
|-ability|p1a: Glastrier|Chilling Neigh|boost
|-boost|p1a: Glastrier|atk|1
|
|upkeep
|
|t:|1661334915
|switch|p2a: Sandslash|Sandslash, M|44/100 slp
|turn|49
|
|t:|1661334919
|cant|p2a: Sandslash|slp
|move|p1a: Glastrier|Icicle Crash|p2a: Sandslash
|-supereffective|p2a: Sandslash
|-damage|p2a: Sandslash|0 fnt
|faint|p2a: Sandslash
|
|win|pult4t2 yan
|raw|pult4t2 yan's rating: 1539 &rarr; <strong>1563</strong><br />(+24 for winning)
|raw|PULT4T2 eifo's rating: 1616 &rarr; <strong>1592</strong><br />(-24 for losing)
|l|☆PULT4T2 eifo
