|html|<div class="broadcast-blue"><strong>[Gen 8] PU is currently suspecting Virizion! For information on how to participate check out the <a href="https://www.smogon.com/forums/threads/np-pu-stage-4-and-justice-for-all-virizion-suspect-test.3676543/">suspect thread</a>.</strong></div>
|j|☆Auzt
|j|☆Goldenagearc
|t:|1611453022
|player|p1|Auzt|blue-gen1|1411
|player|p2|Goldenagearc|psychic|1216
|teamsize|p1|6
|teamsize|p2|6
|gametype|singles
|gen|8
|tier|[Gen 8] PU
|rated|
|clearpoke
|poke|p1|Noctowl, M|
|poke|p1|Absol, F|
|poke|p1|Virizion|
|poke|p1|Palossand, M|
|poke|p1|Vaporeon, M|
|poke|p1|Golbat, M|
|poke|p2|Politoed, M|
|poke|p2|Lanturn, M|
|poke|p2|Silvally-*|
|poke|p2|Drednaw, M|
|poke|p2|Carracosta, F|
|poke|p2|Kabutops, M|
|rule|Sleep Clause Mod: Limit one foe put to sleep
|rule|Species Clause: Limit one of each Pokémon
|rule|OHKO Clause: OHKO moves are banned
|rule|Evasion Moves Clause: Evasion moves are banned
|rule|Endless Battle Clause: Forcing endless battles is banned
|rule|HP Percentage Mod: HP is shown in percentages
|rule|Dynamax Clause: You cannot dynamax
|teampreview
|
|t:|1611453036
|start
|switch|p1a: Absol|Absol, F|100/100
|switch|p2a: Lanturn|Lanturn, M, shiny|100/100
|turn|1
|inactive|Battle timer is ON: inactive players will automatically lose when time's up. (requested by Auzt)
|
|t:|1611453043
|move|p1a: Absol|Knock Off|p2a: Lanturn
|-damage|p2a: Lanturn|40/100
|-enditem|p2a: Lanturn|Damp Rock|[from] move: Knock Off|[of] p1a: Absol
|move|p2a: Lanturn|Rain Dance|p2a: Lanturn
|-weather|RainDance
|
|-weather|RainDance|[upkeep]
|upkeep
|turn|2
|
|t:|1611453053
|move|p1a: Absol|Knock Off|p2a: Lanturn
|-damage|p2a: Lanturn|0 fnt
|faint|p2a: Lanturn
|
|-weather|RainDance|[upkeep]
|upkeep
|
|t:|1611453059
|switch|p2a: Carracosta|Carracosta, F, shiny|100/100
|turn|3
|
|t:|1611453066
|move|p2a: Carracosta|Shell Smash|p2a: Carracosta
|-unboost|p2a: Carracosta|def|1
|-unboost|p2a: Carracosta|spd|1
|-boost|p2a: Carracosta|atk|2
|-boost|p2a: Carracosta|spa|2
|-boost|p2a: Carracosta|spe|2
|-enditem|p2a: Carracosta|White Herb
|-clearnegativeboost|p2a: Carracosta|[silent]
|move|p1a: Absol|Close Combat|p2a: Carracosta
|-supereffective|p2a: Carracosta
|-damage|p2a: Carracosta|3/100
|-unboost|p1a: Absol|def|1
|-unboost|p1a: Absol|spd|1
|
|-weather|RainDance|[upkeep]
|upkeep
|turn|4
|
|t:|1611453078
|switch|p1a: Vaporeon|Vaporeon, M|100/100
|move|p2a: Carracosta|Liquidation|p1a: Vaporeon
|-immune|p1a: Vaporeon|[from] ability: Water Absorb
|
|-weather|RainDance|[upkeep]
|upkeep
|turn|5
|
|t:|1611453084
|move|p1a: Vaporeon|Protect|p1a: Vaporeon
|-singleturn|p1a: Vaporeon|Protect
|move|p2a: Carracosta|Rock Slide|p1a: Vaporeon
|-activate|p1a: Vaporeon|move: Protect
|
|-weather|none
|upkeep
|turn|6
|
|t:|1611453089
|move|p2a: Carracosta|Rock Slide|p1a: Vaporeon
|-damage|p1a: Vaporeon|50/100
|cant|p1a: Vaporeon|flinch
|
|-heal|p1a: Vaporeon|56/100|[from] item: Leftovers
|upkeep
|turn|7
|
|t:|1611453093
|move|p2a: Carracosta|Rock Slide|p1a: Vaporeon
|-damage|p1a: Vaporeon|0 fnt
|faint|p1a: Vaporeon
|
|upkeep
|
|t:|1611453097
|switch|p1a: Virizion|Virizion|100/100
|turn|8
|
|t:|1611453110
|move|p1a: Virizion|Leaf Blade|p2a: Carracosta
|-supereffective|p2a: Carracosta
|-damage|p2a: Carracosta|0 fnt
|faint|p2a: Carracosta
|
|upkeep
|
|t:|1611453120
|switch|p2a: Silvally|Silvally-Water, shiny|100/100
|turn|9
|
|t:|1611453131
|switch|p1a: Golbat|Golbat, M|100/100
|move|p2a: Silvally|Thunder Wave|p1a: Golbat
|-status|p1a: Golbat|par
|
|upkeep
|turn|10
|
|t:|1611453137
|move|p2a: Silvally|Rain Dance|p2a: Silvally
|-weather|RainDance
|move|p1a: Golbat|Brave Bird|p2a: Silvally
|-damage|p2a: Silvally|64/100
|-damage|p1a: Golbat|89/100 par|[from] Recoil
|
|-weather|RainDance|[upkeep]
|upkeep
|turn|11
|
|t:|1611453143
|move|p2a: Silvally|Ice Beam|p1a: Golbat
|-supereffective|p1a: Golbat
|-damage|p1a: Golbat|50/100 par
|move|p1a: Golbat|Taunt|p2a: Silvally
|-start|p2a: Silvally|move: Taunt
|
|-weather|RainDance|[upkeep]
|upkeep
|turn|12
|
|t:|1611453149
|move|p2a: Silvally|Surf|p1a: Golbat
|-damage|p1a: Golbat|1/100 par
|cant|p1a: Golbat|par
|
|-weather|RainDance|[upkeep]
|upkeep
|turn|13
|
|t:|1611453171
|move|p2a: Silvally|Ice Beam|p1a: Golbat
|-supereffective|p1a: Golbat
|-damage|p1a: Golbat|0 fnt
|faint|p1a: Golbat
|
|-weather|RainDance|[upkeep]
|upkeep
|
|t:|1611453176
|switch|p1a: Noctowl|Noctowl, M|100/100
|turn|14
|
|t:|1611453180
|move|p2a: Silvally|Surf|p1a: Noctowl
|-damage|p1a: Noctowl|42/100
|move|p1a: Noctowl|Hurricane|p2a: Silvally
|-damage|p2a: Silvally|0 fnt
|faint|p2a: Silvally
|
|-weather|none
|upkeep
|
|t:|1611453188
|switch|p2a: Politoed|Politoed, M, shiny|100/100
|turn|15
|
|t:|1611453194
|move|p1a: Noctowl|Hurricane|p2a: Politoed
|-damage|p2a: Politoed|37/100
|move|p2a: Politoed|Rain Dance|p2a: Politoed
|-weather|RainDance
|
|-weather|RainDance|[upkeep]
|upkeep
|turn|16
|
|t:|1611453202
|move|p1a: Noctowl|Hurricane|p2a: Politoed
|-damage|p2a: Politoed|0 fnt
|faint|p2a: Politoed
|
|-weather|RainDance|[upkeep]
|upkeep
|
|t:|1611453217
|switch|p2a: Kabutops|Kabutops, M|100/100
|turn|17
|
|t:|1611453221
|move|p2a: Kabutops|Swords Dance|p2a: Kabutops
|-boost|p2a: Kabutops|atk|2
|move|p1a: Noctowl|Hurricane|p2a: Kabutops
|-resisted|p2a: Kabutops
|-damage|p2a: Kabutops|0 fnt
|faint|p2a: Kabutops
|
|-weather|RainDance|[upkeep]
|upkeep
|
|t:|1611453228
|switch|p2a: Drednaw|Drednaw, M, shiny|100/100
|turn|18
|c|☆Auzt|Lol
|
|t:|1611453231
|move|p2a: Drednaw|Swords Dance|p2a: Drednaw
|-boost|p2a: Drednaw|atk|2
|move|p1a: Noctowl|Hurricane|p2a: Drednaw
|-resisted|p2a: Drednaw
|-damage|p2a: Drednaw|0 fnt
|faint|p2a: Drednaw
|
|win|Auzt
|l|☆Goldenagearc
|c|☆Auzt|Hahaha
|raw|Auzt's rating: 1411 &rarr; <strong>1420</strong><br />(+9 for winning)
|raw|Goldenagearc's rating: 1187 &rarr; <strong>1176</strong><br />(-11 for losing)
