|html|<div class="broadcast-blue"><strong>[Gen 8] PU is currently suspecting Scyther! For information on how to participate check out the <a href="https://www.smogon.com/forums/threads/np-ss-pu-stage-11-turn-turn-turn-scyther-retest.3707179/">suspect thread</a>.</strong></div>
|j|☆RendeCador
|j|☆PU11 Kingston9629
|t:|1662214987
|gametype|singles
|player|p1|RendeCador|102|1150
|player|p2|PU11 Kingston9629|102|1382
|teamsize|p1|6
|teamsize|p2|6
|gen|8
|tier|[Gen 8] PU
|rated|
|rule|Sleep Clause Mod: Limit one foe put to sleep
|rule|Species Clause: Limit one of each Pokémon
|rule|OHKO Clause: OHKO moves are banned
|rule|Evasion Items Clause: Evasion items are banned
|rule|Evasion Moves Clause: Evasion moves are banned
|rule|Endless Battle Clause: Forcing endless battles is banned
|rule|HP Percentage Mod: HP is shown in percentages
|rule|Dynamax Clause: You cannot dynamax
|clearpoke
|poke|p1|Stoutland, F|
|poke|p1|Mawile, F|
|poke|p1|Audino, M|
|poke|p1|Claydol|
|poke|p1|Charizard, F|
|poke|p1|Uxie|
|poke|p2|Audino, M|
|poke|p2|Ferroseed, M|
|poke|p2|Eldegoss, F|
|poke|p2|Quagsire, F|
|poke|p2|Jellicent, M|
|poke|p2|Gigalith, M|
|teampreview
|c|☆PU11 Kingston9629|gl hf
|
|t:|1662215004
|start
|switch|p1a: Charizard|Charizard, F, shiny|100/100
|switch|p2a: Audino|Audino, M|100/100
|turn|1
|
|t:|1662215021
|move|p1a: Charizard|Air Slash|p2a: Audino
|-damage|p2a: Audino|65/100
|move|p2a: Audino|Knock Off|p1a: Charizard
|-damage|p1a: Charizard|78/100
|-enditem|p1a: Charizard|Choice Specs|[from] move: Knock Off|[of] p2a: Audino
|
|upkeep
|turn|2
|
|t:|1662215037
|switch|p1a: Stoutland|Stoutland, F, shiny|100/100
|-ability|p1a: Stoutland|Intimidate|boost
|-unboost|p2a: Audino|atk|1
|move|p2a: Audino|Protect||[still]
|-fail|p2a: Audino
|
|upkeep
|turn|3
|
|t:|1662215049
|move|p2a: Audino|Protect|p2a: Audino
|-singleturn|p2a: Audino|Protect
|move|p1a: Stoutland|Toxic|p2a: Audino
|-activate|p2a: Audino|move: Protect
|
|upkeep
|turn|4
|
|t:|1662215065
|switch|p2a: Ferroseed|Ferroseed, M|100/100
|move|p1a: Stoutland|Facade|p2a: Ferroseed
|-resisted|p2a: Ferroseed
|-damage|p2a: Ferroseed|89/100
|-damage|p1a: Stoutland|88/100|[from] ability: Iron Barbs|[of] p2a: Ferroseed
|
|-heal|p1a: Stoutland|94/100|[from] item: Leftovers
|upkeep
|turn|5
|c|☆PU11 Kingston9629|my god stout land looks ugly
|c|☆PU11 Kingston9629|with shiny
|
|t:|1662215079
|switch|p1a: Audino|Audino, M|100/100
|move|p2a: Ferroseed|Leech Seed|p1a: Audino
|-start|p1a: Audino|move: Leech Seed
|
|-damage|p1a: Audino|88/100|[from] Leech Seed|[of] p2a: Ferroseed
|-heal|p2a: Ferroseed|100/100|[silent]
|upkeep
|turn|6
|c|☆RendeCador|meh
|c|☆RendeCador|i like it
|c|☆PU11 Kingston9629|it looks like it spilled cheese over it
|c|☆PU11 Kingston9629|idk how you spill cheese
|
|t:|1662215105
|move|p1a: Audino|Knock Off|p2a: Ferroseed
|-damage|p2a: Ferroseed|91/100
|-damage|p1a: Audino|76/100|[from] ability: Iron Barbs|[of] p2a: Ferroseed
|-enditem|p2a: Ferroseed|Eviolite|[from] move: Knock Off|[of] p1a: Audino
|move|p2a: Ferroseed|Spikes|p1a: Audino
|-sidestart|p1: RendeCador|Spikes
|
|-heal|p1a: Audino|82/100|[from] item: Leftovers
|-damage|p1a: Audino|69/100|[from] Leech Seed|[of] p2a: Ferroseed
|-heal|p2a: Ferroseed|100/100|[silent]
|upkeep
|turn|7
|c|☆RendeCador|hmm grated stoutland
|c|☆PU11 Kingston9629|lmao
|c|☆PU11 Kingston9629|I have the mental image
|
|t:|1662215126
|switch|p1a: Charizard|Charizard, F, shiny|78/100
|move|p2a: Ferroseed|Spikes|p1a: Charizard
|-sidestart|p1: RendeCador|Spikes
|
|upkeep
|turn|8
|c|☆PU11 Kingston9629|of a stoutland complaining after it's been grated
|
|t:|1662215142
|switch|p2a: Audino|Audino, M|98/100
|move|p1a: Charizard|Flamethrower|p2a: Audino
|-damage|p2a: Audino|71/100
|
|upkeep
|turn|9
|
|t:|1662215157
|move|p1a: Charizard|Air Slash|p2a: Audino
|-damage|p2a: Audino|49/100
|move|p2a: Audino|Knock Off|p1a: Charizard
|-damage|p1a: Charizard|63/100
|
|upkeep
|turn|10
|
|t:|1662215164
|switch|p2a: Gigalith|Gigalith, M|100/100
|-weather|Sandstorm|[from] ability: Sand Stream|[of] p2a: Gigalith
|move|p1a: Charizard|Air Slash|p2a: Gigalith
|-resisted|p2a: Gigalith
|-damage|p2a: Gigalith|92/100
|
|-weather|Sandstorm|[upkeep]
|-damage|p1a: Charizard|57/100|[from] Sandstorm
|-heal|p2a: Gigalith|99/100|[from] item: Leftovers
|upkeep
|turn|11
|
|t:|1662215173
|move|p1a: Charizard|Scorching Sands|p2a: Gigalith
|-supereffective|p2a: Gigalith
|-damage|p2a: Gigalith|78/100
|move|p2a: Gigalith|Stealth Rock|p1a: Charizard
|-sidestart|p1: RendeCador|move: Stealth Rock
|
|-weather|Sandstorm|[upkeep]
|-damage|p1a: Charizard|51/100|[from] Sandstorm
|-heal|p2a: Gigalith|84/100|[from] item: Leftovers
|upkeep
|turn|12
|c|☆RendeCador|!dt gigalith
|raw|<div class="message"><ul class="utilichart"><li class="result"><span class="col numcol">PU</span> <span class="col iconcol"><psicon pokemon="gigalith"/></span> <span class="col pokemonnamecol" style="white-space:nowrap"><a href="https://dex.pokemonshowdown.com/pokemon/gigalith" target="_blank">Gigalith</a></span> <span class="col typecol"><img src="https://play.pokemonshowdown.com/sprites/types/Rock.png" alt="Rock" height="14" width="32"></span> <span style="float:left;min-height:26px"><span class="col twoabilitycol">Sturdy<br />Sand Stream</span><span class="col abilitycol"><em>Sand Force</em></span></span><span style="float:left;min-height:26px"><span class="col statcol"><em>HP</em><br />85</span> <span class="col statcol"><em>Atk</em><br />135</span> <span class="col statcol"><em>Def</em><br />130</span> <span class="col statcol"><em>SpA</em><br />60</span> <span class="col statcol"><em>SpD</em><br />80</span> <span class="col statcol"><em>Spe</em><br />25</span> <span class="col bstcol"><em>BST<br />515</em></span> </span></li><li style="clear:both"></li></ul></div>
|raw|<font size="1"><font color="#686868">Dex#:</font> 526&nbsp;|&ThickSpace;<font color="#686868">Gen:</font> 5&nbsp;|&ThickSpace;<font color="#686868">Height:</font> 1.7 m&nbsp;|&ThickSpace;<font color="#686868">Weight:</font> 260 kg <em>(120 BP)</em>&nbsp;|&ThickSpace;<font color="#686868">Dex Colour:</font> Blue&nbsp;|&ThickSpace;<font color="#686868">Egg Group(s):</font> Mineral&nbsp;|&ThickSpace;<font color="#686868">Does Not Evolve</font></font>

|c|☆RendeCador|good lord
|c|☆RendeCador|how did it tank that much
|c|☆PU11 Kingston9629|LMAO
|c|☆PU11 Kingston9629|sand stream
|c|☆RendeCador|oh right
|c|☆PU11 Kingston9629|+1.5 spdef
|c|☆PU11 Kingston9629|for rock types
|
|t:|1662215215
|switch|p1a: Claydol|Claydol|100/100
|-damage|p1a: Claydol|94/100|[from] Stealth Rock
|move|p2a: Gigalith|Protect||[still]
|-fail|p2a: Gigalith
|
|-weather|Sandstorm|[upkeep]
|-heal|p1a: Claydol|100/100|[from] item: Leftovers
|-heal|p2a: Gigalith|91/100|[from] item: Leftovers
|upkeep
|turn|13
|
|t:|1662215228
|switch|p2a: Jellicent|Jellicent, M|100/100
|move|p1a: Claydol|Calm Mind|p1a: Claydol
|-boost|p1a: Claydol|spa|1
|-boost|p1a: Claydol|spd|1
|
|-weather|Sandstorm|[upkeep]
|-damage|p2a: Jellicent|94/100|[from] Sandstorm
|upkeep
|turn|14
|c|☆PU11 Kingston9629|I no like
|
|t:|1662215245
|move|p1a: Claydol|Earth Power|p2a: Jellicent
|-damage|p2a: Jellicent|55/100
|move|p2a: Jellicent|Taunt|p1a: Claydol
|-start|p1a: Claydol|move: Taunt
|
|-weather|none
|upkeep
|turn|15
|
|t:|1662215251
|move|p1a: Claydol|Earth Power|p2a: Jellicent
|-damage|p2a: Jellicent|12/100
|-unboost|p2a: Jellicent|spd|1
|move|p2a: Jellicent|Recover|p2a: Jellicent
|-heal|p2a: Jellicent|62/100
|
|upkeep
|turn|16
|
|t:|1662215257
|switch|p2a: Audino|Audino, M|82/100
|move|p1a: Claydol|Earth Power|p2a: Audino
|-damage|p2a: Audino|46/100
|
|upkeep
|turn|17
|
|t:|1662215264
|move|p1a: Claydol|Earth Power|p2a: Audino
|-damage|p2a: Audino|14/100
|move|p2a: Audino|Knock Off|p1a: Claydol
|-supereffective|p1a: Claydol
|-damage|p1a: Claydol|72/100
|-enditem|p1a: Claydol|Leftovers|[from] move: Knock Off|[of] p2a: Audino
|
|-end|p1a: Claydol|move: Taunt
|upkeep
|turn|18
|
|t:|1662215275
|switch|p2a: Quagsire|Quagsire, F|100/100
|move|p1a: Claydol|Earth Power|p2a: Quagsire
|-damage|p2a: Quagsire|59/100
|
|upkeep
|turn|19
|
|t:|1662215285
|move|p1a: Claydol|Ice Beam|p2a: Quagsire
|-damage|p2a: Quagsire|29/100
|move|p2a: Quagsire|Toxic|p1a: Claydol
|-status|p1a: Claydol|tox
|
|-damage|p1a: Claydol|66/100 tox|[from] psn
|upkeep
|turn|20
|
|t:|1662215291
|switch|p2a: Eldegoss|Eldegoss, F|100/100
|move|p1a: Claydol|Earth Power|p2a: Eldegoss
|-resisted|p2a: Eldegoss
|-damage|p2a: Eldegoss|77/100
|-unboost|p2a: Eldegoss|spd|1
|
|-damage|p1a: Claydol|54/100 tox|[from] psn
|upkeep
|turn|21
|
|t:|1662215306
|switch|p2a: Audino|Audino, M|47/100
|move|p1a: Claydol|Earth Power|p2a: Audino
|-damage|p2a: Audino|14/100
|-unboost|p2a: Audino|spd|1
|
|-damage|p1a: Claydol|35/100 tox|[from] psn
|upkeep
|turn|22
|
|t:|1662215315
|switch|p1a: Charizard|Charizard, F, shiny|51/100
|-damage|p1a: Charizard|1/100|[from] Stealth Rock
|switch|p2a: Eldegoss|Eldegoss, F|100/100
|
|upkeep
|turn|23
|
|t:|1662215325
|switch|p2a: Audino|Audino, M|47/100
|move|p1a: Charizard|Air Slash|p2a: Audino
|-damage|p2a: Audino|23/100
|
|upkeep
|turn|24
|
|t:|1662215330
|switch|p2a: Gigalith|Gigalith, M|91/100
|-weather|Sandstorm|[from] ability: Sand Stream|[of] p2a: Gigalith
|move|p1a: Charizard|Flamethrower|p2a: Gigalith
|-resisted|p2a: Gigalith
|-damage|p2a: Gigalith|75/100
|-status|p2a: Gigalith|brn
|
|-weather|Sandstorm|[upkeep]
|-damage|p1a: Charizard|0 fnt|[from] Sandstorm
|faint|p1a: Charizard
|-heal|p2a: Gigalith|81/100 brn|[from] item: Leftovers
|-damage|p2a: Gigalith|75/100 brn|[from] brn
|upkeep
|c|☆PU11 Kingston9629|not the burn
|c|☆RendeCador|bruh pure stall is annoying af
|c|☆PU11 Kingston9629|lmao
|
|t:|1662215360
|switch|p1a: Uxie|Uxie|100/100
|-damage|p1a: Uxie|88/100|[from] Stealth Rock
|turn|25
|c|☆PU11 Kingston9629|if you think this is annoying
|c|☆PU11 Kingston9629|imagine gen 7 uu stall
|
|t:|1662215373
|switch|p2a: Ferroseed|Ferroseed, M|100/100
|move|p1a: Uxie|Nasty Plot|p1a: Uxie
|-boost|p1a: Uxie|spa|2
|
|-weather|Sandstorm|[upkeep]
|-damage|p1a: Uxie|82/100|[from] Sandstorm
|-heal|p1a: Uxie|88/100|[from] item: Leftovers
|upkeep
|turn|26
|c|☆RendeCador|yeah
|c|☆PU11 Kingston9629|oh ff
|
|t:|1662215384
|move|p1a: Uxie|Nasty Plot|p1a: Uxie
|-boost|p1a: Uxie|spa|2
|move|p2a: Ferroseed|Leech Seed|p1a: Uxie
|-start|p1a: Uxie|move: Leech Seed
|
|-weather|Sandstorm|[upkeep]
|-damage|p1a: Uxie|82/100|[from] Sandstorm
|-heal|p1a: Uxie|88/100|[from] item: Leftovers
|-damage|p1a: Uxie|76/100|[from] Leech Seed|[of] p2a: Ferroseed
|upkeep
|turn|27
|
|t:|1662215393
|move|p1a: Uxie|Thunderbolt|p2a: Ferroseed
|-resisted|p2a: Ferroseed
|-damage|p2a: Ferroseed|61/100
|move|p2a: Ferroseed|Gyro Ball|p1a: Uxie
|-damage|p1a: Uxie|51/100
|
|-weather|Sandstorm|[upkeep]
|-damage|p1a: Uxie|45/100|[from] Sandstorm
|-heal|p1a: Uxie|51/100|[from] item: Leftovers
|-damage|p1a: Uxie|39/100|[from] Leech Seed|[of] p2a: Ferroseed
|-heal|p2a: Ferroseed|76/100|[silent]
|upkeep
|turn|28
|c|☆PU11 Kingston9629|ferro is a god
|c|☆RendeCador|and i don't have a freakin fire move on this build
|c|☆RendeCador|this crap ass
|c|☆RendeCador|even without eviolite
|c|☆PU11 Kingston9629|lmao
|
|t:|1662215437
|switch|p1a: Audino|Audino, M|100/100
|-damage|p1a: Audino|84/100|[from] Spikes
|-damage|p1a: Audino|71/100|[from] Stealth Rock
|move|p2a: Ferroseed|Protect||[still]
|-fail|p2a: Ferroseed
|
|-weather|none
|-heal|p1a: Audino|78/100|[from] item: Leftovers
|upkeep
|turn|29
|
|t:|1662215447
|move|p1a: Audino|Thunder Wave|p2a: Ferroseed
|-status|p2a: Ferroseed|par
|cant|p2a: Ferroseed|par
|
|-heal|p1a: Audino|84/100|[from] item: Leftovers
|upkeep
|turn|30
|
|t:|1662215453
|move|p1a: Audino|Wish|p1a: Audino
|cant|p2a: Ferroseed|par
|
|-heal|p1a: Audino|90/100|[from] item: Leftovers
|upkeep
|turn|31
|c|☆PU11 Kingston9629|not the yellow color
|c|☆PU11 Kingston9629|NOT THE WISH
|
|t:|1662215459
|move|p1a: Audino|Heal Bell|p1a: Audino
|-activate|p1a: Audino|move: Heal Bell
|-curestatus|p1: Claydol|tox|[msg]
|cant|p2a: Ferroseed|par
|
|-heal|p1a: Audino|100/100|[from] move: Wish|[wisher] Audino
|upkeep
|turn|32
|c|☆RendeCador|wow
|c|☆RendeCador|wtf is happening
|
|t:|1662215470
|move|p1a: Audino|Wish|p1a: Audino
|cant|p2a: Ferroseed|par
|
|upkeep
|turn|33
|c|☆RendeCador|???
|
|t:|1662215479
|switch|p1a: Claydol|Claydol|35/100
|-damage|p1a: Claydol|29/100|[from] Stealth Rock
|move|p2a: Ferroseed|Leech Seed|p1a: Claydol
|-start|p1a: Claydol|move: Leech Seed
|
|-heal|p1a: Claydol|92/100|[from] move: Wish|[wisher] Audino
|-damage|p1a: Claydol|80/100|[from] Leech Seed|[of] p2a: Ferroseed
|-heal|p2a: Ferroseed|90/100 par|[silent]
|upkeep
|turn|34
|
|t:|1662215491
|switch|p2a: Jellicent|Jellicent, M|62/100
|move|p1a: Claydol|Earth Power|p2a: Jellicent
|-damage|p2a: Jellicent|36/100
|
|-damage|p1a: Claydol|67/100|[from] Leech Seed|[of] p2a: Jellicent
|-heal|p2a: Jellicent|46/100|[silent]
|upkeep
|turn|35
|
|t:|1662215504
|switch|p1a: Stoutland|Stoutland, F, shiny|94/100
|-damage|p1a: Stoutland|78/100|[from] Spikes
|-damage|p1a: Stoutland|65/100|[from] Stealth Rock
|-ability|p1a: Stoutland|Intimidate|boost
|-unboost|p2a: Jellicent|atk|1
|move|p2a: Jellicent|Recover|p2a: Jellicent
|-heal|p2a: Jellicent|96/100
|
|-heal|p1a: Stoutland|72/100|[from] item: Leftovers
|upkeep
|turn|36
|
|t:|1662215516
|switch|p2a: Gigalith|Gigalith, M|75/100 brn
|-weather|Sandstorm|[from] ability: Sand Stream|[of] p2a: Gigalith
|move|p1a: Stoutland|Toxic||[still]
|-fail|p1a: Stoutland
|
|-weather|Sandstorm|[upkeep]
|-damage|p1a: Stoutland|65/100|[from] Sandstorm
|-heal|p1a: Stoutland|72/100|[from] item: Leftovers
|-heal|p2a: Gigalith|81/100 brn|[from] item: Leftovers
|-damage|p2a: Gigalith|75/100 brn|[from] brn
|upkeep
|turn|37
|
|t:|1662215531
|move|p1a: Stoutland|Crunch|p2a: Gigalith
|-damage|p2a: Gigalith|56/100 brn
|move|p2a: Gigalith|Rock Blast|p1a: Stoutland|[miss]
|-miss|p2a: Gigalith|p1a: Stoutland
|
|-weather|Sandstorm|[upkeep]
|-damage|p1a: Stoutland|65/100|[from] Sandstorm
|-heal|p1a: Stoutland|72/100|[from] item: Leftovers
|-heal|p2a: Gigalith|62/100 brn|[from] item: Leftovers
|-damage|p2a: Gigalith|56/100 brn|[from] brn
|upkeep
|turn|38
|
|t:|1662215541
|switch|p2a: Ferroseed|Ferroseed, M|90/100 par
|move|p1a: Stoutland|Crunch|p2a: Ferroseed
|-damage|p2a: Ferroseed|67/100 par
|-damage|p1a: Stoutland|59/100|[from] ability: Iron Barbs|[of] p2a: Ferroseed
|
|-weather|Sandstorm|[upkeep]
|-damage|p1a: Stoutland|53/100|[from] Sandstorm
|-heal|p1a: Stoutland|59/100|[from] item: Leftovers
|upkeep
|turn|39
|
|t:|1662215577
|switch|p1a: Audino|Audino, M|100/100
|-damage|p1a: Audino|84/100|[from] Spikes
|-damage|p1a: Audino|71/100|[from] Stealth Rock
|move|p2a: Ferroseed|Leech Seed|p1a: Audino
|-start|p1a: Audino|move: Leech Seed
|
|-weather|Sandstorm|[upkeep]
|-damage|p1a: Audino|65/100|[from] Sandstorm
|-heal|p1a: Audino|71/100|[from] item: Leftovers
|-damage|p1a: Audino|59/100|[from] Leech Seed|[of] p2a: Ferroseed
|-heal|p2a: Ferroseed|84/100 par|[silent]
|upkeep
|turn|40
|
|t:|1662215593
|move|p1a: Audino|Wish|p1a: Audino
|move|p2a: Ferroseed|Spikes|p1a: Audino
|-sidestart|p1: RendeCador|Spikes
|
|-weather|none
|-heal|p1a: Audino|65/100|[from] item: Leftovers
|-damage|p1a: Audino|53/100|[from] Leech Seed|[of] p2a: Ferroseed
|-heal|p2a: Ferroseed|100/100 par|[silent]
|upkeep
|turn|41
|
|t:|1662215633
|switch|p1a: Claydol|Claydol|67/100
|-damage|p1a: Claydol|61/100|[from] Stealth Rock
|move|p2a: Ferroseed|Leech Seed|p1a: Claydol
|-start|p1a: Claydol|move: Leech Seed
|
|-heal|p1a: Claydol|100/100|[from] move: Wish|[wisher] Audino
|-damage|p1a: Claydol|88/100|[from] Leech Seed|[of] p2a: Ferroseed
|upkeep
|turn|42
|
|t:|1662215643
|switch|p2a: Jellicent|Jellicent, M|96/100
|move|p1a: Claydol|Calm Mind|p1a: Claydol
|-boost|p1a: Claydol|spa|1
|-boost|p1a: Claydol|spd|1
|
|-damage|p1a: Claydol|76/100|[from] Leech Seed|[of] p2a: Jellicent
|-heal|p2a: Jellicent|100/100|[silent]
|upkeep
|turn|43
|inactive|Battle timer is ON: inactive players will automatically lose when time's up. (requested by PU11 Kingston9629)
|
|t:|1662215668
|switch|p1a: Audino|Audino, M|86/100
|-damage|p1a: Audino|61/100|[from] Spikes
|-damage|p1a: Audino|49/100|[from] Stealth Rock
|move|p2a: Jellicent|Will-O-Wisp|p1a: Audino
|-status|p1a: Audino|brn
|
|-heal|p1a: Audino|55/100 brn|[from] item: Leftovers
|-damage|p1a: Audino|49/100 brn|[from] brn
|upkeep
|turn|44
|
|t:|1662215696
|move|p2a: Jellicent|Taunt|p1a: Audino
|-start|p1a: Audino|move: Taunt
|cant|p1a: Audino|move: Taunt|Wish
|
|-heal|p1a: Audino|55/100 brn|[from] item: Leftovers
|-damage|p1a: Audino|49/100 brn|[from] brn
|upkeep
|turn|45
|
|t:|1662215703
|move|p2a: Jellicent|Hex|p1a: Audino
|-immune|p1a: Audino
|move|p1a: Audino|Knock Off|p2a: Jellicent
|-supereffective|p2a: Jellicent
|-damage|p2a: Jellicent|89/100
|-enditem|p2a: Jellicent|Heavy-Duty Boots|[from] move: Knock Off|[of] p1a: Audino
|
|-heal|p1a: Audino|55/100 brn|[from] item: Leftovers
|-damage|p1a: Audino|49/100 brn|[from] brn
|upkeep
|turn|46
|
|t:|1662215720
|switch|p2a: Quagsire|Quagsire, F|29/100
|move|p1a: Audino|Knock Off|p2a: Quagsire
|-damage|p2a: Quagsire|24/100
|-enditem|p2a: Quagsire|Heavy-Duty Boots|[from] move: Knock Off|[of] p1a: Audino
|
|-heal|p1a: Audino|55/100 brn|[from] item: Leftovers
|-damage|p1a: Audino|49/100 brn|[from] brn
|-end|p1a: Audino|move: Taunt
|upkeep
|turn|47
|
|t:|1662215732
|move|p1a: Audino|Wish|p1a: Audino
|move|p2a: Quagsire|Recover|p2a: Quagsire
|-heal|p2a: Quagsire|74/100
|
|-heal|p1a: Audino|55/100 brn|[from] item: Leftovers
|-damage|p1a: Audino|49/100 brn|[from] brn
|upkeep
|turn|48
|c|☆PU11 Kingston9629|bro
|c|☆PU11 Kingston9629|can you do me a favour
|
|t:|1662215749
|switch|p1a: Stoutland|Stoutland, F, shiny|59/100
|-damage|p1a: Stoutland|34/100|[from] Spikes
|-damage|p1a: Stoutland|22/100|[from] Stealth Rock
|-ability|p1a: Stoutland|Intimidate|boost
|-unboost|p2a: Quagsire|atk|1
|move|p2a: Quagsire|Toxic|p1a: Stoutland
|-status|p1a: Stoutland|tox
|
|-heal|p1a: Stoutland|77/100 tox|[from] move: Wish|[wisher] Audino
|-heal|p1a: Stoutland|83/100 tox|[from] item: Leftovers
|-damage|p1a: Stoutland|77/100 tox|[from] psn
|upkeep
|turn|49
|c|☆RendeCador|?
|c|☆PU11 Kingston9629|can you forfeit
|c|☆PU11 Kingston9629|I gtg
|
|t:|1662215763
|switch|p2a: Ferroseed|Ferroseed, M|100/100 par
|move|p1a: Stoutland|Facade|p2a: Ferroseed
|-resisted|p2a: Ferroseed
|-damage|p2a: Ferroseed|67/100 par
|-damage|p1a: Stoutland|65/100 tox|[from] ability: Iron Barbs|[of] p2a: Ferroseed
|
|-heal|p1a: Stoutland|71/100 tox|[from] item: Leftovers
|-damage|p1a: Stoutland|59/100 tox|[from] psn
|upkeep
|turn|50
|c|☆RendeCador|honestly
|c|☆RendeCador|i was planning
|c|☆RendeCador|to
|c|☆PU11 Kingston9629|oh
|inactive|RendeCador has 120 seconds left.
|c|☆RendeCador|your team is just plain annoying
|c|☆RendeCador|i have no pleasure playing against this
|
|t:|1662215802
|switch|p2a: Jellicent|Jellicent, M|89/100
|move|p1a: Stoutland|Facade|p2a: Jellicent
|-immune|p2a: Jellicent
|
|-heal|p1a: Stoutland|65/100 tox|[from] item: Leftovers
|-damage|p1a: Stoutland|46/100 tox|[from] psn
|upkeep
|turn|51
|
|t:|1662215811
|move|p1a: Stoutland|Crunch|p2a: Jellicent
|-supereffective|p2a: Jellicent
|-damage|p2a: Jellicent|45/100
|move|p2a: Jellicent|Taunt|p1a: Stoutland
|-start|p1a: Stoutland|move: Taunt
|
|-heal|p1a: Stoutland|52/100 tox|[from] item: Leftovers
|-damage|p1a: Stoutland|28/100 tox|[from] psn
|upkeep
|turn|52
|
|t:|1662215819
|switch|p2a: Gigalith|Gigalith, M|56/100 brn
|-weather|Sandstorm|[from] ability: Sand Stream|[of] p2a: Gigalith
|move|p1a: Stoutland|Crunch|p2a: Gigalith
|-damage|p2a: Gigalith|36/100 brn
|-unboost|p2a: Gigalith|def|1
|
|-weather|Sandstorm|[upkeep]
|-damage|p1a: Stoutland|22/100 tox|[from] Sandstorm
|-heal|p1a: Stoutland|28/100 tox|[from] item: Leftovers
|-heal|p2a: Gigalith|42/100 brn|[from] item: Leftovers
|-damage|p1a: Stoutland|0 fnt|[from] psn
|faint|p1a: Stoutland
|-damage|p2a: Gigalith|36/100 brn|[from] brn
|upkeep
|
|t:|1662215833
|switch|p1a: Claydol|Claydol|76/100
|-damage|p1a: Claydol|70/100|[from] Stealth Rock
|turn|53
|
|t:|1662215841
|switch|p2a: Eldegoss|Eldegoss, F|100/100
|move|p1a: Claydol|Calm Mind|p1a: Claydol
|-boost|p1a: Claydol|spa|1
|-boost|p1a: Claydol|spd|1
|
|-weather|Sandstorm|[upkeep]
|-damage|p2a: Eldegoss|94/100|[from] Sandstorm
|upkeep
|turn|54
|inactive|RendeCador has 120 seconds left.
|
|t:|1662215850
|move|p1a: Claydol|Calm Mind|p1a: Claydol
|-boost|p1a: Claydol|spa|1
|-boost|p1a: Claydol|spd|1
|move|p2a: Eldegoss|Giga Drain|p1a: Claydol
|-supereffective|p1a: Claydol
|-damage|p1a: Claydol|49/100
|-heal|p2a: Eldegoss|100/100|[from] drain|[of] p1a: Claydol
|
|-weather|Sandstorm|[upkeep]
|-damage|p2a: Eldegoss|94/100|[from] Sandstorm
|upkeep
|turn|55
|c|☆PU11 Kingston9629|so are you not gonna forfeit
|
|t:|1662215859
|move|p1a: Claydol|Ice Beam|p2a: Eldegoss
|-supereffective|p2a: Eldegoss
|-damage|p2a: Eldegoss|10/100
|move|p2a: Eldegoss|Sleep Powder|p1a: Claydol
|-status|p1a: Claydol|slp|[from] move: Sleep Powder
|
|-weather|Sandstorm|[upkeep]
|-damage|p2a: Eldegoss|4/100|[from] Sandstorm
|upkeep
|turn|56
|
|t:|1662215869
|cant|p1a: Claydol|slp
|move|p2a: Eldegoss|Giga Drain|p1a: Claydol
|-supereffective|p1a: Claydol
|-damage|p1a: Claydol|30/100 slp
|-heal|p2a: Eldegoss|13/100|[from] drain|[of] p1a: Claydol
|
|-weather|none
|upkeep
|turn|57
|
|t:|1662215878
|-curestatus|p1a: Claydol|slp|[msg]
|move|p1a: Claydol|Ice Beam|p2a: Eldegoss
|-supereffective|p2a: Eldegoss
|-crit|p2a: Eldegoss
|-damage|p2a: Eldegoss|0 fnt
|faint|p2a: Eldegoss
|
|upkeep
|
|t:|1662215880
|switch|p2a: Audino|Audino, M|56/100
|turn|58
|
|t:|1662215887
|move|p1a: Claydol|Earth Power|p2a: Audino
|-damage|p2a: Audino|9/100
|move|p2a: Audino|Knock Off|p1a: Claydol
|-supereffective|p1a: Claydol
|-damage|p1a: Claydol|9/100
|
|upkeep
|turn|59
|
|t:|1662215892
|switch|p2a: Gigalith|Gigalith, M|36/100 brn
|-weather|Sandstorm|[from] ability: Sand Stream|[of] p2a: Gigalith
|move|p1a: Claydol|Earth Power|p2a: Gigalith
|-supereffective|p2a: Gigalith
|-crit|p2a: Gigalith
|-damage|p2a: Gigalith|0 fnt
|faint|p2a: Gigalith
|
|-weather|Sandstorm|[upkeep]
|upkeep
|
|t:|1662215896
|switch|p2a: Quagsire|Quagsire, F|74/100
|turn|60
|
|t:|1662215903
|move|p1a: Claydol|Earth Power|p2a: Quagsire
|-damage|p2a: Quagsire|35/100
|move|p2a: Quagsire|Scald|p1a: Claydol
|-supereffective|p1a: Claydol
|-damage|p1a: Claydol|0 fnt
|faint|p1a: Claydol
|
|-weather|Sandstorm|[upkeep]
|upkeep
|
|t:|1662215915
|switch|p1a: Mawile|Mawile, F, shiny|100/100
|-damage|p1a: Mawile|76/100|[from] Spikes
|-damage|p1a: Mawile|69/100|[from] Stealth Rock
|turn|61
|c|☆PU11 Kingston9629|bro I really gotta go
|
|t:|1662215920
|move|p1a: Mawile|Ice Punch|p2a: Quagsire
|-damage|p2a: Quagsire|16/100
|move|p2a: Quagsire|Recover|p2a: Quagsire
|-heal|p2a: Quagsire|66/100
|
|-weather|Sandstorm|[upkeep]
|upkeep
|turn|62
|
|t:|1662215928
|move|p1a: Mawile|Ice Punch|p2a: Quagsire
|-damage|p2a: Quagsire|47/100
|move|p2a: Quagsire|Earthquake|p1a: Mawile
|-supereffective|p1a: Mawile
|-damage|p1a: Mawile|0 fnt
|faint|p1a: Mawile
|
|-weather|Sandstorm|[upkeep]
|upkeep
|c|☆PU11 Kingston9629|I don't mean to be pushy
|c|☆PU11 Kingston9629|but
|
|t:|1662215939
|switch|p1a: Uxie|Uxie|39/100
|-damage|p1a: Uxie|26/100|[from] Stealth Rock
|turn|63
|
|t:|1662215949
|move|p1a: Uxie|Psyshock|p2a: Quagsire
|-damage|p2a: Quagsire|28/100
|move|p2a: Quagsire|Recover|p2a: Quagsire
|-heal|p2a: Quagsire|78/100
|
|-weather|none
|-heal|p1a: Uxie|32/100|[from] item: Leftovers
|upkeep
|turn|64
|c|☆RendeCador|take your win
|c|☆RendeCador|honestly
|c|☆RendeCador|it's just frustrating
|c|☆RendeCador|you played well
|c|☆RendeCador|but it just sucks
|c|☆PU11 Kingston9629|tysm bro have a good one
|c|☆RendeCador|this isn't a nice team
|inactive|RendeCador has 120 seconds left.
|-message|RendeCador forfeited.
|
|win|PU11 Kingston9629
|raw|RendeCador's rating: 1150 &rarr; <strong>1140</strong><br />(-10 for losing)
|raw|PU11 Kingston9629's rating: 1382 &rarr; <strong>1390</strong><br />(+8 for winning)
|l|☆RendeCador
||Ladder isn't responding, score probably updated but might not have (Request timeout).
