|raw|<div class="broadcast-blue"><strong>This battle is required to be public due to a player having a name starting with 'pult4c1'.</div>
|j|☆PULT4C1 Redemption
|j|☆PULT4C1 QiYu5
|t:|1660948602
|gametype|singles
|player|p1|PULT4C1 Redemption|#redemption|1404
|player|p2|PULT4C1 QiYu5|drayden|1639
|teamsize|p1|6
|teamsize|p2|6
|gen|8
|tier|[Gen 8] PU
|rated|
|rule|Sleep Clause Mod: Limit one foe put to sleep
|rule|Species Clause: Limit one of each Pokémon
|rule|OHKO Clause: OHKO moves are banned
|rule|Evasion Items Clause: Evasion items are banned
|rule|Evasion Moves Clause: Evasion moves are banned
|rule|Endless Battle Clause: Forcing endless battles is banned
|rule|HP Percentage Mod: HP is shown in percentages
|rule|Dynamax Clause: You cannot dynamax
|clearpoke
|poke|p1|Archeops, M|
|poke|p1|Rapidash-Galar, M|
|poke|p1|Frosmoth, F|
|poke|p1|Doublade, F|
|poke|p1|Lycanroc, M|
|poke|p1|Charizard, F|
|poke|p2|Doublade, F|
|poke|p2|Gigalith, M|
|poke|p2|Absol, F|
|poke|p2|Mesprit|
|poke|p2|Weezing, M|
|poke|p2|Sandslash, F|
|teampreview
|j| PULT4C1 Carmin
|j| Delysse
|c|☆PULT4C1 Redemption|mature ça
|
|t:|1660948646
|start
|switch|p1a: Archeops|Archeops, M|100/100
|switch|p2a: 而你的脸就像田里熟透的蕃茄|Mesprit|100/100
|turn|1
|
|t:|1660948652
|move|p2a: 而你的脸就像田里熟透的蕃茄|Psychic|p1a: Archeops
|-crit|p1a: Archeops
|-enditem|p1a: Archeops|Focus Sash
|-damage|p1a: Archeops|1/100
|move|p1a: Archeops|Taunt|p2a: 而你的脸就像田里熟透的蕃茄
|-start|p2a: 而你的脸就像田里熟透的蕃茄|move: Taunt
|
|upkeep
|turn|2
|
|t:|1660948662
|switch|p2a: 死亡如风常伴吾身|Absol, F|100/100
|switch|p1a: Doublade|Doublade, F|100/100
|
|upkeep
|turn|3
|
|t:|1660948667
|move|p2a: 死亡如风常伴吾身|Knock Off|p1a: Doublade
|-supereffective|p1a: Doublade
|-damage|p1a: Doublade|19/100
|-enditem|p1a: Doublade|Eviolite|[from] move: Knock Off|[of] p2a: 死亡如风常伴吾身
|move|p1a: Doublade|Close Combat|p2a: 死亡如风常伴吾身
|-supereffective|p2a: 死亡如风常伴吾身
|-damage|p2a: 死亡如风常伴吾身|0 fnt
|-unboost|p1a: Doublade|def|1
|-unboost|p1a: Doublade|spd|1
|faint|p2a: 死亡如风常伴吾身
|
|upkeep
|j|+avarice
|l|+avarice
|j| Zephyyyr
|
|t:|1660948714
|switch|p2a: 而你的脸就像田里熟透的蕃茄|Mesprit|100/100
|turn|4
|
|t:|1660948721
|switch|p1a: Archeops|Archeops, M|1/100
|move|p2a: 而你的脸就像田里熟透的蕃茄|Psychic|p1a: Archeops
|-damage|p1a: Archeops|0 fnt
|faint|p1a: Archeops
|
|upkeep
|c| Zephyyyr|Redemption Huge Fan
|c|☆PULT4C1 Redemption|same
|inactive|Battle timer is ON: inactive players will automatically lose when time's up. (requested by PULT4C1 QiYu5)
|
|t:|1660948763
|switch|p1a: Rapidash|Rapidash-Galar, M|100/100
|turn|5
|
|t:|1660948768
|switch|p2a: 女人只会影响我拔剑的速度|Doublade, F|100/100
|switch|p1a: Charizard|Charizard, F|100/100
|
|upkeep
|turn|6
|
|t:|1660948777
|switch|p2a: 全集中岩之呼吸|Gigalith, M|100/100
|-weather|Sandstorm|[from] ability: Sand Stream|[of] p2a: 全集中岩之呼吸
|move|p1a: Charizard|Belly Drum|p1a: Charizard
|-damage|p1a: Charizard|50/100
|-setboost|p1a: Charizard|atk|6|[from] move: Belly Drum
|
|-weather|Sandstorm|[upkeep]
|-damage|p1a: Charizard|44/100|[from] Sandstorm
|upkeep
|turn|7
|
|t:|1660948789
|switch|p2a: 而你的脸就像田里熟透的蕃茄|Mesprit|100/100
|move|p1a: Charizard|Earthquake|p2a: 而你的脸就像田里熟透的蕃茄
|-immune|p2a: 而你的脸就像田里熟透的蕃茄|[from] ability: Levitate
|
|-weather|Sandstorm|[upkeep]
|-damage|p2a: 而你的脸就像田里熟透的蕃茄|95/100|[from] Sandstorm
|-damage|p1a: Charizard|38/100|[from] Sandstorm
|upkeep
|turn|8
|
|t:|1660948798
|move|p2a: 而你的脸就像田里熟透的蕃茄|Psychic|p1a: Charizard
|-damage|p1a: Charizard|0 fnt
|faint|p1a: Charizard
|
|-weather|Sandstorm|[upkeep]
|-damage|p2a: 而你的脸就像田里熟透的蕃茄|89/100|[from] Sandstorm
|upkeep
|
|t:|1660948819
|switch|p1a: Rapidash|Rapidash-Galar, M|100/100
|turn|9
|
|t:|1660948822
|switch|p2a: 女人只会影响我拔剑的速度|Doublade, F|100/100
|move|p1a: Rapidash|High Horsepower|p2a: 女人只会影响我拔剑的速度
|-supereffective|p2a: 女人只会影响我拔剑的速度
|-damage|p2a: 女人只会影响我拔剑的速度|67/100
|-damage|p1a: Rapidash|91/100|[from] item: Life Orb
|
|-weather|Sandstorm|[upkeep]
|-damage|p1a: Rapidash|85/100|[from] Sandstorm
|upkeep
|turn|10
|
|t:|1660948835
|move|p1a: Rapidash|High Horsepower|p2a: 女人只会影响我拔剑的速度
|-supereffective|p2a: 女人只会影响我拔剑的速度
|-damage|p2a: 女人只会影响我拔剑的速度|29/100
|-damage|p1a: Rapidash|75/100|[from] item: Life Orb
|move|p2a: 女人只会影响我拔剑的速度|Iron Head|p1a: Rapidash
|-supereffective|p1a: Rapidash
|-damage|p1a: Rapidash|0 fnt
|faint|p1a: Rapidash
|
|-weather|Sandstorm|[upkeep]
|upkeep
|
|t:|1660948842
|switch|p1a: Doublade|Doublade, F|19/100
|turn|11
|
|t:|1660948844
|move|p1a: Doublade|Shadow Sneak|p2a: 女人只会影响我拔剑的速度
|-supereffective|p2a: 女人只会影响我拔剑的速度
|-damage|p2a: 女人只会影响我拔剑的速度|9/100
|move|p2a: 女人只会影响我拔剑的速度|Shadow Sneak|p1a: Doublade
|-supereffective|p1a: Doublade
|-damage|p1a: Doublade|0 fnt
|faint|p1a: Doublade
|
|-weather|Sandstorm|[upkeep]
|upkeep
|
|t:|1660948847
|switch|p1a: Lycanroc|Lycanroc, M|100/100
|turn|12
|
|t:|1660948850
|move|p1a: Lycanroc|Stone Edge|p2a: 女人只会影响我拔剑的速度
|-resisted|p2a: 女人只会影响我拔剑的速度
|-damage|p2a: 女人只会影响我拔剑的速度|0 fnt
|faint|p2a: 女人只会影响我拔剑的速度
|-damage|p1a: Lycanroc|91/100|[from] item: Life Orb
|
|-weather|Sandstorm|[upkeep]
|upkeep
|
|t:|1660948865
|switch|p2a: 兄弟我们就像是山头滚落的石子|Sandslash, F|100/100
|turn|13
|
|t:|1660948872
|move|p1a: Lycanroc|Close Combat|p2a: 兄弟我们就像是山头滚落的石子
|-damage|p2a: 兄弟我们就像是山头滚落的石子|50/100
|-unboost|p1a: Lycanroc|def|1
|-unboost|p1a: Lycanroc|spd|1
|-damage|p1a: Lycanroc|81/100|[from] item: Life Orb
|move|p2a: 兄弟我们就像是山头滚落的石子|Earthquake|p1a: Lycanroc
|-supereffective|p1a: Lycanroc
|-damage|p1a: Lycanroc|0 fnt
|faint|p1a: Lycanroc
|-damage|p2a: 兄弟我们就像是山头滚落的石子|40/100|[from] item: Life Orb
|
|-weather|none
|upkeep
|
|t:|1660948875
|switch|p1a: Frosmoth|Frosmoth, F|100/100
|turn|14
|
|t:|1660948878
|move|p2a: 兄弟我们就像是山头滚落的石子|Stone Edge|p1a: Frosmoth
|-supereffective|p1a: Frosmoth
|-damage|p1a: Frosmoth|0 fnt
|faint|p1a: Frosmoth
|-damage|p2a: 兄弟我们就像是山头滚落的石子|30/100|[from] item: Life Orb
|
|win|PULT4C1 QiYu5
|raw|PULT4C1 Redemption's rating: 1404 &rarr; <strong>1396</strong><br />(-8 for losing)
|raw|PULT4C1 QiYu5's rating: 1639 &rarr; <strong>1647</strong><br />(+8 for winning)
|l|☆PULT4C1 QiYu5
|j|☆PULT4C1 QiYu5
|player|p2|PULT4C1 QiYu5|drayden
||Ladder isn't responding, score probably updated but might not have (Request timeout).
|l| PULT4C1 Carmin
|l|☆PULT4C1 QiYu5
|player|p2|
|l| Zephyyyr
|j| PULT4C1 Haffling
|j|☆PULT4C1 QiYu5
|player|p2|PULT4C1 QiYu5|drayden
|l|☆PULT4C1 QiYu5
|player|p2|
|l| PULT4C1 Haffling
|l|☆PULT4C1 Redemption
|j| turtledoggo1
|l| turtledoggo1
