|j|☆Haffling
|j|☆acluh1
|t:|1667600546
|gametype|singles
|player|p1|Haffling|cyrus|
|player|p2|acluh1|karen|
|teamsize|p1|6
|teamsize|p2|6
|gen|8
|tier|[Gen 8] PU
|rated|Tournament battle
|rule|Sleep Clause Mod: Limit one foe put to sleep
|rule|Species Clause: Limit one of each Pokémon
|rule|OHKO Clause: OHKO moves are banned
|rule|Evasion Items Clause: Evasion items are banned
|rule|Evasion Moves Clause: Evasion moves are banned
|rule|Endless Battle Clause: Forcing endless battles is banned
|rule|HP Percentage Mod: HP is shown in percentages
|rule|Dynamax Clause: You cannot dynamax
|clearpoke
|poke|p1|Magmortar, M|
|poke|p1|Wishiwashi, M|
|poke|p1|Trevenant, M|
|poke|p1|Garbodor, F|
|poke|p1|Comfey, M|
|poke|p1|Gigalith, F|
|poke|p2|Charizard, M|
|poke|p2|Doublade, F|
|poke|p2|Gigalith, M|
|poke|p2|Ribombee, F|
|poke|p2|Sandslash, F|
|poke|p2|Scrafty, F|
|teampreview
|inactive|Battle timer is ON: inactive players will automatically lose when time's up. (requested by acluh1)
|c|☆acluh1|gl
|c|☆Haffling|hf
|
|t:|1667600562
|start
|switch|p1a: Garbodor|Garbodor, F|100/100
|switch|p2a: Sandslash|Sandslash, F|100/100
|turn|1
|
|t:|1667600567
|switch|p1a: Wishiwashi|Wishiwashi, M|100/100
|-formechange|p1a: Wishiwashi|Wishiwashi-School||[from] ability: Schooling
|move|p2a: Sandslash|Earthquake|p1a: Wishiwashi
|-damage|p1a: Wishiwashi|70/100
|
|-heal|p1a: Wishiwashi|76/100|[from] item: Leftovers
|upkeep
|turn|2
|
|t:|1667600592
|switch|p2a: Scrafty|Scrafty, F|100/100
|move|p1a: Wishiwashi|Scald|p2a: Scrafty
|-crit|p2a: Scrafty
|-damage|p2a: Scrafty|43/100
|
|-heal|p1a: Wishiwashi|82/100|[from] item: Leftovers
|upkeep
|turn|3
|
|t:|1667600603
|switch|p1a: Comfey|Comfey, M, shiny|100/100
|move|p2a: Scrafty|Knock Off|p1a: Comfey
|-resisted|p1a: Comfey
|-crit|p1a: Comfey
|-damage|p1a: Comfey|62/100
|-enditem|p1a: Comfey|Heavy-Duty Boots|[from] move: Knock Off|[of] p2a: Scrafty
|
|upkeep
|turn|4
|j|+astralydia
|
|t:|1667600625
|switch|p2a: Charizard|Charizard, M, shiny|100/100
|move|p1a: Comfey|U-turn|p2a: Charizard
|-resisted|p2a: Charizard
|-damage|p2a: Charizard|98/100
|inactive|Haffling has 120 seconds left.
|
|t:|1667600663
|switch|p1a: Gigalith|Gigalith, F|100/100|[from]move: U-turn
|-weather|Sandstorm|[from] ability: Sand Stream|[of] p1a: Gigalith
|
|-weather|Sandstorm|[upkeep]
|-damage|p2a: Charizard|92/100|[from] Sandstorm
|upkeep
|turn|5
|
|t:|1667600679
|switch|p2a: Doublade|Doublade, F|100/100
|switch|p1a: Trevenant|Trevenant, M|100/100
|
|-weather|Sandstorm|[upkeep]
|-damage|p1a: Trevenant|94/100|[from] Sandstorm
|upkeep
|turn|6
|
|t:|1667600683
|move|p1a: Trevenant|Poltergeist|p2a: Doublade
|-activate|p2a: Doublade|move: Poltergeist|Eviolite
|-supereffective|p2a: Doublade
|-damage|p2a: Doublade|10/100
|move|p2a: Doublade|Shadow Claw|p1a: Trevenant
|-supereffective|p1a: Trevenant
|-damage|p1a: Trevenant|0 fnt
|faint|p1a: Trevenant
|
|-weather|Sandstorm|[upkeep]
|upkeep
|
|t:|1667600688
|switch|p1a: Garbodor|Garbodor, F|100/100
|turn|7
|
|t:|1667600692
|move|p1a: Garbodor|Toxic Spikes|p2a: Doublade
|-sidestart|p2: acluh1|move: Toxic Spikes
|move|p2a: Doublade|Shadow Claw|p1a: Garbodor
|-damage|p1a: Garbodor|70/100
|-damage|p2a: Doublade|0 fnt|[from] item: Rocky Helmet|[of] p1a: Garbodor
|faint|p2a: Doublade
|
|-weather|Sandstorm|[upkeep]
|-damage|p1a: Garbodor|64/100|[from] Sandstorm
|upkeep
|j| Generation10
|
|t:|1667600701
|switch|p2a: Charizard|Charizard, M, shiny|92/100
|turn|8
|
|t:|1667600705
|switch|p1a: Gigalith|Gigalith, F|100/100
|move|p2a: Charizard|Fire Blast|p1a: Gigalith
|-resisted|p1a: Gigalith
|-crit|p1a: Gigalith
|-damage|p1a: Gigalith|81/100
|
|-weather|none
|-heal|p1a: Gigalith|87/100|[from] item: Leftovers
|upkeep
|turn|9
|
|t:|1667600709
|switch|p2a: Sandslash|Sandslash, F|100/100
|-status|p2a: Sandslash|psn
|move|p1a: Gigalith|Rock Blast|p2a: Sandslash
|-resisted|p2a: Sandslash
|-damage|p2a: Sandslash|96/100 psn
|-resisted|p2a: Sandslash
|-damage|p2a: Sandslash|93/100 psn
|-resisted|p2a: Sandslash
|-damage|p2a: Sandslash|89/100 psn
|-resisted|p2a: Sandslash
|-crit|p2a: Sandslash
|-damage|p2a: Sandslash|84/100 psn
|-hitcount|p2a: Sandslash|4
|
|-heal|p2a: Sandslash|90/100 psn|[from] item: Leftovers
|-heal|p1a: Gigalith|93/100|[from] item: Leftovers
|-damage|p2a: Sandslash|77/100 psn|[from] psn
|upkeep
|turn|10
|
|t:|1667600717
|move|p1a: Gigalith|Protect|p1a: Gigalith
|-singleturn|p1a: Gigalith|Protect
|move|p2a: Sandslash|Rapid Spin|p1a: Gigalith
|-activate|p1a: Gigalith|move: Protect
|
|-heal|p2a: Sandslash|84/100 psn|[from] item: Leftovers
|-heal|p1a: Gigalith|99/100|[from] item: Leftovers
|-damage|p2a: Sandslash|71/100 psn|[from] psn
|upkeep
|turn|11
|
|t:|1667600721
|move|p2a: Sandslash|Rapid Spin|p1a: Gigalith
|-resisted|p1a: Gigalith
|-damage|p1a: Gigalith|95/100
|-boost|p2a: Sandslash|spe|1
|-sideend|p2: acluh1|Toxic Spikes|[from] move: Rapid Spin|[of] p2a: Sandslash
|move|p1a: Gigalith|Stealth Rock|p2a: Sandslash
|-sidestart|p2: acluh1|move: Stealth Rock
|
|-heal|p2a: Sandslash|77/100 psn|[from] item: Leftovers
|-heal|p1a: Gigalith|100/100|[from] item: Leftovers
|-damage|p2a: Sandslash|65/100 psn|[from] psn
|upkeep
|turn|12
|
|t:|1667600730
|move|p2a: Sandslash|Spikes|p1a: Gigalith
|-sidestart|p1: Haffling|Spikes
|move|p1a: Gigalith|Earthquake|p2a: Sandslash
|-damage|p2a: Sandslash|44/100 psn
|
|-heal|p2a: Sandslash|50/100 psn|[from] item: Leftovers
|-damage|p2a: Sandslash|38/100 psn|[from] psn
|upkeep
|turn|13
|
|t:|1667600735
|move|p2a: Sandslash|Knock Off|p1a: Gigalith
|-damage|p1a: Gigalith|83/100
|-enditem|p1a: Gigalith|Leftovers|[from] move: Knock Off|[of] p2a: Sandslash
|move|p1a: Gigalith|Earthquake|p2a: Sandslash
|-damage|p2a: Sandslash|17/100 psn
|
|-heal|p2a: Sandslash|23/100 psn|[from] item: Leftovers
|-damage|p2a: Sandslash|10/100 psn|[from] psn
|upkeep
|turn|14
|
|t:|1667600746
|move|p1a: Gigalith|Protect|p1a: Gigalith
|-singleturn|p1a: Gigalith|Protect
|move|p2a: Sandslash|Spikes|p1a: Gigalith
|-sidestart|p1: Haffling|Spikes
|
|-heal|p2a: Sandslash|17/100 psn|[from] item: Leftovers
|-damage|p2a: Sandslash|4/100 psn|[from] psn
|upkeep
|turn|15
|
|t:|1667600758
|switch|p1a: Comfey|Comfey, M, shiny|62/100
|-damage|p1a: Comfey|46/100|[from] Spikes
|move|p2a: Sandslash|Rapid Spin|p1a: Comfey
|-damage|p1a: Comfey|31/100
|-boost|p2a: Sandslash|spe|1
|-sideend|p2: acluh1|Stealth Rock|[from] move: Rapid Spin|[of] p2a: Sandslash
|
|-heal|p2a: Sandslash|10/100 psn|[from] item: Leftovers
|-damage|p2a: Sandslash|0 fnt|[from] psn
|faint|p2a: Sandslash
|upkeep
|
|t:|1667600763
|switch|p2a: Ribombee|Ribombee, F, shiny|100/100
|turn|16
|
|t:|1667600770
|move|p2a: Ribombee|Psychic|p1a: Comfey
|-damage|p1a: Comfey|0 fnt
|faint|p1a: Comfey
|
|upkeep
|
|t:|1667600774
|switch|p1a: Magmortar|Magmortar, M|100/100
|turn|17
|
|t:|1667600782
|move|p2a: Ribombee|Psychic|p1a: Magmortar
|-crit|p1a: Magmortar
|-damage|p1a: Magmortar|32/100
|move|p1a: Magmortar|Flamethrower|p2a: Ribombee
|-supereffective|p2a: Ribombee
|-damage|p2a: Ribombee|0 fnt
|faint|p2a: Ribombee
|
|upkeep
|
|t:|1667600793
|switch|p2a: Charizard|Charizard, M, shiny|92/100
|turn|18
|
|t:|1667600798
|move|p2a: Charizard|Toxic|p1a: Magmortar
|-status|p1a: Magmortar|tox
|move|p1a: Magmortar|Thunderbolt|p2a: Charizard
|-supereffective|p2a: Charizard
|-damage|p2a: Charizard|8/100
|-status|p2a: Charizard|par
|
|-damage|p1a: Magmortar|26/100 tox|[from] psn
|upkeep
|turn|19
|
|t:|1667600810
|move|p1a: Magmortar|Flamethrower|p2a: Charizard
|-resisted|p2a: Charizard
|-damage|p2a: Charizard|0 fnt
|faint|p2a: Charizard
|
|-damage|p1a: Magmortar|14/100 tox|[from] psn
|upkeep
|
|t:|1667600812
|switch|p2a: Gigalith|Gigalith, M, shiny|100/100
|-weather|Sandstorm|[from] ability: Sand Stream|[of] p2a: Gigalith
|turn|20
|
|t:|1667600817
|move|p2a: Gigalith|Protect|p2a: Gigalith
|-singleturn|p2a: Gigalith|Protect
|move|p1a: Magmortar|Scorching Sands|p2a: Gigalith
|-activate|p2a: Gigalith|move: Protect
|
|-weather|Sandstorm|[upkeep]
|-damage|p1a: Magmortar|7/100 tox|[from] Sandstorm
|-damage|p1a: Magmortar|0 fnt|[from] psn
|faint|p1a: Magmortar
|upkeep
|
|t:|1667600824
|switch|p1a: Wishiwashi|Wishiwashi, M|82/100
|-damage|p1a: Wishiwashi|65/100|[from] Spikes
|-formechange|p1a: Wishiwashi|Wishiwashi-School||[from] ability: Schooling
|turn|21
|
|t:|1667600833
|move|p1a: Wishiwashi|Scald|p2a: Gigalith
|-supereffective|p2a: Gigalith
|-damage|p2a: Gigalith|60/100
|-status|p2a: Gigalith|brn
|move|p2a: Gigalith|Rock Blast|p1a: Wishiwashi
|-damage|p1a: Wishiwashi|60/100
|-damage|p1a: Wishiwashi|55/100
|-hitcount|p1a: Wishiwashi|2
|
|-weather|Sandstorm|[upkeep]
|-damage|p1a: Wishiwashi|48/100|[from] Sandstorm
|-heal|p2a: Gigalith|66/100 brn|[from] item: Leftovers
|-heal|p1a: Wishiwashi|55/100|[from] item: Leftovers
|-damage|p2a: Gigalith|60/100 brn|[from] brn
|upkeep
|turn|22
|
|t:|1667600841
|move|p2a: Gigalith|Stealth Rock|p1a: Wishiwashi
|-sidestart|p1: Haffling|move: Stealth Rock
|move|p1a: Wishiwashi|Scald|p2a: Gigalith
|-supereffective|p2a: Gigalith
|-damage|p2a: Gigalith|20/100 brn
|
|-weather|Sandstorm|[upkeep]
|-damage|p1a: Wishiwashi|48/100|[from] Sandstorm
|-heal|p1a: Wishiwashi|55/100|[from] item: Leftovers
|-heal|p2a: Gigalith|26/100 brn|[from] item: Leftovers
|-damage|p2a: Gigalith|20/100 brn|[from] brn
|upkeep
|turn|23
|
|t:|1667600845
|move|p2a: Gigalith|Rock Blast|p1a: Wishiwashi
|-damage|p1a: Wishiwashi|49/100
|-damage|p1a: Wishiwashi|44/100
|-damage|p1a: Wishiwashi|39/100
|-hitcount|p1a: Wishiwashi|3
|move|p1a: Wishiwashi|Scald|p2a: Gigalith
|-supereffective|p2a: Gigalith
|-damage|p2a: Gigalith|0 fnt
|faint|p2a: Gigalith
|
|-weather|Sandstorm|[upkeep]
|-damage|p1a: Wishiwashi|33/100|[from] Sandstorm
|-heal|p1a: Wishiwashi|39/100|[from] item: Leftovers
|upkeep
|
|t:|1667600856
|switch|p2a: Scrafty|Scrafty, F|43/100
|turn|24
|
|t:|1667600861
|move|p2a: Scrafty|Close Combat|p1a: Wishiwashi
|-crit|p1a: Wishiwashi
|-damage|p1a: Wishiwashi|0 fnt
|-unboost|p2a: Scrafty|def|1
|-unboost|p2a: Scrafty|spd|1
|faint|p1a: Wishiwashi
|-ability|p2a: Scrafty|Moxie|boost
|-boost|p2a: Scrafty|atk|1
|
|-weather|none
|upkeep
|
|t:|1667600863
|switch|p1a: Garbodor|Garbodor, F|64/100
|-damage|p1a: Garbodor|48/100|[from] Spikes
|-damage|p1a: Garbodor|36/100|[from] Stealth Rock
|turn|25
|
|t:|1667600867
|move|p2a: Scrafty|Knock Off|p1a: Garbodor
|-damage|p1a: Garbodor|0 fnt
|-damage|p2a: Scrafty|18/100|[from] ability: Aftermath|[of] p1a: Garbodor
|-damage|p2a: Scrafty|2/100|[from] item: Rocky Helmet|[of] p1a: Garbodor
|-enditem|p1a: Garbodor|Rocky Helmet|[from] move: Knock Off|[of] p2a: Scrafty
|faint|p1a: Garbodor
|-ability|p2a: Scrafty|Moxie|boost
|-boost|p2a: Scrafty|atk|1
|
|upkeep
|
|t:|1667600869
|switch|p1a: Gigalith|Gigalith, F|83/100
|-damage|p1a: Gigalith|67/100|[from] Spikes
|-damage|p1a: Gigalith|55/100|[from] Stealth Rock
|-weather|Sandstorm|[from] ability: Sand Stream|[of] p1a: Gigalith
|turn|26
|
|t:|1667600871
|move|p1a: Gigalith|Protect|p1a: Gigalith
|-singleturn|p1a: Gigalith|Protect
|move|p2a: Scrafty|Close Combat|p1a: Gigalith
|-activate|p1a: Gigalith|move: Protect
|
|-weather|Sandstorm|[upkeep]
|-damage|p2a: Scrafty|0 fnt|[from] Sandstorm
|faint|p2a: Scrafty
|
|win|Haffling
|upkeep
|n|☆Haffling|haffling
|n|☆acluh1|acluh1
|n|+astralydia|astralydia
|n| Generation10|generation10
