|j|☆GammaGoGamma
|j|☆Persona111
|t:|1635692308
|gametype|singles
|player|p1|GammaGoGamma|giovanni|1420
|player|p2|Persona111|ninjaboy|1468
|teamsize|p1|6
|teamsize|p2|6
|gen|8
|tier|[Gen 8] PU
|rated|
|rule|Sleep Clause Mod: Limit one foe put to sleep
|rule|Species Clause: Limit one of each Pokémon
|rule|OHKO Clause: OHKO moves are banned
|rule|Evasion Moves Clause: Evasion moves are banned
|rule|Endless Battle Clause: Forcing endless battles is banned
|rule|HP Percentage Mod: HP is shown in percentages
|rule|Dynamax Clause: You cannot dynamax
|clearpoke
|poke|p1|Jellicent, F|
|poke|p1|Gigalith, M|
|poke|p1|Charizard, F|
|poke|p1|Tsareena, F|
|poke|p1|Silvally-*|
|poke|p1|Togedemaru, M|
|poke|p2|Kabutops, F|
|poke|p2|Vikavolt, F|
|poke|p2|Spiritomb, F|
|poke|p2|Regirock|
|poke|p2|Charizard, M|
|poke|p2|Perrserker, F|
|teampreview
|inactive|Battle timer is ON: inactive players will automatically lose when time's up. (requested by GammaGoGamma)
|
|t:|1635692319
|start
|switch|p1a: Charizard|Charizard, F, shiny|100/100
|switch|p2a: Terezinha|Kabutops, F|100/100
|turn|1
|
|t:|1635692325
|switch|p1a: Jellicent|Jellicent, F|100/100
|move|p2a: Terezinha|Stealth Rock|p1a: Jellicent
|-sidestart|p1: GammaGoGamma|move: Stealth Rock
|
|upkeep
|turn|2
|j| ii77
|
|t:|1635692337
|switch|p2a: Tiagão|Vikavolt, F|100/100
|move|p1a: Jellicent|Will-O-Wisp|p2a: Tiagão
|-status|p2a: Tiagão|brn
|
|-damage|p2a: Tiagão|94/100 brn|[from] brn
|upkeep
|turn|3
|
|t:|1635692342
|switch|p1a: Togedemaru|Togedemaru, M|100/100
|-damage|p1a: Togedemaru|95/100|[from] Stealth Rock
|move|p2a: Tiagão|Bug Buzz|p1a: Togedemaru
|-resisted|p1a: Togedemaru
|-damage|p1a: Togedemaru|48/100
|
|-damage|p2a: Tiagão|88/100 brn|[from] brn
|upkeep
|turn|4
|
|t:|1635692346
|move|p1a: Togedemaru|U-turn|p2a: Tiagão
|-damage|p2a: Tiagão|68/100 brn
|
|t:|1635692348
|switch|p1a: Charizard|Charizard, F, shiny|100/100|[from]move: U-turn
|move|p2a: Tiagão|Bug Buzz|p1a: Charizard
|-resisted|p1a: Charizard
|-damage|p1a: Charizard|83/100
|
|-damage|p2a: Tiagão|62/100 brn|[from] brn
|upkeep
|turn|5
|
|t:|1635692354
|switch|p2a: Terezinha|Kabutops, F|100/100
|move|p1a: Charizard|Toxic|p2a: Terezinha
|-status|p2a: Terezinha|tox
|
|-damage|p2a: Terezinha|94/100 tox|[from] psn
|upkeep
|turn|6
|
|t:|1635692364
|switch|p1a: Jellicent|Jellicent, F|100/100
|-damage|p1a: Jellicent|88/100|[from] Stealth Rock
|switch|p2a: Maykola|Spiritomb, F|100/100
|
|upkeep
|turn|7
|
|t:|1635692379
|move|p1a: Jellicent|Taunt|p2a: Maykola
|-start|p2a: Maykola|move: Taunt
|cant|p2a: Maykola|move: Taunt|Trick
|
|upkeep
|turn|8
|
|t:|1635692390
|switch|p2a: Tiagão|Vikavolt, F|62/100 brn
|move|p1a: Jellicent|Hex|p2a: Tiagão
|-damage|p2a: Tiagão|32/100 brn
|
|-damage|p2a: Tiagão|26/100 brn|[from] brn
|upkeep
|turn|9
|
|t:|1635692402
|switch|p1a: Gigalith|Gigalith, M, shiny|100/100
|-damage|p1a: Gigalith|88/100|[from] Stealth Rock
|-weather|Sandstorm|[from] ability: Sand Stream|[of] p1a: Gigalith
|switch|p2a: Maykola|Spiritomb, F|100/100
|
|-weather|Sandstorm|[upkeep]
|-damage|p2a: Maykola|95/100|[from] Sandstorm
|-heal|p1a: Gigalith|94/100|[from] item: Leftovers
|upkeep
|turn|10
|
|t:|1635692407
|move|p1a: Gigalith|Protect|p1a: Gigalith
|-singleturn|p1a: Gigalith|Protect
|move|p2a: Maykola|Poltergeist|p1a: Gigalith
|-activate|p1a: Gigalith|move: Protect
|
|-weather|Sandstorm|[upkeep]
|-damage|p2a: Maykola|89/100|[from] Sandstorm
|-heal|p1a: Gigalith|100/100|[from] item: Leftovers
|upkeep
|turn|11
|
|t:|1635692415
|move|p2a: Maykola|Poltergeist|p1a: Gigalith
|-activate|p1a: Gigalith|move: Poltergeist|Leftovers
|-damage|p1a: Gigalith|48/100
|move|p1a: Gigalith|Stealth Rock|p2a: Maykola
|-sidestart|p2: Persona111|move: Stealth Rock
|
|-weather|Sandstorm|[upkeep]
|-damage|p2a: Maykola|83/100|[from] Sandstorm
|-heal|p1a: Gigalith|54/100|[from] item: Leftovers
|upkeep
|turn|12
|
|t:|1635692429
|move|p2a: Maykola|Poltergeist|p1a: Gigalith
|-activate|p1a: Gigalith|move: Poltergeist|Leftovers
|-damage|p1a: Gigalith|4/100
|move|p1a: Gigalith|Rock Blast|p2a: Maykola
|-damage|p2a: Maykola|70/100
|-damage|p2a: Maykola|58/100
|-hitcount|p2a: Maykola|2
|
|-weather|Sandstorm|[upkeep]
|-damage|p2a: Maykola|52/100|[from] Sandstorm
|-heal|p1a: Gigalith|10/100|[from] item: Leftovers
|upkeep
|turn|13
|
|t:|1635692437
|switch|p2a: Terezinha|Kabutops, F|94/100 tox
|-damage|p2a: Terezinha|82/100 tox|[from] Stealth Rock
|move|p1a: Gigalith|Protect||[still]
|-fail|p1a: Gigalith
|
|-weather|none
|-heal|p1a: Gigalith|16/100|[from] item: Leftovers
|-damage|p2a: Terezinha|76/100 tox|[from] psn
|upkeep
|turn|14
|
|t:|1635692447
|switch|p2a: Marcão|Perrserker, F|100/100
|-damage|p2a: Marcão|94/100|[from] Stealth Rock
|switch|p1a: Jellicent|Jellicent, F|88/100
|-damage|p1a: Jellicent|76/100|[from] Stealth Rock
|
|upkeep
|turn|15
|
|t:|1635692451
|move|p2a: Marcão|Crunch|p1a: Jellicent
|-supereffective|p1a: Jellicent
|-enditem|p1a: Jellicent|Colbur Berry|[eat]
|-enditem|p1a: Jellicent|Colbur Berry|[weaken]
|-damage|p1a: Jellicent|47/100
|-start|p2a: Marcão|Disable|Crunch|[from] ability: Cursed Body|[of] p1a: Jellicent
|move|p1a: Jellicent|Will-O-Wisp|p2a: Marcão|[miss]
|-miss|p1a: Jellicent|p2a: Marcão
|
|upkeep
|turn|16
|
|t:|1635692461
|switch|p2a: Catinha|Charizard, M|100/100
|move|p1a: Jellicent|Recover|p1a: Jellicent
|-heal|p1a: Jellicent|97/100
|
|upkeep
|turn|17
|
|t:|1635692472
|move|p2a: Catinha|Hurricane|p1a: Jellicent|[miss]
|-miss|p2a: Catinha|p1a: Jellicent
|move|p1a: Jellicent|Hex|p2a: Catinha
|-damage|p2a: Catinha|74/100
|
|upkeep
|turn|18
|
|t:|1635692477
|switch|p1a: Gigalith|Gigalith, M, shiny|16/100
|-damage|p1a: Gigalith|4/100|[from] Stealth Rock
|-weather|Sandstorm|[from] ability: Sand Stream|[of] p1a: Gigalith
|move|p2a: Catinha|Hurricane|p1a: Gigalith
|-resisted|p1a: Gigalith
|-damage|p1a: Gigalith|0 fnt
|faint|p1a: Gigalith
|
|-weather|Sandstorm|[upkeep]
|-damage|p2a: Catinha|68/100|[from] Sandstorm
|upkeep
|
|t:|1635692483
|switch|p1a: Togedemaru|Togedemaru, M|48/100
|-damage|p1a: Togedemaru|42/100|[from] Stealth Rock
|turn|19
|inactive|Persona111 has 120 seconds left.
|
|t:|1635692525
|switch|p2a: Marcão|Perrserker, F|94/100
|-damage|p2a: Marcão|88/100|[from] Stealth Rock
|move|p1a: Togedemaru|U-turn|p2a: Marcão
|-resisted|p2a: Marcão
|-damage|p2a: Marcão|77/100
|
|t:|1635692549
|switch|p1a: Charizard|Charizard, F, shiny|83/100|[from]move: U-turn
|
|-weather|Sandstorm|[upkeep]
|-damage|p1a: Charizard|77/100|[from] Sandstorm
|upkeep
|turn|20
|inactive|Persona111 has 120 seconds left.
|inactive|Persona111 has 90 seconds left.
|
|t:|1635692600
|switch|p2a: Terezinha|Kabutops, F|76/100 tox
|-damage|p2a: Terezinha|64/100 tox|[from] Stealth Rock
|move|p1a: Charizard|Fire Blast|p2a: Terezinha
|-resisted|p2a: Terezinha
|-crit|p2a: Terezinha
|-damage|p2a: Terezinha|43/100 tox
|
|-weather|Sandstorm|[upkeep]
|-damage|p1a: Charizard|71/100|[from] Sandstorm
|-damage|p2a: Terezinha|37/100 tox|[from] psn
|upkeep
|turn|21
|inactive|GammaGoGamma has 120 seconds left.
|
|t:|1635692629
|switch|p1a: Jellicent|Jellicent, F|97/100
|-damage|p1a: Jellicent|85/100|[from] Stealth Rock
|switch|p2a: Marcão|Perrserker, F|77/100
|-damage|p2a: Marcão|71/100|[from] Stealth Rock
|
|-weather|Sandstorm|[upkeep]
|-damage|p1a: Jellicent|79/100|[from] Sandstorm
|upkeep
|turn|22
|
|t:|1635692635
|move|p2a: Marcão|Crunch|p1a: Jellicent
|-supereffective|p1a: Jellicent
|-damage|p1a: Jellicent|22/100
|move|p1a: Jellicent|Will-O-Wisp|p2a: Marcão
|-status|p2a: Marcão|brn
|
|-weather|none
|-damage|p2a: Marcão|65/100 brn|[from] brn
|upkeep
|turn|23
|
|t:|1635692641
|switch|p1a: Charizard|Charizard, F, shiny|71/100
|move|p2a: Marcão|Crunch|p1a: Charizard
|-damage|p1a: Charizard|46/100
|
|-damage|p2a: Marcão|59/100 brn|[from] brn
|upkeep
|turn|24
|
|t:|1635692646
|move|p1a: Charizard|Roost|p1a: Charizard
|-heal|p1a: Charizard|96/100
|-singleturn|p1a: Charizard|move: Roost
|move|p2a: Marcão|Crunch|p1a: Charizard
|-damage|p1a: Charizard|72/100
|
|-damage|p2a: Marcão|52/100 brn|[from] brn
|upkeep
|turn|25
|
|t:|1635692653
|move|p1a: Charizard|Fire Blast|p2a: Marcão
|-supereffective|p2a: Marcão
|-damage|p2a: Marcão|0 fnt
|faint|p2a: Marcão
|
|upkeep
|inactive|Persona111 has 90 seconds left.
|
|t:|1635692676
|switch|p2a: Catinha|Charizard, M|68/100
|turn|26
|
|t:|1635692689
|move|p2a: Catinha|Hurricane|p1a: Charizard
|-damage|p1a: Charizard|6/100
|move|p1a: Charizard|Hurricane|p2a: Catinha|[miss]
|-miss|p1a: Charizard|p2a: Catinha
|
|upkeep
|turn|27
|
|t:|1635692699
|move|p2a: Catinha|Fire Blast|p1a: Charizard
|-resisted|p1a: Charizard
|-damage|p1a: Charizard|0 fnt
|faint|p1a: Charizard
|
|upkeep
|
|t:|1635692701
|switch|p1a: Togedemaru|Togedemaru, M|42/100
|-damage|p1a: Togedemaru|36/100|[from] Stealth Rock
|turn|28
|
|t:|1635692712
|switch|p2a: Tiagão|Vikavolt, F|26/100 brn
|-damage|p2a: Tiagão|1/100 brn|[from] Stealth Rock
|move|p1a: Togedemaru|Zing Zap|p2a: Tiagão
|-resisted|p2a: Tiagão
|-damage|p2a: Tiagão|0 fnt
|faint|p2a: Tiagão
|
|upkeep
|
|t:|1635692722
|switch|p2a: Pedrão|Regirock|100/100
|-damage|p2a: Pedrão|88/100|[from] Stealth Rock
|turn|29
|
|t:|1635692728
|switch|p1a: Jellicent|Jellicent, F|22/100
|-damage|p1a: Jellicent|9/100|[from] Stealth Rock
|move|p2a: Pedrão|Earthquake|p1a: Jellicent
|-damage|p1a: Jellicent|0 fnt
|faint|p1a: Jellicent
|
|upkeep
|
|t:|1635692730
|switch|p1a: Tsareena|Tsareena, F|100/100
|turn|30
|
|t:|1635692737
|move|p1a: Tsareena|Power Whip|p2a: Pedrão
|-supereffective|p2a: Pedrão
|-damage|p2a: Pedrão|0 fnt
|faint|p2a: Pedrão
|
|upkeep
|
|t:|1635692741
|switch|p2a: Catinha|Charizard, M|68/100
|turn|31
|
|t:|1635692756
|switch|p1a: Togedemaru|Togedemaru, M|36/100
|-damage|p1a: Togedemaru|30/100|[from] Stealth Rock
|move|p2a: Catinha|Fire Blast|p1a: Togedemaru
|-supereffective|p1a: Togedemaru
|-damage|p1a: Togedemaru|0 fnt
|faint|p1a: Togedemaru
|
|upkeep
|
|t:|1635692757
|switch|p1a: Silvally|Silvally-Fairy|100/100
|-damage|p1a: Silvally|88/100|[from] Stealth Rock
|turn|32
|
|t:|1635692766
|move|p2a: Catinha|Hurricane|p1a: Silvally
|-damage|p1a: Silvally|37/100
|move|p1a: Silvally|Rock Slide|p2a: Catinha
|-supereffective|p2a: Catinha
|-damage|p2a: Catinha|0 fnt
|faint|p2a: Catinha
|
|upkeep
|c|☆Persona111|gg
|c|☆GammaGoGamma|gg
|
|t:|1635692788
|switch|p2a: Maykola|Spiritomb, F|52/100
|-damage|p2a: Maykola|40/100|[from] Stealth Rock
|turn|33
|
|t:|1635692794
|move|p2a: Maykola|Shadow Sneak|p1a: Silvally
|-damage|p1a: Silvally|7/100
|move|p1a: Silvally|Multi-Attack|p2a: Maykola
|-supereffective|p2a: Maykola
|-damage|p2a: Maykola|0 fnt
|faint|p2a: Maykola
|
|upkeep
|
|t:|1635692797
|switch|p2a: Terezinha|Kabutops, F|37/100 tox
|-damage|p2a: Terezinha|25/100 tox|[from] Stealth Rock
|turn|34
|
|t:|1635692808
|move|p2a: Terezinha|Aqua Jet|p1a: Silvally
|-damage|p1a: Silvally|0 fnt
|faint|p1a: Silvally
|
|-damage|p2a: Terezinha|19/100 tox|[from] psn
|upkeep
|
|t:|1635692810
|switch|p1a: Tsareena|Tsareena, F|100/100
|turn|35
|
|t:|1635692814
|move|p2a: Terezinha|Liquidation|p1a: Tsareena
|-resisted|p1a: Tsareena
|-damage|p1a: Tsareena|74/100
|move|p1a: Tsareena|Knock Off|p2a: Terezinha
|-damage|p2a: Terezinha|0 fnt
|-enditem|p2a: Terezinha|Focus Sash|[from] move: Knock Off|[of] p1a: Tsareena
|faint|p2a: Terezinha
|
|win|GammaGoGamma
|raw|GammaGoGamma's rating: 1420 &rarr; <strong>1443</strong><br />(+23 for winning)
|raw|Persona111's rating: 1468 &rarr; <strong>1445</strong><br />(-23 for losing)
|l|☆GammaGoGamma
|l|☆Persona111
||Ladder isn't responding, score probably updated but might not have (Request timeout).
