|j|☆one step from eden
|j|☆pult83c irish
|t:|1628308466
|gametype|singles
|player|p1|one step from eden|grimsley-gen7|1549
|player|p2|pult83c irish|misty|1329
|teamsize|p1|6
|teamsize|p2|6
|gen|8
|tier|[Gen 8] PU
|rated|
|rule|Sleep Clause Mod: Limit one foe put to sleep
|rule|Species Clause: Limit one of each Pokémon
|rule|OHKO Clause: OHKO moves are banned
|rule|Evasion Moves Clause: Evasion moves are banned
|rule|Endless Battle Clause: Forcing endless battles is banned
|rule|HP Percentage Mod: HP is shown in percentages
|rule|Dynamax Clause: You cannot dynamax
|clearpoke
|poke|p1|Magmortar, F|
|poke|p1|Archeops, F|
|poke|p1|Whimsicott, F|
|poke|p1|Silvally-*|
|poke|p1|Ferroseed, M|
|poke|p1|Mesprit|
|poke|p2|Sneasel, M|
|poke|p2|Ribombee, F|
|poke|p2|Rotom|
|poke|p2|Stunfisk-Galar, F|
|poke|p2|Wishiwashi, M|
|poke|p2|Weezing, M|
|teampreview
|
|t:|1628308510
|start
|switch|p1a: Magmortar|Magmortar, F|100/100
|switch|p2a: Sneasel|Sneasel, M|100/100
|turn|1
|
|t:|1628308539
|switch|p2a: Wishiwashi|Wishiwashi, M|100/100
|-formechange|p2a: Wishiwashi|Wishiwashi-School||[from] ability: Schooling
|switch|p1a: Silvally|Silvally-Water|100/100
|
|upkeep
|turn|2
|
|t:|1628308571
|move|p1a: Silvally|U-turn|p2a: Wishiwashi
|-damage|p2a: Wishiwashi|81/100
|j| PULT83C Art
|
|t:|1628308578
|switch|p1a: Ferroseed|Ferroseed, M|100/100|[from]move: U-turn
|move|p2a: Wishiwashi|U-turn|p1a: Ferroseed
|-damage|p1a: Ferroseed|89/100
|-damage|p2a: Wishiwashi|69/100|[from] ability: Iron Barbs|[of] p1a: Ferroseed
|
|t:|1628308581
|switch|p2a: Weezing|Weezing, M|100/100|[from]move: U-turn
|-ability|p2a: Weezing|Neutralizing Gas
|
|upkeep
|turn|3
|
|t:|1628308590
|switch|p1a: Magmortar|Magmortar, F|100/100
|move|p2a: Weezing|Toxic Spikes|p1a: Magmortar
|-sidestart|p1: one step from eden|move: Toxic Spikes
|
|upkeep
|turn|4
|
|t:|1628308619
|move|p1a: Magmortar|Fire Blast|p2a: Weezing
|-damage|p2a: Weezing|21/100
|move|p2a: Weezing|Pain Split|p1a: Magmortar
|-sethp|p1a: Magmortar|62/100|[from] move: Pain Split|[silent]
|-sethp|p2a: Weezing|54/100|[from] move: Pain Split
|
|upkeep
|turn|5
|
|t:|1628308627
|-end|p2a: Weezing|ability: Neutralizing Gas
|switch|p2a: Wishiwashi|Wishiwashi, M|69/100
|-formechange|p2a: Wishiwashi|Wishiwashi-School||[from] ability: Schooling
|move|p1a: Magmortar|Fire Blast|p2a: Wishiwashi|[miss]
|-miss|p1a: Magmortar|p2a: Wishiwashi
|
|-heal|p2a: Wishiwashi|75/100|[from] item: Leftovers
|upkeep
|turn|6
|
|t:|1628308634
|switch|p1a: Ferroseed|Ferroseed, M|89/100
|move|p2a: Wishiwashi|Scald|p1a: Ferroseed
|-resisted|p1a: Ferroseed
|-damage|p1a: Ferroseed|75/100
|-status|p1a: Ferroseed|brn
|
|-heal|p2a: Wishiwashi|81/100|[from] item: Leftovers
|-damage|p1a: Ferroseed|69/100 brn|[from] brn
|upkeep
|turn|7
|
|t:|1628308640
|switch|p2a: Rotom|Rotom|100/100
|move|p1a: Ferroseed|Stealth Rock|p2a: Rotom
|-sidestart|p2: pult83c irish|move: Stealth Rock
|
|-damage|p1a: Ferroseed|62/100 brn|[from] brn
|upkeep
|turn|8
|
|t:|1628308644
|move|p1a: Ferroseed|Protect|p1a: Ferroseed
|-singleturn|p1a: Ferroseed|Protect
|move|p2a: Rotom|Hex|p1a: Ferroseed
|-activate|p1a: Ferroseed|move: Protect
|
|-damage|p1a: Ferroseed|56/100 brn|[from] brn
|upkeep
|turn|9
|
|t:|1628308650
|switch|p1a: Whimsicott|Whimsicott, F|100/100
|move|p2a: Rotom|Hex|p1a: Whimsicott
|-damage|p1a: Whimsicott|66/100
|
|upkeep
|turn|10
|
|t:|1628308655
|switch|p2a: Stunfisk|Stunfisk-Galar, F|100/100
|-damage|p2a: Stunfisk|97/100|[from] Stealth Rock
|move|p1a: Whimsicott|Leech Seed|p2a: Stunfisk
|-start|p2a: Stunfisk|move: Leech Seed
|
|-heal|p2a: Stunfisk|100/100|[from] item: Leftovers
|-damage|p2a: Stunfisk|88/100|[from] Leech Seed|[of] p1a: Whimsicott
|-heal|p1a: Whimsicott|82/100|[silent]
|upkeep
|turn|11
|
|t:|1628308664
|move|p1a: Whimsicott|U-turn|p2a: Stunfisk
|-resisted|p2a: Stunfisk
|-crit|p2a: Stunfisk
|-damage|p2a: Stunfisk|82/100
|
|t:|1628308666
|switch|p1a: Ferroseed|Ferroseed, M|56/100 brn|[from]move: U-turn
|move|p2a: Stunfisk|Stealth Rock|p1a: Ferroseed
|-sidestart|p1: one step from eden|move: Stealth Rock
|
|-heal|p2a: Stunfisk|88/100|[from] item: Leftovers
|-damage|p2a: Stunfisk|76/100|[from] Leech Seed|[of] p1a: Ferroseed
|-heal|p1a: Ferroseed|74/100 brn|[silent]
|-damage|p1a: Ferroseed|68/100 brn|[from] brn
|upkeep
|turn|12
|j| Pult83c dani
|
|t:|1628308673
|switch|p2a: Rotom|Rotom|100/100
|-damage|p2a: Rotom|88/100|[from] Stealth Rock
|move|p1a: Ferroseed|Leech Seed|p2a: Rotom|[miss]
|-miss|p1a: Ferroseed|p2a: Rotom
|
|-damage|p1a: Ferroseed|62/100 brn|[from] brn
|upkeep
|turn|13
|
|t:|1628308679
|switch|p1a: Whimsicott|Whimsicott, F|82/100
|move|p2a: Rotom|Hex|p1a: Whimsicott
|-damage|p1a: Whimsicott|49/100
|
|upkeep
|turn|14
|
|t:|1628308687
|switch|p2a: Stunfisk|Stunfisk-Galar, F|76/100
|-damage|p2a: Stunfisk|73/100|[from] Stealth Rock
|move|p1a: Whimsicott|Leech Seed|p2a: Stunfisk
|-start|p2a: Stunfisk|move: Leech Seed
|
|-heal|p2a: Stunfisk|79/100|[from] item: Leftovers
|-damage|p2a: Stunfisk|66/100|[from] Leech Seed|[of] p1a: Whimsicott
|-heal|p1a: Whimsicott|65/100|[silent]
|upkeep
|turn|15
|
|t:|1628308701
|switch|p2a: Rotom|Rotom|88/100
|-damage|p2a: Rotom|76/100|[from] Stealth Rock
|move|p1a: Whimsicott|U-turn|p2a: Rotom
|-resisted|p2a: Rotom
|-damage|p2a: Rotom|66/100
|
|t:|1628308710
|switch|p1a: Mesprit|Mesprit|100/100|[from]move: U-turn
|-damage|p1a: Mesprit|88/100|[from] Stealth Rock
|
|upkeep
|turn|16
|
|t:|1628308717
|switch|p2a: Stunfisk|Stunfisk-Galar, F|66/100
|-damage|p2a: Stunfisk|63/100|[from] Stealth Rock
|move|p1a: Mesprit|U-turn|p2a: Stunfisk
|-resisted|p2a: Stunfisk
|-crit|p2a: Stunfisk
|-damage|p2a: Stunfisk|54/100
|
|t:|1628308721
|switch|p1a: Magmortar|Magmortar, F|62/100|[from]move: U-turn
|
|-heal|p2a: Stunfisk|60/100|[from] item: Leftovers
|upkeep
|turn|17
|
|t:|1628308728
|move|p2a: Stunfisk|Protect|p2a: Stunfisk
|-singleturn|p2a: Stunfisk|Protect
|move|p1a: Magmortar|Fire Blast|p2a: Stunfisk
|-activate|p2a: Stunfisk|move: Protect
|
|-heal|p2a: Stunfisk|66/100|[from] item: Leftovers
|upkeep
|turn|18
|
|t:|1628308731
|switch|p2a: Ribombee|Ribombee, F|100/100
|-damage|p2a: Ribombee|76/100|[from] Stealth Rock
|move|p1a: Magmortar|Fire Blast|p2a: Ribombee
|-supereffective|p2a: Ribombee
|-damage|p2a: Ribombee|0 fnt
|faint|p2a: Ribombee
|
|upkeep
|
|t:|1628308733
|switch|p2a: Sneasel|Sneasel, M|100/100
|-damage|p2a: Sneasel|76/100|[from] Stealth Rock
|turn|19
|
|t:|1628308753
|switch|p1a: Ferroseed|Ferroseed, M|62/100 brn
|-damage|p1a: Ferroseed|56/100 brn|[from] Stealth Rock
|move|p2a: Sneasel|Knock Off|p1a: Ferroseed
|-damage|p1a: Ferroseed|19/100 brn
|-damage|p2a: Sneasel|63/100|[from] ability: Iron Barbs|[of] p1a: Ferroseed
|-enditem|p1a: Ferroseed|Eviolite|[from] move: Knock Off|[of] p2a: Sneasel
|
|-damage|p1a: Ferroseed|12/100 brn|[from] brn
|upkeep
|turn|20
|
|t:|1628308794
|move|p2a: Sneasel|Knock Off|p1a: Ferroseed
|-damage|p1a: Ferroseed|0 fnt
|-damage|p2a: Sneasel|51/100|[from] ability: Iron Barbs|[of] p1a: Ferroseed
|faint|p1a: Ferroseed
|
|upkeep
|
|t:|1628308799
|switch|p1a: Whimsicott|Whimsicott, F|65/100
|turn|21
|j| PULT83c Rampage
|
|t:|1628308809
|switch|p2a: Wishiwashi|Wishiwashi, M|81/100
|-damage|p2a: Wishiwashi|69/100|[from] Stealth Rock
|-formechange|p2a: Wishiwashi|Wishiwashi-School||[from] ability: Schooling
|move|p1a: Whimsicott|Leech Seed|p2a: Wishiwashi
|-start|p2a: Wishiwashi|move: Leech Seed
|
|-heal|p2a: Wishiwashi|75/100|[from] item: Leftovers
|-damage|p2a: Wishiwashi|62/100|[from] Leech Seed|[of] p1a: Whimsicott
|-heal|p1a: Whimsicott|76/100|[silent]
|upkeep
|turn|22
|
|t:|1628308824
|move|p1a: Whimsicott|U-turn|p2a: Wishiwashi
|-damage|p2a: Wishiwashi|53/100
|
|t:|1628308828
|switch|p1a: Mesprit|Mesprit|88/100|[from]move: U-turn
|-damage|p1a: Mesprit|76/100|[from] Stealth Rock
|move|p2a: Wishiwashi|U-turn|p1a: Mesprit
|-supereffective|p1a: Mesprit
|-damage|p1a: Mesprit|35/100
|
|t:|1628308836
|switch|p2a: Stunfisk|Stunfisk-Galar, F|66/100|[from]move: U-turn
|-damage|p2a: Stunfisk|63/100|[from] Stealth Rock
|
|-heal|p2a: Stunfisk|69/100|[from] item: Leftovers
|upkeep
|turn|23
|
|t:|1628308844
|move|p2a: Stunfisk|Protect|p2a: Stunfisk
|-singleturn|p2a: Stunfisk|Protect
|move|p1a: Mesprit|U-turn|p2a: Stunfisk
|-activate|p2a: Stunfisk|move: Protect
|
|-heal|p2a: Stunfisk|76/100|[from] item: Leftovers
|upkeep
|turn|24
|
|t:|1628308853
|move|p1a: Mesprit|U-turn|p2a: Stunfisk
|-resisted|p2a: Stunfisk
|-damage|p2a: Stunfisk|70/100
|
|t:|1628308855
|switch|p1a: Whimsicott|Whimsicott, F|76/100|[from]move: U-turn
|move|p2a: Stunfisk|Rock Slide|p1a: Whimsicott
|-damage|p1a: Whimsicott|59/100
|
|-heal|p2a: Stunfisk|76/100|[from] item: Leftovers
|upkeep
|turn|25
|
|t:|1628308865
|move|p2a: Stunfisk|Protect|p2a: Stunfisk
|-singleturn|p2a: Stunfisk|Protect
|move|p1a: Whimsicott|Leech Seed|p2a: Stunfisk
|-activate|p2a: Stunfisk|move: Protect
|
|-heal|p2a: Stunfisk|82/100|[from] item: Leftovers
|upkeep
|turn|26
|
|t:|1628308871
|switch|p2a: Wishiwashi|Wishiwashi, M|53/100
|-damage|p2a: Wishiwashi|40/100|[from] Stealth Rock
|-formechange|p2a: Wishiwashi|Wishiwashi-School||[from] ability: Schooling
|move|p1a: Whimsicott|Leech Seed|p2a: Wishiwashi
|-start|p2a: Wishiwashi|move: Leech Seed
|
|-heal|p2a: Wishiwashi|46/100|[from] item: Leftovers
|-damage|p2a: Wishiwashi|34/100|[from] Leech Seed|[of] p1a: Whimsicott
|-heal|p1a: Whimsicott|70/100|[silent]
|upkeep
|turn|27
|
|t:|1628308890
|move|p1a: Whimsicott|Moonblast|p2a: Wishiwashi
|-damage|p2a: Wishiwashi|16/100
|move|p2a: Wishiwashi|Rest|p2a: Wishiwashi
|-status|p2a: Wishiwashi|slp|[from] move: Rest
|-heal|p2a: Wishiwashi|100/100 slp|[silent]
|
|-damage|p2a: Wishiwashi|88/100 slp|[from] Leech Seed|[of] p1a: Whimsicott
|-heal|p1a: Whimsicott|81/100|[silent]
|upkeep
|turn|28
|
|t:|1628308897
|move|p1a: Whimsicott|Moonblast|p2a: Wishiwashi
|-damage|p2a: Wishiwashi|71/100 slp
|-unboost|p2a: Wishiwashi|spa|1
|cant|p2a: Wishiwashi|slp
|move|p2a: Wishiwashi|Sleep Talk|p2a: Wishiwashi
|move|p2a: Wishiwashi|Scald|p1a: Whimsicott|[from]move: Sleep Talk
|-resisted|p1a: Whimsicott
|-damage|p1a: Whimsicott|63/100
|
|-heal|p2a: Wishiwashi|77/100 slp|[from] item: Leftovers
|-damage|p2a: Wishiwashi|64/100 slp|[from] Leech Seed|[of] p1a: Whimsicott
|-heal|p1a: Whimsicott|75/100|[silent]
|upkeep
|turn|29
|
|t:|1628308915
|move|p1a: Whimsicott|U-turn|p2a: Wishiwashi
|-damage|p2a: Wishiwashi|54/100 slp
|
|t:|1628308917
|switch|p1a: Silvally|Silvally-Water|100/100|[from]move: U-turn
|-status|p1a: Silvally|psn
|-damage|p1a: Silvally|88/100 psn|[from] Stealth Rock
|cant|p2a: Wishiwashi|slp
|move|p2a: Wishiwashi|Sleep Talk|p2a: Wishiwashi
|move|p2a: Wishiwashi|Rest||[from]move: Sleep Talk|[still]
|-fail|p2a: Wishiwashi
|
|-heal|p2a: Wishiwashi|60/100 slp|[from] item: Leftovers
|-damage|p2a: Wishiwashi|48/100 slp|[from] Leech Seed|[of] p1a: Silvally
|-heal|p1a: Silvally|99/100 psn|[silent]
|-damage|p1a: Silvally|87/100 psn|[from] psn
|upkeep
|turn|30
|
|t:|1628308924
|move|p1a: Silvally|Swords Dance|p1a: Silvally
|-boost|p1a: Silvally|atk|2
|-curestatus|p2a: Wishiwashi|slp|[msg]
|move|p2a: Wishiwashi|U-turn|p1a: Silvally
|-damage|p1a: Silvally|65/100 psn
|
|t:|1628308932
|switch|p2a: Weezing|Weezing, M|54/100|[from]move: U-turn
|-ability|p2a: Weezing|Neutralizing Gas
|-damage|p2a: Weezing|42/100|[from] Stealth Rock
|
|-damage|p1a: Silvally|53/100 psn|[from] psn
|upkeep
|turn|31
|
|t:|1628308935
|move|p1a: Silvally|Multi-Attack|p2a: Weezing
|-damage|p2a: Weezing|0 fnt
|-damage|p1a: Silvally|36/100 psn|[from] item: Rocky Helmet|[of] p2a: Weezing
|faint|p2a: Weezing
|-end|p2a: Weezing|ability: Neutralizing Gas
|
|-damage|p1a: Silvally|24/100 psn|[from] psn
|upkeep
|
|t:|1628308939
|switch|p2a: Sneasel|Sneasel, M|51/100
|-damage|p2a: Sneasel|26/100|[from] Stealth Rock
|turn|32
|
|t:|1628308952
|move|p2a: Sneasel|Knock Off|p1a: Silvally
|-damage|p1a: Silvally|0 fnt
|faint|p1a: Silvally
|
|upkeep
|
|t:|1628308956
|switch|p1a: Whimsicott|Whimsicott, F|75/100
|turn|33
|
|t:|1628308962
|switch|p2a: Stunfisk|Stunfisk-Galar, F|82/100
|-damage|p2a: Stunfisk|79/100|[from] Stealth Rock
|move|p1a: Whimsicott|Leech Seed|p2a: Stunfisk
|-start|p2a: Stunfisk|move: Leech Seed
|
|-heal|p2a: Stunfisk|85/100|[from] item: Leftovers
|-damage|p2a: Stunfisk|73/100|[from] Leech Seed|[of] p1a: Whimsicott
|-heal|p1a: Whimsicott|91/100|[silent]
|upkeep
|turn|34
|
|t:|1628308973
|move|p1a: Whimsicott|Moonblast|p2a: Stunfisk
|-resisted|p2a: Stunfisk
|-damage|p2a: Stunfisk|64/100
|-unboost|p2a: Stunfisk|spa|1
|move|p2a: Stunfisk|Rock Slide|p1a: Whimsicott
|-damage|p1a: Whimsicott|73/100
|
|-heal|p2a: Stunfisk|70/100|[from] item: Leftovers
|-damage|p2a: Stunfisk|58/100|[from] Leech Seed|[of] p1a: Whimsicott
|-heal|p1a: Whimsicott|89/100|[silent]
|upkeep
|turn|35
|
|t:|1628308987
|switch|p2a: Wishiwashi|Wishiwashi, M|48/100
|-damage|p2a: Wishiwashi|36/100|[from] Stealth Rock
|-formechange|p2a: Wishiwashi|Wishiwashi-School||[from] ability: Schooling
|move|p1a: Whimsicott|Moonblast|p2a: Wishiwashi
|-damage|p2a: Wishiwashi|17/100
|
|-heal|p2a: Wishiwashi|23/100|[from] item: Leftovers
|-formechange|p2a: Wishiwashi|Wishiwashi||[from] ability: Schooling
|upkeep
|turn|36
|
|t:|1628308990
|move|p1a: Whimsicott|Moonblast|p2a: Wishiwashi
|-damage|p2a: Wishiwashi|0 fnt
|faint|p2a: Wishiwashi
|
|upkeep
|c|☆pult83c irish|gg
|c|☆one step from eden|gg
|-message|pult83c irish forfeited.
|
|win|one step from eden
|raw|one step from eden's rating: 1549 &rarr; <strong>1558</strong><br />(+9 for winning)
|raw|pult83c irish's rating: 1329 &rarr; <strong>1320</strong><br />(-9 for losing)
