|j|☆bathtubhippo
|j|☆bassy gay
|t:|1667929076
|gametype|singles
|player|p1|bathtubhippo|doctor|1520
|player|p2|bassy gay|169|1643
|teamsize|p1|6
|teamsize|p2|6
|gen|8
|tier|[Gen 8] PU
|rated|
|rule|Sleep Clause Mod: Limit one foe put to sleep
|rule|Species Clause: Limit one of each Pokémon
|rule|OHKO Clause: OHKO moves are banned
|rule|Evasion Items Clause: Evasion items are banned
|rule|Evasion Moves Clause: Evasion moves are banned
|rule|Endless Battle Clause: Forcing endless battles is banned
|rule|HP Percentage Mod: HP is shown in percentages
|rule|Dynamax Clause: You cannot dynamax
|clearpoke
|poke|p1|Poliwrath, M|
|poke|p1|Uxie|
|poke|p1|Charizard, F|
|poke|p1|Whimsicott, M|
|poke|p1|Sandaconda, F|
|poke|p1|Aggron, F|
|poke|p2|Gourgeist-*, F|
|poke|p2|Comfey, F|
|poke|p2|Lunatone|
|poke|p2|Togedemaru, F|
|poke|p2|Scrafty, F|
|poke|p2|Charizard, M|
|teampreview
|
|t:|1667929090
|start
|switch|p1a: Sandaconda|Sandaconda, F|100/100
|switch|p2a: Lunatone|Lunatone|100/100
|turn|1
|inactive|Battle timer is ON: inactive players will automatically lose when time's up. (requested by bathtubhippo)
|
|t:|1667929095
|move|p2a: Lunatone|Stealth Rock|p1a: Sandaconda
|-sidestart|p1: bathtubhippo|move: Stealth Rock
|move|p1a: Sandaconda|Glare|p2a: Lunatone
|-status|p2a: Lunatone|par
|
|upkeep
|turn|2
|
|t:|1667929099
|move|p1a: Sandaconda|Stealth Rock|p2a: Lunatone
|-sidestart|p2: bassy gay|move: Stealth Rock
|move|p2a: Lunatone|Future Sight|p1a: Sandaconda
|-start|p2a: Lunatone|move: Future Sight
|
|upkeep
|turn|3
|
|t:|1667929105
|switch|p1a: Aggron|Aggron, F|100/100
|-damage|p1a: Aggron|94/100|[from] Stealth Rock
|switch|p2a: Scrafty|Scrafty, F|100/100
|-damage|p2a: Scrafty|95/100|[from] Stealth Rock
|
|-heal|p2a: Scrafty|100/100|[from] item: Leftovers
|-heal|p1a: Aggron|100/100|[from] item: Leftovers
|upkeep
|turn|4
|
|t:|1667929115
|move|p2a: Scrafty|Close Combat|p1a: Aggron
|-supereffective|p1a: Aggron
|-damage|p1a: Aggron|0 fnt
|-unboost|p2a: Scrafty|def|1
|-unboost|p2a: Scrafty|spd|1
|faint|p1a: Aggron
|
|-hint|Future Sight did not hit because the target is fainted.
|upkeep
|
|t:|1667929123
|switch|p1a: Whimsicott|Whimsicott, M|100/100
|-damage|p1a: Whimsicott|88/100|[from] Stealth Rock
|turn|5
|
|t:|1667929126
|switch|p2a: Togedemaru|Togedemaru, F|100/100
|move|p1a: Whimsicott|U-turn|p2a: Togedemaru
|-resisted|p2a: Togedemaru
|-damage|p2a: Togedemaru|93/100
|-damage|p1a: Whimsicott|76/100|[from] ability: Iron Barbs|[of] p2a: Togedemaru
|
|t:|1667929134
|switch|p1a: Charizard|Charizard, F|100/100|[from]move: U-turn
|
|upkeep
|turn|6
|
|t:|1667929137
|switch|p2a: Lunatone|Lunatone|100/100 par
|-damage|p2a: Lunatone|88/100 par|[from] Stealth Rock
|move|p1a: Charizard|Flamethrower|p2a: Lunatone
|-resisted|p2a: Lunatone
|-damage|p2a: Lunatone|68/100 par
|
|-heal|p2a: Lunatone|74/100 par|[from] item: Leftovers
|upkeep
|turn|7
|
|t:|1667929143
|switch|p1a: Uxie|Uxie|100/100
|-damage|p1a: Uxie|88/100|[from] Stealth Rock
|move|p2a: Lunatone|Future Sight|p1a: Uxie
|-start|p2a: Lunatone|move: Future Sight
|
|-heal|p1a: Uxie|94/100|[from] item: Leftovers
|-heal|p2a: Lunatone|80/100 par|[from] item: Leftovers
|upkeep
|turn|8
|
|t:|1667929151
|switch|p2a: Scrafty|Scrafty, F|100/100
|-damage|p2a: Scrafty|95/100|[from] Stealth Rock
|move|p1a: Uxie|Knock Off|p2a: Scrafty
|-resisted|p2a: Scrafty
|-crit|p2a: Scrafty
|-damage|p2a: Scrafty|88/100
|-enditem|p2a: Scrafty|Leftovers|[from] move: Knock Off|[of] p1a: Uxie
|
|-heal|p1a: Uxie|100/100|[from] item: Leftovers
|upkeep
|turn|9
|
|t:|1667929159
|move|p1a: Uxie|U-turn|p2a: Scrafty
|-damage|p2a: Scrafty|76/100
|
|t:|1667929161
|switch|p1a: Sandaconda|Sandaconda, F|100/100|[from]move: U-turn
|-damage|p1a: Sandaconda|94/100|[from] Stealth Rock
|move|p2a: Scrafty|Knock Off|p1a: Sandaconda
|-damage|p1a: Sandaconda|67/100
|-damage|p2a: Scrafty|60/100|[from] item: Rocky Helmet|[of] p1a: Sandaconda
|-enditem|p1a: Sandaconda|Rocky Helmet|[from] move: Knock Off|[of] p2a: Scrafty
|
|-end|p1a: Sandaconda|move: Future Sight
|-damage|p1a: Sandaconda|2/100
|upkeep
|turn|10
|
|t:|1667929172
|move|p2a: Scrafty|Knock Off|p1a: Sandaconda
|-damage|p1a: Sandaconda|0 fnt
|faint|p1a: Sandaconda
|
|upkeep
|
|t:|1667929176
|switch|p1a: Poliwrath|Poliwrath, M|100/100
|-damage|p1a: Poliwrath|94/100|[from] Stealth Rock
|turn|11
|
|t:|1667929189
|switch|p2a: Gourgeist|Gourgeist-Super, F|100/100
|-damage|p2a: Gourgeist|88/100|[from] Stealth Rock
|-item|p1a: Poliwrath|Choice Band|[from] ability: Frisk|[of] p2a: Gourgeist|[identify]
|move|p1a: Poliwrath|Liquidation|p2a: Gourgeist
|-resisted|p2a: Gourgeist
|-damage|p2a: Gourgeist|61/100
|
|upkeep
|turn|12
|
|t:|1667929201
|switch|p1a: Charizard|Charizard, F|100/100
|move|p2a: Gourgeist|Poltergeist|p1a: Charizard
|-activate|p1a: Charizard|move: Poltergeist|Heavy-Duty Boots
|-damage|p1a: Charizard|21/100
|
|upkeep
|turn|13
|
|t:|1667929209
|move|p2a: Gourgeist|Shadow Sneak|p1a: Charizard
|-damage|p1a: Charizard|0 fnt
|faint|p1a: Charizard
|
|upkeep
|
|t:|1667929212
|switch|p1a: Whimsicott|Whimsicott, M|76/100
|-damage|p1a: Whimsicott|64/100|[from] Stealth Rock
|turn|14
|
|t:|1667929215
|switch|p2a: Togedemaru|Togedemaru, F|93/100
|move|p1a: Whimsicott|Moonblast|p2a: Togedemaru
|-resisted|p2a: Togedemaru
|-damage|p2a: Togedemaru|68/100
|
|upkeep
|turn|15
|
|t:|1667929220
|switch|p1a: Poliwrath|Poliwrath, M|94/100
|-damage|p1a: Poliwrath|88/100|[from] Stealth Rock
|move|p2a: Togedemaru|Iron Head|p1a: Poliwrath
|-resisted|p1a: Poliwrath
|-damage|p1a: Poliwrath|74/100
|
|upkeep
|turn|16
|
|t:|1667929223
|move|p2a: Togedemaru|Spiky Shield|p2a: Togedemaru
|-singleturn|p2a: Togedemaru|move: Protect
|move|p1a: Poliwrath|Darkest Lariat|p2a: Togedemaru
|-activate|p2a: Togedemaru|move: Protect
|-damage|p1a: Poliwrath|62/100|[from] Spiky Shield|[of] p2a: Togedemaru
|
|upkeep
|turn|17
|-message|bathtubhippo forfeited.
|
|win|bassy gay
|raw|bathtubhippo's rating: 1520 &rarr; <strong>1507</strong><br />(-13 for losing)
|raw|bassy gay's rating: 1643 &rarr; <strong>1656</strong><br />(+13 for winning)
