|raw|<div class="broadcast-blue"><strong>This battle is required to be public due to a player having a name starting with 'pult72b'.</div>
|j|☆pult72b yawn
|j|☆thinking of chu
|t:|1627830197
|gametype|singles
|player|p1|pult72b yawn|170|1579
|player|p2|thinking of chu|clown|1583
|teamsize|p1|6
|teamsize|p2|6
|gen|8
|tier|[Gen 8] PU
|rated|
|rule|Sleep Clause Mod: Limit one foe put to sleep
|rule|Species Clause: Limit one of each Pokémon
|rule|OHKO Clause: OHKO moves are banned
|rule|Evasion Moves Clause: Evasion moves are banned
|rule|Endless Battle Clause: Forcing endless battles is banned
|rule|HP Percentage Mod: HP is shown in percentages
|rule|Dynamax Clause: You cannot dynamax
|clearpoke
|poke|p1|Gigalith, M|
|poke|p1|Quagsire, M|
|poke|p1|Aromatisse, F|
|poke|p1|Charizard, F|
|poke|p1|Tsareena, F|
|poke|p1|Silvally-*|
|poke|p2|Turtonator, F|
|poke|p2|Lunatone|
|poke|p2|Poliwrath, F|
|poke|p2|Silvally-*|
|poke|p2|Stunfisk-Galar, M|
|poke|p2|Miltank, F|
|teampreview
|
|t:|1627830225
|start
|switch|p1a: Charizard|Charizard, F|100/100
|switch|p2a: Stunfisk|Stunfisk-Galar, M|100/100
|turn|1
|inactive|Battle timer is ON: inactive players will automatically lose when time's up. (requested by pult72b yawn)
|
|t:|1627830231
|switch|p2a: Lunatone|Lunatone|100/100
|move|p1a: Charizard|Mystical Fire|p2a: Lunatone
|-resisted|p2a: Lunatone
|-damage|p2a: Lunatone|86/100
|-unboost|p2a: Lunatone|spa|1
|
|-heal|p2a: Lunatone|93/100|[from] item: Leftovers
|upkeep
|turn|2
|
|t:|1627830237
|switch|p1a: Gigalith|Gigalith, M|100/100
|-weather|Sandstorm|[from] ability: Sand Stream|[of] p1a: Gigalith
|move|p2a: Lunatone|Future Sight|p1a: Gigalith
|-start|p2a: Lunatone|move: Future Sight
|
|-weather|Sandstorm|[upkeep]
|-heal|p2a: Lunatone|99/100|[from] item: Leftovers
|upkeep
|turn|3
|
|t:|1627830242
|switch|p2a: Silvally|Silvally-Ghost|100/100
|move|p1a: Gigalith|Stealth Rock|p2a: Silvally
|-sidestart|p2: thinking of chu|move: Stealth Rock
|
|-weather|Sandstorm|[upkeep]
|-damage|p2a: Silvally|94/100|[from] Sandstorm
|upkeep
|turn|4
|
|t:|1627830247
|move|p1a: Gigalith|Protect|p1a: Gigalith
|-singleturn|p1a: Gigalith|Protect
|move|p2a: Silvally|Multi-Attack|p1a: Gigalith
|-activate|p1a: Gigalith|move: Protect
|
|-weather|Sandstorm|[upkeep]
|-damage|p2a: Silvally|88/100|[from] Sandstorm
|-end|p1a: Gigalith|move: Future Sight
|-damage|p1a: Gigalith|68/100
|-heal|p1a: Gigalith|74/100|[from] item: Leftovers
|upkeep
|turn|5
|
|t:|1627830260
|switch|p1a: Quagsire|Quagsire, M|100/100
|move|p2a: Silvally|Multi-Attack|p1a: Quagsire
|-damage|p1a: Quagsire|74/100
|
|-weather|Sandstorm|[upkeep]
|-damage|p2a: Silvally|82/100|[from] Sandstorm
|upkeep
|turn|6
|
|t:|1627830272
|switch|p2a: Poliwrath|Poliwrath, F|100/100
|-damage|p2a: Poliwrath|94/100|[from] Stealth Rock
|move|p1a: Quagsire|Toxic|p2a: Poliwrath
|-status|p2a: Poliwrath|tox
|
|-weather|none
|-heal|p2a: Poliwrath|100/100 tox|[from] item: Leftovers
|-damage|p2a: Poliwrath|94/100 tox|[from] psn
|upkeep
|turn|7
|
|t:|1627830278
|move|p2a: Poliwrath|Scald|p1a: Quagsire
|-damage|p1a: Quagsire|50/100
|-status|p1a: Quagsire|brn
|move|p1a: Quagsire|Recover|p1a: Quagsire
|-heal|p1a: Quagsire|99/100 brn
|
|-heal|p2a: Poliwrath|100/100 tox|[from] item: Leftovers
|-damage|p2a: Poliwrath|88/100 tox|[from] psn
|-damage|p1a: Quagsire|94/100 brn|[from] brn
|upkeep
|turn|8
|
|t:|1627830283
|switch|p2a: Stunfisk|Stunfisk-Galar, M|100/100
|-damage|p2a: Stunfisk|97/100|[from] Stealth Rock
|switch|p1a: Aromatisse|Aromatisse, F|100/100
|
|-heal|p2a: Stunfisk|100/100|[from] item: Leftovers
|upkeep
|turn|9
|
|t:|1627830290
|switch|p1a: Tsareena|Tsareena, F|100/100
|move|p2a: Stunfisk|Stealth Rock|p1a: Tsareena
|-sidestart|p1: pult72b yawn|move: Stealth Rock
|
|upkeep
|turn|10
|
|t:|1627830299
|switch|p2a: Turtonator|Turtonator, F|100/100
|move|p1a: Tsareena|Knock Off|p2a: Turtonator
|-damage|p2a: Turtonator|68/100
|-enditem|p2a: Turtonator|Heavy-Duty Boots|[from] move: Knock Off|[of] p1a: Tsareena
|
|upkeep
|turn|11
|
|t:|1627830305
|switch|p1a: Aromatisse|Aromatisse, F|100/100
|-damage|p1a: Aromatisse|88/100|[from] Stealth Rock
|move|p2a: Turtonator|Draco Meteor|p1a: Aromatisse
|-immune|p1a: Aromatisse
|
|-heal|p1a: Aromatisse|94/100|[from] item: Leftovers
|upkeep
|turn|12
|
|t:|1627830311
|switch|p2a: Lunatone|Lunatone|99/100
|-damage|p2a: Lunatone|86/100|[from] Stealth Rock
|move|p1a: Aromatisse|Heal Bell|p1a: Aromatisse
|-activate|p1a: Aromatisse|move: Heal Bell
|-curestatus|p1: Quagsire|brn|[msg]
|
|-heal|p2a: Lunatone|93/100|[from] item: Leftovers
|-heal|p1a: Aromatisse|100/100|[from] item: Leftovers
|upkeep
|turn|13
|
|t:|1627830315
|move|p2a: Lunatone|Future Sight|p1a: Aromatisse
|-start|p2a: Lunatone|move: Future Sight
|move|p1a: Aromatisse|Moonblast|p2a: Lunatone
|-damage|p2a: Lunatone|62/100
|
|-heal|p2a: Lunatone|68/100|[from] item: Leftovers
|upkeep
|turn|14
|
|t:|1627830320
|move|p2a: Lunatone|Power Gem|p1a: Aromatisse
|-damage|p1a: Aromatisse|74/100
|move|p1a: Aromatisse|Wish|p1a: Aromatisse
|
|-heal|p2a: Lunatone|74/100|[from] item: Leftovers
|-heal|p1a: Aromatisse|80/100|[from] item: Leftovers
|upkeep
|turn|15
|
|t:|1627830325
|move|p2a: Lunatone|Power Gem|p1a: Aromatisse
|-damage|p1a: Aromatisse|57/100
|move|p1a: Aromatisse|Moonblast|p2a: Lunatone
|-damage|p2a: Lunatone|42/100
|
|-end|p1a: Aromatisse|move: Future Sight
|-damage|p1a: Aromatisse|22/100
|-heal|p1a: Aromatisse|72/100|[from] move: Wish|[wisher] Aromatisse
|-heal|p2a: Lunatone|49/100|[from] item: Leftovers
|-heal|p1a: Aromatisse|78/100|[from] item: Leftovers
|upkeep
|turn|16
|
|t:|1627830334
|move|p2a: Lunatone|Moonlight|p2a: Lunatone
|-heal|p2a: Lunatone|99/100
|move|p1a: Aromatisse|Moonblast|p2a: Lunatone
|-damage|p2a: Lunatone|63/100
|-unboost|p2a: Lunatone|spa|1
|
|-heal|p2a: Lunatone|70/100|[from] item: Leftovers
|-heal|p1a: Aromatisse|84/100|[from] item: Leftovers
|upkeep
|turn|17
|
|t:|1627830338
|move|p2a: Lunatone|Future Sight|p1a: Aromatisse
|-start|p2a: Lunatone|move: Future Sight
|move|p1a: Aromatisse|Wish|p1a: Aromatisse
|
|-heal|p2a: Lunatone|76/100|[from] item: Leftovers
|-heal|p1a: Aromatisse|91/100|[from] item: Leftovers
|upkeep
|turn|18
|
|t:|1627830355
|switch|p2a: Silvally|Silvally-Ghost|82/100
|-damage|p2a: Silvally|70/100|[from] Stealth Rock
|switch|p1a: Tsareena|Tsareena, F|100/100
|
|upkeep
|turn|19
|
|t:|1627830360
|move|p1a: Tsareena|Power Whip|p2a: Silvally
|-damage|p2a: Silvally|32/100
|move|p2a: Silvally|Multi-Attack|p1a: Tsareena
|-damage|p1a: Tsareena|54/100
|
|-end|p1a: Tsareena|move: Future Sight
|-damage|p1a: Tsareena|0 fnt
|faint|p1a: Tsareena
|upkeep
|
|t:|1627830376
|switch|p1a: Charizard|Charizard, F|100/100
|turn|20
|
|t:|1627830380
|switch|p2a: Lunatone|Lunatone|76/100
|-damage|p2a: Lunatone|63/100|[from] Stealth Rock
|move|p1a: Charizard|Toxic|p2a: Lunatone
|-status|p2a: Lunatone|tox
|
|-heal|p2a: Lunatone|70/100 tox|[from] item: Leftovers
|-damage|p2a: Lunatone|63/100 tox|[from] psn
|upkeep
|turn|21
|
|t:|1627830388
|switch|p1a: Aromatisse|Aromatisse, F|91/100
|-damage|p1a: Aromatisse|78/100|[from] Stealth Rock
|move|p2a: Lunatone|Future Sight|p1a: Aromatisse
|-start|p2a: Lunatone|move: Future Sight
|
|-heal|p2a: Lunatone|70/100 tox|[from] item: Leftovers
|-heal|p1a: Aromatisse|84/100|[from] item: Leftovers
|-damage|p2a: Lunatone|57/100 tox|[from] psn
|upkeep
|turn|22
|j| pult72b z
|
|t:|1627830404
|switch|p2a: Stunfisk|Stunfisk-Galar, M|100/100
|-damage|p2a: Stunfisk|97/100|[from] Stealth Rock
|move|p1a: Aromatisse|Wish|p1a: Aromatisse
|
|-heal|p2a: Stunfisk|100/100|[from] item: Leftovers
|-heal|p1a: Aromatisse|91/100|[from] item: Leftovers
|upkeep
|turn|23
|
|t:|1627830413
|switch|p1a: Charizard|Charizard, F|100/100
|move|p2a: Stunfisk|Yawn|p1a: Charizard
|-start|p1a: Charizard|move: Yawn|[of] p2a: Stunfisk
|
|-end|p1a: Charizard|move: Future Sight
|-damage|p1a: Charizard|43/100
|-heal|p1a: Charizard|99/100|[from] move: Wish|[wisher] Aromatisse
|upkeep
|turn|24
|
|t:|1627830424
|switch|p1a: Quagsire|Quagsire, M|94/100
|switch|p2a: Miltank|Miltank, F|100/100
|
|upkeep
|turn|25
|
|t:|1627830428
|move|p2a: Miltank|Heal Bell|p2a: Miltank
|-activate|p2a: Miltank|move: Heal Bell
|-curestatus|p2: Poliwrath|tox|[msg]
|-curestatus|p2: Lunatone|tox|[msg]
|move|p1a: Quagsire|Toxic|p2a: Miltank
|-status|p2a: Miltank|tox
|
|-damage|p2a: Miltank|94/100 tox|[from] psn
|upkeep
|turn|26
|
|t:|1627830436
|switch|p2a: Poliwrath|Poliwrath, F|88/100
|-damage|p2a: Poliwrath|82/100|[from] Stealth Rock
|move|p1a: Quagsire|Earthquake|p2a: Poliwrath
|-damage|p2a: Poliwrath|60/100
|
|-heal|p2a: Poliwrath|66/100|[from] item: Leftovers
|upkeep
|turn|27
|
|t:|1627830441
|switch|p1a: Aromatisse|Aromatisse, F|91/100
|-damage|p1a: Aromatisse|78/100|[from] Stealth Rock
|move|p2a: Poliwrath|Scald|p1a: Aromatisse
|-damage|p1a: Aromatisse|65/100
|
|-heal|p2a: Poliwrath|72/100|[from] item: Leftovers
|-heal|p1a: Aromatisse|71/100|[from] item: Leftovers
|upkeep
|turn|28
|
|t:|1627830449
|switch|p2a: Lunatone|Lunatone|57/100
|-damage|p2a: Lunatone|45/100|[from] Stealth Rock
|move|p1a: Aromatisse|Moonblast|p2a: Lunatone
|-damage|p2a: Lunatone|12/100
|
|-heal|p2a: Lunatone|18/100|[from] item: Leftovers
|-heal|p1a: Aromatisse|77/100|[from] item: Leftovers
|upkeep
|turn|29
|
|t:|1627830455
|move|p2a: Lunatone|Moonlight|p2a: Lunatone
|-heal|p2a: Lunatone|68/100
|move|p1a: Aromatisse|Moonblast|p2a: Lunatone
|-damage|p2a: Lunatone|33/100
|
|-heal|p2a: Lunatone|40/100|[from] item: Leftovers
|-heal|p1a: Aromatisse|84/100|[from] item: Leftovers
|upkeep
|turn|30
|c|☆pult72b yawn|this thing is so strong
|
|t:|1627830464
|move|p2a: Lunatone|Future Sight|p1a: Aromatisse
|-start|p2a: Lunatone|move: Future Sight
|move|p1a: Aromatisse|Moonblast|p2a: Lunatone
|-damage|p2a: Lunatone|4/100
|
|-heal|p2a: Lunatone|10/100|[from] item: Leftovers
|-heal|p1a: Aromatisse|90/100|[from] item: Leftovers
|upkeep
|turn|31
|c|☆pult72b yawn|!dt lunatone
|raw|<div class="message"><ul class="utilichart"><li class="result"><span class="col numcol">(PU)</span> <span class="col iconcol"><psicon pokemon="lunatone"/></span> <span class="col pokemonnamecol" style="white-space:nowrap"><a href="https://dex.pokemonshowdown.com/pokemon/lunatone" target="_blank">Lunatone</a></span> <span class="col typecol"><img src="https://play.pokemonshowdown.com/sprites/types/Rock.png" alt="Rock" height="14" width="32"><img src="https://play.pokemonshowdown.com/sprites/types/Psychic.png" alt="Psychic" height="14" width="32"></span> <span style="float:left;min-height:26px"><span class="col abilitycol">Levitate</span><span class="col abilitycol"></span></span><span style="float:left;min-height:26px"><span class="col statcol"><em>HP</em><br />90</span> <span class="col statcol"><em>Atk</em><br />55</span> <span class="col statcol"><em>Def</em><br />65</span> <span class="col statcol"><em>SpA</em><br />95</span> <span class="col statcol"><em>SpD</em><br />85</span> <span class="col statcol"><em>Spe</em><br />70</span> <span class="col bstcol"><em>BST<br />460</em></span> </span></li><li style="clear:both"></li></ul></div>
|raw|<font size="1"><font color="#686868">Dex#:</font> 337&nbsp;|&ThickSpace;<font color="#686868">Gen:</font> 3&nbsp;|&ThickSpace;<font color="#686868">Height:</font> 1 m&nbsp;|&ThickSpace;<font color="#686868">Weight:</font> 168 kg <em>(100 BP)</em>&nbsp;|&ThickSpace;<font color="#686868">Dex Colour:</font> Yellow&nbsp;|&ThickSpace;<font color="#686868">Egg Group(s):</font> Mineral&nbsp;|&ThickSpace;<font color="#686868">Does Not Evolve</font></font>

|
|t:|1627830472
|move|p2a: Lunatone|Moonlight|p2a: Lunatone
|-heal|p2a: Lunatone|60/100
|move|p1a: Aromatisse|Moonblast|p2a: Lunatone
|-damage|p2a: Lunatone|28/100
|-unboost|p2a: Lunatone|spa|1
|
|-heal|p2a: Lunatone|34/100|[from] item: Leftovers
|-heal|p1a: Aromatisse|96/100|[from] item: Leftovers
|upkeep
|turn|32
|
|t:|1627830480
|move|p2a: Lunatone|Moonlight|p2a: Lunatone
|-heal|p2a: Lunatone|84/100
|move|p1a: Aromatisse|Wish|p1a: Aromatisse
|
|-end|p1a: Aromatisse|move: Future Sight
|-damage|p1a: Aromatisse|69/100
|-heal|p2a: Lunatone|90/100|[from] item: Leftovers
|-heal|p1a: Aromatisse|75/100|[from] item: Leftovers
|upkeep
|turn|33
|
|t:|1627830486
|move|p2a: Lunatone|Future Sight|p1a: Aromatisse
|-start|p2a: Lunatone|move: Future Sight
|move|p1a: Aromatisse|Moonblast|p2a: Lunatone
|-damage|p2a: Lunatone|58/100
|-unboost|p2a: Lunatone|spa|1
|
|-heal|p1a: Aromatisse|100/100|[from] move: Wish|[wisher] Aromatisse
|-heal|p2a: Lunatone|64/100|[from] item: Leftovers
|upkeep
|turn|34
|
|t:|1627830495
|switch|p2a: Stunfisk|Stunfisk-Galar, M|100/100
|-damage|p2a: Stunfisk|97/100|[from] Stealth Rock
|switch|p1a: Gigalith|Gigalith, M|74/100
|-damage|p1a: Gigalith|62/100|[from] Stealth Rock
|-weather|Sandstorm|[from] ability: Sand Stream|[of] p1a: Gigalith
|
|-weather|Sandstorm|[upkeep]
|-heal|p1a: Gigalith|68/100|[from] item: Leftovers
|-heal|p2a: Stunfisk|100/100|[from] item: Leftovers
|upkeep
|turn|35
|
|t:|1627830514
|move|p1a: Gigalith|Protect|p1a: Gigalith
|-singleturn|p1a: Gigalith|Protect
|move|p2a: Stunfisk|Snap Trap|p1a: Gigalith
|-activate|p1a: Gigalith|move: Protect
|
|-weather|Sandstorm|[upkeep]
|-end|p1a: Gigalith|move: Future Sight
|-damage|p1a: Gigalith|35/100
|-heal|p1a: Gigalith|41/100|[from] item: Leftovers
|upkeep
|turn|36
|
|t:|1627830530
|switch|p1a: Charizard|Charizard, F|99/100
|move|p2a: Stunfisk|Snap Trap|p1a: Charizard
|-resisted|p1a: Charizard
|-damage|p1a: Charizard|97/100
|-activate|p1a: Charizard|move: Snap Trap|[of] p2a: Stunfisk
|
|-weather|Sandstorm|[upkeep]
|-damage|p1a: Charizard|91/100|[from] Sandstorm
|-damage|p1a: Charizard|78/100|[from] move: Snap Trap|[partiallytrapped]
|upkeep
|turn|37
|
|t:|1627830534
|move|p1a: Charizard|Mystical Fire|p2a: Stunfisk
|-supereffective|p2a: Stunfisk
|-damage|p2a: Stunfisk|64/100
|-unboost|p2a: Stunfisk|spa|1
|move|p2a: Stunfisk|Yawn|p1a: Charizard
|-start|p1a: Charizard|move: Yawn|[of] p2a: Stunfisk
|
|-weather|Sandstorm|[upkeep]
|-damage|p1a: Charizard|72/100|[from] Sandstorm
|-heal|p2a: Stunfisk|71/100|[from] item: Leftovers
|-damage|p1a: Charizard|60/100|[from] move: Snap Trap|[partiallytrapped]
|upkeep
|turn|38
|
|t:|1627830538
|switch|p2a: Lunatone|Lunatone|64/100
|-damage|p2a: Lunatone|52/100|[from] Stealth Rock
|move|p1a: Charizard|Mystical Fire|p2a: Lunatone
|-resisted|p2a: Lunatone
|-damage|p2a: Lunatone|42/100
|-unboost|p2a: Lunatone|spa|1
|
|-weather|none
|-heal|p2a: Lunatone|48/100|[from] item: Leftovers
|-end|p1a: Charizard|Snap Trap|[partiallytrapped]|[silent]
|-end|p1a: Charizard|move: Yawn|[silent]
|-status|p1a: Charizard|slp
|upkeep
|turn|39
|
|t:|1627830545
|switch|p1a: Aromatisse|Aromatisse, F|100/100
|-damage|p1a: Aromatisse|88/100|[from] Stealth Rock
|move|p2a: Lunatone|Future Sight|p1a: Aromatisse
|-start|p2a: Lunatone|move: Future Sight
|
|-heal|p2a: Lunatone|54/100|[from] item: Leftovers
|-heal|p1a: Aromatisse|94/100|[from] item: Leftovers
|upkeep
|turn|40
|
|t:|1627830552
|switch|p2a: Silvally|Silvally-Ghost|32/100
|-damage|p2a: Silvally|20/100|[from] Stealth Rock
|move|p1a: Aromatisse|Heal Bell|p1a: Aromatisse
|-activate|p1a: Aromatisse|move: Heal Bell
|-curestatus|p1: Charizard|slp|[msg]
|
|-heal|p1a: Aromatisse|100/100|[from] item: Leftovers
|upkeep
|turn|41
|j| fdfhhgdd
|
|t:|1627830574
|move|p2a: Silvally|Rest|p2a: Silvally
|-status|p2a: Silvally|slp|[from] move: Rest
|-heal|p2a: Silvally|100/100 slp|[silent]
|move|p1a: Aromatisse|Moonblast|p2a: Silvally
|-damage|p2a: Silvally|70/100 slp
|-unboost|p2a: Silvally|spa|1
|
|-end|p1a: Aromatisse|move: Future Sight
|-damage|p1a: Aromatisse|62/100
|-heal|p1a: Aromatisse|68/100|[from] item: Leftovers
|upkeep
|turn|42
|
|t:|1627830583
|cant|p2a: Silvally|slp
|move|p2a: Silvally|Sleep Talk|p2a: Silvally
|move|p2a: Silvally|Roar|p1a: Aromatisse|[from]move: Sleep Talk
|drag|p1a: Charizard|Charizard, F|60/100
|
|upkeep
|turn|43
|
|t:|1627830599
|move|p1a: Charizard|Mystical Fire|p2a: Silvally
|-damage|p2a: Silvally|42/100 slp
|-unboost|p2a: Silvally|spa|1
|cant|p2a: Silvally|slp
|move|p2a: Silvally|Sleep Talk|p2a: Silvally
|move|p2a: Silvally|Roar|p1a: Charizard|[from]move: Sleep Talk
|drag|p1a: Quagsire|Quagsire, M|94/100
|
|upkeep
|turn|44
|
|t:|1627830611
|-curestatus|p2a: Silvally|slp|[msg]
|move|p2a: Silvally|Rest|p2a: Silvally
|-status|p2a: Silvally|slp|[from] move: Rest
|-heal|p2a: Silvally|100/100 slp|[silent]
|move|p1a: Quagsire|Earthquake|p2a: Silvally
|-damage|p2a: Silvally|80/100 slp
|
|upkeep
|turn|45
|
|t:|1627830616
|cant|p2a: Silvally|slp
|move|p2a: Silvally|Sleep Talk|p2a: Silvally
|move|p2a: Silvally|Rest||[from]move: Sleep Talk|[still]
|-fail|p2a: Silvally
|move|p1a: Quagsire|Earthquake|p2a: Silvally
|-damage|p2a: Silvally|60/100 slp
|
|upkeep
|turn|46
|
|t:|1627830626
|cant|p2a: Silvally|slp
|move|p2a: Silvally|Sleep Talk|p2a: Silvally
|move|p2a: Silvally|Rest||[from]move: Sleep Talk|[still]
|-fail|p2a: Silvally
|move|p1a: Quagsire|Earthquake|p2a: Silvally
|-damage|p2a: Silvally|41/100 slp
|
|upkeep
|turn|47
|
|t:|1627830634
|switch|p1a: Charizard|Charizard, F|60/100
|-curestatus|p2a: Silvally|slp|[msg]
|move|p2a: Silvally|Rest|p2a: Silvally
|-status|p2a: Silvally|slp|[from] move: Rest
|-heal|p2a: Silvally|100/100 slp|[silent]
|
|upkeep
|turn|48
|
|t:|1627830639
|move|p1a: Charizard|Roost|p1a: Charizard
|-heal|p1a: Charizard|100/100
|-singleturn|p1a: Charizard|move: Roost
|cant|p2a: Silvally|slp
|move|p2a: Silvally|Sleep Talk|p2a: Silvally
|move|p2a: Silvally|Roar|p1a: Charizard|[from]move: Sleep Talk
|drag|p1a: Quagsire|Quagsire, M|94/100
|
|upkeep
|turn|49
|
|t:|1627830644
|cant|p2a: Silvally|slp
|move|p2a: Silvally|Sleep Talk|p2a: Silvally
|move|p2a: Silvally|Rest||[from]move: Sleep Talk|[still]
|-fail|p2a: Silvally
|move|p1a: Quagsire|Scald|p2a: Silvally
|-damage|p2a: Silvally|84/100 slp
|
|upkeep
|turn|50
|
|t:|1627830651
|switch|p2a: Poliwrath|Poliwrath, F|72/100
|-damage|p2a: Poliwrath|66/100|[from] Stealth Rock
|move|p1a: Quagsire|Earthquake|p2a: Poliwrath
|-damage|p2a: Poliwrath|47/100
|
|-heal|p2a: Poliwrath|53/100|[from] item: Leftovers
|upkeep
|turn|51
|
|t:|1627830656
|move|p2a: Poliwrath|Scald|p1a: Quagsire
|-damage|p1a: Quagsire|68/100
|-status|p1a: Quagsire|brn
|move|p1a: Quagsire|Toxic|p2a: Poliwrath
|-status|p2a: Poliwrath|tox
|
|-heal|p2a: Poliwrath|60/100 tox|[from] item: Leftovers
|-damage|p2a: Poliwrath|53/100 tox|[from] psn
|-damage|p1a: Quagsire|62/100 brn|[from] brn
|upkeep
|turn|52
|
|t:|1627830663
|move|p2a: Poliwrath|Rest|p2a: Poliwrath
|-status|p2a: Poliwrath|slp|[from] move: Rest
|-heal|p2a: Poliwrath|100/100 slp|[silent]
|move|p1a: Quagsire|Recover|p1a: Quagsire
|-heal|p1a: Quagsire|100/100 brn
|
|-damage|p1a: Quagsire|94/100 brn|[from] brn
|upkeep
|turn|53
|
|t:|1627830668
|switch|p1a: Aromatisse|Aromatisse, F|68/100
|-damage|p1a: Aromatisse|56/100|[from] Stealth Rock
|cant|p2a: Poliwrath|slp
|move|p2a: Poliwrath|Sleep Talk|p2a: Poliwrath
|move|p2a: Poliwrath|Rest||[from]move: Sleep Talk|[still]
|-fail|p2a: Poliwrath
|
|-heal|p1a: Aromatisse|62/100|[from] item: Leftovers
|upkeep
|turn|54
|
|t:|1627830677
|switch|p2a: Stunfisk|Stunfisk-Galar, M|71/100
|-damage|p2a: Stunfisk|68/100|[from] Stealth Rock
|move|p1a: Aromatisse|Wish|p1a: Aromatisse
|
|-heal|p2a: Stunfisk|74/100|[from] item: Leftovers
|-heal|p1a: Aromatisse|68/100|[from] item: Leftovers
|upkeep
|turn|55
|
|t:|1627830693
|switch|p1a: Charizard|Charizard, F|100/100
|move|p2a: Stunfisk|Yawn|p1a: Charizard
|-start|p1a: Charizard|move: Yawn|[of] p2a: Stunfisk
|
|-heal|p2a: Stunfisk|80/100|[from] item: Leftovers
|upkeep
|turn|56
|
|t:|1627830703
|move|p1a: Charizard|Mystical Fire|p2a: Stunfisk
|-supereffective|p2a: Stunfisk
|-damage|p2a: Stunfisk|42/100
|-unboost|p2a: Stunfisk|spa|1
|move|p2a: Stunfisk|Snap Trap|p1a: Charizard
|-resisted|p1a: Charizard
|-damage|p1a: Charizard|98/100
|-activate|p1a: Charizard|move: Snap Trap|[of] p2a: Stunfisk
|
|-heal|p2a: Stunfisk|49/100|[from] item: Leftovers
|-damage|p1a: Charizard|86/100|[from] move: Snap Trap|[partiallytrapped]
|-end|p1a: Charizard|move: Yawn|[silent]
|-status|p1a: Charizard|slp
|upkeep
|turn|57
|
|t:|1627830710
|switch|p2a: Lunatone|Lunatone|54/100
|-damage|p2a: Lunatone|42/100|[from] Stealth Rock
|cant|p1a: Charizard|slp
|
|-heal|p2a: Lunatone|48/100|[from] item: Leftovers
|-end|p1a: Charizard|Snap Trap|[partiallytrapped]|[silent]
|upkeep
|turn|58
|
|t:|1627830716
|switch|p1a: Aromatisse|Aromatisse, F|68/100
|-damage|p1a: Aromatisse|56/100|[from] Stealth Rock
|move|p2a: Lunatone|Future Sight|p1a: Aromatisse
|-start|p2a: Lunatone|move: Future Sight
|
|-heal|p2a: Lunatone|54/100|[from] item: Leftovers
|-heal|p1a: Aromatisse|62/100|[from] item: Leftovers
|upkeep
|turn|59
|
|t:|1627830723
|switch|p2a: Silvally|Silvally-Ghost|84/100 slp
|-damage|p2a: Silvally|71/100 slp|[from] Stealth Rock
|move|p1a: Aromatisse|Wish|p1a: Aromatisse
|
|-heal|p1a: Aromatisse|68/100|[from] item: Leftovers
|upkeep
|turn|60
|
|t:|1627830730
|move|p1a: Aromatisse|Protect|p1a: Aromatisse
|-singleturn|p1a: Aromatisse|Protect
|-curestatus|p2a: Silvally|slp|[msg]
|move|p2a: Silvally|Roar|p1a: Aromatisse
|drag|p1a: Charizard|Charizard, F|86/100 slp
|
|-end|p1a: Charizard|move: Future Sight
|-damage|p1a: Charizard|24/100 slp
|-heal|p1a: Charizard|80/100 slp|[from] move: Wish|[wisher] Aromatisse
|upkeep
|turn|61
|
|t:|1627830741
|switch|p1a: Quagsire|Quagsire, M|94/100 brn
|move|p2a: Silvally|Multi-Attack|p1a: Quagsire
|-damage|p1a: Quagsire|68/100 brn
|
|-damage|p1a: Quagsire|61/100 brn|[from] brn
|upkeep
|turn|62
|
|t:|1627830758
|switch|p2a: Poliwrath|Poliwrath, F|100/100 slp
|-damage|p2a: Poliwrath|94/100 slp|[from] Stealth Rock
|move|p1a: Quagsire|Recover|p1a: Quagsire
|-heal|p1a: Quagsire|100/100 brn
|
|-heal|p2a: Poliwrath|100/100 slp|[from] item: Leftovers
|-damage|p1a: Quagsire|94/100 brn|[from] brn
|upkeep
|turn|63
|
|t:|1627830763
|switch|p1a: Aromatisse|Aromatisse, F|68/100
|-damage|p1a: Aromatisse|56/100|[from] Stealth Rock
|cant|p2a: Poliwrath|slp
|move|p2a: Poliwrath|Sleep Talk|p2a: Poliwrath
|move|p2a: Poliwrath|Circle Throw|p1a: Aromatisse|[from]move: Sleep Talk
|-resisted|p1a: Aromatisse
|-damage|p1a: Aromatisse|45/100
|drag|p1a: Gigalith|Gigalith, M|41/100
|-damage|p1a: Gigalith|28/100|[from] Stealth Rock
|-weather|Sandstorm|[from] ability: Sand Stream|[of] p1a: Gigalith
|
|-weather|Sandstorm|[upkeep]
|-damage|p2a: Poliwrath|94/100 slp|[from] Sandstorm
|-heal|p2a: Poliwrath|100/100 slp|[from] item: Leftovers
|-heal|p1a: Gigalith|34/100|[from] item: Leftovers
|upkeep
|turn|64
|
|t:|1627830778
|switch|p2a: Stunfisk|Stunfisk-Galar, M|49/100
|-damage|p2a: Stunfisk|46/100|[from] Stealth Rock
|move|p1a: Gigalith|Protect||[still]
|-fail|p1a: Gigalith
|
|-weather|Sandstorm|[upkeep]
|-heal|p1a: Gigalith|40/100|[from] item: Leftovers
|-heal|p2a: Stunfisk|52/100|[from] item: Leftovers
|upkeep
|turn|65
|
|t:|1627830785
|move|p1a: Gigalith|Earthquake|p2a: Stunfisk
|-supereffective|p2a: Stunfisk
|-damage|p2a: Stunfisk|0 fnt
|faint|p2a: Stunfisk
|
|-weather|Sandstorm|[upkeep]
|-heal|p1a: Gigalith|46/100|[from] item: Leftovers
|upkeep
|inactive|thinking of chu has 120 seconds left.
|
|t:|1627830811
|switch|p2a: Poliwrath|Poliwrath, F|100/100 slp
|-damage|p2a: Poliwrath|94/100 slp|[from] Stealth Rock
|turn|66
|
|t:|1627830814
|move|p1a: Gigalith|Protect|p1a: Gigalith
|-singleturn|p1a: Gigalith|Protect
|-curestatus|p2a: Poliwrath|slp|[msg]
|move|p2a: Poliwrath|Circle Throw|p1a: Gigalith
|-activate|p1a: Gigalith|move: Protect
|
|-weather|Sandstorm|[upkeep]
|-damage|p2a: Poliwrath|88/100|[from] Sandstorm
|-heal|p2a: Poliwrath|94/100|[from] item: Leftovers
|-heal|p1a: Gigalith|52/100|[from] item: Leftovers
|upkeep
|turn|67
|
|t:|1627830823
|switch|p1a: Silvally|Silvally-Ghost|100/100
|-damage|p1a: Silvally|88/100|[from] Stealth Rock
|move|p2a: Poliwrath|Scald|p1a: Silvally
|-damage|p1a: Silvally|65/100
|
|-weather|none
|-heal|p2a: Poliwrath|100/100|[from] item: Leftovers
|upkeep
|turn|68
|
|t:|1627830830
|switch|p2a: Miltank|Miltank, F|94/100 tox
|move|p1a: Silvally|Swords Dance|p1a: Silvally
|-boost|p1a: Silvally|atk|2
|
|-damage|p2a: Miltank|88/100 tox|[from] psn
|upkeep
|turn|69
|j| eifo
|
|t:|1627830845
|move|p1a: Silvally|Swords Dance|p1a: Silvally
|-boost|p1a: Silvally|atk|2
|move|p2a: Miltank|Defense Curl|p2a: Miltank
|-boost|p2a: Miltank|def|1
|
|-damage|p2a: Miltank|76/100 tox|[from] psn
|upkeep
|turn|70
|
|t:|1627830851
|move|p1a: Silvally|Flame Charge|p2a: Miltank
|-damage|p2a: Miltank|59/100 tox
|-boost|p1a: Silvally|spe|1
|move|p2a: Miltank|Heal Bell|p2a: Miltank
|-activate|p2a: Miltank|move: Heal Bell
|-curestatus|p2a: Miltank|tox|[msg]
|
|upkeep
|turn|71
|
|t:|1627830862
|move|p1a: Silvally|Swords Dance|p1a: Silvally
|-boost|p1a: Silvally|atk|2
|move|p2a: Miltank|Milk Drink|p2a: Miltank
|-heal|p2a: Miltank|100/100
|
|upkeep
|turn|72
|
|t:|1627830867
|move|p1a: Silvally|Flame Charge|p2a: Miltank
|-crit|p2a: Miltank
|-damage|p2a: Miltank|45/100
|-boost|p1a: Silvally|spe|1
|move|p2a: Miltank|Defense Curl|p2a: Miltank
|-boost|p2a: Miltank|def|1
|
|upkeep
|turn|73
|
|t:|1627830876
|move|p1a: Silvally|Flame Charge|p2a: Miltank
|-damage|p2a: Miltank|28/100
|-boost|p1a: Silvally|spe|1
|move|p2a: Miltank|Milk Drink|p2a: Miltank
|-heal|p2a: Miltank|78/100
|
|upkeep
|turn|74
|
|t:|1627830882
|switch|p1a: Quagsire|Quagsire, M|94/100 brn
|move|p2a: Miltank|Body Press|p1a: Quagsire
|-damage|p1a: Quagsire|76/100 brn
|
|-damage|p1a: Quagsire|70/100 brn|[from] brn
|upkeep
|turn|75
|
|t:|1627830890
|switch|p2a: Poliwrath|Poliwrath, F|100/100
|-damage|p2a: Poliwrath|94/100|[from] Stealth Rock
|move|p1a: Quagsire|Toxic|p2a: Poliwrath
|-status|p2a: Poliwrath|tox
|
|-heal|p2a: Poliwrath|100/100 tox|[from] item: Leftovers
|-damage|p2a: Poliwrath|94/100 tox|[from] psn
|-damage|p1a: Quagsire|63/100 brn|[from] brn
|upkeep
|turn|76
|
|t:|1627830895
|switch|p2a: Silvally|Silvally-Ghost|71/100
|-damage|p2a: Silvally|59/100|[from] Stealth Rock
|move|p1a: Quagsire|Recover|p1a: Quagsire
|-heal|p1a: Quagsire|100/100 brn
|
|-damage|p1a: Quagsire|94/100 brn|[from] brn
|upkeep
|turn|77
|
|t:|1627830901
|move|p2a: Silvally|Multi-Attack|p1a: Quagsire
|-damage|p1a: Quagsire|65/100 brn
|move|p1a: Quagsire|Scald|p2a: Silvally
|-damage|p2a: Silvally|41/100
|-status|p2a: Silvally|brn
|
|-damage|p2a: Silvally|35/100 brn|[from] brn
|-damage|p1a: Quagsire|59/100 brn|[from] brn
|upkeep
|turn|78
|
|t:|1627830910
|move|p2a: Silvally|Rest|p2a: Silvally
|-status|p2a: Silvally|slp|[from] move: Rest
|-heal|p2a: Silvally|100/100 slp|[silent]
|move|p1a: Quagsire|Recover|p1a: Quagsire
|-heal|p1a: Quagsire|100/100 brn
|
|-damage|p1a: Quagsire|94/100 brn|[from] brn
|upkeep
|turn|79
|
|t:|1627830918
|switch|p1a: Charizard|Charizard, F|80/100 slp
|cant|p2a: Silvally|slp
|move|p2a: Silvally|Sleep Talk|p2a: Silvally
|move|p2a: Silvally|Multi-Attack|p1a: Charizard|[from]move: Sleep Talk
|-damage|p1a: Charizard|37/100 slp
|
|upkeep
|turn|80
|
|t:|1627830937
|switch|p1a: Quagsire|Quagsire, M|94/100 brn
|switch|p2a: Lunatone|Lunatone|54/100
|-damage|p2a: Lunatone|42/100|[from] Stealth Rock
|
|-heal|p2a: Lunatone|48/100|[from] item: Leftovers
|-damage|p1a: Quagsire|88/100 brn|[from] brn
|upkeep
|turn|81
|
|t:|1627830945
|move|p2a: Lunatone|Moonlight|p2a: Lunatone
|-heal|p2a: Lunatone|98/100
|move|p1a: Quagsire|Scald|p2a: Lunatone
|-supereffective|p2a: Lunatone
|-damage|p2a: Lunatone|61/100
|
|-heal|p2a: Lunatone|68/100|[from] item: Leftovers
|-damage|p1a: Quagsire|82/100 brn|[from] brn
|upkeep
|turn|82
|
|t:|1627830959
|move|p2a: Lunatone|Future Sight|p1a: Quagsire
|-start|p2a: Lunatone|move: Future Sight
|move|p1a: Quagsire|Scald|p2a: Lunatone
|-supereffective|p2a: Lunatone
|-damage|p2a: Lunatone|32/100
|
|-heal|p2a: Lunatone|38/100|[from] item: Leftovers
|-damage|p1a: Quagsire|76/100 brn|[from] brn
|upkeep
|turn|83
|
|t:|1627830986
|switch|p2a: Turtonator|Turtonator, F|68/100
|-damage|p2a: Turtonator|43/100|[from] Stealth Rock
|move|p1a: Quagsire|Scald|p2a: Turtonator
|-damage|p2a: Turtonator|12/100
|
|-damage|p1a: Quagsire|70/100 brn|[from] brn
|upkeep
|turn|84
|
|t:|1627830995
|switch|p1a: Silvally|Silvally-Ghost|65/100
|-damage|p1a: Silvally|52/100|[from] Stealth Rock
|move|p2a: Turtonator|Draco Meteor|p1a: Silvally
|-damage|p1a: Silvally|0 fnt
|-unboost|p2a: Turtonator|spa|2
|faint|p1a: Silvally
|
|-hint|Future Sight did not hit because the target is fainted.
|upkeep
|
|t:|1627831003
|switch|p1a: Aromatisse|Aromatisse, F|45/100
|-damage|p1a: Aromatisse|32/100|[from] Stealth Rock
|turn|85
|
|t:|1627831008
|move|p2a: Turtonator|Rapid Spin|p1a: Aromatisse
|-damage|p1a: Aromatisse|22/100
|-boost|p2a: Turtonator|spe|1
|-sideend|p2: thinking of chu|Stealth Rock|[from] move: Rapid Spin|[of] p2a: Turtonator
|move|p1a: Aromatisse|Wish|p1a: Aromatisse
|
|-heal|p1a: Aromatisse|28/100|[from] item: Leftovers
|upkeep
|turn|86
|
|t:|1627831015
|switch|p2a: Silvally|Silvally-Ghost|100/100 slp
|move|p1a: Aromatisse|Moonblast|p2a: Silvally
|-damage|p2a: Silvally|69/100 slp
|
|-heal|p1a: Aromatisse|78/100|[from] move: Wish|[wisher] Aromatisse
|-heal|p1a: Aromatisse|84/100|[from] item: Leftovers
|upkeep
|turn|87
|
|t:|1627831024
|cant|p2a: Silvally|slp
|move|p2a: Silvally|Sleep Talk|p2a: Silvally
|move|p2a: Silvally|Multi-Attack|p1a: Aromatisse|[from]move: Sleep Talk
|-damage|p1a: Aromatisse|38/100
|move|p1a: Aromatisse|Wish|p1a: Aromatisse
|
|-heal|p1a: Aromatisse|45/100|[from] item: Leftovers
|upkeep
|turn|88
|
|t:|1627831035
|-curestatus|p2a: Silvally|slp|[msg]
|move|p2a: Silvally|Multi-Attack|p1a: Aromatisse
|-damage|p1a: Aromatisse|0 fnt
|faint|p1a: Aromatisse
|
|upkeep
|j| Hakkerskaldyr
|
|t:|1627831045
|switch|p1a: Gigalith|Gigalith, M|52/100
|-damage|p1a: Gigalith|40/100|[from] Stealth Rock
|-weather|Sandstorm|[from] ability: Sand Stream|[of] p1a: Gigalith
|turn|89
|
|t:|1627831051
|move|p2a: Silvally|Multi-Attack|p1a: Gigalith
|-damage|p1a: Gigalith|11/100
|move|p1a: Gigalith|Rock Blast|p2a: Silvally
|-damage|p2a: Silvally|61/100
|-damage|p2a: Silvally|52/100
|-damage|p2a: Silvally|45/100
|-damage|p2a: Silvally|37/100
|-hitcount|p2a: Silvally|4
|
|-weather|Sandstorm|[upkeep]
|-damage|p2a: Silvally|31/100|[from] Sandstorm
|-heal|p1a: Gigalith|17/100|[from] item: Leftovers
|upkeep
|turn|90
|
|t:|1627831061
|move|p1a: Gigalith|Protect|p1a: Gigalith
|-singleturn|p1a: Gigalith|Protect
|move|p2a: Silvally|Multi-Attack|p1a: Gigalith
|-activate|p1a: Gigalith|move: Protect
|
|-weather|Sandstorm|[upkeep]
|-damage|p2a: Silvally|25/100|[from] Sandstorm
|-heal|p1a: Gigalith|23/100|[from] item: Leftovers
|upkeep
|turn|91
|
|t:|1627831065
|switch|p1a: Quagsire|Quagsire, M|70/100 brn
|move|p2a: Silvally|Multi-Attack|p1a: Quagsire
|-damage|p1a: Quagsire|44/100 brn
|
|-weather|Sandstorm|[upkeep]
|-damage|p2a: Silvally|19/100|[from] Sandstorm
|-damage|p1a: Quagsire|38/100 brn|[from] brn
|upkeep
|turn|92
|
|t:|1627831070
|move|p2a: Silvally|Rest|p2a: Silvally
|-status|p2a: Silvally|slp|[from] move: Rest
|-heal|p2a: Silvally|100/100 slp|[silent]
|move|p1a: Quagsire|Recover|p1a: Quagsire
|-heal|p1a: Quagsire|88/100 brn
|
|-weather|Sandstorm|[upkeep]
|-damage|p2a: Silvally|94/100 slp|[from] Sandstorm
|-damage|p1a: Quagsire|82/100 brn|[from] brn
|upkeep
|turn|93
|
|t:|1627831075
|cant|p2a: Silvally|slp
|move|p2a: Silvally|Sleep Talk|p2a: Silvally
|move|p2a: Silvally|Rest||[from]move: Sleep Talk|[still]
|-fail|p2a: Silvally
|move|p1a: Quagsire|Scald|p2a: Silvally
|-damage|p2a: Silvally|78/100 slp
|
|-weather|none
|-damage|p1a: Quagsire|76/100 brn|[from] brn
|upkeep
|turn|94
|
|t:|1627831083
|cant|p2a: Silvally|slp
|move|p2a: Silvally|Sleep Talk|p2a: Silvally
|move|p2a: Silvally|Multi-Attack|p1a: Quagsire|[from]move: Sleep Talk
|-damage|p1a: Quagsire|50/100 brn
|move|p1a: Quagsire|Recover|p1a: Quagsire
|-heal|p1a: Quagsire|99/100 brn
|
|-damage|p1a: Quagsire|94/100 brn|[from] brn
|upkeep
|turn|95
|
|t:|1627831090
|switch|p2a: Poliwrath|Poliwrath, F|94/100 tox
|move|p1a: Quagsire|Toxic|p2a: Poliwrath|[miss]
|-miss|p1a: Quagsire|p2a: Poliwrath
|
|-heal|p2a: Poliwrath|100/100 tox|[from] item: Leftovers
|-damage|p2a: Poliwrath|94/100 tox|[from] psn
|-damage|p1a: Quagsire|88/100 brn|[from] brn
|upkeep
|turn|96
|
|t:|1627831098
|move|p2a: Poliwrath|Scald|p1a: Quagsire
|-damage|p1a: Quagsire|63/100 brn
|move|p1a: Quagsire|Earthquake|p2a: Poliwrath
|-damage|p2a: Poliwrath|84/100 tox
|
|-heal|p2a: Poliwrath|90/100 tox|[from] item: Leftovers
|-damage|p2a: Poliwrath|78/100 tox|[from] psn
|-damage|p1a: Quagsire|57/100 brn|[from] brn
|upkeep
|turn|97
|
|t:|1627831105
|move|p2a: Poliwrath|Rest|p2a: Poliwrath
|-status|p2a: Poliwrath|slp|[from] move: Rest
|-heal|p2a: Poliwrath|100/100 slp|[silent]
|move|p1a: Quagsire|Recover|p1a: Quagsire
|-heal|p1a: Quagsire|100/100 brn
|
|-damage|p1a: Quagsire|94/100 brn|[from] brn
|upkeep
|turn|98
|
|t:|1627831108
|switch|p1a: Charizard|Charizard, F|37/100 slp
|cant|p2a: Poliwrath|slp
|move|p2a: Poliwrath|Sleep Talk|p2a: Poliwrath
|move|p2a: Poliwrath|Rest||[from]move: Sleep Talk|[still]
|-fail|p2a: Poliwrath
|
|upkeep
|turn|99
|
|t:|1627831112
|switch|p2a: Lunatone|Lunatone|38/100
|-curestatus|p1a: Charizard|slp|[msg]
|move|p1a: Charizard|Roost|p1a: Charizard
|-heal|p1a: Charizard|87/100
|-singleturn|p1a: Charizard|move: Roost
|
|-heal|p2a: Lunatone|44/100|[from] item: Leftovers
|upkeep
|turn|100
|
|t:|1627831123
|switch|p1a: Quagsire|Quagsire, M|94/100 brn
|move|p2a: Lunatone|Power Gem|p1a: Quagsire
|-resisted|p1a: Quagsire
|-damage|p1a: Quagsire|71/100 brn
|
|-heal|p2a: Lunatone|50/100|[from] item: Leftovers
|-damage|p1a: Quagsire|65/100 brn|[from] brn
|upkeep
|turn|101
|
|t:|1627831129
|move|p2a: Lunatone|Future Sight|p1a: Quagsire
|-start|p2a: Lunatone|move: Future Sight
|move|p1a: Quagsire|Scald|p2a: Lunatone
|-supereffective|p2a: Lunatone
|-damage|p2a: Lunatone|14/100
|
|-heal|p2a: Lunatone|20/100|[from] item: Leftovers
|-damage|p1a: Quagsire|59/100 brn|[from] brn
|upkeep
|turn|102
|
|t:|1627831136
|move|p2a: Lunatone|Moonlight|p2a: Lunatone
|-heal|p2a: Lunatone|70/100
|move|p1a: Quagsire|Toxic|p2a: Lunatone
|-status|p2a: Lunatone|tox
|
|-heal|p2a: Lunatone|77/100 tox|[from] item: Leftovers
|-damage|p2a: Lunatone|70/100 tox|[from] psn
|-damage|p1a: Quagsire|53/100 brn|[from] brn
|upkeep
|turn|103
|
|t:|1627831149
|switch|p1a: Gigalith|Gigalith, M|23/100
|-damage|p1a: Gigalith|11/100|[from] Stealth Rock
|-weather|Sandstorm|[from] ability: Sand Stream|[of] p1a: Gigalith
|move|p2a: Lunatone|Earth Power|p1a: Gigalith
|-supereffective|p1a: Gigalith
|-damage|p1a: Gigalith|0 fnt
|faint|p1a: Gigalith
|
|-weather|Sandstorm|[upkeep]
|-hint|Future Sight did not hit because the target is fainted.
|-heal|p2a: Lunatone|77/100 tox|[from] item: Leftovers
|-damage|p2a: Lunatone|64/100 tox|[from] psn
|upkeep
|
|t:|1627831154
|switch|p1a: Quagsire|Quagsire, M|53/100 brn
|turn|104
|
|t:|1627831164
|move|p2a: Lunatone|Future Sight|p1a: Quagsire
|-start|p2a: Lunatone|move: Future Sight
|move|p1a: Quagsire|Scald|p2a: Lunatone
|-supereffective|p2a: Lunatone
|-damage|p2a: Lunatone|36/100 tox
|
|-weather|Sandstorm|[upkeep]
|-heal|p2a: Lunatone|42/100 tox|[from] item: Leftovers
|-damage|p2a: Lunatone|23/100 tox|[from] psn
|-damage|p1a: Quagsire|47/100 brn|[from] brn
|upkeep
|turn|105
|
|t:|1627831172
|switch|p2a: Poliwrath|Poliwrath, F|100/100 slp
|move|p1a: Quagsire|Scald|p2a: Poliwrath
|-immune|p2a: Poliwrath|[from] ability: Water Absorb
|
|-weather|Sandstorm|[upkeep]
|-damage|p2a: Poliwrath|94/100 slp|[from] Sandstorm
|-heal|p2a: Poliwrath|100/100 slp|[from] item: Leftovers
|-damage|p1a: Quagsire|41/100 brn|[from] brn
|upkeep
|turn|106
|
|t:|1627831180
|cant|p2a: Poliwrath|slp
|move|p1a: Quagsire|Recover|p1a: Quagsire
|-heal|p1a: Quagsire|91/100 brn
|
|-weather|Sandstorm|[upkeep]
|-damage|p2a: Poliwrath|94/100 slp|[from] Sandstorm
|-end|p1a: Quagsire|move: Future Sight
|-damage|p1a: Quagsire|22/100 brn
|-heal|p2a: Poliwrath|100/100 slp|[from] item: Leftovers
|-damage|p1a: Quagsire|16/100 brn|[from] brn
|upkeep
|turn|107
|
|t:|1627831187
|-curestatus|p2a: Poliwrath|slp|[msg]
|move|p2a: Poliwrath|Scald|p1a: Quagsire
|-crit|p1a: Quagsire
|-damage|p1a: Quagsire|0 fnt
|faint|p1a: Quagsire
|
|-weather|none
|upkeep
|
|t:|1627831190
|switch|p1a: Charizard|Charizard, F|87/100
|turn|108
|
|t:|1627831193
|move|p1a: Charizard|Air Slash|p2a: Poliwrath
|-supereffective|p2a: Poliwrath
|-crit|p2a: Poliwrath
|-damage|p2a: Poliwrath|17/100
|cant|p2a: Poliwrath|flinch
|
|-heal|p2a: Poliwrath|23/100|[from] item: Leftovers
|upkeep
|turn|109
|
|t:|1627831199
|move|p1a: Charizard|Air Slash|p2a: Poliwrath
|-supereffective|p2a: Poliwrath
|-damage|p2a: Poliwrath|0 fnt
|faint|p2a: Poliwrath
|
|upkeep
|
|t:|1627831200
|switch|p2a: Miltank|Miltank, F|78/100
|turn|110
|
|t:|1627831209
|move|p1a: Charizard|Air Slash|p2a: Miltank|[miss]
|-miss|p1a: Charizard|p2a: Miltank
|move|p2a: Miltank|Heal Bell|p2a: Miltank
|-activate|p2a: Miltank|move: Heal Bell
|-curestatus|p2: Lunatone|tox|[msg]
|-curestatus|p2: Silvally|slp|[msg]
|
|upkeep
|turn|111
|
|t:|1627831213
|move|p1a: Charizard|Toxic|p2a: Miltank|[miss]
|-miss|p1a: Charizard|p2a: Miltank
|move|p2a: Miltank|Body Press|p1a: Charizard
|-resisted|p1a: Charizard
|-damage|p1a: Charizard|71/100
|
|upkeep
|turn|112
|
|t:|1627831217
|move|p1a: Charizard|Toxic|p2a: Miltank
|-status|p2a: Miltank|tox
|move|p2a: Miltank|Body Press|p1a: Charizard
|-resisted|p1a: Charizard
|-damage|p1a: Charizard|56/100
|
|-damage|p2a: Miltank|72/100 tox|[from] psn
|upkeep
|turn|113
|
|t:|1627831229
|move|p1a: Charizard|Air Slash|p2a: Miltank
|-damage|p2a: Miltank|39/100 tox
|move|p2a: Miltank|Body Press|p1a: Charizard
|-resisted|p1a: Charizard
|-damage|p1a: Charizard|40/100
|
|-damage|p2a: Miltank|26/100 tox|[from] psn
|upkeep
|turn|114
|
|t:|1627831234
|move|p1a: Charizard|Roost|p1a: Charizard
|-heal|p1a: Charizard|90/100
|-singleturn|p1a: Charizard|move: Roost
|move|p2a: Miltank|Body Press|p1a: Charizard
|-damage|p1a: Charizard|62/100
|
|-damage|p2a: Miltank|8/100 tox|[from] psn
|upkeep
|turn|115
|
|t:|1627831239
|move|p1a: Charizard|Roost|p1a: Charizard
|-heal|p1a: Charizard|100/100
|-singleturn|p1a: Charizard|move: Roost
|move|p2a: Miltank|Body Press|p1a: Charizard
|-damage|p1a: Charizard|72/100
|
|-damage|p2a: Miltank|0 fnt|[from] psn
|faint|p2a: Miltank
|upkeep
|
|t:|1627831241
|switch|p2a: Lunatone|Lunatone|23/100
|turn|116
|
|t:|1627831245
|move|p1a: Charizard|Mystical Fire|p2a: Lunatone
|-resisted|p2a: Lunatone
|-damage|p2a: Lunatone|10/100
|-unboost|p2a: Lunatone|spa|1
|move|p2a: Lunatone|Power Gem|p1a: Charizard
|-supereffective|p1a: Charizard
|-damage|p1a: Charizard|0 fnt
|faint|p1a: Charizard
|
|win|thinking of chu
|raw|pult72b yawn's rating: 1579 &rarr; <strong>1559</strong><br />(-20 for losing)
|raw|thinking of chu's rating: 1583 &rarr; <strong>1603</strong><br />(+20 for winning)
|c|☆pult72b yawn|gg
|c|☆thinking of chu|gg
