|j|☆Brandon
|j|☆allstarapology
|player|p1|Brandon|#brandon|
|player|p2|allstarapology|parasollady|
|teamsize|p1|6
|teamsize|p2|6
|gametype|singles
|gen|8
|tier|[Gen 8] PU
|clearpoke
|poke|p1|Stunfisk, F|
|poke|p1|Gothitelle, M|
|poke|p1|Basculin, F|
|poke|p1|Throh, M|
|poke|p1|Mr. Mime-Galar, F|
|poke|p1|Pawniard, F|
|poke|p2|Crustle, F|
|poke|p2|Pikachu, F|
|poke|p2|Gothitelle, F|
|poke|p2|Basculin, M|
|poke|p2|Gourgeist-*, F|
|poke|p2|Pawniard, F|
|rule|Sleep Clause Mod: Limit one foe put to sleep
|rule|Species Clause: Limit one of each Pokémon
|rule|OHKO Clause: OHKO moves are banned
|rule|Evasion Moves Clause: Evasion moves are banned
|rule|Endless Battle Clause: Forcing endless battles is banned
|rule|HP Percentage Mod: HP is shown in percentages
|rule|Dynamax Clause: You cannot dynamax
|teampreview
|c|☆allstarapology|oh yeah
|c|☆allstarapology|drops happened
|c|☆allstarapology|nice goth
|c|☆Brandon|thanks you too
|c|☆allstarapology|hf
|c|☆Brandon|you as well!
|
|start
|switch|p1a: Pawniard|Pawniard, F|100/100
|switch|p2a: fool|Crustle, F|100/100
|turn|1
|c|☆Brandon|I am testing to see if this idea I have is even viable
|c|☆allstarapology|what fuckery is about to happen to me
|c|☆Brandon|muahahaha
|c|☆allstarapology|am i gonna get dynamaxed on
|
|move|p1a: Pawniard|Stealth Rock|p2a: fool
|-sidestart|p2: allstarapology|move: Stealth Rock
|move|p2a: fool|Earthquake|p1a: Pawniard
|-supereffective|p1a: Pawniard
|-crit|p1a: Pawniard
|-damage|p1a: Pawniard|5/100
|
|upkeep
|turn|2
|j| keppy ㋛
|
|move|p1a: Pawniard|Iron Head|p2a: fool
|-supereffective|p2a: fool
|-damage|p2a: fool|51/100
|-ability|p2a: fool|Weak Armor|boost
|-unboost|p2a: fool|def|1
|-boost|p2a: fool|spe|2
|cant|p2a: fool|flinch
|
|upkeep
|turn|3
|c|☆Brandon|oop
|
|move|p2a: fool|Stealth Rock|p1a: Pawniard
|-sidestart|p1: Brandon|move: Stealth Rock
|move|p1a: Pawniard|Iron Head|p2a: fool
|-supereffective|p2a: fool
|-damage|p2a: fool|0 fnt
|faint|p2a: fool
|
|upkeep
|j| tlenit1
|
|switch|p2a: lovers|Gourgeist, F|100/100
|-damage|p2a: lovers|88/100|[from] Stealth Rock
|-item|p1a: Pawniard|Eviolite|[from] ability: Frisk|[of] p2a: lovers|[identify]
|turn|4
|
|move|p2a: lovers|Shadow Sneak|p1a: Pawniard
|-resisted|p1a: Pawniard
|-damage|p1a: Pawniard|0 fnt
|faint|p1a: Pawniard
|
|upkeep
|
|switch|p1a: Throh|Throh, M|100/100
|-damage|p1a: Throh|94/100|[from] Stealth Rock
|turn|5
|
|move|p2a: lovers|Power Whip|p1a: Throh
|-damage|p1a: Throh|44/100
|move|p1a: Throh|Knock Off|p2a: lovers
|-supereffective|p2a: lovers
|-damage|p2a: lovers|17/100
|-enditem|p2a: lovers|Yache Berry|[from] move: Knock Off|[of] p1a: Throh
|
|-status|p1a: Throh|brn|[from] item: Flame Orb
|upkeep
|turn|6
|
|move|p2a: lovers|Power Whip|p1a: Throh
|-damage|p1a: Throh|0 fnt
|faint|p1a: Throh
|
|upkeep
|
|switch|p1a: Basculin|Basculin, F|100/100
|-damage|p1a: Basculin|88/100|[from] Stealth Rock
|turn|7
|
|move|p2a: lovers|Shadow Sneak|p1a: Basculin
|-damage|p1a: Basculin|56/100
|move|p1a: Basculin|Hydro Pump|p2a: lovers|[miss]
|-miss|p1a: Basculin|p2a: lovers
|
|upkeep
|turn|8
|
|move|p1a: Basculin|Hydro Pump|p2a: lovers
|-resisted|p2a: lovers
|-damage|p2a: lovers|0 fnt
|faint|p2a: lovers
|
|upkeep
|
|switch|p2a: magician|Pikachu, F|100/100
|-damage|p2a: magician|88/100|[from] Stealth Rock
|turn|9
|j| royesk
|
|switch|p2a: judgement|Basculin, M|100/100
|-damage|p2a: judgement|88/100|[from] Stealth Rock
|move|p1a: Basculin|Hydro Pump|p2a: judgement
|-resisted|p2a: judgement
|-damage|p2a: judgement|12/100
|
|upkeep
|turn|10
|c| royesk|this b*sc
|c|☆allstarapology|L
|c|☆allstarapology|you got me
|c| royesk|crits every time
|
|move|p2a: judgement|Endeavor|p1a: Basculin
|-damage|p1a: Basculin|12/100
|move|p1a: Basculin|Hydro Pump|p2a: judgement
|-resisted|p2a: judgement
|-damage|p2a: judgement|0 fnt
|faint|p2a: judgement
|
|upkeep
|l| keppy ㋛
|c|☆Brandon|she is a trooper
|
|switch|p2a: high priestess|Gothitelle, F|100/100
|-damage|p2a: high priestess|88/100|[from] Stealth Rock
|turn|11
|
|move|p2a: high priestess|Shadow Ball|p1a: Basculin
|-damage|p1a: Basculin|0 fnt
|faint|p1a: Basculin
|
|upkeep
|
|switch|p1a: Stunfisk|Stunfisk, F|100/100
|-damage|p1a: Stunfisk|94/100|[from] Stealth Rock
|turn|12
|
|switch|p2a: justice|Pawniard, F|100/100
|-damage|p2a: justice|94/100|[from] Stealth Rock
|move|p1a: Stunfisk|Curse|p1a: Stunfisk
|-unboost|p1a: Stunfisk|spe|1
|-boost|p1a: Stunfisk|atk|1
|-boost|p1a: Stunfisk|def|1
|
|-heal|p1a: Stunfisk|100/100|[from] item: Leftovers
|upkeep
|turn|13
|c|☆allstarapology|oh no
|j|+tjay
|
|move|p2a: justice|Knock Off|p1a: Stunfisk
|-damage|p1a: Stunfisk|78/100
|-enditem|p1a: Stunfisk|Leftovers|[from] move: Knock Off|[of] p2a: justice
|move|p1a: Stunfisk|Curse|p1a: Stunfisk
|-unboost|p1a: Stunfisk|spe|1
|-boost|p1a: Stunfisk|atk|1
|-boost|p1a: Stunfisk|def|1
|
|upkeep
|turn|14
|
|move|p2a: justice|Taunt|p1a: Stunfisk
|-start|p1a: Stunfisk|move: Taunt
|move|p1a: Stunfisk|Earthquake|p2a: justice
|-supereffective|p2a: justice
|-damage|p2a: justice|0 fnt
|faint|p2a: justice
|
|upkeep
|
|switch|p2a: high priestess|Gothitelle, F|88/100
|-damage|p2a: high priestess|76/100|[from] Stealth Rock
|turn|15
|c|☆allstarapology|what is this fuckery
|
|move|p2a: high priestess|Psychic|p1a: Stunfisk
|-damage|p1a: Stunfisk|54/100
|move|p1a: Stunfisk|Earthquake|p2a: high priestess
|-crit|p2a: high priestess
|-damage|p2a: high priestess|0 fnt
|faint|p2a: high priestess
|
|upkeep
|c|+tjay|goatdon
|c|☆Brandon|LOL
|c| royesk|,
|c|☆Brandon|It was an idea I had
|
|switch|p2a: magician|Pikachu, F|88/100
|-damage|p2a: magician|76/100|[from] Stealth Rock
|turn|16
|c|☆allstarapology|crit
|
|move|p2a: magician|Fake Out|p1a: Stunfisk
|-damage|p1a: Stunfisk|46/100
|cant|p1a: Stunfisk|flinch
|
|-end|p1a: Stunfisk|move: Taunt
|upkeep
|turn|17
|c|☆allstarapology|crit
|j| uult1 Somalia
|c|☆allstarapology|rn
|c|☆allstarapology|and somehow dodge
|
|move|p2a: magician|Extreme Speed|p1a: Stunfisk
|-damage|p1a: Stunfisk|29/100
|move|p1a: Stunfisk|Earthquake|p2a: magician
|-supereffective|p2a: magician
|-damage|p2a: magician|0 fnt
|faint|p2a: magician
|
|win|Brandon
|c|☆allstarapology|gg
|c|☆Brandon|gg
|l|☆allstarapology
