|raw|<div class="broadcast-blue"><strong>This battle is required to be public due to a player having a name starting with 'pult94d'.</div>
|j|☆PULT94D ava
|j|☆PULT94D Art
|t:|1628924868
|gametype|singles
|player|p1|PULT94D ava|swimmer-gen4|1448
|player|p2|PULT94D Art|bugcatcher-gen4dp|1617
|teamsize|p1|6
|teamsize|p2|6
|gen|8
|tier|[Gen 8] PU
|rated|
|rule|Sleep Clause Mod: Limit one foe put to sleep
|rule|Species Clause: Limit one of each Pokémon
|rule|OHKO Clause: OHKO moves are banned
|rule|Evasion Moves Clause: Evasion moves are banned
|rule|Endless Battle Clause: Forcing endless battles is banned
|rule|HP Percentage Mod: HP is shown in percentages
|rule|Dynamax Clause: You cannot dynamax
|clearpoke
|poke|p1|Quagsire, M|
|poke|p1|Weezing, F|
|poke|p1|Audino, F|
|poke|p1|Articuno|
|poke|p1|Gigalith, M|
|poke|p1|Sandslash, M|
|poke|p2|Jellicent, M|
|poke|p2|Gigalith, M|
|poke|p2|Silvally-*|
|poke|p2|Tsareena, F|
|poke|p2|Charizard, M|
|poke|p2|Sandslash-Alola, F|
|teampreview
|j| Ssalbap
|j|%Perish Song
|inactive|Battle timer is ON: inactive players will automatically lose when time's up. (requested by PULT94D ava)
|
|t:|1628924885
|start
|switch|p1a: Gigalith|Gigalith, M|100/100
|switch|p2a: Jellicent|Jellicent, M|100/100
|-weather|Sandstorm|[from] ability: Sand Stream|[of] p1a: Gigalith
|turn|1
|
|t:|1628924889
|move|p2a: Jellicent|Water Spout|p1a: Gigalith
|-supereffective|p1a: Gigalith
|-damage|p1a: Gigalith|7/100
|move|p1a: Gigalith|Stealth Rock|p2a: Jellicent
|-sidestart|p2: PULT94D Art|move: Stealth Rock
|
|-weather|Sandstorm|[upkeep]
|-damage|p2a: Jellicent|94/100|[from] Sandstorm
|-heal|p1a: Gigalith|13/100|[from] item: Leftovers
|upkeep
|turn|2
|
|t:|1628924894
|switch|p1a: Audino|Audino, F|100/100
|move|p2a: Jellicent|Water Spout|p1a: Audino
|-damage|p1a: Audino|41/100
|
|-weather|Sandstorm|[upkeep]
|-damage|p2a: Jellicent|88/100|[from] Sandstorm
|-damage|p1a: Audino|35/100|[from] Sandstorm
|upkeep
|turn|3
|
|t:|1628924898
|switch|p2a: Gigalith|Gigalith, M|100/100
|-damage|p2a: Gigalith|88/100|[from] Stealth Rock
|move|p1a: Audino|Protect||[still]
|-fail|p1a: Audino
|
|-weather|Sandstorm|[upkeep]
|-damage|p1a: Audino|29/100|[from] Sandstorm
|-heal|p2a: Gigalith|94/100|[from] item: Leftovers
|upkeep
|turn|4
|
|t:|1628924904
|switch|p1a: Sandslash|Sandslash, M|100/100
|move|p2a: Gigalith|Stealth Rock|p1a: Sandslash
|-sidestart|p1: PULT94D ava|move: Stealth Rock
|
|-weather|Sandstorm|[upkeep]
|-heal|p2a: Gigalith|100/100|[from] item: Leftovers
|upkeep
|turn|5
|
|t:|1628924913
|move|p1a: Sandslash|Swords Dance|p1a: Sandslash
|-boost|p1a: Sandslash|atk|2
|move|p2a: Gigalith|Toxic|p1a: Sandslash
|-status|p1a: Sandslash|tox
|
|-weather|none
|-damage|p1a: Sandslash|94/100 tox|[from] psn
|upkeep
|turn|6
|
|t:|1628924917
|move|p2a: Gigalith|Protect|p2a: Gigalith
|-singleturn|p2a: Gigalith|Protect
|move|p1a: Sandslash|Earthquake|p2a: Gigalith
|-activate|p2a: Gigalith|move: Protect
|
|-damage|p1a: Sandslash|82/100 tox|[from] psn
|upkeep
|turn|7
|
|t:|1628924920
|move|p1a: Sandslash|Leech Life|p2a: Gigalith
|-damage|p2a: Gigalith|55/100
|-heal|p1a: Sandslash|100/100 tox|[from] drain|[of] p2a: Gigalith
|-damage|p1a: Sandslash|91/100 tox|[from] item: Life Orb
|move|p2a: Gigalith|Rock Blast|p1a: Sandslash|[miss]
|-miss|p2a: Gigalith|p1a: Sandslash
|
|-heal|p2a: Gigalith|61/100|[from] item: Leftovers
|-damage|p1a: Sandslash|72/100 tox|[from] psn
|upkeep
|turn|8
|
|t:|1628924926
|move|p2a: Gigalith|Protect|p2a: Gigalith
|-singleturn|p2a: Gigalith|Protect
|move|p1a: Sandslash|Earthquake|p2a: Gigalith
|-activate|p2a: Gigalith|move: Protect
|
|-heal|p2a: Gigalith|67/100|[from] item: Leftovers
|-damage|p1a: Sandslash|47/100 tox|[from] psn
|upkeep
|turn|9
|
|t:|1628924932
|move|p1a: Sandslash|Stone Edge|p2a: Gigalith
|-damage|p2a: Gigalith|10/100
|-damage|p1a: Sandslash|37/100 tox|[from] item: Life Orb
|move|p2a: Gigalith|Rock Blast|p1a: Sandslash
|-resisted|p1a: Sandslash
|-damage|p1a: Sandslash|30/100 tox
|-resisted|p1a: Sandslash
|-damage|p1a: Sandslash|24/100 tox
|-resisted|p1a: Sandslash
|-damage|p1a: Sandslash|18/100 tox
|-hitcount|p1a: Sandslash|3
|
|-heal|p2a: Gigalith|16/100|[from] item: Leftovers
|-damage|p1a: Sandslash|0 fnt|[from] psn
|faint|p1a: Sandslash
|upkeep
|
|t:|1628924936
|switch|p1a: Articuno|Articuno|100/100
|-ability|p1a: Articuno|Pressure
|turn|10
|j| mushamu
|
|t:|1628924939
|move|p2a: Gigalith|Protect|p2a: Gigalith
|-singleturn|p2a: Gigalith|Protect
|move|p1a: Articuno|Frost Breath|p2a: Gigalith
|-activate|p2a: Gigalith|move: Protect
|
|-heal|p2a: Gigalith|22/100|[from] item: Leftovers
|upkeep
|turn|11
|
|t:|1628924948
|move|p1a: Articuno|Frost Breath|p2a: Gigalith
|-crit|p2a: Gigalith
|-damage|p2a: Gigalith|0 fnt
|faint|p2a: Gigalith
|
|upkeep
|
|t:|1628924953
|switch|p2a: Sandslash|Sandslash-Alola, F|100/100
|-damage|p2a: Sandslash|88/100|[from] Stealth Rock
|turn|12
|
|t:|1628924958
|switch|p1a: Weezing|Weezing, F|100/100
|-damage|p1a: Weezing|88/100|[from] Stealth Rock
|move|p2a: Sandslash|Triple Axel|p1a: Weezing
|-damage|p1a: Weezing|78/100
|-hitcount|p1a: Weezing|1
|
|-heal|p1a: Weezing|84/100|[from] item: Black Sludge
|upkeep
|turn|13
|
|t:|1628924968
|switch|p2a: Jellicent|Jellicent, M|88/100
|-damage|p2a: Jellicent|76/100|[from] Stealth Rock
|move|p1a: Weezing|Will-O-Wisp|p2a: Jellicent
|-status|p2a: Jellicent|brn
|
|-heal|p1a: Weezing|90/100|[from] item: Black Sludge
|-damage|p2a: Jellicent|70/100 brn|[from] brn
|upkeep
|turn|14
|
|t:|1628924977
|switch|p1a: Gigalith|Gigalith, M|13/100
|-damage|p1a: Gigalith|0 fnt|[from] Stealth Rock
|faint|p1a: Gigalith
|move|p2a: Jellicent|Trick|p1: Gigalith|[notarget]
|-fail|p2a: Jellicent
|
|-damage|p2a: Jellicent|63/100 brn|[from] brn
|upkeep
|
|t:|1628924989
|switch|p1a: Weezing|Weezing, F|90/100
|-damage|p1a: Weezing|78/100|[from] Stealth Rock
|turn|15
|
|t:|1628924995
|switch|p2a: Charizard|Charizard, M|100/100
|move|p1a: Weezing|Sludge Bomb|p2a: Charizard
|-damage|p2a: Charizard|67/100
|
|-heal|p1a: Weezing|84/100|[from] item: Black Sludge
|upkeep
|turn|16
|
|t:|1628925000
|switch|p2a: Jellicent|Jellicent, M|63/100 brn
|-damage|p2a: Jellicent|51/100 brn|[from] Stealth Rock
|move|p1a: Weezing|Sludge Bomb|p2a: Jellicent
|-resisted|p2a: Jellicent
|-damage|p2a: Jellicent|38/100 brn
|
|-heal|p1a: Weezing|90/100|[from] item: Black Sludge
|-damage|p2a: Jellicent|31/100 brn|[from] brn
|upkeep
|turn|17
|
|t:|1628925008
|move|p2a: Jellicent|Surf|p1a: Weezing
|-damage|p1a: Weezing|14/100
|move|p1a: Weezing|Sludge Bomb|p2a: Jellicent
|-resisted|p2a: Jellicent
|-damage|p2a: Jellicent|19/100 brn
|
|-heal|p1a: Weezing|20/100|[from] item: Black Sludge
|-damage|p2a: Jellicent|13/100 brn|[from] brn
|upkeep
|turn|18
|
|t:|1628925012
|switch|p1a: Articuno|Articuno|100/100
|-ability|p1a: Articuno|Pressure
|move|p2a: Jellicent|Surf|p1a: Articuno
|-damage|p1a: Articuno|67/100
|
|-damage|p2a: Jellicent|6/100 brn|[from] brn
|upkeep
|turn|19
|
|t:|1628925018
|switch|p1a: Weezing|Weezing, F|20/100
|-damage|p1a: Weezing|8/100|[from] Stealth Rock
|move|p2a: Jellicent|Surf|p1a: Weezing
|-damage|p1a: Weezing|0 fnt
|faint|p1a: Weezing
|
|-damage|p2a: Jellicent|0 fnt|[from] brn
|faint|p2a: Jellicent
|upkeep
|
|t:|1628925027
|switch|p2a: Sandslash|Sandslash-Alola, F|88/100
|switch|p1a: Articuno|Articuno|67/100
|-ability|p1a: Articuno|Pressure
|-damage|p2a: Sandslash|76/100|[from] Stealth Rock
|turn|20
|
|t:|1628925032
|switch|p1a: Quagsire|Quagsire, M|100/100
|move|p2a: Sandslash|Triple Axel|p1a: Quagsire
|-damage|p1a: Quagsire|89/100
|-damage|p1a: Quagsire|69/100
|-damage|p1a: Quagsire|37/100
|-hitcount|p1a: Quagsire|3
|
|upkeep
|turn|21
|
|t:|1628925039
|move|p2a: Sandslash|Triple Axel|p1a: Quagsire
|-damage|p1a: Quagsire|26/100
|-damage|p1a: Quagsire|5/100
|-damage|p1a: Quagsire|0 fnt
|faint|p1a: Quagsire
|-hitcount|p1: Quagsire|3
|
|upkeep
|l|%Perish Song
|c|☆PULT94D ava|nice ct
|-message|PULT94D ava forfeited.
|
|win|PULT94D Art
|raw|PULT94D ava's rating: 1448 &rarr; <strong>1437</strong><br />(-11 for losing)
|raw|PULT94D Art's rating: 1617 &rarr; <strong>1628</strong><br />(+11 for winning)
|l|☆PULT94D ava
|l|☆PULT94D Art
|l| Ssalbap
|j| mlt7n3 maroon
|j|☆PULT94D Art
|player|p2|PULT94D Art|bugcatcher-gen4dp
|l|☆PULT94D Art
|player|p2|
|l| mlt7n3 maroon
|j| Testingstuff54
|l| Testingstuff54
|j|%Perish Song
|l|%Perish Song
