|raw|<div class="broadcast-blue"><strong>This battle is required to be public due to a player having a name starting with 'pult61a'.</div>
|j|☆Trademarked13
|j|☆PULT61A Lambo
|t:|1626817577
|gametype|singles
|player|p1|Trademarked13|birdkeeper|1159
|player|p2|PULT61A Lambo|psychic-gen2|1414
|teamsize|p1|6
|teamsize|p2|6
|gen|8
|tier|[Gen 8] PU
|rated|
|rule|Sleep Clause Mod: Limit one foe put to sleep
|rule|Species Clause: Limit one of each Pokémon
|rule|OHKO Clause: OHKO moves are banned
|rule|Evasion Moves Clause: Evasion moves are banned
|rule|Endless Battle Clause: Forcing endless battles is banned
|rule|HP Percentage Mod: HP is shown in percentages
|rule|Dynamax Clause: You cannot dynamax
|clearpoke
|poke|p1|Passimian, F|
|poke|p1|Tangela, M|
|poke|p1|Aromatisse, F|
|poke|p1|Coalossal, F|
|poke|p1|Stunfisk-Galar, F|
|poke|p1|Bouffalant, F|
|poke|p2|Mesprit|
|poke|p2|Kabutops, F|
|poke|p2|Ribombee, F|
|poke|p2|Silvally-*|
|poke|p2|Charizard, F|
|poke|p2|Scrafty, M|
|teampreview
|c|☆PULT61A Lambo|hf
|c|☆Trademarked13|hf
|
|t:|1626817612
|start
|switch|p1a: Passimian|Passimian, F|100/100
|switch|p2a: Mesprit|Mesprit|100/100
|turn|1
|
|t:|1626817621
|switch|p1a: Stunfisk|Stunfisk-Galar, F|100/100
|move|p2a: Mesprit|Stealth Rock|p1a: Stunfisk
|-sidestart|p1: Trademarked13|move: Stealth Rock
|
|upkeep
|turn|2
|
|t:|1626817625
|move|p2a: Mesprit|Imprison|p2a: Mesprit
|-start|p2a: Mesprit|move: Imprison
|cant|p1a: Stunfisk|move: Imprison|Stealth Rock
|
|upkeep
|turn|3
|
|t:|1626817635
|move|p2a: Mesprit|Knock Off|p1a: Stunfisk
|-damage|p1a: Stunfisk|81/100
|-enditem|p1a: Stunfisk|Leftovers|[from] move: Knock Off|[of] p2a: Mesprit
|move|p1a: Stunfisk|Rock Slide|p2a: Mesprit
|-crit|p2a: Mesprit
|-damage|p2a: Mesprit|80/100
|
|upkeep
|turn|4
|
|t:|1626817640
|move|p2a: Mesprit|Healing Wish|p2a: Mesprit
|faint|p2a: Mesprit
|move|p1a: Stunfisk|Rock Slide|p2: Mesprit|[notarget]
|-fail|p1a: Stunfisk
|
|upkeep
|
|t:|1626817656
|switch|p2a: Silvally|Silvally-Ghost|100/100
|turn|5
|
|t:|1626817675
|switch|p1a: Tangela|Tangela, M|100/100
|-damage|p1a: Tangela|88/100|[from] Stealth Rock
|move|p2a: Silvally|Swords Dance|p2a: Silvally
|-boost|p2a: Silvally|atk|2
|
|upkeep
|turn|6
|
|t:|1626817681
|move|p2a: Silvally|Multi-Attack|p1a: Tangela
|-damage|p1a: Tangela|37/100
|move|p1a: Tangela|Leech Seed|p2a: Silvally
|-start|p2a: Silvally|move: Leech Seed
|
|-damage|p2a: Silvally|88/100|[from] Leech Seed|[of] p1a: Tangela
|-heal|p1a: Tangela|49/100|[silent]
|upkeep
|turn|7
|
|t:|1626817686
|switch|p1a: Coalossal|Coalossal, F|100/100
|move|p2a: Silvally|Multi-Attack|p1a: Coalossal
|-damage|p1a: Coalossal|47/100
|
|-damage|p2a: Silvally|76/100|[from] Leech Seed|[of] p1a: Coalossal
|-heal|p1a: Coalossal|57/100|[silent]
|upkeep
|turn|8
|
|t:|1626817700
|move|p2a: Silvally|Multi-Attack|p1a: Coalossal
|-damage|p1a: Coalossal|2/100
|move|p1a: Coalossal|Rock Blast|p2a: Silvally|[miss]
|-miss|p1a: Coalossal|p2a: Silvally
|
|-damage|p2a: Silvally|63/100|[from] Leech Seed|[of] p1a: Coalossal
|-heal|p1a: Coalossal|12/100|[silent]
|upkeep
|turn|9
|
|t:|1626817706
|switch|p1a: Tangela|Tangela, M|82/100
|-damage|p1a: Tangela|70/100|[from] Stealth Rock
|move|p2a: Silvally|Multi-Attack|p1a: Tangela
|-damage|p1a: Tangela|21/100
|
|-damage|p2a: Silvally|51/100|[from] Leech Seed|[of] p1a: Tangela
|-heal|p1a: Tangela|34/100|[silent]
|upkeep
|turn|10
|
|t:|1626817720
|switch|p1a: Bouffalant|Bouffalant, F|100/100
|-damage|p1a: Bouffalant|88/100|[from] Stealth Rock
|move|p2a: Silvally|Multi-Attack|p1a: Bouffalant
|-immune|p1a: Bouffalant
|
|-damage|p2a: Silvally|39/100|[from] Leech Seed|[of] p1a: Bouffalant
|-heal|p1a: Bouffalant|100/100|[silent]
|upkeep
|turn|11
|
|t:|1626817730
|switch|p1a: Coalossal|Coalossal, F|12/100
|move|p2a: Silvally|Double-Edge|p1a: Coalossal
|-resisted|p1a: Coalossal
|-crit|p1a: Coalossal
|-damage|p1a: Coalossal|0 fnt
|faint|p1a: Coalossal
|-damage|p2a: Silvally|34/100|[from] Recoil
|
|upkeep
|
|t:|1626817738
|switch|p1a: Passimian|Passimian, F|100/100
|-damage|p1a: Passimian|94/100|[from] Stealth Rock
|turn|12
|
|t:|1626817746
|switch|p2a: Ribombee|Ribombee, F|100/100
|move|p1a: Passimian|Knock Off|p2a: Ribombee
|-resisted|p2a: Ribombee
|-damage|p2a: Ribombee|72/100
|-enditem|p2a: Ribombee|Heavy-Duty Boots|[from] move: Knock Off|[of] p1a: Passimian
|
|upkeep
|turn|13
|
|t:|1626817753
|switch|p1a: Stunfisk|Stunfisk-Galar, F|81/100
|-damage|p1a: Stunfisk|78/100|[from] Stealth Rock
|switch|p2a: Scrafty|Scrafty, M|100/100
|
|upkeep
|turn|14
|
|t:|1626817761
|switch|p1a: Aromatisse|Aromatisse, F|100/100
|-damage|p1a: Aromatisse|88/100|[from] Stealth Rock
|move|p2a: Scrafty|Dragon Dance|p2a: Scrafty
|-boost|p2a: Scrafty|atk|1
|-boost|p2a: Scrafty|spe|1
|
|-heal|p1a: Aromatisse|94/100|[from] item: Leftovers
|upkeep
|turn|15
|
|t:|1626817766
|move|p2a: Scrafty|Poison Jab|p1a: Aromatisse
|-supereffective|p1a: Aromatisse
|-damage|p1a: Aromatisse|45/100
|move|p1a: Aromatisse|Moonblast|p2a: Scrafty
|-supereffective|p2a: Scrafty
|-enditem|p2a: Scrafty|Roseli Berry|[eat]
|-enditem|p2a: Scrafty|Roseli Berry|[weaken]
|-damage|p2a: Scrafty|27/100
|
|-heal|p1a: Aromatisse|51/100|[from] item: Leftovers
|upkeep
|turn|16
|
|t:|1626817771
|move|p1a: Aromatisse|Protect|p1a: Aromatisse
|-singleturn|p1a: Aromatisse|Protect
|move|p2a: Scrafty|Poison Jab|p1a: Aromatisse
|-activate|p1a: Aromatisse|move: Protect
|
|-heal|p1a: Aromatisse|57/100|[from] item: Leftovers
|upkeep
|turn|17
|
|t:|1626817774
|move|p2a: Scrafty|Poison Jab|p1a: Aromatisse
|-supereffective|p1a: Aromatisse
|-damage|p1a: Aromatisse|13/100
|move|p1a: Aromatisse|Moonblast|p2a: Scrafty
|-supereffective|p2a: Scrafty
|-damage|p2a: Scrafty|0 fnt
|faint|p2a: Scrafty
|
|-heal|p1a: Aromatisse|19/100|[from] item: Leftovers
|upkeep
|
|t:|1626817781
|switch|p2a: Kabutops|Kabutops, F|100/100
|turn|18
|
|t:|1626817784
|move|p2a: Kabutops|Liquidation|p1a: Aromatisse
|-damage|p1a: Aromatisse|0 fnt
|faint|p1a: Aromatisse
|
|upkeep
|
|t:|1626817793
|switch|p1a: Tangela|Tangela, M|67/100
|-damage|p1a: Tangela|55/100|[from] Stealth Rock
|turn|19
|
|t:|1626817798
|switch|p2a: Ribombee|Ribombee, F|72/100
|-heal|p2a: Ribombee|100/100|[from] move: Healing Wish
|move|p1a: Tangela|Leech Seed|p2a: Ribombee
|-start|p2a: Ribombee|move: Leech Seed
|
|-damage|p2a: Ribombee|88/100|[from] Leech Seed|[of] p1a: Tangela
|-heal|p1a: Tangela|64/100|[silent]
|upkeep
|turn|20
|
|t:|1626817804
|switch|p2a: Kabutops|Kabutops, F|100/100
|switch|p1a: Stunfisk|Stunfisk-Galar, F|78/100
|-damage|p1a: Stunfisk|75/100|[from] Stealth Rock
|
|upkeep
|turn|21
|
|t:|1626817808
|switch|p1a: Tangela|Tangela, M|98/100
|-damage|p1a: Tangela|85/100|[from] Stealth Rock
|move|p2a: Kabutops|Swords Dance|p2a: Kabutops
|-boost|p2a: Kabutops|atk|2
|
|upkeep
|turn|22
|
|t:|1626817815
|switch|p2a: Silvally|Silvally-Ghost|34/100
|move|p1a: Tangela|Leaf Storm|p2a: Silvally
|-damage|p2a: Silvally|0 fnt
|-unboost|p1a: Tangela|spa|2
|faint|p2a: Silvally
|
|upkeep
|
|t:|1626817818
|switch|p2a: Charizard|Charizard, F|100/100
|turn|23
|
|t:|1626817820
|switch|p1a: Passimian|Passimian, F|94/100
|-damage|p1a: Passimian|88/100|[from] Stealth Rock
|move|p2a: Charizard|Dragon Dance|p2a: Charizard
|-boost|p2a: Charizard|atk|1
|-boost|p2a: Charizard|spe|1
|
|upkeep
|turn|24
|
|t:|1626817826
|move|p2a: Charizard|Flare Blitz|p1a: Passimian
|-damage|p1a: Passimian|6/100
|-status|p1a: Passimian|brn
|-damage|p2a: Charizard|70/100|[from] Recoil
|move|p1a: Passimian|Rock Slide|p2a: Charizard|[miss]
|-miss|p1a: Passimian|p2a: Charizard
|
|-damage|p1a: Passimian|0 fnt|[from] brn
|faint|p1a: Passimian
|upkeep
|
|t:|1626817836
|switch|p1a: Bouffalant|Bouffalant, F|100/100
|-damage|p1a: Bouffalant|88/100|[from] Stealth Rock
|turn|25
|
|t:|1626817841
|switch|p2a: Kabutops|Kabutops, F|100/100
|move|p1a: Bouffalant|Head Charge|p2a: Kabutops
|-resisted|p2a: Kabutops
|-damage|p2a: Kabutops|32/100
|-ability|p2a: Kabutops|Weak Armor|boost
|-unboost|p2a: Kabutops|def|1
|-boost|p2a: Kabutops|spe|2
|-damage|p1a: Bouffalant|75/100|[from] Recoil
|
|upkeep
|turn|26
|
|t:|1626817845
|move|p2a: Kabutops|Stone Edge|p1a: Bouffalant
|-damage|p1a: Bouffalant|17/100
|move|p1a: Bouffalant|Head Charge|p2a: Kabutops
|-resisted|p2a: Kabutops
|-damage|p2a: Kabutops|0 fnt
|faint|p2a: Kabutops
|-damage|p1a: Bouffalant|11/100|[from] Recoil
|
|upkeep
|
|t:|1626817854
|switch|p2a: Charizard|Charizard, F|70/100
|turn|27
|
|t:|1626817856
|move|p2a: Charizard|Earthquake|p1a: Bouffalant
|-damage|p1a: Bouffalant|0 fnt
|faint|p1a: Bouffalant
|
|upkeep
|
|t:|1626817862
|switch|p1a: Tangela|Tangela, M|100/100
|-damage|p1a: Tangela|88/100|[from] Stealth Rock
|turn|28
|
|t:|1626817872
|move|p2a: Charizard|Flare Blitz|p1a: Tangela
|-supereffective|p1a: Tangela
|-damage|p1a: Tangela|43/100
|-damage|p2a: Charizard|53/100|[from] Recoil
|move|p1a: Tangela|Leech Seed|p2a: Charizard
|-start|p2a: Charizard|move: Leech Seed
|
|-damage|p2a: Charizard|40/100|[from] Leech Seed|[of] p1a: Tangela
|-heal|p1a: Tangela|54/100|[silent]
|upkeep
|turn|29
|
|t:|1626817876
|move|p2a: Charizard|Roost|p2a: Charizard
|-heal|p2a: Charizard|90/100
|-singleturn|p2a: Charizard|move: Roost
|move|p1a: Tangela|Sludge Bomb|p2a: Charizard
|-crit|p2a: Charizard
|-damage|p2a: Charizard|49/100
|
|-damage|p2a: Charizard|37/100|[from] Leech Seed|[of] p1a: Tangela
|-heal|p1a: Tangela|65/100|[silent]
|upkeep
|turn|30
|
|t:|1626817880
|move|p2a: Charizard|Roost|p2a: Charizard
|-heal|p2a: Charizard|87/100
|-singleturn|p2a: Charizard|move: Roost
|move|p1a: Tangela|Sludge Bomb|p2a: Charizard
|-damage|p2a: Charizard|59/100
|
|-damage|p2a: Charizard|46/100|[from] Leech Seed|[of] p1a: Tangela
|-heal|p1a: Tangela|76/100|[silent]
|upkeep
|turn|31
|
|t:|1626817885
|move|p2a: Charizard|Flare Blitz|p1a: Tangela
|-supereffective|p1a: Tangela
|-damage|p1a: Tangela|33/100
|-damage|p2a: Charizard|30/100|[from] Recoil
|move|p1a: Tangela|Sludge Bomb|p2a: Charizard
|-damage|p2a: Charizard|0 fnt
|faint|p2a: Charizard
|
|upkeep
|
|t:|1626817887
|switch|p2a: Ribombee|Ribombee, F|88/100
|turn|32
|
|t:|1626817890
|move|p2a: Ribombee|Quiver Dance|p2a: Ribombee
|-boost|p2a: Ribombee|spa|1
|-boost|p2a: Ribombee|spd|1
|-boost|p2a: Ribombee|spe|1
|move|p1a: Tangela|Sludge Bomb|p2a: Ribombee
|-supereffective|p2a: Ribombee
|-damage|p2a: Ribombee|37/100
|
|upkeep
|turn|33
|
|t:|1626817893
|move|p2a: Ribombee|Moonblast|p1a: Tangela
|-damage|p1a: Tangela|0 fnt
|faint|p1a: Tangela
|
|upkeep
|
|t:|1626817896
|switch|p1a: Stunfisk|Stunfisk-Galar, F|75/100
|-damage|p1a: Stunfisk|72/100|[from] Stealth Rock
|turn|34
|
|t:|1626817901
|move|p2a: Ribombee|Roost|p2a: Ribombee
|-heal|p2a: Ribombee|87/100
|-singleturn|p2a: Ribombee|move: Roost
|move|p1a: Stunfisk|Rock Slide|p2a: Ribombee
|-supereffective|p2a: Ribombee
|-damage|p2a: Ribombee|30/100
|
|upkeep
|turn|35
|
|t:|1626817904
|move|p2a: Ribombee|Roost|p2a: Ribombee
|-heal|p2a: Ribombee|80/100
|-singleturn|p2a: Ribombee|move: Roost
|move|p1a: Stunfisk|Rock Slide|p2a: Ribombee
|-supereffective|p2a: Ribombee
|-damage|p2a: Ribombee|25/100
|
|upkeep
|turn|36
|
|t:|1626817907
|move|p2a: Ribombee|Roost|p2a: Ribombee
|-heal|p2a: Ribombee|75/100
|-singleturn|p2a: Ribombee|move: Roost
|move|p1a: Stunfisk|Rock Slide|p2a: Ribombee
|-supereffective|p2a: Ribombee
|-damage|p2a: Ribombee|14/100
|
|upkeep
|turn|37
|
|t:|1626817909
|move|p2a: Ribombee|Roost|p2a: Ribombee
|-heal|p2a: Ribombee|64/100
|-singleturn|p2a: Ribombee|move: Roost
|move|p1a: Stunfisk|Rock Slide|p2a: Ribombee
|-supereffective|p2a: Ribombee
|-damage|p2a: Ribombee|10/100
|
|upkeep
|turn|38
|
|t:|1626817912
|move|p2a: Ribombee|Roost|p2a: Ribombee
|-heal|p2a: Ribombee|60/100
|-singleturn|p2a: Ribombee|move: Roost
|move|p1a: Stunfisk|Rock Slide|p2a: Ribombee
|-supereffective|p2a: Ribombee
|-damage|p2a: Ribombee|5/100
|
|upkeep
|turn|39
|c|☆PULT61A Lambo|gg
|c|☆Trademarked13|gg
|
|t:|1626817920
|move|p2a: Ribombee|Roost|p2a: Ribombee
|-heal|p2a: Ribombee|55/100
|-singleturn|p2a: Ribombee|move: Roost
|move|p1a: Stunfisk|Rock Slide|p2a: Ribombee
|-supereffective|p2a: Ribombee
|-damage|p2a: Ribombee|2/100
|
|upkeep
|turn|40
|
|t:|1626817923
|move|p2a: Ribombee|Roost|p2a: Ribombee
|-heal|p2a: Ribombee|53/100
|-singleturn|p2a: Ribombee|move: Roost
|move|p1a: Stunfisk|Rock Slide|p2a: Ribombee
|-supereffective|p2a: Ribombee
|-damage|p2a: Ribombee|0 fnt
|faint|p2a: Ribombee
|
|win|Trademarked13
|raw|Trademarked13's rating: 1159 &rarr; <strong>1200</strong><br />(+41 for winning)
|raw|PULT61A Lambo's rating: 1428 &rarr; <strong>1395</strong><br />(-33 for losing)
|l|☆PULT61A Lambo
|l|☆Trademarked13
||Ladder isn't responding, score probably updated but might not have (Request timeout).
