|j|☆We s3llin
|j|☆fornk foddles
|t:|1634755486
|gametype|singles
|player|p1|We s3llin|lucas|1326
|player|p2|fornk foddles|1|1418
|teamsize|p1|6
|teamsize|p2|6
|gen|8
|tier|[Gen 8] PU
|rated|
|rule|Sleep Clause Mod: Limit one foe put to sleep
|rule|Species Clause: Limit one of each Pokémon
|rule|OHKO Clause: OHKO moves are banned
|rule|Evasion Moves Clause: Evasion moves are banned
|rule|Endless Battle Clause: Forcing endless battles is banned
|rule|HP Percentage Mod: HP is shown in percentages
|rule|Dynamax Clause: You cannot dynamax
|clearpoke
|poke|p1|Togedemaru, M|
|poke|p1|Cofagrigus, M|
|poke|p1|Charizard, M|
|poke|p1|Whimsicott, F|
|poke|p1|Gigalith, F|
|poke|p1|Scrafty, M|
|poke|p2|Marowak, F|
|poke|p2|Perrserker, F|
|poke|p2|Aromatisse, F|
|poke|p2|Gourgeist-*, M|
|poke|p2|Mesprit|
|poke|p2|Claydol|
|teampreview
|inactive|Battle timer is ON: inactive players will automatically lose when time's up. (requested by fornk foddles)
|inactive|We s3llin has 120 seconds left.
|inactive|fornk foddles has 120 seconds left.
|
|t:|1634755577
|start
|switch|p1a: Charizard|Charizard, M|100/100
|switch|p2a: Gourgeist|Gourgeist-Super, M|100/100
|-item|p1a: Charizard|Heavy-Duty Boots|[from] ability: Frisk|[of] p2a: Gourgeist|[identify]
|turn|1
|inactive|We s3llin has 120 seconds left.
|inactive|fornk foddles has 120 seconds left.
|
|t:|1634755624
|switch|p2a: Mesprit|Mesprit|100/100
|move|p1a: Charizard|Hurricane|p2a: Mesprit
|-damage|p2a: Mesprit|65/100
|-start|p2a: Mesprit|confusion
|
|upkeep
|turn|2
|inactive|We s3llin has 120 seconds left.
|
|t:|1634755640
|move|p1a: Charizard|Toxic|p2a: Mesprit
|-status|p2a: Mesprit|tox
|-activate|p2a: Mesprit|confusion
|move|p2a: Mesprit|Stealth Rock|p1a: Charizard
|-sidestart|p1: We s3llin|move: Stealth Rock
|
|-damage|p2a: Mesprit|59/100 tox|[from] psn
|upkeep
|turn|3
|
|t:|1634755648
|move|p1a: Charizard|Fire Blast|p2a: Mesprit
|-damage|p2a: Mesprit|27/100 tox
|-activate|p2a: Mesprit|confusion
|-damage|p2a: Mesprit|19/100 tox|[from] confusion
|
|-damage|p2a: Mesprit|7/100 tox|[from] psn
|upkeep
|turn|4
|c|☆fornk foddles|f
|c|☆fornk foddles|miss
|
|t:|1634755661
|move|p1a: Charizard|Hurricane|p2a: Mesprit
|-damage|p2a: Mesprit|0 fnt
|faint|p2a: Mesprit
|
|upkeep
|c|☆fornk foddles|yo
|c|☆fornk foddles|lol
|inactive|fornk foddles has 120 seconds left.
|
|t:|1634755680
|switch|p2a: Marowak|Marowak, F|100/100
|turn|5
|
|t:|1634755688
|switch|p1a: Whimsicott|Whimsicott, F|100/100
|move|p2a: Marowak|Stone Edge|p1a: Whimsicott
|-damage|p1a: Whimsicott|22/100
|
|upkeep
|turn|6
|
|t:|1634755694
|switch|p2a: Gourgeist|Gourgeist-Super, M|100/100
|-item|p1a: Whimsicott|Heavy-Duty Boots|[from] ability: Frisk|[of] p2a: Gourgeist|[identify]
|move|p1a: Whimsicott|Giga Drain|p2a: Gourgeist
|-resisted|p2a: Gourgeist
|-damage|p2a: Gourgeist|84/100
|-heal|p1a: Whimsicott|35/100|[from] drain|[of] p2a: Gourgeist
|
|upkeep
|turn|7
|
|t:|1634755703
|switch|p1a: Charizard|Charizard, M|100/100
|move|p2a: Gourgeist|Trick Room|p2a: Gourgeist
|-fieldstart|move: Trick Room|[of] p2a: Gourgeist
|
|upkeep
|turn|8
|
|t:|1634755709
|move|p2a: Gourgeist|Poltergeist|p1a: Charizard
|-activate|p1a: Charizard|move: Poltergeist|Heavy-Duty Boots
|-damage|p1a: Charizard|22/100
|move|p1a: Charizard|Fire Blast|p2a: Gourgeist
|-supereffective|p2a: Gourgeist
|-damage|p2a: Gourgeist|0 fnt
|faint|p2a: Gourgeist
|
|upkeep
|
|t:|1634755727
|switch|p2a: Marowak|Marowak, F|100/100
|turn|9
|
|t:|1634755733
|switch|p1a: Togedemaru|Togedemaru, M|100/100
|-damage|p1a: Togedemaru|95/100|[from] Stealth Rock
|move|p2a: Marowak|Double-Edge|p1a: Togedemaru
|-resisted|p1a: Togedemaru
|-damage|p1a: Togedemaru|29/100
|
|upkeep
|turn|10
|
|t:|1634755747
|move|p2a: Marowak|Earthquake|p1a: Togedemaru
|-supereffective|p1a: Togedemaru
|-damage|p1a: Togedemaru|0 fnt
|faint|p1a: Togedemaru
|
|upkeep
|
|t:|1634755749
|switch|p1a: Cofagrigus|Cofagrigus, M|100/100
|-damage|p1a: Cofagrigus|88/100|[from] Stealth Rock
|turn|11
|
|t:|1634755753
|switch|p2a: Aromatisse|Aromatisse, F|100/100
|move|p1a: Cofagrigus|Iron Defense|p1a: Cofagrigus
|-boost|p1a: Cofagrigus|def|2
|
|-fieldend|move: Trick Room
|upkeep
|turn|12
|
|t:|1634755758
|move|p1a: Cofagrigus|Shadow Ball|p2a: Aromatisse
|-damage|p2a: Aromatisse|76/100
|move|p2a: Aromatisse|Nasty Plot|p2a: Aromatisse
|-boost|p2a: Aromatisse|spa|2
|
|-heal|p2a: Aromatisse|82/100|[from] item: Leftovers
|upkeep
|turn|13
|
|t:|1634755771
|switch|p1a: Gigalith|Gigalith, F|100/100
|-damage|p1a: Gigalith|88/100|[from] Stealth Rock
|-weather|Sandstorm|[from] ability: Sand Stream|[of] p1a: Gigalith
|move|p2a: Aromatisse|Nasty Plot|p2a: Aromatisse
|-boost|p2a: Aromatisse|spa|2
|
|-weather|Sandstorm|[upkeep]
|-damage|p2a: Aromatisse|76/100|[from] Sandstorm
|-heal|p1a: Gigalith|94/100|[from] item: Leftovers
|-heal|p2a: Aromatisse|82/100|[from] item: Leftovers
|upkeep
|turn|14
|
|t:|1634755778
|move|p1a: Gigalith|Rock Blast|p2a: Aromatisse
|-damage|p2a: Aromatisse|67/100
|-damage|p2a: Aromatisse|55/100
|-damage|p2a: Aromatisse|40/100
|-damage|p2a: Aromatisse|26/100
|-damage|p2a: Aromatisse|11/100
|-hitcount|p2a: Aromatisse|5
|move|p2a: Aromatisse|Trick Room|p2a: Aromatisse
|-fieldstart|move: Trick Room|[of] p2a: Aromatisse
|
|-weather|Sandstorm|[upkeep]
|-damage|p2a: Aromatisse|5/100|[from] Sandstorm
|-heal|p2a: Aromatisse|11/100|[from] item: Leftovers
|-heal|p1a: Gigalith|100/100|[from] item: Leftovers
|upkeep
|turn|15
|
|t:|1634755788
|move|p2a: Aromatisse|Moonblast|p1a: Gigalith
|-damage|p1a: Gigalith|24/100
|move|p1a: Gigalith|Earthquake|p2a: Aromatisse
|-damage|p2a: Aromatisse|0 fnt
|faint|p2a: Aromatisse
|
|-weather|Sandstorm|[upkeep]
|-heal|p1a: Gigalith|30/100|[from] item: Leftovers
|upkeep
|
|t:|1634755797
|switch|p2a: Marowak|Marowak, F|100/100
|turn|16
|
|t:|1634755799
|move|p1a: Gigalith|Protect|p1a: Gigalith
|-singleturn|p1a: Gigalith|Protect
|move|p2a: Marowak|Earthquake|p1a: Gigalith
|-activate|p1a: Gigalith|move: Protect
|
|-weather|Sandstorm|[upkeep]
|-heal|p1a: Gigalith|36/100|[from] item: Leftovers
|upkeep
|turn|17
|
|t:|1634755823
|move|p2a: Marowak|Stone Edge|p1a: Gigalith|[miss]
|-miss|p2a: Marowak|p1a: Gigalith
|move|p1a: Gigalith|Rock Blast|p2a: Marowak
|-resisted|p2a: Marowak
|-damage|p2a: Marowak|94/100
|-resisted|p2a: Marowak
|-damage|p2a: Marowak|88/100
|-hitcount|p2a: Marowak|2
|
|-weather|none
|-heal|p1a: Gigalith|42/100|[from] item: Leftovers
|upkeep
|turn|18
|c|☆fornk foddles|f
|inactive|We s3llin has 120 seconds left.
|
|t:|1634755866
|switch|p2a: Claydol|Claydol|100/100
|move|p1a: Gigalith|Earthquake|p2a: Claydol
|-immune|p2a: Claydol|[from] ability: Levitate
|
|-heal|p1a: Gigalith|48/100|[from] item: Leftovers
|-fieldend|move: Trick Room
|upkeep
|turn|19
|inactive|We s3llin has 90 seconds left.
|
|t:|1634755901
|switch|p1a: Scrafty|Scrafty, M|100/100
|-damage|p1a: Scrafty|94/100|[from] Stealth Rock
|move|p2a: Claydol|Nasty Plot|p2a: Claydol
|-boost|p2a: Claydol|spa|2
|
|-heal|p1a: Scrafty|100/100|[from] item: Leftovers
|upkeep
|turn|20
|inactive|We s3llin has 90 seconds left.
|inactive|We s3llin has 60 seconds left.
|
|t:|1634755943
|move|p1a: Scrafty|Bulk Up|p1a: Scrafty
|-boost|p1a: Scrafty|atk|1
|-boost|p1a: Scrafty|def|1
|move|p2a: Claydol|Trick Room|p2a: Claydol
|-fieldstart|move: Trick Room|[of] p2a: Claydol
|
|upkeep
|turn|21
|
|t:|1634755949
|move|p2a: Claydol|Earth Power|p1a: Scrafty
|-damage|p1a: Scrafty|47/100
|move|p1a: Scrafty|Knock Off|p2a: Claydol
|-supereffective|p2a: Claydol
|-enditem|p2a: Claydol|Colbur Berry|[eat]
|-enditem|p2a: Claydol|Colbur Berry|[weaken]
|-damage|p2a: Claydol|53/100
|
|-heal|p1a: Scrafty|53/100|[from] item: Leftovers
|upkeep
|turn|22
|inactive|We s3llin has 60 seconds left.
|
|t:|1634755966
|switch|p1a: Charizard|Charizard, M|22/100
|move|p2a: Claydol|Earth Power|p1a: Charizard
|-immune|p1a: Charizard
|
|upkeep
|turn|23
|
|t:|1634755969
|switch|p1a: Scrafty|Scrafty, M|53/100
|-damage|p1a: Scrafty|47/100|[from] Stealth Rock
|move|p2a: Claydol|Psychic|p1a: Scrafty
|-immune|p1a: Scrafty
|
|-heal|p1a: Scrafty|53/100|[from] item: Leftovers
|upkeep
|turn|24
|inactive|We s3llin has 60 seconds left.
|inactive|We s3llin has 30 seconds left.
|inactive|We s3llin has 20 seconds left.
|inactive|We s3llin has 15 seconds left.
|
|t:|1634756037
|move|p2a: Claydol|Earth Power|p1a: Scrafty
|-damage|p1a: Scrafty|1/100
|move|p1a: Scrafty|Knock Off|p2a: Claydol
|-supereffective|p2a: Claydol
|-damage|p2a: Claydol|12/100
|
|-heal|p1a: Scrafty|7/100|[from] item: Leftovers
|-fieldend|move: Trick Room
|upkeep
|turn|25
|inactive|We s3llin has 25 seconds left this turn.
|c|☆fornk foddles|f
|c|☆fornk foddles|thats
|c|☆fornk foddles|ur so lucky
|
|t:|1634756065
|move|p1a: Scrafty|Knock Off|p2a: Claydol
|-supereffective|p2a: Claydol
|-damage|p2a: Claydol|0 fnt
|faint|p2a: Claydol
|
|-heal|p1a: Scrafty|13/100|[from] item: Leftovers
|upkeep
|inactive|We s3llin has 30 seconds left this turn.
|
|t:|1634756070
|switch|p2a: Perrserker|Perrserker, F|100/100
|turn|26
|inactive|We s3llin has 30 seconds left.
|inactive|We s3llin has 20 seconds left.
|inactive|We s3llin has 15 seconds left.
|
|t:|1634756099
|move|p1a: Scrafty|Drain Punch|p2a: Perrserker
|-supereffective|p2a: Perrserker
|-damage|p2a: Perrserker|56/100
|-heal|p1a: Scrafty|36/100|[from] drain|[of] p2a: Perrserker
|move|p2a: Perrserker|Iron Head|p1a: Scrafty
|-damage|p1a: Scrafty|0 fnt
|faint|p1a: Scrafty
|
|upkeep
|inactive|We s3llin has 20 seconds left this turn.
|inactive|We s3llin has 15 seconds left.
|
|t:|1634756107
|switch|p1a: Charizard|Charizard, M|22/100
|turn|27
|inactive|We s3llin has 25 seconds left this turn.
|c|☆fornk foddles|miss
|
|t:|1634756113
|move|p1a: Charizard|Fire Blast|p2a: Perrserker
|-supereffective|p2a: Perrserker
|-damage|p2a: Perrserker|0 fnt
|faint|p2a: Perrserker
|
|upkeep
|inactive|We s3llin has 30 seconds left this turn.
|
|t:|1634756114
|switch|p2a: Marowak|Marowak, F|88/100
|turn|28
|
|t:|1634756117
|move|p1a: Charizard|Fire Blast|p2a: Marowak
|-damage|p2a: Marowak|0 fnt
|faint|p2a: Marowak
|
|win|We s3llin
|raw|We s3llin's rating: 1326 &rarr; <strong>1351</strong><br />(+25 for winning)
|raw|fornk foddles's rating: 1418 &rarr; <strong>1393</strong><br />(-25 for losing)
|l|☆fornk foddles
|l|☆We s3llin
||Ladder isn't responding, score probably updated but might not have (Request timeout).
|j|☆fornk foddles
|player|p2|fornk foddles|1
