|j|☆KarRakaRra
|j|☆MZ
|t:|1599342062
|player|p1|KarRakaRra|saturn|
|player|p2|MZ|#megazard|
|teamsize|p1|6
|teamsize|p2|6
|gametype|singles
|gen|8
|tier|[Gen 8] PU
|rated|Tournament battle
|clearpoke
|poke|p1|Roselia, F|
|poke|p1|Luxray, M|
|poke|p1|Golduck, F|
|poke|p1|Emolga, F|
|poke|p1|Liepard, M|
|poke|p1|Glaceon, F|
|poke|p2|Silvally-*|
|poke|p2|Liepard, M|
|poke|p2|Mr. Mime-Galar, M|
|poke|p2|Crustle, M|
|poke|p2|Bouffalant, F|
|poke|p2|Throh, M|
|rule|Sleep Clause Mod: Limit one foe put to sleep
|rule|Species Clause: Limit one of each Pokémon
|rule|OHKO Clause: OHKO moves are banned
|rule|Evasion Moves Clause: Evasion moves are banned
|rule|Endless Battle Clause: Forcing endless battles is banned
|rule|HP Percentage Mod: HP is shown in percentages
|rule|Dynamax Clause: You cannot dynamax
|teampreview
|j| ShwiftyShiftry
|j| PichuFlash
|
|t:|1599342076
|start
|switch|p1a: Luxray|Luxray, M|100/100
|switch|p2a: Liepard|Liepard, M|100/100
|-ability|p1a: Luxray|Intimidate|boost
|-unboost|p2a: Liepard|atk|1
|turn|1
|
|t:|1599342084
|move|p2a: Liepard|U-turn|p1a: Luxray
|-damage|p1a: Luxray|81/100
|
|t:|1599342091
|switch|p2a: Crustle|Crustle, M|100/100|[from]move: U-turn
|move|p1a: Luxray|Superpower|p2a: Crustle
|-damage|p2a: Crustle|69/100
|-unboost|p1a: Luxray|atk|1
|-unboost|p1a: Luxray|def|1
|-ability|p2a: Crustle|Weak Armor|boost
|-unboost|p2a: Crustle|def|1
|-boost|p2a: Crustle|spe|2
|
|-heal|p1a: Luxray|87/100|[from] item: Leftovers
|upkeep
|turn|2
|
|t:|1599342099
|switch|p1a: Golduck|Golduck, F|100/100
|-ability|p1a: Golduck|Cloud Nine
|move|p2a: Crustle|Stealth Rock|p1a: Golduck
|-sidestart|p1: KarRakaRra|move: Stealth Rock
|
|upkeep
|turn|3
|
|t:|1599342106
|move|p2a: Crustle|Stone Edge|p1a: Golduck|[miss]
|-miss|p2a: Crustle|p1a: Golduck
|move|p1a: Golduck|Flip Turn|p2a: Crustle
|-supereffective|p2a: Crustle
|-damage|p2a: Crustle|10/100
|-ability|p2a: Crustle|Weak Armor|boost
|-unboost|p2a: Crustle|def|1
|-boost|p2a: Crustle|spe|2
|j|@Jungle Fox ㋛
|
|t:|1599342112
|switch|p1a: Liepard|Liepard, M|100/100|[from]move: Flip Turn
|-damage|p1a: Liepard|88/100|[from] Stealth Rock
|
|upkeep
|turn|4
|
|t:|1599342117
|move|p1a: Liepard|Sucker Punch|p2a: Crustle
|-damage|p2a: Crustle|0 fnt
|faint|p2a: Crustle
|
|upkeep
|
|t:|1599342127
|switch|p2a: Throh|Throh, M|100/100
|turn|5
|
|t:|1599342132
|move|p1a: Liepard|U-turn|p2a: Throh
|-resisted|p2a: Throh
|-crit|p2a: Throh
|-damage|p2a: Throh|87/100
|
|t:|1599342136
|switch|p1a: Emolga|Emolga, F|100/100|[from]move: U-turn
|move|p2a: Throh|Knock Off|p1a: Emolga
|-damage|p1a: Emolga|69/100
|-enditem|p1a: Emolga|Heavy-Duty Boots|[from] move: Knock Off|[of] p2a: Throh
|
|upkeep
|turn|6
|
|t:|1599342146
|move|p1a: Emolga|Defog|p2a: Throh
|-unboost|p2a: Throh|evasion|1
|-sideend|p1: KarRakaRra|Stealth Rock|[from] move: Defog|[of] p1a: Emolga
|move|p2a: Throh|Poison Jab|p1a: Emolga
|-damage|p1a: Emolga|41/100
|
|upkeep
|turn|7
|
|t:|1599342153
|switch|p2a: Mr. Mime|Mr. Mime-Galar, M|100/100
|move|p1a: Emolga|Roost|p1a: Emolga
|-heal|p1a: Emolga|91/100
|-singleturn|p1a: Emolga|move: Roost
|
|upkeep
|turn|8
|
|t:|1599342157
|switch|p1a: Luxray|Luxray, M|87/100
|-ability|p1a: Luxray|Intimidate|boost
|-unboost|p2a: Mr. Mime|atk|1
|move|p2a: Mr. Mime|Psychic|p1a: Luxray
|-damage|p1a: Luxray|58/100
|
|-heal|p1a: Luxray|64/100|[from] item: Leftovers
|upkeep
|turn|9
|
|t:|1599342166
|move|p2a: Mr. Mime|Ice Beam|p1a: Luxray
|-damage|p1a: Luxray|32/100
|move|p1a: Luxray|Volt Switch|p2a: Mr. Mime
|-damage|p2a: Mr. Mime|65/100
|
|t:|1599342170
|switch|p1a: Liepard|Liepard, M|88/100|[from]move: Volt Switch
|
|upkeep
|turn|10
|
|t:|1599342180
|switch|p2a: Throh|Throh, M|87/100
|move|p1a: Liepard|Knock Off|p2a: Throh
|-resisted|p2a: Throh
|-damage|p2a: Throh|66/100
|-enditem|p2a: Throh|Assault Vest|[from] move: Knock Off|[of] p1a: Liepard
|
|upkeep
|turn|11
|
|t:|1599342185
|move|p1a: Liepard|U-turn|p2a: Throh
|-resisted|p2a: Throh
|-damage|p2a: Throh|58/100
|
|t:|1599342187
|switch|p1a: Emolga|Emolga, F|91/100|[from]move: U-turn
|move|p2a: Throh|Poison Jab|p1a: Emolga
|-damage|p1a: Emolga|62/100
|
|upkeep
|turn|12
|j| Catalisador
|
|t:|1599342193
|move|p1a: Emolga|Air Slash|p2a: Throh
|-supereffective|p2a: Throh
|-damage|p2a: Throh|19/100
|cant|p2a: Throh|flinch
|
|upkeep
|turn|13
|
|t:|1599342201
|move|p1a: Emolga|U-turn|p2a: Throh
|-resisted|p2a: Throh
|-damage|p2a: Throh|13/100
|
|t:|1599342207
|switch|p1a: Golduck|Golduck, F|100/100|[from]move: U-turn
|-ability|p1a: Golduck|Cloud Nine
|move|p2a: Throh|Poison Jab|p1a: Golduck
|-damage|p1a: Golduck|80/100
|
|upkeep
|turn|14
|j| powerdriller98
|
|t:|1599342213
|move|p1a: Golduck|Scald|p2a: Throh
|-crit|p2a: Throh
|-damage|p2a: Throh|0 fnt
|faint|p2a: Throh
|
|upkeep
|
|t:|1599342219
|switch|p2a: Liepard|Liepard, M|100/100
|turn|15
|
|t:|1599342222
|move|p2a: Liepard|Knock Off|p1a: Golduck
|-damage|p1a: Golduck|35/100
|-enditem|p1a: Golduck|Sitrus Berry|[from] move: Knock Off|[of] p2a: Liepard
|move|p1a: Golduck|Flip Turn|p2a: Liepard
|-damage|p2a: Liepard|60/100
|j| UberSkitty❤
|
|t:|1599342244
|switch|p1a: Glaceon|Glaceon, F|100/100|[from]move: Flip Turn
|
|upkeep
|turn|16
|
|t:|1599342250
|move|p2a: Liepard|Knock Off|p1a: Glaceon
|-damage|p1a: Glaceon|40/100
|-enditem|p1a: Glaceon|Choice Specs|[from] move: Knock Off|[of] p2a: Liepard
|move|p1a: Glaceon|Ice Beam|p2a: Liepard
|-damage|p2a: Liepard|0 fnt
|faint|p2a: Liepard
|
|upkeep
|
|t:|1599342261
|switch|p2a: Silvally|Silvally-Water|100/100
|turn|17
|
|t:|1599342306
|switch|p1a: Roselia|Roselia, F|100/100
|move|p2a: Silvally|Multi-Attack|p1a: Roselia
|-resisted|p1a: Roselia
|-damage|p1a: Roselia|73/100
|
|upkeep
|turn|18
|
|t:|1599342312
|move|p2a: Silvally|U-turn|p1a: Roselia
|-damage|p1a: Roselia|50/100
|
|t:|1599342316
|switch|p2a: Mr. Mime|Mr. Mime-Galar, M|65/100|[from]move: U-turn
|move|p1a: Roselia|Toxic Spikes|p2a: Mr. Mime
|-sidestart|p2: MZ|move: Toxic Spikes
|
|upkeep
|turn|19
|
|t:|1599342325
|switch|p1a: Liepard|Liepard, M|88/100
|move|p2a: Mr. Mime|Ice Beam|p1a: Liepard
|-damage|p1a: Liepard|3/100
|
|upkeep
|turn|20
|
|t:|1599342330
|move|p1a: Liepard|Knock Off|p2a: Mr. Mime
|-supereffective|p2a: Mr. Mime
|-damage|p2a: Mr. Mime|0 fnt
|-enditem|p2a: Mr. Mime|Heavy-Duty Boots|[from] move: Knock Off|[of] p1a: Liepard
|faint|p2a: Mr. Mime
|
|upkeep
|
|t:|1599342340
|switch|p2a: Bouffalant|Bouffalant, F|100/100
|-status|p2a: Bouffalant|psn
|turn|21
|
|t:|1599342352
|move|p1a: Liepard|Knock Off|p2a: Bouffalant
|-damage|p2a: Bouffalant|54/100 psn
|-enditem|p2a: Bouffalant|Leftovers|[from] move: Knock Off|[of] p1a: Liepard
|move|p2a: Bouffalant|Body Slam|p1a: Liepard
|-damage|p1a: Liepard|0 fnt
|faint|p1a: Liepard
|
|-damage|p2a: Bouffalant|42/100 psn|[from] psn
|upkeep
|
|t:|1599342359
|switch|p1a: Luxray|Luxray, M|32/100
|-ability|p1a: Luxray|Intimidate|boost
|-unboost|p2a: Bouffalant|atk|1
|turn|22
|l| PichuFlash
|
|t:|1599342362
|move|p1a: Luxray|Superpower|p2a: Bouffalant
|-supereffective|p2a: Bouffalant
|-damage|p2a: Bouffalant|0 fnt
|-unboost|p1a: Luxray|atk|1
|-unboost|p1a: Luxray|def|1
|faint|p2a: Bouffalant
|
|-heal|p1a: Luxray|38/100|[from] item: Leftovers
|upkeep
|
|t:|1599342365
|switch|p2a: Silvally|Silvally-Water|100/100
|-status|p2a: Silvally|psn
|turn|23
|
|t:|1599342369
|move|p2a: Silvally|Multi-Attack|p1a: Luxray
|-damage|p1a: Luxray|0 fnt
|faint|p1a: Luxray
|
|-damage|p2a: Silvally|88/100 psn|[from] psn
|upkeep
|
|t:|1599342372
|switch|p1a: Roselia|Roselia, F|50/100
|turn|24
|
|t:|1599342375
|move|p2a: Silvally|Flame Charge|p1a: Roselia
|-supereffective|p1a: Roselia
|-damage|p1a: Roselia|17/100
|-boost|p2a: Silvally|spe|1
|move|p1a: Roselia|Giga Drain|p2a: Silvally
|-supereffective|p2a: Silvally
|-damage|p2a: Silvally|36/100 psn
|-heal|p1a: Roselia|50/100|[from] drain|[of] p2a: Silvally
|
|-damage|p2a: Silvally|23/100 psn|[from] psn
|upkeep
|turn|25
|
|t:|1599342384
|move|p2a: Silvally|Flame Charge|p1a: Roselia
|-supereffective|p1a: Roselia
|-damage|p1a: Roselia|21/100
|-boost|p2a: Silvally|spe|1
|move|p1a: Roselia|Giga Drain|p2a: Silvally
|-supereffective|p2a: Silvally
|-damage|p2a: Silvally|0 fnt
|-heal|p1a: Roselia|35/100|[from] drain|[of] p2a: Silvally
|faint|p2a: Silvally
|
|win|KarRakaRra
