|j|☆Toxicidad fuera
|j|☆Whattodorandom
|t:|1619826286
|gametype|singles
|player|p1|Toxicidad fuera|argenta|1560
|player|p2|Whattodorandom|101|1433
|teamsize|p1|6
|teamsize|p2|6
|gen|8
|tier|[Gen 8] PU
|rated|
|clearpoke
|poke|p1|Thwackey, M|
|poke|p1|Thievul, F|
|poke|p1|Gourgeist-*, M|
|poke|p1|Garbodor, F|
|poke|p1|Regirock|
|poke|p1|Xatu, M|
|poke|p2|Galvantula, M|
|poke|p2|Cinccino, F|
|poke|p2|Garbodor, M|
|poke|p2|Swoobat, M|
|poke|p2|Frosmoth, F|
|poke|p2|Rhydon, M|
|rule|Sleep Clause Mod: Limit one foe put to sleep
|rule|Species Clause: Limit one of each Pokémon
|rule|OHKO Clause: OHKO moves are banned
|rule|Evasion Moves Clause: Evasion moves are banned
|rule|Endless Battle Clause: Forcing endless battles is banned
|rule|HP Percentage Mod: HP is shown in percentages
|rule|Dynamax Clause: You cannot dynamax
|teampreview
|c|☆Whattodorandom|hello again
|
|t:|1619826306
|start
|switch|p1a: Regirock|Regirock|100/100
|switch|p2a: stikky|Galvantula, M|100/100
|turn|1
|
|t:|1619826316
|move|p2a: stikky|Volt Switch|p1a: Regirock
|-damage|p1a: Regirock|58/100
|
|t:|1619826321
|switch|p2a: just garbage|Garbodor, M|100/100|[from]move: Volt Switch
|move|p1a: Regirock|Toxic|p2a: just garbage
|-immune|p2a: just garbage
|
|-heal|p1a: Regirock|64/100|[from] item: Leftovers
|upkeep
|turn|2
|
|t:|1619826335
|switch|p1a: Xatu|Xatu, M|100/100
|move|p2a: just garbage|Toxic Spikes|p1a: Xatu
|move|p1a: Xatu|Toxic Spikes|p2a: just garbage|[from]ability: Magic Bounce
|-sidestart|p2: Whattodorandom|move: Toxic Spikes
|
|upkeep
|turn|3
|
|t:|1619826346
|switch|p2a: Swoobat|Swoobat, M|100/100
|move|p1a: Xatu|Thunder Wave|p2a: Swoobat
|-status|p2a: Swoobat|par
|
|upkeep
|turn|4
|
|t:|1619826358
|switch|p1a: Regirock|Regirock|64/100
|move|p2a: Swoobat|Nasty Plot|p2a: Swoobat
|-boost|p2a: Swoobat|spa|4
|
|-heal|p1a: Regirock|70/100|[from] item: Leftovers
|upkeep
|turn|5
|
|t:|1619826363
|move|p2a: Swoobat|Energy Ball|p1a: Regirock
|-supereffective|p1a: Regirock
|-damage|p1a: Regirock|0 fnt
|faint|p1a: Regirock
|
|upkeep
|
|t:|1619826371
|switch|p1a: Gourgeist|Gourgeist-Small, M|100/100
|-item|p2a: Swoobat|Focus Sash|[from] ability: Frisk|[of] p1a: Gourgeist|[identify]
|turn|6
|
|t:|1619826384
|move|p1a: Gourgeist|Poltergeist|p2a: Swoobat
|-activate|p2a: Swoobat|move: Poltergeist|Focus Sash
|-supereffective|p2a: Swoobat
|-enditem|p2a: Swoobat|Focus Sash
|-damage|p2a: Swoobat|1/100 par
|move|p2a: Swoobat|Heat Wave|p1a: Gourgeist
|-supereffective|p1a: Gourgeist
|-damage|p1a: Gourgeist|0 fnt
|faint|p1a: Gourgeist
|
|upkeep
|
|t:|1619826387
|switch|p1a: Thwackey|Thwackey, M|100/100
|-fieldstart|move: Grassy Terrain|[from] ability: Grassy Surge|[of] p1a: Thwackey
|turn|7
|
|t:|1619826395
|switch|p2a: just garbage|Garbodor, M|100/100
|-sideend|p2: Whattodorandom|move: Toxic Spikes|[of] p2a: just garbage
|move|p1a: Thwackey|Grassy Glide|p2a: just garbage
|-resisted|p2a: just garbage
|-damage|p2a: just garbage|74/100
|-damage|p1a: Thwackey|84/100|[from] item: Rocky Helmet|[of] p2a: just garbage
|-damage|p1a: Thwackey|74/100|[from] item: Life Orb
|
|-heal|p1a: Thwackey|80/100|[from] Grassy Terrain
|-heal|p2a: just garbage|80/100|[from] Grassy Terrain
|upkeep
|turn|8
|
|t:|1619826402
|move|p1a: Thwackey|U-turn|p2a: just garbage
|-resisted|p2a: just garbage
|-damage|p2a: just garbage|66/100
|-damage|p1a: Thwackey|64/100|[from] item: Rocky Helmet|[of] p2a: just garbage
|-damage|p1a: Thwackey|54/100|[from] item: Life Orb
|
|t:|1619826408
|switch|p1a: Thievul|Thievul, F|100/100|[from]move: U-turn
|-enditem|p1a: Thievul|Grassy Seed
|-boost|p1a: Thievul|def|1|[from] item: Grassy Seed
|move|p2a: just garbage|Gunk Shot|p1a: Thievul|[miss]
|-miss|p2a: just garbage|p1a: Thievul
|
|-heal|p2a: just garbage|72/100|[from] Grassy Terrain
|upkeep
|turn|9
|
|t:|1619826416
|move|p1a: Thievul|Nasty Plot|p1a: Thievul
|-boost|p1a: Thievul|spa|2
|move|p2a: just garbage|Gunk Shot|p1a: Thievul
|-damage|p1a: Thievul|31/100
|-status|p1a: Thievul|psn
|
|-heal|p1a: Thievul|37/100 psn|[from] Grassy Terrain
|-heal|p2a: just garbage|79/100|[from] Grassy Terrain
|-damage|p1a: Thievul|25/100 psn|[from] psn
|upkeep
|turn|10
|
|t:|1619826425
|switch|p2a: Swoobat|Swoobat, M|1/100 par
|move|p1a: Thievul|Psychic|p2a: Swoobat
|-resisted|p2a: Swoobat
|-damage|p2a: Swoobat|0 fnt
|faint|p2a: Swoobat
|
|-heal|p1a: Thievul|31/100 psn|[from] Grassy Terrain
|-damage|p1a: Thievul|18/100 psn|[from] psn
|upkeep
|
|t:|1619826431
|switch|p2a: rhino jr.|Rhydon, M|100/100
|turn|11
|
|t:|1619826434
|move|p1a: Thievul|Dark Pulse|p2a: rhino jr.
|-crit|p2a: rhino jr.
|-damage|p2a: rhino jr.|0 fnt
|faint|p2a: rhino jr.
|
|-heal|p1a: Thievul|24/100 psn|[from] Grassy Terrain
|-damage|p1a: Thievul|12/100 psn|[from] psn
|-fieldend|move: Grassy Terrain
|upkeep
|
|t:|1619826445
|switch|p2a: rocks stop|Frosmoth, F|100/100
|turn|12
|
|t:|1619826449
|switch|p2a: just garbage|Garbodor, M|79/100
|move|p1a: Thievul|Burning Jealousy|p2a: just garbage
|-damage|p2a: just garbage|34/100
|
|-damage|p1a: Thievul|0 fnt|[from] psn
|faint|p1a: Thievul
|upkeep
|
|t:|1619826457
|switch|p1a: Xatu|Xatu, M|100/100
|turn|13
|
|t:|1619826461
|switch|p2a: rocks stop|Frosmoth, F|100/100
|move|p1a: Xatu|Psychic|p2a: rocks stop
|-damage|p2a: rocks stop|82/100
|
|upkeep
|turn|14
|
|t:|1619826469
|move|p2a: rocks stop|Quiver Dance|p2a: rocks stop
|-boost|p2a: rocks stop|spa|1
|-boost|p2a: rocks stop|spd|1
|-boost|p2a: rocks stop|spe|1
|move|p1a: Xatu|Heat Wave|p2a: rocks stop
|-supereffective|p2a: rocks stop
|-damage|p2a: rocks stop|46/100
|
|upkeep
|turn|15
|
|t:|1619826477
|move|p2a: rocks stop|Ice Beam|p1a: Xatu
|-supereffective|p1a: Xatu
|-damage|p1a: Xatu|0 fnt
|faint|p1a: Xatu
|
|upkeep
|
|t:|1619826479
|switch|p1a: Thwackey|Thwackey, M|54/100
|-fieldstart|move: Grassy Terrain|[from] ability: Grassy Surge|[of] p1a: Thwackey
|turn|16
|
|t:|1619826482
|move|p1a: Thwackey|Grassy Glide|p2a: rocks stop
|-resisted|p2a: rocks stop
|-damage|p2a: rocks stop|5/100
|-damage|p1a: Thwackey|44/100|[from] item: Life Orb
|move|p2a: rocks stop|Ice Beam|p1a: Thwackey
|-supereffective|p1a: Thwackey
|-damage|p1a: Thwackey|0 fnt
|faint|p1a: Thwackey
|
|-heal|p2a: rocks stop|11/100|[from] Grassy Terrain
|upkeep
|
|t:|1619826485
|switch|p1a: Garbodor|Garbodor, F|100/100
|turn|17
|
|t:|1619826490
|move|p2a: rocks stop|Ice Beam|p1a: Garbodor
|-damage|p1a: Garbodor|46/100
|move|p1a: Garbodor|Gunk Shot|p2a: rocks stop
|-damage|p2a: rocks stop|0 fnt
|faint|p2a: rocks stop
|
|-heal|p1a: Garbodor|52/100|[from] Grassy Terrain
|-heal|p1a: Garbodor|58/100|[from] item: Black Sludge
|upkeep
|
|t:|1619826497
|switch|p2a: stikky|Galvantula, M|100/100
|turn|18
|
|t:|1619826504
|move|p2a: stikky|Thunder|p1a: Garbodor
|-damage|p1a: Garbodor|3/100
|-status|p1a: Garbodor|par
|move|p1a: Garbodor|Pain Split|p2a: stikky
|-sethp|p2a: stikky|52/100|[from] move: Pain Split|[silent]
|-sethp|p1a: Garbodor|41/100 par|[from] move: Pain Split
|
|-heal|p2a: stikky|58/100|[from] Grassy Terrain
|-heal|p1a: Garbodor|47/100 par|[from] Grassy Terrain
|-heal|p1a: Garbodor|53/100 par|[from] item: Black Sludge
|upkeep
|turn|19
|
|t:|1619826511
|move|p2a: stikky|Thunder|p1a: Garbodor
|-damage|p1a: Garbodor|0 fnt
|faint|p1a: Garbodor
|
|win|Whattodorandom
|raw|Toxicidad fuera's rating: 1560 &rarr; <strong>1533</strong><br />(-27 for losing)
|raw|Whattodorandom's rating: 1433 &rarr; <strong>1460</strong><br />(+27 for winning)
|l|☆Toxicidad fuera
