|j|☆MentalAdversity
|j|☆TheShowdownHoedown
|player|p1|MentalAdversity|swimmer-gen4|1378
|player|p2|TheShowdownHoedown|pokemonranger-gen4|1179
|teamsize|p1|6
|teamsize|p2|6
|gametype|singles
|gen|8
|tier|[Gen 8] PU
|rated|
|clearpoke
|poke|p1|Mr. Rime, M|
|poke|p1|Dusclops, F|
|poke|p1|Roselia, M|
|poke|p1|Mudbray, F|
|poke|p1|Munchlax, F|
|poke|p1|Pyukumuku, F|
|poke|p2|Pawniard, F|
|poke|p2|Stonjourner, M|
|poke|p2|Dusknoir, F|
|poke|p2|Basculin, F|
|poke|p2|Hitmontop, M|
|poke|p2|Bellossom, F|
|rule|Sleep Clause Mod: Limit one foe put to sleep
|rule|Species Clause: Limit one of each Pokémon
|rule|OHKO Clause: OHKO moves are banned
|rule|Evasion Moves Clause: Evasion moves are banned
|rule|Endless Battle Clause: Forcing endless battles is banned
|rule|HP Percentage Mod: HP is shown in percentages
|rule|Dynamax Clause: You cannot dynamax
|teampreview
|c|☆TheShowdownHoedown|gl hf
|c|☆TheShowdownHoedown|and oh god its killer cucumber
|
|start
|switch|p1a: Roselia|Roselia, M, shiny|100/100
|switch|p2a: Pawniard|Pawniard, F|100/100
|turn|1
|
|move|p2a: Pawniard|Knock Off|p1a: Roselia
|-damage|p1a: Roselia|65/100
|-enditem|p1a: Roselia|Eviolite|[from] move: Knock Off|[of] p2a: Pawniard
|move|p1a: Roselia|Spikes|p2a: Pawniard
|-sidestart|p2: TheShowdownHoedown|Spikes
|
|upkeep
|turn|2
|j| iIxnayed
|
|switch|p1a: Mudbray|Mudbray, F, shiny|100/100
|move|p2a: Pawniard|Swords Dance|p2a: Pawniard
|-boost|p2a: Pawniard|atk|2
|
|upkeep
|turn|3
|
|switch|p1a: Pyukumuku|Pyukumuku, F, shiny|100/100
|move|p2a: Pawniard|Knock Off|p1a: Pyukumuku
|-damage|p1a: Pyukumuku|74/100
|-enditem|p1a: Pyukumuku|Leftovers|[from] move: Knock Off|[of] p2a: Pawniard
|
|upkeep
|turn|4
|l| iIxnayed
|
|move|p2a: Pawniard|Knock Off|p1a: Pyukumuku
|-damage|p1a: Pyukumuku|54/100
|move|p1a: Pyukumuku|Soak|p2a: Pawniard
|-start|p2a: Pawniard|typechange|Water
|
|upkeep
|turn|5
|
|switch|p2a: Bellossom|Bellossom, F|100/100
|-damage|p2a: Bellossom|88/100|[from] Spikes
|move|p1a: Pyukumuku|Recover|p1a: Pyukumuku
|-heal|p1a: Pyukumuku|100/100
|
|upkeep
|turn|6
|
|switch|p1a: Munchlax|Munchlax, F, shiny|100/100
|move|p2a: Bellossom|Sludge Bomb|p1a: Munchlax
|-damage|p1a: Munchlax|87/100
|
|upkeep
|turn|7
|
|move|p2a: Bellossom|Quiver Dance|p2a: Bellossom
|-boost|p2a: Bellossom|spa|1
|-boost|p2a: Bellossom|spd|1
|-boost|p2a: Bellossom|spe|1
|move|p1a: Munchlax|Whirlwind|p2a: Bellossom
|drag|p2a: Pawniard|Pawniard, F|100/100
|-damage|p2a: Pawniard|88/100|[from] Spikes
|
|upkeep
|turn|8
|
|switch|p1a: Mudbray|Mudbray, F, shiny|100/100
|move|p2a: Pawniard|Swords Dance|p2a: Pawniard
|-boost|p2a: Pawniard|atk|2
|
|upkeep
|turn|9
|
|move|p2a: Pawniard|Knock Off|p1a: Mudbray
|-crit|p1a: Mudbray
|-damage|p1a: Mudbray|21/100
|-ability|p1a: Mudbray|Stamina|boost
|-boost|p1a: Mudbray|def|1
|-enditem|p1a: Mudbray|Eviolite|[from] move: Knock Off|[of] p2a: Pawniard
|move|p1a: Mudbray|Stealth Rock|p2a: Pawniard
|-sidestart|p2: TheShowdownHoedown|move: Stealth Rock
|
|upkeep
|turn|10
|
|switch|p1a: Pyukumuku|Pyukumuku, F, shiny|100/100
|move|p2a: Pawniard|Iron Head|p1a: Pyukumuku
|-resisted|p1a: Pyukumuku
|-damage|p1a: Pyukumuku|88/100
|
|upkeep
|turn|11
|
|move|p2a: Pawniard|Knock Off|p1a: Pyukumuku
|-damage|p1a: Pyukumuku|71/100
|move|p1a: Pyukumuku|Soak|p2a: Pawniard
|-start|p2a: Pawniard|typechange|Water
|
|upkeep
|turn|12
|
|switch|p2a: Bellossom|Bellossom, F|88/100
|-damage|p2a: Bellossom|76/100|[from] Spikes
|-damage|p2a: Bellossom|63/100|[from] Stealth Rock
|move|p1a: Pyukumuku|Toxic|p2a: Bellossom
|-status|p2a: Bellossom|tox
|
|-damage|p2a: Bellossom|57/100 tox|[from] psn
|upkeep
|turn|13
|
|switch|p1a: Roselia|Roselia, M, shiny|65/100
|move|p2a: Bellossom|Giga Drain|p1a: Roselia
|-resisted|p1a: Roselia
|-damage|p1a: Roselia|54/100
|-heal|p2a: Bellossom|63/100 tox|[from] drain|[of] p1a: Roselia
|
|-damage|p2a: Bellossom|50/100 tox|[from] psn
|upkeep
|turn|14
|
|move|p2a: Bellossom|Quiver Dance|p2a: Bellossom
|-boost|p2a: Bellossom|spa|1
|-boost|p2a: Bellossom|spd|1
|-boost|p2a: Bellossom|spe|1
|move|p1a: Roselia|Spikes|p2a: Bellossom
|-sidestart|p2: TheShowdownHoedown|Spikes
|
|-damage|p2a: Bellossom|32/100 tox|[from] psn
|upkeep
|turn|15
|
|move|p2a: Bellossom|Sludge Bomb|p1a: Roselia
|-damage|p1a: Roselia|0 fnt
|faint|p1a: Roselia
|
|-damage|p2a: Bellossom|7/100 tox|[from] psn
|upkeep
|
|switch|p1a: Munchlax|Munchlax, F, shiny|87/100
|turn|16
|
|move|p2a: Bellossom|Giga Drain|p1a: Munchlax
|-damage|p1a: Munchlax|62/100
|-heal|p2a: Bellossom|25/100 tox|[from] drain|[of] p1a: Munchlax
|move|p1a: Munchlax|Rest|p1a: Munchlax
|-status|p1a: Munchlax|slp|[from] move: Rest
|-heal|p1a: Munchlax|100/100 slp|[silent]
|
|-damage|p2a: Bellossom|0 fnt|[from] psn
|faint|p2a: Bellossom
|upkeep
|
|switch|p2a: Dusknoir|Dusknoir, F|100/100
|-damage|p2a: Dusknoir|84/100|[from] Spikes
|-damage|p2a: Dusknoir|72/100|[from] Stealth Rock
|-item|p1a: Munchlax|Eviolite|[from] ability: Frisk|[of] p2a: Dusknoir|[identify]
|turn|17
|
|switch|p1a: Dusclops|Dusclops, F, shiny|100/100
|-ability|p1a: Dusclops|Pressure
|move|p2a: Dusknoir|Power-Up Punch|p1a: Dusclops
|-immune|p1a: Dusclops
|
|upkeep
|turn|18
|
|move|p2a: Dusknoir|Shadow Sneak|p1a: Dusclops
|-supereffective|p1a: Dusclops
|-crit|p1a: Dusclops
|-damage|p1a: Dusclops|48/100
|-damage|p2a: Dusknoir|62/100|[from] item: Life Orb
|move|p1a: Dusclops|Night Shade|p2a: Dusknoir
|-damage|p2a: Dusknoir|28/100
|
|upkeep
|turn|19
|
|move|p2a: Dusknoir|Shadow Sneak|p1a: Dusclops
|-supereffective|p1a: Dusclops
|-damage|p1a: Dusclops|18/100
|-damage|p2a: Dusknoir|18/100|[from] item: Life Orb
|move|p1a: Dusclops|Rest|p1a: Dusclops
|-status|p1a: Dusclops|slp|[from] move: Rest
|-heal|p1a: Dusclops|100/100 slp|[silent]
|
|upkeep
|turn|20
|
|switch|p1a: Pyukumuku|Pyukumuku, F, shiny|71/100
|move|p2a: Dusknoir|Shadow Sneak|p1a: Pyukumuku
|-damage|p1a: Pyukumuku|53/100
|-damage|p2a: Dusknoir|8/100|[from] item: Life Orb
|
|upkeep
|turn|21
|
|move|p2a: Dusknoir|Fire Punch|p1a: Pyukumuku
|-resisted|p1a: Pyukumuku
|-damage|p1a: Pyukumuku|43/100
|-damage|p2a: Dusknoir|0 fnt|[from] item: Life Orb
|faint|p2a: Dusknoir
|move|p1a: Pyukumuku|Recover|p1a: Pyukumuku
|-heal|p1a: Pyukumuku|93/100
|
|upkeep
|
|switch|p2a: Hitmontop|Hitmontop, M|100/100
|-damage|p2a: Hitmontop|84/100|[from] Spikes
|-damage|p2a: Hitmontop|78/100|[from] Stealth Rock
|turn|22
|
|switch|p1a: Dusclops|Dusclops, F, shiny|100/100 slp
|-ability|p1a: Dusclops|Pressure
|move|p2a: Hitmontop|Fake Out|p1a: Dusclops
|-immune|p1a: Dusclops
|
|upkeep
|turn|23
|
|move|p2a: Hitmontop|Aerial Ace|p1a: Dusclops
|-damage|p1a: Dusclops|78/100 slp
|-damage|p2a: Hitmontop|68/100|[from] item: Life Orb
|cant|p1a: Dusclops|slp
|move|p1a: Dusclops|Sleep Talk|p1a: Dusclops
|move|p1a: Dusclops|Toxic|p2a: Hitmontop|[from]Sleep Talk
|-status|p2a: Hitmontop|tox
|
|-damage|p2a: Hitmontop|61/100 tox|[from] psn
|upkeep
|turn|24
|
|switch|p2a: Basculin|Basculin, F|100/100
|-damage|p2a: Basculin|84/100|[from] Spikes
|-damage|p2a: Basculin|72/100|[from] Stealth Rock
|cant|p1a: Dusclops|slp
|move|p1a: Dusclops|Sleep Talk|p1a: Dusclops
|move|p1a: Dusclops|Night Shade|p2a: Basculin|[from]Sleep Talk
|-damage|p2a: Basculin|36/100
|
|upkeep
|turn|25
|
|switch|p1a: Pyukumuku|Pyukumuku, F, shiny|93/100
|move|p2a: Basculin|Hydro Pump|p1a: Pyukumuku
|-resisted|p1a: Pyukumuku
|-damage|p1a: Pyukumuku|58/100
|
|upkeep
|turn|26
|
|move|p2a: Basculin|Hydro Pump|p1a: Pyukumuku
|-resisted|p1a: Pyukumuku
|-damage|p1a: Pyukumuku|24/100
|move|p1a: Pyukumuku|Recover|p1a: Pyukumuku
|-heal|p1a: Pyukumuku|74/100
|
|upkeep
|turn|27
|
|move|p2a: Basculin|Hydro Pump|p1a: Pyukumuku|[miss]
|-miss|p2a: Basculin|p1a: Pyukumuku
|move|p1a: Pyukumuku|Recover|p1a: Pyukumuku
|-heal|p1a: Pyukumuku|100/100
|
|upkeep
|turn|28
|
|move|p2a: Basculin|Hydro Pump|p1a: Pyukumuku|[miss]
|-miss|p2a: Basculin|p1a: Pyukumuku
|move|p1a: Pyukumuku|Toxic|p2a: Basculin
|-status|p2a: Basculin|tox
|
|-damage|p2a: Basculin|30/100 tox|[from] psn
|upkeep
|turn|29
|c|☆TheShowdownHoedown|gg
|c|☆MentalAdversity|gg
|-message|TheShowdownHoedown forfeited.
|
|win|MentalAdversity
|raw|MentalAdversity's rating: 1378 &rarr; <strong>1388</strong><br />(+10 for winning)
|raw|TheShowdownHoedown's rating: 1179 &rarr; <strong>1167</strong><br />(-12 for losing)
