|j|☆Jettingson
|j|☆kingqueso141
|t:|1647060995
|gametype|singles
|player|p1|Jettingson|nate|1115
|player|p2|kingqueso141|rosa|1288
|teamsize|p1|6
|teamsize|p2|6
|gen|8
|tier|[Gen 8] PU
|rated|
|rule|Sleep Clause Mod: Limit one foe put to sleep
|rule|Species Clause: Limit one of each Pokémon
|rule|OHKO Clause: OHKO moves are banned
|rule|Evasion Moves Clause: Evasion moves are banned
|rule|Endless Battle Clause: Forcing endless battles is banned
|rule|HP Percentage Mod: HP is shown in percentages
|rule|Dynamax Clause: You cannot dynamax
|clearpoke
|poke|p1|Ferroseed, M|
|poke|p1|Stoutland, M|
|poke|p1|Combusken, M|
|poke|p1|Lapras, M|
|poke|p1|Claydol|
|poke|p1|Articuno-Galar|
|poke|p2|Centiskorch, F|
|poke|p2|Jellicent, F|
|poke|p2|Silvally-*|
|poke|p2|Articuno-Galar|
|poke|p2|Regirock|
|poke|p2|Tangela, M|
|teampreview
|
|t:|1647061010
|start
|switch|p1a: Claydol|Claydol|100/100
|switch|p2a: Tangela|Tangela, M|100/100
|turn|1
|
|t:|1647061023
|move|p1a: Claydol|Stealth Rock|p2a: Tangela
|-sidestart|p2: kingqueso141|move: Stealth Rock
|move|p2a: Tangela|Knock Off|p1a: Claydol
|-supereffective|p1a: Claydol
|-damage|p1a: Claydol|73/100
|-enditem|p1a: Claydol|Leftovers|[from] move: Knock Off|[of] p2a: Tangela
|
|upkeep
|turn|2
|
|t:|1647061034
|switch|p2a: Jellicent|Jellicent, F|100/100
|-damage|p2a: Jellicent|88/100|[from] Stealth Rock
|move|p1a: Claydol|Toxic|p2a: Jellicent
|-status|p2a: Jellicent|tox
|
|-damage|p2a: Jellicent|82/100 tox|[from] psn
|upkeep
|turn|3
|
|t:|1647061070
|switch|p1a: Stoutland|Stoutland, M|100/100
|move|p2a: Jellicent|Will-O-Wisp|p1a: Stoutland
|-status|p1a: Stoutland|brn
|
|-damage|p2a: Jellicent|70/100 tox|[from] psn
|-damage|p1a: Stoutland|94/100 brn|[from] brn
|upkeep
|turn|4
|
|t:|1647061083
|move|p1a: Stoutland|Facade|p2a: Jellicent
|-damage|p2a: Jellicent|22/100 tox
|move|p2a: Jellicent|Recover|p2a: Jellicent
|-heal|p2a: Jellicent|72/100 tox
|
|-damage|p2a: Jellicent|53/100 tox|[from] psn
|-damage|p1a: Stoutland|88/100 brn|[from] brn
|upkeep
|turn|5
|
|t:|1647061092
|move|p1a: Stoutland|Facade|p2a: Jellicent
|-damage|p2a: Jellicent|5/100 tox
|move|p2a: Jellicent|Recover|p2a: Jellicent
|-heal|p2a: Jellicent|55/100 tox
|
|-damage|p2a: Jellicent|31/100 tox|[from] psn
|-damage|p1a: Stoutland|82/100 brn|[from] brn
|upkeep
|turn|6
|
|t:|1647061108
|move|p1a: Stoutland|Facade|p2a: Jellicent
|-damage|p2a: Jellicent|0 fnt
|-start|p1a: Stoutland|Disable|Facade|[from] ability: Cursed Body|[of] p2a: Jellicent
|faint|p2a: Jellicent
|
|-damage|p1a: Stoutland|76/100 brn|[from] brn
|upkeep
|
|t:|1647061110
|switch|p2a: Regirock|Regirock|100/100
|-damage|p2a: Regirock|88/100|[from] Stealth Rock
|turn|7
|
|t:|1647061115
|switch|p1a: Claydol|Claydol|73/100
|move|p2a: Regirock|Body Press|p1a: Claydol
|-resisted|p1a: Claydol
|-damage|p1a: Claydol|53/100
|
|-heal|p2a: Regirock|94/100|[from] item: Leftovers
|upkeep
|turn|8
|
|t:|1647061149
|switch|p2a: Centiskorch|Centiskorch, F|100/100
|move|p1a: Claydol|Toxic|p2a: Centiskorch
|-status|p2a: Centiskorch|tox
|
|-damage|p2a: Centiskorch|94/100 tox|[from] psn
|upkeep
|turn|9
|
|t:|1647061156
|switch|p1a: Lapras|Lapras, M|100/100
|move|p2a: Centiskorch|Knock Off|p1a: Lapras
|-damage|p1a: Lapras|72/100
|-enditem|p1a: Lapras|Heavy-Duty Boots|[from] move: Knock Off|[of] p2a: Centiskorch
|
|-damage|p2a: Centiskorch|82/100 tox|[from] psn
|upkeep
|turn|10
|
|t:|1647061193
|move|p2a: Centiskorch|Power Whip|p1a: Lapras
|-supereffective|p1a: Lapras
|-damage|p1a: Lapras|0 fnt
|faint|p1a: Lapras
|
|-damage|p2a: Centiskorch|64/100 tox|[from] psn
|upkeep
|
|t:|1647061202
|switch|p1a: Combusken|Combusken, M|100/100
|turn|11
|
|t:|1647061211
|switch|p2a: Regirock|Regirock|94/100
|-damage|p2a: Regirock|82/100|[from] Stealth Rock
|move|p1a: Combusken|Rock Slide|p2a: Regirock
|-damage|p2a: Regirock|73/100
|
|-heal|p2a: Regirock|79/100|[from] item: Leftovers
|-ability|p1a: Combusken|Speed Boost|boost
|-boost|p1a: Combusken|spe|1
|upkeep
|turn|12
|
|t:|1647061223
|move|p1a: Combusken|Brick Break|p2a: Regirock
|-supereffective|p2a: Regirock
|-damage|p2a: Regirock|53/100
|move|p2a: Regirock|Rock Blast|p1a: Combusken
|-damage|p1a: Combusken|89/100
|-damage|p1a: Combusken|78/100
|-damage|p1a: Combusken|66/100
|-hitcount|p1a: Combusken|3
|
|-heal|p2a: Regirock|59/100|[from] item: Leftovers
|-ability|p1a: Combusken|Speed Boost|boost
|-boost|p1a: Combusken|spe|1
|upkeep
|turn|13
|
|t:|1647061236
|switch|p1a: Claydol|Claydol|53/100
|move|p2a: Regirock|Body Press|p1a: Claydol
|-resisted|p1a: Claydol
|-crit|p1a: Claydol
|-damage|p1a: Claydol|22/100
|
|-heal|p2a: Regirock|65/100|[from] item: Leftovers
|upkeep
|turn|14
|
|t:|1647061269
|move|p1a: Claydol|Toxic|p2a: Regirock
|-status|p2a: Regirock|tox
|move|p2a: Regirock|Toxic|p1a: Claydol
|-status|p1a: Claydol|tox
|
|-heal|p2a: Regirock|71/100 tox|[from] item: Leftovers
|-damage|p1a: Claydol|15/100 tox|[from] psn
|-damage|p2a: Regirock|65/100 tox|[from] psn
|upkeep
|turn|15
|
|t:|1647061318
|switch|p1a: Articuno|Articuno-Galar|100/100
|switch|p2a: Silvally|Silvally-Fairy|100/100
|-damage|p2a: Silvally|88/100|[from] Stealth Rock
|
|upkeep
|turn|16
|
|t:|1647061328
|move|p1a: Articuno|Freezing Glare|p2a: Silvally
|-crit|p2a: Silvally
|-damage|p2a: Silvally|0 fnt
|faint|p2a: Silvally
|
|upkeep
|
|t:|1647061336
|switch|p2a: Articuno|Articuno-Galar|100/100
|-damage|p2a: Articuno|76/100|[from] Stealth Rock
|turn|17
|
|t:|1647061359
|switch|p1a: Claydol|Claydol|15/100 tox
|move|p2a: Articuno|Shadow Ball|p1a: Claydol
|-supereffective|p1a: Claydol
|-damage|p1a: Claydol|0 fnt
|faint|p1a: Claydol
|
|upkeep
|
|t:|1647061364
|switch|p1a: Stoutland|Stoutland, M|76/100 brn
|turn|18
|
|t:|1647061370
|switch|p2a: Tangela|Tangela, M|100/100
|-damage|p2a: Tangela|88/100|[from] Stealth Rock
|move|p1a: Stoutland|Facade|p2a: Tangela
|-damage|p2a: Tangela|58/100
|
|-damage|p1a: Stoutland|70/100 brn|[from] brn
|upkeep
|turn|19
|
|t:|1647061377
|switch|p1a: Combusken|Combusken, M|66/100
|move|p2a: Tangela|Knock Off|p1a: Combusken
|-resisted|p1a: Combusken
|-damage|p1a: Combusken|58/100
|-enditem|p1a: Combusken|Eviolite|[from] move: Knock Off|[of] p2a: Tangela
|
|upkeep
|turn|20
|
|t:|1647061384
|move|p1a: Combusken|Swords Dance|p1a: Combusken
|-boost|p1a: Combusken|atk|2
|move|p2a: Tangela|Leech Seed|p1a: Combusken
|-start|p1a: Combusken|move: Leech Seed
|
|-damage|p1a: Combusken|45/100|[from] Leech Seed|[of] p2a: Tangela
|-heal|p2a: Tangela|68/100|[silent]
|-ability|p1a: Combusken|Speed Boost|boost
|-boost|p1a: Combusken|spe|1
|upkeep
|turn|21
|
|t:|1647061393
|move|p1a: Combusken|Flare Blitz|p2a: Tangela
|-supereffective|p2a: Tangela
|-damage|p2a: Tangela|0 fnt
|faint|p2a: Tangela
|-damage|p1a: Combusken|17/100|[from] Recoil
|
|-ability|p1a: Combusken|Speed Boost|boost
|-boost|p1a: Combusken|spe|1
|upkeep
|
|t:|1647061398
|switch|p2a: Regirock|Regirock|65/100 tox
|-damage|p2a: Regirock|53/100 tox|[from] Stealth Rock
|turn|22
|
|t:|1647061470
|move|p1a: Combusken|Brick Break|p2a: Regirock
|-supereffective|p2a: Regirock
|-damage|p2a: Regirock|0 fnt
|faint|p2a: Regirock
|
|-ability|p1a: Combusken|Speed Boost|boost
|-boost|p1a: Combusken|spe|1
|upkeep
|
|t:|1647061480
|switch|p2a: Articuno|Articuno-Galar|76/100
|-damage|p2a: Articuno|51/100|[from] Stealth Rock
|turn|23
|
|t:|1647061485
|move|p1a: Combusken|Flare Blitz|p2a: Articuno
|-damage|p2a: Articuno|0 fnt
|faint|p2a: Articuno
|-damage|p1a: Combusken|0 fnt|[from] Recoil
|faint|p1a: Combusken
|
|upkeep
|
|t:|1647061491
|switch|p2a: Centiskorch|Centiskorch, F|64/100 tox
|switch|p1a: Articuno|Articuno-Galar|100/100
|turn|24
|
|t:|1647061496
|move|p1a: Articuno|Air Slash|p2a: Centiskorch
|-supereffective|p2a: Centiskorch
|-damage|p2a: Centiskorch|0 fnt
|faint|p2a: Centiskorch
|
|win|Jettingson
|raw|Jettingson's rating: 1115 &rarr; <strong>1152</strong><br />(+37 for winning)
|raw|kingqueso141's rating: 1288 &rarr; <strong>1251</strong><br />(-37 for losing)
|l|☆kingqueso141
