|j|☆INSANE CARZY GUY
|j|☆DoubleMissMatt
|t:|1640981782
|gametype|singles
|player|p1|INSANE CARZY GUY|pilot|1308
|player|p2|DoubleMissMatt|266|1522
|teamsize|p1|6
|teamsize|p2|6
|gen|8
|tier|[Gen 8] PU
|rated|
|rule|Sleep Clause Mod: Limit one foe put to sleep
|rule|Species Clause: Limit one of each Pokémon
|rule|OHKO Clause: OHKO moves are banned
|rule|Evasion Moves Clause: Evasion moves are banned
|rule|Endless Battle Clause: Forcing endless battles is banned
|rule|HP Percentage Mod: HP is shown in percentages
|rule|Dynamax Clause: You cannot dynamax
|clearpoke
|poke|p1|Pupitar, M|
|poke|p1|Weezing, M|
|poke|p1|Frosmoth, M|
|poke|p1|Thwackey, F|
|poke|p1|Gigalith, M|
|poke|p1|Tsareena, F|
|poke|p2|Whimsicott, M|
|poke|p2|Lycanroc-Midnight, M|
|poke|p2|Qwilfish, F|
|poke|p2|Silvally-*|
|poke|p2|Jolteon, F|
|poke|p2|Mesprit|
|teampreview
|
|t:|1640981806
|start
|switch|p1a: Gigalith|Gigalith, M, shiny|100/100
|switch|p2a: Whimsicott|Whimsicott, M|100/100
|-weather|Sandstorm|[from] ability: Sand Stream|[of] p1a: Gigalith
|turn|1
|
|t:|1640981810
|move|p1a: Gigalith|Protect|p1a: Gigalith
|-singleturn|p1a: Gigalith|Protect
|move|p2a: Whimsicott|Energy Ball|p1a: Gigalith
|-activate|p1a: Gigalith|move: Protect
|
|-weather|Sandstorm|[upkeep]
|-damage|p2a: Whimsicott|94/100|[from] Sandstorm
|upkeep
|turn|2
|
|t:|1640981815
|move|p2a: Whimsicott|Energy Ball|p1a: Gigalith
|-supereffective|p1a: Gigalith
|-damage|p1a: Gigalith|46/100
|move|p1a: Gigalith|Toxic|p2a: Whimsicott
|-status|p2a: Whimsicott|tox
|
|-weather|Sandstorm|[upkeep]
|-damage|p2a: Whimsicott|88/100 tox|[from] Sandstorm
|-heal|p1a: Gigalith|52/100|[from] item: Leftovers
|-damage|p2a: Whimsicott|82/100 tox|[from] psn
|upkeep
|turn|3
|
|t:|1640981821
|switch|p2a: Qwilfish|Qwilfish, F|100/100
|-ability|p2a: Qwilfish|Intimidate|boost
|-unboost|p1a: Gigalith|atk|1
|move|p1a: Gigalith|Protect||[still]
|-fail|p1a: Gigalith
|
|-weather|Sandstorm|[upkeep]
|-damage|p2a: Qwilfish|95/100|[from] Sandstorm
|-heal|p1a: Gigalith|58/100|[from] item: Leftovers
|upkeep
|turn|4
|
|t:|1640981828
|move|p2a: Qwilfish|Taunt|p1a: Gigalith
|-start|p1a: Gigalith|move: Taunt
|cant|p1a: Gigalith|move: Taunt|Stealth Rock
|
|-weather|Sandstorm|[upkeep]
|-damage|p2a: Qwilfish|89/100|[from] Sandstorm
|-heal|p1a: Gigalith|64/100|[from] item: Leftovers
|upkeep
|turn|5
|
|t:|1640981831
|switch|p1a: Weezing|Weezing, M|100/100
|-ability|p1a: Weezing|Neutralizing Gas
|move|p2a: Qwilfish|Spikes|p1a: Weezing
|-sidestart|p1: INSANE CARZY GUY|Spikes
|
|-weather|none
|upkeep
|turn|6
|
|t:|1640981836
|move|p2a: Qwilfish|Taunt|p1a: Weezing
|-start|p1a: Weezing|move: Taunt
|move|p1a: Weezing|Flamethrower|p2a: Qwilfish
|-resisted|p2a: Qwilfish
|-damage|p2a: Qwilfish|74/100
|
|upkeep
|turn|7
|
|t:|1640981842
|-end|p1a: Weezing|ability: Neutralizing Gas
|-ability|p2a: Qwilfish|Intimidate|boost
|-unboost|p1a: Weezing|atk|1
|switch|p1a: Tsareena|Tsareena, F|100/100
|move|p2a: Qwilfish|Spikes|p1a: Tsareena
|-sidestart|p1: INSANE CARZY GUY|Spikes
|
|upkeep
|turn|8
|
|t:|1640981847
|switch|p2a: Silvally|Silvally-Ghost|100/100
|move|p1a: Tsareena|Rapid Spin|p2a: Silvally
|-immune|p2a: Silvally
|
|upkeep
|turn|9
|
|t:|1640981852
|move|p2a: Silvally|Multi-Attack|p1a: Tsareena
|-damage|p1a: Tsareena|40/100
|move|p1a: Tsareena|Power Whip|p2a: Silvally|[miss]
|-miss|p1a: Tsareena|p2a: Silvally
|
|upkeep
|turn|10
|
|t:|1640981856
|switch|p1a: Weezing|Weezing, M|100/100
|-ability|p1a: Weezing|Neutralizing Gas
|-damage|p1a: Weezing|84/100|[from] Spikes
|move|p2a: Silvally|U-turn|p1a: Weezing
|-resisted|p1a: Weezing
|-damage|p1a: Weezing|78/100
|
|t:|1640981859
|switch|p2a: Jolteon|Jolteon, F|100/100|[from]move: U-turn
|
|-heal|p1a: Weezing|84/100|[from] item: Black Sludge
|upkeep
|turn|11
|
|t:|1640981866
|-end|p1a: Weezing|ability: Neutralizing Gas
|switch|p1a: Frosmoth|Frosmoth, M|100/100
|move|p2a: Jolteon|Volt Switch|p1a: Frosmoth
|-damage|p1a: Frosmoth|70/100
|
|t:|1640981870
|switch|p2a: Lycanroc|Lycanroc-Midnight, M|100/100|[from]move: Volt Switch
|
|upkeep
|turn|12
|
|t:|1640981878
|switch|p1a: Weezing|Weezing, M|84/100
|-ability|p1a: Weezing|Neutralizing Gas
|-damage|p1a: Weezing|67/100|[from] Spikes
|move|p2a: Lycanroc|Swords Dance|p2a: Lycanroc
|-boost|p2a: Lycanroc|atk|2
|
|-heal|p1a: Weezing|73/100|[from] item: Black Sludge
|upkeep
|turn|13
|
|t:|1640981884
|move|p2a: Lycanroc|Stone Edge|p1a: Weezing
|-damage|p1a: Weezing|0 fnt
|faint|p1a: Weezing
|-end|p1a: Weezing|ability: Neutralizing Gas
|-damage|p2a: Lycanroc|91/100|[from] item: Life Orb
|
|upkeep
|
|t:|1640981887
|switch|p1a: Thwackey|Thwackey, F, shiny|100/100
|-damage|p1a: Thwackey|84/100|[from] Spikes
|-fieldstart|move: Grassy Terrain|[from] ability: Grassy Surge|[of] p1a: Thwackey
|turn|14
|
|t:|1640981915
|move|p2a: Lycanroc|Sucker Punch|p1a: Thwackey
|-damage|p1a: Thwackey|0 fnt
|faint|p1a: Thwackey
|-damage|p2a: Lycanroc|81/100|[from] item: Life Orb
|
|-heal|p2a: Lycanroc|87/100|[from] Grassy Terrain
|upkeep
|-message|INSANE CARZY GUY forfeited.
|
|win|DoubleMissMatt
|raw|INSANE CARZY GUY's rating: 1308 &rarr; <strong>1299</strong><br />(-9 for losing)
|raw|DoubleMissMatt's rating: 1522 &rarr; <strong>1531</strong><br />(+9 for winning)
|l|☆INSANE CARZY GUY
