|j|☆Pytheon
|j|☆BiscotteKouloulou
|t:|1664299276
|gametype|singles
|player|p1|Pytheon|richboy-gen4|1278
|player|p2|BiscotteKouloulou|unknown|1479
|teamsize|p1|6
|teamsize|p2|6
|gen|8
|tier|[Gen 8] PU
|rated|
|rule|Sleep Clause Mod: Limit one foe put to sleep
|rule|Species Clause: Limit one of each Pokémon
|rule|OHKO Clause: OHKO moves are banned
|rule|Evasion Items Clause: Evasion items are banned
|rule|Evasion Moves Clause: Evasion moves are banned
|rule|Endless Battle Clause: Forcing endless battles is banned
|rule|HP Percentage Mod: HP is shown in percentages
|rule|Dynamax Clause: You cannot dynamax
|clearpoke
|poke|p1|Audino, F|
|poke|p1|Pyukumuku, M|
|poke|p1|Comfey, F|
|poke|p1|Palossand, M|
|poke|p1|Articuno-Galar|
|poke|p1|Silvally-*|
|poke|p2|Ferroseed, F|
|poke|p2|Gigalith, M|
|poke|p2|Centiskorch, M|
|poke|p2|Rhydon, F|
|poke|p2|Ribombee, F|
|poke|p2|Poliwrath, F|
|teampreview
|inactive|Battle timer is ON: inactive players will automatically lose when time's up. (requested by Pytheon)
|inactive|BiscotteKouloulou has 120 seconds left.
|
|t:|1664299312
|start
|switch|p1a: Pyukumuku|Pyukumuku, M|100/100
|switch|p2a: Ferroseed|Ferroseed, F|100/100
|turn|1
|
|t:|1664299329
|switch|p1a: Silvally|Silvally-Poison|100/100
|move|p2a: Ferroseed|Spikes|p1a: Silvally
|-sidestart|p1: Pytheon|Spikes
|
|upkeep
|turn|2
|
|t:|1664299337
|switch|p2a: Rhydon|Rhydon, F|100/100
|move|p1a: Silvally|Flamethrower|p2a: Rhydon
|-resisted|p2a: Rhydon
|-damage|p2a: Rhydon|85/100
|
|upkeep
|turn|3
|
|t:|1664299355
|move|p1a: Silvally|Grass Pledge|p2a: Rhydon
|-supereffective|p2a: Rhydon
|-damage|p2a: Rhydon|0 fnt
|faint|p2a: Rhydon
|
|upkeep
|
|t:|1664299367
|switch|p2a: Centiskorch|Centiskorch, M|100/100
|turn|4
|
|t:|1664299382
|move|p1a: Silvally|Multi-Attack|p2a: Centiskorch
|-damage|p2a: Centiskorch|49/100
|move|p2a: Centiskorch|Fire Lash|p1a: Silvally
|-damage|p1a: Silvally|53/100
|-unboost|p1a: Silvally|def|1
|
|upkeep
|turn|5
|
|t:|1664299396
|switch|p2a: Poliwrath|Poliwrath, F|100/100
|move|p1a: Silvally|Parting Shot|p2a: Poliwrath
|-unboost|p2a: Poliwrath|atk|1
|-unboost|p2a: Poliwrath|spa|1
|j| GamesAreRuiningMe
|
|t:|1664299418
|switch|p1a: Comfey|Comfey, F|100/100|[from]move: Parting Shot
|
|upkeep
|turn|6
|
|t:|1664299427
|switch|p2a: Ferroseed|Ferroseed, F|100/100
|move|p1a: Comfey|Draining Kiss|p2a: Ferroseed
|-resisted|p2a: Ferroseed
|-damage|p2a: Ferroseed|94/100
|-damage|p1a: Comfey|88/100|[from] ability: Iron Barbs|[of] p2a: Ferroseed
|
|upkeep
|turn|7
|inactive|Pytheon has 120 seconds left.
|
|t:|1664299469
|switch|p1a: Articuno|Articuno-Galar|100/100
|move|p2a: Ferroseed|Leech Seed|p1a: Articuno
|-start|p1a: Articuno|move: Leech Seed
|
|-damage|p1a: Articuno|88/100|[from] Leech Seed|[of] p2a: Ferroseed
|-heal|p2a: Ferroseed|100/100|[silent]
|upkeep
|turn|8
|
|t:|1664299485
|switch|p2a: Gigalith|Gigalith, M|100/100
|-weather|Sandstorm|[from] ability: Sand Stream|[of] p2a: Gigalith
|move|p1a: Articuno|Future Sight|p2a: Gigalith
|-start|p1a: Articuno|move: Future Sight
|
|-weather|Sandstorm|[upkeep]
|-damage|p1a: Articuno|82/100|[from] Sandstorm
|-damage|p1a: Articuno|69/100|[from] Leech Seed|[of] p2a: Gigalith
|upkeep
|turn|9
|
|t:|1664299498
|switch|p1a: Pyukumuku|Pyukumuku, M|100/100
|-damage|p1a: Pyukumuku|88/100|[from] Spikes
|move|p2a: Gigalith|Toxic|p1a: Pyukumuku
|-status|p1a: Pyukumuku|tox
|
|-weather|Sandstorm|[upkeep]
|-damage|p1a: Pyukumuku|82/100 tox|[from] Sandstorm
|-heal|p1a: Pyukumuku|88/100 tox|[from] item: Leftovers
|-damage|p1a: Pyukumuku|82/100 tox|[from] psn
|upkeep
|turn|10
|
|t:|1664299508
|switch|p2a: Ferroseed|Ferroseed, F|100/100
|move|p1a: Pyukumuku|Block|p2a: Ferroseed
|-activate|p2a: Ferroseed|trapped
|
|-weather|Sandstorm|[upkeep]
|-damage|p1a: Pyukumuku|76/100 tox|[from] Sandstorm
|-end|p2a: Ferroseed|move: Future Sight
|-resisted|p2a: Ferroseed
|-damage|p2a: Ferroseed|74/100
|-heal|p1a: Pyukumuku|82/100 tox|[from] item: Leftovers
|-damage|p1a: Pyukumuku|70/100 tox|[from] psn
|upkeep
|turn|11
|
|t:|1664299531
|switch|p1a: Comfey|Comfey, F|88/100
|move|p2a: Ferroseed|Gyro Ball|p1a: Comfey
|-supereffective|p1a: Comfey
|-damage|p1a: Comfey|31/100
|
|-weather|Sandstorm|[upkeep]
|-damage|p1a: Comfey|24/100|[from] Sandstorm
|upkeep
|turn|12
|inactive|BiscotteKouloulou has 120 seconds left.
|inactive|BiscotteKouloulou has 90 seconds left.
|inactive|BiscotteKouloulou has 60 seconds left.
|
|t:|1664299640
|switch|p1a: Audino|Audino, F|100/100
|-damage|p1a: Audino|88/100|[from] Spikes
|move|p2a: Ferroseed|Gyro Ball|p1a: Audino
|-damage|p1a: Audino|58/100
|
|-weather|none
|-heal|p1a: Audino|64/100|[from] item: Leftovers
|upkeep
|turn|13
|
|t:|1664299650
|switch|p2a: Gigalith|Gigalith, M|100/100
|-weather|Sandstorm|[from] ability: Sand Stream|[of] p2a: Gigalith
|move|p1a: Audino|Wish|p1a: Audino
|
|-weather|Sandstorm|[upkeep]
|-damage|p1a: Audino|58/100|[from] Sandstorm
|-heal|p1a: Audino|64/100|[from] item: Leftovers
|upkeep
|turn|14
|j| Carmin
|
|t:|1664299668
|move|p1a: Audino|Knock Off|p2a: Gigalith
|-damage|p2a: Gigalith|90/100
|-enditem|p2a: Gigalith|Leftovers|[from] move: Knock Off|[of] p1a: Audino
|move|p2a: Gigalith|Stealth Rock|p1a: Audino
|-sidestart|p1: Pytheon|move: Stealth Rock
|
|-weather|Sandstorm|[upkeep]
|-damage|p1a: Audino|58/100|[from] Sandstorm
|-heal|p1a: Audino|100/100|[from] move: Wish|[wisher] Audino
|upkeep
|turn|15
|
|t:|1664299678
|move|p1a: Audino|Wish|p1a: Audino
|move|p2a: Gigalith|Toxic|p1a: Audino|[miss]
|-miss|p2a: Gigalith|p1a: Audino
|
|-weather|Sandstorm|[upkeep]
|-damage|p1a: Audino|94/100|[from] Sandstorm
|-heal|p1a: Audino|100/100|[from] item: Leftovers
|upkeep
|turn|16
|inactive|BiscotteKouloulou has 60 seconds left.
|
|t:|1664299686
|move|p1a: Audino|Heal Bell|p1a: Audino
|-activate|p1a: Audino|move: Heal Bell
|-curestatus|p1: Pyukumuku|tox|[msg]
|move|p2a: Gigalith|Rock Blast|p1a: Audino
|-damage|p1a: Audino|90/100
|-damage|p1a: Audino|79/100
|-crit|p1a: Audino
|-damage|p1a: Audino|63/100
|-damage|p1a: Audino|53/100
|-damage|p1a: Audino|42/100
|-hitcount|p1a: Audino|5
|
|-weather|Sandstorm|[upkeep]
|-damage|p1a: Audino|36/100|[from] Sandstorm
|-heal|p1a: Audino|86/100|[from] move: Wish|[wisher] Audino
|-heal|p1a: Audino|92/100|[from] item: Leftovers
|upkeep
|turn|17
|
|t:|1664299709
|move|p1a: Audino|Wish|p1a: Audino
|move|p2a: Gigalith|Toxic|p1a: Audino|[miss]
|-miss|p2a: Gigalith|p1a: Audino
|
|-weather|none
|-heal|p1a: Audino|98/100|[from] item: Leftovers
|upkeep
|turn|18
|
|t:|1664299723
|switch|p1a: Silvally|Silvally-Poison|53/100
|-damage|p1a: Silvally|41/100|[from] Spikes
|-damage|p1a: Silvally|29/100|[from] Stealth Rock
|move|p2a: Gigalith|Rock Blast|p1a: Silvally
|-damage|p1a: Silvally|17/100
|-damage|p1a: Silvally|4/100
|-damage|p1a: Silvally|0 fnt
|faint|p1a: Silvally
|-hitcount|p1: Silvally|3
|
|upkeep
|inactive|Pytheon has 90 seconds left.
|c|☆BiscotteKouloulou|i read you so hard but you are pretty lucky
|
|t:|1664299747
|switch|p1a: Comfey|Comfey, F|24/100
|turn|19
|inactive|Pytheon has 90 seconds left.
|c|☆Pytheon|nah i legit fuckin forgot about rocks when i was thinking of dmg calc
|c|☆Pytheon|im big dumb
|
|t:|1664299769
|switch|p2a: Ferroseed|Ferroseed, F|74/100
|move|p1a: Comfey|Synthesis|p1a: Comfey
|-heal|p1a: Comfey|74/100
|
|upkeep
|turn|20
|inactive|BiscotteKouloulou has 90 seconds left.
|
|t:|1664299794
|switch|p1a: Audino|Audino, F|100/100
|-damage|p1a: Audino|88/100|[from] Spikes
|-damage|p1a: Audino|76/100|[from] Stealth Rock
|move|p2a: Ferroseed|Leech Seed|p1a: Audino
|-start|p1a: Audino|move: Leech Seed
|
|-heal|p1a: Audino|82/100|[from] item: Leftovers
|-damage|p1a: Audino|69/100|[from] Leech Seed|[of] p2a: Ferroseed
|-heal|p2a: Ferroseed|92/100|[silent]
|upkeep
|turn|21
|c| Carmin|la par exemple t'aurais peut etre du go centiskorch, il wall pareil le confey, et ca pressure toute sa team
|c|☆BiscotteKouloulou|dont worry
|c| Carmin|je suis pas inquiet, t'as la game en main
|c| Carmin|héhé
|inactive|BiscotteKouloulou has 60 seconds left.
|c| Carmin|juste un peu de backseat
|c| Carmin|:^)
|c|☆BiscotteKouloulou|jai perdu 2 game tout à l'heure c fou comment mon elo est descendu
|inactive|BiscotteKouloulou has 30 seconds left.
|c|☆BiscotteKouloulou|hih tkt
|
|t:|1664299860
|switch|p2a: Poliwrath|Poliwrath, F|100/100
|move|p1a: Audino|Knock Off|p2a: Poliwrath
|-resisted|p2a: Poliwrath
|-damage|p2a: Poliwrath|96/100
|-damage|p1a: Audino|53/100|[from] item: Rocky Helmet|[of] p2a: Poliwrath
|-enditem|p2a: Poliwrath|Rocky Helmet|[from] move: Knock Off|[of] p1a: Audino
|
|-heal|p1a: Audino|59/100|[from] item: Leftovers
|-damage|p1a: Audino|46/100|[from] Leech Seed|[of] p2a: Poliwrath
|-heal|p2a: Poliwrath|100/100|[silent]
|upkeep
|turn|22
|inactive|BiscotteKouloulou has 30 seconds left.
|c| Carmin|ouais les low tiers sont frustrant quand tu veux monter
|inactive|Pytheon has 60 seconds left.
|
|t:|1664299892
|move|p1a: Audino|Protect|p1a: Audino
|-singleturn|p1a: Audino|Protect
|move|p2a: Poliwrath|Circle Throw|p1a: Audino
|-activate|p1a: Audino|move: Protect
|
|-heal|p1a: Audino|52/100|[from] item: Leftovers
|-damage|p1a: Audino|40/100|[from] Leech Seed|[of] p2a: Poliwrath
|upkeep
|turn|23
|c|☆BiscotteKouloulou|javoue que le hard centi était bcp mieux tout à l'heure
|inactive|Pytheon has 30 seconds left.
|
|t:|1664299927
|switch|p1a: Palossand|Palossand, M|100/100
|-damage|p1a: Palossand|88/100|[from] Spikes
|-damage|p1a: Palossand|82/100|[from] Stealth Rock
|move|p2a: Poliwrath|Circle Throw|p1a: Palossand
|-immune|p1a: Palossand
|
|upkeep
|turn|24
|inactive|Pytheon has 30 seconds left.
|inactive|Pytheon has 20 seconds left.
|
|t:|1664299943
|move|p2a: Poliwrath|Scald|p1a: Palossand
|-supereffective|p1a: Palossand
|-damage|p1a: Palossand|41/100
|-status|p1a: Palossand|brn
|-ability|p1a: Palossand|Water Compaction|boost
|-boost|p1a: Palossand|def|2
|move|p1a: Palossand|Shore Up|p1a: Palossand
|-heal|p1a: Palossand|91/100 brn
|
|-damage|p1a: Palossand|85/100 brn|[from] brn
|upkeep
|turn|25
|inactive|Pytheon has 30 seconds left this turn.
|inactive|Pytheon has 20 seconds left.
|
|t:|1664299954
|move|p2a: Poliwrath|Scald|p1a: Palossand
|-supereffective|p1a: Palossand
|-damage|p1a: Palossand|40/100 brn
|-ability|p1a: Palossand|Water Compaction|boost
|-boost|p1a: Palossand|def|2
|move|p1a: Palossand|Stealth Rock|p2a: Poliwrath
|-sidestart|p2: BiscotteKouloulou|move: Stealth Rock
|
|-damage|p1a: Palossand|34/100 brn|[from] brn
|upkeep
|turn|26
|inactive|Pytheon has 30 seconds left this turn.
|c|☆BiscotteKouloulou|bim voila pq on joue scald mdr
|inactive|Pytheon has 20 seconds left.
|c| Carmin|et oui
|
|t:|1664299965
|switch|p1a: Pyukumuku|Pyukumuku, M|70/100
|-damage|p1a: Pyukumuku|58/100|[from] Spikes
|-damage|p1a: Pyukumuku|45/100|[from] Stealth Rock
|move|p2a: Poliwrath|Scald|p1a: Pyukumuku
|-resisted|p1a: Pyukumuku
|-damage|p1a: Pyukumuku|38/100
|
|-heal|p1a: Pyukumuku|44/100|[from] item: Leftovers
|upkeep
|turn|27
|inactive|Pytheon has 30 seconds left this turn.
|inactive|Pytheon has 20 seconds left.
|inactive|BiscotteKouloulou has 30 seconds left.
|
|t:|1664299993
|switch|p2a: Centiskorch|Centiskorch, M|49/100
|move|p1a: Pyukumuku|Recover|p1a: Pyukumuku
|-heal|p1a: Pyukumuku|94/100
|
|-heal|p1a: Pyukumuku|99/100|[from] item: Leftovers
|upkeep
|turn|28
|inactive|Pytheon has 30 seconds left this turn.
|inactive|Pytheon has 20 seconds left.
|
|t:|1664300006
|move|p2a: Centiskorch|Power Whip|p1a: Pyukumuku
|-supereffective|p1a: Pyukumuku
|-damage|p1a: Pyukumuku|41/100
|move|p1a: Pyukumuku|Toxic|p2a: Centiskorch
|-status|p2a: Centiskorch|tox
|
|-heal|p1a: Pyukumuku|47/100|[from] item: Leftovers
|-damage|p2a: Centiskorch|43/100 tox|[from] psn
|upkeep
|turn|29
|inactive|Pytheon has 30 seconds left this turn.
|inactive|Pytheon has 20 seconds left.
|inactive|Pytheon has 15 seconds left.
|
|t:|1664300022
|switch|p1a: Comfey|Comfey, F|74/100
|move|p2a: Centiskorch|Power Whip|p1a: Comfey
|-damage|p1a: Comfey|34/100
|
|-damage|p2a: Centiskorch|31/100 tox|[from] psn
|upkeep
|turn|30
|inactive|Pytheon has 25 seconds left this turn.
|inactive|Pytheon has 20 seconds left.
|
|t:|1664300032
|move|p1a: Comfey|Synthesis|p1a: Comfey
|-heal|p1a: Comfey|84/100
|move|p2a: Centiskorch|Fire Lash|p1a: Comfey
|-damage|p1a: Comfey|46/100
|-unboost|p1a: Comfey|def|1
|
|-damage|p2a: Centiskorch|12/100 tox|[from] psn
|upkeep
|turn|31
|inactive|Pytheon has 30 seconds left this turn.
|c|☆BiscotteKouloulou|la ribombee clean
|inactive|Pytheon has 20 seconds left.
|
|t:|1664300043
|move|p1a: Comfey|Synthesis|p1a: Comfey
|-heal|p1a: Comfey|96/100
|move|p2a: Centiskorch|Fire Lash|p1a: Comfey
|-damage|p1a: Comfey|41/100
|-unboost|p1a: Comfey|def|1
|
|-damage|p2a: Centiskorch|0 fnt|[from] psn
|faint|p2a: Centiskorch
|upkeep
|inactive|Pytheon has 25 seconds left this turn.
|inactive|BiscotteKouloulou has 30 seconds left.
|
|t:|1664300074
|switch|p2a: Ferroseed|Ferroseed, F|92/100
|-damage|p2a: Ferroseed|85/100|[from] Stealth Rock
|turn|32
|inactive|Pytheon has 30 seconds left.
|
|t:|1664300080
|switch|p1a: Audino|Audino, F|73/100
|-damage|p1a: Audino|61/100|[from] Spikes
|-damage|p1a: Audino|48/100|[from] Stealth Rock
|move|p2a: Ferroseed|Gyro Ball|p1a: Audino
|-damage|p1a: Audino|19/100
|
|-heal|p1a: Audino|25/100|[from] item: Leftovers
|upkeep
|turn|33
|
|t:|1664300088
|switch|p2a: Poliwrath|Poliwrath, F|100/100
|-damage|p2a: Poliwrath|94/100|[from] Stealth Rock
|move|p1a: Audino|Protect||[still]
|-fail|p1a: Audino
|
|-heal|p1a: Audino|31/100|[from] item: Leftovers
|upkeep
|turn|34
|inactive|Pytheon has 30 seconds left.
|inactive|Pytheon has 20 seconds left.
|
|t:|1664300115
|switch|p1a: Palossand|Palossand, M|34/100 brn
|-damage|p1a: Palossand|21/100 brn|[from] Spikes
|-damage|p1a: Palossand|15/100 brn|[from] Stealth Rock
|move|p2a: Poliwrath|Circle Throw|p1a: Palossand
|-immune|p1a: Palossand
|
|-damage|p1a: Palossand|9/100 brn|[from] brn
|upkeep
|turn|35
|inactive|Pytheon has 30 seconds left this turn.
|
|t:|1664300124
|move|p2a: Poliwrath|Scald|p1a: Palossand
|-supereffective|p1a: Palossand
|-damage|p1a: Palossand|0 fnt
|faint|p1a: Palossand
|
|upkeep
|inactive|Pytheon has 30 seconds left this turn.
|
|t:|1664300131
|switch|p1a: Pyukumuku|Pyukumuku, M|47/100
|-damage|p1a: Pyukumuku|35/100|[from] Spikes
|-damage|p1a: Pyukumuku|22/100|[from] Stealth Rock
|turn|36
|
|t:|1664300137
|switch|p2a: Ferroseed|Ferroseed, F|85/100
|-damage|p2a: Ferroseed|79/100|[from] Stealth Rock
|move|p1a: Pyukumuku|Recover|p1a: Pyukumuku
|-heal|p1a: Pyukumuku|72/100
|
|-heal|p1a: Pyukumuku|79/100|[from] item: Leftovers
|upkeep
|turn|37
|
|t:|1664300145
|move|p1a: Pyukumuku|Block|p2a: Ferroseed
|-activate|p2a: Ferroseed|trapped
|move|p2a: Ferroseed|Leech Seed|p1a: Pyukumuku
|-start|p1a: Pyukumuku|move: Leech Seed
|
|-heal|p1a: Pyukumuku|85/100|[from] item: Leftovers
|-damage|p1a: Pyukumuku|72/100|[from] Leech Seed|[of] p2a: Ferroseed
|-heal|p2a: Ferroseed|93/100|[silent]
|upkeep
|turn|38
|
|t:|1664300152
|move|p1a: Pyukumuku|Spite|p2a: Ferroseed
|-activate|p2a: Ferroseed|move: Spite|Leech Seed|4
|move|p2a: Ferroseed|Spikes|p1a: Pyukumuku
|-sidestart|p1: Pytheon|Spikes
|
|-heal|p1a: Pyukumuku|78/100|[from] item: Leftovers
|-damage|p1a: Pyukumuku|66/100|[from] Leech Seed|[of] p2a: Ferroseed
|-heal|p2a: Ferroseed|100/100|[silent]
|upkeep
|turn|39
|
|t:|1664300159
|move|p1a: Pyukumuku|Spite|p2a: Ferroseed
|-activate|p2a: Ferroseed|move: Spite|Spikes|4
|move|p2a: Ferroseed|Thunder Wave|p1a: Pyukumuku
|-status|p1a: Pyukumuku|par
|
|-heal|p1a: Pyukumuku|72/100 par|[from] item: Leftovers
|-damage|p1a: Pyukumuku|59/100 par|[from] Leech Seed|[of] p2a: Ferroseed
|upkeep
|turn|40
|
|t:|1664300168
|move|p1a: Pyukumuku|Recover|p1a: Pyukumuku
|-heal|p1a: Pyukumuku|100/100 par
|move|p2a: Ferroseed|Spikes|p1a: Pyukumuku
|-sidestart|p1: Pytheon|Spikes
|
|-damage|p1a: Pyukumuku|88/100 par|[from] Leech Seed|[of] p2a: Ferroseed
|upkeep
|turn|41
|inactive|Pytheon has 60 seconds left.
|
|t:|1664300175
|move|p1a: Pyukumuku|Spite|p2a: Ferroseed
|-activate|p2a: Ferroseed|move: Spite|Spikes|4
|move|p2a: Ferroseed|Gyro Ball|p1a: Pyukumuku
|-resisted|p1a: Pyukumuku
|-crit|p1a: Pyukumuku
|-damage|p1a: Pyukumuku|86/100 par
|
|-heal|p1a: Pyukumuku|92/100 par|[from] item: Leftovers
|-damage|p1a: Pyukumuku|79/100 par|[from] Leech Seed|[of] p2a: Ferroseed
|upkeep
|turn|42
|c|☆BiscotteKouloulou|en sah les gars
|
|t:|1664300188
|cant|p1a: Pyukumuku|par
|move|p2a: Ferroseed|Thunder Wave|p1a: Pyukumuku
|-fail|p1a: Pyukumuku|par
|
|-heal|p1a: Pyukumuku|85/100 par|[from] item: Leftovers
|-damage|p1a: Pyukumuku|73/100 par|[from] Leech Seed|[of] p2a: Ferroseed
|upkeep
|turn|43
|
|t:|1664300195
|move|p1a: Pyukumuku|Spite|p2a: Ferroseed
|-activate|p2a: Ferroseed|move: Spite|Thunder Wave|4
|move|p2a: Ferroseed|Thunder Wave|p1a: Pyukumuku
|-fail|p1a: Pyukumuku|par
|
|-heal|p1a: Pyukumuku|79/100 par|[from] item: Leftovers
|-damage|p1a: Pyukumuku|66/100 par|[from] Leech Seed|[of] p2a: Ferroseed
|upkeep
|turn|44
|
|t:|1664300203
|move|p1a: Pyukumuku|Spite|p2a: Ferroseed
|-activate|p2a: Ferroseed|move: Spite|Thunder Wave|4
|move|p2a: Ferroseed|Thunder Wave|p1a: Pyukumuku
|-fail|p1a: Pyukumuku|par
|
|-heal|p1a: Pyukumuku|72/100 par|[from] item: Leftovers
|-damage|p1a: Pyukumuku|60/100 par|[from] Leech Seed|[of] p2a: Ferroseed
|upkeep
|turn|45
|
|t:|1664300211
|cant|p1a: Pyukumuku|par
|move|p2a: Ferroseed|Thunder Wave|p1a: Pyukumuku
|-fail|p1a: Pyukumuku|par
|
|-heal|p1a: Pyukumuku|66/100 par|[from] item: Leftovers
|-damage|p1a: Pyukumuku|54/100 par|[from] Leech Seed|[of] p2a: Ferroseed
|upkeep
|turn|46
|
|t:|1664300218
|cant|p1a: Pyukumuku|par
|move|p2a: Ferroseed|Thunder Wave|p1a: Pyukumuku
|-fail|p1a: Pyukumuku|par
|
|-heal|p1a: Pyukumuku|60/100 par|[from] item: Leftovers
|-damage|p1a: Pyukumuku|47/100 par|[from] Leech Seed|[of] p2a: Ferroseed
|upkeep
|turn|47
|inactive|Pytheon has 90 seconds left.
|
|t:|1664300225
|move|p1a: Pyukumuku|Recover|p1a: Pyukumuku
|-heal|p1a: Pyukumuku|97/100 par
|move|p2a: Ferroseed|Gyro Ball|p1a: Pyukumuku
|-resisted|p1a: Pyukumuku
|-damage|p1a: Pyukumuku|95/100 par
|
|-heal|p1a: Pyukumuku|100/100 par|[from] item: Leftovers
|-damage|p1a: Pyukumuku|88/100 par|[from] Leech Seed|[of] p2a: Ferroseed
|upkeep
|turn|48
|
|t:|1664300233
|move|p1a: Pyukumuku|Spite|p2a: Ferroseed
|-activate|p2a: Ferroseed|move: Spite|Gyro Ball|3
|move|p2a: Ferroseed|Thunder Wave|p1a: Pyukumuku
|-fail|p1a: Pyukumuku|par
|
|-heal|p1a: Pyukumuku|94/100 par|[from] item: Leftovers
|-damage|p1a: Pyukumuku|82/100 par|[from] Leech Seed|[of] p2a: Ferroseed
|upkeep
|turn|49
|
|t:|1664300246
|switch|p1a: Comfey|Comfey, F|41/100
|move|p2a: Ferroseed|Thunder Wave|p1a: Comfey
|-status|p1a: Comfey|par
|
|upkeep
|turn|50
|
|t:|1664300259
|move|p1a: Comfey|Defog|p2a: Ferroseed
|-unboost|p2a: Ferroseed|evasion|1
|-sideend|p2: BiscotteKouloulou|Stealth Rock|[from] move: Defog|[of] p1a: Comfey
|-sideend|p1: Pytheon|Spikes|[from] move: Defog|[of] p1a: Comfey
|-sideend|p1: Pytheon|Stealth Rock|[from] move: Defog|[of] p1a: Comfey
|move|p2a: Ferroseed|Leech Seed|p1a: Comfey
|-start|p1a: Comfey|move: Leech Seed
|
|-damage|p1a: Comfey|29/100 par|[from] Leech Seed|[of] p2a: Ferroseed
|upkeep
|turn|51
|
|t:|1664300268
|switch|p2a: Ribombee|Ribombee, F|100/100
|cant|p1a: Comfey|par
|
|-damage|p1a: Comfey|17/100 par|[from] Leech Seed|[of] p2a: Ribombee
|upkeep
|turn|52
|
|t:|1664300275
|move|p1a: Comfey|Synthesis|p1a: Comfey
|-heal|p1a: Comfey|67/100 par
|move|p2a: Ribombee|Moonblast|p1a: Comfey
|-damage|p1a: Comfey|28/100 par
|
|-damage|p1a: Comfey|16/100 par|[from] Leech Seed|[of] p2a: Ribombee
|upkeep
|turn|53
|inactive|Pytheon has 90 seconds left.
|
|t:|1664300312
|switch|p1a: Audino|Audino, F|64/100
|move|p2a: Ribombee|Moonblast|p1a: Audino
|-damage|p1a: Audino|37/100
|
|-heal|p1a: Audino|43/100|[from] item: Leftovers
|upkeep
|turn|54
|inactive|Pytheon has 90 seconds left.
|
|t:|1664300328
|switch|p2a: Gigalith|Gigalith, M|90/100
|-weather|Sandstorm|[from] ability: Sand Stream|[of] p2a: Gigalith
|move|p1a: Audino|Wish|p1a: Audino
|
|-weather|Sandstorm|[upkeep]
|-damage|p1a: Audino|37/100|[from] Sandstorm
|-heal|p1a: Audino|43/100|[from] item: Leftovers
|upkeep
|turn|55
|inactive|Pytheon has 90 seconds left.
|
|t:|1664300348
|move|p1a: Audino|Heal Bell|p1a: Audino
|-activate|p1a: Audino|move: Heal Bell
|-curestatus|p1: Pyukumuku|par|[msg]
|-curestatus|p1: Comfey|par|[msg]
|move|p2a: Gigalith|Stealth Rock|p1a: Audino
|-sidestart|p1: Pytheon|move: Stealth Rock
|
|-weather|Sandstorm|[upkeep]
|-damage|p1a: Audino|37/100|[from] Sandstorm
|-heal|p1a: Audino|87/100|[from] move: Wish|[wisher] Audino
|-heal|p1a: Audino|93/100|[from] item: Leftovers
|upkeep
|turn|56
|
|t:|1664300360
|switch|p1a: Pyukumuku|Pyukumuku, M|82/100
|-damage|p1a: Pyukumuku|69/100|[from] Stealth Rock
|move|p2a: Gigalith|Toxic|p1a: Pyukumuku
|-status|p1a: Pyukumuku|tox
|
|-weather|Sandstorm|[upkeep]
|-damage|p1a: Pyukumuku|63/100 tox|[from] Sandstorm
|-heal|p1a: Pyukumuku|69/100 tox|[from] item: Leftovers
|-damage|p1a: Pyukumuku|63/100 tox|[from] psn
|upkeep
|turn|57
|
|t:|1664300371
|switch|p2a: Poliwrath|Poliwrath, F|94/100
|switch|p1a: Audino|Audino, F|100/100
|-damage|p1a: Audino|88/100|[from] Stealth Rock
|
|-weather|Sandstorm|[upkeep]
|-damage|p2a: Poliwrath|88/100|[from] Sandstorm
|-damage|p1a: Audino|82/100|[from] Sandstorm
|-heal|p1a: Audino|88/100|[from] item: Leftovers
|upkeep
|turn|58
|
|t:|1664300380
|move|p1a: Audino|Heal Bell|p1a: Audino
|-activate|p1a: Audino|move: Heal Bell
|-curestatus|p1: Pyukumuku|tox|[msg]
|move|p2a: Poliwrath|Circle Throw|p1a: Audino
|-supereffective|p1a: Audino
|-damage|p1a: Audino|51/100
|drag|p1a: Articuno|Articuno-Galar|69/100
|
|-weather|none
|upkeep
|turn|59
|inactive|Pytheon has 90 seconds left.
|
|t:|1664300398
|switch|p2a: Gigalith|Gigalith, M|90/100
|-weather|Sandstorm|[from] ability: Sand Stream|[of] p2a: Gigalith
|move|p1a: Articuno|Hurricane|p2a: Gigalith|[miss]
|-miss|p1a: Articuno|p2a: Gigalith
|
|-weather|Sandstorm|[upkeep]
|-damage|p1a: Articuno|63/100|[from] Sandstorm
|upkeep
|turn|60
|
|t:|1664300416
|move|p1a: Articuno|Protect|p1a: Articuno
|-singleturn|p1a: Articuno|Protect
|move|p2a: Gigalith|Toxic|p1a: Articuno
|-activate|p1a: Articuno|move: Protect
|
|-weather|Sandstorm|[upkeep]
|-damage|p1a: Articuno|57/100|[from] Sandstorm
|upkeep
|turn|61
|
|t:|1664300430
|switch|p1a: Audino|Audino, F|84/100
|-damage|p1a: Audino|72/100|[from] Stealth Rock
|move|p2a: Gigalith|Toxic|p1a: Audino
|-status|p1a: Audino|tox
|
|-weather|Sandstorm|[upkeep]
|-damage|p1a: Audino|66/100 tox|[from] Sandstorm
|-heal|p1a: Audino|72/100 tox|[from] item: Leftovers
|-damage|p1a: Audino|66/100 tox|[from] psn
|upkeep
|turn|62
|
|t:|1664300440
|move|p1a: Audino|Wish|p1a: Audino
|move|p2a: Gigalith|Rock Blast|p1a: Audino
|-damage|p1a: Audino|55/100 tox
|-damage|p1a: Audino|46/100 tox
|-hitcount|p1a: Audino|2
|
|-weather|Sandstorm|[upkeep]
|-damage|p1a: Audino|40/100 tox|[from] Sandstorm
|-heal|p1a: Audino|46/100 tox|[from] item: Leftovers
|-damage|p1a: Audino|33/100 tox|[from] psn
|upkeep
|turn|63
|
|t:|1664300450
|move|p1a: Audino|Protect|p1a: Audino
|-singleturn|p1a: Audino|Protect
|move|p2a: Gigalith|Rock Blast|p1a: Audino
|-activate|p1a: Audino|move: Protect
|
|-weather|none
|-heal|p1a: Audino|83/100 tox|[from] move: Wish|[wisher] Audino
|-heal|p1a: Audino|90/100 tox|[from] item: Leftovers
|-damage|p1a: Audino|71/100 tox|[from] psn
|upkeep
|turn|64
|
|t:|1664300460
|move|p1a: Audino|Heal Bell|p1a: Audino
|-activate|p1a: Audino|move: Heal Bell
|-curestatus|p1a: Audino|tox|[msg]
|move|p2a: Gigalith|Rock Blast|p1a: Audino
|-damage|p1a: Audino|61/100
|-damage|p1a: Audino|50/100
|-damage|p1a: Audino|40/100
|-damage|p1a: Audino|29/100
|-hitcount|p1a: Audino|4
|
|-heal|p1a: Audino|35/100|[from] item: Leftovers
|upkeep
|turn|65
|inactive|Pytheon has 90 seconds left.
|
|t:|1664300473
|move|p1a: Audino|Protect|p1a: Audino
|-singleturn|p1a: Audino|Protect
|move|p2a: Gigalith|Rock Blast|p1a: Audino
|-activate|p1a: Audino|move: Protect
|
|-heal|p1a: Audino|41/100|[from] item: Leftovers
|upkeep
|turn|66
|inactive|Pytheon has 90 seconds left.
|
|t:|1664300485
|switch|p1a: Pyukumuku|Pyukumuku, M|63/100
|-damage|p1a: Pyukumuku|51/100|[from] Stealth Rock
|move|p2a: Gigalith|Toxic|p1a: Pyukumuku
|-status|p1a: Pyukumuku|tox
|
|-heal|p1a: Pyukumuku|57/100 tox|[from] item: Leftovers
|-damage|p1a: Pyukumuku|51/100 tox|[from] psn
|upkeep
|turn|67
|inactive|Pytheon has 90 seconds left.
|
|t:|1664300494
|switch|p2a: Poliwrath|Poliwrath, F|88/100
|move|p1a: Pyukumuku|Toxic|p2a: Poliwrath|[miss]
|-miss|p1a: Pyukumuku|p2a: Poliwrath
|
|-heal|p1a: Pyukumuku|57/100 tox|[from] item: Leftovers
|-damage|p1a: Pyukumuku|45/100 tox|[from] psn
|upkeep
|turn|68
|
|t:|1664300503
|move|p1a: Pyukumuku|Recover|p1a: Pyukumuku
|-heal|p1a: Pyukumuku|95/100 tox
|move|p2a: Poliwrath|Circle Throw|p1a: Pyukumuku
|-damage|p1a: Pyukumuku|81/100 tox
|drag|p1a: Comfey|Comfey, F|16/100
|
|upkeep
|turn|69
|j| Stanefix
|inactive|Pytheon has 90 seconds left.
|
|t:|1664300534
|switch|p2a: Ferroseed|Ferroseed, F|100/100
|move|p1a: Comfey|Draining Kiss|p2a: Ferroseed
|-resisted|p2a: Ferroseed
|-damage|p2a: Ferroseed|94/100
|-heal|p1a: Comfey|20/100|[from] drain|[of] p2a: Ferroseed
|-damage|p1a: Comfey|8/100|[from] ability: Iron Barbs|[of] p2a: Ferroseed
|
|upkeep
|turn|70
|
|t:|1664300553
|switch|p1a: Audino|Audino, F|74/100
|-damage|p1a: Audino|62/100|[from] Stealth Rock
|move|p2a: Ferroseed|Leech Seed|p1a: Audino
|-start|p1a: Audino|move: Leech Seed
|
|-heal|p1a: Audino|68/100|[from] item: Leftovers
|-damage|p1a: Audino|55/100|[from] Leech Seed|[of] p2a: Ferroseed
|-heal|p2a: Ferroseed|100/100|[silent]
|upkeep
|turn|71
|
|t:|1664300563
|switch|p1a: Pyukumuku|Pyukumuku, M|81/100 tox
|-damage|p1a: Pyukumuku|69/100 tox|[from] Stealth Rock
|switch|p2a: Poliwrath|Poliwrath, F|88/100
|
|-heal|p1a: Pyukumuku|75/100 tox|[from] item: Leftovers
|-damage|p1a: Pyukumuku|69/100 tox|[from] psn
|upkeep
|turn|72
|
|t:|1664300572
|move|p1a: Pyukumuku|Toxic|p2a: Poliwrath
|-status|p2a: Poliwrath|tox
|move|p2a: Poliwrath|Circle Throw|p1a: Pyukumuku
|-damage|p1a: Pyukumuku|56/100 tox
|drag|p1a: Comfey|Comfey, F|8/100
|
|-damage|p2a: Poliwrath|82/100 tox|[from] psn
|upkeep
|turn|73
|inactive|Pytheon has 90 seconds left.
|
|t:|1664300579
|switch|p2a: Ferroseed|Ferroseed, F|100/100
|move|p1a: Comfey|Synthesis|p1a: Comfey
|-heal|p1a: Comfey|58/100
|
|upkeep
|turn|74
|inactive|Pytheon has 90 seconds left.
|
|t:|1664300595
|switch|p1a: Audino|Audino, F|89/100
|-damage|p1a: Audino|76/100|[from] Stealth Rock
|move|p2a: Ferroseed|Spikes|p1a: Audino
|-sidestart|p1: Pytheon|Spikes
|
|-heal|p1a: Audino|82/100|[from] item: Leftovers
|upkeep
|turn|75
|
|t:|1664300606
|switch|p2a: Ribombee|Ribombee, F|100/100
|move|p1a: Audino|Knock Off|p2a: Ribombee
|-resisted|p2a: Ribombee
|-damage|p2a: Ribombee|86/100
|-enditem|p2a: Ribombee|Heavy-Duty Boots|[from] move: Knock Off|[of] p1a: Audino
|
|-heal|p1a: Audino|88/100|[from] item: Leftovers
|upkeep
|turn|76
|l| Stanefix
|inactive|Pytheon has 90 seconds left.
|
|t:|1664300622
|move|p2a: Ribombee|Moonblast|p1a: Audino
|-damage|p1a: Audino|64/100
|move|p1a: Audino|Wish|p1a: Audino
|
|-heal|p1a: Audino|70/100|[from] item: Leftovers
|upkeep
|turn|77
|inactive|Pytheon has 90 seconds left.
|
|t:|1664300635
|move|p2a: Ribombee|Moonblast|p1a: Audino
|-damage|p1a: Audino|44/100
|move|p1a: Audino|Heal Bell|p1a: Audino
|-activate|p1a: Audino|move: Heal Bell
|-curestatus|p1: Pyukumuku|tox|[msg]
|
|-heal|p1a: Audino|94/100|[from] move: Wish|[wisher] Audino
|-heal|p1a: Audino|100/100|[from] item: Leftovers
|upkeep
|turn|78
|
|t:|1664300645
|move|p2a: Ribombee|Moonblast|p1a: Audino
|-damage|p1a: Audino|72/100
|move|p1a: Audino|Wish|p1a: Audino
|
|-heal|p1a: Audino|78/100|[from] item: Leftovers
|upkeep
|turn|79
|inactive|Pytheon has 90 seconds left.
|
|t:|1664300681
|switch|p1a: Pyukumuku|Pyukumuku, M|56/100
|-damage|p1a: Pyukumuku|44/100|[from] Stealth Rock
|-damage|p1a: Pyukumuku|31/100|[from] Spikes
|move|p2a: Ribombee|Bug Buzz|p1a: Pyukumuku
|-damage|p1a: Pyukumuku|0 fnt
|faint|p1a: Pyukumuku
|
|upkeep
|
|t:|1664300693
|switch|p1a: Comfey|Comfey, F|58/100
|turn|80
|
|t:|1664300704
|switch|p2a: Ferroseed|Ferroseed, F|100/100
|move|p1a: Comfey|Synthesis|p1a: Comfey
|-heal|p1a: Comfey|100/100
|
|upkeep
|turn|81
|
|t:|1664300716
|move|p1a: Comfey|Defog|p2a: Ferroseed
|-unboost|p2a: Ferroseed|evasion|1
|-sideend|p1: Pytheon|Spikes|[from] move: Defog|[of] p1a: Comfey
|-sideend|p1: Pytheon|Stealth Rock|[from] move: Defog|[of] p1a: Comfey
|move|p2a: Ferroseed|Spikes|p1a: Comfey
|-sidestart|p1: Pytheon|Spikes
|
|upkeep
|turn|82
|
|t:|1664300723
|move|p1a: Comfey|Encore|p2a: Ferroseed
|-start|p2a: Ferroseed|Encore
|move|p2a: Ferroseed|Spikes|p1a: Comfey
|-sidestart|p1: Pytheon|Spikes
|
|upkeep
|turn|83
|
|t:|1664300740
|switch|p1a: Articuno|Articuno-Galar|57/100
|switch|p2a: Gigalith|Gigalith, M|90/100
|-weather|Sandstorm|[from] ability: Sand Stream|[of] p2a: Gigalith
|
|-weather|Sandstorm|[upkeep]
|-damage|p1a: Articuno|51/100|[from] Sandstorm
|upkeep
|turn|84
|inactive|Pytheon has 60 seconds left.
|
|t:|1664300762
|switch|p1a: Comfey|Comfey, F|100/100
|move|p2a: Gigalith|Rock Blast|p1a: Comfey
|-damage|p1a: Comfey|90/100
|-damage|p1a: Comfey|80/100
|-hitcount|p1a: Comfey|2
|
|-weather|Sandstorm|[upkeep]
|-damage|p1a: Comfey|73/100|[from] Sandstorm
|upkeep
|turn|85
|
|t:|1664300772
|move|p1a: Comfey|Draining Kiss|p2a: Gigalith
|-damage|p2a: Gigalith|82/100
|-heal|p1a: Comfey|81/100|[from] drain|[of] p2a: Gigalith
|move|p2a: Gigalith|Toxic|p1a: Comfey
|-status|p1a: Comfey|tox
|
|-weather|Sandstorm|[upkeep]
|-damage|p1a: Comfey|75/100 tox|[from] Sandstorm
|-damage|p1a: Comfey|68/100 tox|[from] psn
|upkeep
|turn|86
|
|t:|1664300782
|move|p1a: Comfey|Encore|p2a: Gigalith
|-start|p2a: Gigalith|Encore
|move|p2a: Gigalith|Toxic|p1a: Comfey
|-fail|p1a: Comfey|tox
|
|-weather|Sandstorm|[upkeep]
|-damage|p1a: Comfey|62/100 tox|[from] Sandstorm
|-damage|p1a: Comfey|50/100 tox|[from] psn
|upkeep
|turn|87
|
|t:|1664300790
|switch|p1a: Articuno|Articuno-Galar|51/100
|move|p2a: Gigalith|Toxic|p1a: Articuno
|-status|p1a: Articuno|tox
|
|-weather|none
|-damage|p1a: Articuno|44/100 tox|[from] psn
|upkeep
|turn|88
|
|t:|1664300801
|switch|p2a: Poliwrath|Poliwrath, F|82/100 tox
|move|p1a: Articuno|Future Sight|p2a: Poliwrath
|-start|p1a: Articuno|move: Future Sight
|
|-damage|p1a: Articuno|32/100 tox|[from] psn
|-damage|p2a: Poliwrath|76/100 tox|[from] psn
|upkeep
|turn|89
|
|t:|1664300808
|switch|p2a: Gigalith|Gigalith, M|82/100
|-weather|Sandstorm|[from] ability: Sand Stream|[of] p2a: Gigalith
|move|p1a: Articuno|Hurricane|p2a: Gigalith|[miss]
|-miss|p1a: Articuno|p2a: Gigalith
|
|-weather|Sandstorm|[upkeep]
|-damage|p1a: Articuno|26/100 tox|[from] Sandstorm
|-damage|p1a: Articuno|7/100 tox|[from] psn
|upkeep
|turn|90
|inactive|Pytheon has 90 seconds left.
|
|t:|1664300818
|switch|p1a: Audino|Audino, F|100/100
|-damage|p1a: Audino|84/100|[from] Spikes
|move|p2a: Gigalith|Protect||[still]
|-fail|p2a: Gigalith
|
|-weather|Sandstorm|[upkeep]
|-damage|p1a: Audino|78/100|[from] Sandstorm
|-end|p2a: Gigalith|move: Future Sight
|-damage|p2a: Gigalith|53/100
|-heal|p1a: Audino|84/100|[from] item: Leftovers
|upkeep
|turn|91
|inactive|Pytheon has 90 seconds left.
|
|t:|1664300829
|move|p1a: Audino|Wish|p1a: Audino
|move|p2a: Gigalith|Toxic|p1a: Audino
|-status|p1a: Audino|tox
|
|-weather|Sandstorm|[upkeep]
|-damage|p1a: Audino|78/100 tox|[from] Sandstorm
|-heal|p1a: Audino|84/100 tox|[from] item: Leftovers
|-damage|p1a: Audino|78/100 tox|[from] psn
|upkeep
|turn|92
|
|t:|1664300839
|move|p1a: Audino|Knock Off|p2a: Gigalith
|-damage|p2a: Gigalith|46/100
|move|p2a: Gigalith|Rock Blast|p1a: Audino
|-damage|p1a: Audino|68/100 tox
|-damage|p1a: Audino|58/100 tox
|-hitcount|p1a: Audino|2
|
|-weather|Sandstorm|[upkeep]
|-damage|p1a: Audino|52/100 tox|[from] Sandstorm
|-heal|p1a: Audino|100/100 tox|[from] move: Wish|[wisher] Audino
|-damage|p1a: Audino|88/100 tox|[from] psn
|upkeep
|turn|93
|
|t:|1664300854
|switch|p2a: Poliwrath|Poliwrath, F|76/100 tox
|move|p1a: Audino|Heal Bell|p1a: Audino
|-activate|p1a: Audino|move: Heal Bell
|-curestatus|p1a: Audino|tox|[msg]
|-curestatus|p1: Articuno|tox|[msg]
|-curestatus|p1: Comfey|tox|[msg]
|
|-weather|none
|-heal|p1a: Audino|94/100|[from] item: Leftovers
|-damage|p2a: Poliwrath|70/100 tox|[from] psn
|upkeep
|turn|94
|inactive|Pytheon has 90 seconds left.
|
|t:|1664300865
|move|p1a: Audino|Wish|p1a: Audino
|move|p2a: Poliwrath|Circle Throw|p1a: Audino
|-supereffective|p1a: Audino
|-damage|p1a: Audino|55/100
|drag|p1a: Articuno|Articuno-Galar|7/100
|
|-damage|p2a: Poliwrath|58/100 tox|[from] psn
|upkeep
|turn|95
|inactive|Pytheon has 90 seconds left.
|
|t:|1664300875
|move|p1a: Articuno|Recover|p1a: Articuno
|-heal|p1a: Articuno|57/100
|move|p2a: Poliwrath|Scald|p1a: Articuno
|-damage|p1a: Articuno|39/100
|
|-heal|p1a: Articuno|100/100|[from] move: Wish|[wisher] Audino
|-damage|p2a: Poliwrath|40/100 tox|[from] psn
|upkeep
|turn|96
|inactive|Pytheon has 90 seconds left.
|
|t:|1664300890
|switch|p2a: Gigalith|Gigalith, M|46/100
|-weather|Sandstorm|[from] ability: Sand Stream|[of] p2a: Gigalith
|move|p1a: Articuno|Future Sight|p2a: Gigalith
|-start|p1a: Articuno|move: Future Sight
|
|-weather|Sandstorm|[upkeep]
|-damage|p1a: Articuno|94/100|[from] Sandstorm
|upkeep
|turn|97
|inactive|Pytheon has 90 seconds left.
|
|t:|1664300898
|move|p1a: Articuno|Protect|p1a: Articuno
|-singleturn|p1a: Articuno|Protect
|move|p2a: Gigalith|Rock Blast|p1a: Articuno
|-activate|p1a: Articuno|move: Protect
|
|-weather|Sandstorm|[upkeep]
|-damage|p1a: Articuno|88/100|[from] Sandstorm
|upkeep
|turn|98
|inactive|Pytheon has 90 seconds left.
|
|t:|1664300906
|switch|p1a: Audino|Audino, F|88/100
|-damage|p1a: Audino|71/100|[from] Spikes
|switch|p2a: Ferroseed|Ferroseed, F|100/100
|
|-weather|Sandstorm|[upkeep]
|-damage|p1a: Audino|65/100|[from] Sandstorm
|-end|p2a: Ferroseed|move: Future Sight
|-resisted|p2a: Ferroseed
|-damage|p2a: Ferroseed|78/100
|-heal|p1a: Audino|71/100|[from] item: Leftovers
|upkeep
|turn|99
|inactive|Pytheon has 90 seconds left.
|
|t:|1664300917
|switch|p1a: Comfey|Comfey, F|50/100
|move|p2a: Ferroseed|Thunder Wave|p1a: Comfey
|-status|p1a: Comfey|par
|
|-weather|Sandstorm|[upkeep]
|-damage|p1a: Comfey|44/100 par|[from] Sandstorm
|upkeep
|turn|100
|inactive|BiscotteKouloulou has 120 seconds left.
|inactive|Pytheon has 60 seconds left.
|
|t:|1664300958
|switch|p1a: Audino|Audino, F|100/100
|-damage|p1a: Audino|84/100|[from] Spikes
|move|p2a: Ferroseed|Leech Seed|p1a: Audino
|-start|p1a: Audino|move: Leech Seed
|
|-weather|none
|-heal|p1a: Audino|90/100|[from] item: Leftovers
|-damage|p1a: Audino|78/100|[from] Leech Seed|[of] p2a: Ferroseed
|-heal|p2a: Ferroseed|96/100|[silent]
|upkeep
|turn|101
|inactive|Pytheon has 60 seconds left.
|
|t:|1664300968
|switch|p1a: Articuno|Articuno-Galar|88/100
|switch|p2a: Ribombee|Ribombee, F|86/100
|
|upkeep
|turn|102
|inactive|Pytheon has 60 seconds left.
|
|t:|1664300981
|switch|p2a: Poliwrath|Poliwrath, F|40/100 tox
|move|p1a: Articuno|Future Sight|p2a: Poliwrath
|-start|p1a: Articuno|move: Future Sight
|
|-damage|p2a: Poliwrath|34/100 tox|[from] psn
|upkeep
|turn|103
|
|t:|1664300990
|move|p1a: Articuno|Protect|p1a: Articuno
|-singleturn|p1a: Articuno|Protect
|move|p2a: Poliwrath|Scald|p1a: Articuno
|-activate|p1a: Articuno|move: Protect
|
|-damage|p2a: Poliwrath|22/100 tox|[from] psn
|upkeep
|turn|104
|
|t:|1664301002
|move|p1a: Articuno|Recover|p1a: Articuno
|-heal|p1a: Articuno|100/100
|move|p2a: Poliwrath|Scald|p1a: Articuno
|-damage|p1a: Articuno|81/100
|
|-end|p2a: Poliwrath|move: Future Sight
|-supereffective|p2a: Poliwrath
|-damage|p2a: Poliwrath|0 fnt
|faint|p2a: Poliwrath
|upkeep
|
|t:|1664301009
|switch|p2a: Gigalith|Gigalith, M|46/100
|-weather|Sandstorm|[from] ability: Sand Stream|[of] p2a: Gigalith
|turn|105
|
|t:|1664301014
|switch|p1a: Audino|Audino, F|100/100
|-damage|p1a: Audino|84/100|[from] Spikes
|move|p2a: Gigalith|Rock Blast|p1a: Audino
|-damage|p1a: Audino|74/100
|-damage|p1a: Audino|62/100
|-damage|p1a: Audino|51/100
|-damage|p1a: Audino|41/100
|-hitcount|p1a: Audino|4
|
|-weather|Sandstorm|[upkeep]
|-damage|p1a: Audino|35/100|[from] Sandstorm
|-heal|p1a: Audino|41/100|[from] item: Leftovers
|upkeep
|turn|106
|inactive|Pytheon has 60 seconds left.
|
|t:|1664301027
|move|p1a: Audino|Protect|p1a: Audino
|-singleturn|p1a: Audino|Protect
|move|p2a: Gigalith|Rock Blast|p1a: Audino
|-activate|p1a: Audino|move: Protect
|
|-weather|Sandstorm|[upkeep]
|-damage|p1a: Audino|35/100|[from] Sandstorm
|-heal|p1a: Audino|41/100|[from] item: Leftovers
|upkeep
|turn|107
|
|t:|1664301053
|switch|p1a: Comfey|Comfey, F|44/100 par
|move|p2a: Gigalith|Rock Blast|p1a: Comfey
|-damage|p1a: Comfey|34/100 par
|-damage|p1a: Comfey|24/100 par
|-damage|p1a: Comfey|14/100 par
|-hitcount|p1a: Comfey|3
|
|-weather|Sandstorm|[upkeep]
|-damage|p1a: Comfey|8/100 par|[from] Sandstorm
|upkeep
|turn|108
|
|t:|1664301072
|switch|p2a: Ferroseed|Ferroseed, F|96/100
|move|p1a: Comfey|Synthesis|p1a: Comfey
|-heal|p1a: Comfey|33/100 par
|
|-weather|Sandstorm|[upkeep]
|-damage|p1a: Comfey|26/100 par|[from] Sandstorm
|upkeep
|turn|109
|
|t:|1664301081
|switch|p1a: Articuno|Articuno-Galar|81/100
|move|p2a: Ferroseed|Leech Seed|p1a: Articuno
|-start|p1a: Articuno|move: Leech Seed
|
|-weather|none
|-damage|p1a: Articuno|68/100|[from] Leech Seed|[of] p2a: Ferroseed
|-heal|p2a: Ferroseed|100/100|[silent]
|upkeep
|turn|110
|
|t:|1664301088
|switch|p2a: Gigalith|Gigalith, M|46/100
|-weather|Sandstorm|[from] ability: Sand Stream|[of] p2a: Gigalith
|move|p1a: Articuno|Future Sight|p2a: Gigalith
|-start|p1a: Articuno|move: Future Sight
|
|-weather|Sandstorm|[upkeep]
|-damage|p1a: Articuno|62/100|[from] Sandstorm
|-damage|p1a: Articuno|50/100|[from] Leech Seed|[of] p2a: Gigalith
|-heal|p2a: Gigalith|57/100|[silent]
|upkeep
|turn|111
|inactive|Pytheon has 30 seconds left.
|
|t:|1664301100
|switch|p1a: Audino|Audino, F|74/100
|-damage|p1a: Audino|58/100|[from] Spikes
|move|p2a: Gigalith|Stealth Rock|p1a: Audino
|-sidestart|p1: Pytheon|move: Stealth Rock
|
|-weather|Sandstorm|[upkeep]
|-damage|p1a: Audino|51/100|[from] Sandstorm
|-heal|p1a: Audino|58/100|[from] item: Leftovers
|upkeep
|turn|112
|inactive|Pytheon has 30 seconds left.
|
|t:|1664301108
|switch|p2a: Ferroseed|Ferroseed, F|100/100
|move|p1a: Audino|Wish|p1a: Audino
|
|-weather|Sandstorm|[upkeep]
|-damage|p1a: Audino|51/100|[from] Sandstorm
|-end|p2a: Ferroseed|move: Future Sight
|-resisted|p2a: Ferroseed
|-damage|p2a: Ferroseed|78/100
|-heal|p1a: Audino|58/100|[from] item: Leftovers
|upkeep
|turn|113
|inactive|Pytheon has 30 seconds left.
|
|t:|1664301121
|switch|p1a: Comfey|Comfey, F|26/100 par
|switch|p2a: Gigalith|Gigalith, M|57/100
|
|-weather|Sandstorm|[upkeep]
|-damage|p1a: Comfey|20/100 par|[from] Sandstorm
|-heal|p1a: Comfey|87/100 par|[from] move: Wish|[wisher] Audino
|upkeep
|turn|114
|inactive|Pytheon has 30 seconds left this turn.
|
|t:|1664301129
|switch|p2a: Ferroseed|Ferroseed, F|78/100
|move|p1a: Comfey|Defog|p2a: Ferroseed
|-unboost|p2a: Ferroseed|evasion|1
|-sideend|p1: Pytheon|Spikes|[from] move: Defog|[of] p1a: Comfey
|-sideend|p1: Pytheon|Stealth Rock|[from] move: Defog|[of] p1a: Comfey
|
|-weather|none
|upkeep
|turn|115
|inactive|Pytheon has 30 seconds left this turn.
|inactive|BiscotteKouloulou has 120 seconds left.
|
|t:|1664301139
|switch|p1a: Articuno|Articuno-Galar|50/100
|move|p2a: Ferroseed|Spikes|p1a: Articuno
|-sidestart|p1: Pytheon|Spikes
|
|upkeep
|turn|116
|inactive|Pytheon has 30 seconds left this turn.
|
|t:|1664301143
|move|p1a: Articuno|Future Sight|p2a: Ferroseed
|-start|p1a: Articuno|move: Future Sight
|move|p2a: Ferroseed|Thunder Wave|p1a: Articuno
|-status|p1a: Articuno|par
|
|upkeep
|turn|117
|inactive|Pytheon has 30 seconds left.
|
|t:|1664301150
|move|p1a: Articuno|Hurricane|p2a: Ferroseed|[miss]
|-miss|p1a: Articuno|p2a: Ferroseed
|move|p2a: Ferroseed|Leech Seed|p1a: Articuno
|-start|p1a: Articuno|move: Leech Seed
|
|-damage|p1a: Articuno|37/100 par|[from] Leech Seed|[of] p2a: Ferroseed
|-heal|p2a: Ferroseed|92/100|[silent]
|upkeep
|turn|118
|inactive|Pytheon has 30 seconds left.
|
|t:|1664301157
|switch|p1a: Audino|Audino, F|91/100
|-damage|p1a: Audino|78/100|[from] Spikes
|switch|p2a: Gigalith|Gigalith, M|57/100
|-weather|Sandstorm|[from] ability: Sand Stream|[of] p2a: Gigalith
|
|-weather|Sandstorm|[upkeep]
|-damage|p1a: Audino|72/100|[from] Sandstorm
|-end|p2a: Gigalith|move: Future Sight
|-damage|p2a: Gigalith|27/100
|-heal|p1a: Audino|78/100|[from] item: Leftovers
|upkeep
|turn|119
|inactive|Pytheon has 30 seconds left.
|inactive|Pytheon has 20 seconds left.
|
|t:|1664301174
|move|p1a: Audino|Protect|p1a: Audino
|-singleturn|p1a: Audino|Protect
|move|p2a: Gigalith|Toxic|p1a: Audino
|-activate|p1a: Audino|move: Protect
|
|-weather|Sandstorm|[upkeep]
|-damage|p1a: Audino|72/100|[from] Sandstorm
|-heal|p1a: Audino|78/100|[from] item: Leftovers
|upkeep
|turn|120
|inactive|Pytheon has 25 seconds left this turn.
|inactive|Pytheon has 20 seconds left.
|
|t:|1664301183
|move|p1a: Audino|Knock Off|p2a: Gigalith
|-damage|p2a: Gigalith|19/100
|move|p2a: Gigalith|Toxic|p1a: Audino
|-status|p1a: Audino|tox
|
|-weather|Sandstorm|[upkeep]
|-damage|p1a: Audino|72/100 tox|[from] Sandstorm
|-heal|p1a: Audino|78/100 tox|[from] item: Leftovers
|-damage|p1a: Audino|72/100 tox|[from] psn
|upkeep
|turn|121
|inactive|Pytheon has 25 seconds left this turn.
|inactive|Pytheon has 20 seconds left.
|
|t:|1664301194
|move|p1a: Audino|Wish|p1a: Audino
|move|p2a: Gigalith|Toxic|p1a: Audino
|-fail|p1a: Audino|tox
|
|-weather|Sandstorm|[upkeep]
|-damage|p1a: Audino|66/100 tox|[from] Sandstorm
|-heal|p1a: Audino|72/100 tox|[from] item: Leftovers
|-damage|p1a: Audino|60/100 tox|[from] psn
|upkeep
|turn|122
|inactive|Pytheon has 25 seconds left this turn.
|inactive|Pytheon has 20 seconds left.
|
|t:|1664301202
|move|p1a: Audino|Heal Bell|p1a: Audino
|-activate|p1a: Audino|move: Heal Bell
|-curestatus|p1a: Audino|tox|[msg]
|-curestatus|p1: Articuno|par|[msg]
|-curestatus|p1: Comfey|par|[msg]
|move|p2a: Gigalith|Rock Blast|p1a: Audino
|-crit|p1a: Audino
|-damage|p1a: Audino|44/100
|-damage|p1a: Audino|32/100
|-hitcount|p1a: Audino|2
|
|-weather|none
|-heal|p1a: Audino|82/100|[from] move: Wish|[wisher] Audino
|-heal|p1a: Audino|88/100|[from] item: Leftovers
|upkeep
|turn|123
|inactive|Pytheon has 25 seconds left this turn.
|inactive|Pytheon has 20 seconds left.
|inactive|Pytheon has 15 seconds left.
|j| blahblehblih
|
|t:|1664301218
|move|p1a: Audino|Knock Off|p2a: Gigalith
|-damage|p2a: Gigalith|12/100
|move|p2a: Gigalith|Toxic|p1a: Audino|[miss]
|-miss|p2a: Gigalith|p1a: Audino
|
|-heal|p1a: Audino|94/100|[from] item: Leftovers
|upkeep
|turn|124
|inactive|Pytheon has 20 seconds left this turn.
|inactive|Pytheon has 15 seconds left.
|
|t:|1664301224
|switch|p2a: Ribombee|Ribombee, F|86/100
|move|p1a: Audino|Knock Off|p2a: Ribombee
|-resisted|p2a: Ribombee
|-damage|p2a: Ribombee|75/100
|
|-heal|p1a: Audino|100/100|[from] item: Leftovers
|upkeep
|turn|125
|inactive|Pytheon has 20 seconds left this turn.
|inactive|Pytheon has 15 seconds left.
|
|t:|1664301231
|move|p2a: Ribombee|Moonblast|p1a: Audino
|-damage|p1a: Audino|75/100
|move|p1a: Audino|Wish|p1a: Audino
|
|-heal|p1a: Audino|81/100|[from] item: Leftovers
|upkeep
|turn|126
|inactive|Pytheon has 20 seconds left this turn.
|inactive|Pytheon has 15 seconds left.
|
|t:|1664301238
|move|p2a: Ribombee|Bug Buzz|p1a: Audino
|-damage|p1a: Audino|57/100
|move|p1a: Audino|Knock Off|p2a: Ribombee
|-resisted|p2a: Ribombee
|-damage|p2a: Ribombee|66/100
|
|-heal|p1a: Audino|100/100|[from] move: Wish|[wisher] Audino
|upkeep
|turn|127
|inactive|Pytheon has 20 seconds left this turn.
|inactive|Pytheon has 15 seconds left.
|
|t:|1664301247
|move|p2a: Ribombee|Bug Buzz|p1a: Audino
|-damage|p1a: Audino|74/100
|move|p1a: Audino|Knock Off|p2a: Ribombee
|-resisted|p2a: Ribombee
|-damage|p2a: Ribombee|56/100
|
|-heal|p1a: Audino|80/100|[from] item: Leftovers
|upkeep
|turn|128
|inactive|Pytheon has 20 seconds left this turn.
|inactive|Pytheon has 15 seconds left.
|
|t:|1664301254
|move|p1a: Audino|Protect|p1a: Audino
|-singleturn|p1a: Audino|Protect
|move|p2a: Ribombee|Bug Buzz|p1a: Audino
|-activate|p1a: Audino|move: Protect
|
|-heal|p1a: Audino|86/100|[from] item: Leftovers
|upkeep
|turn|129
|inactive|Pytheon has 20 seconds left this turn.
|inactive|Pytheon has 15 seconds left.
|
|t:|1664301261
|move|p2a: Ribombee|Bug Buzz|p1a: Audino
|-damage|p1a: Audino|63/100
|-unboost|p1a: Audino|spd|1
|move|p1a: Audino|Knock Off|p2a: Ribombee
|-resisted|p2a: Ribombee
|-damage|p2a: Ribombee|46/100
|
|-heal|p1a: Audino|70/100|[from] item: Leftovers
|upkeep
|turn|130
|inactive|Pytheon has 20 seconds left this turn.
|inactive|Pytheon has 15 seconds left.
|
|t:|1664301269
|move|p1a: Audino|Protect|p1a: Audino
|-singleturn|p1a: Audino|Protect
|move|p2a: Ribombee|Bug Buzz|p1a: Audino
|-activate|p1a: Audino|move: Protect
|
|-heal|p1a: Audino|76/100|[from] item: Leftovers
|upkeep
|turn|131
|inactive|Pytheon has 20 seconds left this turn.
|inactive|Pytheon has 15 seconds left.
|j| acluh1
|l| acluh1
|
|t:|1664301301
|switch|p1a: Comfey|Comfey, F|87/100
|move|p2a: Ribombee|Bug Buzz|p1a: Comfey
|-resisted|p1a: Comfey
|-damage|p1a: Comfey|68/100
|
|upkeep
|turn|132
|inactive|Pytheon has 20 seconds left this turn.
|inactive|Pytheon has 15 seconds left.
|
|t:|1664301308
|switch|p2a: Ferroseed|Ferroseed, F|92/100
|switch|p1a: Audino|Audino, F|100/100
|-damage|p1a: Audino|88/100|[from] Spikes
|
|-heal|p1a: Audino|94/100|[from] item: Leftovers
|upkeep
|turn|133
|inactive|Pytheon has 20 seconds left this turn.
|inactive|Pytheon has 15 seconds left.
|
|t:|1664301316
|move|p1a: Audino|Wish|p1a: Audino
|move|p2a: Ferroseed|Thunder Wave|p1a: Audino
|-status|p1a: Audino|par
|
|-heal|p1a: Audino|99/100 par|[from] item: Leftovers
|upkeep
|turn|134
|inactive|Pytheon has 20 seconds left this turn.
|inactive|Pytheon has 15 seconds left.
|
|t:|1664301322
|switch|p1a: Articuno|Articuno-Galar|37/100
|move|p2a: Ferroseed|Leech Seed|p1a: Articuno
|-start|p1a: Articuno|move: Leech Seed
|
|-heal|p1a: Articuno|100/100|[from] move: Wish|[wisher] Audino
|-damage|p1a: Articuno|88/100|[from] Leech Seed|[of] p2a: Ferroseed
|-heal|p2a: Ferroseed|100/100|[silent]
|upkeep
|turn|135
|inactive|Pytheon has 20 seconds left this turn.
|inactive|Pytheon has 15 seconds left.
|
|t:|1664301329
|switch|p2a: Gigalith|Gigalith, M|12/100
|-weather|Sandstorm|[from] ability: Sand Stream|[of] p2a: Gigalith
|move|p1a: Articuno|Hurricane|p2a: Gigalith
|-resisted|p2a: Gigalith
|-damage|p2a: Gigalith|0 fnt
|faint|p2a: Gigalith
|
|-weather|Sandstorm|[upkeep]
|-damage|p1a: Articuno|82/100|[from] Sandstorm
|upkeep
|inactive|Pytheon has 20 seconds left this turn.
|
|t:|1664301336
|switch|p2a: Ferroseed|Ferroseed, F|100/100
|turn|136
|inactive|Pytheon has 25 seconds left this turn.
|
|t:|1664301340
|move|p1a: Articuno|Future Sight|p2a: Ferroseed
|-start|p1a: Articuno|move: Future Sight
|move|p2a: Ferroseed|Thunder Wave|p1a: Articuno
|-status|p1a: Articuno|par
|
|-weather|Sandstorm|[upkeep]
|-damage|p1a: Articuno|76/100 par|[from] Sandstorm
|-damage|p1a: Articuno|63/100 par|[from] Leech Seed|[of] p2a: Ferroseed
|upkeep
|turn|137
|inactive|Pytheon has 30 seconds left this turn.
|
|t:|1664301348
|switch|p1a: Audino|Audino, F|100/100 par
|-damage|p1a: Audino|88/100 par|[from] Spikes
|move|p2a: Ferroseed|Spikes|p1a: Audino
|-sidestart|p1: Pytheon|Spikes
|
|-weather|Sandstorm|[upkeep]
|-damage|p1a: Audino|82/100 par|[from] Sandstorm
|-heal|p1a: Audino|88/100 par|[from] item: Leftovers
|upkeep
|turn|138
|inactive|Pytheon has 30 seconds left this turn.
|
|t:|1664301357
|switch|p1a: Comfey|Comfey, F|68/100
|move|p2a: Ferroseed|Thunder Wave|p1a: Comfey
|-status|p1a: Comfey|par
|
|-weather|Sandstorm|[upkeep]
|-damage|p1a: Comfey|62/100 par|[from] Sandstorm
|-end|p2a: Ferroseed|move: Future Sight
|-resisted|p2a: Ferroseed
|-damage|p2a: Ferroseed|75/100
|upkeep
|turn|139
|inactive|Pytheon has 30 seconds left this turn.
|inactive|Pytheon has 20 seconds left.
|
|t:|1664301367
|switch|p1a: Audino|Audino, F|100/100 par
|-damage|p1a: Audino|84/100 par|[from] Spikes
|move|p2a: Ferroseed|Leech Seed|p1a: Audino
|-start|p1a: Audino|move: Leech Seed
|
|-weather|none
|-heal|p1a: Audino|90/100 par|[from] item: Leftovers
|-damage|p1a: Audino|78/100 par|[from] Leech Seed|[of] p2a: Ferroseed
|-heal|p2a: Ferroseed|92/100|[silent]
|upkeep
|turn|140
|inactive|Pytheon has 25 seconds left this turn.
|inactive|Pytheon has 20 seconds left.
|
|t:|1664301376
|switch|p1a: Comfey|Comfey, F|62/100 par
|switch|p2a: Ribombee|Ribombee, F|46/100
|
|upkeep
|turn|141
|inactive|Pytheon has 25 seconds left this turn.
|c| Carmin|knock off > gyro ball et quiver dance > energy ball t'urais gagné y'a 75 tours
|inactive|Pytheon has 20 seconds left.
|
|t:|1664301382
|switch|p2a: Ferroseed|Ferroseed, F|92/100
|switch|p1a: Audino|Audino, F|100/100 par
|-damage|p1a: Audino|84/100 par|[from] Spikes
|
|-heal|p1a: Audino|90/100 par|[from] item: Leftovers
|upkeep
|turn|142
|inactive|Pytheon has 25 seconds left this turn.
|l| GamesAreRuiningMe
|inactive|Pytheon has 20 seconds left.
|j| GamesAreRuiningMe
|
|t:|1664301400
|move|p1a: Audino|Heal Bell|p1a: Audino
|-activate|p1a: Audino|move: Heal Bell
|-curestatus|p1a: Audino|par|[msg]
|-curestatus|p1: Articuno|par|[msg]
|-curestatus|p1: Comfey|par|[msg]
|move|p2a: Ferroseed|Leech Seed|p1a: Audino
|-start|p1a: Audino|move: Leech Seed
|
|-heal|p1a: Audino|96/100|[from] item: Leftovers
|-damage|p1a: Audino|84/100|[from] Leech Seed|[of] p2a: Ferroseed
|-heal|p2a: Ferroseed|100/100|[silent]
|upkeep
|turn|143
|inactive|Pytheon has 25 seconds left this turn.
|inactive|Pytheon has 20 seconds left.
|inactive|Pytheon has 15 seconds left.
|
|t:|1664301411
|switch|p1a: Comfey|Comfey, F|62/100
|switch|p2a: Ribombee|Ribombee, F|46/100
|
|upkeep
|turn|144
|inactive|Pytheon has 20 seconds left this turn.
|inactive|Pytheon has 15 seconds left.
|
|t:|1664301418
|switch|p2a: Ferroseed|Ferroseed, F|100/100
|switch|p1a: Audino|Audino, F|100/100
|-damage|p1a: Audino|84/100|[from] Spikes
|
|-heal|p1a: Audino|90/100|[from] item: Leftovers
|upkeep
|turn|145
|inactive|Pytheon has 20 seconds left this turn.
|inactive|Pytheon has 15 seconds left.
|l| GamesAreRuiningMe
|
|t:|1664301426
|switch|p1a: Articuno|Articuno-Galar|63/100
|move|p2a: Ferroseed|Thunder Wave|p1a: Articuno
|-status|p1a: Articuno|par
|
|upkeep
|turn|146
|inactive|Pytheon has 20 seconds left this turn.
|
|t:|1664301434
|move|p1a: Articuno|Future Sight|p2a: Ferroseed
|-start|p1a: Articuno|move: Future Sight
|move|p2a: Ferroseed|Leech Seed|p1a: Articuno
|-start|p1a: Articuno|move: Leech Seed
|
|-damage|p1a: Articuno|51/100 par|[from] Leech Seed|[of] p2a: Ferroseed
|upkeep
|turn|147
|inactive|Pytheon has 25 seconds left this turn.
|inactive|Pytheon has 20 seconds left.
|
|t:|1664301439
|switch|p1a: Audino|Audino, F|100/100
|-damage|p1a: Audino|84/100|[from] Spikes
|move|p2a: Ferroseed|Spikes|p1a: Audino
|-sidestart|p1: Pytheon|Spikes
|
|-heal|p1a: Audino|90/100|[from] item: Leftovers
|upkeep
|turn|148
|inactive|Pytheon has 25 seconds left this turn.
|inactive|Pytheon has 20 seconds left.
|
|t:|1664301446
|move|p1a: Audino|Knock Off|p2a: Ferroseed
|-damage|p2a: Ferroseed|91/100
|-damage|p1a: Audino|78/100|[from] ability: Iron Barbs|[of] p2a: Ferroseed
|-enditem|p2a: Ferroseed|Eviolite|[from] move: Knock Off|[of] p1a: Audino
|move|p2a: Ferroseed|Thunder Wave|p1a: Audino
|-status|p1a: Audino|par
|
|-end|p2a: Ferroseed|move: Future Sight
|-resisted|p2a: Ferroseed
|-damage|p2a: Ferroseed|57/100
|-heal|p1a: Audino|84/100 par|[from] item: Leftovers
|upkeep
|turn|149
|inactive|Pytheon has 25 seconds left this turn.
|inactive|Pytheon has 20 seconds left.
|inactive|Pytheon has 15 seconds left.
|
|t:|1664301457
|switch|p2a: Ribombee|Ribombee, F|46/100
|move|p1a: Audino|Knock Off|p2a: Ribombee
|-resisted|p2a: Ribombee
|-damage|p2a: Ribombee|36/100
|
|-heal|p1a: Audino|90/100 par|[from] item: Leftovers
|upkeep
|turn|150
|inactive|Pytheon has 20 seconds left this turn.
|inactive|Pytheon has 15 seconds left.
|c|☆BiscotteKouloulou|oui jai fais nimporte quoi la
|
|t:|1664301465
|move|p2a: Ribombee|Bug Buzz|p1a: Audino
|-damage|p1a: Audino|62/100 par
|move|p1a: Audino|Knock Off|p2a: Ribombee
|-resisted|p2a: Ribombee
|-damage|p2a: Ribombee|25/100
|
|-heal|p1a: Audino|69/100 par|[from] item: Leftovers
|upkeep
|turn|151
|inactive|Pytheon has 20 seconds left this turn.
|inactive|Pytheon has 15 seconds left.
|inactive|Pytheon has 10 seconds left.
|
|t:|1664301483
|move|p2a: Ribombee|Moonblast|p1a: Audino
|-damage|p1a: Audino|43/100 par
|move|p1a: Audino|Wish|p1a: Audino
|
|-heal|p1a: Audino|49/100 par|[from] item: Leftovers
|upkeep
|turn|152
|inactive|Pytheon has 15 seconds left this turn.
|inactive|Pytheon has 10 seconds left.
|
|t:|1664301490
|move|p2a: Ribombee|Moonblast|p1a: Audino
|-crit|p1a: Audino
|-damage|p1a: Audino|12/100 par
|move|p1a: Audino|Knock Off|p2a: Ribombee
|-resisted|p2a: Ribombee
|-damage|p2a: Ribombee|16/100
|
|-heal|p1a: Audino|62/100 par|[from] move: Wish|[wisher] Audino
|-heal|p1a: Audino|68/100 par|[from] item: Leftovers
|upkeep
|turn|153
|inactive|Pytheon has 15 seconds left this turn.
|inactive|Pytheon has 10 seconds left.
|
|t:|1664301499
|move|p2a: Ribombee|Moonblast|p1a: Audino
|-damage|p1a: Audino|40/100 par
|move|p1a: Audino|Wish|p1a: Audino
|
|-heal|p1a: Audino|46/100 par|[from] item: Leftovers
|upkeep
|turn|154
|inactive|Pytheon has 15 seconds left this turn.
|inactive|Pytheon has 10 seconds left.
|
|t:|1664301504
|move|p1a: Audino|Protect|p1a: Audino
|-singleturn|p1a: Audino|Protect
|move|p2a: Ribombee|Moonblast|p1a: Audino
|-activate|p1a: Audino|move: Protect
|
|-heal|p1a: Audino|96/100 par|[from] move: Wish|[wisher] Audino
|-heal|p1a: Audino|100/100 par|[from] item: Leftovers
|upkeep
|turn|155
|inactive|Pytheon has 15 seconds left this turn.
|inactive|Pytheon has 10 seconds left.
|
|t:|1664301512
|move|p2a: Ribombee|Moonblast|p1a: Audino
|-damage|p1a: Audino|75/100 par
|-unboost|p1a: Audino|spa|1
|cant|p1a: Audino|par
|
|-heal|p1a: Audino|81/100 par|[from] item: Leftovers
|upkeep
|turn|156
|inactive|Pytheon has 15 seconds left this turn.
|inactive|Pytheon has 10 seconds left.
|
|t:|1664301520
|move|p1a: Audino|Protect|p1a: Audino
|-singleturn|p1a: Audino|Protect
|move|p2a: Ribombee|Bug Buzz|p1a: Audino
|-activate|p1a: Audino|move: Protect
|
|-heal|p1a: Audino|87/100 par|[from] item: Leftovers
|upkeep
|turn|157
|inactive|Pytheon has 15 seconds left this turn.
|inactive|Pytheon has 10 seconds left.
|
|t:|1664301526
|move|p2a: Ribombee|Bug Buzz|p1a: Audino
|-damage|p1a: Audino|60/100 par
|move|p1a: Audino|Knock Off|p2a: Ribombee
|-resisted|p2a: Ribombee
|-damage|p2a: Ribombee|6/100
|
|-heal|p1a: Audino|66/100 par|[from] item: Leftovers
|upkeep
|turn|158
|inactive|Pytheon has 15 seconds left this turn.
|inactive|Pytheon has 10 seconds left.
|
|t:|1664301536
|move|p2a: Ribombee|Moonblast|p1a: Audino
|-damage|p1a: Audino|38/100 par
|move|p1a: Audino|Wish|p1a: Audino
|
|-heal|p1a: Audino|44/100 par|[from] item: Leftovers
|upkeep
|turn|159
|inactive|Pytheon has 15 seconds left this turn.
|inactive|Pytheon has 10 seconds left.
|
|t:|1664301550
|move|p1a: Audino|Protect|p1a: Audino
|-singleturn|p1a: Audino|Protect
|move|p2a: Ribombee|Moonblast|p1a: Audino
|-activate|p1a: Audino|move: Protect
|
|-heal|p1a: Audino|94/100 par|[from] move: Wish|[wisher] Audino
|-heal|p1a: Audino|100/100 par|[from] item: Leftovers
|upkeep
|turn|160
|inactive|Pytheon has 15 seconds left this turn.
|inactive|Pytheon has 10 seconds left.
|
|t:|1664301558
|move|p2a: Ribombee|Moonblast|p1a: Audino
|-damage|p1a: Audino|73/100 par
|move|p1a: Audino|Knock Off|p2a: Ribombee
|-resisted|p2a: Ribombee
|-damage|p2a: Ribombee|0 fnt
|faint|p2a: Ribombee
|
|-heal|p1a: Audino|79/100 par|[from] item: Leftovers
|upkeep
|inactive|Pytheon has 15 seconds left this turn.
|c|☆Pytheon|ggs
|inactive|BiscotteKouloulou has 120 seconds left.
|c|☆BiscotteKouloulou|desolé pour ce spectacle carmin ...
|
|t:|1664301587
|switch|p2a: Ferroseed|Ferroseed, F|57/100
|turn|161
|inactive|Pytheon has 20 seconds left this turn.
|
|t:|1664301590
|switch|p1a: Articuno|Articuno-Galar|51/100 par
|move|p2a: Ferroseed|Spikes||[still]
|-fail|p2a: Ferroseed
|
|upkeep
|turn|162
|inactive|Pytheon has 25 seconds left this turn.
|inactive|Pytheon has 20 seconds left.
|
|t:|1664301595
|move|p1a: Articuno|Future Sight|p2a: Ferroseed
|-start|p1a: Articuno|move: Future Sight
|move|p2a: Ferroseed|Spikes||[still]
|-fail|p2a: Ferroseed
|
|upkeep
|turn|163
|inactive|Pytheon has 25 seconds left this turn.
|-message|BiscotteKouloulou forfeited.
|
|win|Pytheon
|inactive|Pytheon has 30 seconds left this turn.
|raw|Pytheon's rating: 1278 &rarr; <strong>1316</strong><br />(+38 for winning)
|raw|BiscotteKouloulou's rating: 1479 &rarr; <strong>1449</strong><br />(-30 for losing)
|l| blahblehblih
|c|☆Pytheon|well that was something
|c|☆Pytheon|lmao
|l|☆BiscotteKouloulou
||Ladder isn't responding, score probably updated but might not have (Request timeout).
