|j|☆Allejo 07
|j|☆yassy slay
|t:|1641128880
|gametype|singles
|player|p1|Allejo 07|shadowtriad|1330
|player|p2|yassy slay|clown|1577
|teamsize|p1|6
|teamsize|p2|6
|gen|8
|tier|[Gen 8] PU
|rated|
|rule|Sleep Clause Mod: Limit one foe put to sleep
|rule|Species Clause: Limit one of each Pokémon
|rule|OHKO Clause: OHKO moves are banned
|rule|Evasion Moves Clause: Evasion moves are banned
|rule|Endless Battle Clause: Forcing endless battles is banned
|rule|HP Percentage Mod: HP is shown in percentages
|rule|Dynamax Clause: You cannot dynamax
|clearpoke
|poke|p1|Pincurchin, M|
|poke|p1|Hitmonlee, M|
|poke|p1|Aurorus, M|
|poke|p1|Sandslash-Alola, F|
|poke|p1|Espeon, M|
|poke|p1|Uxie|
|poke|p2|Lunatone|
|poke|p2|Avalugg, M|
|poke|p2|Stunfisk-Galar, F|
|poke|p2|Cramorant, M|
|poke|p2|Silvally-*|
|poke|p2|Cinccino, F|
|teampreview
|inactive|Battle timer is ON: inactive players will automatically lose when time's up. (requested by Allejo 07)
|j| DiannieRatson
|
|t:|1641128917
|start
|switch|p1a: Pincurchin|Pincurchin, M|100/100
|switch|p2a: Avalugg|Avalugg, M|100/100
|-fieldstart|move: Electric Terrain|[from] ability: Electric Surge|[of] p1a: Pincurchin
|turn|1
|
|t:|1641128922
|switch|p2a: Lunatone|Lunatone|100/100
|move|p1a: Pincurchin|Rising Voltage|p2a: Lunatone
|-damage|p2a: Lunatone|73/100
|
|-heal|p2a: Lunatone|79/100|[from] item: Leftovers
|upkeep
|turn|2
|
|t:|1641128926
|move|p2a: Lunatone|Future Sight|p1a: Pincurchin
|-start|p2a: Lunatone|move: Future Sight
|move|p1a: Pincurchin|Spikes|p2a: Lunatone
|-sidestart|p2: yassy slay|Spikes
|
|-heal|p2a: Lunatone|85/100|[from] item: Leftovers
|upkeep
|turn|3
|
|t:|1641128935
|switch|p1a: Uxie|Uxie|100/100
|-enditem|p1a: Uxie|Electric Seed
|-boost|p1a: Uxie|def|1|[from] item: Electric Seed
|move|p2a: Lunatone|Earth Power|p1a: Uxie
|-immune|p1a: Uxie|[from] ability: Levitate
|
|-heal|p2a: Lunatone|91/100|[from] item: Leftovers
|upkeep
|turn|4
|
|t:|1641128939
|switch|p2a: Silvally|Silvally-Fairy|100/100
|-damage|p2a: Silvally|88/100|[from] Spikes
|move|p1a: Uxie|Calm Mind|p1a: Uxie
|-boost|p1a: Uxie|spa|1
|-boost|p1a: Uxie|spd|1
|
|-end|p1a: Uxie|move: Future Sight
|-resisted|p1a: Uxie
|-damage|p1a: Uxie|86/100
|upkeep
|turn|5
|
|t:|1641128943
|move|p1a: Uxie|Substitute|p1a: Uxie
|-start|p1a: Uxie|Substitute
|-damage|p1a: Uxie|61/100
|move|p2a: Silvally|Roar|p1a: Uxie
|drag|p1a: Espeon|Espeon, M|100/100
|-enditem|p1a: Espeon|Electric Seed
|-boost|p1a: Espeon|def|1|[from] item: Electric Seed
|
|-fieldend|move: Electric Terrain
|upkeep
|turn|6
|
|t:|1641128951
|move|p1a: Espeon|Calm Mind|p1a: Espeon
|-boost|p1a: Espeon|spa|1
|-boost|p1a: Espeon|spd|1
|move|p2a: Silvally|Multi-Attack|p1a: Espeon
|-damage|p1a: Espeon|57/100
|
|upkeep
|turn|7
|
|t:|1641128955
|switch|p2a: Stunfisk|Stunfisk-Galar, F|100/100
|-damage|p2a: Stunfisk|88/100|[from] Spikes
|move|p1a: Espeon|Calm Mind|p1a: Espeon
|-boost|p1a: Espeon|spa|1
|-boost|p1a: Espeon|spd|1
|
|-heal|p2a: Stunfisk|94/100|[from] item: Leftovers
|upkeep
|turn|8
|
|t:|1641128959
|move|p1a: Espeon|Morning Sun|p1a: Espeon
|-heal|p1a: Espeon|100/100
|move|p2a: Stunfisk|Curse|p2a: Stunfisk
|-unboost|p2a: Stunfisk|spe|1
|-boost|p2a: Stunfisk|atk|1
|-boost|p2a: Stunfisk|def|1
|
|-heal|p2a: Stunfisk|100/100|[from] item: Leftovers
|upkeep
|turn|9
|j| cnino
|l| cnino
|
|t:|1641128967
|move|p1a: Espeon|Calm Mind|p1a: Espeon
|-boost|p1a: Espeon|spa|1
|-boost|p1a: Espeon|spd|1
|move|p2a: Stunfisk|Curse|p2a: Stunfisk
|-unboost|p2a: Stunfisk|spe|1
|-boost|p2a: Stunfisk|atk|1
|-boost|p2a: Stunfisk|def|1
|
|upkeep
|turn|10
|
|t:|1641128971
|move|p1a: Espeon|Stored Power|p2a: Stunfisk
|-resisted|p2a: Stunfisk
|-damage|p2a: Stunfisk|40/100
|move|p2a: Stunfisk|Earthquake|p1a: Espeon
|-damage|p1a: Espeon|41/100
|
|-heal|p2a: Stunfisk|46/100|[from] item: Leftovers
|upkeep
|turn|11
|
|t:|1641128978
|move|p1a: Espeon|Stored Power|p2a: Stunfisk
|-resisted|p2a: Stunfisk
|-damage|p2a: Stunfisk|0 fnt
|faint|p2a: Stunfisk
|
|upkeep
|
|t:|1641128980
|switch|p2a: Cinccino|Cinccino, F|100/100
|turn|12
|
|t:|1641128989
|move|p2a: Cinccino|Triple Axel|p1a: Espeon
|-damage|p1a: Espeon|32/100
|-damage|p1a: Espeon|13/100
|-crit|p1a: Espeon
|-damage|p1a: Espeon|0 fnt
|faint|p1a: Espeon
|-hitcount|p1: Espeon|3
|
|upkeep
|
|t:|1641128996
|switch|p1a: Aurorus|Aurorus, M|100/100
|-weather|Hail|[from] ability: Snow Warning|[of] p1a: Aurorus
|turn|13
|
|t:|1641129007
|switch|p2a: Avalugg|Avalugg, M|100/100
|move|p1a: Aurorus|Earth Power|p2a: Avalugg
|-damage|p2a: Avalugg|69/100
|
|-weather|Hail|[upkeep]
|-heal|p2a: Avalugg|76/100|[from] ability: Ice Body
|upkeep
|turn|14
|
|t:|1641129020
|switch|p1a: Uxie|Uxie|61/100
|move|p2a: Avalugg|Body Press|p1a: Uxie
|-resisted|p1a: Uxie
|-damage|p1a: Uxie|47/100
|
|-weather|Hail|[upkeep]
|-damage|p1a: Uxie|40/100|[from] Hail
|-heal|p2a: Avalugg|82/100|[from] ability: Ice Body
|upkeep
|turn|15
|
|t:|1641129025
|move|p1a: Uxie|Calm Mind|p1a: Uxie
|-boost|p1a: Uxie|spa|1
|-boost|p1a: Uxie|spd|1
|move|p2a: Avalugg|Rapid Spin|p1a: Uxie
|-damage|p1a: Uxie|29/100
|-boost|p2a: Avalugg|spe|1
|-sideend|p2: yassy slay|Spikes|[from] move: Rapid Spin|[of] p2a: Avalugg
|
|-weather|Hail|[upkeep]
|-damage|p1a: Uxie|23/100|[from] Hail
|-heal|p2a: Avalugg|88/100|[from] ability: Ice Body
|upkeep
|turn|16
|
|t:|1641129031
|switch|p2a: Cinccino|Cinccino, F|100/100
|move|p1a: Uxie|Draining Kiss|p2a: Cinccino
|-damage|p2a: Cinccino|76/100
|-heal|p1a: Uxie|38/100|[from] drain|[of] p2a: Cinccino
|
|-weather|Hail|[upkeep]
|-damage|p2a: Cinccino|70/100|[from] Hail
|-damage|p1a: Uxie|32/100|[from] Hail
|upkeep
|turn|17
|
|t:|1641129038
|move|p2a: Cinccino|Triple Axel|p1a: Uxie
|-damage|p1a: Uxie|26/100
|-damage|p1a: Uxie|12/100
|-damage|p1a: Uxie|0 fnt
|faint|p1a: Uxie
|-hitcount|p1: Uxie|3
|
|-weather|none
|upkeep
|
|t:|1641129047
|switch|p1a: Pincurchin|Pincurchin, M|100/100
|-fieldstart|move: Electric Terrain|[from] ability: Electric Surge|[of] p1a: Pincurchin
|turn|18
|
|t:|1641129054
|switch|p2a: Lunatone|Lunatone|91/100
|switch|p1a: Hitmonlee|Hitmonlee, M|100/100
|-enditem|p1a: Hitmonlee|Electric Seed
|-boost|p1a: Hitmonlee|def|1|[from] item: Electric Seed
|
|-heal|p2a: Lunatone|97/100|[from] item: Leftovers
|upkeep
|turn|19
|
|t:|1641129058
|switch|p2a: Silvally|Silvally-Fairy|88/100
|move|p1a: Hitmonlee|Bulk Up|p1a: Hitmonlee
|-boost|p1a: Hitmonlee|atk|1
|-boost|p1a: Hitmonlee|def|1
|
|upkeep
|turn|20
|
|t:|1641129062
|move|p1a: Hitmonlee|Stone Edge|p2a: Silvally
|-crit|p2a: Silvally
|-damage|p2a: Silvally|31/100
|move|p2a: Silvally|Multi-Attack|p1a: Hitmonlee
|-supereffective|p1a: Hitmonlee
|-crit|p1a: Hitmonlee
|-damage|p1a: Hitmonlee|0 fnt
|faint|p1a: Hitmonlee
|
|upkeep
|
|t:|1641129074
|switch|p1a: Aurorus|Aurorus, M|100/100
|-weather|Hail|[from] ability: Snow Warning|[of] p1a: Aurorus
|turn|21
|
|t:|1641129078
|switch|p2a: Avalugg|Avalugg, M|88/100
|move|p1a: Aurorus|Stealth Rock|p2a: Avalugg
|-sidestart|p2: yassy slay|move: Stealth Rock
|
|-weather|Hail|[upkeep]
|-heal|p2a: Avalugg|94/100|[from] ability: Ice Body
|upkeep
|turn|22
|
|t:|1641129084
|switch|p1a: Pincurchin|Pincurchin, M|100/100
|move|p2a: Avalugg|Body Press|p1a: Pincurchin
|-damage|p1a: Pincurchin|73/100
|-enditem|p1a: Pincurchin|Eject Button
|
|t:|1641129087
|switch|p1a: Sandslash|Sandslash-Alola, F|100/100
|
|-weather|Hail|[upkeep]
|-heal|p2a: Avalugg|99/100|[from] ability: Ice Body
|-fieldend|move: Electric Terrain
|upkeep
|turn|23
|
|t:|1641129089
|move|p1a: Sandslash|Swords Dance|p1a: Sandslash
|-boost|p1a: Sandslash|atk|2
|move|p2a: Avalugg|Body Press|p1a: Sandslash
|-supereffective|p1a: Sandslash
|-damage|p1a: Sandslash|0 fnt
|faint|p1a: Sandslash
|
|-weather|Hail|[upkeep]
|-heal|p2a: Avalugg|100/100|[from] ability: Ice Body
|upkeep
|-message|Allejo 07 forfeited.
|
|win|yassy slay
|raw|Allejo 07's rating: 1330 &rarr; <strong>1322</strong><br />(-8 for losing)
|raw|yassy slay's rating: 1577 &rarr; <strong>1585</strong><br />(+8 for winning)
|l|☆Allejo 07
