|j|☆saint912
|j|☆sassy ylay
|t:|1645208225
|gametype|singles
|player|p1|saint912|brock|1341
|player|p2|sassy ylay|170|1470
|teamsize|p1|6
|teamsize|p2|6
|gen|8
|tier|[Gen 8] PU
|rated|
|rule|Sleep Clause Mod: Limit one foe put to sleep
|rule|Species Clause: Limit one of each Pokémon
|rule|OHKO Clause: OHKO moves are banned
|rule|Evasion Moves Clause: Evasion moves are banned
|rule|Endless Battle Clause: Forcing endless battles is banned
|rule|HP Percentage Mod: HP is shown in percentages
|rule|Dynamax Clause: You cannot dynamax
|clearpoke
|poke|p1|Thievul, M|
|poke|p1|Gallade, M|
|poke|p1|Gourgeist-*, M|
|poke|p1|Drednaw, M|
|poke|p1|Lickilicky, M|
|poke|p1|Noctowl, F|
|poke|p2|Espeon, M|
|poke|p2|Scyther, F|
|poke|p2|Miltank, F|
|poke|p2|Wishiwashi, F|
|poke|p2|Palossand, F|
|poke|p2|Weezing, F|
|teampreview
|inactive|Battle timer is ON: inactive players will automatically lose when time's up. (requested by saint912)
|inactive|sassy ylay has 120 seconds left.
|inactive|sassy ylay has 90 seconds left.
|
|t:|1645208298
|start
|switch|p1a: OCTOBER|Noctowl, F|100/100
|switch|p2a: Scyther|Scyther, F|100/100
|turn|1
|inactive|saint912 has 120 seconds left.
|
|t:|1645208350
|move|p2a: Scyther|U-turn|p1a: OCTOBER
|-resisted|p1a: OCTOBER
|-damage|p1a: OCTOBER|77/100
|
|t:|1645208367
|switch|p2a: Wishiwashi|Wishiwashi, F|100/100|[from]move: U-turn
|-formechange|p2a: Wishiwashi|Wishiwashi-School||[from] ability: Schooling
|move|p1a: OCTOBER|Tailwind|p1a: OCTOBER
|-sidestart|p1: saint912|move: Tailwind
|
|upkeep
|turn|2
|
|t:|1645208374
|move|p1a: OCTOBER|Hyper Beam|p2a: Wishiwashi
|-damage|p2a: Wishiwashi|43/100
|-mustrecharge|p1a: OCTOBER
|-damage|p1a: OCTOBER|67/100|[from] item: Life Orb
|move|p2a: Wishiwashi|U-turn|p1a: OCTOBER
|-resisted|p1a: OCTOBER
|-damage|p1a: OCTOBER|50/100
|
|t:|1645208392
|switch|p2a: Palossand|Palossand, F|100/100|[from]move: U-turn
|
|upkeep
|turn|3
|inactive|saint912 has 120 seconds left.
|
|t:|1645208398
|cant|p1a: OCTOBER|recharge
|move|p2a: Palossand|Stealth Rock|p1a: OCTOBER
|-sidestart|p1: saint912|move: Stealth Rock
|
|upkeep
|turn|4
|
|t:|1645208402
|move|p1a: OCTOBER|Hurricane|p2a: Palossand
|-damage|p2a: Palossand|22/100
|-damage|p1a: OCTOBER|40/100|[from] item: Life Orb
|move|p2a: Palossand|Earth Power|p1a: OCTOBER
|-immune|p1a: OCTOBER
|
|-sideend|p1: saint912|move: Tailwind
|upkeep
|turn|5
|
|t:|1645208408
|switch|p2a: Miltank|Miltank, F|100/100
|move|p1a: OCTOBER|Tailwind|p1a: OCTOBER
|-sidestart|p1: saint912|move: Tailwind
|
|-status|p2a: Miltank|brn|[from] item: Flame Orb
|upkeep
|turn|6
|
|t:|1645208418
|switch|p2a: Palossand|Palossand, F|22/100
|move|p1a: OCTOBER|Hyper Beam|p2a: Palossand
|-immune|p2a: Palossand
|
|upkeep
|turn|7
|
|t:|1645208422
|switch|p2a: Espeon|Espeon, M|100/100
|move|p1a: OCTOBER|Moonblast|p2a: Espeon
|-damage|p2a: Espeon|64/100
|-damage|p1a: OCTOBER|30/100|[from] item: Life Orb
|
|-heal|p2a: Espeon|70/100|[from] item: Leftovers
|upkeep
|turn|8
|
|t:|1645208427
|move|p2a: Espeon|Protect|p2a: Espeon
|-singleturn|p2a: Espeon|Protect
|move|p1a: OCTOBER|Hyper Beam|p2a: Espeon
|-activate|p2a: Espeon|move: Protect
|
|-heal|p2a: Espeon|76/100|[from] item: Leftovers
|-sideend|p1: saint912|move: Tailwind
|upkeep
|turn|9
|c|☆saint912|:)
|
|t:|1645208435
|move|p2a: Espeon|Psychic|p1a: OCTOBER
|-damage|p1a: OCTOBER|0 fnt
|faint|p1a: OCTOBER
|
|-heal|p2a: Espeon|82/100|[from] item: Leftovers
|upkeep
|
|t:|1645208439
|switch|p1a: SCOUT|Thievul, M|100/100
|-damage|p1a: SCOUT|88/100|[from] Stealth Rock
|turn|10
|
|t:|1645208446
|switch|p2a: Scyther|Scyther, F|100/100
|move|p1a: SCOUT|Nasty Plot|p1a: SCOUT
|-boost|p1a: SCOUT|spa|2
|
|upkeep
|turn|11
|
|t:|1645208451
|switch|p1a: Wave King|Drednaw, M, shiny|100/100
|-damage|p1a: Wave King|88/100|[from] Stealth Rock
|move|p2a: Scyther|U-turn|p1a: Wave King
|-damage|p1a: Wave King|55/100
|
|t:|1645208461
|switch|p2a: Weezing|Weezing, F|100/100|[from]move: U-turn
|-ability|p2a: Weezing|Neutralizing Gas
|
|upkeep
|turn|12
|
|t:|1645208468
|switch|p1a: SCOUT|Thievul, M|88/100
|-damage|p1a: SCOUT|76/100|[from] Stealth Rock
|move|p2a: Weezing|Toxic Spikes|p1a: SCOUT
|-sidestart|p1: saint912|move: Toxic Spikes
|
|upkeep
|turn|13
|
|t:|1645208474
|-end|p2a: Weezing|ability: Neutralizing Gas
|switch|p2a: Scyther|Scyther, F|100/100
|move|p1a: SCOUT|Dark Pulse|p2a: Scyther
|-damage|p2a: Scyther|47/100
|
|upkeep
|turn|14
|
|t:|1645208483
|switch|p1a: Binky|Lickilicky, M|100/100
|-status|p1a: Binky|psn
|-damage|p1a: Binky|88/100 psn|[from] Stealth Rock
|move|p2a: Scyther|Dual Wingbeat|p1a: Binky
|-crit|p1a: Binky
|-damage|p1a: Binky|47/100 psn
|-damage|p1a: Binky|20/100 psn
|-hitcount|p1a: Binky|2
|
|-heal|p1a: Binky|26/100 psn|[from] item: Leftovers
|-damage|p1a: Binky|13/100 psn|[from] psn
|upkeep
|turn|15
|
|t:|1645208491
|move|p2a: Scyther|Knock Off|p1a: Binky
|-damage|p1a: Binky|0 fnt
|-enditem|p1a: Binky|Leftovers|[from] move: Knock Off|[of] p2a: Scyther
|faint|p1a: Binky
|
|upkeep
|
|t:|1645208499
|switch|p1a: Wave King|Drednaw, M, shiny|55/100
|-status|p1a: Wave King|psn
|-damage|p1a: Wave King|43/100 psn|[from] Stealth Rock
|turn|16
|
|t:|1645208506
|switch|p2a: Palossand|Palossand, F|22/100
|move|p1a: Wave King|Rock Slide|p2a: Palossand
|-resisted|p2a: Palossand
|-damage|p2a: Palossand|6/100
|
|-damage|p1a: Wave King|31/100 psn|[from] psn
|upkeep
|turn|17
|-activate|p1a: Wave King|item: Quick Claw
|
|t:|1645208514
|move|p1a: Wave King|Bite|p2a: Palossand
|-supereffective|p2a: Palossand
|-damage|p2a: Palossand|0 fnt
|-damage|p1a: Wave King|14/100 psn|[from] item: Rocky Helmet|[of] p2a: Palossand
|faint|p2a: Palossand
|
|-damage|p1a: Wave King|2/100 psn|[from] psn
|upkeep
|
|t:|1645208521
|switch|p2a: Wishiwashi|Wishiwashi, F|43/100
|-formechange|p2a: Wishiwashi|Wishiwashi-School||[from] ability: Schooling
|turn|18
|
|t:|1645208528
|move|p1a: Wave King|Rock Slide|p2a: Wishiwashi
|-damage|p2a: Wishiwashi|4/100
|move|p2a: Wishiwashi|U-turn|p1a: Wave King
|-damage|p1a: Wave King|0 fnt
|faint|p1a: Wave King
|
|t:|1645208533
|switch|p2a: Scyther|Scyther, F|47/100|[from]move: U-turn
|
|upkeep
|
|t:|1645208539
|switch|p1a: SNICKERZ|Gourgeist-Super, M, shiny|100/100
|-status|p1a: SNICKERZ|psn
|-damage|p1a: SNICKERZ|88/100 psn|[from] Stealth Rock
|-item|p2a: Scyther|Sharp Beak|[from] ability: Frisk|[of] p1a: SNICKERZ|[identify]
|turn|19
|
|t:|1645208542
|move|p1a: SNICKERZ|Shadow Sneak|p2a: Scyther
|-damage|p2a: Scyther|21/100
|move|p2a: Scyther|Dual Wingbeat|p1a: SNICKERZ
|-supereffective|p1a: SNICKERZ
|-damage|p1a: SNICKERZ|32/100 psn
|-supereffective|p1a: SNICKERZ
|-damage|p1a: SNICKERZ|0 fnt
|faint|p1a: SNICKERZ
|-hitcount|p1: SNICKERZ|2
|
|upkeep
|
|t:|1645208551
|switch|p1a: GALLAKNIGHT|Gallade, M|100/100
|-damage|p1a: GALLAKNIGHT|94/100|[from] Stealth Rock
|-status|p1a: GALLAKNIGHT|psn
|turn|20
|
|t:|1645208555
|switch|p2a: Wishiwashi|Wishiwashi, F|4/100
|move|p1a: GALLAKNIGHT|Shadow Sneak|p2a: Wishiwashi
|-damage|p2a: Wishiwashi|0 fnt
|faint|p2a: Wishiwashi
|
|-damage|p1a: GALLAKNIGHT|82/100 psn|[from] psn
|upkeep
|
|t:|1645208560
|switch|p2a: Miltank|Miltank, F|100/100 brn
|turn|21
|
|t:|1645208566
|move|p2a: Miltank|Facade|p1a: GALLAKNIGHT
|-crit|p1a: GALLAKNIGHT
|-damage|p1a: GALLAKNIGHT|0 fnt
|faint|p1a: GALLAKNIGHT
|
|-damage|p2a: Miltank|94/100 brn|[from] brn
|upkeep
|c|☆saint912|lol
|
|t:|1645208572
|switch|p1a: SCOUT|Thievul, M|76/100
|-damage|p1a: SCOUT|64/100|[from] Stealth Rock
|-status|p1a: SCOUT|psn
|turn|22
|
|t:|1645208576
|move|p2a: Miltank|Facade|p1a: SCOUT
|-damage|p1a: SCOUT|0 fnt
|faint|p1a: SCOUT
|
|win|sassy ylay
|raw|saint912's rating: 1341 &rarr; <strong>1328</strong><br />(-13 for losing)
|raw|sassy ylay's rating: 1470 &rarr; <strong>1483</strong><br />(+13 for winning)
|l|☆saint912
|c|☆sassy ylay|GG
