|j|☆giove97
|j|☆urndanger
|t:|1620309112
|gametype|singles
|player|p1|giove97|hilda-dueldisk|
|player|p2|urndanger|baker|
|teamsize|p1|6
|teamsize|p2|6
|gen|8
|tier|[Gen 8] PU
|rated|Tournament battle
|clearpoke
|poke|p1|Druddigon, F|
|poke|p1|Silvally-*|
|poke|p1|Togedemaru, M|
|poke|p1|Lycanroc, F|
|poke|p1|Scrafty, M|
|poke|p1|Mesprit|
|poke|p2|Miltank, F|
|poke|p2|Charizard, M|
|poke|p2|Dugtrio-Alola, F|
|poke|p2|Silvally-*|
|poke|p2|Gurdurr, M|
|poke|p2|Roselia, M|
|rule|Sleep Clause Mod: Limit one foe put to sleep
|rule|Species Clause: Limit one of each Pokémon
|rule|OHKO Clause: OHKO moves are banned
|rule|Evasion Moves Clause: Evasion moves are banned
|rule|Endless Battle Clause: Forcing endless battles is banned
|rule|HP Percentage Mod: HP is shown in percentages
|rule|Dynamax Clause: You cannot dynamax
|teampreview
|j|*Lady Monita
|inactive|Battle timer is ON: inactive players will automatically lose when time's up. (requested by urndanger)
|j| Dxnny_Bxiii
|c|☆giove97|glhf
|
|t:|1620309123
|start
|switch|p1a: Mesprit|Mesprit|100/100
|switch|p2a: Miltank|Miltank, F|100/100
|turn|1
|c|☆urndanger|hf
|j| DrewCareysFeet
|c|☆urndanger|DrewCareysFeet i dont like ur name
|
|t:|1620309150
|switch|p1a: Druddigon|Druddigon, F|100/100
|-ability|p1a: Druddigon|Mold Breaker
|move|p2a: Miltank|Toxic|p1a: Druddigon
|-status|p1a: Druddigon|tox
|
|-damage|p1a: Druddigon|94/100 tox|[from] psn
|upkeep
|turn|2
|c| DrewCareysFeet|your name has urine in it lul
|c|☆urndanger|no it doesnt?
|c| DrewCareysFeet|urine-danger
|c|☆urndanger|urn
|inactive|giove97 has 120 seconds left.
|c| DrewCareysFeet|XD
|c|☆urndanger|is not urine
|c|☆urndanger|is that a diss
|c| DrewCareysFeet|u-r-n = urine
|
|t:|1620309179
|switch|p2a: Roselia|Roselia, M|100/100
|move|p1a: Druddigon|Stealth Rock|p2a: Roselia
|-sidestart|p2: urndanger|move: Stealth Rock
|
|-damage|p1a: Druddigon|82/100 tox|[from] psn
|upkeep
|turn|3
|c|☆urndanger|ill find u
|c|☆urndanger|lil boy
|c| DrewCareysFeet|LMAO
|inactive|giove97 has 120 seconds left.
|
|t:|1620309192
|switch|p1a: Mesprit|Mesprit|100/100
|move|p2a: Roselia|Spikes|p1a: Mesprit
|-sidestart|p1: giove97|Spikes
|
|upkeep
|turn|4
|c|☆urndanger|im 6'5
|c|☆urndanger|250
|inactive|giove97 has 120 seconds left.
|c|☆urndanger|watch ur tongue
|c| DrewCareysFeet|okay MMG
|inactive|urndanger has 120 seconds left.
|
|t:|1620309226
|move|p1a: Mesprit|Psychic|p2a: Roselia
|-supereffective|p2a: Roselia
|-damage|p2a: Roselia|0 fnt
|faint|p2a: Roselia
|
|upkeep
|
|t:|1620309231
|switch|p2a: Dugtrio|Dugtrio-Alola, F|100/100
|-damage|p2a: Dugtrio|98/100|[from] Stealth Rock
|turn|5
|c| DrewCareysFeet|sorry giove for distracting your opponent
|inactive|giove97 has 120 seconds left.
|
|t:|1620309261
|switch|p1a: Scrafty|Scrafty, M|100/100
|-damage|p1a: Scrafty|88/100|[from] Spikes
|move|p2a: Dugtrio|Stealth Rock|p1a: Scrafty
|-sidestart|p1: giove97|move: Stealth Rock
|
|-heal|p1a: Scrafty|94/100|[from] item: Leftovers
|upkeep
|turn|6
|inactive|urndanger has 120 seconds left.
|
|t:|1620309286
|switch|p2a: Charizard|Charizard, M|100/100
|move|p1a: Scrafty|Drain Punch|p2a: Charizard
|-resisted|p2a: Charizard
|-damage|p2a: Charizard|82/100
|-heal|p1a: Scrafty|100/100|[from] drain|[of] p2a: Charizard
|
|upkeep
|turn|7
|c|☆urndanger|lottery
|c|☆urndanger|turn
|
|t:|1620309310
|switch|p1a: Druddigon|Druddigon, F|82/100 tox
|-damage|p1a: Druddigon|70/100 tox|[from] Spikes
|-damage|p1a: Druddigon|57/100 tox|[from] Stealth Rock
|-ability|p1a: Druddigon|Mold Breaker
|move|p2a: Charizard|Hurricane|p1a: Druddigon
|-damage|p1a: Druddigon|19/100 tox
|-start|p1a: Druddigon|confusion
|
|-damage|p1a: Druddigon|13/100 tox|[from] psn
|upkeep
|turn|8
|inactive|urndanger has 120 seconds left.
|
|t:|1620309318
|move|p2a: Charizard|Scorching Sands|p1a: Druddigon
|-damage|p1a: Druddigon|0 fnt
|faint|p1a: Druddigon
|
|upkeep
|
|t:|1620309328
|switch|p1a: Lycanroc|Lycanroc, F|100/100
|-damage|p1a: Lycanroc|88/100|[from] Spikes
|-damage|p1a: Lycanroc|76/100|[from] Stealth Rock
|turn|9
|
|t:|1620309334
|switch|p2a: Miltank|Miltank, F|100/100
|move|p1a: Lycanroc|Accelerock|p2a: Miltank
|-damage|p2a: Miltank|78/100
|
|upkeep
|turn|10
|inactive|giove97 has 120 seconds left.
|j| Ara
|inactive|urndanger has 120 seconds left.
|
|t:|1620309367
|switch|p1a: Silvally|Silvally-Fairy|100/100
|-damage|p1a: Silvally|88/100|[from] Stealth Rock
|-damage|p1a: Silvally|76/100|[from] Spikes
|switch|p2a: Dugtrio|Dugtrio-Alola, F|98/100
|-damage|p2a: Dugtrio|95/100|[from] Stealth Rock
|
|upkeep
|turn|11
|c|☆urndanger|woah
|inactive|urndanger has 120 seconds left.
|c|☆urndanger|im impressed
|
|t:|1620309383
|move|p2a: Dugtrio|Iron Head|p1a: Silvally
|-supereffective|p1a: Silvally
|-damage|p1a: Silvally|10/100
|move|p1a: Silvally|Flamethrower|p2a: Dugtrio
|-supereffective|p2a: Dugtrio
|-damage|p2a: Dugtrio|24/100
|
|upkeep
|turn|12
|inactive|urndanger has 120 seconds left.
|
|t:|1620309392
|move|p2a: Dugtrio|Iron Head|p1a: Silvally
|-supereffective|p1a: Silvally
|-damage|p1a: Silvally|0 fnt
|faint|p1a: Silvally
|
|upkeep
|
|t:|1620309405
|switch|p1a: Mesprit|Mesprit|100/100
|-damage|p1a: Mesprit|88/100|[from] Stealth Rock
|turn|13
|
|t:|1620309410
|move|p2a: Dugtrio|Iron Head|p1a: Mesprit
|-damage|p1a: Mesprit|48/100
|move|p1a: Mesprit|Psychic|p2a: Dugtrio
|-resisted|p2a: Dugtrio
|-damage|p2a: Dugtrio|0 fnt
|faint|p2a: Dugtrio
|
|upkeep
|c|☆urndanger|lottery lost
|
|t:|1620309419
|switch|p2a: Silvally|Silvally-Ghost|100/100
|-damage|p2a: Silvally|88/100|[from] Stealth Rock
|turn|14
|
|t:|1620309427
|switch|p1a: Scrafty|Scrafty, M|100/100
|-damage|p1a: Scrafty|95/100|[from] Stealth Rock
|-damage|p1a: Scrafty|82/100|[from] Spikes
|move|p2a: Silvally|U-turn|p1a: Scrafty
|-damage|p1a: Scrafty|65/100
|
|t:|1620309434
|switch|p2a: Charizard|Charizard, M|82/100|[from]move: U-turn
|
|-heal|p1a: Scrafty|71/100|[from] item: Leftovers
|upkeep
|turn|15
|inactive|giove97 has 120 seconds left.
|
|t:|1620309457
|switch|p1a: Lycanroc|Lycanroc, F|76/100
|-damage|p1a: Lycanroc|63/100|[from] Stealth Rock
|-damage|p1a: Lycanroc|51/100|[from] Spikes
|move|p2a: Charizard|Flamethrower|p1a: Lycanroc
|-resisted|p1a: Lycanroc
|-damage|p1a: Lycanroc|18/100
|
|upkeep
|turn|16
|inactive|giove97 has 120 seconds left.
|
|t:|1620309498
|switch|p2a: Silvally|Silvally-Ghost|88/100
|-damage|p2a: Silvally|76/100|[from] Stealth Rock
|move|p1a: Lycanroc|Accelerock|p2a: Silvally
|-crit|p2a: Silvally
|-damage|p2a: Silvally|27/100
|
|upkeep
|turn|17
|
|t:|1620309509
|switch|p2a: Gurdurr|Gurdurr, M|100/100
|-damage|p2a: Gurdurr|94/100|[from] Stealth Rock
|move|p1a: Lycanroc|Accelerock|p2a: Gurdurr
|-resisted|p2a: Gurdurr
|-damage|p2a: Gurdurr|84/100
|
|upkeep
|turn|18
|c|☆urndanger|the classic choke
|j| crbapples
|
|t:|1620309525
|move|p1a: Lycanroc|Accelerock|p2a: Gurdurr
|-resisted|p2a: Gurdurr
|-damage|p2a: Gurdurr|74/100
|move|p2a: Gurdurr|Mach Punch|p1a: Lycanroc
|-supereffective|p1a: Lycanroc
|-damage|p1a: Lycanroc|0 fnt
|faint|p1a: Lycanroc
|
|upkeep
|
|t:|1620309530
|switch|p1a: Mesprit|Mesprit|48/100
|-damage|p1a: Mesprit|36/100|[from] Stealth Rock
|turn|19
|
|t:|1620309534
|switch|p2a: Miltank|Miltank, F|78/100
|move|p1a: Mesprit|Psychic|p2a: Miltank
|-damage|p2a: Miltank|22/100
|
|upkeep
|turn|20
|
|t:|1620309537
|move|p1a: Mesprit|Psychic|p2a: Miltank
|-damage|p2a: Miltank|0 fnt
|faint|p2a: Miltank
|
|upkeep
|
|t:|1620309543
|switch|p2a: Charizard|Charizard, M|82/100
|turn|21
|
|t:|1620309547
|move|p2a: Charizard|Flamethrower|p1a: Mesprit
|-damage|p1a: Mesprit|0 fnt
|faint|p1a: Mesprit
|
|upkeep
|
|t:|1620309550
|switch|p1a: Togedemaru|Togedemaru, M|100/100
|-damage|p1a: Togedemaru|95/100|[from] Stealth Rock
|-damage|p1a: Togedemaru|82/100|[from] Spikes
|turn|22
|
|t:|1620309556
|switch|p2a: Silvally|Silvally-Ghost|27/100
|-damage|p2a: Silvally|15/100|[from] Stealth Rock
|move|p1a: Togedemaru|Zing Zap|p2a: Silvally
|-damage|p2a: Silvally|0 fnt
|faint|p2a: Silvally
|
|upkeep
|
|t:|1620309559
|switch|p2a: Gurdurr|Gurdurr, M|74/100
|-damage|p2a: Gurdurr|68/100|[from] Stealth Rock
|turn|23
|j| janjao123
|c|☆urndanger|gg.
|c|☆urndanger|clikc the right move
|
|t:|1620309576
|switch|p1a: Scrafty|Scrafty, M|71/100
|-damage|p1a: Scrafty|65/100|[from] Stealth Rock
|-damage|p1a: Scrafty|53/100|[from] Spikes
|move|p2a: Gurdurr|Bulk Up|p2a: Gurdurr
|-boost|p2a: Gurdurr|atk|1
|-boost|p2a: Gurdurr|def|1
|
|-heal|p1a: Scrafty|59/100|[from] item: Leftovers
|upkeep
|turn|24
|c|☆giove97|gg
|
|t:|1620309585
|move|p1a: Scrafty|Bulk Up|p1a: Scrafty
|-boost|p1a: Scrafty|atk|1
|-boost|p1a: Scrafty|def|1
|move|p2a: Gurdurr|Drain Punch|p1a: Scrafty
|-supereffective|p1a: Scrafty
|-damage|p1a: Scrafty|0 fnt
|-heal|p2a: Gurdurr|94/100|[from] drain|[of] p1a: Scrafty
|faint|p1a: Scrafty
|
|upkeep
|
|t:|1620309588
|switch|p1a: Togedemaru|Togedemaru, M|82/100
|-damage|p1a: Togedemaru|70/100|[from] Spikes
|-damage|p1a: Togedemaru|64/100|[from] Stealth Rock
|turn|25
|
|t:|1620309591
|move|p2a: Gurdurr|Mach Punch|p1a: Togedemaru
|-supereffective|p1a: Togedemaru
|-damage|p1a: Togedemaru|0 fnt
|faint|p1a: Togedemaru
|
|win|urndanger
|n|☆giove97|giove97
|n|☆urndanger|urndanger
|n|*Lady Monita|ladymonita
|n| Dxnny_Bxiii|dxnnybxiii
|n| DrewCareysFeet|drewcareysfeet
|n| Ara|ara
|n| crbapples|crbapples
|n| janjao123|janjao123
|l|*Lady Monita
|l|☆giove97
