|j|☆Buggyboyyy
|j|☆MYBALLS>YOURBALLS
|t:|1658268933
|gametype|singles
|player|p1|Buggyboyyy|bugcatcher-gen4dp|1408
|player|p2|MYBALLS>YOURBALLS|zinnia|1209
|teamsize|p1|6
|teamsize|p2|6
|gen|8
|tier|[Gen 8] PU
|rated|
|rule|Sleep Clause Mod: Limit one foe put to sleep
|rule|Species Clause: Limit one of each Pokémon
|rule|OHKO Clause: OHKO moves are banned
|rule|Evasion Moves Clause: Evasion moves are banned
|rule|Endless Battle Clause: Forcing endless battles is banned
|rule|HP Percentage Mod: HP is shown in percentages
|rule|Dynamax Clause: You cannot dynamax
|clearpoke
|poke|p1|Aurorus, F|
|poke|p1|Gourgeist-*, F|
|poke|p1|Raichu, F|
|poke|p1|Poliwrath, M|
|poke|p1|Claydol|
|poke|p1|Klinklang|
|poke|p2|Mr. Rime, M|
|poke|p2|Lanturn, M|
|poke|p2|Falinks|
|poke|p2|Ferroseed, F|
|poke|p2|Charizard, M|
|poke|p2|Gourgeist-*, F|
|teampreview
|
|t:|1658268955
|start
|switch|p1a: Claydol|Claydol|100/100
|switch|p2a: Mr. Rime|Mr. Rime, M|100/100
|turn|1
|
|t:|1658268960
|move|p2a: Mr. Rime|Freeze-Dry|p1a: Claydol
|-supereffective|p1a: Claydol
|-damage|p1a: Claydol|58/100
|move|p1a: Claydol|Shadow Ball|p2a: Mr. Rime
|-supereffective|p2a: Mr. Rime
|-damage|p2a: Mr. Rime|57/100
|
|upkeep
|turn|2
|
|t:|1658268968
|switch|p1a: Aurorus|Aurorus, F|100/100
|move|p2a: Mr. Rime|Freeze-Dry|p1a: Aurorus
|-resisted|p1a: Aurorus
|-damage|p1a: Aurorus|84/100
|
|upkeep
|turn|3
|
|t:|1658268977
|move|p2a: Mr. Rime|Focus Blast|p1a: Aurorus
|-supereffective|p1a: Aurorus
|-damage|p1a: Aurorus|0 fnt
|faint|p1a: Aurorus
|
|upkeep
|
|t:|1658268982
|switch|p1a: Raichu|Raichu, F|100/100
|turn|4
|
|t:|1658268987
|switch|p2a: Lanturn|Lanturn, M|100/100
|move|p1a: Raichu|Knock Off|p2a: Lanturn
|-damage|p2a: Lanturn|68/100
|-enditem|p2a: Lanturn|Leftovers|[from] move: Knock Off|[of] p1a: Raichu
|
|upkeep
|turn|5
|
|t:|1658269004
|switch|p1a: Gourgeist|Gourgeist-Super, F|100/100
|switch|p2a: Gourgeist|Gourgeist, F|100/100
|-item|p1a: Gourgeist|Colbur Berry|[from] ability: Frisk|[of] p2a: Gourgeist|[identify]
|
|upkeep
|turn|6
|
|t:|1658269009
|move|p2a: Gourgeist|Poltergeist|p1a: Gourgeist
|-activate|p1a: Gourgeist|move: Poltergeist|Colbur Berry
|-supereffective|p1a: Gourgeist
|-damage|p1a: Gourgeist|50/100
|move|p1a: Gourgeist|Poltergeist|p2a: Gourgeist
|-activate|p2a: Gourgeist|move: Poltergeist|Choice Scarf
|-supereffective|p2a: Gourgeist
|-damage|p2a: Gourgeist|19/100
|
|upkeep
|turn|7
|
|t:|1658269026
|switch|p1a: Klinklang|Klinklang|100/100
|move|p2a: Gourgeist|Poltergeist|p1a: Klinklang|[miss]
|-miss|p2a: Gourgeist|p1a: Klinklang
|
|upkeep
|turn|8
|
|t:|1658269036
|switch|p2a: Ferroseed|Ferroseed, F|100/100
|move|p1a: Klinklang|Gear Grind|p2a: Ferroseed
|-resisted|p2a: Ferroseed
|-damage|p2a: Ferroseed|92/100
|-damage|p1a: Klinklang|88/100|[from] ability: Iron Barbs|[of] p2a: Ferroseed
|-resisted|p2a: Ferroseed
|-damage|p2a: Ferroseed|83/100
|-damage|p1a: Klinklang|76/100|[from] ability: Iron Barbs|[of] p2a: Ferroseed
|-hitcount|p2a: Ferroseed|2
|
|upkeep
|turn|9
|
|t:|1658269040
|switch|p1a: Poliwrath|Poliwrath, M|100/100
|move|p2a: Ferroseed|Spikes|p1a: Poliwrath
|-sidestart|p1: Buggyboyyy|Spikes
|
|upkeep
|turn|10
|
|t:|1658269044
|switch|p2a: Gourgeist|Gourgeist, F|19/100
|-item|p1a: Poliwrath|Leftovers|[from] ability: Frisk|[of] p2a: Gourgeist|[identify]
|move|p1a: Poliwrath|Substitute|p1a: Poliwrath
|-start|p1a: Poliwrath|Substitute
|-damage|p1a: Poliwrath|76/100
|
|-heal|p1a: Poliwrath|82/100|[from] item: Leftovers
|upkeep
|turn|11
|
|t:|1658269049
|move|p2a: Gourgeist|Poltergeist|p1a: Poliwrath
|-activate|p1a: Poliwrath|move: Poltergeist|Leftovers
|-end|p1a: Poliwrath|Substitute
|move|p1a: Poliwrath|Liquidation|p2a: Gourgeist
|-resisted|p2a: Gourgeist
|-damage|p2a: Gourgeist|4/100
|
|-heal|p1a: Poliwrath|88/100|[from] item: Leftovers
|upkeep
|turn|12
|
|t:|1658269057
|move|p2a: Gourgeist|Poltergeist|p1a: Poliwrath
|-activate|p1a: Poliwrath|move: Poltergeist|Leftovers
|-damage|p1a: Poliwrath|56/100
|move|p1a: Poliwrath|Liquidation|p2a: Gourgeist
|-resisted|p2a: Gourgeist
|-damage|p2a: Gourgeist|0 fnt
|faint|p2a: Gourgeist
|
|-heal|p1a: Poliwrath|62/100|[from] item: Leftovers
|upkeep
|
|t:|1658269066
|switch|p2a: Mr. Rime|Mr. Rime, M|57/100
|turn|13
|
|t:|1658269073
|switch|p1a: Klinklang|Klinklang|76/100
|-damage|p1a: Klinklang|64/100|[from] Spikes
|move|p2a: Mr. Rime|Freeze-Dry|p1a: Klinklang
|-resisted|p1a: Klinklang
|-damage|p1a: Klinklang|39/100
|
|upkeep
|turn|14
|
|t:|1658269082
|switch|p1a: Poliwrath|Poliwrath, M|62/100
|-damage|p1a: Poliwrath|50/100|[from] Spikes
|switch|p2a: Ferroseed|Ferroseed, F|83/100
|
|-heal|p1a: Poliwrath|56/100|[from] item: Leftovers
|upkeep
|turn|15
|
|t:|1658269089
|switch|p2a: Charizard|Charizard, M|100/100
|move|p1a: Poliwrath|Substitute|p1a: Poliwrath
|-start|p1a: Poliwrath|Substitute
|-damage|p1a: Poliwrath|31/100
|
|-heal|p1a: Poliwrath|37/100|[from] item: Leftovers
|upkeep
|turn|16
|
|t:|1658269092
|move|p2a: Charizard|Hurricane|p1a: Poliwrath
|-supereffective|p1a: Poliwrath
|-end|p1a: Poliwrath|Substitute
|move|p1a: Poliwrath|Liquidation|p2a: Charizard
|-supereffective|p2a: Charizard
|-damage|p2a: Charizard|18/100
|
|-heal|p1a: Poliwrath|43/100|[from] item: Leftovers
|upkeep
|turn|17
|
|t:|1658269101
|switch|p1a: Claydol|Claydol|58/100
|move|p2a: Charizard|Hurricane|p1a: Claydol
|-damage|p1a: Claydol|26/100
|
|upkeep
|turn|18
|
|t:|1658269107
|move|p2a: Charizard|Fire Blast|p1a: Claydol
|-damage|p1a: Claydol|0 fnt
|faint|p1a: Claydol
|
|upkeep
|
|t:|1658269110
|switch|p1a: Raichu|Raichu, F|100/100
|turn|19
|
|t:|1658269115
|move|p1a: Raichu|Knock Off|p2a: Charizard
|-damage|p2a: Charizard|0 fnt
|-enditem|p2a: Charizard|Heavy-Duty Boots|[from] move: Knock Off|[of] p1a: Raichu
|faint|p2a: Charizard
|
|upkeep
|
|t:|1658269117
|switch|p2a: Falinks|Falinks|100/100
|turn|20
|
|t:|1658269121
|move|p1a: Raichu|Volt Tackle|p2a: Falinks
|-damage|p2a: Falinks|37/100
|-damage|p1a: Raichu|79/100|[from] Recoil
|move|p2a: Falinks|No Retreat|p2a: Falinks
|-boost|p2a: Falinks|atk|1
|-boost|p2a: Falinks|def|1
|-boost|p2a: Falinks|spa|1
|-boost|p2a: Falinks|spd|1
|-boost|p2a: Falinks|spe|1
|-start|p2a: Falinks|move: No Retreat
|
|upkeep
|turn|21
|
|t:|1658269139
|switch|p1a: Klinklang|Klinklang|39/100
|-damage|p1a: Klinklang|27/100|[from] Spikes
|move|p2a: Falinks|Close Combat|p1a: Klinklang
|-supereffective|p1a: Klinklang
|-damage|p1a: Klinklang|0 fnt
|-unboost|p2a: Falinks|def|1
|-unboost|p2a: Falinks|spd|1
|faint|p1a: Klinklang
|
|upkeep
|
|t:|1658269145
|switch|p1a: Gourgeist|Gourgeist-Super, F|50/100
|-damage|p1a: Gourgeist|37/100|[from] Spikes
|-item|p2a: Falinks|Shed Shell|[from] ability: Frisk|[of] p1a: Gourgeist|[identify]
|turn|22
|
|t:|1658269148
|move|p2a: Falinks|Throat Chop|p1a: Gourgeist
|-supereffective|p1a: Gourgeist
|-enditem|p1a: Gourgeist|Colbur Berry|[eat]
|-enditem|p1a: Gourgeist|Colbur Berry|[weaken]
|-damage|p1a: Gourgeist|13/100
|-start|p1a: Gourgeist|Throat Chop|[silent]
|move|p1a: Gourgeist|Poltergeist|p2a: Falinks
|-activate|p2a: Falinks|move: Poltergeist|Shed Shell
|-damage|p2a: Falinks|0 fnt
|faint|p2a: Falinks
|
|upkeep
|
|t:|1658269154
|switch|p2a: Mr. Rime|Mr. Rime, M|57/100
|turn|23
|
|t:|1658269160
|move|p2a: Mr. Rime|Freeze-Dry|p1a: Gourgeist
|-supereffective|p1a: Gourgeist
|-damage|p1a: Gourgeist|0 fnt
|faint|p1a: Gourgeist
|
|upkeep
|
|t:|1658269164
|switch|p1a: Raichu|Raichu, F|79/100
|turn|24
|
|t:|1658269166
|switch|p2a: Ferroseed|Ferroseed, F|83/100
|move|p1a: Raichu|Knock Off|p2a: Ferroseed
|-damage|p2a: Ferroseed|67/100
|-damage|p1a: Raichu|67/100|[from] ability: Iron Barbs|[of] p2a: Ferroseed
|-enditem|p2a: Ferroseed|Eviolite|[from] move: Knock Off|[of] p1a: Raichu
|
|upkeep
|turn|25
|
|t:|1658269169
|move|p1a: Raichu|Knock Off|p2a: Ferroseed
|-damage|p2a: Ferroseed|52/100
|-damage|p1a: Raichu|55/100|[from] ability: Iron Barbs|[of] p2a: Ferroseed
|move|p2a: Ferroseed|Leech Seed|p1a: Raichu
|-start|p1a: Raichu|move: Leech Seed
|
|-damage|p1a: Raichu|42/100|[from] Leech Seed|[of] p2a: Ferroseed
|-heal|p2a: Ferroseed|62/100|[silent]
|upkeep
|turn|26
|
|t:|1658269175
|move|p1a: Raichu|Knock Off|p2a: Ferroseed
|-damage|p2a: Ferroseed|47/100
|-damage|p1a: Raichu|30/100|[from] ability: Iron Barbs|[of] p2a: Ferroseed
|move|p2a: Ferroseed|Leech Seed||[still]
|-fail|p2a: Ferroseed
|
|-damage|p1a: Raichu|18/100|[from] Leech Seed|[of] p2a: Ferroseed
|-heal|p2a: Ferroseed|58/100|[silent]
|upkeep
|turn|27
|
|t:|1658269178
|move|p1a: Raichu|Volt Tackle|p2a: Ferroseed
|-resisted|p2a: Ferroseed
|-damage|p2a: Ferroseed|38/100
|-damage|p1a: Raichu|5/100|[from] ability: Iron Barbs|[of] p2a: Ferroseed
|-damage|p1a: Raichu|0 fnt|[from] Recoil
|faint|p1a: Raichu
|move|p2a: Ferroseed|Leech Seed|p1: Raichu|[notarget]
|-fail|p2a: Ferroseed
|
|upkeep
|
|t:|1658269181
|switch|p1a: Poliwrath|Poliwrath, M|43/100
|-damage|p1a: Poliwrath|31/100|[from] Spikes
|turn|28
|
|t:|1658269185
|switch|p2a: Lanturn|Lanturn, M|68/100
|move|p1a: Poliwrath|Substitute|p1a: Poliwrath
|-start|p1a: Poliwrath|Substitute
|-damage|p1a: Poliwrath|6/100
|
|-heal|p1a: Poliwrath|12/100|[from] item: Leftovers
|upkeep
|turn|29
|
|t:|1658269187
|move|p2a: Lanturn|Volt Switch|p1a: Poliwrath
|-supereffective|p1a: Poliwrath
|-end|p1a: Poliwrath|Substitute
|
|t:|1658269189
|switch|p2a: Ferroseed|Ferroseed, F|38/100|[from]move: Volt Switch
|move|p1a: Poliwrath|Drain Punch|p2a: Ferroseed
|-supereffective|p2a: Ferroseed
|-damage|p2a: Ferroseed|0 fnt
|-heal|p1a: Poliwrath|27/100|[from] drain|[of] p2a: Ferroseed
|-damage|p1a: Poliwrath|14/100|[from] ability: Iron Barbs|[of] p2a: Ferroseed
|faint|p2a: Ferroseed
|
|-heal|p1a: Poliwrath|20/100|[from] item: Leftovers
|upkeep
|
|t:|1658269191
|switch|p2a: Lanturn|Lanturn, M|68/100
|turn|30
|
|t:|1658269194
|move|p2a: Lanturn|Volt Switch|p1a: Poliwrath
|-supereffective|p1a: Poliwrath
|-damage|p1a: Poliwrath|0 fnt
|faint|p1a: Poliwrath
|
|win|MYBALLS>YOURBALLS
|raw|Buggyboyyy's rating: 1408 &rarr; <strong>1378</strong><br />(-30 for losing)
|raw|MYBALLS&gt;YOURBALLS's rating: 1209 &rarr; <strong>1247</strong><br />(+38 for winning)
|l|☆Buggyboyyy
||Ladder isn't responding, score probably updated but might not have (Request timeout).
