|html|<div class="broadcast-blue"><strong>[Gen 8] PU is currently suspecting Scyther! For information on how to participate check out the <a href="https://www.smogon.com/forums/threads/np-ss-pu-stage-11-turn-turn-turn-scyther-retest.3707179/">suspect thread</a>.</strong></div>
|raw|<div class="broadcast-blue"><strong>This battle is required to be public due to a player having a name starting with 'pult4v4'.</div>
|j|☆pult4v4 pix
|j|☆PU11 Skill Issue
|t:|1662860110
|gametype|singles
|player|p1|pult4v4 pix|#puplviiimoomoomilkers|1551
|player|p2|PU11 Skill Issue|hilda-masters|1368
|teamsize|p1|6
|teamsize|p2|6
|gen|8
|tier|[Gen 8] PU
|rated|
|rule|Sleep Clause Mod: Limit one foe put to sleep
|rule|Species Clause: Limit one of each Pokémon
|rule|OHKO Clause: OHKO moves are banned
|rule|Evasion Items Clause: Evasion items are banned
|rule|Evasion Moves Clause: Evasion moves are banned
|rule|Endless Battle Clause: Forcing endless battles is banned
|rule|HP Percentage Mod: HP is shown in percentages
|rule|Dynamax Clause: You cannot dynamax
|clearpoke
|poke|p1|Scrafty, F|
|poke|p1|Sandslash, M|
|poke|p1|Whimsicott, M|
|poke|p1|Articuno-Galar|
|poke|p1|Gigalith, M|
|poke|p1|Wishiwashi, F|
|poke|p2|Kabutops, M|
|poke|p2|Silvally-*|
|poke|p2|Doublade, M|
|poke|p2|Archeops, F|
|poke|p2|Glastrier|
|poke|p2|Skuntank, F|
|teampreview
|inactive|Battle timer is ON: inactive players will automatically lose when time's up. (requested by PU11 Skill Issue)
|inactive|pult4v4 pix also wants the timer to be on.
|
|t:|1662860138
|start
|switch|p1a: Gigalith|Gigalith, M|100/100
|switch|p2a: skill issue|Silvally-Grass|100/100
|-weather|Sandstorm|[from] ability: Sand Stream|[of] p1a: Gigalith
|turn|1
|
|t:|1662860145
|move|p2a: skill issue|Multi-Attack|p1a: Gigalith
|-supereffective|p1a: Gigalith
|-damage|p1a: Gigalith|32/100
|move|p1a: Gigalith|Stealth Rock|p2a: skill issue
|-sidestart|p2: PU11 Skill Issue|move: Stealth Rock
|
|-weather|Sandstorm|[upkeep]
|-damage|p2a: skill issue|94/100|[from] Sandstorm
|upkeep
|turn|2
|
|t:|1662860149
|switch|p1a: Articuno|Articuno-Galar|100/100
|move|p2a: skill issue|Swords Dance|p2a: skill issue
|-boost|p2a: skill issue|atk|2
|
|-weather|Sandstorm|[upkeep]
|-damage|p2a: skill issue|88/100|[from] Sandstorm
|-damage|p1a: Articuno|94/100|[from] Sandstorm
|upkeep
|turn|3
|
|t:|1662860153
|move|p2a: skill issue|Rock Slide|p1a: Articuno
|-supereffective|p1a: Articuno
|-damage|p1a: Articuno|0 fnt
|faint|p1a: Articuno
|
|-weather|Sandstorm|[upkeep]
|-damage|p2a: skill issue|82/100|[from] Sandstorm
|upkeep
|
|t:|1662860159
|switch|p1a: Whimsicott|Whimsicott, M|100/100
|turn|4
|
|t:|1662860164
|move|p1a: Whimsicott|U-turn|p2a: skill issue
|-supereffective|p2a: skill issue
|-damage|p2a: skill issue|58/100
|
|t:|1662860167
|switch|p1a: Sandslash|Sandslash, M|100/100|[from]move: U-turn
|move|p2a: skill issue|Flame Charge|p1a: Sandslash
|-damage|p1a: Sandslash|70/100
|-boost|p2a: skill issue|spe|1
|
|-weather|Sandstorm|[upkeep]
|-damage|p2a: skill issue|52/100|[from] Sandstorm
|upkeep
|turn|5
|
|t:|1662860171
|move|p2a: skill issue|Multi-Attack|p1a: Sandslash
|-supereffective|p1a: Sandslash
|-damage|p1a: Sandslash|0 fnt
|faint|p1a: Sandslash
|
|-weather|Sandstorm|[upkeep]
|-damage|p2a: skill issue|46/100|[from] Sandstorm
|upkeep
|
|t:|1662860198
|switch|p1a: Whimsicott|Whimsicott, M|100/100
|turn|6
|
|t:|1662860202
|move|p2a: skill issue|Rock Slide|p1a: Whimsicott
|-damage|p1a: Whimsicott|41/100
|move|p1a: Whimsicott|Moonblast|p2a: skill issue
|-damage|p2a: skill issue|10/100
|-unboost|p2a: skill issue|spa|1
|
|-weather|Sandstorm|[upkeep]
|-damage|p2a: skill issue|4/100|[from] Sandstorm
|-damage|p1a: Whimsicott|35/100|[from] Sandstorm
|upkeep
|turn|7
|
|t:|1662860211
|switch|p1a: Gigalith|Gigalith, M|32/100
|move|p2a: skill issue|Multi-Attack|p1a: Gigalith
|-supereffective|p1a: Gigalith
|-crit|p1a: Gigalith
|-damage|p1a: Gigalith|0 fnt
|faint|p1a: Gigalith
|
|-weather|Sandstorm|[upkeep]
|-damage|p2a: skill issue|0 fnt|[from] Sandstorm
|faint|p2a: skill issue
|upkeep
|
|t:|1662860231
|switch|p2a: all skill no luck|Skuntank, F|100/100
|switch|p1a: Scrafty|Scrafty, F|100/100
|-damage|p2a: all skill no luck|88/100|[from] Stealth Rock
|turn|8
|j| laurel hell
|inactive|pult4v4 pix has 120 seconds left.
|
|t:|1662860265
|move|p2a: all skill no luck|Sludge Bomb|p1a: Scrafty
|-damage|p1a: Scrafty|64/100
|-status|p1a: Scrafty|psn
|move|p1a: Scrafty|Close Combat|p2a: all skill no luck
|-damage|p2a: all skill no luck|0 fnt
|-unboost|p1a: Scrafty|def|1
|-unboost|p1a: Scrafty|spd|1
|-damage|p1a: Scrafty|39/100 psn|[from] ability: Aftermath|[of] p2a: all skill no luck
|faint|p2a: all skill no luck
|
|-weather|none
|-activate|p1a: Scrafty|ability: Shed Skin
|-curestatus|p1a: Scrafty|psn|[msg]
|upkeep
|
|t:|1662860278
|switch|p2a: skillful play|Kabutops, M|100/100
|-damage|p2a: skillful play|88/100|[from] Stealth Rock
|turn|9
|inactive|pult4v4 pix has 120 seconds left.
|
|t:|1662860297
|switch|p1a: Wishiwashi|Wishiwashi, F|100/100
|-formechange|p1a: Wishiwashi|Wishiwashi-School||[from] ability: Schooling
|move|p2a: skillful play|Rapid Spin|p1a: Wishiwashi
|-damage|p1a: Wishiwashi|89/100
|-boost|p2a: skillful play|spe|1
|-sideend|p2: PU11 Skill Issue|Stealth Rock|[from] move: Rapid Spin|[of] p2a: skillful play
|
|-heal|p1a: Wishiwashi|95/100|[from] item: Leftovers
|upkeep
|turn|10
|
|t:|1662860303
|move|p2a: skillful play|Knock Off|p1a: Wishiwashi
|-damage|p1a: Wishiwashi|73/100
|-enditem|p1a: Wishiwashi|Leftovers|[from] move: Knock Off|[of] p2a: skillful play
|move|p1a: Wishiwashi|Scald|p2a: skillful play
|-damage|p2a: skillful play|25/100
|-status|p2a: skillful play|brn
|
|-damage|p2a: skillful play|19/100 brn|[from] brn
|upkeep
|turn|11
|
|t:|1662860310
|move|p2a: skillful play|Stealth Rock|p1a: Wishiwashi
|-sidestart|p1: pult4v4 pix|move: Stealth Rock
|move|p1a: Wishiwashi|Rest|p1a: Wishiwashi
|-status|p1a: Wishiwashi|slp|[from] move: Rest
|-heal|p1a: Wishiwashi|100/100 slp|[silent]
|
|-damage|p2a: skillful play|13/100 brn|[from] brn
|upkeep
|turn|12
|
|t:|1662860313
|move|p2a: skillful play|Liquidation|p1a: Wishiwashi
|-resisted|p1a: Wishiwashi
|-damage|p1a: Wishiwashi|92/100 slp
|cant|p1a: Wishiwashi|slp
|move|p1a: Wishiwashi|Sleep Talk|p1a: Wishiwashi
|move|p1a: Wishiwashi|Scald|p2a: skillful play|[from]move: Sleep Talk
|-damage|p2a: skillful play|0 fnt
|faint|p2a: skillful play
|
|upkeep
|
|t:|1662860319
|switch|p2a: the better player|Archeops, F|100/100
|turn|13
|inactive|pult4v4 pix has 120 seconds left.
|
|t:|1662860356
|move|p2a: the better player|Meteor Beam||[still]
|-prepare|p2a: the better player|Meteor Beam
|-boost|p2a: the better player|spa|1
|-enditem|p2a: the better player|Power Herb
|-anim|p2a: the better player|Meteor Beam|p1a: Wishiwashi
|-damage|p1a: Wishiwashi|13/100 slp
|cant|p1a: Wishiwashi|slp
|move|p1a: Wishiwashi|Sleep Talk|p1a: Wishiwashi
|move|p1a: Wishiwashi|Rest||[from]move: Sleep Talk|[still]
|-fail|p1a: Wishiwashi
|
|-formechange|p1a: Wishiwashi|Wishiwashi||[from] ability: Schooling
|upkeep
|turn|14
|inactive|pult4v4 pix has 120 seconds left.
|
|t:|1662860367
|move|p2a: the better player|Earth Power|p1a: Wishiwashi
|-damage|p1a: Wishiwashi|0 fnt
|faint|p1a: Wishiwashi
|
|upkeep
|
|t:|1662860369
|switch|p1a: Whimsicott|Whimsicott, M|35/100
|turn|15
|
|t:|1662860372
|move|p1a: Whimsicott|Moonblast|p2a: the better player
|-damage|p2a: the better player|41/100
|move|p2a: the better player|Air Slash|p1a: Whimsicott
|-supereffective|p1a: Whimsicott
|-damage|p1a: Whimsicott|0 fnt
|faint|p1a: Whimsicott
|
|upkeep
|c|☆PU11 Skill Issue|gg
|inactive|pult4v4 pix has 120 seconds left.
|-message|pult4v4 pix forfeited.
|
|win|PU11 Skill Issue
|raw|pult4v4 pix's rating: 1551 &rarr; <strong>1521</strong><br />(-30 for losing)
|raw|PU11 Skill Issue's rating: 1368 &rarr; <strong>1398</strong><br />(+30 for winning)
|l|☆pult4v4 pix
|l| laurel hell
||Ladder isn't responding, score probably updated but might not have (Request timeout).
