|j|☆cafay sen sukr
|j|☆Super Suit
|t:|1605409961
|player|p1|cafay sen sukr|swimmer-gen4dp|1549
|player|p2|Super Suit|yellow|1378
|teamsize|p1|6
|teamsize|p2|6
|gametype|singles
|gen|8
|tier|[Gen 8] PU
|rated|
|clearpoke
|poke|p1|Silvally-*|
|poke|p1|Qwilfish, M|
|poke|p1|Rhydon, F|
|poke|p1|Gothitelle, M|
|poke|p1|Gourgeist-*, M|
|poke|p1|Kangaskhan, F|
|poke|p2|Throh, M|
|poke|p2|Dugtrio, M|
|poke|p2|Combusken, M|
|poke|p2|Gothitelle, F|
|poke|p2|Crustle, M|
|poke|p2|Meowstic, M|
|rule|Sleep Clause Mod: Limit one foe put to sleep
|rule|Species Clause: Limit one of each Pokémon
|rule|OHKO Clause: OHKO moves are banned
|rule|Evasion Moves Clause: Evasion moves are banned
|rule|Endless Battle Clause: Forcing endless battles is banned
|rule|HP Percentage Mod: HP is shown in percentages
|rule|Dynamax Clause: You cannot dynamax
|teampreview
|c|☆cafay sen sukr|hf
|
|t:|1605409976
|start
|switch|p1a: Gourgeist|Gourgeist-Small, M|100/100
|switch|p2a: Dugtrio|Dugtrio, M|100/100
|-item|p2a: Dugtrio|Focus Sash|[from] ability: Frisk|[of] p1a: Gourgeist|[identify]
|turn|1
|c|☆Super Suit|u2
|
|t:|1605409985
|move|p2a: Dugtrio|Stealth Rock|p1a: Gourgeist
|-sidestart|p1: cafay sen sukr|move: Stealth Rock
|move|p1a: Gourgeist|Poltergeist|p2a: Dugtrio
|-activate|p2a: Dugtrio|move: Poltergeist|Focus Sash
|-damage|p2a: Dugtrio|12/100
|
|upkeep
|turn|2
|
|t:|1605409990
|move|p2a: Dugtrio|Memento|p1a: Gourgeist
|-unboost|p1a: Gourgeist|atk|2
|-unboost|p1a: Gourgeist|spa|2
|faint|p2a: Dugtrio
|move|p1a: Gourgeist|Poltergeist|p2: Dugtrio|[notarget]
|-fail|p1a: Gourgeist
|
|upkeep
|j|+tjay
|
|t:|1605409995
|switch|p2a: Meowstic|Meowstic, M|100/100
|turn|3
|
|t:|1605410002
|move|p2a: Meowstic|Reflect|p2a: Meowstic
|-sidestart|p2: Super Suit|Reflect
|move|p1a: Gourgeist|Toxic|p2a: Meowstic
|-status|p2a: Meowstic|tox
|
|-damage|p2a: Meowstic|94/100 tox|[from] psn
|upkeep
|turn|4
|
|t:|1605410008
|move|p2a: Meowstic|Light Screen|p2a: Meowstic
|-sidestart|p2: Super Suit|move: Light Screen
|move|p1a: Gourgeist|Toxic|p2a: Meowstic
|-fail|p2a: Meowstic|tox
|
|-damage|p2a: Meowstic|82/100 tox|[from] psn
|upkeep
|turn|5
|
|t:|1605410011
|move|p2a: Meowstic|Yawn|p1a: Gourgeist
|-start|p1a: Gourgeist|move: Yawn|[of] p2a: Meowstic
|move|p1a: Gourgeist|Toxic|p2a: Meowstic
|-fail|p2a: Meowstic|tox
|
|-damage|p2a: Meowstic|63/100 tox|[from] psn
|upkeep
|turn|6
|
|t:|1605410035
|switch|p1a: Silvally|Silvally-Poison|100/100
|-damage|p1a: Silvally|88/100|[from] Stealth Rock
|switch|p2a: Gothitelle|Gothitelle, F|100/100
|
|upkeep
|turn|7
|
|t:|1605410044
|switch|p1a: Rhydon|Rhydon, F|100/100
|-damage|p1a: Rhydon|94/100|[from] Stealth Rock
|move|p2a: Gothitelle|Nasty Plot|p2a: Gothitelle
|-boost|p2a: Gothitelle|spa|2
|
|upkeep
|turn|8
|
|t:|1605410046
|move|p2a: Gothitelle|Grass Knot|p1a: Rhydon
|-supereffective|p1a: Rhydon
|-damage|p1a: Rhydon|0 fnt
|faint|p1a: Rhydon
|
|upkeep
|c|☆cafay sen sukr|wat
|c|☆Super Suit|lol
|c|+tjay|LOL
|
|t:|1605410079
|switch|p1a: Kangaskhan|Kangaskhan, F|100/100
|-damage|p1a: Kangaskhan|88/100|[from] Stealth Rock
|turn|9
|
|t:|1605410083
|move|p1a: Kangaskhan|Fake Out|p2a: Gothitelle
|-damage|p2a: Gothitelle|91/100
|cant|p2a: Gothitelle|flinch
|
|-heal|p2a: Gothitelle|97/100|[from] item: Leftovers
|upkeep
|turn|10
|
|t:|1605410088
|switch|p1a: Silvally|Silvally-Poison|88/100
|-damage|p1a: Silvally|76/100|[from] Stealth Rock
|move|p2a: Gothitelle|Psyshock|p1a: Silvally
|-supereffective|p1a: Silvally
|-damage|p1a: Silvally|0 fnt
|faint|p1a: Silvally
|
|-heal|p2a: Gothitelle|100/100|[from] item: Leftovers
|-sideend|p2: Super Suit|Reflect
|upkeep
|
|t:|1605410096
|switch|p1a: Gourgeist|Gourgeist-Small, M|100/100
|-damage|p1a: Gourgeist|88/100|[from] Stealth Rock
|-item|p2a: Gothitelle|Leftovers|[from] ability: Frisk|[of] p1a: Gourgeist|[identify]
|turn|11
|
|t:|1605410106
|switch|p2a: Crustle|Crustle, M|100/100
|move|p1a: Gourgeist|Poltergeist|p2a: Crustle|[miss]
|-miss|p1a: Gourgeist|p2a: Crustle
|
|-sideend|p2: Super Suit|move: Light Screen
|upkeep
|turn|12
|
|t:|1605410114
|move|p1a: Gourgeist|Toxic|p2a: Crustle
|-status|p2a: Crustle|tox
|move|p2a: Crustle|Shell Smash|p2a: Crustle
|-unboost|p2a: Crustle|def|1
|-unboost|p2a: Crustle|spd|1
|-boost|p2a: Crustle|atk|2
|-boost|p2a: Crustle|spa|2
|-boost|p2a: Crustle|spe|2
|
|-damage|p2a: Crustle|94/100 tox|[from] psn
|upkeep
|turn|13
|
|t:|1605410120
|move|p2a: Crustle|Spikes|p1a: Gourgeist
|-sidestart|p1: cafay sen sukr|Spikes
|move|p1a: Gourgeist|Power Whip|p2a: Crustle
|-damage|p2a: Crustle|43/100 tox
|-ability|p2a: Crustle|Weak Armor|boost
|-unboost|p2a: Crustle|def|1
|-boost|p2a: Crustle|spe|2
|
|-damage|p2a: Crustle|31/100 tox|[from] psn
|upkeep
|turn|14
|
|t:|1605410125
|move|p2a: Crustle|Stone Edge|p1a: Gourgeist
|-damage|p1a: Gourgeist|0 fnt
|faint|p1a: Gourgeist
|
|-damage|p2a: Crustle|13/100 tox|[from] psn
|upkeep
|
|t:|1605410129
|switch|p1a: Kangaskhan|Kangaskhan, F|88/100
|-damage|p1a: Kangaskhan|75/100|[from] Spikes
|-damage|p1a: Kangaskhan|63/100|[from] Stealth Rock
|turn|15
|
|t:|1605410133
|move|p1a: Kangaskhan|Fake Out|p2a: Crustle
|-resisted|p2a: Crustle
|-damage|p2a: Crustle|0 fnt
|faint|p2a: Crustle
|
|upkeep
|
|t:|1605410135
|switch|p2a: Meowstic|Meowstic, M|63/100 tox
|turn|16
|
|t:|1605410136
|switch|p1a: Gothitelle|Gothitelle, M|100/100
|-damage|p1a: Gothitelle|88/100|[from] Spikes
|-damage|p1a: Gothitelle|75/100|[from] Stealth Rock
|move|p2a: Meowstic|Reflect|p2a: Meowstic
|-sidestart|p2: Super Suit|Reflect
|
|-heal|p1a: Gothitelle|82/100|[from] item: Leftovers
|-damage|p2a: Meowstic|57/100 tox|[from] psn
|upkeep
|turn|17
|
|t:|1605410139
|move|p2a: Meowstic|Yawn|p1a: Gothitelle
|-start|p1a: Gothitelle|move: Yawn|[of] p2a: Meowstic
|move|p1a: Gothitelle|Cosmic Power|p1a: Gothitelle
|-boost|p1a: Gothitelle|def|1
|-boost|p1a: Gothitelle|spd|1
|
|-heal|p1a: Gothitelle|88/100|[from] item: Leftovers
|-damage|p2a: Meowstic|44/100 tox|[from] psn
|upkeep
|turn|18
|
|t:|1605410141
|move|p2a: Meowstic|Light Screen|p2a: Meowstic
|-sidestart|p2: Super Suit|move: Light Screen
|move|p1a: Gothitelle|Cosmic Power|p1a: Gothitelle
|-boost|p1a: Gothitelle|def|1
|-boost|p1a: Gothitelle|spd|1
|
|-heal|p1a: Gothitelle|94/100|[from] item: Leftovers
|-damage|p2a: Meowstic|25/100 tox|[from] psn
|-end|p1a: Gothitelle|move: Yawn|[silent]
|-status|p1a: Gothitelle|slp
|upkeep
|turn|19
|
|t:|1605410145
|switch|p2a: Gothitelle|Gothitelle, F|100/100
|cant|p1a: Gothitelle|slp
|move|p1a: Gothitelle|Sleep Talk|p1a: Gothitelle
|move|p1a: Gothitelle|Cosmic Power|p1a: Gothitelle|[from]Sleep Talk
|-boost|p1a: Gothitelle|def|1
|-boost|p1a: Gothitelle|spd|1
|
|-heal|p1a: Gothitelle|99/100 slp|[from] item: Leftovers
|upkeep
|turn|20
|
|t:|1605410148
|move|p2a: Gothitelle|Nasty Plot|p2a: Gothitelle
|-boost|p2a: Gothitelle|spa|2
|cant|p1a: Gothitelle|slp
|move|p1a: Gothitelle|Sleep Talk|p1a: Gothitelle
|move|p1a: Gothitelle|Rest|p1a: Gothitelle|[from]Sleep Talk
|-fail|p1a: Gothitelle
|
|-heal|p1a: Gothitelle|100/100 slp|[from] item: Leftovers
|upkeep
|turn|21
|
|t:|1605410150
|move|p2a: Gothitelle|Nasty Plot|p2a: Gothitelle
|-boost|p2a: Gothitelle|spa|2
|cant|p1a: Gothitelle|slp
|
|upkeep
|turn|22
|
|t:|1605410154
|move|p2a: Gothitelle|Shadow Ball|p1a: Gothitelle
|-supereffective|p1a: Gothitelle
|-damage|p1a: Gothitelle|47/100 slp
|-curestatus|p1a: Gothitelle|slp|[msg]
|move|p1a: Gothitelle|Cosmic Power|p1a: Gothitelle
|-boost|p1a: Gothitelle|def|1
|-boost|p1a: Gothitelle|spd|1
|
|-heal|p1a: Gothitelle|53/100|[from] item: Leftovers
|upkeep
|turn|23
|
|t:|1605410158
|move|p2a: Gothitelle|Shadow Ball|p1a: Gothitelle
|-supereffective|p1a: Gothitelle
|-damage|p1a: Gothitelle|6/100
|move|p1a: Gothitelle|Rest|p1a: Gothitelle
|-status|p1a: Gothitelle|slp|[from] move: Rest
|-heal|p1a: Gothitelle|100/100 slp|[silent]
|
|-sideend|p2: Super Suit|Reflect
|upkeep
|turn|24
|
|t:|1605410164
|move|p2a: Gothitelle|Nasty Plot|p2a: Gothitelle
|-boost|p2a: Gothitelle|spa|2
|cant|p1a: Gothitelle|slp
|move|p1a: Gothitelle|Sleep Talk|p1a: Gothitelle
|move|p1a: Gothitelle|Stored Power|p2a: Gothitelle|[from]Sleep Talk
|-resisted|p2a: Gothitelle
|-damage|p2a: Gothitelle|86/100
|
|-heal|p2a: Gothitelle|92/100|[from] item: Leftovers
|upkeep
|turn|25
|
|t:|1605410168
|move|p2a: Gothitelle|Shadow Ball|p1a: Gothitelle
|-supereffective|p1a: Gothitelle
|-damage|p1a: Gothitelle|42/100 slp
|cant|p1a: Gothitelle|slp
|move|p1a: Gothitelle|Sleep Talk|p1a: Gothitelle
|move|p1a: Gothitelle|Rest|p1a: Gothitelle|[from]Sleep Talk
|-fail|p1a: Gothitelle
|
|-heal|p2a: Gothitelle|99/100|[from] item: Leftovers
|-heal|p1a: Gothitelle|48/100 slp|[from] item: Leftovers
|-sideend|p2: Super Suit|move: Light Screen
|upkeep
|turn|26
|
|t:|1605410173
|switch|p1a: Kangaskhan|Kangaskhan, F|63/100
|-damage|p1a: Kangaskhan|50/100|[from] Spikes
|-damage|p1a: Kangaskhan|38/100|[from] Stealth Rock
|move|p2a: Gothitelle|Shadow Ball|p1a: Kangaskhan
|-immune|p1a: Kangaskhan
|
|-heal|p2a: Gothitelle|100/100|[from] item: Leftovers
|upkeep
|turn|27
|
|t:|1605410177
|move|p1a: Kangaskhan|Fake Out|p2a: Gothitelle
|-damage|p2a: Gothitelle|81/100
|cant|p2a: Gothitelle|flinch
|
|-heal|p2a: Gothitelle|87/100|[from] item: Leftovers
|upkeep
|turn|28
|
|t:|1605410181
|move|p1a: Kangaskhan|Double-Edge|p2a: Gothitelle
|-damage|p2a: Gothitelle|29/100
|-damage|p1a: Kangaskhan|21/100|[from] Recoil
|move|p2a: Gothitelle|Psyshock|p1a: Kangaskhan
|-damage|p1a: Kangaskhan|0 fnt
|faint|p1a: Kangaskhan
|
|-heal|p2a: Gothitelle|35/100|[from] item: Leftovers
|upkeep
|
|t:|1605410183
|switch|p1a: Qwilfish|Qwilfish, M|100/100
|-damage|p1a: Qwilfish|88/100|[from] Spikes
|-damage|p1a: Qwilfish|76/100|[from] Stealth Rock
|-ability|p1a: Qwilfish|Intimidate|boost
|-unboost|p2a: Gothitelle|atk|1
|-ability|p2a: Gothitelle|Competitive
|-boost|p2a: Gothitelle|spa|0
|turn|29
|
|t:|1605410194
|switch|p2a: Combusken|Combusken, M|100/100
|move|p1a: Qwilfish|Waterfall|p2a: Combusken
|-supereffective|p2a: Combusken
|-damage|p2a: Combusken|0 fnt
|faint|p2a: Combusken
|
|-heal|p1a: Qwilfish|82/100|[from] item: Black Sludge
|upkeep
|
|t:|1605410197
|switch|p2a: Meowstic|Meowstic, M|25/100 tox
|turn|30
|
|t:|1605410200
|move|p2a: Meowstic|Reflect|p2a: Meowstic
|-sidestart|p2: Super Suit|Reflect
|move|p1a: Qwilfish|Toxic Spikes|p2a: Meowstic
|-sidestart|p2: Super Suit|move: Toxic Spikes
|
|-heal|p1a: Qwilfish|88/100|[from] item: Black Sludge
|-damage|p2a: Meowstic|19/100 tox|[from] psn
|upkeep
|turn|31
|
|t:|1605410203
|switch|p1a: Gothitelle|Gothitelle, M|48/100 slp
|-damage|p1a: Gothitelle|36/100 slp|[from] Stealth Rock
|-damage|p1a: Gothitelle|23/100 slp|[from] Spikes
|move|p2a: Meowstic|Light Screen|p2a: Meowstic
|-sidestart|p2: Super Suit|move: Light Screen
|
|-heal|p1a: Gothitelle|30/100 slp|[from] item: Leftovers
|-damage|p2a: Meowstic|7/100 tox|[from] psn
|upkeep
|turn|32
|
|t:|1605410206
|switch|p2a: Gothitelle|Gothitelle, F|35/100
|-status|p2a: Gothitelle|psn
|-curestatus|p1a: Gothitelle|slp|[msg]
|move|p1a: Gothitelle|Cosmic Power|p1a: Gothitelle
|-boost|p1a: Gothitelle|def|1
|-boost|p1a: Gothitelle|spd|1
|
|-heal|p2a: Gothitelle|42/100 psn|[from] item: Leftovers
|-heal|p1a: Gothitelle|36/100|[from] item: Leftovers
|-damage|p2a: Gothitelle|29/100 psn|[from] psn
|upkeep
|turn|33
|
|t:|1605410216
|move|p2a: Gothitelle|Nasty Plot|p2a: Gothitelle
|-boost|p2a: Gothitelle|spa|2
|move|p1a: Gothitelle|Rest|p1a: Gothitelle
|-status|p1a: Gothitelle|slp|[from] move: Rest
|-heal|p1a: Gothitelle|100/100 slp|[silent]
|
|-heal|p2a: Gothitelle|35/100 psn|[from] item: Leftovers
|-damage|p2a: Gothitelle|23/100 psn|[from] psn
|upkeep
|turn|34
|
|t:|1605410219
|move|p2a: Gothitelle|Shadow Ball|p1a: Gothitelle
|-supereffective|p1a: Gothitelle
|-damage|p1a: Gothitelle|40/100 slp
|cant|p1a: Gothitelle|slp
|move|p1a: Gothitelle|Sleep Talk|p1a: Gothitelle
|move|p1a: Gothitelle|Cosmic Power|p1a: Gothitelle|[from]Sleep Talk
|-boost|p1a: Gothitelle|def|1
|-boost|p1a: Gothitelle|spd|1
|
|-heal|p2a: Gothitelle|29/100 psn|[from] item: Leftovers
|-heal|p1a: Gothitelle|46/100 slp|[from] item: Leftovers
|-damage|p2a: Gothitelle|17/100 psn|[from] psn
|upkeep
|turn|35
|
|t:|1605410228
|move|p2a: Gothitelle|Shadow Ball|p1a: Gothitelle
|-supereffective|p1a: Gothitelle
|-damage|p1a: Gothitelle|0 fnt
|faint|p1a: Gothitelle
|
|-heal|p2a: Gothitelle|23/100 psn|[from] item: Leftovers
|-damage|p2a: Gothitelle|10/100 psn|[from] psn
|upkeep
|
|t:|1605410231
|switch|p1a: Qwilfish|Qwilfish, M|88/100
|-damage|p1a: Qwilfish|76/100|[from] Stealth Rock
|-damage|p1a: Qwilfish|63/100|[from] Spikes
|-ability|p1a: Qwilfish|Intimidate|boost
|-unboost|p2a: Gothitelle|atk|1
|-ability|p2a: Gothitelle|Competitive
|-boost|p2a: Gothitelle|spa|2
|turn|36
|
|t:|1605410239
|move|p1a: Qwilfish|Waterfall|p2a: Gothitelle
|-damage|p2a: Gothitelle|0 fnt
|faint|p2a: Gothitelle
|
|-heal|p1a: Qwilfish|69/100|[from] item: Black Sludge
|upkeep
|
|t:|1605410242
|switch|p2a: Throh|Throh, M|100/100
|-status|p2a: Throh|psn
|-ability|p2a: Throh|Mold Breaker
|turn|37
|
|t:|1605410245
|move|p1a: Qwilfish|Waterfall|p2a: Throh
|-damage|p2a: Throh|90/100 psn
|cant|p2a: Throh|flinch
|
|-heal|p1a: Qwilfish|75/100|[from] item: Black Sludge
|-heal|p2a: Throh|96/100 psn|[from] item: Leftovers
|-damage|p2a: Throh|84/100 psn|[from] psn
|-sideend|p2: Super Suit|Reflect
|upkeep
|turn|38
|
|t:|1605410249
|move|p1a: Qwilfish|Waterfall|p2a: Throh
|-damage|p2a: Throh|62/100 psn
|move|p2a: Throh|Knock Off|p1a: Qwilfish
|-damage|p1a: Qwilfish|49/100
|-enditem|p1a: Qwilfish|Black Sludge|[from] move: Knock Off|[of] p2a: Throh
|
|-heal|p2a: Throh|69/100 psn|[from] item: Leftovers
|-damage|p2a: Throh|56/100 psn|[from] psn
|-sideend|p2: Super Suit|move: Light Screen
|upkeep
|turn|39
|
|t:|1605410257
|move|p1a: Qwilfish|Waterfall|p2a: Throh
|-damage|p2a: Throh|36/100 psn
|cant|p2a: Throh|flinch
|
|-heal|p2a: Throh|42/100 psn|[from] item: Leftovers
|-damage|p2a: Throh|30/100 psn|[from] psn
|upkeep
|turn|40
|
|t:|1605410259
|move|p1a: Qwilfish|Waterfall|p2a: Throh
|-damage|p2a: Throh|10/100 psn
|move|p2a: Throh|Storm Throw|p1a: Qwilfish
|-resisted|p1a: Qwilfish
|-crit|p1a: Qwilfish
|-damage|p1a: Qwilfish|30/100
|
|-heal|p2a: Throh|17/100 psn|[from] item: Leftovers
|-damage|p2a: Throh|4/100 psn|[from] psn
|upkeep
|turn|41
|
|t:|1605410262
|move|p1a: Qwilfish|Waterfall|p2a: Throh
|-damage|p2a: Throh|0 fnt
|faint|p2a: Throh
|
|upkeep
|
|t:|1605410264
|switch|p2a: Meowstic|Meowstic, M|7/100 tox
|turn|42
|
|t:|1605410265
|move|p2a: Meowstic|Psychic|p1a: Qwilfish
|-supereffective|p1a: Qwilfish
|-damage|p1a: Qwilfish|0 fnt
|faint|p1a: Qwilfish
|
|win|Super Suit
|c|☆Super Suit|gg
|c|☆cafay sen sukr|fuck lol
|c|☆cafay sen sukr|gg
|l|☆cafay sen sukr
|raw|cafay sen sukr's rating: 1549 &rarr; <strong>1520</strong><br />(-29 for losing)
|raw|Super Suit's rating: 1378 &rarr; <strong>1407</strong><br />(+29 for winning)
|j| mushamu
|l| mushamu
|l|☆Super Suit
|j|☆Super Suit
|player|p2|Super Suit|yellow
