|j|☆Uberfiend
|j|☆kingqueso141
|t:|1612475159
|player|p1|Uberfiend|youngcouple-gen4dp|1405
|player|p2|kingqueso141|170|1176
|teamsize|p1|6
|teamsize|p2|6
|gametype|singles
|gen|8
|tier|[Gen 8] PU
|rated|
|clearpoke
|poke|p1|Whimsicott, F|
|poke|p1|Archeops, F|
|poke|p1|Hitmontop, M|
|poke|p1|Braviary, M|
|poke|p1|Druddigon, M|
|poke|p1|Accelgor, M|
|poke|p2|Vaporeon, M|
|poke|p2|Sandaconda, M|
|poke|p2|Tsareena, F|
|poke|p2|Sandslash-Alola, F|
|poke|p2|Ribombee, M|
|poke|p2|Corsola-Galar, F|
|rule|Sleep Clause Mod: Limit one foe put to sleep
|rule|Species Clause: Limit one of each Pokémon
|rule|OHKO Clause: OHKO moves are banned
|rule|Evasion Moves Clause: Evasion moves are banned
|rule|Endless Battle Clause: Forcing endless battles is banned
|rule|HP Percentage Mod: HP is shown in percentages
|rule|Dynamax Clause: You cannot dynamax
|teampreview
|inactive|Battle timer is ON: inactive players will automatically lose when time's up. (requested by kingqueso141)
|
|t:|1612475205
|start
|switch|p1a: Main character|Druddigon, M|100/100
|switch|p2a: Ribombee|Ribombee, M|100/100
|-ability|p1a: Main character|Mold Breaker
|turn|1
|
|t:|1612475214
|move|p2a: Ribombee|Sticky Web|p1a: Main character
|-sidestart|p1: Uberfiend|move: Sticky Web
|move|p1a: Main character|Glare|p2a: Ribombee
|-status|p2a: Ribombee|par
|
|upkeep
|turn|2
|
|t:|1612475223
|cant|p2a: Ribombee|par
|move|p1a: Main character|Stealth Rock|p2a: Ribombee
|-sidestart|p2: kingqueso141|move: Stealth Rock
|
|upkeep
|turn|3
|
|t:|1612475232
|switch|p1a: Birdman|Braviary, M|100/100
|move|p2a: Ribombee|Moonblast|p1a: Birdman
|-damage|p1a: Birdman|43/100
|-damage|p2a: Ribombee|91/100 par|[from] item: Life Orb
|
|upkeep
|turn|4
|
|t:|1612475242
|switch|p2a: Sandaconda|Sandaconda, M|100/100
|-damage|p2a: Sandaconda|94/100|[from] Stealth Rock
|move|p1a: Birdman|Roost|p1a: Birdman
|-heal|p1a: Birdman|93/100
|-singleturn|p1a: Birdman|move: Roost
|
|-heal|p2a: Sandaconda|100/100|[from] item: Leftovers
|upkeep
|turn|5
|
|t:|1612475255
|move|p1a: Birdman|Brave Bird|p2a: Sandaconda
|-damage|p2a: Sandaconda|31/100
|-damage|p1a: Birdman|73/100|[from] Recoil
|-damage|p1a: Birdman|63/100|[from] item: Life Orb
|move|p2a: Sandaconda|Coil|p2a: Sandaconda
|-boost|p2a: Sandaconda|atk|1
|-boost|p2a: Sandaconda|def|1
|-boost|p2a: Sandaconda|accuracy|1
|
|-heal|p2a: Sandaconda|37/100|[from] item: Leftovers
|upkeep
|turn|6
|inactive|Uberfiend has 120 seconds left.
|
|t:|1612475288
|switch|p2a: Corsola|Corsola-Galar, F|100/100
|-damage|p2a: Corsola|88/100|[from] Stealth Rock
|move|p1a: Birdman|Brave Bird|p2a: Corsola
|-damage|p2a: Corsola|28/100
|-damage|p1a: Birdman|47/100|[from] Recoil
|-damage|p1a: Birdman|37/100|[from] item: Life Orb
|
|upkeep
|turn|7
|inactive|Uberfiend has 120 seconds left.
|
|t:|1612475298
|switch|p2a: Sandslash|Sandslash-Alola, F|100/100
|-damage|p2a: Sandslash|88/100|[from] Stealth Rock
|move|p1a: Birdman|Roost|p1a: Birdman
|-heal|p1a: Birdman|87/100
|-singleturn|p1a: Birdman|move: Roost
|
|upkeep
|turn|8
|inactive|kingqueso141 has 120 seconds left.
|
|t:|1612475321
|move|p2a: Sandslash|Ice Shard|p1a: Birdman
|-supereffective|p1a: Birdman
|-damage|p1a: Birdman|26/100
|move|p1a: Birdman|Close Combat|p2a: Sandslash
|-supereffective|p2a: Sandslash
|-damage|p2a: Sandslash|0 fnt
|-unboost|p1a: Birdman|def|1
|-unboost|p1a: Birdman|spd|1
|-damage|p1a: Birdman|16/100|[from] item: Life Orb
|faint|p2a: Sandslash
|
|upkeep
|inactive|kingqueso141 has 120 seconds left.
|
|t:|1612475329
|switch|p2a: Ribombee|Ribombee, M|91/100 par
|-damage|p2a: Ribombee|66/100 par|[from] Stealth Rock
|turn|9
|
|t:|1612475334
|move|p1a: Birdman|Roost|p1a: Birdman
|-heal|p1a: Birdman|66/100
|-singleturn|p1a: Birdman|move: Roost
|move|p2a: Ribombee|Moonblast|p1a: Birdman
|-damage|p1a: Birdman|0 fnt
|-damage|p2a: Ribombee|56/100 par|[from] item: Life Orb
|faint|p1a: Birdman
|
|upkeep
|
|t:|1612475340
|switch|p1a: Kawwl|Archeops, F|100/100
|turn|10
|
|t:|1612475350
|switch|p2a: Corsola|Corsola-Galar, F|28/100
|-damage|p2a: Corsola|16/100|[from] Stealth Rock
|move|p1a: Kawwl|Meteor Beam||[still]
|-prepare|p1a: Kawwl|Meteor Beam
|-boost|p1a: Kawwl|spa|1
|-enditem|p1a: Kawwl|Power Herb
|-anim|p1a: Kawwl|Meteor Beam|p2a: Corsola
|-damage|p2a: Corsola|0 fnt
|faint|p2a: Corsola
|
|upkeep
|
|t:|1612475353
|switch|p2a: Vaporeon|Vaporeon, M|100/100
|-damage|p2a: Vaporeon|88/100|[from] Stealth Rock
|turn|11
|
|t:|1612475366
|move|p1a: Kawwl|Air Slash|p2a: Vaporeon
|-damage|p2a: Vaporeon|60/100
|move|p2a: Vaporeon|Scald|p1a: Kawwl
|-supereffective|p1a: Kawwl
|-damage|p1a: Kawwl|3/100
|
|-heal|p2a: Vaporeon|66/100|[from] item: Leftovers
|upkeep
|turn|12
|
|t:|1612475376
|move|p1a: Kawwl|Air Slash|p2a: Vaporeon
|-damage|p2a: Vaporeon|51/100
|cant|p2a: Vaporeon|flinch
|
|-heal|p2a: Vaporeon|57/100|[from] item: Leftovers
|upkeep
|turn|13
|
|t:|1612475383
|move|p1a: Kawwl|Air Slash|p2a: Vaporeon
|-damage|p2a: Vaporeon|43/100
|cant|p2a: Vaporeon|flinch
|
|-heal|p2a: Vaporeon|49/100|[from] item: Leftovers
|upkeep
|turn|14
|
|t:|1612475393
|move|p1a: Kawwl|Air Slash|p2a: Vaporeon
|-damage|p2a: Vaporeon|34/100
|move|p2a: Vaporeon|Heal Bell|p2a: Vaporeon
|-activate|p2a: Vaporeon|move: Heal Bell
|-curestatus|p2: Ribombee|par|[msg]
|
|-heal|p2a: Vaporeon|40/100|[from] item: Leftovers
|upkeep
|turn|15
|
|t:|1612475398
|move|p2a: Vaporeon|Protect|p2a: Vaporeon
|-singleturn|p2a: Vaporeon|Protect
|move|p1a: Kawwl|Air Slash|p2a: Vaporeon
|-activate|p2a: Vaporeon|move: Protect
|
|-heal|p2a: Vaporeon|46/100|[from] item: Leftovers
|upkeep
|turn|16
|
|t:|1612475410
|move|p1a: Kawwl|Air Slash|p2a: Vaporeon
|-damage|p2a: Vaporeon|31/100
|cant|p2a: Vaporeon|flinch
|
|-heal|p2a: Vaporeon|38/100|[from] item: Leftovers
|upkeep
|turn|17
|
|t:|1612475422
|move|p1a: Kawwl|Meteor Beam||[still]
|-prepare|p1a: Kawwl|Meteor Beam
|-boost|p1a: Kawwl|spa|1
|move|p2a: Vaporeon|Scald|p1a: Kawwl
|-supereffective|p1a: Kawwl
|-damage|p1a: Kawwl|0 fnt
|faint|p1a: Kawwl
|
|-heal|p2a: Vaporeon|44/100|[from] item: Leftovers
|upkeep
|
|t:|1612475438
|switch|p1a: Eddy|Hitmontop, M|100/100
|-activate|p1a: Eddy|move: Sticky Web
|-unboost|p1a: Eddy|spe|1
|turn|18
|
|t:|1612475448
|move|p2a: Vaporeon|Toxic|p1a: Eddy
|-status|p1a: Eddy|tox
|move|p1a: Eddy|Rapid Spin|p2a: Vaporeon
|-damage|p2a: Vaporeon|20/100
|-boost|p1a: Eddy|spe|1
|-sideend|p1: Uberfiend|Sticky Web|[from] move: Rapid Spin|[of] p1a: Eddy
|
|-heal|p2a: Vaporeon|26/100|[from] item: Leftovers
|-damage|p1a: Eddy|95/100 tox|[from] psn
|upkeep
|turn|19
|
|t:|1612475462
|switch|p1a: Main character|Druddigon, M|100/100
|-ability|p1a: Main character|Mold Breaker
|switch|p2a: Tsareena|Tsareena, F|100/100
|
|upkeep
|turn|20
|
|t:|1612475468
|move|p2a: Tsareena|Rapid Spin|p1a: Main character
|-damage|p1a: Main character|83/100
|-boost|p2a: Tsareena|spe|1
|-sideend|p2: kingqueso141|Stealth Rock|[from] move: Rapid Spin|[of] p2a: Tsareena
|move|p1a: Main character|Glare|p2a: Tsareena
|-status|p2a: Tsareena|par
|
|upkeep
|turn|21
|
|t:|1612475474
|move|p2a: Tsareena|Knock Off|p1a: Main character
|-damage|p1a: Main character|49/100
|-enditem|p1a: Main character|Mental Herb|[from] move: Knock Off|[of] p2a: Tsareena
|move|p1a: Main character|Dragon Tail|p2a: Tsareena
|-damage|p2a: Tsareena|64/100 par
|drag|p2a: Vaporeon|Vaporeon, M|26/100
|
|-heal|p2a: Vaporeon|32/100|[from] item: Leftovers
|upkeep
|turn|22
|
|t:|1612475483
|move|p2a: Vaporeon|Scald|p1a: Main character
|-resisted|p1a: Main character
|-damage|p1a: Main character|32/100
|move|p1a: Main character|Glare|p2a: Vaporeon
|-status|p2a: Vaporeon|par
|
|-heal|p2a: Vaporeon|39/100 par|[from] item: Leftovers
|upkeep
|turn|23
|
|t:|1612475488
|move|p1a: Main character|Stealth Rock|p2a: Vaporeon
|-sidestart|p2: kingqueso141|move: Stealth Rock
|move|p2a: Vaporeon|Heal Bell|p2a: Vaporeon
|-activate|p2a: Vaporeon|move: Heal Bell
|-curestatus|p2a: Vaporeon|par|[msg]
|-curestatus|p2: Tsareena|par|[msg]
|
|-heal|p2a: Vaporeon|45/100|[from] item: Leftovers
|upkeep
|turn|24
|
|t:|1612475497
|move|p2a: Vaporeon|Toxic|p1a: Main character
|-status|p1a: Main character|tox
|move|p1a: Main character|Dragon Tail|p2a: Vaporeon
|-damage|p2a: Vaporeon|8/100
|drag|p2a: Sandaconda|Sandaconda, M|37/100
|-damage|p2a: Sandaconda|31/100|[from] Stealth Rock
|
|-heal|p2a: Sandaconda|37/100|[from] item: Leftovers
|-damage|p1a: Main character|26/100 tox|[from] psn
|upkeep
|turn|25
|
|t:|1612475509
|move|p2a: Sandaconda|Rest|p2a: Sandaconda
|-status|p2a: Sandaconda|slp|[from] move: Rest
|-heal|p2a: Sandaconda|100/100 slp|[silent]
|move|p1a: Main character|Dragon Tail|p2a: Sandaconda
|-damage|p2a: Sandaconda|75/100 slp
|drag|p2a: Tsareena|Tsareena, F|64/100
|
|-damage|p1a: Main character|14/100 tox|[from] psn
|upkeep
|turn|26
|
|t:|1612475520
|move|p2a: Tsareena|Rapid Spin|p1a: Main character
|-damage|p1a: Main character|0 fnt
|-boost|p2a: Tsareena|spe|1
|-sideend|p2: kingqueso141|Stealth Rock|[from] move: Rapid Spin|[of] p2a: Tsareena
|faint|p1a: Main character
|
|upkeep
|
|t:|1612475531
|switch|p1a: Eddy|Hitmontop, M|95/100 tox
|turn|27
|
|t:|1612475541
|move|p2a: Tsareena|Power Whip|p1a: Eddy
|-damage|p1a: Eddy|25/100 tox
|move|p1a: Eddy|Triple Axel|p2a: Tsareena
|-supereffective|p2a: Tsareena
|-damage|p2a: Tsareena|41/100
|-supereffective|p2a: Tsareena
|-damage|p2a: Tsareena|0 fnt
|-hitcount|p2a: Tsareena|2
|faint|p2a: Tsareena
|
|-damage|p1a: Eddy|19/100 tox|[from] psn
|upkeep
|
|t:|1612475549
|switch|p2a: Ribombee|Ribombee, M|56/100
|turn|28
|
|t:|1612475568
|move|p2a: Ribombee|Bug Buzz|p1a: Eddy
|-resisted|p1a: Eddy
|-damage|p1a: Eddy|0 fnt
|-damage|p2a: Ribombee|46/100|[from] item: Life Orb
|faint|p1a: Eddy
|
|upkeep
|
|t:|1612475577
|switch|p1a: Surprise attack|Whimsicott, F|100/100
|turn|29
|
|t:|1612475580
|move|p2a: Ribombee|Bug Buzz|p1a: Surprise attack
|-damage|p1a: Surprise attack|14/100
|-damage|p2a: Ribombee|36/100|[from] item: Life Orb
|move|p1a: Surprise attack|Moonblast|p2a: Ribombee
|-damage|p2a: Ribombee|0 fnt
|faint|p2a: Ribombee
|
|upkeep
|
|t:|1612475584
|switch|p2a: Sandaconda|Sandaconda, M|75/100 slp
|turn|30
|
|t:|1612475595
|move|p1a: Surprise attack|Energy Ball|p2a: Sandaconda
|-supereffective|p2a: Sandaconda
|-damage|p2a: Sandaconda|8/100 slp
|-unboost|p2a: Sandaconda|spd|1
|cant|p2a: Sandaconda|slp
|
|-heal|p2a: Sandaconda|14/100 slp|[from] item: Leftovers
|upkeep
|turn|31
|c|☆kingqueso141|gg
|
|t:|1612475604
|move|p1a: Surprise attack|Moonblast|p2a: Sandaconda
|-damage|p2a: Sandaconda|0 fnt
|faint|p2a: Sandaconda
|
|upkeep
|
|t:|1612475607
|switch|p2a: Vaporeon|Vaporeon, M|8/100
|turn|32
|c|☆Uberfiend|Gg
|
|t:|1612475617
|move|p1a: Surprise attack|Energy Ball|p2a: Vaporeon
|-supereffective|p2a: Vaporeon
|-damage|p2a: Vaporeon|0 fnt
|faint|p2a: Vaporeon
|
|win|Uberfiend
|l|☆kingqueso141
||Ladder (probably) updated, but score could not be retrieved (Request timeout).
