|j|☆visuals boss
|j|☆cafay sen sukr
|t:|1665916354
|gametype|singles
|player|p1|visuals boss|swimmer-gen4|1380
|player|p2|cafay sen sukr|swimmer-gen4dp|1383
|teamsize|p1|6
|teamsize|p2|6
|gen|8
|tier|[Gen 8] PU
|rated|
|rule|Sleep Clause Mod: Limit one foe put to sleep
|rule|Species Clause: Limit one of each Pokémon
|rule|OHKO Clause: OHKO moves are banned
|rule|Evasion Items Clause: Evasion items are banned
|rule|Evasion Moves Clause: Evasion moves are banned
|rule|Endless Battle Clause: Forcing endless battles is banned
|rule|HP Percentage Mod: HP is shown in percentages
|rule|Dynamax Clause: You cannot dynamax
|clearpoke
|poke|p1|Altaria, F|
|poke|p1|Eldegoss, M|
|poke|p1|Coalossal, M|
|poke|p1|Audino, M|
|poke|p1|Quagsire, F|
|poke|p1|Corsola-Galar, F|
|poke|p2|Sandaconda, M|
|poke|p2|Uxie|
|poke|p2|Articuno-Galar|
|poke|p2|Glastrier|
|poke|p2|Regigigas|
|poke|p2|Regirock|
|teampreview
|inactive|Battle timer is ON: inactive players will automatically lose when time's up. (requested by visuals boss)
|c|☆visuals boss|Gl hf
|
|t:|1665916372
|start
|switch|p1a: Coalossal|Coalossal, M|100/100
|switch|p2a: Sandaconda|Sandaconda, M|100/100
|turn|1
|
|t:|1665916388
|switch|p1a: Eldegoss|Eldegoss, M|100/100
|move|p2a: Sandaconda|Glare|p1a: Eldegoss
|-status|p1a: Eldegoss|par
|
|upkeep
|turn|2
|c|☆cafay sen sukr|Glhf lol
|
|t:|1665916396
|move|p2a: Sandaconda|Stealth Rock|p1a: Eldegoss
|-sidestart|p1: visuals boss|move: Stealth Rock
|move|p1a: Eldegoss|Leech Seed|p2a: Sandaconda
|-start|p2a: Sandaconda|move: Leech Seed
|
|-damage|p2a: Sandaconda|88/100|[from] Leech Seed|[of] p1a: Eldegoss
|upkeep
|turn|3
|
|t:|1665916404
|switch|p2a: Uxie|Uxie|100/100
|move|p1a: Eldegoss|Rapid Spin|p2a: Uxie
|-damage|p2a: Uxie|97/100
|-boost|p1a: Eldegoss|spe|1
|-sideend|p1: visuals boss|Stealth Rock|[from] move: Rapid Spin|[of] p1a: Eldegoss
|-enditem|p2a: Uxie|Kee Berry|[eat]
|-boost|p2a: Uxie|def|1|[from] item: Kee Berry
|
|upkeep
|turn|4
|
|t:|1665916422
|switch|p1a: Altaria|Altaria, F|100/100
|move|p2a: Uxie|Calm Mind|p2a: Uxie
|-boost|p2a: Uxie|spa|1
|-boost|p2a: Uxie|spd|1
|
|upkeep
|turn|5
|
|t:|1665916431
|move|p2a: Uxie|Stored Power|p1a: Altaria
|-damage|p1a: Altaria|78/100
|move|p1a: Altaria|Fire Spin|p2a: Uxie
|-damage|p2a: Uxie|94/100
|-activate|p2a: Uxie|move: Fire Spin|[of] p1a: Altaria
|
|-damage|p2a: Uxie|81/100|[from] move: Fire Spin|[partiallytrapped]
|upkeep
|turn|6
|
|t:|1665916437
|move|p2a: Uxie|Calm Mind|p2a: Uxie
|-boost|p2a: Uxie|spa|1
|-boost|p2a: Uxie|spd|1
|move|p1a: Altaria|Perish Song|p1a: Altaria
|-start|p1a: Altaria|perish3|[silent]
|-start|p2a: Uxie|perish3|[silent]
|-fieldactivate|move: Perish Song
|
|-damage|p2a: Uxie|69/100|[from] move: Fire Spin|[partiallytrapped]
|-start|p2a: Uxie|perish3
|-start|p1a: Altaria|perish3
|upkeep
|turn|7
|
|t:|1665916449
|move|p2a: Uxie|Calm Mind|p2a: Uxie
|-boost|p2a: Uxie|spa|1
|-boost|p2a: Uxie|spd|1
|move|p1a: Altaria|Roost|p1a: Altaria
|-heal|p1a: Altaria|100/100
|-singleturn|p1a: Altaria|move: Roost
|
|-damage|p2a: Uxie|56/100|[from] move: Fire Spin|[partiallytrapped]
|-start|p2a: Uxie|perish2
|-start|p1a: Altaria|perish2
|upkeep
|turn|8
|
|t:|1665916464
|move|p2a: Uxie|Calm Mind|p2a: Uxie
|-boost|p2a: Uxie|spa|1
|-boost|p2a: Uxie|spd|1
|move|p1a: Altaria|Hurricane|p2a: Uxie
|-damage|p2a: Uxie|49/100
|
|-damage|p2a: Uxie|37/100|[from] move: Fire Spin|[partiallytrapped]
|-start|p2a: Uxie|perish1
|-start|p1a: Altaria|perish1
|upkeep
|turn|9
|inactive|visuals boss has 120 seconds left.
|
|t:|1665916499
|switch|p1a: Corsola|Corsola-Galar, F|100/100
|move|p2a: Uxie|Stored Power|p1a: Corsola
|-damage|p1a: Corsola|13/100
|-start|p2a: Uxie|Disable|Stored Power|[from] ability: Cursed Body|[of] p1a: Corsola
|
|-end|p2a: Uxie|Fire Spin|[partiallytrapped]|[silent]
|-start|p2a: Uxie|perish0
|upkeep
|faint|p2a: Uxie
|
|t:|1665916502
|switch|p2a: Articuno|Articuno-Galar|100/100
|turn|10
|inactive|visuals boss has 120 seconds left.
|
|t:|1665916513
|switch|p1a: Audino|Audino, M|100/100
|move|p2a: Articuno|Psyshock|p1a: Audino
|-damage|p1a: Audino|36/100
|
|upkeep
|turn|11
|inactive|visuals boss has 120 seconds left.
|
|t:|1665916525
|switch|p1a: Eldegoss|Eldegoss, M|100/100 par
|move|p2a: Articuno|Psyshock|p1a: Eldegoss
|-damage|p1a: Eldegoss|46/100 par
|
|upkeep
|turn|12
|inactive|visuals boss has 120 seconds left.
|
|t:|1665916535
|switch|p1a: Altaria|Altaria, F|100/100
|move|p2a: Articuno|Psyshock|p1a: Altaria
|-damage|p1a: Altaria|26/100
|
|upkeep
|turn|13
|
|t:|1665916542
|switch|p1a: Quagsire|Quagsire, F|100/100
|move|p2a: Articuno|Psyshock|p1a: Quagsire
|-damage|p1a: Quagsire|51/100
|
|-heal|p1a: Quagsire|57/100|[from] item: Leftovers
|upkeep
|turn|14
|
|t:|1665916550
|move|p1a: Quagsire|Protect|p1a: Quagsire
|-singleturn|p1a: Quagsire|Protect
|move|p2a: Articuno|Psyshock|p1a: Quagsire
|-activate|p1a: Quagsire|move: Protect
|
|-heal|p1a: Quagsire|63/100|[from] item: Leftovers
|upkeep
|turn|15
|
|t:|1665916568
|switch|p2a: Sandaconda|Sandaconda, M|88/100
|move|p1a: Quagsire|Recover|p1a: Quagsire
|-heal|p1a: Quagsire|100/100
|
|upkeep
|turn|16
|
|t:|1665916572
|move|p2a: Sandaconda|Stealth Rock|p1a: Quagsire
|-sidestart|p1: visuals boss|move: Stealth Rock
|move|p1a: Quagsire|Toxic|p2a: Sandaconda
|-status|p2a: Sandaconda|tox
|
|-activate|p2a: Sandaconda|ability: Shed Skin
|-curestatus|p2a: Sandaconda|tox|[msg]
|upkeep
|turn|17
|
|t:|1665916581
|move|p2a: Sandaconda|Glare|p1a: Quagsire
|-status|p1a: Quagsire|par
|move|p1a: Quagsire|Scald|p2a: Sandaconda
|-supereffective|p2a: Sandaconda
|-damage|p2a: Sandaconda|38/100
|-status|p2a: Sandaconda|brn
|
|-activate|p2a: Sandaconda|ability: Shed Skin
|-curestatus|p2a: Sandaconda|brn|[msg]
|upkeep
|turn|18
|
|t:|1665916588
|switch|p2a: Glastrier|Glastrier|100/100
|move|p1a: Quagsire|Scald|p2a: Glastrier
|-damage|p2a: Glastrier|84/100
|-status|p2a: Glastrier|brn
|
|-damage|p2a: Glastrier|78/100 brn|[from] brn
|upkeep
|turn|19
|
|t:|1665916608
|switch|p1a: Coalossal|Coalossal, M|100/100
|move|p2a: Glastrier|Rest|p2a: Glastrier
|-status|p2a: Glastrier|slp|[from] move: Rest
|-heal|p2a: Glastrier|100/100 slp|[silent]
|
|upkeep
|turn|20
|
|t:|1665916621
|cant|p2a: Glastrier|slp
|move|p2a: Glastrier|Sleep Talk|p2a: Glastrier
|move|p2a: Glastrier|Icicle Crash|p1a: Coalossal|[from]move: Sleep Talk
|-resisted|p1a: Coalossal
|-damage|p1a: Coalossal|88/100
|cant|p1a: Coalossal|flinch
|
|upkeep
|turn|21
|
|t:|1665916633
|cant|p2a: Glastrier|slp
|move|p2a: Glastrier|Sleep Talk|p2a: Glastrier
|move|p2a: Glastrier|Rest||[from]move: Sleep Talk|[still]
|-fail|p2a: Glastrier
|move|p1a: Coalossal|Spikes|p2a: Glastrier
|-sidestart|p2: cafay sen sukr|Spikes
|
|upkeep
|turn|22
|
|t:|1665916652
|-curestatus|p2a: Glastrier|slp|[msg]
|move|p2a: Glastrier|High Horsepower|p1a: Coalossal
|-supereffective|p1a: Coalossal
|-damage|p1a: Coalossal|17/100
|move|p1a: Coalossal|Stealth Rock|p2a: Glastrier
|-sidestart|p2: cafay sen sukr|move: Stealth Rock
|
|upkeep
|turn|23
|
|t:|1665916664
|switch|p1a: Quagsire|Quagsire, F|100/100 par
|-damage|p1a: Quagsire|94/100 par|[from] Stealth Rock
|move|p2a: Glastrier|High Horsepower|p1a: Quagsire
|-damage|p1a: Quagsire|68/100 par
|
|-heal|p1a: Quagsire|74/100 par|[from] item: Leftovers
|upkeep
|turn|24
|
|t:|1665916675
|move|p2a: Glastrier|Icicle Crash|p1a: Quagsire
|-damage|p1a: Quagsire|36/100 par
|move|p1a: Quagsire|Toxic|p2a: Glastrier
|-status|p2a: Glastrier|tox
|
|-heal|p1a: Quagsire|42/100 par|[from] item: Leftovers
|-damage|p2a: Glastrier|94/100 tox|[from] psn
|upkeep
|turn|25
|
|t:|1665916682
|cant|p1a: Quagsire|par
|move|p2a: Glastrier|Icicle Crash|p1a: Quagsire|[miss]
|-miss|p2a: Glastrier|p1a: Quagsire
|
|-heal|p1a: Quagsire|48/100 par|[from] item: Leftovers
|-damage|p2a: Glastrier|82/100 tox|[from] psn
|upkeep
|turn|26
|
|t:|1665916689
|move|p2a: Glastrier|Rest|p2a: Glastrier
|-status|p2a: Glastrier|slp|[from] move: Rest
|-heal|p2a: Glastrier|100/100 slp|[silent]
|move|p1a: Quagsire|Recover|p1a: Quagsire
|-heal|p1a: Quagsire|98/100 par
|
|-heal|p1a: Quagsire|100/100 par|[from] item: Leftovers
|upkeep
|turn|27
|
|t:|1665916705
|switch|p1a: Audino|Audino, M|69/100
|cant|p2a: Glastrier|slp
|move|p2a: Glastrier|Sleep Talk|p2a: Glastrier
|move|p2a: Glastrier|Rest||[from]move: Sleep Talk|[still]
|-fail|p2a: Glastrier
|
|upkeep
|turn|28
|
|t:|1665916714
|move|p1a: Audino|Heal Bell|p1a: Audino
|-activate|p1a: Audino|move: Heal Bell
|-curestatus|p1: Quagsire|par|[msg]
|-curestatus|p1: Eldegoss|par|[msg]
|cant|p2a: Glastrier|slp
|move|p2a: Glastrier|Sleep Talk|p2a: Glastrier
|move|p2a: Glastrier|High Horsepower|p1a: Audino|[from]move: Sleep Talk
|-damage|p1a: Audino|35/100
|
|upkeep
|turn|29
|
|t:|1665916731
|switch|p1a: Quagsire|Quagsire, F|100/100
|-damage|p1a: Quagsire|94/100|[from] Stealth Rock
|-curestatus|p2a: Glastrier|slp|[msg]
|move|p2a: Glastrier|Icicle Crash|p1a: Quagsire
|-damage|p1a: Quagsire|62/100
|
|-heal|p1a: Quagsire|68/100|[from] item: Leftovers
|upkeep
|turn|30
|
|t:|1665916740
|move|p2a: Glastrier|Icicle Crash|p1a: Quagsire
|-damage|p1a: Quagsire|32/100
|move|p1a: Quagsire|Scald|p2a: Glastrier
|-damage|p2a: Glastrier|85/100
|
|-heal|p1a: Quagsire|38/100|[from] item: Leftovers
|upkeep
|turn|31
|
|t:|1665916750
|move|p1a: Quagsire|Protect|p1a: Quagsire
|-singleturn|p1a: Quagsire|Protect
|move|p2a: Glastrier|Icicle Crash|p1a: Quagsire
|-activate|p1a: Quagsire|move: Protect
|
|-heal|p1a: Quagsire|44/100|[from] item: Leftovers
|upkeep
|turn|32
|
|t:|1665916758
|move|p2a: Glastrier|Icicle Crash|p1a: Quagsire|[miss]
|-miss|p2a: Glastrier|p1a: Quagsire
|move|p1a: Quagsire|Recover|p1a: Quagsire
|-heal|p1a: Quagsire|94/100
|
|-heal|p1a: Quagsire|99/100|[from] item: Leftovers
|upkeep
|turn|33
|
|t:|1665916780
|move|p2a: Glastrier|Icicle Crash|p1a: Quagsire|[miss]
|-miss|p2a: Glastrier|p1a: Quagsire
|move|p1a: Quagsire|Toxic|p2a: Glastrier|[miss]
|-miss|p1a: Quagsire|p2a: Glastrier
|
|-heal|p1a: Quagsire|100/100|[from] item: Leftovers
|upkeep
|turn|34
|
|t:|1665916793
|switch|p2a: Regirock|Regirock|100/100
|-damage|p2a: Regirock|88/100|[from] Spikes
|-damage|p2a: Regirock|76/100|[from] Stealth Rock
|move|p1a: Quagsire|Toxic|p2a: Regirock
|-status|p2a: Regirock|tox
|
|-heal|p2a: Regirock|82/100 tox|[from] item: Leftovers
|-damage|p2a: Regirock|76/100 tox|[from] psn
|upkeep
|turn|35
|
|t:|1665916805
|move|p2a: Regirock|Toxic|p1a: Quagsire
|-status|p1a: Quagsire|tox
|move|p1a: Quagsire|Scald|p2a: Regirock
|-supereffective|p2a: Regirock
|-damage|p2a: Regirock|51/100 tox
|
|-heal|p2a: Regirock|57/100 tox|[from] item: Leftovers
|-damage|p2a: Regirock|45/100 tox|[from] psn
|-damage|p1a: Quagsire|94/100 tox|[from] psn
|upkeep
|turn|36
|
|t:|1665916818
|switch|p2a: Articuno|Articuno-Galar|100/100
|-damage|p2a: Articuno|76/100|[from] Stealth Rock
|move|p1a: Quagsire|Scald|p2a: Articuno
|-damage|p2a: Articuno|57/100
|
|-heal|p1a: Quagsire|100/100 tox|[from] item: Leftovers
|-damage|p1a: Quagsire|88/100 tox|[from] psn
|upkeep
|turn|37
|
|t:|1665916834
|switch|p1a: Coalossal|Coalossal, M|17/100
|move|p2a: Articuno|Psyshock|p1a: Coalossal
|-damage|p1a: Coalossal|0 fnt
|faint|p1a: Coalossal
|
|upkeep
|
|t:|1665916842
|switch|p1a: Audino|Audino, M|68/100
|turn|38
|
|t:|1665916846
|move|p2a: Articuno|Psyshock|p1a: Audino
|-damage|p1a: Audino|7/100
|move|p1a: Audino|Heal Bell|p1a: Audino
|-activate|p1a: Audino|move: Heal Bell
|-curestatus|p1: Quagsire|tox|[msg]
|
|upkeep
|turn|39
|
|t:|1665916852
|switch|p1a: Quagsire|Quagsire, F|88/100
|-damage|p1a: Quagsire|82/100|[from] Stealth Rock
|move|p2a: Articuno|Psyshock|p1a: Quagsire
|-damage|p1a: Quagsire|39/100
|
|-heal|p1a: Quagsire|45/100|[from] item: Leftovers
|upkeep
|turn|40
|
|t:|1665916866
|switch|p2a: Sandaconda|Sandaconda, M|38/100
|-damage|p2a: Sandaconda|25/100|[from] Spikes
|-damage|p2a: Sandaconda|19/100|[from] Stealth Rock
|move|p1a: Quagsire|Protect||[still]
|-fail|p1a: Quagsire
|
|-heal|p1a: Quagsire|52/100|[from] item: Leftovers
|upkeep
|turn|41
|
|t:|1665916875
|move|p1a: Quagsire|Protect|p1a: Quagsire
|-singleturn|p1a: Quagsire|Protect
|move|p2a: Sandaconda|Rest|p2a: Sandaconda
|-status|p2a: Sandaconda|slp|[from] move: Rest
|-heal|p2a: Sandaconda|100/100 slp|[silent]
|
|-heal|p1a: Quagsire|58/100|[from] item: Leftovers
|upkeep
|turn|42
|
|t:|1665916884
|switch|p2a: Articuno|Articuno-Galar|57/100
|-damage|p2a: Articuno|32/100|[from] Stealth Rock
|move|p1a: Quagsire|Scald|p2a: Articuno
|-damage|p2a: Articuno|15/100
|-status|p2a: Articuno|brn
|
|-heal|p1a: Quagsire|64/100|[from] item: Leftovers
|-damage|p2a: Articuno|9/100 brn|[from] brn
|upkeep
|turn|43
|
|t:|1665916895
|move|p2a: Articuno|Recover|p2a: Articuno
|-heal|p2a: Articuno|59/100 brn
|move|p1a: Quagsire|Scald|p2a: Articuno
|-damage|p2a: Articuno|39/100 brn
|
|-heal|p1a: Quagsire|70/100|[from] item: Leftovers
|-damage|p2a: Articuno|33/100 brn|[from] brn
|upkeep
|turn|44
|
|t:|1665916909
|move|p2a: Articuno|Recover|p2a: Articuno
|-heal|p2a: Articuno|83/100 brn
|move|p1a: Quagsire|Recover|p1a: Quagsire
|-heal|p1a: Quagsire|100/100
|
|-damage|p2a: Articuno|77/100 brn|[from] brn
|upkeep
|turn|45
|
|t:|1665916916
|move|p2a: Articuno|Recover|p2a: Articuno
|-heal|p2a: Articuno|100/100 brn
|move|p1a: Quagsire|Scald|p2a: Articuno
|-damage|p2a: Articuno|82/100 brn
|
|-damage|p2a: Articuno|76/100 brn|[from] brn
|upkeep
|turn|46
|
|t:|1665916922
|switch|p2a: Glastrier|Glastrier|85/100
|move|p1a: Quagsire|Scald|p2a: Glastrier
|-damage|p2a: Glastrier|70/100
|-status|p2a: Glastrier|brn
|
|-damage|p2a: Glastrier|64/100 brn|[from] brn
|upkeep
|turn|47
|
|t:|1665916933
|switch|p1a: Eldegoss|Eldegoss, M|80/100
|move|p2a: Glastrier|Rest|p2a: Glastrier
|-status|p2a: Glastrier|slp|[from] move: Rest
|-heal|p2a: Glastrier|100/100 slp|[silent]
|
|upkeep
|turn|48
|
|t:|1665916944
|move|p1a: Eldegoss|Leech Seed|p2a: Glastrier
|-start|p2a: Glastrier|move: Leech Seed
|cant|p2a: Glastrier|slp
|move|p2a: Glastrier|Sleep Talk|p2a: Glastrier
|move|p2a: Glastrier|Rest||[from]move: Sleep Talk|[still]
|-fail|p2a: Glastrier
|
|-damage|p2a: Glastrier|88/100 slp|[from] Leech Seed|[of] p1a: Eldegoss
|-heal|p1a: Eldegoss|95/100|[silent]
|upkeep
|turn|49
|
|t:|1665916954
|move|p1a: Eldegoss|Rapid Spin|p2a: Glastrier
|-damage|p2a: Glastrier|84/100 slp
|-boost|p1a: Eldegoss|spe|1
|-sideend|p1: visuals boss|Stealth Rock|[from] move: Rapid Spin|[of] p1a: Eldegoss
|cant|p2a: Glastrier|slp
|move|p2a: Glastrier|Sleep Talk|p2a: Glastrier
|move|p2a: Glastrier|Rest||[from]move: Sleep Talk|[still]
|-fail|p2a: Glastrier
|
|-damage|p2a: Glastrier|72/100 slp|[from] Leech Seed|[of] p1a: Eldegoss
|-heal|p1a: Eldegoss|100/100|[silent]
|upkeep
|turn|50
|
|t:|1665916963
|switch|p1a: Quagsire|Quagsire, F|100/100
|switch|p2a: Sandaconda|Sandaconda, M|100/100 slp
|-damage|p2a: Sandaconda|88/100 slp|[from] Spikes
|-damage|p2a: Sandaconda|82/100 slp|[from] Stealth Rock
|
|upkeep
|turn|51
|
|t:|1665916971
|cant|p2a: Sandaconda|slp
|move|p1a: Quagsire|Scald|p2a: Sandaconda
|-supereffective|p2a: Sandaconda
|-damage|p2a: Sandaconda|30/100 slp
|
|upkeep
|turn|52
|
|t:|1665916979
|switch|p2a: Glastrier|Glastrier|72/100 slp
|move|p1a: Quagsire|Scald|p2a: Glastrier
|-damage|p2a: Glastrier|55/100 slp
|
|upkeep
|turn|53
|
|t:|1665916989
|switch|p1a: Audino|Audino, M|40/100
|-curestatus|p2a: Glastrier|slp|[msg]
|move|p2a: Glastrier|Rest|p2a: Glastrier
|-status|p2a: Glastrier|slp|[from] move: Rest
|-heal|p2a: Glastrier|100/100 slp|[silent]
|
|upkeep
|turn|54
|
|t:|1665917000
|move|p1a: Audino|Wish|p1a: Audino
|cant|p2a: Glastrier|slp
|move|p2a: Glastrier|Sleep Talk|p2a: Glastrier
|move|p2a: Glastrier|Icicle Crash|p1a: Audino|[from]move: Sleep Talk
|-damage|p1a: Audino|0 fnt
|faint|p1a: Audino
|-ability|p2a: Glastrier|Chilling Neigh|boost
|-boost|p2a: Glastrier|atk|1
|
|upkeep
|
|t:|1665917019
|switch|p1a: Corsola|Corsola-Galar, F|13/100
|turn|55
|
|t:|1665917030
|cant|p2a: Glastrier|slp
|move|p2a: Glastrier|Sleep Talk|p2a: Glastrier
|move|p2a: Glastrier|Icicle Crash|p1a: Corsola|[from]move: Sleep Talk
|-damage|p1a: Corsola|0 fnt
|-start|p2a: Glastrier|Disable|Sleep Talk|[from] ability: Cursed Body|[of] p1a: Corsola
|faint|p1a: Corsola
|-ability|p2a: Glastrier|Chilling Neigh|boost
|-boost|p2a: Glastrier|atk|1
|
|upkeep
|
|t:|1665917039
|switch|p1a: Altaria|Altaria, F|26/100
|turn|56
|
|t:|1665917044
|move|p1a: Altaria|Roost|p1a: Altaria
|-heal|p1a: Altaria|76/100
|-singleturn|p1a: Altaria|move: Roost
|-curestatus|p2a: Glastrier|slp|[msg]
|move|p2a: Glastrier|Icicle Crash|p1a: Altaria
|-supereffective|p1a: Altaria
|-damage|p1a: Altaria|0 fnt
|faint|p1a: Altaria
|-ability|p2a: Glastrier|Chilling Neigh|boost
|-boost|p2a: Glastrier|atk|1
|
|upkeep
|inactive|visuals boss has 120 seconds left.
|c|☆cafay sen sukr|Legendaries are so broken
|inactive|visuals boss has 90 seconds left.
|
|t:|1665917111
|switch|p1a: Quagsire|Quagsire, F|100/100
|turn|57
|
|t:|1665917118
|move|p2a: Glastrier|High Horsepower|p1a: Quagsire
|-damage|p1a: Quagsire|74/100
|move|p1a: Quagsire|Toxic|p2a: Glastrier
|-status|p2a: Glastrier|tox
|
|-heal|p1a: Quagsire|80/100|[from] item: Leftovers
|-damage|p2a: Glastrier|94/100 tox|[from] psn
|upkeep
|turn|58
|inactive|visuals boss has 90 seconds left.
|
|t:|1665917132
|move|p2a: Glastrier|Rest|p2a: Glastrier
|-status|p2a: Glastrier|slp|[from] move: Rest
|-heal|p2a: Glastrier|100/100 slp|[silent]
|move|p1a: Quagsire|Recover|p1a: Quagsire
|-heal|p1a: Quagsire|100/100
|
|-end|p2a: Glastrier|Disable
|upkeep
|turn|59
|inactive|visuals boss has 90 seconds left.
|
|t:|1665917140
|cant|p2a: Glastrier|slp
|move|p2a: Glastrier|Sleep Talk|p2a: Glastrier
|move|p2a: Glastrier|High Horsepower|p1a: Quagsire|[from]move: Sleep Talk
|-damage|p1a: Quagsire|75/100
|move|p1a: Quagsire|Scald|p2a: Glastrier
|-damage|p2a: Glastrier|84/100 slp
|
|-heal|p1a: Quagsire|81/100|[from] item: Leftovers
|upkeep
|turn|60
|inactive|visuals boss has 90 seconds left.
|
|t:|1665917153
|cant|p2a: Glastrier|slp
|move|p2a: Glastrier|Sleep Talk|p2a: Glastrier
|move|p2a: Glastrier|High Horsepower|p1a: Quagsire|[from]move: Sleep Talk|[miss]
|-miss|p2a: Glastrier|p1a: Quagsire
|move|p1a: Quagsire|Recover|p1a: Quagsire
|-heal|p1a: Quagsire|100/100
|
|upkeep
|turn|61
|
|t:|1665917164
|-curestatus|p2a: Glastrier|slp|[msg]
|move|p2a: Glastrier|High Horsepower|p1a: Quagsire
|-damage|p1a: Quagsire|73/100
|move|p1a: Quagsire|Toxic|p2a: Glastrier
|-status|p2a: Glastrier|tox
|
|-heal|p1a: Quagsire|79/100|[from] item: Leftovers
|-damage|p2a: Glastrier|78/100 tox|[from] psn
|upkeep
|turn|62
|
|t:|1665917179
|move|p2a: Glastrier|Rest|p2a: Glastrier
|-status|p2a: Glastrier|slp|[from] move: Rest
|-heal|p2a: Glastrier|100/100 slp|[silent]
|move|p1a: Quagsire|Scald|p2a: Glastrier
|-damage|p2a: Glastrier|86/100 slp
|
|-heal|p1a: Quagsire|85/100|[from] item: Leftovers
|upkeep
|turn|63
|inactive|visuals boss has 90 seconds left.
|
|t:|1665917195
|cant|p2a: Glastrier|slp
|move|p2a: Glastrier|Sleep Talk|p2a: Glastrier
|move|p2a: Glastrier|Rest||[from]move: Sleep Talk|[still]
|-fail|p2a: Glastrier
|move|p1a: Quagsire|Scald|p2a: Glastrier
|-damage|p2a: Glastrier|70/100 slp
|
|-heal|p1a: Quagsire|91/100|[from] item: Leftovers
|upkeep
|turn|64
|inactive|visuals boss has 90 seconds left.
|
|t:|1665917206
|cant|p2a: Glastrier|slp
|move|p2a: Glastrier|Sleep Talk|p2a: Glastrier
|move|p2a: Glastrier|Icicle Crash|p1a: Quagsire|[from]move: Sleep Talk
|-damage|p1a: Quagsire|59/100
|move|p1a: Quagsire|Scald|p2a: Glastrier
|-damage|p2a: Glastrier|56/100 slp
|
|-heal|p1a: Quagsire|65/100|[from] item: Leftovers
|upkeep
|turn|65
|inactive|visuals boss has 90 seconds left.
|
|t:|1665917218
|switch|p2a: Regirock|Regirock|45/100 tox
|-damage|p2a: Regirock|33/100 tox|[from] Spikes
|-damage|p2a: Regirock|20/100 tox|[from] Stealth Rock
|move|p1a: Quagsire|Toxic|p2a: Regirock
|-fail|p2a: Regirock|tox
|
|-heal|p2a: Regirock|26/100 tox|[from] item: Leftovers
|-heal|p1a: Quagsire|71/100|[from] item: Leftovers
|-damage|p2a: Regirock|20/100 tox|[from] psn
|upkeep
|turn|66
|
|t:|1665917227
|move|p2a: Regirock|Rest|p2a: Regirock
|-status|p2a: Regirock|slp|[from] move: Rest
|-heal|p2a: Regirock|100/100 slp|[silent]
|move|p1a: Quagsire|Recover|p1a: Quagsire
|-heal|p1a: Quagsire|100/100
|
|upkeep
|turn|67
|
|t:|1665917232
|switch|p1a: Eldegoss|Eldegoss, M|100/100
|cant|p2a: Regirock|slp
|
|upkeep
|turn|68
|
|t:|1665917239
|move|p1a: Eldegoss|Leech Seed|p2a: Regirock
|-start|p2a: Regirock|move: Leech Seed
|cant|p2a: Regirock|slp
|
|-damage|p2a: Regirock|88/100 slp|[from] Leech Seed|[of] p1a: Eldegoss
|upkeep
|turn|69
|
|t:|1665917249
|move|p1a: Eldegoss|Energy Ball|p2a: Regirock
|-supereffective|p2a: Regirock
|-damage|p2a: Regirock|55/100 slp
|-curestatus|p2a: Regirock|slp|[msg]
|move|p2a: Regirock|Toxic|p1a: Eldegoss
|-status|p1a: Eldegoss|tox
|
|-heal|p2a: Regirock|61/100|[from] item: Leftovers
|-damage|p2a: Regirock|49/100|[from] Leech Seed|[of] p1a: Eldegoss
|-damage|p1a: Eldegoss|94/100 tox|[from] psn
|upkeep
|turn|70
|inactive|visuals boss has 120 seconds left.
|
|t:|1665917262
|switch|p2a: Regigigas|Regigigas|100/100
|-damage|p2a: Regigigas|88/100|[from] Spikes
|-damage|p2a: Regigigas|75/100|[from] Stealth Rock
|-start|p2a: Regigigas|ability: Slow Start
|move|p1a: Eldegoss|Energy Ball|p2a: Regigigas
|-damage|p2a: Regigigas|60/100
|
|-heal|p2a: Regigigas|66/100|[from] item: Leftovers
|-damage|p1a: Eldegoss|82/100 tox|[from] psn
|upkeep
|turn|71
|
|t:|1665917274
|move|p2a: Regigigas|Protect|p2a: Regigigas
|-singleturn|p2a: Regigigas|Protect
|move|p1a: Eldegoss|Leech Seed|p2a: Regigigas
|-activate|p2a: Regigigas|move: Protect
|
|-heal|p2a: Regigigas|72/100|[from] item: Leftovers
|-damage|p1a: Eldegoss|63/100 tox|[from] psn
|upkeep
|turn|72
|
|t:|1665917282
|move|p1a: Eldegoss|Aromatherapy|p1a: Eldegoss
|-activate|p1a: Eldegoss|move: Aromatherapy
|-curestatus|p1a: Eldegoss|tox|[msg]
|move|p2a: Regigigas|Knock Off|p1a: Eldegoss
|-damage|p1a: Eldegoss|49/100
|-enditem|p1a: Eldegoss|Heavy-Duty Boots|[from] move: Knock Off|[of] p2a: Regigigas
|
|-heal|p2a: Regigigas|78/100|[from] item: Leftovers
|upkeep
|turn|73
|
|t:|1665917293
|move|p2a: Regigigas|Protect|p2a: Regigigas
|-singleturn|p2a: Regigigas|Protect
|move|p1a: Eldegoss|Leech Seed|p2a: Regigigas
|-activate|p2a: Regigigas|move: Protect
|
|-heal|p2a: Regigigas|84/100|[from] item: Leftovers
|upkeep
|turn|74
|
|t:|1665917300
|move|p1a: Eldegoss|Leech Seed|p2a: Regigigas|[miss]
|-miss|p1a: Eldegoss|p2a: Regigigas
|move|p2a: Regigigas|Body Slam|p1a: Eldegoss
|-damage|p1a: Eldegoss|31/100
|
|-heal|p2a: Regigigas|91/100|[from] item: Leftovers
|-end|p2a: Regigigas|Slow Start
|upkeep
|turn|75
|
|t:|1665917312
|switch|p1a: Quagsire|Quagsire, F|100/100
|move|p2a: Regigigas|Protect||[still]
|-fail|p2a: Regigigas
|
|-heal|p2a: Regigigas|97/100|[from] item: Leftovers
|upkeep
|turn|76
|
|t:|1665917318
|move|p2a: Regigigas|Knock Off|p1a: Quagsire
|-damage|p1a: Quagsire|78/100
|-enditem|p1a: Quagsire|Leftovers|[from] move: Knock Off|[of] p2a: Regigigas
|move|p1a: Quagsire|Toxic|p2a: Regigigas
|-status|p2a: Regigigas|tox
|
|-heal|p2a: Regigigas|100/100 tox|[from] item: Leftovers
|-damage|p2a: Regigigas|94/100 tox|[from] psn
|upkeep
|turn|77
|
|t:|1665917327
|move|p1a: Quagsire|Protect|p1a: Quagsire
|-singleturn|p1a: Quagsire|Protect
|move|p2a: Regigigas|Body Slam|p1a: Quagsire
|-activate|p1a: Quagsire|move: Protect
|
|-heal|p2a: Regigigas|100/100 tox|[from] item: Leftovers
|-damage|p2a: Regigigas|88/100 tox|[from] psn
|upkeep
|turn|78
|
|t:|1665917336
|switch|p1a: Eldegoss|Eldegoss, M|64/100
|move|p2a: Regigigas|Body Slam|p1a: Eldegoss
|-damage|p1a: Eldegoss|25/100
|
|-heal|p2a: Regigigas|94/100 tox|[from] item: Leftovers
|-damage|p2a: Regigigas|76/100 tox|[from] psn
|upkeep
|turn|79
|
|t:|1665917346
|switch|p1a: Quagsire|Quagsire, F|78/100
|move|p2a: Regigigas|Body Slam|p1a: Quagsire
|-damage|p1a: Quagsire|45/100
|
|-heal|p2a: Regigigas|82/100 tox|[from] item: Leftovers
|-damage|p2a: Regigigas|58/100 tox|[from] psn
|upkeep
|turn|80
|
|t:|1665917356
|move|p1a: Quagsire|Protect|p1a: Quagsire
|-singleturn|p1a: Quagsire|Protect
|move|p2a: Regigigas|Body Slam|p1a: Quagsire
|-activate|p1a: Quagsire|move: Protect
|
|-heal|p2a: Regigigas|64/100 tox|[from] item: Leftovers
|-damage|p2a: Regigigas|33/100 tox|[from] psn
|upkeep
|turn|81
|
|t:|1665917364
|move|p2a: Regigigas|Body Slam|p1a: Quagsire
|-damage|p1a: Quagsire|14/100
|move|p1a: Quagsire|Recover|p1a: Quagsire
|-heal|p1a: Quagsire|64/100
|
|-heal|p2a: Regigigas|39/100 tox|[from] item: Leftovers
|-damage|p2a: Regigigas|2/100 tox|[from] psn
|upkeep
|turn|82
|
|t:|1665917374
|-end|p2a: Regigigas|Slow Start|[silent]
|switch|p2a: Regirock|Regirock|49/100
|-damage|p2a: Regirock|36/100|[from] Spikes
|-damage|p2a: Regirock|24/100|[from] Stealth Rock
|move|p1a: Quagsire|Protect||[still]
|-fail|p1a: Quagsire
|
|-heal|p2a: Regirock|30/100|[from] item: Leftovers
|upkeep
|turn|83
|
|t:|1665917385
|switch|p1a: Eldegoss|Eldegoss, M|59/100
|move|p2a: Regirock|Toxic|p1a: Eldegoss
|-status|p1a: Eldegoss|tox
|
|-heal|p2a: Regirock|36/100|[from] item: Leftovers
|-damage|p1a: Eldegoss|52/100 tox|[from] psn
|upkeep
|turn|84
|
|t:|1665917404
|move|p1a: Eldegoss|Aromatherapy|p1a: Eldegoss
|-activate|p1a: Eldegoss|move: Aromatherapy
|-curestatus|p1a: Eldegoss|tox|[msg]
|move|p2a: Regirock|Rest|p2a: Regirock
|-status|p2a: Regirock|slp|[from] move: Rest
|-heal|p2a: Regirock|100/100 slp|[silent]
|
|upkeep
|turn|85
|
|t:|1665917411
|move|p1a: Eldegoss|Leech Seed|p2a: Regirock
|-start|p2a: Regirock|move: Leech Seed
|cant|p2a: Regirock|slp
|
|-damage|p2a: Regirock|88/100 slp|[from] Leech Seed|[of] p1a: Eldegoss
|-heal|p1a: Eldegoss|66/100|[silent]
|upkeep
|turn|86
|
|t:|1665917423
|switch|p2a: Glastrier|Glastrier|56/100 slp
|move|p1a: Eldegoss|Energy Ball|p2a: Glastrier
|-damage|p2a: Glastrier|35/100 slp
|
|upkeep
|turn|87
|
|t:|1665917433
|move|p1a: Eldegoss|Leech Seed|p2a: Glastrier
|-start|p2a: Glastrier|move: Leech Seed
|-curestatus|p2a: Glastrier|slp|[msg]
|move|p2a: Glastrier|Rest|p2a: Glastrier
|-status|p2a: Glastrier|slp|[from] move: Rest
|-heal|p2a: Glastrier|100/100 slp|[silent]
|
|-damage|p2a: Glastrier|88/100 slp|[from] Leech Seed|[of] p1a: Eldegoss
|-heal|p1a: Eldegoss|82/100|[silent]
|upkeep
|turn|88
|
|t:|1665917441
|switch|p2a: Regigigas|Regigigas|2/100 tox
|-damage|p2a: Regigigas|0 fnt|[from] Spikes
|faint|p2a: Regigigas
|-end|p2a: Regigigas|Slow Start|[silent]
|move|p1a: Eldegoss|Energy Ball|p2: Regigigas|[notarget]
|-fail|p1a: Eldegoss
|
|upkeep
|
|t:|1665917443
|switch|p2a: Articuno|Articuno-Galar|76/100 brn
|-damage|p2a: Articuno|51/100 brn|[from] Stealth Rock
|turn|89
|
|t:|1665917447
|move|p2a: Articuno|Hurricane|p1a: Eldegoss|[miss]
|-miss|p2a: Articuno|p1a: Eldegoss
|move|p1a: Eldegoss|Leech Seed|p2a: Articuno|[miss]
|-miss|p1a: Eldegoss|p2a: Articuno
|
|-damage|p2a: Articuno|45/100 brn|[from] brn
|upkeep
|turn|90
|
|t:|1665917454
|move|p2a: Articuno|Hurricane|p1a: Eldegoss|[miss]
|-miss|p2a: Articuno|p1a: Eldegoss
|move|p1a: Eldegoss|Leech Seed|p2a: Articuno
|-start|p2a: Articuno|move: Leech Seed
|
|-damage|p2a: Articuno|33/100 brn|[from] Leech Seed|[of] p1a: Eldegoss
|-heal|p1a: Eldegoss|95/100|[silent]
|-damage|p2a: Articuno|26/100 brn|[from] brn
|upkeep
|turn|91
|
|t:|1665917466
|switch|p2a: Sandaconda|Sandaconda, M|30/100 slp
|-damage|p2a: Sandaconda|17/100 slp|[from] Spikes
|-damage|p2a: Sandaconda|11/100 slp|[from] Stealth Rock
|move|p1a: Eldegoss|Energy Ball|p2a: Sandaconda
|-supereffective|p2a: Sandaconda
|-damage|p2a: Sandaconda|0 fnt
|faint|p2a: Sandaconda
|
|upkeep
|
|t:|1665917469
|switch|p2a: Articuno|Articuno-Galar|26/100 brn
|-damage|p2a: Articuno|2/100 brn|[from] Stealth Rock
|turn|92
|
|t:|1665917477
|move|p2a: Articuno|Recover|p2a: Articuno
|-heal|p2a: Articuno|52/100 brn
|move|p1a: Eldegoss|Leech Seed|p2a: Articuno|[miss]
|-miss|p1a: Eldegoss|p2a: Articuno
|
|-damage|p2a: Articuno|46/100 brn|[from] brn
|upkeep
|turn|93
|
|t:|1665917485
|move|p2a: Articuno|Recover|p2a: Articuno
|-heal|p2a: Articuno|96/100 brn
|move|p1a: Eldegoss|Leech Seed|p2a: Articuno
|-start|p2a: Articuno|move: Leech Seed
|
|-damage|p2a: Articuno|84/100 brn|[from] Leech Seed|[of] p1a: Eldegoss
|-heal|p1a: Eldegoss|100/100|[silent]
|-damage|p2a: Articuno|77/100 brn|[from] brn
|upkeep
|turn|94
|
|t:|1665917498
|switch|p2a: Glastrier|Glastrier|88/100 slp
|move|p1a: Eldegoss|Energy Ball|p2a: Glastrier
|-damage|p2a: Glastrier|67/100 slp
|
|upkeep
|turn|95
|
|t:|1665917512
|move|p1a: Eldegoss|Energy Ball|p2a: Glastrier
|-damage|p2a: Glastrier|46/100 slp
|cant|p2a: Glastrier|slp
|move|p2a: Glastrier|Sleep Talk|p2a: Glastrier
|move|p2a: Glastrier|Icicle Crash|p1a: Eldegoss|[from]move: Sleep Talk
|-supereffective|p1a: Eldegoss
|-damage|p1a: Eldegoss|23/100
|
|upkeep
|turn|96
|
|t:|1665917523
|move|p1a: Eldegoss|Leech Seed|p2a: Glastrier
|-start|p2a: Glastrier|move: Leech Seed
|cant|p2a: Glastrier|slp
|move|p2a: Glastrier|Sleep Talk|p2a: Glastrier
|move|p2a: Glastrier|Icicle Crash|p1a: Eldegoss|[from]move: Sleep Talk
|-supereffective|p1a: Eldegoss
|-damage|p1a: Eldegoss|0 fnt
|faint|p1a: Eldegoss
|-ability|p2a: Glastrier|Chilling Neigh|boost
|-boost|p2a: Glastrier|atk|1
|
|upkeep
|
|t:|1665917531
|switch|p1a: Quagsire|Quagsire, F|64/100
|turn|97
|
|t:|1665917537
|-curestatus|p2a: Glastrier|slp|[msg]
|move|p2a: Glastrier|Rest|p2a: Glastrier
|-status|p2a: Glastrier|slp|[from] move: Rest
|-heal|p2a: Glastrier|100/100 slp|[silent]
|move|p1a: Quagsire|Recover|p1a: Quagsire
|-heal|p1a: Quagsire|100/100
|
|-damage|p2a: Glastrier|88/100 slp|[from] Leech Seed|[of] p1a: Quagsire
|upkeep
|turn|98
|
|t:|1665917548
|switch|p2a: Regirock|Regirock|88/100 slp
|-damage|p2a: Regirock|76/100 slp|[from] Spikes
|-damage|p2a: Regirock|63/100 slp|[from] Stealth Rock
|move|p1a: Quagsire|Protect||[still]
|-fail|p1a: Quagsire
|
|-heal|p2a: Regirock|69/100 slp|[from] item: Leftovers
|upkeep
|turn|99
|
|t:|1665917557
|cant|p2a: Regirock|slp
|move|p1a: Quagsire|Scald|p2a: Regirock
|-supereffective|p2a: Regirock
|-damage|p2a: Regirock|45/100 slp
|
|-heal|p2a: Regirock|51/100 slp|[from] item: Leftovers
|upkeep
|turn|100
|
|t:|1665917564
|-curestatus|p2a: Regirock|slp|[msg]
|move|p2a: Regirock|Toxic|p1a: Quagsire
|-status|p1a: Quagsire|tox
|move|p1a: Quagsire|Scald|p2a: Regirock
|-supereffective|p2a: Regirock
|-damage|p2a: Regirock|24/100
|
|-heal|p2a: Regirock|30/100|[from] item: Leftovers
|-damage|p1a: Quagsire|94/100 tox|[from] psn
|upkeep
|turn|101
|c|☆visuals boss|Gg
|c|☆cafay sen sukr|Gg
|inactive|visuals boss has 120 seconds left.
|-message|visuals boss forfeited.
|
|win|cafay sen sukr
|raw|visuals boss's rating: 1380 &rarr; <strong>1360</strong><br />(-20 for losing)
|raw|cafay sen sukr's rating: 1383 &rarr; <strong>1403</strong><br />(+20 for winning)
