|j|☆BanetteBandit69
|j|☆Bigkevinm84
|t:|1623301338
|gametype|singles
|player|p1|BanetteBandit69|gentleman-gen4|1285
|player|p2|Bigkevinm84|acetrainer-gen4dp|1408
|teamsize|p1|6
|teamsize|p2|6
|gen|8
|tier|[Gen 8] PU
|rated|
|rule|Sleep Clause Mod: Limit one foe put to sleep
|rule|Species Clause: Limit one of each Pokémon
|rule|OHKO Clause: OHKO moves are banned
|rule|Evasion Moves Clause: Evasion moves are banned
|rule|Endless Battle Clause: Forcing endless battles is banned
|rule|HP Percentage Mod: HP is shown in percentages
|rule|Dynamax Clause: You cannot dynamax
|clearpoke
|poke|p1|Archeops, M|
|poke|p1|Passimian, F|
|poke|p1|Magmortar, M|
|poke|p1|Mesprit|
|poke|p1|Tsareena, F|
|poke|p1|Magneton|
|poke|p2|Togedemaru, L1, M|
|poke|p2|Gigalith, M|
|poke|p2|Sandslash, M|
|poke|p2|Qwilfish, M|
|poke|p2|Silvally-*|
|poke|p2|Exeggutor-Alola, F|
|teampreview
|
|t:|1623301383
|start
|switch|p1a: Passimian|Passimian, F|100/100
|switch|p2a: Purple Majesty|Gigalith, M, shiny|100/100
|-weather|Sandstorm|[from] ability: Sand Stream|[of] p2a: Purple Majesty
|turn|1
|inactive|Battle timer is ON: inactive players will automatically lose when time's up. (requested by Bigkevinm84)
|
|t:|1623301390
|switch|p2a: Long Girl|Exeggutor-Alola, F|100/100
|move|p1a: Passimian|Close Combat|p2a: Long Girl
|-damage|p2a: Long Girl|57/100
|-unboost|p1a: Passimian|def|1
|-unboost|p1a: Passimian|spd|1
|
|-weather|Sandstorm|[upkeep]
|-damage|p1a: Passimian|94/100|[from] Sandstorm
|-damage|p2a: Long Girl|50/100|[from] Sandstorm
|-enditem|p2a: Long Girl|Sitrus Berry|[eat]
|-heal|p2a: Long Girl|75/100|[from] item: Sitrus Berry
|upkeep
|turn|2
|
|t:|1623301402
|switch|p1a: Magmortar|Magmortar, M|100/100
|move|p2a: Long Girl|Knock Off|p1a: Magmortar
|-damage|p1a: Magmortar|62/100
|-enditem|p1a: Magmortar|Assault Vest|[from] move: Knock Off|[of] p2a: Long Girl
|
|-weather|Sandstorm|[upkeep]
|-damage|p1a: Magmortar|56/100|[from] Sandstorm
|-damage|p2a: Long Girl|69/100|[from] Sandstorm
|-item|p2a: Long Girl|Sitrus Berry|[from] ability: Harvest
|upkeep
|turn|3
|
|t:|1623301412
|switch|p2a: Purple Majesty|Gigalith, M, shiny|100/100
|move|p1a: Magmortar|Fire Blast|p2a: Purple Majesty|[miss]
|-miss|p1a: Magmortar|p2a: Purple Majesty
|
|-weather|Sandstorm|[upkeep]
|-damage|p1a: Magmortar|50/100|[from] Sandstorm
|upkeep
|turn|4
|
|t:|1623301421
|switch|p1a: Magneton|Magneton|100/100
|move|p2a: Purple Majesty|Stealth Rock|p1a: Magneton
|-sidestart|p1: BanetteBandit69|move: Stealth Rock
|
|-weather|Sandstorm|[upkeep]
|upkeep
|turn|5
|
|t:|1623301428
|move|p1a: Magneton|Flash Cannon|p2a: Purple Majesty
|-supereffective|p2a: Purple Majesty
|-damage|p2a: Purple Majesty|60/100
|move|p2a: Purple Majesty|Earthquake|p1a: Magneton
|-supereffective|p1a: Magneton
|-damage|p1a: Magneton|1/100
|
|-weather|Sandstorm|[upkeep]
|upkeep
|turn|6
|
|t:|1623301442
|move|p1a: Magneton|Flash Cannon|p2a: Purple Majesty
|-supereffective|p2a: Purple Majesty
|-damage|p2a: Purple Majesty|19/100
|move|p2a: Purple Majesty|Rock Blast|p1a: Magneton
|-resisted|p1a: Magneton
|-damage|p1a: Magneton|0 fnt
|faint|p1a: Magneton
|-hitcount|p1: Magneton|1
|
|-weather|Sandstorm|[upkeep]
|upkeep
|
|t:|1623301458
|switch|p1a: Tsareena|Tsareena, F|100/100
|-damage|p1a: Tsareena|88/100|[from] Stealth Rock
|turn|7
|
|t:|1623301462
|switch|p2a: Guroe|Silvally-Ghost|100/100
|move|p1a: Tsareena|Rapid Spin|p2a: Guroe
|-immune|p2a: Guroe
|
|-weather|Sandstorm|[upkeep]
|-damage|p2a: Guroe|94/100|[from] Sandstorm
|-damage|p1a: Tsareena|82/100|[from] Sandstorm
|-heal|p1a: Tsareena|88/100|[from] item: Leftovers
|upkeep
|turn|8
|
|t:|1623301471
|move|p2a: Guroe|Multi-Attack|p1a: Tsareena
|-damage|p1a: Tsareena|50/100
|move|p1a: Tsareena|Knock Off|p2a: Guroe
|-supereffective|p2a: Guroe
|-damage|p2a: Guroe|62/100
|
|-weather|none
|-heal|p1a: Tsareena|56/100|[from] item: Leftovers
|upkeep
|turn|9
|
|t:|1623301488
|switch|p1a: Magmortar|Magmortar, M|50/100
|-damage|p1a: Magmortar|25/100|[from] Stealth Rock
|move|p2a: Guroe|Multi-Attack|p1a: Magmortar
|-damage|p1a: Magmortar|0 fnt
|faint|p1a: Magmortar
|
|upkeep
|
|t:|1623301500
|switch|p1a: Archeops|Archeops, M|100/100
|-damage|p1a: Archeops|76/100|[from] Stealth Rock
|turn|10
|
|t:|1623301515
|switch|p2a: Squilly|Qwilfish, M|100/100
|-ability|p2a: Squilly|Intimidate|boost
|-unboost|p1a: Archeops|atk|1
|move|p1a: Archeops|Dual Wingbeat|p2a: Squilly
|-damage|p2a: Squilly|76/100
|-damage|p2a: Squilly|52/100
|-hitcount|p2a: Squilly|2
|
|-heal|p2a: Squilly|58/100|[from] item: Black Sludge
|upkeep
|turn|11
|
|t:|1623301524
|move|p1a: Archeops|Dual Wingbeat|p2a: Squilly
|-damage|p2a: Squilly|31/100
|-damage|p2a: Squilly|5/100
|-hitcount|p2a: Squilly|2
|move|p2a: Squilly|Scald|p1a: Archeops
|-supereffective|p1a: Archeops
|-damage|p1a: Archeops|28/100
|-status|p1a: Archeops|brn
|
|-heal|p2a: Squilly|11/100|[from] item: Black Sludge
|-damage|p1a: Archeops|21/100 brn|[from] brn
|upkeep
|turn|12
|
|t:|1623301539
|switch|p2a: Guroe|Silvally-Ghost|62/100
|move|p1a: Archeops|Dual Wingbeat|p2a: Guroe
|-damage|p2a: Guroe|59/100
|-damage|p2a: Guroe|55/100
|-hitcount|p2a: Guroe|2
|
|-damage|p1a: Archeops|15/100 brn|[from] brn
|upkeep
|turn|13
|
|t:|1623301551
|move|p1a: Archeops|Dual Wingbeat|p2a: Guroe
|-damage|p2a: Guroe|51/100
|-damage|p2a: Guroe|48/100
|-hitcount|p2a: Guroe|2
|move|p2a: Guroe|Rest|p2a: Guroe
|-status|p2a: Guroe|slp|[from] move: Rest
|-heal|p2a: Guroe|100/100 slp|[silent]
|
|-damage|p1a: Archeops|9/100 brn|[from] brn
|upkeep
|turn|14
|
|t:|1623301562
|switch|p1a: Passimian|Passimian, F|94/100
|-damage|p1a: Passimian|88/100|[from] Stealth Rock
|cant|p2a: Guroe|slp
|move|p2a: Guroe|Sleep Talk|p2a: Guroe
|move|p2a: Guroe|Multi-Attack|p1a: Passimian|[from]move: Sleep Talk
|-damage|p1a: Passimian|44/100
|
|upkeep
|turn|15
|
|t:|1623301572
|move|p1a: Passimian|Knock Off|p2a: Guroe
|-supereffective|p2a: Guroe
|-damage|p2a: Guroe|73/100 slp
|cant|p2a: Guroe|slp
|move|p2a: Guroe|Sleep Talk|p2a: Guroe
|move|p2a: Guroe|Multi-Attack|p1a: Passimian|[from]move: Sleep Talk
|-damage|p1a: Passimian|2/100
|
|upkeep
|turn|16
|-message|BanetteBandit69 forfeited.
|
|win|Bigkevinm84
|raw|BanetteBandit69's rating: 1285 &rarr; <strong>1268</strong><br />(-17 for losing)
|raw|Bigkevinm84's rating: 1408 &rarr; <strong>1421</strong><br />(+13 for winning)
|l|☆BanetteBandit69
