|j|☆yassy slay
|j|☆Carmen Farala
|t:|1654022110
|gametype|singles
|player|p1|yassy slay|102|1596
|player|p2|Carmen Farala|aromalady|1568
|teamsize|p1|6
|teamsize|p2|6
|gen|8
|tier|[Gen 8] PU
|rated|
|rule|Sleep Clause Mod: Limit one foe put to sleep
|rule|Species Clause: Limit one of each Pokémon
|rule|OHKO Clause: OHKO moves are banned
|rule|Evasion Moves Clause: Evasion moves are banned
|rule|Endless Battle Clause: Forcing endless battles is banned
|rule|HP Percentage Mod: HP is shown in percentages
|rule|Dynamax Clause: You cannot dynamax
|clearpoke
|poke|p1|Dubwool, M|
|poke|p1|Palossand, M|
|poke|p1|Eldegoss, M|
|poke|p1|Golduck, F|
|poke|p1|Musharna, M|
|poke|p1|Magneton|
|poke|p2|Arctovish|
|poke|p2|Magneton|
|poke|p2|Weezing, F|
|poke|p2|Gigalith, F|
|poke|p2|Sandslash, M|
|poke|p2|Silvally-*|
|teampreview
|
|t:|1654022128
|start
|switch|p1a: Dubwool|Dubwool, M|100/100
|switch|p2a: Magneton|Magneton|100/100
|turn|1
|
|t:|1654022132
|move|p2a: Magneton|Flash Cannon|p1a: Dubwool
|-damage|p1a: Dubwool|40/100
|move|p1a: Dubwool|Body Press|p2a: Magneton
|-supereffective|p2a: Magneton
|-damage|p2a: Magneton|25/100
|
|-heal|p1a: Dubwool|46/100|[from] item: Leftovers
|upkeep
|turn|2
|
|t:|1654022138
|switch|p1a: Magneton|Magneton|100/100
|move|p2a: Magneton|Flash Cannon|p1a: Magneton
|-resisted|p1a: Magneton
|-damage|p1a: Magneton|82/100
|
|upkeep
|turn|3
|
|t:|1654022145
|switch|p2a: Gigalith|Gigalith, F|100/100
|-weather|Sandstorm|[from] ability: Sand Stream|[of] p2a: Gigalith
|move|p1a: Magneton|Flash Cannon|p2a: Gigalith
|-supereffective|p2a: Gigalith
|-damage|p2a: Gigalith|49/100
|
|-weather|Sandstorm|[upkeep]
|-heal|p2a: Gigalith|55/100|[from] item: Leftovers
|upkeep
|turn|4
|
|t:|1654022156
|switch|p1a: Dubwool|Dubwool, M|46/100
|move|p2a: Gigalith|Earthquake|p1a: Dubwool
|-damage|p1a: Dubwool|24/100
|
|-weather|Sandstorm|[upkeep]
|-damage|p1a: Dubwool|18/100|[from] Sandstorm
|-heal|p1a: Dubwool|24/100|[from] item: Leftovers
|-heal|p2a: Gigalith|61/100|[from] item: Leftovers
|upkeep
|turn|5
|
|t:|1654022173
|switch|p2a: Weezing|Weezing, F|100/100
|-ability|p2a: Weezing|Neutralizing Gas
|move|p1a: Dubwool|Rest|p1a: Dubwool
|-status|p1a: Dubwool|slp|[from] move: Rest
|-heal|p1a: Dubwool|100/100 slp|[silent]
|
|-weather|Sandstorm|[upkeep]
|-damage|p1a: Dubwool|94/100 slp|[from] Sandstorm
|-damage|p2a: Weezing|94/100|[from] Sandstorm
|-heal|p1a: Dubwool|100/100 slp|[from] item: Leftovers
|upkeep
|turn|6
|
|t:|1654022178
|cant|p1a: Dubwool|slp
|move|p1a: Dubwool|Sleep Talk|p1a: Dubwool
|move|p1a: Dubwool|Rest||[from]move: Sleep Talk|[still]
|-fail|p1a: Dubwool
|move|p2a: Weezing|Toxic Spikes|p1a: Dubwool
|-sidestart|p1: yassy slay|move: Toxic Spikes
|
|-weather|Sandstorm|[upkeep]
|-damage|p1a: Dubwool|94/100 slp|[from] Sandstorm
|-damage|p2a: Weezing|88/100|[from] Sandstorm
|-heal|p1a: Dubwool|100/100 slp|[from] item: Leftovers
|upkeep
|turn|7
|
|t:|1654022184
|cant|p1a: Dubwool|slp
|move|p1a: Dubwool|Sleep Talk|p1a: Dubwool
|move|p1a: Dubwool|Body Press|p2a: Weezing|[from]move: Sleep Talk
|-resisted|p2a: Weezing
|-damage|p2a: Weezing|79/100
|-damage|p1a: Dubwool|84/100 slp|[from] item: Rocky Helmet|[of] p2a: Weezing
|move|p2a: Weezing|Toxic Spikes|p1a: Dubwool
|-sidestart|p1: yassy slay|move: Toxic Spikes
|
|-weather|none
|-heal|p1a: Dubwool|90/100 slp|[from] item: Leftovers
|upkeep
|turn|8
|
|t:|1654022189
|-curestatus|p1a: Dubwool|slp|[msg]
|move|p1a: Dubwool|Copycat|p1a: Dubwool
|move|p1a: Dubwool|Toxic Spikes|p2a: Weezing|[from]move: Copycat
|-sidestart|p2: Carmen Farala|move: Toxic Spikes
|move|p2a: Weezing|Will-O-Wisp|p1a: Dubwool
|-status|p1a: Dubwool|brn
|
|-heal|p1a: Dubwool|96/100 brn|[from] item: Leftovers
|-damage|p1a: Dubwool|90/100 brn|[from] brn
|upkeep
|turn|9
|
|t:|1654022204
|move|p1a: Dubwool|Copycat|p1a: Dubwool
|move|p1a: Dubwool|Will-O-Wisp|p2a: Weezing|[from]move: Copycat
|-status|p2a: Weezing|brn
|move|p2a: Weezing|Sludge Bomb|p1a: Dubwool
|-damage|p1a: Dubwool|58/100 brn
|
|-heal|p1a: Dubwool|64/100 brn|[from] item: Leftovers
|-damage|p1a: Dubwool|58/100 brn|[from] brn
|-damage|p2a: Weezing|73/100 brn|[from] brn
|upkeep
|turn|10
|
|t:|1654022223
|-end|p2a: Weezing|ability: Neutralizing Gas
|switch|p2a: Magneton|Magneton|25/100
|move|p1a: Dubwool|Rest|p1a: Dubwool
|-status|p1a: Dubwool|slp|[from] move: Rest
|-heal|p1a: Dubwool|100/100 slp|[silent]
|
|upkeep
|turn|11
|
|t:|1654022228
|switch|p2a: Weezing|Weezing, F|73/100 brn
|-ability|p2a: Weezing|Neutralizing Gas
|-sideend|p2: Carmen Farala|move: Toxic Spikes|[of] p2a: Weezing
|switch|p1a: Magneton|Magneton|82/100
|
|-damage|p2a: Weezing|67/100 brn|[from] brn
|upkeep
|turn|12
|
|t:|1654022234
|-end|p2a: Weezing|ability: Neutralizing Gas
|switch|p2a: Magneton|Magneton|25/100
|move|p1a: Magneton|Flash Cannon|p2a: Magneton
|-resisted|p2a: Magneton
|-damage|p2a: Magneton|0 fnt
|faint|p2a: Magneton
|
|upkeep
|
|t:|1654022236
|switch|p2a: Sandslash|Sandslash, M|100/100
|turn|13
|
|t:|1654022244
|switch|p1a: Eldegoss|Eldegoss, M|100/100
|move|p2a: Sandslash|Knock Off|p1a: Eldegoss
|-damage|p1a: Eldegoss|67/100
|-enditem|p1a: Eldegoss|Heavy-Duty Boots|[from] move: Knock Off|[of] p2a: Sandslash
|
|upkeep
|turn|14
|
|t:|1654022249
|switch|p2a: Weezing|Weezing, F|67/100 brn
|-ability|p2a: Weezing|Neutralizing Gas
|move|p1a: Eldegoss|Rapid Spin|p2a: Weezing
|-damage|p2a: Weezing|62/100 brn
|-boost|p1a: Eldegoss|spe|1
|-damage|p1a: Eldegoss|50/100|[from] item: Rocky Helmet|[of] p2a: Weezing
|-sideend|p1: yassy slay|Toxic Spikes|[from] move: Rapid Spin|[of] p1a: Eldegoss
|
|-damage|p2a: Weezing|56/100 brn|[from] brn
|upkeep
|turn|15
|
|t:|1654022259
|move|p1a: Eldegoss|Giga Drain|p2a: Weezing
|-resisted|p2a: Weezing
|-damage|p2a: Weezing|34/100 brn
|-heal|p1a: Eldegoss|62/100|[from] drain|[of] p2a: Weezing
|move|p2a: Weezing|Toxic Spikes|p1a: Eldegoss
|-sidestart|p1: yassy slay|move: Toxic Spikes
|
|-damage|p2a: Weezing|28/100 brn|[from] brn
|upkeep
|turn|16
|
|t:|1654022264
|move|p1a: Eldegoss|Leaf Storm|p2a: Weezing
|-resisted|p2a: Weezing
|-damage|p2a: Weezing|0 fnt
|-unboost|p1a: Eldegoss|spa|2
|faint|p2a: Weezing
|-end|p2a: Weezing|ability: Neutralizing Gas
|
|upkeep
|
|t:|1654022271
|switch|p2a: Arctovish|Arctovish|100/100
|turn|17
|
|t:|1654022281
|switch|p1a: Magneton|Magneton|82/100
|move|p2a: Arctovish|Fishious Rend|p1a: Magneton
|-damage|p1a: Magneton|0 fnt
|faint|p1a: Magneton
|
|upkeep
|
|t:|1654022289
|switch|p1a: Eldegoss|Eldegoss, M|95/100
|-status|p1a: Eldegoss|psn
|turn|18
|
|t:|1654022305
|switch|p2a: Silvally|Silvally-Fairy|100/100
|move|p1a: Eldegoss|Rapid Spin|p2a: Silvally
|-damage|p2a: Silvally|94/100
|-boost|p1a: Eldegoss|spe|1
|-sideend|p1: yassy slay|Toxic Spikes|[from] move: Rapid Spin|[of] p1a: Eldegoss
|
|-damage|p1a: Eldegoss|83/100 psn|[from] psn
|upkeep
|turn|19
|
|t:|1654022319
|move|p2a: Silvally|Multi-Attack|p1a: Eldegoss
|-damage|p1a: Eldegoss|28/100 psn
|move|p1a: Eldegoss|Sleep Powder|p2a: Silvally
|-status|p2a: Silvally|slp|[from] move: Sleep Powder
|
|-damage|p1a: Eldegoss|16/100 psn|[from] psn
|upkeep
|turn|20
|
|t:|1654022328
|switch|p2a: Arctovish|Arctovish|100/100
|switch|p1a: Palossand|Palossand, M|100/100
|
|upkeep
|turn|21
|
|t:|1654022330
|switch|p1a: Dubwool|Dubwool, M|100/100 slp
|move|p2a: Arctovish|Fishious Rend|p1a: Dubwool
|-damage|p1a: Dubwool|59/100 slp
|
|-heal|p1a: Dubwool|65/100 slp|[from] item: Leftovers
|upkeep
|turn|22
|
|t:|1654022334
|cant|p1a: Dubwool|slp
|move|p1a: Dubwool|Sleep Talk|p1a: Dubwool
|move|p1a: Dubwool|Body Press|p2a: Arctovish|[from]move: Sleep Talk
|-supereffective|p2a: Arctovish
|-damage|p2a: Arctovish|43/100
|move|p2a: Arctovish|Fishious Rend|p1a: Dubwool
|-damage|p1a: Dubwool|44/100 slp
|
|-heal|p1a: Dubwool|50/100 slp|[from] item: Leftovers
|upkeep
|turn|23
|
|t:|1654022344
|switch|p2a: Silvally|Silvally-Fairy|94/100 slp
|cant|p1a: Dubwool|slp
|move|p1a: Dubwool|Sleep Talk|p1a: Dubwool
|move|p1a: Dubwool|Rest||[from]move: Sleep Talk|[still]
|-fail|p1a: Dubwool
|
|-heal|p1a: Dubwool|56/100 slp|[from] item: Leftovers
|upkeep
|turn|24
|
|t:|1654022349
|switch|p1a: Palossand|Palossand, M|100/100
|cant|p2a: Silvally|slp
|
|upkeep
|turn|25
|
|t:|1654022365
|switch|p2a: Gigalith|Gigalith, F|61/100
|-weather|Sandstorm|[from] ability: Sand Stream|[of] p2a: Gigalith
|move|p1a: Palossand|Earth Power|p2a: Gigalith
|-supereffective|p2a: Gigalith
|-damage|p2a: Gigalith|19/100
|
|-weather|Sandstorm|[upkeep]
|-heal|p2a: Gigalith|25/100|[from] item: Leftovers
|upkeep
|turn|26
|
|t:|1654022378
|move|p2a: Gigalith|Protect|p2a: Gigalith
|-singleturn|p2a: Gigalith|Protect
|move|p1a: Palossand|Stealth Rock|p2a: Gigalith
|-sidestart|p2: Carmen Farala|move: Stealth Rock
|
|-weather|Sandstorm|[upkeep]
|-heal|p2a: Gigalith|31/100|[from] item: Leftovers
|upkeep
|turn|27
|
|t:|1654022381
|move|p1a: Palossand|Earth Power|p2a: Gigalith
|-supereffective|p2a: Gigalith
|-damage|p2a: Gigalith|0 fnt
|faint|p2a: Gigalith
|
|-weather|Sandstorm|[upkeep]
|upkeep
|
|t:|1654022384
|switch|p2a: Arctovish|Arctovish|43/100
|-damage|p2a: Arctovish|18/100|[from] Stealth Rock
|turn|28
|
|t:|1654022390
|switch|p1a: Eldegoss|Eldegoss, M|49/100 psn
|move|p2a: Arctovish|Fishious Rend|p1a: Eldegoss
|-resisted|p1a: Eldegoss
|-damage|p1a: Eldegoss|0 fnt
|faint|p1a: Eldegoss
|
|-weather|Sandstorm|[upkeep]
|-damage|p2a: Arctovish|11/100|[from] Sandstorm
|upkeep
|
|t:|1654022405
|switch|p1a: Golduck|Golduck, F|100/100
|-ability|p1a: Golduck|Cloud Nine
|turn|29
|
|t:|1654022413
|move|p1a: Golduck|Substitute|p1a: Golduck
|-start|p1a: Golduck|Substitute
|-damage|p1a: Golduck|75/100
|move|p2a: Arctovish|Fishious Rend|p1a: Golduck
|-resisted|p1a: Golduck
|-crit|p1a: Golduck
|-end|p1a: Golduck|Substitute
|
|-weather|none
|-heal|p1a: Golduck|82/100|[from] item: Leftovers
|upkeep
|turn|30
|
|t:|1654022419
|move|p1a: Golduck|Toxic|p2a: Arctovish
|-status|p2a: Arctovish|tox
|move|p2a: Arctovish|Fishious Rend|p1a: Golduck
|-resisted|p1a: Golduck
|-damage|p1a: Golduck|49/100
|
|-heal|p1a: Golduck|55/100|[from] item: Leftovers
|-damage|p2a: Arctovish|5/100 tox|[from] psn
|upkeep
|turn|31
|
|t:|1654022429
|move|p1a: Golduck|Calm Mind|p1a: Golduck
|-boost|p1a: Golduck|spa|1
|-boost|p1a: Golduck|spd|1
|move|p2a: Arctovish|Fishious Rend|p1a: Golduck
|-resisted|p1a: Golduck
|-damage|p1a: Golduck|22/100
|
|-heal|p1a: Golduck|28/100|[from] item: Leftovers
|-damage|p2a: Arctovish|0 fnt|[from] psn
|faint|p2a: Arctovish
|upkeep
|
|t:|1654022434
|switch|p2a: Silvally|Silvally-Fairy|94/100 slp
|-damage|p2a: Silvally|82/100 slp|[from] Stealth Rock
|turn|32
|
|t:|1654022439
|cant|p2a: Silvally|slp
|move|p1a: Golduck|Scald|p2a: Silvally
|-crit|p2a: Silvally
|-damage|p2a: Silvally|20/100 slp
|
|-heal|p1a: Golduck|34/100|[from] item: Leftovers
|upkeep
|turn|33
|
|t:|1654022446
|switch|p1a: Musharna|Musharna, M|100/100
|cant|p2a: Silvally|slp
|
|upkeep
|turn|34
|
|t:|1654022454
|-curestatus|p2a: Silvally|slp|[msg]
|move|p2a: Silvally|Multi-Attack|p1a: Musharna
|-damage|p1a: Musharna|54/100
|move|p1a: Musharna|Psyshock|p2a: Silvally
|-damage|p2a: Silvally|0 fnt
|faint|p2a: Silvally
|
|upkeep
|
|t:|1654022457
|switch|p2a: Sandslash|Sandslash, M|100/100
|-damage|p2a: Sandslash|94/100|[from] Stealth Rock
|turn|35
|
|t:|1654022462
|switch|p1a: Palossand|Palossand, M|100/100
|move|p2a: Sandslash|Rapid Spin|p1a: Palossand
|-immune|p1a: Palossand
|
|upkeep
|turn|36
|
|t:|1654022465
|move|p2a: Sandslash|Earthquake|p1a: Palossand
|-damage|p1a: Palossand|59/100
|move|p1a: Palossand|Earth Power|p2a: Sandslash
|-damage|p2a: Sandslash|16/100
|
|upkeep
|turn|37
|
|t:|1654022468
|move|p2a: Sandslash|Earthquake|p1a: Palossand
|-damage|p1a: Palossand|15/100
|move|p1a: Palossand|Earth Power|p2a: Sandslash
|-crit|p2a: Sandslash
|-damage|p2a: Sandslash|0 fnt
|faint|p2a: Sandslash
|
|win|yassy slay
|raw|yassy slay's rating: 1596 &rarr; <strong>1614</strong><br />(+18 for winning)
|raw|Carmen Farala's rating: 1568 &rarr; <strong>1550</strong><br />(-18 for losing)
|l|☆Carmen Farala
||Ladder isn't responding, score probably updated but might not have (Request timeout).
