|j|☆thinking of chu
|j|☆pult72b z
|t:|1627829850
|gametype|singles
|player|p1|thinking of chu|clown|1605
|player|p2|pult72b z|erika|1562
|teamsize|p1|6
|teamsize|p2|6
|gen|8
|tier|[Gen 8] PU
|rated|
|rule|Sleep Clause Mod: Limit one foe put to sleep
|rule|Species Clause: Limit one of each Pokémon
|rule|OHKO Clause: OHKO moves are banned
|rule|Evasion Moves Clause: Evasion moves are banned
|rule|Endless Battle Clause: Forcing endless battles is banned
|rule|HP Percentage Mod: HP is shown in percentages
|rule|Dynamax Clause: You cannot dynamax
|clearpoke
|poke|p1|Turtonator, M|
|poke|p1|Lunatone|
|poke|p1|Poliwrath, M|
|poke|p1|Silvally-*|
|poke|p1|Stunfisk-Galar, M|
|poke|p1|Miltank, F|
|poke|p2|Absol, M|
|poke|p2|Vikavolt, M|
|poke|p2|Mesprit|
|poke|p2|Tsareena, F|
|poke|p2|Silvally-*|
|poke|p2|Archeops, F|
|teampreview
|j| Valdedirtlol
|
|t:|1627829858
|start
|switch|p1a: Silvally|Silvally-Ghost|100/100
|switch|p2a: Archeops|Archeops, F|100/100
|turn|1
|
|t:|1627829866
|move|p2a: Archeops|Stealth Rock|p1a: Silvally
|-sidestart|p1: thinking of chu|move: Stealth Rock
|move|p1a: Silvally|Multi-Attack|p2a: Archeops
|-damage|p2a: Archeops|35/100
|
|upkeep
|turn|2
|
|t:|1627829868
|move|p2a: Archeops|Head Smash|p1a: Silvally
|-damage|p1a: Silvally|75/100
|-damage|p2a: Archeops|18/100|[from] Recoil
|move|p1a: Silvally|Multi-Attack|p2a: Archeops
|-damage|p2a: Archeops|0 fnt
|faint|p2a: Archeops
|
|upkeep
|
|t:|1627829870
|switch|p2a: Absol|Absol, M|100/100
|turn|3
|
|t:|1627829872
|switch|p1a: Poliwrath|Poliwrath, M|100/100
|-damage|p1a: Poliwrath|94/100|[from] Stealth Rock
|move|p2a: Absol|Knock Off|p1a: Poliwrath
|-resisted|p1a: Poliwrath
|-damage|p1a: Poliwrath|71/100
|-enditem|p1a: Poliwrath|Leftovers|[from] move: Knock Off|[of] p2a: Absol
|-damage|p2a: Absol|91/100|[from] item: Life Orb
|
|upkeep
|turn|4
|
|t:|1627829875
|switch|p2a: Vikavolt|Vikavolt, M|100/100
|move|p1a: Poliwrath|Scald|p2a: Vikavolt
|-damage|p2a: Vikavolt|69/100
|
|upkeep
|turn|5
|
|t:|1627829879
|switch|p2a: Absol|Absol, M|91/100
|switch|p1a: Stunfisk|Stunfisk-Galar, M|100/100
|-damage|p1a: Stunfisk|97/100|[from] Stealth Rock
|
|-heal|p1a: Stunfisk|100/100|[from] item: Leftovers
|upkeep
|turn|6
|
|t:|1627829886
|switch|p1a: Poliwrath|Poliwrath, M|71/100
|-damage|p1a: Poliwrath|65/100|[from] Stealth Rock
|move|p2a: Absol|Close Combat|p1a: Poliwrath
|-damage|p1a: Poliwrath|25/100
|-unboost|p2a: Absol|def|1
|-unboost|p2a: Absol|spd|1
|-damage|p2a: Absol|81/100|[from] item: Life Orb
|
|upkeep
|turn|7
|j| Fhuuyrd
|
|t:|1627829891
|move|p2a: Absol|Close Combat|p1a: Poliwrath
|-damage|p1a: Poliwrath|0 fnt
|-unboost|p2a: Absol|def|1
|-unboost|p2a: Absol|spd|1
|faint|p1a: Poliwrath
|-damage|p2a: Absol|71/100|[from] item: Life Orb
|
|upkeep
|
|t:|1627829904
|switch|p1a: Turtonator|Turtonator, M|100/100
|turn|8
|
|t:|1627829914
|move|p2a: Absol|Knock Off|p1a: Turtonator
|-damage|p1a: Turtonator|31/100
|-enditem|p1a: Turtonator|Heavy-Duty Boots|[from] move: Knock Off|[of] p2a: Absol
|-damage|p2a: Absol|61/100|[from] item: Life Orb
|move|p1a: Turtonator|Fire Blast|p2a: Absol
|-damage|p2a: Absol|0 fnt
|faint|p2a: Absol
|
|upkeep
|j| Grandmaschrute
|
|t:|1627829921
|switch|p2a: Vikavolt|Vikavolt, M|69/100
|turn|9
|j| pult72b yawn
|
|t:|1627829926
|switch|p1a: Stunfisk|Stunfisk-Galar, M|100/100
|-damage|p1a: Stunfisk|97/100|[from] Stealth Rock
|move|p2a: Vikavolt|Thunderbolt|p1a: Stunfisk
|-immune|p1a: Stunfisk
|
|-heal|p1a: Stunfisk|100/100|[from] item: Leftovers
|upkeep
|turn|10
|
|t:|1627829930
|switch|p2a: Mesprit|Mesprit|100/100
|move|p1a: Stunfisk|Stealth Rock|p2a: Mesprit
|-sidestart|p2: pult72b z|move: Stealth Rock
|
|upkeep
|turn|11
|
|t:|1627829935
|switch|p1a: Silvally|Silvally-Ghost|75/100
|-damage|p1a: Silvally|63/100|[from] Stealth Rock
|move|p2a: Mesprit|Draining Kiss|p1a: Silvally
|-damage|p1a: Silvally|51/100
|
|upkeep
|turn|12
|
|t:|1627829943
|switch|p2a: Vikavolt|Vikavolt, M|69/100
|move|p1a: Silvally|Multi-Attack|p2a: Vikavolt
|-damage|p2a: Vikavolt|19/100
|
|upkeep
|turn|13
|
|t:|1627829947
|move|p1a: Silvally|Multi-Attack|p2a: Vikavolt
|-damage|p2a: Vikavolt|0 fnt
|faint|p2a: Vikavolt
|
|upkeep
|
|t:|1627829950
|switch|p2a: Tsareena|Tsareena, F|100/100
|-damage|p2a: Tsareena|88/100|[from] Stealth Rock
|turn|14
|
|t:|1627829952
|move|p2a: Tsareena|Power Whip|p1a: Silvally
|-damage|p1a: Silvally|8/100
|move|p1a: Silvally|Rest|p1a: Silvally
|-status|p1a: Silvally|slp|[from] move: Rest
|-heal|p1a: Silvally|100/100 slp|[silent]
|
|upkeep
|turn|15
|
|t:|1627829965
|switch|p1a: Turtonator|Turtonator, M|31/100
|-damage|p1a: Turtonator|6/100|[from] Stealth Rock
|move|p2a: Tsareena|Power Whip|p1a: Turtonator
|-resisted|p1a: Turtonator
|-damage|p1a: Turtonator|0 fnt
|faint|p1a: Turtonator
|
|upkeep
|
|t:|1627829967
|switch|p1a: Miltank|Miltank, F|100/100
|turn|16
|
|t:|1627829974
|move|p1a: Miltank|Defense Curl|p1a: Miltank
|-boost|p1a: Miltank|def|1
|move|p2a: Tsareena|High Jump Kick|p1a: Miltank
|-supereffective|p1a: Miltank
|-damage|p1a: Miltank|59/100
|
|upkeep
|turn|17
|
|t:|1627829977
|switch|p2a: Mesprit|Mesprit|100/100
|-damage|p2a: Mesprit|88/100|[from] Stealth Rock
|move|p1a: Miltank|Milk Drink|p1a: Miltank
|-heal|p1a: Miltank|100/100
|
|upkeep
|turn|18
|
|t:|1627829980
|switch|p1a: Silvally|Silvally-Ghost|100/100 slp
|-damage|p1a: Silvally|88/100 slp|[from] Stealth Rock
|move|p2a: Mesprit|Calm Mind|p2a: Mesprit
|-boost|p2a: Mesprit|spa|1
|-boost|p2a: Mesprit|spd|1
|
|upkeep
|turn|19
|
|t:|1627829983
|cant|p1a: Silvally|slp
|move|p1a: Silvally|Sleep Talk|p1a: Silvally
|move|p1a: Silvally|Roar|p2a: Mesprit|[from]move: Sleep Talk
|drag|p2a: Silvally|Silvally-Steel|100/100
|-damage|p2a: Silvally|94/100|[from] Stealth Rock
|
|upkeep
|turn|20
|j| ii77
|
|t:|1627829989
|switch|p1a: Stunfisk|Stunfisk-Galar, M|100/100
|-damage|p1a: Stunfisk|97/100|[from] Stealth Rock
|move|p2a: Silvally|Swords Dance|p2a: Silvally
|-boost|p2a: Silvally|atk|2
|
|-heal|p1a: Stunfisk|100/100|[from] item: Leftovers
|upkeep
|turn|21
|
|t:|1627829998
|switch|p2a: Mesprit|Mesprit|88/100
|-damage|p2a: Mesprit|76/100|[from] Stealth Rock
|move|p1a: Stunfisk|Earthquake|p2a: Mesprit
|-immune|p2a: Mesprit|[from] ability: Levitate
|
|upkeep
|turn|22
|
|t:|1627830001
|move|p2a: Mesprit|Calm Mind|p2a: Mesprit
|-boost|p2a: Mesprit|spa|1
|-boost|p2a: Mesprit|spd|1
|move|p1a: Stunfisk|Yawn|p2a: Mesprit
|-start|p2a: Mesprit|move: Yawn|[of] p1a: Stunfisk
|
|upkeep
|turn|23
|
|t:|1627830014
|switch|p2a: Tsareena|Tsareena, F|88/100
|-damage|p2a: Tsareena|76/100|[from] Stealth Rock
|switch|p1a: Lunatone|Lunatone|100/100
|-damage|p1a: Lunatone|88/100|[from] Stealth Rock
|
|-heal|p1a: Lunatone|94/100|[from] item: Leftovers
|upkeep
|turn|24
|
|t:|1627830028
|switch|p1a: Miltank|Miltank, F|100/100
|move|p2a: Tsareena|Power Whip|p1a: Miltank
|-damage|p1a: Miltank|54/100
|
|upkeep
|turn|25
|
|t:|1627830038
|move|p1a: Miltank|Milk Drink|p1a: Miltank
|-heal|p1a: Miltank|100/100
|move|p2a: Tsareena|High Jump Kick|p1a: Miltank
|-supereffective|p1a: Miltank
|-damage|p1a: Miltank|34/100
|
|upkeep
|turn|26
|
|t:|1627830042
|move|p1a: Miltank|Milk Drink|p1a: Miltank
|-heal|p1a: Miltank|84/100
|move|p2a: Tsareena|High Jump Kick|p1a: Miltank
|-supereffective|p1a: Miltank
|-damage|p1a: Miltank|16/100
|
|upkeep
|turn|27
|
|t:|1627830052
|switch|p1a: Lunatone|Lunatone|94/100
|-damage|p1a: Lunatone|82/100|[from] Stealth Rock
|move|p2a: Tsareena|Power Whip|p1a: Lunatone
|-supereffective|p1a: Lunatone
|-damage|p1a: Lunatone|0 fnt
|faint|p1a: Lunatone
|
|upkeep
|
|t:|1627830054
|switch|p1a: Silvally|Silvally-Ghost|88/100 slp
|-damage|p1a: Silvally|76/100 slp|[from] Stealth Rock
|turn|28
|
|t:|1627830060
|move|p2a: Tsareena|Power Whip|p1a: Silvally
|-damage|p1a: Silvally|31/100 slp
|cant|p1a: Silvally|slp
|move|p1a: Silvally|Sleep Talk|p1a: Silvally
|move|p1a: Silvally|Multi-Attack|p2a: Tsareena|[from]move: Sleep Talk
|-damage|p2a: Tsareena|30/100
|
|upkeep
|turn|29
|
|t:|1627830066
|move|p2a: Tsareena|Power Whip|p1a: Silvally
|-damage|p1a: Silvally|0 fnt
|faint|p1a: Silvally
|
|upkeep
|
|t:|1627830068
|switch|p1a: Miltank|Miltank, F|16/100
|turn|30
|
|t:|1627830071
|move|p1a: Miltank|Body Press|p2a: Tsareena
|-damage|p2a: Tsareena|0 fnt
|faint|p2a: Tsareena
|
|upkeep
|
|t:|1627830079
|switch|p2a: Silvally|Silvally-Steel|94/100
|-damage|p2a: Silvally|88/100|[from] Stealth Rock
|turn|31
|
|t:|1627830084
|switch|p1a: Stunfisk|Stunfisk-Galar, M|100/100
|-damage|p1a: Stunfisk|97/100|[from] Stealth Rock
|move|p2a: Silvally|Swords Dance|p2a: Silvally
|-boost|p2a: Silvally|atk|2
|
|-heal|p1a: Stunfisk|100/100|[from] item: Leftovers
|upkeep
|turn|32
|
|t:|1627830089
|move|p2a: Silvally|Flame Charge|p1a: Stunfisk
|-supereffective|p1a: Stunfisk
|-damage|p1a: Stunfisk|56/100
|-boost|p2a: Silvally|spe|1
|move|p1a: Stunfisk|Earthquake|p2a: Silvally
|-supereffective|p2a: Silvally
|-damage|p2a: Silvally|25/100
|
|-heal|p1a: Stunfisk|62/100|[from] item: Leftovers
|upkeep
|turn|33
|
|t:|1627830092
|move|p2a: Silvally|Flame Charge|p1a: Stunfisk
|-supereffective|p1a: Stunfisk
|-damage|p1a: Stunfisk|12/100
|-boost|p2a: Silvally|spe|1
|move|p1a: Stunfisk|Earthquake|p2a: Silvally
|-supereffective|p2a: Silvally
|-damage|p2a: Silvally|0 fnt
|faint|p2a: Silvally
|
|-heal|p1a: Stunfisk|19/100|[from] item: Leftovers
|upkeep
|
|t:|1627830094
|switch|p2a: Mesprit|Mesprit|76/100
|-damage|p2a: Mesprit|63/100|[from] Stealth Rock
|turn|34
|
|t:|1627830097
|move|p2a: Mesprit|Calm Mind|p2a: Mesprit
|-boost|p2a: Mesprit|spa|1
|-boost|p2a: Mesprit|spd|1
|move|p1a: Stunfisk|Yawn|p2a: Mesprit
|-start|p2a: Mesprit|move: Yawn|[of] p1a: Stunfisk
|
|-heal|p1a: Stunfisk|25/100|[from] item: Leftovers
|upkeep
|turn|35
|
|t:|1627830103
|move|p2a: Mesprit|Rest|p2a: Mesprit
|-status|p2a: Mesprit|slp|[from] move: Rest
|-heal|p2a: Mesprit|100/100 slp|[silent]
|move|p1a: Stunfisk|Snap Trap|p2a: Mesprit
|-damage|p2a: Mesprit|95/100 slp
|-activate|p2a: Mesprit|move: Snap Trap|[of] p1a: Stunfisk
|-enditem|p2a: Mesprit|Kee Berry|[eat]
|-boost|p2a: Mesprit|def|1|[from] item: Kee Berry
|
|-heal|p1a: Stunfisk|31/100|[from] item: Leftovers
|-damage|p2a: Mesprit|83/100 slp|[from] move: Snap Trap|[partiallytrapped]
|-end|p2a: Mesprit|move: Yawn|[silent]
|upkeep
|turn|36
|
|t:|1627830105
|switch|p1a: Miltank|Miltank, F|16/100
|cant|p2a: Mesprit|slp
|
|-end|p2a: Mesprit|Snap Trap|[partiallytrapped]|[silent]
|upkeep
|turn|37
|
|t:|1627830107
|move|p1a: Miltank|Milk Drink|p1a: Miltank
|-heal|p1a: Miltank|66/100
|cant|p2a: Mesprit|slp
|
|upkeep
|turn|38
|
|t:|1627830114
|move|p1a: Miltank|Defense Curl|p1a: Miltank
|-boost|p1a: Miltank|def|1
|-curestatus|p2a: Mesprit|slp|[msg]
|move|p2a: Mesprit|Calm Mind|p2a: Mesprit
|-boost|p2a: Mesprit|spa|1
|-boost|p2a: Mesprit|spd|1
|
|upkeep
|turn|39
|
|t:|1627830117
|move|p1a: Miltank|Body Press|p2a: Mesprit
|-resisted|p2a: Mesprit
|-damage|p2a: Mesprit|74/100
|move|p2a: Mesprit|Stored Power|p1a: Miltank
|-damage|p1a: Miltank|0 fnt
|faint|p1a: Miltank
|
|upkeep
|
|t:|1627830119
|switch|p1a: Stunfisk|Stunfisk-Galar, M|31/100
|-damage|p1a: Stunfisk|28/100|[from] Stealth Rock
|turn|40
|
|t:|1627830121
|move|p2a: Mesprit|Stored Power|p1a: Stunfisk
|-resisted|p1a: Stunfisk
|-damage|p1a: Stunfisk|0 fnt
|faint|p1a: Stunfisk
|
|win|pult72b z
|c|☆thinking of chu|gg
|raw|thinking of chu's rating: 1606 &rarr; <strong>1583</strong><br />(-23 for losing)
|raw|pult72b z's rating: 1562 &rarr; <strong>1585</strong><br />(+23 for winning)
|c|☆pult72b z|gg
|l| pult72b yawn
|l|☆thinking of chu
