|j|☆zS
|j|☆kecleonismyhomie
|t:|1641063651
|gametype|singles
|player|p1|zS|dawn-gen4pt|
|player|p2|kecleonismyhomie|cyclistf-gen4|
|teamsize|p1|6
|teamsize|p2|6
|gen|8
|tier|[Gen 8] PU
|rated|Tournament battle
|rule|Sleep Clause Mod: Limit one foe put to sleep
|rule|Species Clause: Limit one of each Pokémon
|rule|OHKO Clause: OHKO moves are banned
|rule|Evasion Moves Clause: Evasion moves are banned
|rule|Endless Battle Clause: Forcing endless battles is banned
|rule|HP Percentage Mod: HP is shown in percentages
|rule|Dynamax Clause: You cannot dynamax
|clearpoke
|poke|p1|Glastrier|
|poke|p1|Ninjask, F|
|poke|p1|Espeon, M|
|poke|p1|Clefairy, M|
|poke|p1|Wishiwashi, M|
|poke|p1|Togedemaru, F|
|poke|p2|Abomasnow, F|
|poke|p2|Sandslash-Alola, F|
|poke|p2|Weezing, F|
|poke|p2|Mesprit|
|poke|p2|Silvally-*|
|poke|p2|Regirock|
|teampreview
|c|☆kecleonismyhomie|hf
|c|☆zS|hfhf
|j| farting so hard
|j| LettuceLeaf07
|j| Serving Suggestion
|j|#Specs
|j|+Gva
|
|t:|1641063692
|start
|switch|p1a: Glastrier|Glastrier|100/100
|switch|p2a: Weezing|Weezing, F|100/100
|turn|1
|
|t:|1641063705
|switch|p1a: Espeon|Espeon, M|100/100
|move|p2a: Weezing|Sludge Bomb|p1a: Espeon
|-damage|p1a: Espeon|66/100
|
|upkeep
|turn|2
|j| Ereshkigal
|
|t:|1641063713
|switch|p2a: Sandslash|Sandslash-Alola, F|100/100
|move|p1a: Espeon|Psychic|p2a: Sandslash
|-resisted|p2a: Sandslash
|-damage|p2a: Sandslash|59/100
|
|upkeep
|turn|3
|c|☆kecleonismyhomie|did a lot
|
|t:|1641063732
|switch|p1a: Wishiwashi|Wishiwashi, M|100/100
|-formechange|p1a: Wishiwashi|Wishiwashi-School||[from] ability: Schooling
|switch|p2a: Mesprit|Mesprit|100/100
|
|upkeep
|turn|4
|c|☆zS|as expected tbh LOL
|
|t:|1641063736
|move|p2a: Mesprit|Trick|p1a: Wishiwashi
|-activate|p2a: Mesprit|move: Trick|[of] p1a: Wishiwashi
|-item|p1a: Wishiwashi|Choice Scarf|[from] move: Trick
|-item|p2a: Mesprit|Leftovers|[from] move: Trick
|move|p1a: Wishiwashi|U-turn|p2a: Mesprit
|-supereffective|p2a: Mesprit
|-damage|p2a: Mesprit|55/100
|j| yassy slay
|
|t:|1641063740
|switch|p1a: Ninjask|Ninjask, F|100/100|[from]move: U-turn
|
|-heal|p2a: Mesprit|61/100|[from] item: Leftovers
|upkeep
|turn|5
|
|t:|1641063750
|switch|p2a: Regirock|Regirock|100/100
|move|p1a: Ninjask|U-turn|p2a: Regirock
|-damage|p2a: Regirock|86/100
|
|t:|1641063753
|switch|p1a: Espeon|Espeon, M|66/100|[from]move: U-turn
|
|-heal|p2a: Regirock|92/100|[from] item: Leftovers
|upkeep
|turn|6
|
|t:|1641063802
|switch|p2a: Mesprit|Mesprit|61/100
|move|p1a: Espeon|Psychic|p2a: Mesprit
|-resisted|p2a: Mesprit
|-damage|p2a: Mesprit|26/100
|-unboost|p2a: Mesprit|spd|1
|
|-heal|p2a: Mesprit|32/100|[from] item: Leftovers
|upkeep
|turn|7
|
|t:|1641063821
|move|p1a: Espeon|Psychic|p2a: Mesprit
|-resisted|p2a: Mesprit
|-damage|p2a: Mesprit|0 fnt
|faint|p2a: Mesprit
|
|upkeep
|c|☆zS|I’m rly starting to think none of the mons should actually stay
|c|☆zS|but owell
|
|t:|1641063828
|switch|p2a: Regirock|Regirock|92/100
|turn|8
|
|t:|1641063834
|move|p1a: Espeon|Psychic|p2a: Regirock
|-damage|p2a: Regirock|35/100
|move|p2a: Regirock|Rock Blast|p1a: Espeon
|-damage|p1a: Espeon|50/100
|-damage|p1a: Espeon|33/100
|-damage|p1a: Espeon|16/100
|-hitcount|p1a: Espeon|3
|
|-heal|p2a: Regirock|42/100|[from] item: Leftovers
|upkeep
|turn|9
|
|t:|1641063840
|switch|p2a: Abomasnow|Abomasnow, F|100/100
|-weather|Hail|[from] ability: Snow Warning|[of] p2a: Abomasnow
|move|p1a: Espeon|Psychic|p2a: Abomasnow
|-damage|p2a: Abomasnow|14/100
|-unboost|p2a: Abomasnow|spd|1
|
|-weather|Hail|[upkeep]
|-damage|p1a: Espeon|10/100|[from] Hail
|upkeep
|turn|10
|
|t:|1641063843
|switch|p2a: Sandslash|Sandslash-Alola, F|59/100
|move|p1a: Espeon|Psychic|p2a: Sandslash
|-resisted|p2a: Sandslash
|-damage|p2a: Sandslash|23/100
|
|-weather|Hail|[upkeep]
|-damage|p1a: Espeon|4/100|[from] Hail
|upkeep
|turn|11
|c|☆kecleonismyhomie|expected grass knot tbh
|c|☆kecleonismyhomie|team isnt made for espy tho
|c|☆kecleonismyhomie|btu for guno
|c|☆zS|not the same power level indeed
|l| Serving Suggestion
|c|☆zS|at least guno is somewhat rkable fwiw
|
|t:|1641063892
|switch|p2a: Abomasnow|Abomasnow, F|14/100
|switch|p1a: Wishiwashi|Wishiwashi, M|100/100
|-formechange|p1a: Wishiwashi|Wishiwashi-School||[from] ability: Schooling
|
|-weather|Hail|[upkeep]
|-damage|p1a: Wishiwashi|94/100|[from] Hail
|upkeep
|turn|12
|j|+Heracross2.0
|
|t:|1641063912
|move|p2a: Abomasnow|Giga Drain|p1a: Wishiwashi
|-supereffective|p1a: Wishiwashi
|-damage|p1a: Wishiwashi|0 fnt
|-heal|p2a: Abomasnow|57/100|[from] drain|[of] p1a: Wishiwashi
|faint|p1a: Wishiwashi
|
|-weather|Hail|[upkeep]
|upkeep
|
|t:|1641063916
|switch|p1a: Glastrier|Glastrier|100/100
|turn|13
|
|t:|1641063926
|move|p2a: Abomasnow|Giga Drain|p1a: Glastrier
|-damage|p1a: Glastrier|54/100
|-heal|p2a: Abomasnow|82/100|[from] drain|[of] p1a: Glastrier
|move|p1a: Glastrier|Icicle Crash|p2a: Abomasnow
|-damage|p2a: Abomasnow|0 fnt
|faint|p2a: Abomasnow
|-ability|p1a: Glastrier|Chilling Neigh|boost
|-boost|p1a: Glastrier|atk|1
|
|-weather|none
|upkeep
|c|☆kecleonismyhomie|what
|c|☆zS|what what
|c|☆kecleonismyhomie|why does that kill
|c|☆zS|cuz it’s coming from 145 base atk LOL
|j| Fairlumbo
|c|#Specs|!dt abomasnow
|raw|<div class="message"><ul class="utilichart"><li class="result"><span class="col numcol">(PU)</span> <span class="col iconcol"><psicon pokemon="abomasnow"/></span> <span class="col pokemonnamecol" style="white-space:nowrap"><a href="https://dex.pokemonshowdown.com/pokemon/abomasnow" target="_blank">Abomasnow</a></span> <span class="col typecol"><img src="https://play.pokemonshowdown.com/sprites/types/Grass.png" alt="Grass" height="14" width="32"><img src="https://play.pokemonshowdown.com/sprites/types/Ice.png" alt="Ice" height="14" width="32"></span> <span style="float:left;min-height:26px"><span class="col abilitycol">Snow Warning</span><span class="col abilitycol"><em>Soundproof</em></span></span><span style="float:left;min-height:26px"><span class="col statcol"><em>HP</em><br />90</span> <span class="col statcol"><em>Atk</em><br />92</span> <span class="col statcol"><em>Def</em><br />75</span> <span class="col statcol"><em>SpA</em><br />92</span> <span class="col statcol"><em>SpD</em><br />85</span> <span class="col statcol"><em>Spe</em><br />60</span> <span class="col bstcol"><em>BST<br />494</em></span> </span></li><li style="clear:both"></li></ul></div>
|raw|<font size="1"><font color="#686868">Dex#:</font> 460&nbsp;|&ThickSpace;<font color="#686868">Gen:</font> 4&nbsp;|&ThickSpace;<font color="#686868">Height:</font> 2.2 m&nbsp;|&ThickSpace;<font color="#686868">Weight:</font> 135.5 kg <em>(100 BP)</em>&nbsp;|&ThickSpace;<font color="#686868">Dex Colour:</font> White&nbsp;|&ThickSpace;<font color="#686868">Egg Group(s):</font> Monster, Grass&nbsp;|&ThickSpace;<font color="#686868">Does Not Evolve</font></font>

|c|+Gva|!dt Glastrier
|raw|<div class="message"><ul class="utilichart"><li class="result"><span class="col numcol">NU</span> <span class="col iconcol"><psicon pokemon="glastrier"/></span> <span class="col pokemonnamecol" style="white-space:nowrap"><a href="https://dex.pokemonshowdown.com/pokemon/glastrier" target="_blank">Glastrier</a></span> <span class="col typecol"><img src="https://play.pokemonshowdown.com/sprites/types/Ice.png" alt="Ice" height="14" width="32"></span> <span style="float:left;min-height:26px"><span class="col abilitycol">Chilling Neigh</span><span class="col abilitycol"></span></span><span style="float:left;min-height:26px"><span class="col statcol"><em>HP</em><br />100</span> <span class="col statcol"><em>Atk</em><br />145</span> <span class="col statcol"><em>Def</em><br />130</span> <span class="col statcol"><em>SpA</em><br />65</span> <span class="col statcol"><em>SpD</em><br />110</span> <span class="col statcol"><em>Spe</em><br />30</span> <span class="col bstcol"><em>BST<br />580</em></span> </span></li><li style="clear:both"></li></ul></div>
|raw|<font size="1"><font color="#686868">Dex#:</font> 896&nbsp;|&ThickSpace;<font color="#686868">Gen:</font> 8&nbsp;|&ThickSpace;<font color="#686868">Height:</font> 2.2 m&nbsp;|&ThickSpace;<font color="#686868">Weight:</font> 800 kg <em>(120 BP)</em>&nbsp;|&ThickSpace;<font color="#686868">Dex Colour:</font> White&nbsp;|&ThickSpace;<font color="#686868">Egg Group(s):</font> Undiscovered&nbsp;|&ThickSpace;<font color="#686868">Does Not Evolve</font></font>

|c|☆kecleonismyhomie|nahhh
|c|☆zS|and probably cuz I’m cb ada
|c| Ereshkigal|lol
|c|#Specs|that would do it :)
|
|t:|1641064008
|switch|p2a: Sandslash|Sandslash-Alola, F|23/100
|turn|14
|
|t:|1641064017
|move|p2a: Sandslash|Earthquake|p1a: Glastrier
|-damage|p1a: Glastrier|32/100
|move|p1a: Glastrier|Icicle Crash|p2a: Sandslash
|-resisted|p2a: Sandslash
|-damage|p2a: Sandslash|0 fnt
|faint|p2a: Sandslash
|-ability|p1a: Glastrier|Chilling Neigh|boost
|-boost|p1a: Glastrier|atk|1
|
|upkeep
|c|☆zS|omg
|c|☆kecleonismyhomie|that is not togedemaru
|c|☆zS|I’m like
|c|☆zS|100% sure
|c|☆zS|i ate iron head
|c|☆zS|LOL
|c|+Gva|Yeah
|c|☆kecleonismyhomie|u did not
|c| Ereshkigal|u do eat
|c|☆kecleonismyhomie|unless u have bulk
|c|+Heracross2.0|0 Atk Togedemaru Iron Head vs. 0 HP / 0 Def Glastrier: 134-162 (39.2 - 47.5%) -- guaranteed 2HKO
|c|☆zS|I have 24 hps
|c|+Heracross2.0|Yup
|c|☆kecleonismyhomie|which the giga damags suggest u dont
|c|☆zS|!showset 1
|c| zS|/raw <div class="infobox">Glastrier @ Choice Band  <br />Ability: Chilling Neigh  <br />EVs: 24 HP &#x2f; 252 Atk &#x2f; 232 Spe  <br />Adamant Nature  <br />- Icicle Crash  <br />- Close Combat  <br />- High Horsepower  <br />- Throat Chop  <br /><br /></div>
|c|☆kecleonismyhomie|252 Atk Sandslash-Alola Iron Head vs. 24 HP / 0 Def Glastrier: 174-206 (50.1 - 59.3%) -- guaranteed 2HKO
|c|+Heracross2.0|What's the Speed for
|c|☆zS|Right
|c|☆zS|mid roll
|c|☆zS|and it’s for scrafty
|c|☆kecleonismyhomie|was at 53/54
|c|+Heracross2.0|I see
|c|☆zS|i was at 54 round
|c|☆zS|saw it before clicking
|
|t:|1641064120
|switch|p2a: Silvally|Silvally-Ghost|100/100
|turn|15
|
|t:|1641064126
|move|p2a: Silvally|Multi-Attack|p1a: Glastrier
|-damage|p1a: Glastrier|0 fnt
|faint|p1a: Glastrier
|
|upkeep
|j| Juno
|
|t:|1641064128
|switch|p1a: Espeon|Espeon, M|4/100
|turn|16
|c| Ereshkigal|why throat chop when u've crunch ?
|
|t:|1641064135
|move|p1a: Espeon|Psychic|p2a: Silvally
|-damage|p2a: Silvally|23/100
|move|p2a: Silvally|Flame Charge|p1a: Espeon
|-damage|p1a: Espeon|0 fnt
|-boost|p2a: Silvally|spe|1
|faint|p1a: Espeon
|
|upkeep
|
|t:|1641064137
|switch|p1a: Ninjask|Ninjask, F|100/100
|turn|17
|
|t:|1641064146
|switch|p2a: Regirock|Regirock|42/100
|move|p1a: Ninjask|Protect||[still]
|-fail|p1a: Ninjask
|
|-heal|p2a: Regirock|48/100|[from] item: Leftovers
|-ability|p1a: Ninjask|Speed Boost|boost
|-boost|p1a: Ninjask|spe|1
|upkeep
|turn|18
|c| Juno|espeon is pu???? LOL did it drop today
|c|+Heracross2.0|yup
|
|t:|1641064152
|move|p1a: Ninjask|U-turn|p2a: Regirock
|-damage|p2a: Regirock|32/100
|c|☆zS|yes
|
|t:|1641064155
|switch|p1a: Clefairy|Clefairy, M|100/100|[from]move: U-turn
|move|p2a: Regirock|Rock Blast|p1a: Clefairy
|-damage|p1a: Clefairy|90/100
|-damage|p1a: Clefairy|79/100
|-damage|p1a: Clefairy|70/100
|-damage|p1a: Clefairy|60/100
|-damage|p1a: Clefairy|49/100
|-hitcount|p1a: Clefairy|5
|
|-heal|p2a: Regirock|38/100|[from] item: Leftovers
|upkeep
|turn|19
|
|t:|1641064175
|move|p2a: Regirock|Stealth Rock|p1a: Clefairy
|-sidestart|p1: zS|move: Stealth Rock
|move|p1a: Clefairy|Moonblast|p2a: Regirock
|-crit|p2a: Regirock
|-damage|p2a: Regirock|11/100
|
|-heal|p2a: Regirock|17/100|[from] item: Leftovers
|upkeep
|turn|20
|c|#Specs|we also lost tsar Juno
|c| Juno|oh wow
|c| Juno|thats bad
|c|☆zS|stop staying it’s bad wtf :(
|c|☆zS|i actually think it’s good news
|c|#Specs|mixed bag
|c|+Gva|bro do you have another variant of this team but with gigalith and slash instead
|c|☆zS|the tier will hopefully finally diversify itself
|
|t:|1641064242
|move|p2a: Regirock|Iron Defense|p2a: Regirock
|-boost|p2a: Regirock|def|2
|move|p1a: Clefairy|Soft-Boiled|p1a: Clefairy
|-heal|p1a: Clefairy|99/100
|
|-heal|p2a: Regirock|23/100|[from] item: Leftovers
|upkeep
|turn|21
|
|t:|1641064246
|move|p2a: Regirock|Body Press|p1a: Clefairy
|-resisted|p1a: Clefairy
|-damage|p1a: Clefairy|54/100
|move|p1a: Clefairy|Moonblast|p2a: Regirock
|-damage|p2a: Regirock|6/100
|
|-heal|p2a: Regirock|12/100|[from] item: Leftovers
|upkeep
|turn|22
|
|t:|1641064250
|move|p2a: Regirock|Body Press|p1a: Clefairy
|-resisted|p1a: Clefairy
|-damage|p1a: Clefairy|12/100
|move|p1a: Clefairy|Moonblast|p2a: Regirock
|-damage|p2a: Regirock|0 fnt
|faint|p2a: Regirock
|
|upkeep
|
|t:|1641064267
|switch|p2a: Weezing|Weezing, F|100/100
|turn|23
|
|t:|1641064270
|move|p2a: Weezing|Sludge Bomb|p1a: Clefairy
|-supereffective|p1a: Clefairy
|-damage|p1a: Clefairy|0 fnt
|faint|p1a: Clefairy
|
|upkeep
|
|t:|1641064272
|switch|p1a: Togedemaru|Togedemaru, F|100/100
|-damage|p1a: Togedemaru|95/100|[from] Stealth Rock
|turn|24
|
|t:|1641064277
|move|p1a: Togedemaru|Iron Head|p2a: Weezing
|-damage|p2a: Weezing|84/100
|-damage|p1a: Togedemaru|78/100|[from] item: Rocky Helmet|[of] p2a: Weezing
|move|p2a: Weezing|Will-O-Wisp|p1a: Togedemaru
|-status|p1a: Togedemaru|brn
|
|-heal|p1a: Togedemaru|84/100 brn|[from] item: Leftovers
|-damage|p1a: Togedemaru|78/100 brn|[from] brn
|upkeep
|turn|25
|
|t:|1641064294
|move|p1a: Togedemaru|Wish|p1a: Togedemaru
|move|p2a: Weezing|Toxic Spikes|p1a: Togedemaru
|-sidestart|p1: zS|move: Toxic Spikes
|
|-heal|p1a: Togedemaru|84/100 brn|[from] item: Leftovers
|-damage|p1a: Togedemaru|78/100 brn|[from] brn
|upkeep
|turn|26
|
|t:|1641064303
|move|p1a: Togedemaru|Iron Head|p2a: Weezing
|-damage|p2a: Weezing|76/100
|-damage|p1a: Togedemaru|62/100 brn|[from] item: Rocky Helmet|[of] p2a: Weezing
|move|p2a: Weezing|Will-O-Wisp|p1a: Togedemaru
|-fail|p1a: Togedemaru|brn
|
|-heal|p1a: Togedemaru|100/100 brn|[from] move: Wish|[wisher] Togedemaru
|-damage|p1a: Togedemaru|95/100 brn|[from] brn
|upkeep
|turn|27
|
|t:|1641064307
|move|p1a: Togedemaru|Wish|p1a: Togedemaru
|move|p2a: Weezing|Toxic Spikes|p1a: Togedemaru
|-sidestart|p1: zS|move: Toxic Spikes
|
|-heal|p1a: Togedemaru|100/100 brn|[from] item: Leftovers
|-damage|p1a: Togedemaru|95/100 brn|[from] brn
|upkeep
|turn|28
|
|t:|1641064309
|move|p1a: Togedemaru|Iron Head|p2a: Weezing
|-damage|p2a: Weezing|66/100
|-damage|p1a: Togedemaru|78/100 brn|[from] item: Rocky Helmet|[of] p2a: Weezing
|move|p2a: Weezing|Will-O-Wisp|p1a: Togedemaru
|-fail|p1a: Togedemaru|brn
|
|-heal|p1a: Togedemaru|100/100 brn|[from] move: Wish|[wisher] Togedemaru
|-damage|p1a: Togedemaru|95/100 brn|[from] brn
|upkeep
|turn|29
|
|t:|1641064313
|move|p1a: Togedemaru|Iron Head|p2a: Weezing
|-damage|p2a: Weezing|58/100
|-damage|p1a: Togedemaru|78/100 brn|[from] item: Rocky Helmet|[of] p2a: Weezing
|move|p2a: Weezing|Toxic Spikes||[still]
|-fail|p2a: Weezing
|
|-heal|p1a: Togedemaru|84/100 brn|[from] item: Leftovers
|-damage|p1a: Togedemaru|78/100 brn|[from] brn
|upkeep
|turn|30
|j| MonsterOfManilla
|
|t:|1641064319
|move|p1a: Togedemaru|Wish|p1a: Togedemaru
|move|p2a: Weezing|Pain Split|p1a: Togedemaru
|-sethp|p1a: Togedemaru|68/100 brn|[from] move: Pain Split|[silent]
|-sethp|p2a: Weezing|68/100|[from] move: Pain Split
|
|-heal|p1a: Togedemaru|74/100 brn|[from] item: Leftovers
|-damage|p1a: Togedemaru|68/100 brn|[from] brn
|upkeep
|turn|31
|
|t:|1641064328
|move|p1a: Togedemaru|Iron Head|p2a: Weezing
|-damage|p2a: Weezing|60/100
|-damage|p1a: Togedemaru|51/100 brn|[from] item: Rocky Helmet|[of] p2a: Weezing
|move|p2a: Weezing|Will-O-Wisp|p1a: Togedemaru
|-fail|p1a: Togedemaru|brn
|
|-heal|p1a: Togedemaru|100/100 brn|[from] move: Wish|[wisher] Togedemaru
|-damage|p1a: Togedemaru|95/100 brn|[from] brn
|upkeep
|turn|32
|
|t:|1641064333
|move|p1a: Togedemaru|Spiky Shield|p1a: Togedemaru
|-singleturn|p1a: Togedemaru|move: Protect
|move|p2a: Weezing|Pain Split|p1a: Togedemaru
|-activate|p1a: Togedemaru|move: Protect
|
|-heal|p1a: Togedemaru|100/100 brn|[from] item: Leftovers
|-damage|p1a: Togedemaru|95/100 brn|[from] brn
|upkeep
|turn|33
|
|t:|1641064340
|move|p1a: Togedemaru|U-turn|p2a: Weezing
|-resisted|p2a: Weezing
|-damage|p2a: Weezing|57/100
|-damage|p1a: Togedemaru|78/100 brn|[from] item: Rocky Helmet|[of] p2a: Weezing
|
|t:|1641064342
|switch|p1a: Ninjask|Ninjask, F|100/100|[from]move: U-turn
|-damage|p1a: Ninjask|51/100|[from] Stealth Rock
|move|p2a: Weezing|Pain Split|p1a: Ninjask
|-sethp|p1a: Ninjask|62/100|[from] move: Pain Split|[silent]
|-sethp|p2a: Weezing|49/100|[from] move: Pain Split
|
|upkeep
|turn|34
|
|t:|1641064356
|move|p1a: Ninjask|Acrobatics|p2a: Weezing
|-damage|p2a: Weezing|19/100
|-damage|p1a: Ninjask|45/100|[from] item: Rocky Helmet|[of] p2a: Weezing
|move|p2a: Weezing|Sludge Bomb|p1a: Ninjask
|-damage|p1a: Ninjask|0 fnt
|faint|p1a: Ninjask
|
|upkeep
|j|+Lockjaw
|j|+Oathkeeper
|l| Juno
|c|☆zS|hmm
|c|☆kecleonismyhomie|weezing is king
|c|☆kecleonismyhomie|or queen i suppose
|l| Fairlumbo
|c|☆zS|I maybe overthought this a lot
|c|+Heracross2.0|The funny thing is Toge can still win
|c|☆zS|i should’ve sd’d
|
|t:|1641064398
|switch|p1a: Togedemaru|Togedemaru, F|78/100 brn
|-damage|p1a: Togedemaru|72/100 brn|[from] Stealth Rock
|turn|35
|
|t:|1641064407
|move|p1a: Togedemaru|Iron Head|p2a: Weezing
|-damage|p2a: Weezing|10/100
|-damage|p1a: Togedemaru|56/100 brn|[from] item: Rocky Helmet|[of] p2a: Weezing
|move|p2a: Weezing|Pain Split|p1a: Togedemaru
|-sethp|p1a: Togedemaru|33/100 brn|[from] move: Pain Split|[silent]
|-sethp|p2a: Weezing|33/100|[from] move: Pain Split
|
|-heal|p1a: Togedemaru|39/100 brn|[from] item: Leftovers
|-damage|p1a: Togedemaru|33/100 brn|[from] brn
|upkeep
|turn|36
|
|t:|1641064427
|switch|p2a: Silvally|Silvally-Ghost|23/100
|move|p1a: Togedemaru|Wish|p1a: Togedemaru
|
|-heal|p1a: Togedemaru|39/100 brn|[from] item: Leftovers
|-damage|p1a: Togedemaru|33/100 brn|[from] brn
|upkeep
|turn|37
|
|t:|1641064458
|move|p1a: Togedemaru|Spiky Shield|p1a: Togedemaru
|-singleturn|p1a: Togedemaru|move: Protect
|move|p2a: Silvally|Multi-Attack|p1a: Togedemaru
|-activate|p1a: Togedemaru|move: Protect
|-damage|p2a: Silvally|11/100|[from] Spiky Shield|[of] p1a: Togedemaru
|
|-heal|p1a: Togedemaru|83/100 brn|[from] move: Wish|[wisher] Togedemaru
|-heal|p1a: Togedemaru|89/100 brn|[from] item: Leftovers
|-damage|p1a: Togedemaru|83/100 brn|[from] brn
|upkeep
|turn|38
|
|t:|1641064464
|switch|p2a: Weezing|Weezing, F|33/100
|move|p1a: Togedemaru|Wish|p1a: Togedemaru
|
|-heal|p1a: Togedemaru|89/100 brn|[from] item: Leftovers
|-damage|p1a: Togedemaru|83/100 brn|[from] brn
|upkeep
|turn|39
|
|t:|1641064468
|move|p1a: Togedemaru|Iron Head|p2a: Weezing
|-damage|p2a: Weezing|24/100
|-damage|p1a: Togedemaru|66/100 brn|[from] item: Rocky Helmet|[of] p2a: Weezing
|move|p2a: Weezing|Pain Split|p1a: Togedemaru
|-sethp|p1a: Togedemaru|45/100 brn|[from] move: Pain Split|[silent]
|-sethp|p2a: Weezing|45/100|[from] move: Pain Split
|
|-heal|p1a: Togedemaru|95/100 brn|[from] move: Wish|[wisher] Togedemaru
|-heal|p1a: Togedemaru|100/100 brn|[from] item: Leftovers
|-damage|p1a: Togedemaru|95/100 brn|[from] brn
|upkeep
|turn|40
|
|t:|1641064477
|move|p1a: Togedemaru|U-turn|p2a: Weezing
|-resisted|p2a: Weezing
|-damage|p2a: Weezing|42/100
|-damage|p1a: Togedemaru|78/100 brn|[from] item: Rocky Helmet|[of] p2a: Weezing
|move|p2a: Weezing|Pain Split|p1a: Togedemaru
|-sethp|p1a: Togedemaru|60/100 brn|[from] move: Pain Split|[silent]
|-sethp|p2a: Weezing|60/100|[from] move: Pain Split
|
|-heal|p1a: Togedemaru|66/100 brn|[from] item: Leftovers
|-damage|p1a: Togedemaru|60/100 brn|[from] brn
|upkeep
|turn|41
|
|t:|1641064482
|move|p1a: Togedemaru|U-turn|p2a: Weezing
|-resisted|p2a: Weezing
|-damage|p2a: Weezing|57/100
|-damage|p1a: Togedemaru|44/100 brn|[from] item: Rocky Helmet|[of] p2a: Weezing
|move|p2a: Weezing|Will-O-Wisp|p1a: Togedemaru
|-fail|p1a: Togedemaru|brn
|
|-heal|p1a: Togedemaru|50/100 brn|[from] item: Leftovers
|-damage|p1a: Togedemaru|44/100 brn|[from] brn
|upkeep
|turn|42
|
|t:|1641064487
|move|p1a: Togedemaru|Wish|p1a: Togedemaru
|move|p2a: Weezing|Toxic Spikes||[still]
|-fail|p2a: Weezing
|
|-heal|p1a: Togedemaru|50/100 brn|[from] item: Leftovers
|-damage|p1a: Togedemaru|44/100 brn|[from] brn
|upkeep
|turn|43
|
|t:|1641064489
|move|p1a: Togedemaru|U-turn|p2a: Weezing
|-resisted|p2a: Weezing
|-crit|p2a: Weezing
|-damage|p2a: Weezing|53/100
|-damage|p1a: Togedemaru|27/100 brn|[from] item: Rocky Helmet|[of] p2a: Weezing
|move|p2a: Weezing|Toxic Spikes||[still]
|-fail|p2a: Weezing
|
|-heal|p1a: Togedemaru|77/100 brn|[from] move: Wish|[wisher] Togedemaru
|-heal|p1a: Togedemaru|83/100 brn|[from] item: Leftovers
|-damage|p1a: Togedemaru|77/100 brn|[from] brn
|upkeep
|turn|44
|
|t:|1641064494
|move|p1a: Togedemaru|U-turn|p2a: Weezing
|-resisted|p2a: Weezing
|-damage|p2a: Weezing|51/100
|-damage|p1a: Togedemaru|61/100 brn|[from] item: Rocky Helmet|[of] p2a: Weezing
|move|p2a: Weezing|Toxic Spikes||[still]
|-fail|p2a: Weezing
|
|-heal|p1a: Togedemaru|67/100 brn|[from] item: Leftovers
|-damage|p1a: Togedemaru|61/100 brn|[from] brn
|upkeep
|turn|45
|
|t:|1641064498
|move|p1a: Togedemaru|Wish|p1a: Togedemaru
|move|p2a: Weezing|Will-O-Wisp|p1a: Togedemaru
|-fail|p1a: Togedemaru|brn
|
|-heal|p1a: Togedemaru|67/100 brn|[from] item: Leftovers
|-damage|p1a: Togedemaru|61/100 brn|[from] brn
|upkeep
|turn|46
|
|t:|1641064504
|move|p1a: Togedemaru|Iron Head|p2a: Weezing
|-damage|p2a: Weezing|42/100
|-damage|p1a: Togedemaru|44/100 brn|[from] item: Rocky Helmet|[of] p2a: Weezing
|move|p2a: Weezing|Toxic Spikes||[still]
|-fail|p2a: Weezing
|
|-heal|p1a: Togedemaru|94/100 brn|[from] move: Wish|[wisher] Togedemaru
|-heal|p1a: Togedemaru|99/100 brn|[from] item: Leftovers
|-damage|p1a: Togedemaru|94/100 brn|[from] brn
|upkeep
|turn|47
|
|t:|1641064507
|move|p1a: Togedemaru|Iron Head|p2a: Weezing
|-damage|p2a: Weezing|34/100
|-damage|p1a: Togedemaru|78/100 brn|[from] item: Rocky Helmet|[of] p2a: Weezing
|cant|p2a: Weezing|flinch
|
|-heal|p1a: Togedemaru|84/100 brn|[from] item: Leftovers
|-damage|p1a: Togedemaru|78/100 brn|[from] brn
|upkeep
|turn|48
|
|t:|1641064511
|move|p1a: Togedemaru|U-turn|p2a: Weezing
|-resisted|p2a: Weezing
|-damage|p2a: Weezing|31/100
|-damage|p1a: Togedemaru|61/100 brn|[from] item: Rocky Helmet|[of] p2a: Weezing
|move|p2a: Weezing|Pain Split|p1a: Togedemaru
|-sethp|p1a: Togedemaru|46/100 brn|[from] move: Pain Split|[silent]
|-sethp|p2a: Weezing|46/100|[from] move: Pain Split
|
|-heal|p1a: Togedemaru|52/100 brn|[from] item: Leftovers
|-damage|p1a: Togedemaru|46/100 brn|[from] brn
|upkeep
|turn|49
|
|t:|1641064517
|move|p1a: Togedemaru|Wish|p1a: Togedemaru
|move|p2a: Weezing|Will-O-Wisp|p1a: Togedemaru
|-fail|p1a: Togedemaru|brn
|
|-heal|p1a: Togedemaru|52/100 brn|[from] item: Leftovers
|-damage|p1a: Togedemaru|46/100 brn|[from] brn
|upkeep
|turn|50
|
|t:|1641064521
|move|p1a: Togedemaru|U-turn|p2a: Weezing
|-resisted|p2a: Weezing
|-damage|p2a: Weezing|44/100
|-damage|p1a: Togedemaru|30/100 brn|[from] item: Rocky Helmet|[of] p2a: Weezing
|move|p2a: Weezing|Toxic Spikes||[still]
|-fail|p2a: Weezing
|
|-heal|p1a: Togedemaru|80/100 brn|[from] move: Wish|[wisher] Togedemaru
|-heal|p1a: Togedemaru|86/100 brn|[from] item: Leftovers
|-damage|p1a: Togedemaru|80/100 brn|[from] brn
|upkeep
|turn|51
|
|t:|1641064525
|move|p1a: Togedemaru|U-turn|p2a: Weezing
|-resisted|p2a: Weezing
|-damage|p2a: Weezing|42/100
|-damage|p1a: Togedemaru|63/100 brn|[from] item: Rocky Helmet|[of] p2a: Weezing
|move|p2a: Weezing|Will-O-Wisp|p1a: Togedemaru
|-fail|p1a: Togedemaru|brn
|
|-heal|p1a: Togedemaru|69/100 brn|[from] item: Leftovers
|-damage|p1a: Togedemaru|63/100 brn|[from] brn
|upkeep
|turn|52
|
|t:|1641064527
|move|p1a: Togedemaru|U-turn|p2a: Weezing
|-resisted|p2a: Weezing
|-crit|p2a: Weezing
|-damage|p2a: Weezing|38/100
|-damage|p1a: Togedemaru|47/100 brn|[from] item: Rocky Helmet|[of] p2a: Weezing
|move|p2a: Weezing|Pain Split|p1a: Togedemaru
|-sethp|p1a: Togedemaru|42/100 brn|[from] move: Pain Split|[silent]
|-sethp|p2a: Weezing|42/100|[from] move: Pain Split
|
|-heal|p1a: Togedemaru|48/100 brn|[from] item: Leftovers
|-damage|p1a: Togedemaru|42/100 brn|[from] brn
|upkeep
|turn|53
|
|t:|1641064532
|move|p1a: Togedemaru|Spiky Shield|p1a: Togedemaru
|-singleturn|p1a: Togedemaru|move: Protect
|move|p2a: Weezing|Will-O-Wisp|p1a: Togedemaru
|-activate|p1a: Togedemaru|move: Protect
|
|-heal|p1a: Togedemaru|48/100 brn|[from] item: Leftovers
|-damage|p1a: Togedemaru|42/100 brn|[from] brn
|upkeep
|turn|54
|
|t:|1641064536
|move|p1a: Togedemaru|Wish|p1a: Togedemaru
|move|p2a: Weezing|Toxic Spikes||[still]
|-fail|p2a: Weezing
|
|-heal|p1a: Togedemaru|48/100 brn|[from] item: Leftovers
|-damage|p1a: Togedemaru|42/100 brn|[from] brn
|upkeep
|turn|55
|
|t:|1641064538
|move|p1a: Togedemaru|U-turn|p2a: Weezing
|-resisted|p2a: Weezing
|-damage|p2a: Weezing|40/100
|-damage|p1a: Togedemaru|26/100 brn|[from] item: Rocky Helmet|[of] p2a: Weezing
|move|p2a: Weezing|Toxic Spikes||[still]
|-fail|p2a: Weezing
|
|-heal|p1a: Togedemaru|76/100 brn|[from] move: Wish|[wisher] Togedemaru
|-heal|p1a: Togedemaru|82/100 brn|[from] item: Leftovers
|-damage|p1a: Togedemaru|76/100 brn|[from] brn
|upkeep
|turn|56
|l| LettuceLeaf07
|
|t:|1641064543
|move|p1a: Togedemaru|U-turn|p2a: Weezing
|-resisted|p2a: Weezing
|-damage|p2a: Weezing|37/100
|-damage|p1a: Togedemaru|59/100 brn|[from] item: Rocky Helmet|[of] p2a: Weezing
|move|p2a: Weezing|Pain Split|p1a: Togedemaru
|-sethp|p1a: Togedemaru|48/100 brn|[from] move: Pain Split|[silent]
|-sethp|p2a: Weezing|48/100|[from] move: Pain Split
|
|-heal|p1a: Togedemaru|54/100 brn|[from] item: Leftovers
|-damage|p1a: Togedemaru|48/100 brn|[from] brn
|upkeep
|turn|57
|
|t:|1641064549
|move|p1a: Togedemaru|U-turn|p2a: Weezing
|-resisted|p2a: Weezing
|-damage|p2a: Weezing|46/100
|-damage|p1a: Togedemaru|32/100 brn|[from] item: Rocky Helmet|[of] p2a: Weezing
|move|p2a: Weezing|Toxic Spikes||[still]
|-fail|p2a: Weezing
|
|-heal|p1a: Togedemaru|38/100 brn|[from] item: Leftovers
|-damage|p1a: Togedemaru|32/100 brn|[from] brn
|upkeep
|turn|58
|
|t:|1641064555
|move|p1a: Togedemaru|Iron Head|p2a: Weezing
|-damage|p2a: Weezing|38/100
|-damage|p1a: Togedemaru|15/100 brn|[from] item: Rocky Helmet|[of] p2a: Weezing
|move|p2a: Weezing|Will-O-Wisp|p1a: Togedemaru
|-fail|p1a: Togedemaru|brn
|
|-heal|p1a: Togedemaru|21/100 brn|[from] item: Leftovers
|-damage|p1a: Togedemaru|15/100 brn|[from] brn
|upkeep
|turn|59
|
|t:|1641064580
|move|p1a: Togedemaru|Wish|p1a: Togedemaru
|move|p2a: Weezing|Toxic Spikes||[still]
|-fail|p2a: Weezing
|
|-heal|p1a: Togedemaru|21/100 brn|[from] item: Leftovers
|-damage|p1a: Togedemaru|15/100 brn|[from] brn
|upkeep
|turn|60
|
|t:|1641064585
|move|p1a: Togedemaru|Spiky Shield|p1a: Togedemaru
|-singleturn|p1a: Togedemaru|move: Protect
|move|p2a: Weezing|Toxic Spikes||[still]
|-fail|p2a: Weezing
|
|-heal|p1a: Togedemaru|65/100 brn|[from] move: Wish|[wisher] Togedemaru
|-heal|p1a: Togedemaru|71/100 brn|[from] item: Leftovers
|-damage|p1a: Togedemaru|65/100 brn|[from] brn
|upkeep
|turn|61
|
|t:|1641064589
|move|p1a: Togedemaru|U-turn|p2a: Weezing
|-resisted|p2a: Weezing
|-crit|p2a: Weezing
|-damage|p2a: Weezing|34/100
|-damage|p1a: Togedemaru|49/100 brn|[from] item: Rocky Helmet|[of] p2a: Weezing
|move|p2a: Weezing|Pain Split|p1a: Togedemaru
|-sethp|p1a: Togedemaru|42/100 brn|[from] move: Pain Split|[silent]
|-sethp|p2a: Weezing|42/100|[from] move: Pain Split
|
|-heal|p1a: Togedemaru|48/100 brn|[from] item: Leftovers
|-damage|p1a: Togedemaru|42/100 brn|[from] brn
|upkeep
|turn|62
|
|t:|1641064593
|move|p1a: Togedemaru|Iron Head|p2a: Weezing
|-damage|p2a: Weezing|33/100
|-damage|p1a: Togedemaru|25/100 brn|[from] item: Rocky Helmet|[of] p2a: Weezing
|move|p2a: Weezing|Will-O-Wisp|p1a: Togedemaru
|-fail|p1a: Togedemaru|brn
|
|-heal|p1a: Togedemaru|31/100 brn|[from] item: Leftovers
|-damage|p1a: Togedemaru|25/100 brn|[from] brn
|upkeep
|turn|63
|
|t:|1641064598
|move|p1a: Togedemaru|Iron Head|p2a: Weezing
|-damage|p2a: Weezing|25/100
|-damage|p1a: Togedemaru|9/100 brn|[from] item: Rocky Helmet|[of] p2a: Weezing
|move|p2a: Weezing|Will-O-Wisp|p1a: Togedemaru
|-fail|p1a: Togedemaru|brn
|
|-heal|p1a: Togedemaru|15/100 brn|[from] item: Leftovers
|-damage|p1a: Togedemaru|9/100 brn|[from] brn
|upkeep
|turn|64
|
|t:|1641064609
|move|p1a: Togedemaru|Wish|p1a: Togedemaru
|move|p2a: Weezing|Toxic Spikes||[still]
|-fail|p2a: Weezing
|
|-heal|p1a: Togedemaru|15/100 brn|[from] item: Leftovers
|-damage|p1a: Togedemaru|9/100 brn|[from] brn
|upkeep
|turn|65
|
|t:|1641064612
|move|p1a: Togedemaru|Spiky Shield|p1a: Togedemaru
|-singleturn|p1a: Togedemaru|move: Protect
|move|p2a: Weezing|Toxic Spikes||[still]
|-fail|p2a: Weezing
|
|-heal|p1a: Togedemaru|59/100 brn|[from] move: Wish|[wisher] Togedemaru
|-heal|p1a: Togedemaru|65/100 brn|[from] item: Leftovers
|-damage|p1a: Togedemaru|59/100 brn|[from] brn
|upkeep
|turn|66
|
|t:|1641064615
|move|p1a: Togedemaru|Iron Head|p2a: Weezing
|-damage|p2a: Weezing|17/100
|-damage|p1a: Togedemaru|42/100 brn|[from] item: Rocky Helmet|[of] p2a: Weezing
|cant|p2a: Weezing|flinch
|
|-heal|p1a: Togedemaru|48/100 brn|[from] item: Leftovers
|-damage|p1a: Togedemaru|42/100 brn|[from] brn
|upkeep
|turn|67
|
|t:|1641064621
|move|p1a: Togedemaru|Iron Head|p2a: Weezing
|-damage|p2a: Weezing|9/100
|-damage|p1a: Togedemaru|26/100 brn|[from] item: Rocky Helmet|[of] p2a: Weezing
|move|p2a: Weezing|Pain Split|p1a: Togedemaru
|-sethp|p1a: Togedemaru|17/100 brn|[from] move: Pain Split|[silent]
|-sethp|p2a: Weezing|17/100|[from] move: Pain Split
|
|-heal|p1a: Togedemaru|23/100 brn|[from] item: Leftovers
|-damage|p1a: Togedemaru|17/100 brn|[from] brn
|upkeep
|turn|68
|j|+CJEY
|
|t:|1641064652
|switch|p2a: Silvally|Silvally-Ghost|11/100
|move|p1a: Togedemaru|Iron Head|p2a: Silvally
|-damage|p2a: Silvally|0 fnt
|faint|p2a: Silvally
|
|-heal|p1a: Togedemaru|23/100 brn|[from] item: Leftovers
|-damage|p1a: Togedemaru|17/100 brn|[from] brn
|upkeep
|
|t:|1641064657
|switch|p2a: Weezing|Weezing, F|17/100
|turn|69
|
|t:|1641064662
|move|p1a: Togedemaru|Spiky Shield|p1a: Togedemaru
|-singleturn|p1a: Togedemaru|move: Protect
|move|p2a: Weezing|Toxic Spikes||[still]
|-fail|p2a: Weezing
|
|-heal|p1a: Togedemaru|23/100 brn|[from] item: Leftovers
|-damage|p1a: Togedemaru|17/100 brn|[from] brn
|upkeep
|turn|70
|
|t:|1641064666
|move|p1a: Togedemaru|Wish|p1a: Togedemaru
|move|p2a: Weezing|Toxic Spikes||[still]
|-fail|p2a: Weezing
|
|-heal|p1a: Togedemaru|23/100 brn|[from] item: Leftovers
|-damage|p1a: Togedemaru|17/100 brn|[from] brn
|upkeep
|turn|71
|l| Ereshkigal
|c|☆zS|can someone remind what the exact percentage of rh is?
|c|☆kecleonismyhomie|!Dt rocky helmet
|raw|<ul class="utilichart"><li class="result"><span class="col itemiconcol"><psicon item="rockyhelmet"></span> <span class="col namecol"><a href="https://dex.pokemonshowdown.com/items/rockyhelmet">Rocky Helmet</a></span> <span class="col itemdesccol">If holder is hit by a contact move, the attacker loses 1/6 of its max HP.</span> </li><li style="clear:both"></li></ul>
|raw|<font size="1"><font color="#686868">Gen:</font> 5&nbsp;|&ThickSpace;<font color="#686868">Fling Base Power:</font> 60</font>

|c|#Specs|16
|c|+Gva|16%
|j| Ereshkigal
|
|t:|1641064717
|move|p1a: Togedemaru|Spiky Shield|p1a: Togedemaru
|-singleturn|p1a: Togedemaru|move: Protect
|move|p2a: Weezing|Toxic Spikes||[still]
|-fail|p2a: Weezing
|
|-heal|p1a: Togedemaru|67/100 brn|[from] move: Wish|[wisher] Togedemaru
|-heal|p1a: Togedemaru|73/100 brn|[from] item: Leftovers
|-damage|p1a: Togedemaru|67/100 brn|[from] brn
|upkeep
|turn|72
|
|t:|1641064726
|move|p1a: Togedemaru|Iron Head|p2a: Weezing
|-damage|p2a: Weezing|8/100
|-damage|p1a: Togedemaru|50/100 brn|[from] item: Rocky Helmet|[of] p2a: Weezing
|cant|p2a: Weezing|flinch
|
|-heal|p1a: Togedemaru|56/100 brn|[from] item: Leftovers
|-damage|p1a: Togedemaru|50/100 brn|[from] brn
|upkeep
|turn|73
|c|☆zS|I guess this a way
|c|☆kecleonismyhomie|jirachi wins again
|c|☆zS|jirachi is too good
|c|☆zS|LOL
|c|☆zS|gg
|c|☆kecleonismyhomie|u did get the couple guessing turns right too tho vs hostvaly
|
|t:|1641064758
|move|p1a: Togedemaru|Iron Head|p2a: Weezing
|-damage|p2a: Weezing|0 fnt
|-damage|p1a: Togedemaru|34/100 brn|[from] item: Rocky Helmet|[of] p2a: Weezing
|faint|p2a: Weezing
|
|win|zS
|n|☆zS|zs
|n|☆kecleonismyhomie|kecleonismyhomie
|n| farting so hard|fartingsohard
|n|+Specs|specs
|n| Gva|gva
|n| yassy slay|yassyslay
|n| Heracross2.0|heracross20
|n| MonsterOfManilla|monsterofmanilla
|n|+Lockjaw|lockjaw
|n|+Oathkeeper|oathkeeper
|n|+CJEY|cjey
|n| Ereshkigal|ereshkigal
