|j|☆karrakarra
|j|☆Test 58
|t:|1608285022
|player|p1|karrakarra|saturn|
|player|p2|Test 58|yellow|
|teamsize|p1|6
|teamsize|p2|6
|gametype|singles
|gen|8
|tier|[Gen 8] PU
|rated|Tournament battle
|clearpoke
|poke|p1|Rotom|
|poke|p1|Toxicroak, F|
|poke|p1|Aggron, M|
|poke|p1|Absol, F|
|poke|p1|Druddigon, M|
|poke|p1|Accelgor, M|
|poke|p2|Raichu-Alola, M|
|poke|p2|Pincurchin, M|
|poke|p2|Runerigus, M|
|poke|p2|Talonflame, F|
|poke|p2|Sceptile, M|
|poke|p2|Hitmonlee, M|
|rule|Sleep Clause Mod: Limit one foe put to sleep
|rule|Species Clause: Limit one of each Pokémon
|rule|OHKO Clause: OHKO moves are banned
|rule|Evasion Moves Clause: Evasion moves are banned
|rule|Endless Battle Clause: Forcing endless battles is banned
|rule|HP Percentage Mod: HP is shown in percentages
|rule|Dynamax Clause: You cannot dynamax
|teampreview
|
|t:|1608285040
|start
|switch|p1a: Rotom|Rotom|100/100
|switch|p2a: Runerigus|Runerigus, M|100/100
|turn|1
|
|t:|1608285045
|move|p1a: Rotom|Toxic|p2a: Runerigus
|-status|p2a: Runerigus|tox
|move|p2a: Runerigus|Stealth Rock|p1a: Rotom
|-sidestart|p1: karrakarra|move: Stealth Rock
|
|-damage|p2a: Runerigus|94/100 tox|[from] psn
|upkeep
|turn|2
|
|t:|1608285092
|move|p1a: Rotom|Hex|p2a: Runerigus
|-supereffective|p2a: Runerigus
|-damage|p2a: Runerigus|27/100 tox
|move|p2a: Runerigus|Poltergeist|p1a: Rotom
|-activate|p1a: Rotom|move: Poltergeist|Colbur Berry
|-supereffective|p1a: Rotom
|-damage|p1a: Rotom|31/100
|
|-damage|p2a: Runerigus|14/100 tox|[from] psn
|upkeep
|turn|3
|
|t:|1608285101
|move|p1a: Rotom|Hex|p2a: Runerigus
|-supereffective|p2a: Runerigus
|-damage|p2a: Runerigus|0 fnt
|faint|p2a: Runerigus
|
|upkeep
|
|t:|1608285114
|switch|p2a: Raichu|Raichu-Alola, M|100/100
|turn|4
|
|t:|1608285118
|move|p2a: Raichu|Psychic|p1a: Rotom
|-damage|p1a: Rotom|0 fnt
|-damage|p2a: Raichu|91/100|[from] item: Life Orb
|faint|p1a: Rotom
|
|upkeep
|
|t:|1608285124
|switch|p1a: Accelgor|Accelgor, M|100/100
|turn|5
|
|t:|1608285129
|switch|p2a: Pincurchin|Pincurchin, M|100/100
|-fieldstart|move: Electric Terrain|[from] ability: Electric Surge|[of] p2a: Pincurchin
|move|p1a: Accelgor|Bug Buzz|p2a: Pincurchin
|-damage|p2a: Pincurchin|48/100
|
|upkeep
|turn|6
|
|t:|1608285152
|switch|p2a: Talonflame|Talonflame, F|100/100
|move|p1a: Accelgor|Bug Buzz|p2a: Talonflame
|-resisted|p2a: Talonflame
|-damage|p2a: Talonflame|84/100
|
|upkeep
|turn|7
|
|t:|1608285160
|move|p1a: Accelgor|U-turn|p2a: Talonflame
|-resisted|p2a: Talonflame
|-damage|p2a: Talonflame|79/100
|
|t:|1608285162
|switch|p1a: Aggron|Aggron, M|100/100|[from]move: U-turn
|-damage|p1a: Aggron|94/100|[from] Stealth Rock
|move|p2a: Talonflame|Flare Blitz|p1a: Aggron
|-damage|p1a: Aggron|68/100
|-damage|p2a: Talonflame|69/100|[from] Recoil
|
|-heal|p1a: Aggron|74/100|[from] item: Leftovers
|upkeep
|turn|8
|
|t:|1608285178
|switch|p2a: Hitmonlee|Hitmonlee, M|100/100
|-enditem|p2a: Hitmonlee|Electric Seed
|-boost|p2a: Hitmonlee|def|1|[from] item: Electric Seed
|move|p1a: Aggron|Stealth Rock|p2a: Hitmonlee
|-sidestart|p2: Test 58|move: Stealth Rock
|
|-heal|p1a: Aggron|80/100|[from] item: Leftovers
|upkeep
|turn|9
|
|t:|1608285200
|move|p2a: Hitmonlee|Bulk Up|p2a: Hitmonlee
|-boost|p2a: Hitmonlee|atk|1
|-boost|p2a: Hitmonlee|def|1
|move|p1a: Aggron|Heavy Slam|p2a: Hitmonlee
|-damage|p2a: Hitmonlee|51/100
|
|-heal|p1a: Aggron|87/100|[from] item: Leftovers
|upkeep
|turn|10
|
|t:|1608285226
|switch|p1a: Accelgor|Accelgor, M|100/100
|move|p2a: Hitmonlee|Earthquake|p1a: Accelgor
|-resisted|p1a: Accelgor
|-damage|p1a: Accelgor|33/100
|
|upkeep
|turn|11
|
|t:|1608285235
|move|p2a: Hitmonlee|Earthquake|p1a: Accelgor
|-resisted|p1a: Accelgor
|-damage|p1a: Accelgor|0 fnt
|faint|p1a: Accelgor
|
|upkeep
|
|t:|1608285249
|switch|p1a: Druddigon|Druddigon, M|100/100
|-damage|p1a: Druddigon|88/100|[from] Stealth Rock
|turn|12
|
|t:|1608285256
|move|p2a: Hitmonlee|Close Combat|p1a: Druddigon
|-damage|p1a: Druddigon|0 fnt
|-unboost|p2a: Hitmonlee|def|1
|-unboost|p2a: Hitmonlee|spd|1
|-damage|p2a: Hitmonlee|38/100|[from] ability: Rough Skin|[of] p1a: Druddigon
|faint|p1a: Druddigon
|
|-fieldend|move: Electric Terrain
|upkeep
|
|t:|1608285266
|switch|p1a: Toxicroak|Toxicroak, F|100/100
|-damage|p1a: Toxicroak|94/100|[from] Stealth Rock
|turn|13
|
|t:|1608285268
|move|p1a: Toxicroak|Vacuum Wave|p2a: Hitmonlee
|-damage|p2a: Hitmonlee|0 fnt
|-damage|p1a: Toxicroak|85/100|[from] item: Life Orb
|faint|p2a: Hitmonlee
|
|upkeep
|
|t:|1608285279
|switch|p2a: Pincurchin|Pincurchin, M|48/100
|-damage|p2a: Pincurchin|36/100|[from] Stealth Rock
|-fieldstart|move: Electric Terrain|[from] ability: Electric Surge|[of] p2a: Pincurchin
|turn|14
|
|t:|1608285288
|move|p1a: Toxicroak|Sludge Wave|p2a: Pincurchin
|-damage|p2a: Pincurchin|0 fnt
|-damage|p1a: Toxicroak|75/100|[from] item: Life Orb
|faint|p2a: Pincurchin
|
|upkeep
|
|t:|1608285293
|switch|p2a: Sceptile|Sceptile, M|100/100
|-damage|p2a: Sceptile|88/100|[from] Stealth Rock
|-enditem|p2a: Sceptile|Electric Seed
|-boost|p2a: Sceptile|def|1|[from] item: Electric Seed
|turn|15
|
|t:|1608285296
|move|p2a: Sceptile|Acrobatics|p1a: Toxicroak
|-supereffective|p1a: Toxicroak
|-damage|p1a: Toxicroak|0 fnt
|faint|p1a: Toxicroak
|
|upkeep
|
|t:|1608285306
|switch|p1a: Absol|Absol, F|100/100
|-damage|p1a: Absol|88/100|[from] Stealth Rock
|turn|16
|
|t:|1608285310
|move|p2a: Sceptile|Drain Punch|p1a: Absol
|-supereffective|p1a: Absol
|-damage|p1a: Absol|13/100
|-heal|p2a: Sceptile|100/100|[from] drain|[of] p1a: Absol
|move|p1a: Absol|Close Combat|p2a: Sceptile
|-damage|p2a: Sceptile|51/100
|-unboost|p1a: Absol|def|1
|-unboost|p1a: Absol|spd|1
|
|upkeep
|turn|17
|
|t:|1608285319
|move|p1a: Absol|Sucker Punch|p2a: Sceptile
|-damage|p2a: Sceptile|0 fnt
|faint|p2a: Sceptile
|
|upkeep
|
|t:|1608285322
|switch|p2a: Talonflame|Talonflame, F|69/100
|turn|18
|
|t:|1608285333
|move|p1a: Absol|Sucker Punch||[still]
|-fail|p1a: Absol
|move|p2a: Talonflame|Roost|p2a: Talonflame
|-heal|p2a: Talonflame|100/100
|-singleturn|p2a: Talonflame|move: Roost
|
|upkeep
|turn|19
|
|t:|1608285343
|switch|p2a: Raichu|Raichu-Alola, M|91/100
|-damage|p2a: Raichu|78/100|[from] Stealth Rock
|switch|p1a: Aggron|Aggron, M|87/100
|-damage|p1a: Aggron|80/100|[from] Stealth Rock
|
|-heal|p1a: Aggron|87/100|[from] item: Leftovers
|upkeep
|turn|20
|
|t:|1608285357
|move|p2a: Raichu|Rising Voltage|p1a: Aggron
|-damage|p1a: Aggron|0 fnt
|-damage|p2a: Raichu|68/100|[from] item: Life Orb
|faint|p1a: Aggron
|
|upkeep
|-message|karrakarra forfeited.
|
|win|Test 58
|n|☆karrakarra|karrakarra
|n|☆Test 58|test58
|l|☆karrakarra
