|j|☆pult4c1 shane
|j|☆Tasteful
|t:|1660763584
|gametype|singles
|player|p1|pult4c1 shane|veteran|1495
|player|p2|Tasteful|169|1396
|teamsize|p1|6
|teamsize|p2|6
|gen|8
|tier|[Gen 8] PU
|rated|
|rule|Sleep Clause Mod: Limit one foe put to sleep
|rule|Species Clause: Limit one of each Pokémon
|rule|OHKO Clause: OHKO moves are banned
|rule|Evasion Items Clause: Evasion items are banned
|rule|Evasion Moves Clause: Evasion moves are banned
|rule|Endless Battle Clause: Forcing endless battles is banned
|rule|HP Percentage Mod: HP is shown in percentages
|rule|Dynamax Clause: You cannot dynamax
|clearpoke
|poke|p1|Sandslash, F|
|poke|p1|Gigalith, M|
|poke|p1|Eldegoss, F|
|poke|p1|Basculin, F|
|poke|p1|Scyther, M|
|poke|p1|Weezing, F|
|poke|p2|Gigalith, M|
|poke|p2|Lycanroc, F|
|poke|p2|Eldegoss, F|
|poke|p2|Frosmoth, M|
|poke|p2|Quagsire, M|
|poke|p2|Doublade, M|
|teampreview
|inactive|Battle timer is ON: inactive players will automatically lose when time's up. (requested by pult4c1 shane)
|
|t:|1660763615
|start
|switch|p1a: Weezing|Weezing, F|100/100
|switch|p2a: Doublade|Doublade, M|100/100
|-ability|p1a: Weezing|Neutralizing Gas
|turn|1
|
|t:|1660763629
|switch|p2a: Frosmoth|Frosmoth, M|100/100
|move|p1a: Weezing|Toxic Spikes|p2a: Frosmoth
|-sidestart|p2: Tasteful|move: Toxic Spikes
|
|upkeep
|turn|2
|
|t:|1660763645
|-end|p1a: Weezing|ability: Neutralizing Gas
|switch|p1a: Gigalith|Gigalith, M|100/100
|-weather|Sandstorm|[from] ability: Sand Stream|[of] p1a: Gigalith
|move|p2a: Frosmoth|Ice Beam|p1a: Gigalith
|-damage|p1a: Gigalith|75/100
|
|-weather|Sandstorm|[upkeep]
|-damage|p2a: Frosmoth|94/100|[from] Sandstorm
|-heal|p1a: Gigalith|82/100|[from] item: Leftovers
|upkeep
|turn|3
|
|t:|1660763655
|switch|p2a: Eldegoss|Eldegoss, F|100/100
|switch|p1a: Scyther|Scyther, M|100/100
|
|-weather|Sandstorm|[upkeep]
|-damage|p1a: Scyther|94/100|[from] Sandstorm
|-damage|p2a: Eldegoss|94/100|[from] Sandstorm
|upkeep
|turn|4
|
|t:|1660763665
|switch|p2a: Doublade|Doublade, M|100/100
|move|p1a: Scyther|Knock Off|p2a: Doublade
|-supereffective|p2a: Doublade
|-damage|p2a: Doublade|70/100
|-enditem|p2a: Doublade|Eviolite|[from] move: Knock Off|[of] p1a: Scyther
|
|-weather|Sandstorm|[upkeep]
|-damage|p1a: Scyther|88/100|[from] Sandstorm
|upkeep
|turn|5
|
|t:|1660763674
|switch|p2a: Eldegoss|Eldegoss, F|100/100
|move|p1a: Scyther|U-turn|p2a: Eldegoss
|-supereffective|p2a: Eldegoss
|-damage|p2a: Eldegoss|13/100
|
|t:|1660763679
|switch|p1a: Basculin|Basculin, F|100/100|[from]move: U-turn
|
|-weather|Sandstorm|[upkeep]
|-damage|p1a: Basculin|94/100|[from] Sandstorm
|-damage|p2a: Eldegoss|7/100|[from] Sandstorm
|upkeep
|turn|6
|
|t:|1660763684
|move|p1a: Basculin|Flip Turn|p2a: Eldegoss
|-resisted|p2a: Eldegoss
|-damage|p2a: Eldegoss|0 fnt
|faint|p2a: Eldegoss
|
|t:|1660763702
|switch|p1a: Gigalith|Gigalith, M|82/100|[from]move: Flip Turn
|
|-weather|none
|-heal|p1a: Gigalith|88/100|[from] item: Leftovers
|upkeep
|
|t:|1660763711
|switch|p2a: Lycanroc|Lycanroc, F|100/100
|-status|p2a: Lycanroc|psn
|turn|7
|
|t:|1660763715
|switch|p1a: Eldegoss|Eldegoss, F|100/100
|move|p2a: Lycanroc|Swords Dance|p2a: Lycanroc
|-boost|p2a: Lycanroc|atk|2
|
|-damage|p2a: Lycanroc|88/100 psn|[from] psn
|upkeep
|turn|8
|
|t:|1660763719
|move|p2a: Lycanroc|Stone Edge|p1a: Eldegoss
|-damage|p1a: Eldegoss|11/100
|-enditem|p1a: Eldegoss|Eject Button
|
|t:|1660763723
|switch|p1a: Basculin|Basculin, F|94/100
|
|-damage|p2a: Lycanroc|76/100 psn|[from] psn
|upkeep
|turn|9
|
|t:|1660763733
|switch|p2a: Doublade|Doublade, M|70/100
|move|p1a: Basculin|Flip Turn|p2a: Doublade
|-damage|p2a: Doublade|43/100
|
|t:|1660763740
|switch|p1a: Eldegoss|Eldegoss, F|44/100|[from]move: Flip Turn
|
|upkeep
|turn|10
|
|t:|1660763748
|move|p1a: Eldegoss|Sleep Powder|p2a: Doublade
|-status|p2a: Doublade|slp|[from] move: Sleep Powder
|cant|p2a: Doublade|slp
|
|upkeep
|turn|11
|
|t:|1660763754
|switch|p2a: Frosmoth|Frosmoth, M|94/100
|move|p1a: Eldegoss|Giga Drain|p2a: Frosmoth
|-resisted|p2a: Frosmoth
|-damage|p2a: Frosmoth|88/100
|-heal|p1a: Eldegoss|47/100|[from] drain|[of] p2a: Frosmoth
|
|upkeep
|turn|12
|
|t:|1660763760
|switch|p2a: Lycanroc|Lycanroc, F|76/100 psn
|switch|p1a: Gigalith|Gigalith, M|88/100
|-weather|Sandstorm|[from] ability: Sand Stream|[of] p1a: Gigalith
|
|-weather|Sandstorm|[upkeep]
|-heal|p1a: Gigalith|94/100|[from] item: Leftovers
|-damage|p2a: Lycanroc|63/100 psn|[from] psn
|upkeep
|turn|13
|
|t:|1660763764
|switch|p1a: Sandslash|Sandslash, F|100/100
|move|p2a: Lycanroc|Close Combat|p1a: Sandslash
|-damage|p1a: Sandslash|60/100
|-unboost|p2a: Lycanroc|def|1
|-unboost|p2a: Lycanroc|spd|1
|
|-weather|Sandstorm|[upkeep]
|-damage|p2a: Lycanroc|51/100 psn|[from] psn
|upkeep
|turn|14
|
|t:|1660763769
|switch|p2a: Quagsire|Quagsire, M|100/100
|-status|p2a: Quagsire|psn
|move|p1a: Sandslash|Earthquake|p2a: Quagsire
|-damage|p2a: Quagsire|54/100 psn
|-damage|p1a: Sandslash|50/100|[from] item: Life Orb
|
|-weather|Sandstorm|[upkeep]
|-damage|p2a: Quagsire|41/100 psn|[from] psn
|upkeep
|turn|15
|
|t:|1660763791
|switch|p1a: Eldegoss|Eldegoss, F|80/100
|move|p2a: Quagsire|Recover|p2a: Quagsire
|-heal|p2a: Quagsire|91/100 psn
|
|-weather|Sandstorm|[upkeep]
|-damage|p1a: Eldegoss|74/100|[from] Sandstorm
|-damage|p2a: Quagsire|79/100 psn|[from] psn
|upkeep
|turn|16
|
|t:|1660763798
|switch|p2a: Frosmoth|Frosmoth, M|88/100
|move|p1a: Eldegoss|Giga Drain|p2a: Frosmoth
|-resisted|p2a: Frosmoth
|-damage|p2a: Frosmoth|80/100
|-heal|p1a: Eldegoss|78/100|[from] drain|[of] p2a: Frosmoth
|
|-weather|none
|upkeep
|turn|17
|
|t:|1660763810
|switch|p2a: Quagsire|Quagsire, M|79/100 psn
|switch|p1a: Gigalith|Gigalith, M|94/100
|-weather|Sandstorm|[from] ability: Sand Stream|[of] p1a: Gigalith
|
|-weather|Sandstorm|[upkeep]
|-heal|p1a: Gigalith|99/100|[from] item: Leftovers
|-damage|p2a: Quagsire|66/100 psn|[from] psn
|upkeep
|turn|18
|
|t:|1660763818
|switch|p1a: Eldegoss|Eldegoss, F|100/100
|move|p2a: Quagsire|Toxic|p1a: Eldegoss|[miss]
|-miss|p2a: Quagsire|p1a: Eldegoss
|
|-weather|Sandstorm|[upkeep]
|-damage|p1a: Eldegoss|94/100|[from] Sandstorm
|-damage|p2a: Quagsire|54/100 psn|[from] psn
|upkeep
|turn|19
|
|t:|1660763823
|switch|p2a: Frosmoth|Frosmoth, M|80/100
|move|p1a: Eldegoss|Giga Drain|p2a: Frosmoth
|-resisted|p2a: Frosmoth
|-damage|p2a: Frosmoth|73/100
|-heal|p1a: Eldegoss|98/100|[from] drain|[of] p2a: Frosmoth
|
|-weather|Sandstorm|[upkeep]
|-damage|p2a: Frosmoth|67/100|[from] Sandstorm
|-damage|p1a: Eldegoss|92/100|[from] Sandstorm
|upkeep
|turn|20
|
|t:|1660763831
|switch|p1a: Gigalith|Gigalith, M|99/100
|move|p2a: Frosmoth|Giga Drain|p1a: Gigalith
|-supereffective|p1a: Gigalith
|-damage|p1a: Gigalith|73/100
|-heal|p2a: Frosmoth|84/100|[from] drain|[of] p1a: Gigalith
|
|-weather|Sandstorm|[upkeep]
|-damage|p2a: Frosmoth|78/100|[from] Sandstorm
|-heal|p1a: Gigalith|79/100|[from] item: Leftovers
|upkeep
|turn|21
|
|t:|1660763839
|switch|p2a: Quagsire|Quagsire, M|54/100 psn
|move|p1a: Gigalith|Earthquake|p2a: Quagsire
|-damage|p2a: Quagsire|32/100 psn
|
|-weather|none
|-heal|p1a: Gigalith|86/100|[from] item: Leftovers
|-damage|p2a: Quagsire|20/100 psn|[from] psn
|upkeep
|turn|22
|
|t:|1660763851
|switch|p1a: Eldegoss|Eldegoss, F|100/100
|move|p2a: Quagsire|Recover|p2a: Quagsire
|-heal|p2a: Quagsire|70/100 psn
|
|-damage|p2a: Quagsire|58/100 psn|[from] psn
|upkeep
|turn|23
|
|t:|1660763857
|switch|p1a: Scyther|Scyther, M|88/100
|switch|p2a: Frosmoth|Frosmoth, M|78/100
|
|upkeep
|turn|24
|
|t:|1660763863
|switch|p2a: Quagsire|Quagsire, M|58/100 psn
|move|p1a: Scyther|Knock Off|p2a: Quagsire
|-damage|p2a: Quagsire|37/100 psn
|-damage|p1a: Scyther|72/100|[from] item: Rocky Helmet|[of] p2a: Quagsire
|-enditem|p2a: Quagsire|Rocky Helmet|[from] move: Knock Off|[of] p1a: Scyther
|
|-damage|p2a: Quagsire|24/100 psn|[from] psn
|upkeep
|turn|25
|
|t:|1660763877
|move|p1a: Scyther|Dual Wingbeat|p2a: Quagsire
|-damage|p2a: Quagsire|4/100 psn
|-damage|p2a: Quagsire|0 fnt
|faint|p2a: Quagsire
|-hitcount|p2: Quagsire|2
|
|upkeep
|-message|Tasteful forfeited.
|
|win|pult4c1 shane
|raw|pult4c1 shane's rating: 1495 &rarr; <strong>1509</strong><br />(+14 for winning)
|raw|Tasteful's rating: 1396 &rarr; <strong>1382</strong><br />(-14 for losing)
|l|☆Tasteful
||Ladder isn't responding, score probably updated but might not have (Request timeout).
|l|☆pult4c1 shane
|j|☆pult4c1 shane
|player|p1|pult4c1 shane|veteran
