|html|<div class="broadcast-blue"><strong>[Gen 8] PU is currently suspecting Vanilluxe! For information on how to participate check out the <a href="https://www.smogon.com/forums/threads/np-ss-pu-stage-10-ice-cream-vanilluxe-suspect-test.3705646/">suspect thread</a>.</strong></div>
|j|☆PULT4C1 eifo
|j|☆AJtraceyyo
|t:|1660514858
|gametype|singles
|player|p1|PULT4C1 eifo|youngster-gen4dp|1258
|player|p2|AJtraceyyo|richboy-gen4|1314
|teamsize|p1|6
|teamsize|p2|6
|gen|8
|tier|[Gen 8] PU
|rated|
|rule|Sleep Clause Mod: Limit one foe put to sleep
|rule|Species Clause: Limit one of each Pokémon
|rule|OHKO Clause: OHKO moves are banned
|rule|Evasion Items Clause: Evasion items are banned
|rule|Evasion Moves Clause: Evasion moves are banned
|rule|Endless Battle Clause: Forcing endless battles is banned
|rule|HP Percentage Mod: HP is shown in percentages
|rule|Dynamax Clause: You cannot dynamax
|clearpoke
|poke|p1|Scyther, F|
|poke|p1|Jellicent, F|
|poke|p1|Mesprit|
|poke|p1|Silvally-*|
|poke|p1|Scrafty, F|
|poke|p1|Regirock|
|poke|p2|Liepard, M|
|poke|p2|Qwilfish, F|
|poke|p2|Ludicolo, F|
|poke|p2|Basculin-Blue-Striped, M|
|poke|p2|Accelgor, M|
|poke|p2|Doublade, F|
|teampreview
|inactive|Battle timer is ON: inactive players will automatically lose when time's up. (requested by AJtraceyyo)
|l|☆AJtraceyyo
|inactive|AJtraceyyo disconnected and has a minute to reconnect!
|player|p2|
|
|t:|1660514891
|start
|switch|p1a: Regirock|Regirock|100/100
|switch|p2a: Accelgor|Accelgor, M|100/100
|turn|1
|j|☆AJtraceyyo
|inactive|AJtraceyyo reconnected and has 140 seconds left.
|player|p2|AJtraceyyo|richboy-gen4
|
|t:|1660514908
|switch|p2a: Doublade|Doublade, F|100/100
|move|p1a: Regirock|Rock Blast|p2a: Doublade
|-resisted|p2a: Doublade
|-damage|p2a: Doublade|99/100
|-resisted|p2a: Doublade
|-damage|p2a: Doublade|96/100
|-resisted|p2a: Doublade
|-damage|p2a: Doublade|94/100
|-resisted|p2a: Doublade
|-damage|p2a: Doublade|92/100
|-resisted|p2a: Doublade
|-damage|p2a: Doublade|90/100
|-hitcount|p2a: Doublade|5
|
|upkeep
|turn|2
|inactive|PULT4C1 eifo has 120 seconds left.
|
|t:|1660514945
|switch|p1a: Scyther|Scyther, F|100/100
|move|p2a: Doublade|Swords Dance|p2a: Doublade
|-boost|p2a: Doublade|atk|2
|
|upkeep
|turn|3
|
|t:|1660514950
|move|p1a: Scyther|Knock Off|p2a: Doublade
|-supereffective|p2a: Doublade
|-damage|p2a: Doublade|58/100
|-enditem|p2a: Doublade|Eviolite|[from] move: Knock Off|[of] p1a: Scyther
|move|p2a: Doublade|Iron Head|p1a: Scyther
|-damage|p1a: Scyther|0 fnt
|faint|p1a: Scyther
|
|upkeep
|inactive|PULT4C1 eifo has 120 seconds left.
|inactive|PULT4C1 eifo has 90 seconds left.
|
|t:|1660515002
|switch|p1a: Silvally|Silvally-Fairy|100/100
|turn|4
|
|t:|1660515005
|move|p1a: Silvally|Flamethrower|p2a: Doublade
|-supereffective|p2a: Doublade
|-damage|p2a: Doublade|0 fnt
|faint|p2a: Doublade
|
|upkeep
|
|t:|1660515010
|switch|p2a: Liepard|Liepard, M|100/100
|turn|5
|inactive|PULT4C1 eifo has 90 seconds left.
|inactive|PULT4C1 eifo has 60 seconds left.
|
|t:|1660515072
|move|p2a: Liepard|Encore|p1a: Silvally
|-start|p1a: Silvally|Encore
|move|p1a: Silvally|Flamethrower|p2a: Liepard
|-damage|p2a: Liepard|71/100
|
|upkeep
|turn|6
|
|t:|1660515082
|switch|p1a: Regirock|Regirock|100/100
|move|p2a: Liepard|Rain Dance|p2a: Liepard
|-weather|RainDance
|
|-weather|RainDance|[upkeep]
|upkeep
|turn|7
|
|t:|1660515091
|move|p2a: Liepard|Knock Off|p1a: Regirock
|-damage|p1a: Regirock|88/100
|-enditem|p1a: Regirock|Leftovers|[from] move: Knock Off|[of] p2a: Liepard
|move|p1a: Regirock|Body Press|p2a: Liepard
|-supereffective|p2a: Liepard
|-damage|p2a: Liepard|0 fnt
|faint|p2a: Liepard
|
|-weather|RainDance|[upkeep]
|upkeep
|
|t:|1660515104
|switch|p2a: Ludicolo|Ludicolo, F|100/100
|turn|8
|inactive|PULT4C1 eifo has 60 seconds left.
|inactive|PULT4C1 eifo has 30 seconds left.
|inactive|PULT4C1 eifo has 20 seconds left.
|inactive|PULT4C1 eifo has 15 seconds left.
|
|t:|1660515162
|move|p2a: Ludicolo|Surf|p1a: Regirock
|-supereffective|p1a: Regirock
|-damage|p1a: Regirock|0 fnt
|faint|p1a: Regirock
|-damage|p2a: Ludicolo|91/100|[from] item: Life Orb
|
|-weather|RainDance|[upkeep]
|upkeep
|inactive|PULT4C1 eifo has 20 seconds left this turn.
|inactive|PULT4C1 eifo has 15 seconds left.
|
|t:|1660515169
|switch|p1a: Mesprit|Mesprit|100/100
|turn|9
|inactive|PULT4C1 eifo has 25 seconds left this turn.
|
|t:|1660515173
|move|p2a: Ludicolo|Surf|p1a: Mesprit
|-damage|p1a: Mesprit|23/100
|-damage|p2a: Ludicolo|81/100|[from] item: Life Orb
|move|p1a: Mesprit|Trick|p2a: Ludicolo
|-activate|p1a: Mesprit|move: Trick|[of] p2a: Ludicolo
|-item|p2a: Ludicolo|Choice Scarf|[from] move: Trick
|-item|p1a: Mesprit|Life Orb|[from] move: Trick
|
|-weather|RainDance|[upkeep]
|upkeep
|turn|10
|
|t:|1660515176
|switch|p1a: Jellicent|Jellicent, F|100/100
|move|p2a: Ludicolo|Surf|p1a: Jellicent
|-immune|p1a: Jellicent|[from] ability: Water Absorb
|
|-weather|RainDance|[upkeep]
|upkeep
|turn|11
|
|t:|1660515183
|move|p2a: Ludicolo|Surf|p1a: Jellicent
|-immune|p1a: Jellicent|[from] ability: Water Absorb
|move|p1a: Jellicent|Shadow Ball|p2a: Ludicolo
|-damage|p2a: Ludicolo|24/100
|
|-weather|RainDance|[upkeep]
|upkeep
|turn|12
|inactive|PULT4C1 eifo has 30 seconds left.
|
|t:|1660515213
|switch|p2a: Accelgor|Accelgor, M|100/100
|move|p1a: Jellicent|Shadow Ball|p2a: Accelgor
|-damage|p2a: Accelgor|34/100
|
|-weather|RainDance|[upkeep]
|upkeep
|turn|13
|
|t:|1660515222
|switch|p2a: Ludicolo|Ludicolo, F|24/100
|move|p1a: Jellicent|Shadow Ball|p2a: Ludicolo
|-damage|p2a: Ludicolo|0 fnt
|faint|p2a: Ludicolo
|
|-weather|none
|upkeep
|
|t:|1660515223
|switch|p2a: Accelgor|Accelgor, M|34/100
|turn|14
|inactive|PULT4C1 eifo has 30 seconds left.
|j| Filra
|inactive|PULT4C1 eifo has 20 seconds left.
|inactive|PULT4C1 eifo has 15 seconds left.
|inactive|PULT4C1 eifo has 10 seconds left.
|inactive|PULT4C1 eifo has 5 seconds left.
|-message|PULT4C1 eifo lost due to inactivity.
|
|win|AJtraceyyo
|raw|PULT4C1 eifo's rating: 1285 &rarr; <strong>1262</strong><br />(-23 for losing)
|raw|AJtraceyyo's rating: 1314 &rarr; <strong>1332</strong><br />(+18 for winning)
|l|☆AJtraceyyo
|c|☆PULT4C1 eifo|ah
|c|☆PULT4C1 eifo|oops
|l|☆PULT4C1 eifo
|l| Filra
