|j|☆yassy slay
|j|☆pult4t2 le s
|t:|1661248124
|gametype|singles
|player|p1|yassy slay|clown|1696
|player|p2|pult4t2 le s|#stt4toxicboys|1544
|teamsize|p1|6
|teamsize|p2|6
|gen|8
|tier|[Gen 8] PU
|rated|
|rule|Sleep Clause Mod: Limit one foe put to sleep
|rule|Species Clause: Limit one of each Pokémon
|rule|OHKO Clause: OHKO moves are banned
|rule|Evasion Items Clause: Evasion items are banned
|rule|Evasion Moves Clause: Evasion moves are banned
|rule|Endless Battle Clause: Forcing endless battles is banned
|rule|HP Percentage Mod: HP is shown in percentages
|rule|Dynamax Clause: You cannot dynamax
|clearpoke
|poke|p1|Flapple, F|
|poke|p1|Weezing, M|
|poke|p1|Comfey, F|
|poke|p1|Gourgeist-*, M|
|poke|p1|Gigalith, F|
|poke|p1|Sandslash, F|
|poke|p2|Lycanroc, M|
|poke|p2|Turtonator, F|
|poke|p2|Doublade, M|
|poke|p2|Silvally-*|
|poke|p2|Aurorus, F|
|poke|p2|Scrafty, M|
|teampreview
|c|☆pult4t2 le s|eh
|inactive|Battle timer is ON: inactive players will automatically lose when time's up. (requested by pult4t2 le s)
|c|☆pult4t2 le s|yo ayo
|c|☆yassy slay|hey
|c|☆yassy slay|glhf
|
|t:|1661248155
|start
|switch|p1a: Gourgeist|Gourgeist-Super, M|100/100
|switch|p2a: Lycanroc|Lycanroc, M|100/100
|-item|p2a: Lycanroc|Focus Sash|[from] ability: Frisk|[of] p1a: Gourgeist|[identify]
|turn|1
|
|t:|1661248162
|move|p2a: Lycanroc|Stealth Rock|p1a: Gourgeist
|-sidestart|p1: yassy slay|move: Stealth Rock
|move|p1a: Gourgeist|Power Whip|p2a: Lycanroc
|-supereffective|p2a: Lycanroc
|-enditem|p2a: Lycanroc|Focus Sash
|-damage|p2a: Lycanroc|1/100
|
|upkeep
|turn|2
|j| Zepesprit
|
|t:|1661248172
|switch|p2a: Turtonator|Turtonator, F|100/100
|move|p1a: Gourgeist|Shadow Sneak|p2a: Turtonator
|-damage|p2a: Turtonator|82/100
|
|upkeep
|turn|3
|
|t:|1661248181
|switch|p2a: Aurorus|Aurorus, F|100/100
|-weather|Hail|[from] ability: Snow Warning|[of] p2a: Aurorus
|switch|p1a: Gigalith|Gigalith, F|100/100
|-damage|p1a: Gigalith|88/100|[from] Stealth Rock
|-weather|Sandstorm|[from] ability: Sand Stream|[of] p1a: Gigalith
|
|-weather|Sandstorm|[upkeep]
|-heal|p1a: Gigalith|94/100|[from] item: Leftovers
|upkeep
|turn|4
|
|t:|1661248187
|move|p2a: Aurorus|Meteor Beam||[still]
|-prepare|p2a: Aurorus|Meteor Beam
|-boost|p2a: Aurorus|spa|1
|-enditem|p2a: Aurorus|Power Herb
|-anim|p2a: Aurorus|Meteor Beam|p1a: Gigalith
|-damage|p1a: Gigalith|54/100
|move|p1a: Gigalith|Stealth Rock|p2a: Aurorus
|-sidestart|p2: pult4t2 le s|move: Stealth Rock
|
|-weather|Sandstorm|[upkeep]
|-heal|p1a: Gigalith|60/100|[from] item: Leftovers
|upkeep
|turn|5
|
|t:|1661248192
|move|p2a: Aurorus|Earth Power|p1a: Gigalith
|-supereffective|p1a: Gigalith
|-damage|p1a: Gigalith|14/100
|move|p1a: Gigalith|Rock Blast|p2a: Aurorus
|-supereffective|p2a: Aurorus
|-damage|p2a: Aurorus|74/100
|-supereffective|p2a: Aurorus
|-damage|p2a: Aurorus|46/100
|-supereffective|p2a: Aurorus
|-damage|p2a: Aurorus|20/100
|-hitcount|p2a: Aurorus|3
|
|-weather|Sandstorm|[upkeep]
|-heal|p1a: Gigalith|20/100|[from] item: Leftovers
|upkeep
|turn|6
|
|t:|1661248201
|move|p2a: Aurorus|Blizzard|p1a: Gigalith
|-damage|p1a: Gigalith|0 fnt
|faint|p1a: Gigalith
|
|-weather|Sandstorm|[upkeep]
|upkeep
|
|t:|1661248208
|switch|p1a: Sandslash|Sandslash, F|100/100
|turn|7
|
|t:|1661248213
|move|p1a: Sandslash|Earthquake|p2a: Aurorus
|-supereffective|p2a: Aurorus
|-damage|p2a: Aurorus|0 fnt
|faint|p2a: Aurorus
|
|-weather|none
|upkeep
|
|t:|1661248227
|switch|p2a: Scrafty|Scrafty, M|100/100
|-damage|p2a: Scrafty|95/100|[from] Stealth Rock
|turn|8
|
|t:|1661248230
|switch|p1a: Comfey|Comfey, F|100/100
|-damage|p1a: Comfey|88/100|[from] Stealth Rock
|move|p2a: Scrafty|Dragon Dance|p2a: Scrafty
|-boost|p2a: Scrafty|atk|1
|-boost|p2a: Scrafty|spe|1
|
|upkeep
|turn|9
|
|t:|1661248234
|move|p1a: Comfey|Draining Kiss|p2a: Scrafty
|-supereffective|p2a: Scrafty
|-enditem|p2a: Scrafty|Roseli Berry|[eat]
|-enditem|p2a: Scrafty|Roseli Berry|[weaken]
|-damage|p2a: Scrafty|23/100
|-heal|p1a: Comfey|100/100|[from] drain|[of] p2a: Scrafty
|move|p2a: Scrafty|Poison Jab|p1a: Comfey
|-supereffective|p1a: Comfey
|-damage|p1a: Comfey|23/100
|
|upkeep
|turn|10
|
|t:|1661248237
|switch|p2a: Lycanroc|Lycanroc, M|1/100
|-damage|p2a: Lycanroc|0 fnt|[from] Stealth Rock
|faint|p2a: Lycanroc
|move|p1a: Comfey|Draining Kiss|p2: Lycanroc|[notarget]
|-fail|p1a: Comfey
|
|upkeep
|
|t:|1661248245
|switch|p2a: Silvally|Silvally-Grass|100/100
|-damage|p2a: Silvally|88/100|[from] Stealth Rock
|turn|11
|
|t:|1661248253
|switch|p1a: Flapple|Flapple, F|100/100
|-damage|p1a: Flapple|88/100|[from] Stealth Rock
|move|p2a: Silvally|Swords Dance|p2a: Silvally
|-boost|p2a: Silvally|atk|2
|
|upkeep
|turn|12
|
|t:|1661248255
|move|p2a: Silvally|Rock Slide|p1a: Flapple
|-damage|p1a: Flapple|28/100
|move|p1a: Flapple|U-turn|p2a: Silvally
|-supereffective|p2a: Silvally
|-damage|p2a: Silvally|0 fnt
|faint|p2a: Silvally
|-damage|p1a: Flapple|18/100|[from] item: Life Orb
|
|t:|1661248267
|switch|p1a: Sandslash|Sandslash, F|100/100|[from]move: U-turn
|
|upkeep
|c|☆pult4t2 le s|why do I get always trash MUSQ
|c|☆pult4t2 le s|MUs*
|
|t:|1661248283
|switch|p2a: Scrafty|Scrafty, M|23/100
|-damage|p2a: Scrafty|17/100|[from] Stealth Rock
|turn|13
|c|☆yassy slay|roll of the dice on ladder tbh. it'll even out!
|
|t:|1661248298
|move|p2a: Scrafty|Close Combat|p1a: Sandslash
|-crit|p1a: Sandslash
|-damage|p1a: Sandslash|26/100
|-unboost|p2a: Scrafty|def|1
|-unboost|p2a: Scrafty|spd|1
|move|p1a: Sandslash|Earthquake|p2a: Scrafty
|-damage|p2a: Scrafty|0 fnt
|faint|p2a: Scrafty
|
|upkeep
|
|t:|1661248301
|switch|p2a: Doublade|Doublade, M|100/100
|-damage|p2a: Doublade|94/100|[from] Stealth Rock
|turn|14
|
|t:|1661248319
|move|p1a: Sandslash|Earthquake|p2a: Doublade
|-supereffective|p2a: Doublade
|-damage|p2a: Doublade|51/100
|move|p2a: Doublade|Swords Dance|p2a: Doublade
|-boost|p2a: Doublade|atk|2
|
|upkeep
|turn|15
|
|t:|1661248322
|move|p2a: Doublade|Shadow Sneak|p1a: Sandslash
|-damage|p1a: Sandslash|0 fnt
|faint|p1a: Sandslash
|
|upkeep
|
|t:|1661248324
|switch|p1a: Weezing|Weezing, M|100/100
|-ability|p1a: Weezing|Neutralizing Gas
|-damage|p1a: Weezing|88/100|[from] Stealth Rock
|turn|16
|
|t:|1661248329
|switch|p2a: Turtonator|Turtonator, F|82/100
|-damage|p2a: Turtonator|57/100|[from] Stealth Rock
|move|p1a: Weezing|Flamethrower|p2a: Turtonator
|-resisted|p2a: Turtonator
|-damage|p2a: Turtonator|50/100
|
|-heal|p1a: Weezing|94/100|[from] item: Black Sludge
|upkeep
|turn|17
|
|t:|1661248346
|-end|p1a: Weezing|ability: Neutralizing Gas
|switch|p1a: Flapple|Flapple, F|18/100
|-damage|p1a: Flapple|5/100|[from] Stealth Rock
|move|p2a: Turtonator|Shell Smash|p2a: Turtonator
|-unboost|p2a: Turtonator|def|1
|-unboost|p2a: Turtonator|spd|1
|-boost|p2a: Turtonator|atk|2
|-boost|p2a: Turtonator|spa|2
|-boost|p2a: Turtonator|spe|2
|-enditem|p2a: Turtonator|White Herb
|-clearnegativeboost|p2a: Turtonator|[silent]
|
|upkeep
|turn|18
|
|t:|1661248351
|move|p1a: Flapple|Sucker Punch|p2a: Turtonator
|-damage|p2a: Turtonator|7/100
|-damage|p1a: Flapple|0 fnt|[from] item: Life Orb
|faint|p1a: Flapple
|move|p2a: Turtonator|Flash Cannon|p1: Flapple|[notarget]
|-fail|p2a: Turtonator
|
|upkeep
|
|t:|1661248359
|switch|p1a: Gourgeist|Gourgeist-Super, M|100/100
|-damage|p1a: Gourgeist|88/100|[from] Stealth Rock
|turn|19
|
|t:|1661248362
|move|p1a: Gourgeist|Shadow Sneak|p2a: Turtonator
|-damage|p2a: Turtonator|0 fnt
|faint|p2a: Turtonator
|
|upkeep
|
|t:|1661248363
|switch|p2a: Doublade|Doublade, M|51/100
|-damage|p2a: Doublade|45/100|[from] Stealth Rock
|turn|20
|
|t:|1661248365
|move|p1a: Gourgeist|Poltergeist|p2a: Doublade
|-activate|p2a: Doublade|move: Poltergeist|Eviolite
|-supereffective|p2a: Doublade
|-damage|p2a: Doublade|0 fnt
|faint|p2a: Doublade
|
|win|yassy slay
|raw|yassy slay's rating: 1696 &rarr; <strong>1708</strong><br />(+12 for winning)
|raw|pult4t2 le s's rating: 1544 &rarr; <strong>1532</strong><br />(-12 for losing)
|c|☆pult4t2 le s|yep gg
|c|☆yassy slay|gg
|l|☆pult4t2 le s
|l| Zepesprit
