|html|<div class="broadcast-blue"><strong>[Gen 8] PU is currently suspecting Drampa! For information on how to participate check out the <a href="https://www.smogon.com/forums/threads/np-pu-stage-7-i-hear-hyper-voices-in-my-head-drampa-suspect-test.3692992/">suspect thread</a>.</strong></div>
|j|☆fsigd
|j|☆one of the bouys
|t:|1636064252
|gametype|singles
|player|p1|fsigd|266|1337
|player|p2|one of the bouys|clown|1550
|teamsize|p1|6
|teamsize|p2|6
|gen|8
|tier|[Gen 8] PU
|rated|
|rule|Sleep Clause Mod: Limit one foe put to sleep
|rule|Species Clause: Limit one of each Pokémon
|rule|OHKO Clause: OHKO moves are banned
|rule|Evasion Moves Clause: Evasion moves are banned
|rule|Endless Battle Clause: Forcing endless battles is banned
|rule|HP Percentage Mod: HP is shown in percentages
|rule|Dynamax Clause: You cannot dynamax
|clearpoke
|poke|p1|Charizard, F|
|poke|p1|Rapidash-Galar, M|
|poke|p1|Regirock|
|poke|p1|Jellicent, F|
|poke|p1|Hitmontop, M|
|poke|p1|Drampa, M|
|poke|p2|Flapple, M|
|poke|p2|Drifblim, F|
|poke|p2|Sandaconda, M|
|poke|p2|Ribombee, M|
|poke|p2|Cryogonal|
|poke|p2|Gigalith, F|
|teampreview
|inactive|Battle timer is ON: inactive players will automatically lose when time's up. (requested by fsigd)
|
|t:|1636064259
|start
|switch|p1a: Hitmontop|Hitmontop, M|100/100
|switch|p2a: Drifblim|Drifblim, F|100/100
|turn|1
|
|t:|1636064262
|move|p2a: Drifblim|Will-O-Wisp|p1a: Hitmontop
|-status|p1a: Hitmontop|brn
|move|p1a: Hitmontop|Triple Axel|p2a: Drifblim
|-supereffective|p2a: Drifblim
|-damage|p2a: Drifblim|88/100
|-hitcount|p2a: Drifblim|1
|
|-damage|p1a: Hitmontop|95/100 brn|[from] brn
|upkeep
|turn|2
|
|t:|1636064265
|move|p2a: Drifblim|Knock Off|p1a: Hitmontop
|-resisted|p1a: Hitmontop
|-damage|p1a: Hitmontop|84/100 brn
|-enditem|p1a: Hitmontop|Assault Vest|[from] move: Knock Off|[of] p2a: Drifblim
|move|p1a: Hitmontop|Triple Axel|p2a: Drifblim
|-supereffective|p2a: Drifblim
|-damage|p2a: Drifblim|75/100
|-supereffective|p2a: Drifblim
|-damage|p2a: Drifblim|47/100
|-supereffective|p2a: Drifblim
|-damage|p2a: Drifblim|8/100
|-hitcount|p2a: Drifblim|3
|
|-damage|p1a: Hitmontop|78/100 brn|[from] brn
|upkeep
|turn|3
|
|t:|1636064270
|move|p2a: Drifblim|Strength Sap|p1a: Hitmontop
|-unboost|p1a: Hitmontop|atk|1
|-heal|p2a: Drifblim|80/100
|move|p1a: Hitmontop|Triple Axel|p2a: Drifblim
|-supereffective|p2a: Drifblim
|-damage|p2a: Drifblim|71/100
|-supereffective|p2a: Drifblim
|-damage|p2a: Drifblim|52/100
|-supereffective|p2a: Drifblim
|-damage|p2a: Drifblim|23/100
|-hitcount|p2a: Drifblim|3
|
|-damage|p1a: Hitmontop|72/100 brn|[from] brn
|upkeep
|turn|4
|
|t:|1636064273
|move|p2a: Drifblim|Strength Sap|p1a: Hitmontop
|-unboost|p1a: Hitmontop|atk|1
|-heal|p2a: Drifblim|71/100
|move|p1a: Hitmontop|Triple Axel|p2a: Drifblim
|-supereffective|p2a: Drifblim
|-damage|p2a: Drifblim|64/100
|-supereffective|p2a: Drifblim
|-damage|p2a: Drifblim|50/100
|-supereffective|p2a: Drifblim
|-damage|p2a: Drifblim|32/100
|-hitcount|p2a: Drifblim|3
|
|-damage|p1a: Hitmontop|66/100 brn|[from] brn
|upkeep
|turn|5
|
|t:|1636064286
|switch|p2a: Ribombee|Ribombee, M|100/100
|move|p1a: Hitmontop|Triple Axel|p2a: Ribombee
|-damage|p2a: Ribombee|96/100
|-damage|p2a: Ribombee|87/100
|-damage|p2a: Ribombee|74/100
|-hitcount|p2a: Ribombee|3
|
|-damage|p1a: Hitmontop|60/100 brn|[from] brn
|upkeep
|turn|6
|
|t:|1636064291
|switch|p1a: Regirock|Regirock|100/100
|move|p2a: Ribombee|U-turn|p1a: Regirock
|-damage|p1a: Regirock|95/100
|
|t:|1636064295
|switch|p2a: Flapple|Flapple, M|100/100|[from]move: U-turn
|
|-heal|p1a: Regirock|100/100|[from] item: Leftovers
|upkeep
|turn|7
|
|t:|1636064302
|switch|p1a: Charizard|Charizard, F|100/100
|move|p2a: Flapple|Grav Apple|p1a: Charizard
|-resisted|p1a: Charizard
|-damage|p1a: Charizard|73/100
|-unboost|p1a: Charizard|def|1
|-damage|p2a: Flapple|91/100|[from] item: Life Orb
|
|upkeep
|turn|8
|
|t:|1636064312
|move|p2a: Flapple|Sucker Punch|p1a: Charizard
|-damage|p1a: Charizard|0 fnt
|faint|p1a: Charizard
|-damage|p2a: Flapple|81/100|[from] item: Life Orb
|
|upkeep
|
|t:|1636064317
|switch|p1a: Rapidash|Rapidash-Galar, M|100/100
|turn|9
|
|t:|1636064321
|switch|p2a: Sandaconda|Sandaconda, M|100/100
|move|p1a: Rapidash|Swords Dance|p1a: Rapidash
|-boost|p1a: Rapidash|atk|2
|
|upkeep
|turn|10
|
|t:|1636064323
|move|p1a: Rapidash|Play Rough|p2a: Sandaconda
|-damage|p2a: Sandaconda|37/100
|-damage|p1a: Rapidash|84/100|[from] item: Rocky Helmet|[of] p2a: Sandaconda
|-damage|p1a: Rapidash|74/100|[from] item: Life Orb
|move|p2a: Sandaconda|Glare|p1a: Rapidash
|-status|p1a: Rapidash|par
|
|upkeep
|turn|11
|
|t:|1636064332
|move|p2a: Sandaconda|Earthquake|p1a: Rapidash
|-crit|p1a: Rapidash
|-damage|p1a: Rapidash|0 fnt
|faint|p1a: Rapidash
|
|upkeep
|
|t:|1636064336
|switch|p1a: Drampa|Drampa, M|100/100
|turn|12
|
|t:|1636064341
|switch|p2a: Gigalith|Gigalith, F|100/100
|-weather|Sandstorm|[from] ability: Sand Stream|[of] p2a: Gigalith
|move|p1a: Drampa|Draco Meteor|p2a: Gigalith|[miss]
|-miss|p1a: Drampa|p2a: Gigalith
|
|-weather|Sandstorm|[upkeep]
|-damage|p1a: Drampa|94/100|[from] Sandstorm
|upkeep
|turn|13
|
|t:|1636064346
|switch|p1a: Jellicent|Jellicent, F|100/100
|move|p2a: Gigalith|Toxic|p1a: Jellicent
|-status|p1a: Jellicent|tox
|
|-weather|Sandstorm|[upkeep]
|-damage|p1a: Jellicent|94/100 tox|[from] Sandstorm
|-heal|p1a: Jellicent|100/100 tox|[from] item: Leftovers
|-damage|p1a: Jellicent|94/100 tox|[from] psn
|upkeep
|turn|14
|
|t:|1636064349
|move|p2a: Gigalith|Protect|p2a: Gigalith
|-singleturn|p2a: Gigalith|Protect
|move|p1a: Jellicent|Scald|p2a: Gigalith
|-activate|p2a: Gigalith|move: Protect
|
|-weather|Sandstorm|[upkeep]
|-damage|p1a: Jellicent|88/100 tox|[from] Sandstorm
|-heal|p1a: Jellicent|94/100 tox|[from] item: Leftovers
|-damage|p1a: Jellicent|82/100 tox|[from] psn
|upkeep
|turn|15
|-message|fsigd forfeited.
|
|win|one of the bouys
|raw|fsigd's rating: 1337 &rarr; <strong>1328</strong><br />(-9 for losing)
|raw|one of the bouys's rating: 1550 &rarr; <strong>1559</strong><br />(+9 for winning)
|l|☆fsigd
