|j|☆siegbackto
|j|☆beefdreams
|t:|1615937253
|player|p1|siegbackto|hiker|
|player|p2|beefdreams|hiker-gen4|
|teamsize|p1|6
|teamsize|p2|6
|gametype|singles
|gen|8
|tier|[Gen 8] PU
|rated|Tournament battle
|clearpoke
|poke|p1|Lanturn, M|
|poke|p1|Gallade, M|
|poke|p1|Talonflame, F|
|poke|p1|Aggron, M|
|poke|p1|Abomasnow, F|
|poke|p1|Spiritomb, F|
|poke|p2|Togedemaru, M|
|poke|p2|Vaporeon, F|
|poke|p2|Skuntank, F|
|poke|p2|Exeggutor-Alola, M|
|poke|p2|Piloswine, F|
|poke|p2|Cofagrigus, F|
|rule|Sleep Clause Mod: Limit one foe put to sleep
|rule|Species Clause: Limit one of each Pokémon
|rule|OHKO Clause: OHKO moves are banned
|rule|Evasion Moves Clause: Evasion moves are banned
|rule|Endless Battle Clause: Forcing endless battles is banned
|rule|HP Percentage Mod: HP is shown in percentages
|rule|Dynamax Clause: You cannot dynamax
|teampreview
|j| zerglord86
|j| its_basir
|j| PU I Stinky
|j|#Specs
|l| zerglord86
|inactive|Battle timer is ON: inactive players will automatically lose when time's up. (requested by beefdreams)
|j| Miguel1401
|
|t:|1615937323
|start
|switch|p1a: Aggron|Aggron, M|100/100
|switch|p2a: Piloswine|Piloswine, F|100/100
|turn|1
|
|t:|1615937329
|switch|p1a: Abomasnow|Abomasnow, F|100/100
|-weather|Hail|[from] ability: Snow Warning|[of] p1a: Abomasnow
|move|p2a: Piloswine|Earthquake|p1a: Abomasnow
|-resisted|p1a: Abomasnow
|-damage|p1a: Abomasnow|72/100
|
|-weather|Hail|[upkeep]
|upkeep
|turn|2
|
|t:|1615937343
|switch|p2a: Togedemaru|Togedemaru, M|100/100
|move|p1a: Abomasnow|Earth Power|p2a: Togedemaru
|-supereffective|p2a: Togedemaru
|-damage|p2a: Togedemaru|0 fnt
|faint|p2a: Togedemaru
|
|-weather|Hail|[upkeep]
|upkeep
|
|t:|1615937352
|switch|p2a: Exeggutor|Exeggutor-Alola, M|100/100
|-item|p1a: Abomasnow|Heavy-Duty Boots|[from] ability: Frisk|[of] p2a: Exeggutor|[identify]
|turn|3
|
|t:|1615937357
|switch|p2a: Piloswine|Piloswine, F|100/100
|move|p1a: Abomasnow|Blizzard|p2a: Piloswine
|-damage|p2a: Piloswine|69/100
|
|-weather|Hail|[upkeep]
|upkeep
|turn|4
|
|t:|1615937366
|move|p1a: Abomasnow|Giga Drain|p2a: Piloswine
|-supereffective|p2a: Piloswine
|-damage|p2a: Piloswine|0 fnt
|-heal|p1a: Abomasnow|100/100|[from] drain|[of] p2a: Piloswine
|faint|p2a: Piloswine
|
|-weather|Hail|[upkeep]
|upkeep
|j| Scipionisafricanus
|
|t:|1615937372
|switch|p2a: Skuntank|Skuntank, F|100/100
|turn|5
|
|t:|1615937375
|switch|p1a: Aggron|Aggron, M|100/100
|move|p2a: Skuntank|Sludge Bomb|p1a: Aggron
|-immune|p1a: Aggron
|
|-weather|none
|upkeep
|turn|6
|
|t:|1615937383
|move|p2a: Skuntank|Dark Pulse|p1a: Aggron
|-damage|p1a: Aggron|46/100
|cant|p1a: Aggron|flinch
|
|upkeep
|turn|7
|l| its_basir
|l| Scipionisafricanus
|j|+Ambipom Unviable
|
|t:|1615937400
|move|p2a: Skuntank|Dark Pulse|p1a: Aggron
|-crit|p1a: Aggron
|-damage|p1a: Aggron|0 fnt
|faint|p1a: Aggron
|
|upkeep
|
|t:|1615937404
|switch|p1a: Gallade|Gallade, M|100/100
|turn|8
|
|t:|1615937409
|switch|p2a: Cofagrigus|Cofagrigus, F|100/100
|move|p1a: Gallade|Swords Dance|p1a: Gallade
|-boost|p1a: Gallade|atk|2
|
|upkeep
|turn|9
|
|t:|1615937415
|move|p1a: Gallade|Knock Off|p2a: Cofagrigus
|-supereffective|p2a: Cofagrigus
|-damage|p2a: Cofagrigus|52/100
|-activate|p2a: Cofagrigus|ability: Mummy|Justified|[of] p1a: Gallade
|move|p2a: Cofagrigus|Shadow Ball|p1a: Gallade
|-supereffective|p1a: Gallade
|-damage|p1a: Gallade|48/100
|
|upkeep
|turn|10
|
|t:|1615937433
|move|p1a: Gallade|Knock Off|p2a: Cofagrigus
|-supereffective|p2a: Cofagrigus
|-damage|p2a: Cofagrigus|0 fnt
|faint|p2a: Cofagrigus
|
|upkeep
|
|t:|1615937443
|switch|p2a: Skuntank|Skuntank, F|100/100
|turn|11
|inactive|siegbackto has 120 seconds left.
|
|t:|1615937486
|switch|p2a: Vaporeon|Vaporeon, F|100/100
|move|p1a: Gallade|Close Combat|p2a: Vaporeon
|-damage|p2a: Vaporeon|15/100
|-unboost|p1a: Gallade|def|1
|-unboost|p1a: Gallade|spd|1
|
|-heal|p2a: Vaporeon|21/100|[from] item: Leftovers
|upkeep
|turn|12
|
|t:|1615937499
|move|p1a: Gallade|Close Combat|p2a: Vaporeon
|-damage|p2a: Vaporeon|0 fnt
|-unboost|p1a: Gallade|def|1
|-unboost|p1a: Gallade|spd|1
|faint|p2a: Vaporeon
|
|upkeep
|
|t:|1615937504
|switch|p2a: Skuntank|Skuntank, F|100/100
|turn|13
|
|t:|1615937510
|move|p2a: Skuntank|Sludge Bomb|p1a: Gallade
|-damage|p1a: Gallade|0 fnt
|faint|p1a: Gallade
|
|upkeep
|inactive|siegbackto has 120 seconds left.
|
|t:|1615937543
|switch|p1a: Spiritomb|Spiritomb, F|100/100
|turn|14
|
|t:|1615937551
|move|p2a: Skuntank|Nasty Plot|p2a: Skuntank
|-boost|p2a: Skuntank|spa|2
|move|p1a: Spiritomb|Trick|p2a: Skuntank
|-activate|p1a: Spiritomb|move: Trick|[of] p2a: Skuntank
|-item|p2a: Skuntank|Choice Band|[from] move: Trick
|-item|p1a: Spiritomb|Rocky Helmet|[from] move: Trick
|
|upkeep
|turn|15
|j| Oathkeepre
|
|t:|1615937564
|move|p1a: Spiritomb|Sucker Punch|p2a: Skuntank
|-resisted|p2a: Skuntank
|-damage|p2a: Skuntank|80/100
|move|p2a: Skuntank|Dark Pulse|p1a: Spiritomb
|-damage|p1a: Spiritomb|38/100
|
|upkeep
|turn|16
|
|t:|1615937574
|move|p1a: Spiritomb|Sucker Punch|p2a: Skuntank
|-resisted|p2a: Skuntank
|-damage|p2a: Skuntank|57/100
|move|p2a: Skuntank|Dark Pulse|p1a: Spiritomb
|-damage|p1a: Spiritomb|0 fnt
|faint|p1a: Spiritomb
|
|upkeep
|
|t:|1615937582
|switch|p1a: Talonflame|Talonflame, F|100/100
|turn|17
|
|t:|1615937586
|move|p1a: Talonflame|Brave Bird|p2a: Skuntank
|-damage|p2a: Skuntank|9/100
|-damage|p1a: Talonflame|85/100|[from] Recoil
|move|p2a: Skuntank|Dark Pulse|p1a: Talonflame
|-damage|p1a: Talonflame|18/100
|
|upkeep
|turn|18
|
|t:|1615937596
|switch|p1a: Lanturn|Lanturn, M|100/100
|move|p2a: Skuntank|Dark Pulse|p1a: Lanturn
|-damage|p1a: Lanturn|55/100
|
|-heal|p1a: Lanturn|61/100|[from] item: Leftovers
|upkeep
|turn|19
|
|t:|1615937602
|move|p2a: Skuntank|Dark Pulse|p1a: Lanturn
|-damage|p1a: Lanturn|17/100
|move|p1a: Lanturn|Volt Switch|p2a: Skuntank
|-damage|p2a: Skuntank|0 fnt
|faint|p2a: Skuntank
|
|t:|1615937606
|switch|p1a: Abomasnow|Abomasnow, F|100/100|[from]move: Volt Switch
|-weather|Hail|[from] ability: Snow Warning|[of] p1a: Abomasnow
|
|-weather|Hail|[upkeep]
|upkeep
|c|☆siegbackto|gg
|
|t:|1615937613
|switch|p2a: Exeggutor|Exeggutor-Alola, M|100/100
|-item|p1a: Abomasnow|Heavy-Duty Boots|[from] ability: Frisk|[of] p2a: Exeggutor|[identify]
|turn|20
|c|☆beefdreams|gg
|
|t:|1615937619
|move|p1a: Abomasnow|Blizzard|p2a: Exeggutor
|-supereffective|p2a: Exeggutor
|-damage|p2a: Exeggutor|0 fnt
|faint|p2a: Exeggutor
|
|win|siegbackto
|n|☆siegbackto|siegbackto
|n|☆beefdreams|beefdreams
|n| PU I Stinky|puistinky
|n|%Specs|specs
|n| Miguel1401|miguel1401
|n| Ambipom Unviable|ambipomunviable
|n| Oathkeepre|oathkeepre
