|j|☆Peachy07
|j|☆xskelly34
|t:|1655059171
|gametype|singles
|player|p1|Peachy07|lisia|
|player|p2|xskelly34|bugsy|
|teamsize|p1|6
|teamsize|p2|6
|gen|8
|tier|[Gen 8] PU
|rule|Sleep Clause Mod: Limit one foe put to sleep
|rule|Species Clause: Limit one of each Pokémon
|rule|OHKO Clause: OHKO moves are banned
|rule|Evasion Moves Clause: Evasion moves are banned
|rule|Endless Battle Clause: Forcing endless battles is banned
|rule|HP Percentage Mod: HP is shown in percentages
|rule|Dynamax Clause: You cannot dynamax
|clearpoke
|poke|p1|Aggron, M|
|poke|p1|Weezing, M|
|poke|p1|Silvally-*|
|poke|p1|Scrafty, M|
|poke|p1|Articuno-Galar|
|poke|p1|Ribombee, M|
|poke|p2|Gallade, M|
|poke|p2|Vanilluxe, M|
|poke|p2|Wishiwashi, M|
|poke|p2|Whimsicott, F|
|poke|p2|Aggron, F|
|poke|p2|Sandaconda, M|
|teampreview
|c|☆xskelly34|hf
|c|☆Peachy07|gl hf
|
|t:|1655059197
|start
|switch|p1a: Articuno|Articuno-Galar|100/100
|switch|p2a: Vanilluxe|Vanilluxe, M|100/100
|-weather|Hail|[from] ability: Snow Warning|[of] p2a: Vanilluxe
|turn|1
|
|t:|1655059211
|move|p1a: Articuno|U-turn|p2a: Vanilluxe
|-damage|p2a: Vanilluxe|80/100
|
|t:|1655059215
|switch|p1a: Aggron|Aggron, M|100/100|[from]move: U-turn
|move|p2a: Vanilluxe|Blizzard|p1a: Aggron
|-resisted|p1a: Aggron
|-damage|p1a: Aggron|61/100
|
|-weather|Hail|[upkeep]
|-damage|p1a: Aggron|55/100|[from] Hail
|-heal|p1a: Aggron|61/100|[from] item: Leftovers
|upkeep
|turn|2
|
|t:|1655059221
|switch|p2a: Sandaconda|Sandaconda, M|100/100
|move|p1a: Aggron|Stealth Rock|p2a: Sandaconda
|-sidestart|p2: xskelly34|move: Stealth Rock
|
|-weather|Hail|[upkeep]
|-damage|p2a: Sandaconda|94/100|[from] Hail
|-damage|p1a: Aggron|55/100|[from] Hail
|-heal|p2a: Sandaconda|100/100|[from] item: Leftovers
|-heal|p1a: Aggron|61/100|[from] item: Leftovers
|upkeep
|turn|3
|
|t:|1655059231
|switch|p1a: Articuno|Articuno-Galar|100/100
|move|p2a: Sandaconda|Glare|p1a: Articuno
|-status|p1a: Articuno|par
|
|-weather|Hail|[upkeep]
|-damage|p2a: Sandaconda|94/100|[from] Hail
|-damage|p1a: Articuno|94/100 par|[from] Hail
|-heal|p2a: Sandaconda|100/100|[from] item: Leftovers
|upkeep
|turn|4
|
|t:|1655059236
|switch|p2a: Aggron|Aggron, F|100/100
|-damage|p2a: Aggron|94/100|[from] Stealth Rock
|move|p1a: Articuno|Future Sight|p2a: Aggron
|-start|p1a: Articuno|move: Future Sight
|
|-weather|Hail|[upkeep]
|-damage|p1a: Articuno|88/100 par|[from] Hail
|-damage|p2a: Aggron|88/100|[from] Hail
|-heal|p2a: Aggron|94/100|[from] item: Leftovers
|upkeep
|turn|5
|
|t:|1655059245
|switch|p1a: Scrafty|Scrafty, M|100/100
|-ability|p1a: Scrafty|Intimidate|boost
|-unboost|p2a: Aggron|atk|1
|move|p2a: Aggron|Stealth Rock|p1a: Scrafty
|-sidestart|p1: Peachy07|move: Stealth Rock
|
|-weather|none
|-heal|p2a: Aggron|100/100|[from] item: Leftovers
|upkeep
|turn|6
|
|t:|1655059275
|move|p2a: Aggron|Protect|p2a: Aggron
|-singleturn|p2a: Aggron|Protect
|move|p1a: Scrafty|Knock Off|p2a: Aggron
|-activate|p2a: Aggron|move: Protect
|
|-end|p2a: Aggron|move: Future Sight
|-resisted|p2a: Aggron
|-damage|p2a: Aggron|73/100
|-heal|p2a: Aggron|79/100|[from] item: Leftovers
|upkeep
|turn|7
|
|t:|1655059280
|switch|p2a: Whimsicott|Whimsicott, F|100/100
|move|p1a: Scrafty|Knock Off|p2a: Whimsicott
|-resisted|p2a: Whimsicott
|-damage|p2a: Whimsicott|50/100
|-enditem|p2a: Whimsicott|Heavy-Duty Boots|[from] move: Knock Off|[of] p1a: Scrafty
|
|upkeep
|turn|8
|
|t:|1655059290
|switch|p1a: Weezing|Weezing, M|100/100
|-damage|p1a: Weezing|88/100|[from] Stealth Rock
|move|p2a: Whimsicott|Knock Off|p1a: Weezing
|-damage|p1a: Weezing|77/100
|-enditem|p1a: Weezing|Black Sludge|[from] move: Knock Off|[of] p2a: Whimsicott
|
|upkeep
|turn|9
|
|t:|1655059301
|move|p2a: Whimsicott|U-turn|p1a: Weezing
|-resisted|p1a: Weezing
|-damage|p1a: Weezing|72/100
|
|t:|1655059304
|switch|p2a: Wishiwashi|Wishiwashi, M|100/100|[from]move: U-turn
|-damage|p2a: Wishiwashi|88/100|[from] Stealth Rock
|-formechange|p2a: Wishiwashi|Wishiwashi-School||[from] ability: Schooling
|move|p1a: Weezing|Toxic Spikes|p2a: Wishiwashi
|-sidestart|p2: xskelly34|move: Toxic Spikes
|
|-heal|p2a: Wishiwashi|94/100|[from] item: Leftovers
|upkeep
|turn|10
|
|t:|1655059313
|move|p1a: Weezing|Toxic Spikes|p2a: Wishiwashi
|-sidestart|p2: xskelly34|move: Toxic Spikes
|move|p2a: Wishiwashi|Scald|p1a: Weezing
|-damage|p1a: Weezing|24/100
|-status|p1a: Weezing|brn
|
|-heal|p2a: Wishiwashi|100/100|[from] item: Leftovers
|-damage|p1a: Weezing|18/100 brn|[from] brn
|upkeep
|turn|11
|
|t:|1655059319
|move|p1a: Weezing|Pain Split|p2a: Wishiwashi
|-sethp|p2a: Wishiwashi|60/100|[from] move: Pain Split|[silent]
|-sethp|p1a: Weezing|53/100 brn|[from] move: Pain Split
|move|p2a: Wishiwashi|Scald|p1a: Weezing
|-damage|p1a: Weezing|4/100 brn
|
|-heal|p2a: Wishiwashi|66/100|[from] item: Leftovers
|-damage|p1a: Weezing|0 fnt|[from] brn
|faint|p1a: Weezing
|upkeep
|
|t:|1655059342
|switch|p1a: Scrafty|Scrafty, M|100/100
|-damage|p1a: Scrafty|94/100|[from] Stealth Rock
|-ability|p1a: Scrafty|Intimidate|boost
|-unboost|p2a: Wishiwashi|atk|1
|turn|12
|
|t:|1655059347
|move|p1a: Scrafty|Knock Off|p2a: Wishiwashi
|-damage|p2a: Wishiwashi|20/100
|-enditem|p2a: Wishiwashi|Leftovers|[from] move: Knock Off|[of] p1a: Scrafty
|move|p2a: Wishiwashi|U-turn|p1a: Scrafty
|-damage|p1a: Scrafty|80/100
|
|t:|1655059350
|switch|p2a: Whimsicott|Whimsicott, F|50/100|[from]move: U-turn
|-damage|p2a: Whimsicott|38/100|[from] Stealth Rock
|-status|p2a: Whimsicott|tox
|
|-damage|p2a: Whimsicott|32/100 tox|[from] psn
|upkeep
|turn|13
|
|t:|1655059357
|switch|p1a: Aggron|Aggron, M|61/100
|-damage|p1a: Aggron|55/100|[from] Stealth Rock
|move|p2a: Whimsicott|Moonblast|p1a: Aggron
|-resisted|p1a: Aggron
|-damage|p1a: Aggron|37/100
|
|-heal|p1a: Aggron|43/100|[from] item: Leftovers
|-damage|p2a: Whimsicott|20/100 tox|[from] psn
|upkeep
|turn|14
|
|t:|1655059367
|move|p2a: Whimsicott|Defog|p1a: Aggron
|-unboost|p1a: Aggron|evasion|1
|-sideend|p1: Peachy07|Stealth Rock|[from] move: Defog|[of] p2a: Whimsicott
|-sideend|p2: xskelly34|Toxic Spikes|[from] move: Defog|[of] p2a: Whimsicott
|-sideend|p2: xskelly34|Stealth Rock|[from] move: Defog|[of] p2a: Whimsicott
|move|p1a: Aggron|Body Press|p2a: Whimsicott
|-resisted|p2a: Whimsicott
|-damage|p2a: Whimsicott|0 fnt
|faint|p2a: Whimsicott
|
|-heal|p1a: Aggron|49/100|[from] item: Leftovers
|upkeep
|
|t:|1655059373
|switch|p2a: Gallade|Gallade, M|100/100
|turn|15
|
|t:|1655059404
|move|p1a: Aggron|Protect|p1a: Aggron
|-singleturn|p1a: Aggron|Protect
|move|p2a: Gallade|Close Combat|p1a: Aggron
|-activate|p1a: Aggron|move: Protect
|
|-heal|p1a: Aggron|55/100|[from] item: Leftovers
|upkeep
|turn|16
|
|t:|1655059413
|move|p2a: Gallade|Close Combat|p1a: Aggron
|-supereffective|p1a: Aggron
|-damage|p1a: Aggron|0 fnt
|-unboost|p2a: Gallade|def|1
|-unboost|p2a: Gallade|spd|1
|faint|p1a: Aggron
|
|upkeep
|
|t:|1655059421
|switch|p1a: Silvally|Silvally-Ghost|100/100
|turn|17
|
|t:|1655059427
|switch|p2a: Sandaconda|Sandaconda, M|100/100
|move|p1a: Silvally|Multi-Attack|p2a: Sandaconda
|-damage|p2a: Sandaconda|75/100
|
|-heal|p2a: Sandaconda|81/100|[from] item: Leftovers
|upkeep
|turn|18
|
|t:|1655059440
|switch|p2a: Wishiwashi|Wishiwashi, M|20/100
|move|p1a: Silvally|Parting Shot|p2a: Wishiwashi
|-unboost|p2a: Wishiwashi|atk|1
|-unboost|p2a: Wishiwashi|spa|1
|
|t:|1655059455
|switch|p1a: Scrafty|Scrafty, M|80/100|[from]move: Parting Shot
|-ability|p1a: Scrafty|Intimidate|boost
|-unboost|p2a: Wishiwashi|atk|1
|
|upkeep
|turn|19
|
|t:|1655059464
|move|p1a: Scrafty|Knock Off|p2a: Wishiwashi
|-damage|p2a: Wishiwashi|0 fnt
|faint|p2a: Wishiwashi
|
|upkeep
|
|t:|1655059487
|switch|p2a: Vanilluxe|Vanilluxe, M|80/100
|-weather|Hail|[from] ability: Snow Warning|[of] p2a: Vanilluxe
|turn|20
|
|t:|1655059498
|switch|p1a: Articuno|Articuno-Galar|88/100 par
|move|p2a: Vanilluxe|Blizzard|p1a: Articuno
|-supereffective|p1a: Articuno
|-damage|p1a: Articuno|0 fnt
|faint|p1a: Articuno
|
|-weather|Hail|[upkeep]
|upkeep
|
|t:|1655059503
|switch|p1a: Silvally|Silvally-Ghost|100/100
|turn|21
|
|t:|1655059529
|switch|p2a: Sandaconda|Sandaconda, M|81/100
|move|p1a: Silvally|Multi-Attack|p2a: Sandaconda
|-damage|p2a: Sandaconda|55/100
|
|-weather|Hail|[upkeep]
|-damage|p1a: Silvally|94/100|[from] Hail
|-damage|p2a: Sandaconda|48/100|[from] Hail
|-heal|p2a: Sandaconda|55/100|[from] item: Leftovers
|upkeep
|turn|22
|
|t:|1655059538
|move|p1a: Silvally|Toxic|p2a: Sandaconda
|-status|p2a: Sandaconda|tox
|move|p2a: Sandaconda|Earthquake|p1a: Silvally
|-damage|p1a: Silvally|68/100
|
|-weather|Hail|[upkeep]
|-damage|p1a: Silvally|62/100|[from] Hail
|-damage|p2a: Sandaconda|48/100 tox|[from] Hail
|-heal|p2a: Sandaconda|55/100 tox|[from] item: Leftovers
|-damage|p2a: Sandaconda|48/100 tox|[from] psn
|upkeep
|turn|23
|
|t:|1655059542
|move|p1a: Silvally|Multi-Attack|p2a: Sandaconda
|-damage|p2a: Sandaconda|25/100 tox
|move|p2a: Sandaconda|Rest|p2a: Sandaconda
|-status|p2a: Sandaconda|slp|[from] move: Rest
|-heal|p2a: Sandaconda|100/100 slp|[silent]
|
|-weather|Hail|[upkeep]
|-damage|p1a: Silvally|56/100|[from] Hail
|-damage|p2a: Sandaconda|94/100 slp|[from] Hail
|-heal|p2a: Sandaconda|100/100 slp|[from] item: Leftovers
|upkeep
|turn|24
|
|t:|1655059552
|move|p1a: Silvally|Parting Shot|p2a: Sandaconda
|-unboost|p2a: Sandaconda|atk|1
|-unboost|p2a: Sandaconda|spa|1
|
|t:|1655059555
|switch|p1a: Scrafty|Scrafty, M|80/100|[from]move: Parting Shot
|-ability|p1a: Scrafty|Intimidate|boost
|-unboost|p2a: Sandaconda|atk|1
|cant|p2a: Sandaconda|slp
|
|-weather|none
|-activate|p2a: Sandaconda|ability: Shed Skin
|-curestatus|p2a: Sandaconda|slp|[msg]
|upkeep
|turn|25
|
|t:|1655059564
|move|p1a: Scrafty|Knock Off|p2a: Sandaconda
|-damage|p2a: Sandaconda|61/100
|-enditem|p2a: Sandaconda|Leftovers|[from] move: Knock Off|[of] p1a: Scrafty
|move|p2a: Sandaconda|Glare|p1a: Scrafty
|-status|p1a: Scrafty|par
|
|upkeep
|turn|26
|
|t:|1655059572
|move|p2a: Sandaconda|Rest|p2a: Sandaconda
|-status|p2a: Sandaconda|slp|[from] move: Rest
|-heal|p2a: Sandaconda|100/100 slp|[silent]
|move|p1a: Scrafty|Knock Off|p2a: Sandaconda
|-damage|p2a: Sandaconda|73/100 slp
|
|upkeep
|turn|27
|
|t:|1655059612
|switch|p1a: Silvally|Silvally-Ghost|56/100
|cant|p2a: Sandaconda|slp
|
|-activate|p2a: Sandaconda|ability: Shed Skin
|-curestatus|p2a: Sandaconda|slp|[msg]
|upkeep
|turn|28
|
|t:|1655059620
|move|p1a: Silvally|Multi-Attack|p2a: Sandaconda
|-damage|p2a: Sandaconda|49/100
|move|p2a: Sandaconda|Glare|p1a: Silvally
|-status|p1a: Silvally|par
|
|upkeep
|turn|29
|
|t:|1655059625
|move|p2a: Sandaconda|Rest|p2a: Sandaconda
|-status|p2a: Sandaconda|slp|[from] move: Rest
|-heal|p2a: Sandaconda|100/100 slp|[silent]
|move|p1a: Silvally|Multi-Attack|p2a: Sandaconda
|-damage|p2a: Sandaconda|76/100 slp
|
|upkeep
|turn|30
|
|t:|1655059630
|cant|p2a: Sandaconda|slp
|move|p1a: Silvally|Multi-Attack|p2a: Sandaconda
|-damage|p2a: Sandaconda|48/100 slp
|
|upkeep
|turn|31
|
|t:|1655059634
|switch|p1a: Scrafty|Scrafty, M|80/100 par
|-ability|p1a: Scrafty|Intimidate|boost
|-unboost|p2a: Sandaconda|atk|1
|cant|p2a: Sandaconda|slp
|
|upkeep
|turn|32
|
|t:|1655059639
|-curestatus|p2a: Sandaconda|slp|[msg]
|move|p2a: Sandaconda|Rest|p2a: Sandaconda
|-status|p2a: Sandaconda|slp|[from] move: Rest
|-heal|p2a: Sandaconda|100/100 slp|[silent]
|cant|p1a: Scrafty|par
|
|upkeep
|turn|33
|
|t:|1655059646
|cant|p2a: Sandaconda|slp
|move|p1a: Scrafty|Close Combat|p2a: Sandaconda
|-damage|p2a: Sandaconda|49/100 slp
|-unboost|p1a: Scrafty|def|1
|-unboost|p1a: Scrafty|spd|1
|
|-activate|p2a: Sandaconda|ability: Shed Skin
|-curestatus|p2a: Sandaconda|slp|[msg]
|upkeep
|turn|34
|
|t:|1655059650
|switch|p2a: Gallade|Gallade, M|100/100
|move|p1a: Scrafty|Close Combat|p2a: Gallade
|-resisted|p2a: Gallade
|-damage|p2a: Gallade|29/100
|-unboost|p1a: Scrafty|def|1
|-unboost|p1a: Scrafty|spd|1
|
|upkeep
|turn|35
|
|t:|1655059659
|switch|p1a: Silvally|Silvally-Ghost|56/100 par
|move|p2a: Gallade|Close Combat|p1a: Silvally
|-immune|p1a: Silvally
|
|upkeep
|turn|36
|
|t:|1655059664
|switch|p2a: Sandaconda|Sandaconda, M|49/100
|move|p1a: Silvally|Multi-Attack|p2a: Sandaconda
|-damage|p2a: Sandaconda|25/100
|
|upkeep
|turn|37
|
|t:|1655059671
|switch|p1a: Scrafty|Scrafty, M|80/100 par
|-ability|p1a: Scrafty|Intimidate|boost
|-unboost|p2a: Sandaconda|atk|1
|move|p2a: Sandaconda|Rest|p2a: Sandaconda
|-status|p2a: Sandaconda|slp|[from] move: Rest
|-heal|p2a: Sandaconda|100/100 slp|[silent]
|
|-activate|p2a: Sandaconda|ability: Shed Skin
|-curestatus|p2a: Sandaconda|slp|[msg]
|upkeep
|turn|38
|
|t:|1655059685
|move|p2a: Sandaconda|Earthquake|p1a: Scrafty
|-damage|p1a: Scrafty|51/100 par
|move|p1a: Scrafty|Drain Punch|p2a: Sandaconda
|-damage|p2a: Sandaconda|65/100
|-heal|p1a: Scrafty|74/100 par|[from] drain|[of] p2a: Sandaconda
|
|upkeep
|turn|39
|
|t:|1655059691
|move|p2a: Sandaconda|Earthquake|p1a: Scrafty
|-damage|p1a: Scrafty|47/100 par
|cant|p1a: Scrafty|par
|
|upkeep
|turn|40
|
|t:|1655059695
|move|p2a: Sandaconda|Earthquake|p1a: Scrafty
|-damage|p1a: Scrafty|23/100 par
|cant|p1a: Scrafty|par
|
|upkeep
|turn|41
|c|☆Peachy07|rip
|
|t:|1655059704
|move|p2a: Sandaconda|Earthquake|p1a: Scrafty
|-damage|p1a: Scrafty|0 fnt
|faint|p1a: Scrafty
|
|upkeep
|
|t:|1655059707
|switch|p1a: Silvally|Silvally-Ghost|56/100 par
|turn|42
|
|t:|1655059709
|move|p2a: Sandaconda|Earthquake|p1a: Silvally
|-damage|p1a: Silvally|39/100 par
|cant|p1a: Silvally|par
|
|upkeep
|turn|43
|
|t:|1655059714
|move|p2a: Sandaconda|Earthquake|p1a: Silvally
|-damage|p1a: Silvally|23/100 par
|move|p1a: Silvally|Multi-Attack|p2a: Sandaconda
|-damage|p2a: Sandaconda|38/100
|
|upkeep
|turn|44
|
|t:|1655059734
|move|p2a: Sandaconda|Rest|p2a: Sandaconda
|-status|p2a: Sandaconda|slp|[from] move: Rest
|-heal|p2a: Sandaconda|100/100 slp|[silent]
|move|p1a: Silvally|Multi-Attack|p2a: Sandaconda
|-damage|p2a: Sandaconda|73/100 slp
|
|upkeep
|turn|45
|
|t:|1655059739
|cant|p2a: Sandaconda|slp
|move|p1a: Silvally|Parting Shot|p2a: Sandaconda
|-unboost|p2a: Sandaconda|atk|1
|-unboost|p2a: Sandaconda|spa|1
|
|t:|1655059742
|switch|p1a: Ribombee|Ribombee, M|100/100|[from]move: Parting Shot
|
|upkeep
|turn|46
|
|t:|1655059748
|switch|p2a: Aggron|Aggron, F|79/100
|move|p1a: Ribombee|Quiver Dance|p1a: Ribombee
|-boost|p1a: Ribombee|spa|1
|-boost|p1a: Ribombee|spd|1
|-boost|p1a: Ribombee|spe|1
|
|-heal|p2a: Aggron|85/100|[from] item: Leftovers
|upkeep
|turn|47
|
|t:|1655059759
|move|p1a: Ribombee|Moonblast|p2a: Aggron
|-resisted|p2a: Aggron
|-damage|p2a: Aggron|54/100
|move|p2a: Aggron|Head Smash|p1a: Ribombee
|-supereffective|p1a: Ribombee
|-damage|p1a: Ribombee|0 fnt
|faint|p1a: Ribombee
|
|-heal|p2a: Aggron|60/100|[from] item: Leftovers
|upkeep
|c|☆Peachy07|gg
|
|t:|1655059766
|switch|p1a: Silvally|Silvally-Ghost|23/100 par
|turn|48
|c|☆xskelly34|gg
|
|t:|1655059769
|move|p2a: Aggron|Head Smash|p1a: Silvally|[miss]
|-miss|p2a: Aggron|p1a: Silvally
|move|p1a: Silvally|Multi-Attack|p2a: Aggron
|-damage|p2a: Aggron|38/100
|
|-heal|p2a: Aggron|44/100|[from] item: Leftovers
|upkeep
|turn|49
|
|t:|1655059772
|move|p2a: Aggron|Head Smash|p1a: Silvally
|-damage|p1a: Silvally|0 fnt
|faint|p1a: Silvally
|
|win|xskelly34
|l|☆Peachy07
