|j|☆yuuuuuuuuuj
|j|☆JoJo Reference #11
|t:|1666746992
|gametype|singles
|player|p1|yuuuuuuuuuj|102|1290
|player|p2|JoJo Reference #11|101|1390
|teamsize|p1|6
|teamsize|p2|6
|gen|8
|tier|[Gen 8] PU
|rated|
|rule|Sleep Clause Mod: Limit one foe put to sleep
|rule|Species Clause: Limit one of each Pokémon
|rule|OHKO Clause: OHKO moves are banned
|rule|Evasion Items Clause: Evasion items are banned
|rule|Evasion Moves Clause: Evasion moves are banned
|rule|Endless Battle Clause: Forcing endless battles is banned
|rule|HP Percentage Mod: HP is shown in percentages
|rule|Dynamax Clause: You cannot dynamax
|clearpoke
|poke|p1|Comfey, M|
|poke|p1|Pinsir, F|
|poke|p1|Gigalith, F|
|poke|p1|Dugtrio-Alola, F|
|poke|p1|Silvally-*|
|poke|p1|Wartortle, F|
|poke|p2|Gallade, M|
|poke|p2|Doublade, M|
|poke|p2|Centiskorch, F|
|poke|p2|Ninjask, M|
|poke|p2|Sudowoodo, M|
|poke|p2|Malamar, M|
|teampreview
|
|t:|1666747008
|start
|switch|p1a: Gigalith|Gigalith, F|100/100
|switch|p2a: Sudowoodo|Sudowoodo, M|100/100
|turn|1
|
|t:|1666747011
|move|p2a: Sudowoodo|Stealth Rock|p1a: Gigalith
|-sidestart|p1: yuuuuuuuuuj|move: Stealth Rock
|move|p1a: Gigalith|Stealth Rock|p2a: Sudowoodo
|-sidestart|p2: JoJo Reference #11|move: Stealth Rock
|
|upkeep
|turn|2
|
|t:|1666747015
|move|p2a: Sudowoodo|Wood Hammer|p1a: Gigalith
|-supereffective|p1a: Gigalith
|-damage|p1a: Gigalith|48/100
|-damage|p2a: Sudowoodo|82/100|[from] Recoil
|move|p1a: Gigalith|Earthquake|p2a: Sudowoodo
|-supereffective|p2a: Sudowoodo
|-damage|p2a: Sudowoodo|8/100
|
|upkeep
|turn|3
|-enditem|p2a: Sudowoodo|Custap Berry|[eat]
|-activate|p2a: Sudowoodo|item: Custap Berry|[consumed]
|
|t:|1666747024
|move|p2a: Sudowoodo|Head Smash|p1a: Gigalith
|-damage|p1a: Gigalith|0 fnt
|faint|p1a: Gigalith
|-damage|p2a: Sudowoodo|0 fnt|[from] Recoil
|faint|p2a: Sudowoodo
|
|upkeep
|
|t:|1666747033
|switch|p2a: Malamar|Malamar, M|100/100
|switch|p1a: Wartortle|Wartortle, F|100/100
|-damage|p2a: Malamar|88/100|[from] Stealth Rock
|-damage|p1a: Wartortle|88/100|[from] Stealth Rock
|turn|4
|
|t:|1666747035
|move|p2a: Malamar|Substitute|p2a: Malamar
|-start|p2a: Malamar|Substitute
|-damage|p2a: Malamar|63/100
|move|p1a: Wartortle|Yawn||[still]
|-fail|p1a: Wartortle
|
|-heal|p2a: Malamar|69/100|[from] item: Leftovers
|upkeep
|turn|5
|
|t:|1666747038
|move|p2a: Malamar|Superpower|p1a: Wartortle
|-damage|p1a: Wartortle|70/100
|-boost|p2a: Malamar|atk|1
|-boost|p2a: Malamar|def|1
|move|p1a: Wartortle|Flip Turn|p2a: Malamar
|-activate|p2a: Malamar|move: Substitute|[damage]
|
|t:|1666747046
|switch|p1a: Comfey|Comfey, M|100/100|[from]move: Flip Turn
|-damage|p1a: Comfey|88/100|[from] Stealth Rock
|
|-heal|p2a: Malamar|75/100|[from] item: Leftovers
|upkeep
|turn|6
|
|t:|1666747047
|move|p1a: Comfey|Draining Kiss|p2a: Malamar
|-supereffective|p2a: Malamar
|-end|p2a: Malamar|Substitute
|-heal|p1a: Comfey|100/100|[from] drain|[of] p2a: Malamar
|move|p2a: Malamar|Hypnosis|p1a: Comfey|[miss]
|-miss|p2a: Malamar|p1a: Comfey
|
|-heal|p2a: Malamar|82/100|[from] item: Leftovers
|upkeep
|turn|7
|
|t:|1666747050
|switch|p2a: Centiskorch|Centiskorch, F|100/100
|move|p1a: Comfey|Draining Kiss|p2a: Centiskorch
|-resisted|p2a: Centiskorch
|-damage|p2a: Centiskorch|93/100
|
|upkeep
|turn|8
|
|t:|1666747053
|switch|p1a: Wartortle|Wartortle, F|70/100
|-damage|p1a: Wartortle|58/100|[from] Stealth Rock
|move|p2a: Centiskorch|Coil|p2a: Centiskorch
|-boost|p2a: Centiskorch|atk|1
|-boost|p2a: Centiskorch|def|1
|-boost|p2a: Centiskorch|accuracy|1
|
|upkeep
|turn|9
|
|t:|1666747056
|move|p2a: Centiskorch|Power Whip|p1a: Wartortle
|-supereffective|p1a: Wartortle
|-damage|p1a: Wartortle|0 fnt
|faint|p1a: Wartortle
|
|upkeep
|
|t:|1666747060
|switch|p1a: Dugtrio|Dugtrio-Alola, F|100/100
|-damage|p1a: Dugtrio|98/100|[from] Stealth Rock
|turn|10
|
|t:|1666747063
|move|p1a: Dugtrio|Stone Edge|p2a: Centiskorch|[miss]
|-miss|p1a: Dugtrio|p2a: Centiskorch
|move|p2a: Centiskorch|Fire Lash|p1a: Dugtrio
|-supereffective|p1a: Dugtrio
|-damage|p1a: Dugtrio|0 fnt
|-ability|p1a: Dugtrio|Tangling Hair
|-unboost|p2a: Centiskorch|spe|1
|faint|p1a: Dugtrio
|
|upkeep
|-message|yuuuuuuuuuj forfeited.
|
|win|JoJo Reference #11
|raw|yuuuuuuuuuj's rating: 1290 &rarr; <strong>1272</strong><br />(-18 for losing)
|raw|JoJo Reference #11's rating: 1390 &rarr; <strong>1404</strong><br />(+14 for winning)
|l|☆yuuuuuuuuuj
||Ladder isn't responding, score probably updated but might not have (Request timeout).
