|j|☆HJAD
|j|☆Specs Jigglypuff
|player|p1|HJAD|lance-gen2|
|player|p2|Specs Jigglypuff|unknown|
|teamsize|p1|6
|teamsize|p2|6
|gametype|singles
|gen|8
|tier|[Gen 8] PU
|clearpoke
|poke|p1|Palpitoad, F|
|poke|p1|Roselia, M|
|poke|p1|Silvally-*|
|poke|p1|Beheeyem, M|
|poke|p1|Drakloak, M|
|poke|p1|Noctowl, F|
|poke|p2|Liepard, M|
|poke|p2|Mawile, F|
|poke|p2|Arctovish|
|poke|p2|Vespiquen, F|
|poke|p2|Mr. Mime, M|
|poke|p2|Beheeyem, M|
|rule|Sleep Clause Mod: Limit one foe put to sleep
|rule|Species Clause: Limit one of each Pokémon
|rule|OHKO Clause: OHKO moves are banned
|rule|Evasion Moves Clause: Evasion moves are banned
|rule|Endless Battle Clause: Forcing endless battles is banned
|rule|HP Percentage Mod: HP is shown in percentages
|rule|Dynamax Clause: You cannot dynamax
|teampreview
|c|☆Specs Jigglypuff|hey dib mon
|c|☆Specs Jigglypuff|nice
|c|☆Specs Jigglypuff|2 of them!
|c|☆HJAD|have to start the year off
|c|☆HJAD|correctly
|c|☆Specs Jigglypuff|obviously
|c|☆Specs Jigglypuff|hf broski
|j| royesk
|j| kelly㋛kafka
|j| asmirnov
|j|+ShuckleDeath
|j|+tjay
|j| forgis
|j|%Akir
|j|+Tone
|j| Zneon
|c| kelly㋛kafka|Nice behee
|j| xastihi
|j| tlenit1
|
|start
|switch|p1a: Silvally|Silvally-Fire|100/100
|switch|p2a: Liepard|Liepard, M|100/100
|turn|1
|c|%Akir|i cant believe specs agreed to become a voice if he lost
|c|%Akir|shocking
|j| Pinboim3
|c|☆Specs Jigglypuff|woah woah
|c|+ShuckleDeath|**SEND HIS ASS TO THE SHADOW REALM**
|c|☆Specs Jigglypuff|are the stakes higher
|
|move|p2a: Liepard|U-turn|p1a: Silvally
|-resisted|p1a: Silvally
|-crit|p1a: Silvally
|-damage|p1a: Silvally|78/100
|
|switch|p2a: Arctovish|Arctovish|100/100|[from]move: U-turn
|move|p1a: Silvally|Swords Dance|p1a: Silvally
|-boost|p1a: Silvally|atk|2
|
|upkeep
|turn|2
|j| uhuhuhu7
|
|switch|p1a: Palpitoad|Palpitoad, F|100/100
|move|p2a: Arctovish|Freeze-Dry|p1a: Palpitoad
|-supereffective|p1a: Palpitoad
|-damage|p1a: Palpitoad|21/100
|-status|p1a: Palpitoad|frz
|
|upkeep
|turn|3
|c|☆HJAD|specs
|c|☆HJAD|,
|
|move|p2a: Arctovish|Freeze-Dry|p1a: Palpitoad
|-supereffective|p1a: Palpitoad
|-damage|p1a: Palpitoad|0 fnt
|faint|p1a: Palpitoad
|
|upkeep
|c|+ShuckleDeath|its a
|c| forgis|hjad how do u get an avatar like that
|c|☆Specs Jigglypuff|its a hidden one
|
|switch|p1a: Beheeyem|Beheeyem, M|100/100
|turn|4
|c|☆Specs Jigglypuff|ill grab u a link
|l| Pinboim3
|c|+ShuckleDeath|da-da-da-dadada DULE
|c| forgis|Ty
|c|☆Specs Jigglypuff|https://www.smogon.com/forums/threads/hidden-avatars-on-pok%C3%A9mon-showdown-new-trainers.3646930/
|
|switch|p2a: Mawile|Mawile, F|100/100
|-ability|p2a: Mawile|Intimidate|boost
|-unboost|p1a: Beheeyem|atk|1
|move|p1a: Beheeyem|Thunderbolt|p2a: Mawile
|-damage|p2a: Mawile|19/100
|-status|p2a: Mawile|par
|
|-heal|p2a: Mawile|25/100 par|[from] item: Leftovers
|upkeep
|turn|5
|c|☆Specs Jigglypuff|fair enough
|
|move|p1a: Beheeyem|Thunderbolt|p2a: Mawile
|-damage|p2a: Mawile|0 fnt
|faint|p2a: Mawile
|
|upkeep
|
|switch|p2a: Liepard|Liepard, M|100/100
|turn|6
|
|move|p2a: Liepard|U-turn|p1a: Beheeyem
|-supereffective|p1a: Beheeyem
|-damage|p1a: Beheeyem|38/100
|
|switch|p2a: Vespiquen|Vespiquen, F|100/100|[from]move: U-turn
|-ability|p2a: Vespiquen|Pressure
|move|p1a: Beheeyem|Thunderbolt|p2a: Vespiquen
|-supereffective|p2a: Vespiquen
|-damage|p2a: Vespiquen|35/100
|
|upkeep
|turn|7
|l| forgis
|
|switch|p1a: Silvally|Silvally-Fire|78/100
|move|p2a: Vespiquen|U-turn|p1a: Silvally
|-resisted|p1a: Silvally
|-damage|p1a: Silvally|67/100
|
|switch|p2a: Arctovish|Arctovish|100/100|[from]move: U-turn
|
|upkeep
|turn|8
|j| wild drud
|
|move|p2a: Arctovish|Fishious Rend|p1a: Silvally
|-supereffective|p1a: Silvally
|-damage|p1a: Silvally|0 fnt
|faint|p1a: Silvally
|
|upkeep
|
|switch|p1a: Roselia|Roselia, M|100/100
|turn|9
|
|switch|p2a: Vespiquen|Vespiquen, F|35/100
|-ability|p2a: Vespiquen|Pressure
|move|p1a: Roselia|Spikes|p2a: Vespiquen
|-sidestart|p2: Specs Jigglypuff|Spikes
|
|upkeep
|turn|10
|l| wild drud
|c|☆Specs Jigglypuff|test
|l|+Tone
|j| analysis geek
|
|switch|p1a: Drakloak|Drakloak, M|100/100
|move|p2a: Vespiquen|Roost|p2a: Vespiquen
|-heal|p2a: Vespiquen|85/100
|-singleturn|p2a: Vespiquen|move: Roost
|
|upkeep
|turn|11
|
|move|p1a: Drakloak|Fire Blast|p2a: Vespiquen|[miss]
|-miss|p1a: Drakloak|p2a: Vespiquen
|move|p2a: Vespiquen|U-turn|p1a: Drakloak
|-resisted|p1a: Drakloak
|-damage|p1a: Drakloak|80/100
|
|switch|p2a: Liepard|Liepard, M|100/100|[from]move: U-turn
|-damage|p2a: Liepard|88/100|[from] Spikes
|
|upkeep
|turn|12
|
|switch|p1a: Beheeyem|Beheeyem, M|38/100
|move|p2a: Liepard|Knock Off|p1a: Beheeyem
|-supereffective|p1a: Beheeyem
|-enditem|p1a: Beheeyem|Colbur Berry|[eat]
|-enditem|p1a: Beheeyem|Colbur Berry|[weaken]
|-damage|p1a: Beheeyem|0 fnt
|faint|p1a: Beheeyem
|
|upkeep
|
|switch|p1a: Roselia|Roselia, M|100/100
|turn|13
|
|switch|p2a: Beheeyem|Beheeyem, M|100/100
|-damage|p2a: Beheeyem|88/100|[from] Spikes
|move|p1a: Roselia|Spikes|p2a: Beheeyem
|-sidestart|p2: Specs Jigglypuff|Spikes
|
|-heal|p2a: Beheeyem|94/100|[from] item: Leftovers
|upkeep
|turn|14
|
|move|p1a: Roselia|Sludge Bomb|p2a: Beheeyem
|-damage|p2a: Beheeyem|62/100
|move|p2a: Beheeyem|Psychic|p1a: Roselia
|-supereffective|p1a: Roselia
|-damage|p1a: Roselia|15/100
|
|-heal|p2a: Beheeyem|68/100|[from] item: Leftovers
|upkeep
|turn|15
|
|move|p1a: Roselia|Sludge Bomb|p2a: Beheeyem
|-damage|p2a: Beheeyem|33/100
|-status|p2a: Beheeyem|psn
|-activate|p2a: Beheeyem|ability: Synchronize
|-immune|p1a: Roselia
|move|p2a: Beheeyem|Recover|p2a: Beheeyem
|-heal|p2a: Beheeyem|83/100 psn
|
|-heal|p2a: Beheeyem|89/100 psn|[from] item: Leftovers
|-damage|p2a: Beheeyem|77/100 psn|[from] psn
|upkeep
|turn|16
|
|move|p1a: Roselia|Spikes|p2a: Beheeyem
|-sidestart|p2: Specs Jigglypuff|Spikes
|move|p2a: Beheeyem|Psychic|p1a: Roselia
|-supereffective|p1a: Roselia
|-damage|p1a: Roselia|0 fnt
|faint|p1a: Roselia
|
|-heal|p2a: Beheeyem|83/100 psn|[from] item: Leftovers
|-damage|p2a: Beheeyem|70/100 psn|[from] psn
|upkeep
|c|☆Specs Jigglypuff|wrong ability
|c|☆Specs Jigglypuff|L
|c| analysis geek|lol
|
|switch|p1a: Drakloak|Drakloak, M|80/100
|turn|17
|
|move|p1a: Drakloak|Shadow Ball|p2a: Beheeyem
|-supereffective|p2a: Beheeyem
|-damage|p2a: Beheeyem|18/100 psn
|move|p2a: Beheeyem|Shadow Ball|p1a: Drakloak
|-supereffective|p1a: Drakloak
|-damage|p1a: Drakloak|0 fnt
|faint|p1a: Drakloak
|
|-heal|p2a: Beheeyem|24/100 psn|[from] item: Leftovers
|-damage|p2a: Beheeyem|12/100 psn|[from] psn
|upkeep
|
|switch|p1a: Noctowl|Noctowl, F|100/100
|turn|18
|j| forgis
|
|move|p1a: Noctowl|Heat Wave|p2a: Beheeyem
|-damage|p2a: Beheeyem|0 fnt
|faint|p2a: Beheeyem
|
|upkeep
|c|☆HJAD|gg
|
|switch|p2a: Arctovish|Arctovish|100/100
|-damage|p2a: Arctovish|76/100|[from] Spikes
|turn|19
|c|☆Specs Jigglypuff|gg
|
|move|p2a: Arctovish|Fishious Rend|p1a: Noctowl
|-damage|p1a: Noctowl|9/100
|move|p1a: Noctowl|Hurricane|p2a: Arctovish
|-damage|p2a: Arctovish|33/100
|-start|p2a: Arctovish|confusion
|
|upkeep
|turn|20
|c|☆HJAD|hold on johnathan
|
|switch|p2a: Liepard|Liepard, M|88/100
|-damage|p2a: Liepard|63/100|[from] Spikes
|move|p1a: Noctowl|Roost|p1a: Noctowl
|-heal|p1a: Noctowl|59/100
|-singleturn|p1a: Noctowl|move: Roost
|
|upkeep
|turn|21
|
|move|p2a: Liepard|Knock Off|p1a: Noctowl
|-crit|p1a: Noctowl
|-damage|p1a: Noctowl|0 fnt
|-enditem|p1a: Noctowl|Heavy-Duty Boots|[from] move: Knock Off|[of] p2a: Liepard
|faint|p1a: Noctowl
|
|win|Specs Jigglypuff
|l|☆Specs Jigglypuff
|c|☆HJAD|ahhhhh gg
|l| uhuhuhu7
|l| tlenit1
|l|☆HJAD
|l| kelly㋛kafka
|l| Zneon
|l|+ShuckleDeath
|l| royesk
|l| forgis
|j| wild drud
|l| wild drud
|n|%EviGaro|xastihi
|l|%EviGaro
|l| asmirnov
|j|+galbia
|l| analysis geek
|l|+galbia
|j|+2xTheTap
|j|☆HJAD
|player|p1|HJAD|lance-gen2
