|j|☆bababi
|j|☆eifo
|t:|1639954635
|gametype|singles
|player|p1|bababi|cress|1628
|player|p2|eifo|#ssdivmambas|1565
|teamsize|p1|6
|teamsize|p2|6
|gen|8
|tier|[Gen 8] PU
|rated|
|rule|Sleep Clause Mod: Limit one foe put to sleep
|rule|Species Clause: Limit one of each Pokémon
|rule|OHKO Clause: OHKO moves are banned
|rule|Evasion Moves Clause: Evasion moves are banned
|rule|Endless Battle Clause: Forcing endless battles is banned
|rule|HP Percentage Mod: HP is shown in percentages
|rule|Dynamax Clause: You cannot dynamax
|clearpoke
|poke|p1|Sneasel, F|
|poke|p1|Ribombee, M|
|poke|p1|Regirock|
|poke|p1|Wishiwashi, M|
|poke|p1|Tsareena, F|
|poke|p1|Togedemaru, M|
|poke|p2|Audino, M|
|poke|p2|Quagsire, M|
|poke|p2|Aggron, F|
|poke|p2|Gourgeist-*, M|
|poke|p2|Charizard, M|
|poke|p2|Articuno|
|teampreview
|
|t:|1639954668
|start
|switch|p1a: Regirock|Regirock|100/100
|switch|p2a: Audino|Audino, M|100/100
|turn|1
|
|t:|1639954672
|move|p2a: Audino|Knock Off|p1a: Regirock
|-damage|p1a: Regirock|95/100
|-enditem|p1a: Regirock|Leftovers|[from] move: Knock Off|[of] p2a: Audino
|move|p1a: Regirock|Body Press|p2a: Audino
|-supereffective|p2a: Audino
|-damage|p2a: Audino|22/100
|
|upkeep
|turn|2
|
|t:|1639954684
|switch|p2a: Gourgeist|Gourgeist-Super, M|100/100
|move|p1a: Regirock|Toxic|p2a: Gourgeist
|-status|p2a: Gourgeist|tox
|
|-damage|p2a: Gourgeist|94/100 tox|[from] psn
|upkeep
|turn|3
|
|t:|1639954712
|switch|p1a: Tsareena|Tsareena, F|100/100
|move|p2a: Gourgeist|Power Whip|p1a: Tsareena
|-resisted|p1a: Tsareena
|-damage|p1a: Tsareena|76/100
|
|-damage|p2a: Gourgeist|82/100 tox|[from] psn
|upkeep
|turn|4
|
|t:|1639954727
|switch|p2a: Articuno|Articuno|100/100
|-ability|p2a: Articuno|Pressure
|move|p1a: Tsareena|Knock Off|p2a: Articuno
|-damage|p2a: Articuno|71/100
|-enditem|p2a: Articuno|Heavy-Duty Boots|[from] move: Knock Off|[of] p1a: Tsareena
|
|upkeep
|turn|5
|
|t:|1639954732
|switch|p1a: Togedemaru|Togedemaru, M|100/100
|move|p2a: Articuno|Heal Bell|p2a: Articuno
|-activate|p2a: Articuno|move: Heal Bell
|-curestatus|p2: Gourgeist|tox|[msg]
|
|upkeep
|turn|6
|
|t:|1639954759
|switch|p2a: Quagsire|Quagsire, M|100/100
|move|p1a: Togedemaru|U-turn|p2a: Quagsire
|-damage|p2a: Quagsire|90/100
|
|t:|1639954764
|switch|p1a: Tsareena|Tsareena, F|76/100|[from]move: U-turn
|
|upkeep
|turn|7
|
|t:|1639954769
|switch|p2a: Articuno|Articuno|71/100
|-ability|p2a: Articuno|Pressure
|move|p1a: Tsareena|U-turn|p2a: Articuno
|-resisted|p2a: Articuno
|-damage|p2a: Articuno|60/100
|
|t:|1639954773
|switch|p1a: Regirock|Regirock|95/100|[from]move: U-turn
|
|upkeep
|turn|8
|
|t:|1639954781
|move|p2a: Articuno|Freeze-Dry|p1a: Regirock
|-damage|p1a: Regirock|73/100
|move|p1a: Regirock|Stealth Rock|p2a: Articuno
|-sidestart|p2: eifo|move: Stealth Rock
|
|upkeep
|turn|9
|
|t:|1639954796
|move|p2a: Articuno|Freeze-Dry|p1a: Regirock
|-crit|p1a: Regirock
|-damage|p1a: Regirock|40/100
|move|p1a: Regirock|Rock Blast|p2a: Articuno
|-supereffective|p2a: Articuno
|-crit|p2a: Articuno
|-damage|p2a: Articuno|10/100
|-supereffective|p2a: Articuno
|-damage|p2a: Articuno|0 fnt
|faint|p2a: Articuno
|-hitcount|p2: Articuno|2
|
|upkeep
|
|t:|1639954806
|switch|p2a: Gourgeist|Gourgeist-Super, M|82/100
|-damage|p2a: Gourgeist|70/100|[from] Stealth Rock
|turn|10
|
|t:|1639954813
|switch|p1a: Tsareena|Tsareena, F|76/100
|move|p2a: Gourgeist|Leech Seed|p1a: Tsareena
|-immune|p1a: Tsareena
|
|upkeep
|turn|11
|
|t:|1639954816
|move|p1a: Tsareena|Knock Off|p2a: Gourgeist
|-supereffective|p2a: Gourgeist
|-damage|p2a: Gourgeist|43/100
|move|p2a: Gourgeist|Synthesis|p2a: Gourgeist
|-heal|p2a: Gourgeist|93/100
|
|upkeep
|turn|12
|
|t:|1639954829
|move|p1a: Tsareena|U-turn|p2a: Gourgeist
|-damage|p2a: Gourgeist|81/100
|
|t:|1639954831
|switch|p1a: Togedemaru|Togedemaru, M|100/100|[from]move: U-turn
|move|p2a: Gourgeist|Poltergeist|p1a: Togedemaru
|-activate|p1a: Togedemaru|move: Poltergeist|Leftovers
|-damage|p1a: Togedemaru|42/100
|
|-heal|p1a: Togedemaru|48/100|[from] item: Leftovers
|upkeep
|turn|13
|
|t:|1639954843
|move|p1a: Togedemaru|Spiky Shield|p1a: Togedemaru
|-singleturn|p1a: Togedemaru|move: Protect
|move|p2a: Gourgeist|Leech Seed|p1a: Togedemaru
|-activate|p1a: Togedemaru|move: Protect
|
|-heal|p1a: Togedemaru|54/100|[from] item: Leftovers
|upkeep
|turn|14
|
|t:|1639954853
|move|p1a: Togedemaru|U-turn|p2a: Gourgeist
|-damage|p2a: Gourgeist|71/100
|
|t:|1639954870
|switch|p1a: Tsareena|Tsareena, F|76/100|[from]move: U-turn
|move|p2a: Gourgeist|Poltergeist|p1a: Tsareena
|-activate|p1a: Tsareena|move: Poltergeist|Heavy-Duty Boots
|-damage|p1a: Tsareena|32/100
|
|upkeep
|turn|15
|
|t:|1639954876
|move|p1a: Tsareena|U-turn|p2a: Gourgeist
|-damage|p2a: Gourgeist|57/100
|
|t:|1639954878
|switch|p1a: cope|Sneasel, F|100/100|[from]move: U-turn
|move|p2a: Gourgeist|Synthesis|p2a: Gourgeist
|-heal|p2a: Gourgeist|100/100
|
|upkeep
|turn|16
|
|t:|1639954887
|switch|p2a: Quagsire|Quagsire, M|90/100
|move|p1a: cope|Knock Off|p2a: Quagsire
|-damage|p2a: Quagsire|61/100
|-enditem|p2a: Quagsire|Heavy-Duty Boots|[from] move: Knock Off|[of] p1a: cope
|
|upkeep
|turn|17
|
|t:|1639954906
|switch|p1a: Wishiwashi|Wishiwashi, M|100/100
|-formechange|p1a: Wishiwashi|Wishiwashi-School||[from] ability: Schooling
|move|p2a: Quagsire|Recover|p2a: Quagsire
|-heal|p2a: Quagsire|100/100
|
|upkeep
|turn|18
|
|t:|1639954911
|switch|p2a: Audino|Audino, M|55/100
|move|p1a: Wishiwashi|Scald|p2a: Audino
|-damage|p2a: Audino|31/100
|
|upkeep
|turn|19
|
|t:|1639954919
|move|p2a: Audino|Wish|p2a: Audino
|move|p1a: Wishiwashi|Scald|p2a: Audino
|-damage|p2a: Audino|7/100
|
|upkeep
|turn|20
|
|t:|1639954926
|switch|p1a: Togedemaru|Togedemaru, M|54/100
|move|p2a: Audino|Protect||[still]
|-fail|p2a: Audino
|
|-heal|p2a: Audino|57/100|[from] move: Wish|[wisher] Audino
|-heal|p1a: Togedemaru|60/100|[from] item: Leftovers
|upkeep
|turn|21
|
|t:|1639954929
|move|p1a: Togedemaru|Wish|p1a: Togedemaru
|move|p2a: Audino|Knock Off|p1a: Togedemaru
|-damage|p1a: Togedemaru|39/100
|-enditem|p1a: Togedemaru|Leftovers|[from] move: Knock Off|[of] p2a: Audino
|
|upkeep
|turn|22
|
|t:|1639954954
|move|p1a: Togedemaru|Iron Head|p2a: Audino
|-crit|p2a: Audino
|-damage|p2a: Audino|18/100
|move|p2a: Audino|Wish|p2a: Audino
|
|-heal|p1a: Togedemaru|89/100|[from] move: Wish|[wisher] Togedemaru
|upkeep
|turn|23
|j| VanillaTwilight23
|
|t:|1639954957
|switch|p2a: Aggron|Aggron, F|100/100
|-damage|p2a: Aggron|94/100|[from] Stealth Rock
|move|p1a: Togedemaru|Wish|p1a: Togedemaru
|
|-heal|p2a: Aggron|100/100|[from] move: Wish|[wisher] Audino
|upkeep
|turn|24
|
|t:|1639954962
|switch|p1a: Regirock|Regirock|40/100
|move|p2a: Aggron|Body Press|p1a: Regirock
|-supereffective|p1a: Regirock
|-damage|p1a: Regirock|14/100
|
|-heal|p1a: Regirock|60/100|[from] move: Wish|[wisher] Togedemaru
|upkeep
|turn|25
|
|t:|1639954969
|move|p2a: Aggron|Protect|p2a: Aggron
|-singleturn|p2a: Aggron|Protect
|move|p1a: Regirock|Body Press|p2a: Aggron
|-activate|p2a: Aggron|move: Protect
|
|upkeep
|turn|26
|
|t:|1639954976
|switch|p2a: Gourgeist|Gourgeist-Super, M|100/100
|-damage|p2a: Gourgeist|88/100|[from] Stealth Rock
|move|p1a: Regirock|Body Press|p2a: Gourgeist
|-immune|p2a: Gourgeist
|
|upkeep
|turn|27
|
|t:|1639954983
|switch|p1a: Togedemaru|Togedemaru, M|89/100
|move|p2a: Gourgeist|Power Whip|p1a: Togedemaru
|-resisted|p1a: Togedemaru
|-damage|p1a: Togedemaru|59/100
|
|upkeep
|turn|28
|
|t:|1639954988
|switch|p2a: Aggron|Aggron, F|100/100
|-damage|p2a: Aggron|94/100|[from] Stealth Rock
|move|p1a: Togedemaru|Wish|p1a: Togedemaru
|
|-heal|p2a: Aggron|100/100|[from] item: Leftovers
|upkeep
|turn|29
|
|t:|1639954993
|switch|p1a: Regirock|Regirock|60/100
|move|p2a: Aggron|Stealth Rock|p1a: Regirock
|-sidestart|p1: bababi|move: Stealth Rock
|
|-heal|p1a: Regirock|100/100|[from] move: Wish|[wisher] Togedemaru
|upkeep
|turn|30
|
|t:|1639954996
|move|p2a: Aggron|Protect|p2a: Aggron
|-singleturn|p2a: Aggron|Protect
|move|p1a: Regirock|Body Press|p2a: Aggron
|-activate|p2a: Aggron|move: Protect
|
|upkeep
|turn|31
|
|t:|1639955011
|switch|p2a: Charizard|Charizard, M|100/100
|move|p1a: Regirock|Body Press|p2a: Charizard
|-resisted|p2a: Charizard
|-damage|p2a: Charizard|70/100
|
|upkeep
|turn|32
|
|t:|1639955020
|switch|p2a: Quagsire|Quagsire, M|100/100
|-damage|p2a: Quagsire|94/100|[from] Stealth Rock
|move|p1a: Regirock|Toxic|p2a: Quagsire
|-status|p2a: Quagsire|tox
|
|-damage|p2a: Quagsire|88/100 tox|[from] psn
|upkeep
|turn|33
|
|t:|1639955029
|switch|p1a: Wishiwashi|Wishiwashi, M|100/100
|-damage|p1a: Wishiwashi|88/100|[from] Stealth Rock
|-formechange|p1a: Wishiwashi|Wishiwashi-School||[from] ability: Schooling
|move|p2a: Quagsire|Toxic|p1a: Wishiwashi
|-status|p1a: Wishiwashi|tox
|
|-heal|p1a: Wishiwashi|94/100 tox|[from] item: Leftovers
|-damage|p2a: Quagsire|76/100 tox|[from] psn
|-damage|p1a: Wishiwashi|88/100 tox|[from] psn
|upkeep
|turn|34
|
|t:|1639955035
|switch|p2a: Audino|Audino, M|51/100
|move|p1a: Wishiwashi|U-turn|p2a: Audino
|-damage|p2a: Audino|32/100
|
|t:|1639955039
|switch|p1a: cope|Sneasel, F|100/100|[from]move: U-turn
|
|upkeep
|turn|35
|
|t:|1639955053
|switch|p2a: Aggron|Aggron, F|100/100
|-damage|p2a: Aggron|94/100|[from] Stealth Rock
|move|p1a: cope|Knock Off|p2a: Aggron
|-damage|p2a: Aggron|71/100
|-enditem|p2a: Aggron|Leftovers|[from] move: Knock Off|[of] p1a: cope
|
|upkeep
|turn|36
|
|t:|1639955074
|switch|p1a: Regirock|Regirock|100/100
|-damage|p1a: Regirock|88/100|[from] Stealth Rock
|move|p2a: Aggron|Head Smash|p1a: Regirock
|-damage|p1a: Regirock|65/100
|
|upkeep
|turn|37
|
|t:|1639955079
|switch|p2a: Gourgeist|Gourgeist-Super, M|88/100
|-damage|p2a: Gourgeist|76/100|[from] Stealth Rock
|move|p1a: Regirock|Body Press|p2a: Gourgeist
|-immune|p2a: Gourgeist
|
|upkeep
|turn|38
|
|t:|1639955088
|switch|p1a: Togedemaru|Togedemaru, M|59/100
|-damage|p1a: Togedemaru|53/100|[from] Stealth Rock
|move|p2a: Gourgeist|Power Whip|p1a: Togedemaru
|-resisted|p1a: Togedemaru
|-damage|p1a: Togedemaru|22/100
|
|upkeep
|turn|39
|
|t:|1639955094
|move|p1a: Togedemaru|Spiky Shield|p1a: Togedemaru
|-singleturn|p1a: Togedemaru|move: Protect
|move|p2a: Gourgeist|Power Whip|p1a: Togedemaru
|-activate|p1a: Togedemaru|move: Protect
|-damage|p2a: Gourgeist|64/100|[from] Spiky Shield|[of] p1a: Togedemaru
|
|upkeep
|turn|40
|
|t:|1639955104
|move|p1a: Togedemaru|U-turn|p2a: Gourgeist
|-damage|p2a: Gourgeist|55/100
|
|t:|1639955106
|switch|p1a: Ribombee|Ribombee, M|100/100|[from]move: U-turn
|move|p2a: Gourgeist|Power Whip|p1a: Ribombee
|-resisted|p1a: Ribombee
|-damage|p1a: Ribombee|59/100
|
|upkeep
|turn|41
|
|t:|1639955116
|switch|p2a: Audino|Audino, M|65/100
|move|p1a: Ribombee|Moonblast|p2a: Audino
|-damage|p2a: Audino|42/100
|
|upkeep
|turn|42
|
|t:|1639955122
|switch|p1a: Togedemaru|Togedemaru, M|22/100
|-damage|p1a: Togedemaru|16/100|[from] Stealth Rock
|move|p2a: Audino|Wish|p2a: Audino
|
|upkeep
|turn|43
|
|t:|1639955135
|switch|p2a: Aggron|Aggron, F|71/100
|-damage|p2a: Aggron|65/100|[from] Stealth Rock
|move|p1a: Togedemaru|Wish|p1a: Togedemaru
|
|-heal|p2a: Aggron|100/100|[from] move: Wish|[wisher] Audino
|upkeep
|turn|44
|
|t:|1639955138
|move|p1a: Togedemaru|Spiky Shield|p1a: Togedemaru
|-singleturn|p1a: Togedemaru|move: Protect
|move|p2a: Aggron|Body Press|p1a: Togedemaru
|-activate|p1a: Togedemaru|move: Protect
|-damage|p2a: Aggron|88/100|[from] Spiky Shield|[of] p1a: Togedemaru
|
|-heal|p1a: Togedemaru|66/100|[from] move: Wish|[wisher] Togedemaru
|upkeep
|turn|45
|
|t:|1639955150
|move|p1a: Togedemaru|U-turn|p2a: Aggron
|-resisted|p2a: Aggron
|-damage|p2a: Aggron|84/100
|
|t:|1639955152
|switch|p1a: Tsareena|Tsareena, F|32/100|[from]move: U-turn
|move|p2a: Aggron|Body Press|p1a: Tsareena
|-damage|p1a: Tsareena|0 fnt
|faint|p1a: Tsareena
|
|upkeep
|
|t:|1639955158
|switch|p1a: Wishiwashi|Wishiwashi, M|88/100 tox
|-damage|p1a: Wishiwashi|76/100 tox|[from] Stealth Rock
|-formechange|p1a: Wishiwashi|Wishiwashi-School||[from] ability: Schooling
|turn|46
|
|t:|1639955162
|move|p2a: Aggron|Protect|p2a: Aggron
|-singleturn|p2a: Aggron|Protect
|move|p1a: Wishiwashi|Scald|p2a: Aggron
|-activate|p2a: Aggron|move: Protect
|
|-heal|p1a: Wishiwashi|82/100 tox|[from] item: Leftovers
|-damage|p1a: Wishiwashi|76/100 tox|[from] psn
|upkeep
|turn|47
|
|t:|1639955171
|switch|p2a: Audino|Audino, M|75/100
|move|p1a: Wishiwashi|Scald|p2a: Audino
|-damage|p2a: Audino|49/100
|-status|p2a: Audino|brn
|
|-heal|p1a: Wishiwashi|82/100 tox|[from] item: Leftovers
|-damage|p1a: Wishiwashi|70/100 tox|[from] psn
|-damage|p2a: Audino|43/100 brn|[from] brn
|upkeep
|turn|48
|
|t:|1639955175
|move|p2a: Audino|Heal Bell|p2a: Audino
|-activate|p2a: Audino|move: Heal Bell
|-curestatus|p2a: Audino|brn|[msg]
|-curestatus|p2: Quagsire|tox|[msg]
|move|p1a: Wishiwashi|Rest|p1a: Wishiwashi
|-status|p1a: Wishiwashi|slp|[from] move: Rest
|-heal|p1a: Wishiwashi|100/100 slp|[silent]
|
|upkeep
|turn|49
|
|t:|1639955180
|move|p2a: Audino|Knock Off|p1a: Wishiwashi
|-damage|p1a: Wishiwashi|89/100 slp
|-enditem|p1a: Wishiwashi|Leftovers|[from] move: Knock Off|[of] p2a: Audino
|cant|p1a: Wishiwashi|slp
|move|p1a: Wishiwashi|Sleep Talk|p1a: Wishiwashi
|move|p1a: Wishiwashi|U-turn|p2a: Audino|[from]move: Sleep Talk
|-damage|p2a: Audino|26/100
|
|t:|1639955184
|switch|p1a: Togedemaru|Togedemaru, M|66/100|[from]move: U-turn
|-damage|p1a: Togedemaru|60/100|[from] Stealth Rock
|
|upkeep
|turn|50
|l| VanillaTwilight23
|inactive|Battle timer is ON: inactive players will automatically lose when time's up. (requested by bababi)
|
|t:|1639955263
|move|p1a: Togedemaru|Wish|p1a: Togedemaru
|move|p2a: Audino|Wish|p2a: Audino
|
|upkeep
|turn|51
|
|t:|1639955272
|switch|p2a: Gourgeist|Gourgeist-Super, M|55/100
|-damage|p2a: Gourgeist|43/100|[from] Stealth Rock
|move|p1a: Togedemaru|U-turn|p2a: Gourgeist
|-damage|p2a: Gourgeist|33/100
|
|t:|1639955296
|switch|p1a: Regirock|Regirock|65/100|[from]move: U-turn
|-damage|p1a: Regirock|53/100|[from] Stealth Rock
|
|-heal|p1a: Regirock|99/100|[from] move: Wish|[wisher] Togedemaru
|-heal|p2a: Gourgeist|88/100|[from] move: Wish|[wisher] Audino
|upkeep
|turn|52
|
|t:|1639955311
|move|p2a: Gourgeist|Power Whip|p1a: Regirock
|-supereffective|p1a: Regirock
|-damage|p1a: Regirock|66/100
|move|p1a: Regirock|Toxic|p2a: Gourgeist
|-status|p2a: Gourgeist|tox
|
|-damage|p2a: Gourgeist|82/100 tox|[from] psn
|upkeep
|turn|53
|
|t:|1639955314
|switch|p1a: Togedemaru|Togedemaru, M|60/100
|-damage|p1a: Togedemaru|54/100|[from] Stealth Rock
|move|p2a: Gourgeist|Power Whip|p1a: Togedemaru
|-resisted|p1a: Togedemaru
|-damage|p1a: Togedemaru|26/100
|
|-damage|p2a: Gourgeist|70/100 tox|[from] psn
|upkeep
|turn|54
|j| Mercedes 450 SLC
|inactive|eifo has 120 seconds left.
|
|t:|1639955353
|switch|p2a: Aggron|Aggron, F|84/100
|-damage|p2a: Aggron|78/100|[from] Stealth Rock
|move|p1a: Togedemaru|Wish|p1a: Togedemaru
|
|upkeep
|turn|55
|inactive|eifo has 120 seconds left.
|
|t:|1639955360
|move|p1a: Togedemaru|Spiky Shield|p1a: Togedemaru
|-singleturn|p1a: Togedemaru|move: Protect
|move|p2a: Aggron|Stealth Rock||[still]
|-fail|p2a: Aggron
|
|-heal|p1a: Togedemaru|76/100|[from] move: Wish|[wisher] Togedemaru
|upkeep
|turn|56
|
|t:|1639955376
|move|p1a: Togedemaru|U-turn|p2a: Aggron
|-resisted|p2a: Aggron
|-damage|p2a: Aggron|73/100
|
|t:|1639955378
|switch|p1a: Regirock|Regirock|66/100|[from]move: U-turn
|-damage|p1a: Regirock|53/100|[from] Stealth Rock
|move|p2a: Aggron|Body Press|p1a: Regirock
|-supereffective|p1a: Regirock
|-damage|p1a: Regirock|27/100
|
|upkeep
|turn|57
|inactive|eifo has 120 seconds left.
|
|t:|1639955403
|switch|p2a: Quagsire|Quagsire, M|76/100
|-damage|p2a: Quagsire|70/100|[from] Stealth Rock
|move|p1a: Regirock|Body Press|p2a: Quagsire
|-damage|p2a: Quagsire|42/100
|
|upkeep
|turn|58
|
|t:|1639955412
|switch|p1a: Wishiwashi|Wishiwashi, M|89/100 slp
|-damage|p1a: Wishiwashi|77/100 slp|[from] Stealth Rock
|-formechange|p1a: Wishiwashi|Wishiwashi-School||[from] ability: Schooling
|move|p2a: Quagsire|Recover|p2a: Quagsire
|-heal|p2a: Quagsire|92/100
|
|upkeep
|turn|59
|
|t:|1639955414
|switch|p2a: Audino|Audino, M|59/100
|cant|p1a: Wishiwashi|slp
|move|p1a: Wishiwashi|Sleep Talk|p1a: Wishiwashi
|move|p1a: Wishiwashi|U-turn|p2a: Audino|[from]move: Sleep Talk
|-damage|p2a: Audino|42/100
|
|t:|1639955430
|switch|p1a: Regirock|Regirock|27/100|[from]move: U-turn
|-damage|p1a: Regirock|15/100|[from] Stealth Rock
|
|upkeep
|turn|60
|l| Mercedes 450 SLC
|
|t:|1639955443
|switch|p2a: Gourgeist|Gourgeist-Super, M|70/100 tox
|-damage|p2a: Gourgeist|57/100 tox|[from] Stealth Rock
|move|p1a: Regirock|Rock Blast|p2a: Gourgeist
|-damage|p2a: Gourgeist|52/100 tox
|-damage|p2a: Gourgeist|47/100 tox
|-hitcount|p2a: Gourgeist|2
|
|-damage|p2a: Gourgeist|41/100 tox|[from] psn
|upkeep
|turn|61
|
|t:|1639955467
|switch|p1a: cope|Sneasel, F|100/100
|move|p2a: Gourgeist|Leech Seed|p1a: cope
|-start|p1a: cope|move: Leech Seed
|
|-damage|p1a: cope|88/100|[from] Leech Seed|[of] p2a: Gourgeist
|-heal|p2a: Gourgeist|49/100 tox|[silent]
|-damage|p2a: Gourgeist|37/100 tox|[from] psn
|upkeep
|turn|62
|
|t:|1639955475
|switch|p1a: Wishiwashi|Wishiwashi, M|77/100 slp
|-damage|p1a: Wishiwashi|64/100 slp|[from] Stealth Rock
|-formechange|p1a: Wishiwashi|Wishiwashi-School||[from] ability: Schooling
|switch|p2a: Quagsire|Quagsire, M|92/100
|-damage|p2a: Quagsire|86/100|[from] Stealth Rock
|
|upkeep
|turn|63
|
|t:|1639955480
|switch|p2a: Audino|Audino, M|75/100
|-curestatus|p1a: Wishiwashi|slp|[msg]
|move|p1a: Wishiwashi|Scald|p2a: Audino
|-damage|p2a: Audino|51/100
|-status|p2a: Audino|brn
|
|-damage|p2a: Audino|45/100 brn|[from] brn
|upkeep
|turn|64
|
|t:|1639955491
|move|p2a: Audino|Wish|p2a: Audino
|move|p1a: Wishiwashi|Scald|p2a: Audino
|-damage|p2a: Audino|22/100 brn
|
|-damage|p2a: Audino|16/100 brn|[from] brn
|upkeep
|turn|65
|
|t:|1639955497
|switch|p1a: cope|Sneasel, F|88/100
|move|p2a: Audino|Protect||[still]
|-fail|p2a: Audino
|
|-heal|p2a: Audino|66/100 brn|[from] move: Wish|[wisher] Audino
|-damage|p2a: Audino|60/100 brn|[from] brn
|upkeep
|turn|66
|
|t:|1639955522
|move|p1a: cope|Knock Off|p2a: Audino
|-damage|p2a: Audino|23/100 brn
|-enditem|p2a: Audino|Heavy-Duty Boots|[from] move: Knock Off|[of] p1a: cope
|move|p2a: Audino|Knock Off|p1a: cope
|-resisted|p1a: cope
|-damage|p1a: cope|81/100
|-enditem|p1a: cope|Heavy-Duty Boots|[from] move: Knock Off|[of] p2a: Audino
|
|-damage|p2a: Audino|17/100 brn|[from] brn
|upkeep
|turn|67
|inactive|eifo has 120 seconds left.
|
|t:|1639955547
|switch|p2a: Gourgeist|Gourgeist-Super, M|37/100 tox
|-damage|p2a: Gourgeist|25/100 tox|[from] Stealth Rock
|move|p1a: cope|Knock Off|p2a: Gourgeist
|-supereffective|p2a: Gourgeist
|-damage|p2a: Gourgeist|0 fnt
|faint|p2a: Gourgeist
|
|upkeep
|inactive|eifo has 120 seconds left.
|inactive|eifo has 90 seconds left.
|
|t:|1639955583
|switch|p2a: Aggron|Aggron, F|73/100
|-damage|p2a: Aggron|67/100|[from] Stealth Rock
|turn|68
|
|t:|1639955587
|switch|p1a: Ribombee|Ribombee, M|59/100
|move|p2a: Aggron|Head Smash|p1a: Ribombee|[miss]
|-miss|p2a: Aggron|p1a: Ribombee
|
|upkeep
|turn|69
|inactive|eifo has 90 seconds left.
|
|t:|1639955608
|move|p1a: Ribombee|Moonblast|p2a: Aggron
|-resisted|p2a: Aggron
|-damage|p2a: Aggron|48/100
|move|p2a: Aggron|Head Smash|p1a: Ribombee
|-supereffective|p1a: Ribombee
|-damage|p1a: Ribombee|0 fnt
|faint|p1a: Ribombee
|
|upkeep
|
|t:|1639955611
|switch|p1a: Wishiwashi|Wishiwashi, M|64/100
|-damage|p1a: Wishiwashi|52/100|[from] Stealth Rock
|-formechange|p1a: Wishiwashi|Wishiwashi-School||[from] ability: Schooling
|turn|70
|inactive|eifo has 90 seconds left.
|
|t:|1639955636
|move|p2a: Aggron|Head Smash|p1a: Wishiwashi|[miss]
|-miss|p2a: Aggron|p1a: Wishiwashi
|move|p1a: Wishiwashi|Rest|p1a: Wishiwashi
|-status|p1a: Wishiwashi|slp|[from] move: Rest
|-heal|p1a: Wishiwashi|100/100 slp|[silent]
|
|upkeep
|turn|71
|
|t:|1639955639
|move|p2a: Aggron|Head Smash|p1a: Wishiwashi
|-damage|p1a: Wishiwashi|53/100 slp
|cant|p1a: Wishiwashi|slp
|move|p1a: Wishiwashi|Sleep Talk|p1a: Wishiwashi
|move|p1a: Wishiwashi|Scald|p2a: Aggron|[from]move: Sleep Talk
|-supereffective|p2a: Aggron
|-damage|p2a: Aggron|0 fnt
|faint|p2a: Aggron
|
|upkeep
|inactive|eifo has 90 seconds left.
|
|t:|1639955648
|switch|p2a: Audino|Audino, M|50/100 brn
|-damage|p2a: Audino|37/100 brn|[from] Stealth Rock
|turn|72
|
|t:|1639955651
|move|p2a: Audino|Wish|p2a: Audino
|cant|p1a: Wishiwashi|slp
|move|p1a: Wishiwashi|Sleep Talk|p1a: Wishiwashi
|move|p1a: Wishiwashi|Rest||[from]move: Sleep Talk|[still]
|-fail|p1a: Wishiwashi
|
|-damage|p2a: Audino|31/100 brn|[from] brn
|upkeep
|turn|73
|
|t:|1639955655
|move|p2a: Audino|Heal Bell|p2a: Audino
|-activate|p2a: Audino|move: Heal Bell
|-curestatus|p2a: Audino|brn|[msg]
|-curestatus|p1a: Wishiwashi|slp|[msg]
|move|p1a: Wishiwashi|Scald|p2a: Audino
|-damage|p2a: Audino|5/100
|-status|p2a: Audino|brn
|
|-heal|p2a: Audino|55/100 brn|[from] move: Wish|[wisher] Audino
|-damage|p2a: Audino|49/100 brn|[from] brn
|upkeep
|turn|74
|
|t:|1639955660
|move|p2a: Audino|Wish|p2a: Audino
|move|p1a: Wishiwashi|Rest|p1a: Wishiwashi
|-status|p1a: Wishiwashi|slp|[from] move: Rest
|-heal|p1a: Wishiwashi|100/100 slp|[silent]
|
|-damage|p2a: Audino|43/100 brn|[from] brn
|upkeep
|turn|75
|inactive|eifo has 120 seconds left.
|
|t:|1639955665
|move|p2a: Audino|Heal Bell|p2a: Audino
|-activate|p2a: Audino|move: Heal Bell
|-curestatus|p2a: Audino|brn|[msg]
|cant|p1a: Wishiwashi|slp
|move|p1a: Wishiwashi|Sleep Talk|p1a: Wishiwashi
|move|p1a: Wishiwashi|Rest||[from]move: Sleep Talk|[still]
|-fail|p1a: Wishiwashi
|
|-heal|p2a: Audino|93/100|[from] move: Wish|[wisher] Audino
|upkeep
|turn|76
|
|t:|1639955675
|move|p2a: Audino|Knock Off|p1a: Wishiwashi
|-damage|p1a: Wishiwashi|93/100 slp
|cant|p1a: Wishiwashi|slp
|move|p1a: Wishiwashi|Sleep Talk|p1a: Wishiwashi
|move|p1a: Wishiwashi|U-turn|p2a: Audino|[from]move: Sleep Talk
|-damage|p2a: Audino|75/100
|
|t:|1639955684
|switch|p1a: Regirock|Regirock|15/100|[from]move: U-turn
|-damage|p1a: Regirock|3/100|[from] Stealth Rock
|
|upkeep
|turn|77
|
|t:|1639955690
|switch|p2a: Quagsire|Quagsire, M|86/100
|-damage|p2a: Quagsire|80/100|[from] Stealth Rock
|move|p1a: Regirock|Toxic|p2a: Quagsire|[miss]
|-miss|p1a: Regirock|p2a: Quagsire
|
|upkeep
|turn|78
|
|t:|1639955694
|move|p1a: Regirock|Toxic|p2a: Quagsire
|-status|p2a: Quagsire|tox
|move|p2a: Quagsire|Waterfall|p1a: Regirock
|-supereffective|p1a: Regirock
|-crit|p1a: Regirock
|-damage|p1a: Regirock|0 fnt
|faint|p1a: Regirock
|
|-damage|p2a: Quagsire|74/100 tox|[from] psn
|upkeep
|
|t:|1639955713
|switch|p1a: Togedemaru|Togedemaru, M|76/100
|-damage|p1a: Togedemaru|70/100|[from] Stealth Rock
|turn|79
|
|t:|1639955718
|switch|p2a: Audino|Audino, M|100/100
|-damage|p2a: Audino|88/100|[from] Stealth Rock
|move|p1a: Togedemaru|Wish|p1a: Togedemaru
|
|upkeep
|turn|80
|
|t:|1639955729
|move|p1a: Togedemaru|U-turn|p2a: Audino
|-damage|p2a: Audino|72/100
|
|t:|1639955730
|switch|p1a: cope|Sneasel, F|81/100|[from]move: U-turn
|-damage|p1a: cope|56/100|[from] Stealth Rock
|move|p2a: Audino|Heal Bell|p2a: Audino
|-activate|p2a: Audino|move: Heal Bell
|-curestatus|p2: Quagsire|tox|[msg]
|
|-heal|p1a: cope|100/100|[from] move: Wish|[wisher] Togedemaru
|upkeep
|turn|81
|
|t:|1639955743
|move|p1a: cope|Triple Axel|p2a: Audino
|-damage|p2a: Audino|64/100
|-damage|p2a: Audino|49/100
|-damage|p2a: Audino|23/100
|-hitcount|p2a: Audino|3
|move|p2a: Audino|Wish|p2a: Audino
|
|upkeep
|turn|82
|
|t:|1639955749
|switch|p1a: Wishiwashi|Wishiwashi, M|93/100 slp
|-damage|p1a: Wishiwashi|80/100 slp|[from] Stealth Rock
|-formechange|p1a: Wishiwashi|Wishiwashi-School||[from] ability: Schooling
|switch|p2a: Quagsire|Quagsire, M|74/100
|-damage|p2a: Quagsire|68/100|[from] Stealth Rock
|
|-heal|p2a: Quagsire|100/100|[from] move: Wish|[wisher] Audino
|upkeep
|turn|83
|
|t:|1639955767
|switch|p2a: Audino|Audino, M|56/100
|-damage|p2a: Audino|43/100|[from] Stealth Rock
|-curestatus|p1a: Wishiwashi|slp|[msg]
|move|p1a: Wishiwashi|Scald|p2a: Audino
|-damage|p2a: Audino|20/100
|
|upkeep
|turn|84
|
|t:|1639955770
|move|p2a: Audino|Protect|p2a: Audino
|-singleturn|p2a: Audino|Protect
|move|p1a: Wishiwashi|Scald|p2a: Audino
|-activate|p2a: Audino|move: Protect
|
|upkeep
|turn|85
|
|t:|1639955786
|switch|p2a: Quagsire|Quagsire, M|100/100
|-damage|p2a: Quagsire|94/100|[from] Stealth Rock
|move|p1a: Wishiwashi|Scald|p2a: Quagsire
|-crit|p2a: Quagsire
|-damage|p2a: Quagsire|26/100
|-status|p2a: Quagsire|brn
|
|-damage|p2a: Quagsire|20/100 brn|[from] brn
|upkeep
|turn|86
|
|t:|1639955789
|move|p2a: Quagsire|Recover|p2a: Quagsire
|-heal|p2a: Quagsire|70/100 brn
|move|p1a: Wishiwashi|Scald|p2a: Quagsire
|-damage|p2a: Quagsire|26/100 brn
|
|-damage|p2a: Quagsire|20/100 brn|[from] brn
|upkeep
|turn|87
|
|t:|1639955791
|move|p2a: Quagsire|Recover|p2a: Quagsire
|-heal|p2a: Quagsire|70/100 brn
|move|p1a: Wishiwashi|Scald|p2a: Quagsire
|-damage|p2a: Quagsire|27/100 brn
|
|-damage|p2a: Quagsire|21/100 brn|[from] brn
|upkeep
|turn|88
|
|t:|1639955797
|move|p2a: Quagsire|Recover|p2a: Quagsire
|-heal|p2a: Quagsire|71/100 brn
|move|p1a: Wishiwashi|U-turn|p2a: Quagsire
|-crit|p2a: Quagsire
|-damage|p2a: Quagsire|50/100 brn
|
|t:|1639955799
|switch|p1a: cope|Sneasel, F|100/100|[from]move: U-turn
|-damage|p1a: cope|76/100|[from] Stealth Rock
|
|-damage|p2a: Quagsire|44/100 brn|[from] brn
|upkeep
|turn|89
|
|t:|1639955810
|move|p1a: cope|Triple Axel|p2a: Quagsire
|-damage|p2a: Quagsire|38/100 brn
|-hitcount|p2a: Quagsire|1
|move|p2a: Quagsire|Recover|p2a: Quagsire
|-heal|p2a: Quagsire|88/100 brn
|
|-damage|p2a: Quagsire|82/100 brn|[from] brn
|upkeep
|turn|90
|
|t:|1639955817
|switch|p1a: Wishiwashi|Wishiwashi, M|80/100
|-damage|p1a: Wishiwashi|68/100|[from] Stealth Rock
|-formechange|p1a: Wishiwashi|Wishiwashi-School||[from] ability: Schooling
|move|p2a: Quagsire|Toxic|p1a: Wishiwashi
|-status|p1a: Wishiwashi|tox
|
|-damage|p1a: Wishiwashi|62/100 tox|[from] psn
|-damage|p2a: Quagsire|76/100 brn|[from] brn
|upkeep
|turn|91
|
|t:|1639955822
|switch|p2a: Audino|Audino, M|53/100
|-damage|p2a: Audino|41/100|[from] Stealth Rock
|move|p1a: Wishiwashi|Rest|p1a: Wishiwashi
|-status|p1a: Wishiwashi|slp|[from] move: Rest
|-heal|p1a: Wishiwashi|100/100 slp|[silent]
|
|upkeep
|turn|92
|
|t:|1639955834
|move|p2a: Audino|Wish|p2a: Audino
|cant|p1a: Wishiwashi|slp
|move|p1a: Wishiwashi|Sleep Talk|p1a: Wishiwashi
|move|p1a: Wishiwashi|Rest||[from]move: Sleep Talk|[still]
|-fail|p1a: Wishiwashi
|
|upkeep
|turn|93
|
|t:|1639955838
|move|p2a: Audino|Heal Bell|p2a: Audino
|-activate|p2a: Audino|move: Heal Bell
|-curestatus|p2: Quagsire|brn|[msg]
|cant|p1a: Wishiwashi|slp
|move|p1a: Wishiwashi|Sleep Talk|p1a: Wishiwashi
|move|p1a: Wishiwashi|U-turn|p2a: Audino|[from]move: Sleep Talk
|-damage|p2a: Audino|24/100
|
|t:|1639955841
|switch|p1a: Togedemaru|Togedemaru, M|70/100|[from]move: U-turn
|-damage|p1a: Togedemaru|64/100|[from] Stealth Rock
|
|-heal|p2a: Audino|74/100|[from] move: Wish|[wisher] Audino
|upkeep
|turn|94
|
|t:|1639955850
|switch|p2a: Charizard|Charizard, M|70/100
|move|p1a: Togedemaru|Wish|p1a: Togedemaru
|
|upkeep
|turn|95
|
|t:|1639955856
|switch|p1a: Wishiwashi|Wishiwashi, M|100/100 slp
|-damage|p1a: Wishiwashi|88/100 slp|[from] Stealth Rock
|-formechange|p1a: Wishiwashi|Wishiwashi-School||[from] ability: Schooling
|move|p2a: Charizard|Roost|p2a: Charizard
|-heal|p2a: Charizard|100/100
|-singleturn|p2a: Charizard|move: Roost
|
|-heal|p1a: Wishiwashi|100/100 slp|[from] move: Wish|[wisher] Togedemaru
|upkeep
|turn|96
|
|t:|1639955860
|switch|p2a: Audino|Audino, M|100/100
|-damage|p2a: Audino|88/100|[from] Stealth Rock
|-curestatus|p1a: Wishiwashi|slp|[msg]
|move|p1a: Wishiwashi|Scald|p2a: Audino
|-damage|p2a: Audino|62/100
|-status|p2a: Audino|brn
|
|-damage|p2a: Audino|56/100 brn|[from] brn
|upkeep
|turn|97
|
|t:|1639955864
|move|p2a: Audino|Protect|p2a: Audino
|-singleturn|p2a: Audino|Protect
|move|p1a: Wishiwashi|U-turn|p2a: Audino
|-activate|p2a: Audino|move: Protect
|
|-damage|p2a: Audino|50/100 brn|[from] brn
|upkeep
|turn|98
|
|t:|1639955879
|switch|p2a: Quagsire|Quagsire, M|76/100
|-damage|p2a: Quagsire|70/100|[from] Stealth Rock
|move|p1a: Wishiwashi|U-turn|p2a: Quagsire
|-damage|p2a: Quagsire|56/100
|
|t:|1639955883
|switch|p1a: Togedemaru|Togedemaru, M|64/100|[from]move: U-turn
|-damage|p1a: Togedemaru|58/100|[from] Stealth Rock
|
|upkeep
|turn|99
|
|t:|1639955886
|move|p1a: Togedemaru|U-turn|p2a: Quagsire
|-damage|p2a: Quagsire|45/100
|
|t:|1639955887
|switch|p1a: Wishiwashi|Wishiwashi, M|100/100|[from]move: U-turn
|-damage|p1a: Wishiwashi|88/100|[from] Stealth Rock
|-formechange|p1a: Wishiwashi|Wishiwashi-School||[from] ability: Schooling
|move|p2a: Quagsire|Recover|p2a: Quagsire
|-heal|p2a: Quagsire|95/100
|
|upkeep
|turn|100
|
|t:|1639955892
|move|p2a: Quagsire|Toxic|p1a: Wishiwashi|[miss]
|-miss|p2a: Quagsire|p1a: Wishiwashi
|move|p1a: Wishiwashi|Scald|p2a: Quagsire
|-damage|p2a: Quagsire|49/100
|-status|p2a: Quagsire|brn
|
|-damage|p2a: Quagsire|43/100 brn|[from] brn
|upkeep
|turn|101
|
|t:|1639955899
|move|p2a: Quagsire|Recover|p2a: Quagsire
|-heal|p2a: Quagsire|93/100 brn
|move|p1a: Wishiwashi|Scald|p2a: Quagsire
|-damage|p2a: Quagsire|48/100 brn
|
|-damage|p2a: Quagsire|42/100 brn|[from] brn
|upkeep
|turn|102
|
|t:|1639955902
|move|p2a: Quagsire|Recover|p2a: Quagsire
|-heal|p2a: Quagsire|92/100 brn
|move|p1a: Wishiwashi|U-turn|p2a: Quagsire
|-damage|p2a: Quagsire|79/100 brn
|
|t:|1639955906
|switch|p1a: Togedemaru|Togedemaru, M|58/100|[from]move: U-turn
|-damage|p1a: Togedemaru|52/100|[from] Stealth Rock
|
|-damage|p2a: Quagsire|73/100 brn|[from] brn
|upkeep
|turn|103
|
|t:|1639955910
|switch|p2a: Audino|Audino, M|83/100 brn
|-damage|p2a: Audino|71/100 brn|[from] Stealth Rock
|move|p1a: Togedemaru|U-turn|p2a: Audino
|-damage|p2a: Audino|54/100 brn
|
|t:|1639955914
|switch|p1a: cope|Sneasel, F|76/100|[from]move: U-turn
|-damage|p1a: cope|51/100|[from] Stealth Rock
|
|-damage|p2a: Audino|48/100 brn|[from] brn
|upkeep
|turn|104
|
|t:|1639955918
|move|p1a: cope|Triple Axel|p2a: Audino
|-damage|p2a: Audino|40/100 brn
|-hitcount|p2a: Audino|1
|move|p2a: Audino|Heal Bell|p2a: Audino
|-activate|p2a: Audino|move: Heal Bell
|-curestatus|p2a: Audino|brn|[msg]
|-curestatus|p2: Quagsire|brn|[msg]
|
|upkeep
|turn|105
|inactive|eifo has 120 seconds left.
|
|t:|1639955964
|switch|p2a: Quagsire|Quagsire, M|73/100
|-damage|p2a: Quagsire|67/100|[from] Stealth Rock
|move|p1a: cope|Triple Axel|p2a: Quagsire
|-damage|p2a: Quagsire|61/100
|-crit|p2a: Quagsire
|-damage|p2a: Quagsire|43/100
|-damage|p2a: Quagsire|26/100
|-hitcount|p2a: Quagsire|3
|
|upkeep
|turn|106
|c|☆bababi|the only ennemy i have here is my own sneasel
|inactive|eifo has 90 seconds left.
|c|☆eifo|game was won if smahs just hit
|
|t:|1639955991
|move|p1a: cope|Triple Axel|p2a: Quagsire
|-damage|p2a: Quagsire|20/100
|-damage|p2a: Quagsire|7/100
|-damage|p2a: Quagsire|0 fnt
|faint|p2a: Quagsire
|-hitcount|p2: Quagsire|3
|
|upkeep
|
|t:|1639955995
|switch|p2a: Charizard|Charizard, M|100/100
|turn|107
|inactive|eifo has 90 seconds left.
|c|☆eifo|this sucks
|
|t:|1639956006
|switch|p1a: Wishiwashi|Wishiwashi, M|88/100
|-damage|p1a: Wishiwashi|76/100|[from] Stealth Rock
|-formechange|p1a: Wishiwashi|Wishiwashi-School||[from] ability: Schooling
|switch|p2a: Audino|Audino, M|73/100
|-damage|p2a: Audino|61/100|[from] Stealth Rock
|
|upkeep
|turn|108
|c|☆bababi|smashs?
|c|☆eifo|smash
|c|☆eifo|head smash
|c|☆eifo|agg vs wishi
|j| Gcxf
|c|☆bababi|i still lived and clicked rest
|inactive|bababi has 120 seconds left.
|inactive|eifo has 60 seconds left.
|
|t:|1639956042
|move|p2a: Audino|Protect|p2a: Audino
|-singleturn|p2a: Audino|Protect
|move|p1a: Wishiwashi|U-turn|p2a: Audino
|-activate|p2a: Audino|move: Protect
|
|upkeep
|turn|109
|inactive|eifo has 60 seconds left.
|c|☆eifo|missed bee, it then got chip. got me in range of wishi scald. then u got the first time sleep talk scald taht kod
|inactive|eifo has 30 seconds left.
|c|☆eifo|but that's what low acc moves are like
|inactive|eifo has 20 seconds left.
|inactive|eifo has 15 seconds left.
|
|t:|1639956094
|move|p2a: Audino|Wish|p2a: Audino
|move|p1a: Wishiwashi|U-turn|p2a: Audino
|-damage|p2a: Audino|41/100
|inactive|eifo has 20 seconds left this turn.
|inactive|bababi has 120 seconds left.
|c|☆bababi|0 SpA Wishiwashi-School Scald vs. 248 HP / 8 SpD Aggron: 344-408 (100.2 - 118.9%) -- guaranteed OHKO
|c|☆eifo|would have helped to hit the tox on wishi too ofc
|c|☆eifo|i'm max spdef
|c|☆eifo|careful
|inactive|bababi has 90 seconds left.
|c|☆eifo|u saw the mb damage
|
|t:|1639956148
|switch|p1a: cope|Sneasel, F|51/100|[from]move: U-turn
|-damage|p1a: cope|26/100|[from] Stealth Rock
|
|upkeep
|turn|110
|inactive|eifo has 25 seconds left this turn.
|inactive|eifo has 20 seconds left.
|inactive|eifo has 15 seconds left.
|
|t:|1639956161
|move|p1a: cope|Swords Dance|p1a: cope
|-boost|p1a: cope|atk|2
|move|p2a: Audino|Knock Off|p1a: cope
|-resisted|p1a: cope
|-damage|p1a: cope|17/100
|
|-heal|p2a: Audino|91/100|[from] move: Wish|[wisher] Audino
|upkeep
|turn|111
|inactive|eifo has 20 seconds left this turn.
|
|t:|1639956170
|move|p1a: cope|Triple Axel|p2a: Audino
|-damage|p2a: Audino|74/100
|-damage|p2a: Audino|40/100
|-damage|p2a: Audino|0 fnt
|faint|p2a: Audino
|-hitcount|p2: Audino|3
|
|upkeep
|inactive|eifo has 25 seconds left this turn.
|-message|eifo forfeited.
|
|win|bababi
|inactive|eifo has 30 seconds left this turn.
|raw|bababi's rating: 1628 &rarr; <strong>1644</strong><br />(+16 for winning)
|raw|eifo's rating: 1565 &rarr; <strong>1549</strong><br />(-16 for losing)
|l|☆eifo
|c| Keldeio|He choked
|c| Keldeio|scald do min 66
|c|☆bababi|the funny part is even without the bee chip he was in range of scald
|c| Keldeio|that moonblast damahe was irrelevant
|c| Keldeio|he hard choked his end game throwing quag
|c|☆bababi|yeah
|l|☆bababi
