|j|☆fckmerunning
|j|☆yassy slay
|t:|1653837289
|gametype|singles
|player|p1|fckmerunning|twins-gen2|1354
|player|p2|yassy slay|clown|1594
|teamsize|p1|6
|teamsize|p2|6
|gen|8
|tier|[Gen 8] PU
|rated|
|rule|Sleep Clause Mod: Limit one foe put to sleep
|rule|Species Clause: Limit one of each Pokémon
|rule|OHKO Clause: OHKO moves are banned
|rule|Evasion Moves Clause: Evasion moves are banned
|rule|Endless Battle Clause: Forcing endless battles is banned
|rule|HP Percentage Mod: HP is shown in percentages
|rule|Dynamax Clause: You cannot dynamax
|clearpoke
|poke|p1|Dugtrio-Alola, F|
|poke|p1|Aromatisse, F|
|poke|p1|Sandslash, M|
|poke|p1|Jellicent, F|
|poke|p1|Gigalith, F|
|poke|p1|Eldegoss, M|
|poke|p2|Flapple, F|
|poke|p2|Archeops, M|
|poke|p2|Golduck, F|
|poke|p2|Ribombee, M|
|poke|p2|Sandaconda, M|
|poke|p2|Magneton|
|teampreview
|
|t:|1653837326
|start
|switch|p1a: Jellicent|Jellicent, F|100/100
|switch|p2a: Golduck|Golduck, F|100/100
|-ability|p2a: Golduck|Cloud Nine
|turn|1
|
|t:|1653837335
|move|p2a: Golduck|Substitute|p2a: Golduck
|-start|p2a: Golduck|Substitute
|-damage|p2a: Golduck|75/100
|move|p1a: Jellicent|Scald|p2a: Golduck
|-resisted|p2a: Golduck
|-activate|p2a: Golduck|move: Substitute|[damage]
|
|-heal|p2a: Golduck|82/100|[from] item: Leftovers
|upkeep
|turn|2
|
|t:|1653837343
|move|p2a: Golduck|Calm Mind|p2a: Golduck
|-boost|p2a: Golduck|spa|1
|-boost|p2a: Golduck|spd|1
|move|p1a: Jellicent|Hex|p2a: Golduck
|-end|p2a: Golduck|Substitute
|
|-heal|p2a: Golduck|88/100|[from] item: Leftovers
|upkeep
|turn|3
|
|t:|1653837350
|switch|p1a: Dugtrio|Dugtrio-Alola, F|100/100
|move|p2a: Golduck|Substitute|p2a: Golduck
|-start|p2a: Golduck|Substitute
|-damage|p2a: Golduck|63/100
|
|-heal|p2a: Golduck|69/100|[from] item: Leftovers
|upkeep
|turn|4
|
|t:|1653837352
|move|p1a: Dugtrio|Earthquake|p2a: Golduck
|-end|p2a: Golduck|Substitute
|move|p2a: Golduck|Scald|p1a: Dugtrio
|-supereffective|p1a: Dugtrio
|-damage|p1a: Dugtrio|0 fnt
|faint|p1a: Dugtrio
|
|-heal|p2a: Golduck|75/100|[from] item: Leftovers
|upkeep
|
|t:|1653837358
|switch|p1a: Gigalith|Gigalith, F|100/100
|-weather|Sandstorm|[from] ability: Sand Stream|[of] p1a: Gigalith
|turn|5
|
|t:|1653837364
|move|p2a: Golduck|Scald|p1a: Gigalith
|-supereffective|p1a: Gigalith
|-crit|p1a: Gigalith
|-damage|p1a: Gigalith|13/100
|move|p1a: Gigalith|Rock Blast|p2a: Golduck
|-damage|p2a: Golduck|61/100
|-damage|p2a: Golduck|50/100
|-damage|p2a: Golduck|36/100
|-damage|p2a: Golduck|24/100
|-hitcount|p2a: Golduck|4
|
|-weather|Sandstorm|[upkeep]
|-heal|p2a: Golduck|30/100|[from] item: Leftovers
|upkeep
|turn|6
|
|t:|1653837374
|switch|p1a: Jellicent|Jellicent, F|100/100
|move|p2a: Golduck|Scald|p1a: Jellicent
|-resisted|p1a: Jellicent
|-damage|p1a: Jellicent|83/100
|
|-weather|Sandstorm|[upkeep]
|-heal|p2a: Golduck|36/100|[from] item: Leftovers
|upkeep
|turn|7
|
|t:|1653837377
|move|p2a: Golduck|Substitute|p2a: Golduck
|-start|p2a: Golduck|Substitute
|-damage|p2a: Golduck|11/100
|move|p1a: Jellicent|Hex|p2a: Golduck
|-activate|p2a: Golduck|move: Substitute|[damage]
|
|-weather|Sandstorm|[upkeep]
|-heal|p2a: Golduck|17/100|[from] item: Leftovers
|upkeep
|turn|8
|
|t:|1653837379
|move|p2a: Golduck|Calm Mind|p2a: Golduck
|-boost|p2a: Golduck|spa|1
|-boost|p2a: Golduck|spd|1
|move|p1a: Jellicent|Hex|p2a: Golduck
|-end|p2a: Golduck|Substitute
|
|-weather|Sandstorm|[upkeep]
|-heal|p2a: Golduck|23/100|[from] item: Leftovers
|upkeep
|turn|9
|
|t:|1653837381
|move|p2a: Golduck|Toxic|p1a: Jellicent
|-status|p1a: Jellicent|tox
|move|p1a: Jellicent|Hex|p2a: Golduck
|-damage|p2a: Golduck|11/100
|
|-weather|Sandstorm|[upkeep]
|-heal|p2a: Golduck|18/100|[from] item: Leftovers
|-damage|p1a: Jellicent|77/100 tox|[from] psn
|upkeep
|turn|10
|
|t:|1653837384
|move|p2a: Golduck|Scald|p1a: Jellicent
|-resisted|p1a: Jellicent
|-damage|p1a: Jellicent|57/100 tox
|move|p1a: Jellicent|Hex|p2a: Golduck
|-damage|p2a: Golduck|7/100
|
|-weather|Sandstorm|[upkeep]
|-heal|p2a: Golduck|13/100|[from] item: Leftovers
|-damage|p1a: Jellicent|44/100 tox|[from] psn
|upkeep
|turn|11
|
|t:|1653837386
|move|p2a: Golduck|Scald|p1a: Jellicent
|-resisted|p1a: Jellicent
|-damage|p1a: Jellicent|22/100 tox
|-start|p2a: Golduck|Disable|Scald|[from] ability: Cursed Body|[of] p1a: Jellicent
|move|p1a: Jellicent|Hex|p2a: Golduck
|-damage|p2a: Golduck|2/100
|
|-weather|Sandstorm|[upkeep]
|-heal|p2a: Golduck|8/100|[from] item: Leftovers
|-damage|p1a: Jellicent|3/100 tox|[from] psn
|upkeep
|turn|12
|
|t:|1653837389
|move|p2a: Golduck|Calm Mind|p2a: Golduck
|-boost|p2a: Golduck|spa|1
|-boost|p2a: Golduck|spd|1
|move|p1a: Jellicent|Recover|p1a: Jellicent
|-heal|p1a: Jellicent|53/100 tox
|
|-weather|none
|-heal|p2a: Golduck|14/100|[from] item: Leftovers
|-damage|p1a: Jellicent|28/100 tox|[from] psn
|upkeep
|turn|13
|
|t:|1653837393
|move|p2a: Golduck|Calm Mind|p2a: Golduck
|-boost|p2a: Golduck|spa|1
|-boost|p2a: Golduck|spd|1
|move|p1a: Jellicent|Hex|p2a: Golduck
|-damage|p2a: Golduck|7/100
|
|-heal|p2a: Golduck|13/100|[from] item: Leftovers
|-damage|p1a: Jellicent|0 fnt|[from] psn
|faint|p1a: Jellicent
|upkeep
|
|t:|1653837395
|switch|p1a: Aromatisse|Aromatisse, F|100/100
|turn|14
|
|t:|1653837398
|move|p2a: Golduck|Toxic|p1a: Aromatisse
|-status|p1a: Aromatisse|tox
|move|p1a: Aromatisse|Moonblast|p2a: Golduck
|-damage|p2a: Golduck|0 fnt
|faint|p2a: Golduck
|
|-damage|p1a: Aromatisse|94/100 tox|[from] psn
|upkeep
|
|t:|1653837408
|switch|p2a: Magneton|Magneton|100/100
|turn|15
|
|t:|1653837412
|move|p2a: Magneton|Flash Cannon|p1a: Aromatisse
|-supereffective|p1a: Aromatisse
|-damage|p1a: Aromatisse|20/100 tox
|move|p1a: Aromatisse|Wish|p1a: Aromatisse
|
|-damage|p1a: Aromatisse|8/100 tox|[from] psn
|upkeep
|turn|16
|
|t:|1653837417
|move|p2a: Magneton|Flash Cannon|p1a: Aromatisse
|-supereffective|p1a: Aromatisse
|-damage|p1a: Aromatisse|0 fnt
|faint|p1a: Aromatisse
|
|upkeep
|
|t:|1653837418
|switch|p1a: Gigalith|Gigalith, F|13/100
|-weather|Sandstorm|[from] ability: Sand Stream|[of] p1a: Gigalith
|turn|17
|
|t:|1653837421
|move|p2a: Magneton|Flash Cannon|p1a: Gigalith
|-supereffective|p1a: Gigalith
|-damage|p1a: Gigalith|0 fnt
|faint|p1a: Gigalith
|
|-weather|Sandstorm|[upkeep]
|upkeep
|
|t:|1653837422
|switch|p1a: Sandslash|Sandslash, M|100/100
|turn|18
|
|t:|1653837424
|move|p1a: Sandslash|Earthquake|p2a: Magneton
|-supereffective|p2a: Magneton
|-damage|p2a: Magneton|0 fnt
|faint|p2a: Magneton
|-damage|p1a: Sandslash|91/100|[from] item: Life Orb
|
|-weather|Sandstorm|[upkeep]
|upkeep
|
|t:|1653837430
|switch|p2a: Flapple|Flapple, F|100/100
|turn|19
|
|t:|1653837432
|switch|p1a: Eldegoss|Eldegoss, M|100/100
|move|p2a: Flapple|Grav Apple|p1a: Eldegoss
|-resisted|p1a: Eldegoss
|-damage|p1a: Eldegoss|67/100
|-unboost|p1a: Eldegoss|def|1
|
|-weather|Sandstorm|[upkeep]
|-damage|p2a: Flapple|94/100|[from] Sandstorm
|-damage|p1a: Eldegoss|60/100|[from] Sandstorm
|upkeep
|turn|20
|
|t:|1653837436
|move|p2a: Flapple|Substitute|p2a: Flapple
|-start|p2a: Flapple|Substitute
|-damage|p2a: Flapple|69/100
|move|p1a: Eldegoss|Giga Drain|p2a: Flapple
|-resisted|p2a: Flapple
|-activate|p2a: Flapple|move: Substitute|[damage]
|-heal|p1a: Eldegoss|67/100|[from] drain|[of] p2a: Flapple
|
|-weather|Sandstorm|[upkeep]
|-damage|p2a: Flapple|63/100|[from] Sandstorm
|-damage|p1a: Eldegoss|61/100|[from] Sandstorm
|upkeep
|turn|21
|-message|fckmerunning forfeited.
|
|win|yassy slay
|raw|fckmerunning's rating: 1354 &rarr; <strong>1346</strong><br />(-8 for losing)
|raw|yassy slay's rating: 1594 &rarr; <strong>1602</strong><br />(+8 for winning)
|l|☆fckmerunning
