|j|☆God in A Tomato
|j|☆bababi
|t:|1632006959
|gametype|singles
|player|p1|God in A Tomato|veteranf|1214
|player|p2|bababi|cress|1491
|teamsize|p1|6
|teamsize|p2|6
|gen|8
|tier|[Gen 8] PU
|rated|
|rule|Sleep Clause Mod: Limit one foe put to sleep
|rule|Species Clause: Limit one of each Pokémon
|rule|OHKO Clause: OHKO moves are banned
|rule|Evasion Moves Clause: Evasion moves are banned
|rule|Endless Battle Clause: Forcing endless battles is banned
|rule|HP Percentage Mod: HP is shown in percentages
|rule|Dynamax Clause: You cannot dynamax
|clearpoke
|poke|p1|Mr. Mime-Galar, M|
|poke|p1|Gigalith, M|
|poke|p1|Stoutland, M|
|poke|p1|Tsareena, F|
|poke|p1|Charizard, F|
|poke|p1|Silvally-*|
|poke|p2|Drampa, F|
|poke|p2|Charizard, M|
|poke|p2|Regirock|
|poke|p2|Gallade, M|
|poke|p2|Gourgeist-*, F|
|poke|p2|Togedemaru, F|
|teampreview
|c|☆God in A Tomato|glhf
|c|☆bababi|u2
|
|t:|1632006971
|start
|switch|p1a: Gigalith|Gigalith, M|100/100
|switch|p2a: Gallade|Gallade, M|100/100
|-weather|Sandstorm|[from] ability: Sand Stream|[of] p1a: Gigalith
|turn|1
|
|t:|1632006977
|switch|p1a: Charizard|Charizard, F|100/100
|move|p2a: Gallade|Close Combat|p1a: Charizard
|-resisted|p1a: Charizard
|-damage|p1a: Charizard|67/100
|-unboost|p2a: Gallade|def|1
|-unboost|p2a: Gallade|spd|1
|
|-weather|Sandstorm|[upkeep]
|-damage|p2a: Gallade|94/100|[from] Sandstorm
|-damage|p1a: Charizard|60/100|[from] Sandstorm
|upkeep
|turn|2
|
|t:|1632006984
|switch|p2a: Regirock|Regirock|100/100
|move|p1a: Charizard|Roost|p1a: Charizard
|-heal|p1a: Charizard|100/100
|-singleturn|p1a: Charizard|move: Roost
|
|-weather|Sandstorm|[upkeep]
|-damage|p1a: Charizard|94/100|[from] Sandstorm
|upkeep
|turn|3
|
|t:|1632006989
|switch|p1a: Gigalith|Gigalith, M|100/100
|move|p2a: Regirock|Rock Blast|p1a: Gigalith
|-damage|p1a: Gigalith|94/100
|-damage|p1a: Gigalith|88/100
|-hitcount|p1a: Gigalith|2
|
|-weather|Sandstorm|[upkeep]
|-heal|p1a: Gigalith|94/100|[from] item: Leftovers
|upkeep
|turn|4
|
|t:|1632006996
|move|p2a: Regirock|Body Press|p1a: Gigalith
|-supereffective|p1a: Gigalith
|-damage|p1a: Gigalith|38/100
|move|p1a: Gigalith|Stealth Rock|p2a: Regirock
|-sidestart|p2: bababi|move: Stealth Rock
|
|-weather|Sandstorm|[upkeep]
|-heal|p1a: Gigalith|44/100|[from] item: Leftovers
|upkeep
|turn|5
|
|t:|1632007001
|move|p1a: Gigalith|Protect|p1a: Gigalith
|-singleturn|p1a: Gigalith|Protect
|move|p2a: Regirock|Body Press|p1a: Gigalith
|-activate|p1a: Gigalith|move: Protect
|
|-weather|none
|-heal|p1a: Gigalith|50/100|[from] item: Leftovers
|upkeep
|turn|6
|
|t:|1632007018
|switch|p1a: Tsareena|Tsareena, F|100/100
|move|p2a: Regirock|Body Press|p1a: Tsareena
|-damage|p1a: Tsareena|53/100
|
|upkeep
|turn|7
|
|t:|1632007029
|switch|p2a: Charizard|Charizard, M|100/100
|move|p1a: Tsareena|Knock Off|p2a: Charizard
|-damage|p2a: Charizard|59/100
|-enditem|p2a: Charizard|Heavy-Duty Boots|[from] move: Knock Off|[of] p1a: Tsareena
|
|upkeep
|turn|8
|
|t:|1632007034
|switch|p1a: Gigalith|Gigalith, M|50/100
|-weather|Sandstorm|[from] ability: Sand Stream|[of] p1a: Gigalith
|move|p2a: Charizard|Roost|p2a: Charizard
|-heal|p2a: Charizard|100/100
|-singleturn|p2a: Charizard|move: Roost
|
|-weather|Sandstorm|[upkeep]
|-damage|p2a: Charizard|94/100|[from] Sandstorm
|-heal|p1a: Gigalith|57/100|[from] item: Leftovers
|upkeep
|turn|9
|
|t:|1632007039
|switch|p2a: Drampa|Drampa, F|100/100
|-ability|p2a: Drampa|Cloud Nine
|move|p1a: Gigalith|Body Press|p2a: Drampa
|-supereffective|p2a: Drampa
|-damage|p2a: Drampa|41/100
|
|-weather|Sandstorm|[upkeep]
|-heal|p1a: Gigalith|63/100|[from] item: Leftovers
|upkeep
|turn|10
|
|t:|1632007047
|move|p1a: Gigalith|Protect|p1a: Gigalith
|-singleturn|p1a: Gigalith|Protect
|move|p2a: Drampa|Roost|p2a: Drampa
|-heal|p2a: Drampa|91/100
|-singleturn|p2a: Drampa|move: Roost
|
|-weather|Sandstorm|[upkeep]
|-heal|p1a: Gigalith|69/100|[from] item: Leftovers
|upkeep
|turn|11
|
|t:|1632007051
|switch|p1a: Silvally|Silvally-Steel|100/100
|move|p2a: Drampa|Defog|p1a: Silvally
|-unboost|p1a: Silvally|evasion|1
|-sideend|p2: bababi|Stealth Rock|[from] move: Defog|[of] p2a: Drampa
|
|-weather|Sandstorm|[upkeep]
|upkeep
|turn|12
|
|t:|1632007055
|switch|p2a: Togedemaru|Togedemaru, F|100/100
|move|p1a: Silvally|Parting Shot|p2a: Togedemaru
|-unboost|p2a: Togedemaru|atk|1
|-unboost|p2a: Togedemaru|spa|1
|
|t:|1632007069
|switch|p1a: Gigalith|Gigalith, M|69/100|[from]move: Parting Shot
|
|-weather|none
|-heal|p1a: Gigalith|75/100|[from] item: Leftovers
|upkeep
|turn|13
|
|t:|1632007076
|move|p2a: Togedemaru|U-turn|p1a: Gigalith
|-damage|p1a: Gigalith|65/100
|
|t:|1632007078
|switch|p2a: Gourgeist|Gourgeist-Small, F|100/100|[from]move: U-turn
|-item|p1a: Gigalith|Leftovers|[from] ability: Frisk|[of] p2a: Gourgeist|[identify]
|move|p1a: Gigalith|Stealth Rock|p2a: Gourgeist
|-sidestart|p2: bababi|move: Stealth Rock
|
|-heal|p1a: Gigalith|71/100|[from] item: Leftovers
|upkeep
|turn|14
|
|t:|1632007083
|switch|p1a: Charizard|Charizard, F|94/100
|move|p2a: Gourgeist|Poltergeist|p1a: Charizard
|-activate|p1a: Charizard|move: Poltergeist|Heavy-Duty Boots
|-damage|p1a: Charizard|25/100
|
|upkeep
|turn|15
|
|t:|1632007088
|switch|p2a: Gallade|Gallade, M|94/100
|-damage|p2a: Gallade|88/100|[from] Stealth Rock
|move|p1a: Charizard|Roost|p1a: Charizard
|-heal|p1a: Charizard|75/100
|-singleturn|p1a: Charizard|move: Roost
|
|upkeep
|turn|16
|
|t:|1632007092
|switch|p2a: Regirock|Regirock|100/100
|-damage|p2a: Regirock|88/100|[from] Stealth Rock
|move|p1a: Charizard|Hurricane|p2a: Regirock
|-resisted|p2a: Regirock
|-damage|p2a: Regirock|67/100
|-start|p2a: Regirock|confusion
|
|-heal|p2a: Regirock|73/100|[from] item: Leftovers
|upkeep
|turn|17
|
|t:|1632007101
|switch|p1a: Tsareena|Tsareena, F|53/100
|-activate|p2a: Regirock|confusion
|move|p2a: Regirock|Stealth Rock|p1a: Tsareena
|-sidestart|p1: God in A Tomato|move: Stealth Rock
|
|-heal|p2a: Regirock|79/100|[from] item: Leftovers
|upkeep
|turn|18
|
|t:|1632007109
|move|p1a: Tsareena|Rapid Spin|p2a: Regirock
|-resisted|p2a: Regirock
|-damage|p2a: Regirock|75/100
|-boost|p1a: Tsareena|spe|1
|-sideend|p1: God in A Tomato|Stealth Rock|[from] move: Rapid Spin|[of] p1a: Tsareena
|-activate|p2a: Regirock|confusion
|-damage|p2a: Regirock|71/100|[from] confusion
|
|-heal|p2a: Regirock|77/100|[from] item: Leftovers
|upkeep
|turn|19
|
|t:|1632007115
|switch|p2a: Drampa|Drampa, F|91/100
|-ability|p2a: Drampa|Cloud Nine
|move|p1a: Tsareena|Power Whip|p2a: Drampa|[miss]
|-miss|p1a: Tsareena|p2a: Drampa
|
|upkeep
|turn|20
|
|t:|1632007126
|move|p1a: Tsareena|U-turn|p2a: Drampa
|-damage|p2a: Drampa|63/100
|
|t:|1632007129
|switch|p1a: Silvally|Silvally-Steel|100/100|[from]move: U-turn
|move|p2a: Drampa|Defog|p1a: Silvally
|-unboost|p1a: Silvally|evasion|1
|-sideend|p2: bababi|Stealth Rock|[from] move: Defog|[of] p2a: Drampa
|
|upkeep
|turn|21
|
|t:|1632007136
|move|p1a: Silvally|Multi-Attack|p2a: Drampa
|-damage|p2a: Drampa|16/100
|move|p2a: Drampa|Roost|p2a: Drampa
|-heal|p2a: Drampa|66/100
|-singleturn|p2a: Drampa|move: Roost
|
|upkeep
|turn|22
|
|t:|1632007140
|move|p1a: Silvally|Parting Shot|p2a: Drampa
|-unboost|p2a: Drampa|atk|1
|-unboost|p2a: Drampa|spa|1
|
|t:|1632007143
|switch|p1a: Gigalith|Gigalith, M|71/100|[from]move: Parting Shot
|-weather|Sandstorm|[from] ability: Sand Stream|[of] p1a: Gigalith
|move|p2a: Drampa|Roost|p2a: Drampa
|-heal|p2a: Drampa|100/100
|-singleturn|p2a: Drampa|move: Roost
|
|-weather|Sandstorm|[upkeep]
|-heal|p1a: Gigalith|77/100|[from] item: Leftovers
|upkeep
|turn|23
|
|t:|1632007148
|switch|p2a: Gallade|Gallade, M|88/100
|move|p1a: Gigalith|Stealth Rock|p2a: Gallade
|-sidestart|p2: bababi|move: Stealth Rock
|
|-weather|Sandstorm|[upkeep]
|-damage|p2a: Gallade|82/100|[from] Sandstorm
|-heal|p1a: Gigalith|83/100|[from] item: Leftovers
|upkeep
|turn|24
|
|t:|1632007154
|move|p1a: Gigalith|Protect|p1a: Gigalith
|-singleturn|p1a: Gigalith|Protect
|move|p2a: Gallade|Knock Off|p1a: Gigalith
|-activate|p1a: Gigalith|move: Protect
|
|-weather|Sandstorm|[upkeep]
|-damage|p2a: Gallade|76/100|[from] Sandstorm
|-heal|p1a: Gigalith|89/100|[from] item: Leftovers
|upkeep
|turn|25
|
|t:|1632007162
|switch|p1a: Silvally|Silvally-Steel|100/100
|move|p2a: Gallade|Close Combat|p1a: Silvally
|-supereffective|p1a: Silvally
|-damage|p1a: Silvally|0 fnt
|-unboost|p2a: Gallade|def|1
|-unboost|p2a: Gallade|spd|1
|faint|p1a: Silvally
|
|-weather|Sandstorm|[upkeep]
|-damage|p2a: Gallade|70/100|[from] Sandstorm
|upkeep
|
|t:|1632007169
|switch|p1a: Stoutland|Stoutland, M|100/100
|turn|26
|
|t:|1632007177
|switch|p2a: Gourgeist|Gourgeist-Small, F|100/100
|-damage|p2a: Gourgeist|88/100|[from] Stealth Rock
|-item|p1a: Stoutland|Choice Band|[from] ability: Frisk|[of] p2a: Gourgeist|[identify]
|move|p1a: Stoutland|Crunch|p2a: Gourgeist
|-supereffective|p2a: Gourgeist
|-damage|p2a: Gourgeist|0 fnt
|faint|p2a: Gourgeist
|
|-weather|none
|upkeep
|
|t:|1632007182
|switch|p2a: Regirock|Regirock|77/100
|-damage|p2a: Regirock|65/100|[from] Stealth Rock
|turn|27
|
|t:|1632007204
|switch|p1a: Tsareena|Tsareena, F|53/100
|move|p2a: Regirock|Body Press|p1a: Tsareena
|-crit|p1a: Tsareena
|-damage|p1a: Tsareena|0 fnt
|faint|p1a: Tsareena
|
|-heal|p2a: Regirock|71/100|[from] item: Leftovers
|upkeep
|
|t:|1632007210
|switch|p1a: Stoutland|Stoutland, M|100/100
|turn|28
|
|t:|1632007217
|move|p1a: Stoutland|Superpower|p2a: Regirock
|-supereffective|p2a: Regirock
|-damage|p2a: Regirock|18/100
|-unboost|p1a: Stoutland|atk|1
|-unboost|p1a: Stoutland|def|1
|move|p2a: Regirock|Body Press|p1a: Stoutland
|-supereffective|p1a: Stoutland
|-damage|p1a: Stoutland|0 fnt
|faint|p1a: Stoutland
|
|-heal|p2a: Regirock|24/100|[from] item: Leftovers
|upkeep
|
|t:|1632007221
|switch|p1a: Mr. Mime|Mr. Mime-Galar, M|100/100
|turn|29
|
|t:|1632007226
|move|p1a: Mr. Mime|Freeze-Dry|p2a: Regirock
|-damage|p2a: Regirock|0 fnt
|faint|p2a: Regirock
|
|upkeep
|
|t:|1632007229
|switch|p2a: Togedemaru|Togedemaru, F|100/100
|-damage|p2a: Togedemaru|95/100|[from] Stealth Rock
|turn|30
|
|t:|1632007232
|move|p2a: Togedemaru|Iron Head|p1a: Mr. Mime
|-supereffective|p1a: Mr. Mime
|-damage|p1a: Mr. Mime|1/100
|move|p1a: Mr. Mime|Focus Blast|p2a: Togedemaru
|-supereffective|p2a: Togedemaru
|-crit|p2a: Togedemaru
|-damage|p2a: Togedemaru|0 fnt
|faint|p2a: Togedemaru
|
|upkeep
|
|t:|1632007242
|switch|p2a: Charizard|Charizard, M|94/100
|-damage|p2a: Charizard|45/100|[from] Stealth Rock
|turn|31
|
|t:|1632007246
|move|p1a: Mr. Mime|Thunderbolt|p2a: Charizard
|-supereffective|p2a: Charizard
|-damage|p2a: Charizard|0 fnt
|faint|p2a: Charizard
|
|upkeep
|
|t:|1632007252
|switch|p2a: Gallade|Gallade, M|70/100
|-damage|p2a: Gallade|64/100|[from] Stealth Rock
|turn|32
|
|t:|1632007256
|move|p1a: Mr. Mime|Freeze-Dry|p2a: Gallade
|-damage|p2a: Gallade|33/100
|move|p2a: Gallade|Knock Off|p1a: Mr. Mime
|-supereffective|p1a: Mr. Mime
|-damage|p1a: Mr. Mime|0 fnt
|-enditem|p1a: Mr. Mime|Eviolite|[from] move: Knock Off|[of] p2a: Gallade
|faint|p1a: Mr. Mime
|
|upkeep
|
|t:|1632007261
|switch|p1a: Charizard|Charizard, F|75/100
|turn|33
|
|t:|1632007266
|move|p2a: Gallade|Psycho Cut|p1a: Charizard
|-crit|p1a: Charizard
|-damage|p1a: Charizard|16/100
|move|p1a: Charizard|Hurricane|p2a: Gallade
|-supereffective|p2a: Gallade
|-damage|p2a: Gallade|0 fnt
|faint|p2a: Gallade
|
|upkeep
|
|t:|1632007269
|switch|p2a: Drampa|Drampa, F|100/100
|-ability|p2a: Drampa|Cloud Nine
|turn|34
|
|t:|1632007272
|move|p1a: Charizard|Hurricane|p2a: Drampa|[miss]
|-miss|p1a: Charizard|p2a: Drampa
|move|p2a: Drampa|Hyper Voice|p1a: Charizard
|-damage|p1a: Charizard|0 fnt
|faint|p1a: Charizard
|
|upkeep
|
|t:|1632007274
|switch|p1a: Gigalith|Gigalith, M|89/100
|-weather|Sandstorm|[from] ability: Sand Stream|[of] p1a: Gigalith
|turn|35
|
|t:|1632007278
|move|p2a: Drampa|Draco Meteor|p1a: Gigalith
|-damage|p1a: Gigalith|32/100
|-unboost|p2a: Drampa|spa|2
|move|p1a: Gigalith|Body Press|p2a: Drampa
|-supereffective|p2a: Drampa
|-damage|p2a: Drampa|48/100
|
|-weather|Sandstorm|[upkeep]
|-heal|p1a: Gigalith|38/100|[from] item: Leftovers
|upkeep
|turn|36
|
|t:|1632007285
|move|p2a: Drampa|Draco Meteor|p1a: Gigalith
|-damage|p1a: Gigalith|10/100
|-unboost|p2a: Drampa|spa|2
|move|p1a: Gigalith|Body Press|p2a: Drampa
|-supereffective|p2a: Drampa
|-damage|p2a: Drampa|0 fnt
|faint|p2a: Drampa
|
|win|God in A Tomato
|raw|God in A Tomato's rating: 1214 &rarr; <strong>1256</strong><br />(+42 for winning)
|raw|bababi's rating: 1491 &rarr; <strong>1458</strong><br />(-33 for losing)
|l|☆bababi
||Ladder isn't responding, score probably updated but might not have (Request timeout).
