|j|☆totogrow
|j|☆JoJo Reference #11
|t:|1666219936
|gametype|singles
|player|p1|totogrow|170|1118
|player|p2|JoJo Reference #11|169|1299
|teamsize|p1|6
|teamsize|p2|6
|gen|8
|tier|[Gen 8] PU
|rated|
|rule|Sleep Clause Mod: Limit one foe put to sleep
|rule|Species Clause: Limit one of each Pokémon
|rule|OHKO Clause: OHKO moves are banned
|rule|Evasion Items Clause: Evasion items are banned
|rule|Evasion Moves Clause: Evasion moves are banned
|rule|Endless Battle Clause: Forcing endless battles is banned
|rule|HP Percentage Mod: HP is shown in percentages
|rule|Dynamax Clause: You cannot dynamax
|clearpoke
|poke|p1|Gigalith, M|
|poke|p1|Sandslash, F|
|poke|p1|Silvally-*|
|poke|p1|Whimsicott, M|
|poke|p1|Glastrier|
|poke|p1|Orbeetle, M|
|poke|p2|Gallade, M|
|poke|p2|Charizard, M|
|poke|p2|Scrafty, M|
|poke|p2|Weezing, M|
|poke|p2|Sudowoodo, F|
|poke|p2|Malamar, F|
|teampreview
|
|t:|1666219950
|start
|switch|p1a: Gigalith|Gigalith, M|100/100
|switch|p2a: Sudowoodo|Sudowoodo, F|100/100
|-weather|Sandstorm|[from] ability: Sand Stream|[of] p1a: Gigalith
|turn|1
|
|t:|1666219959
|move|p2a: Sudowoodo|Stealth Rock|p1a: Gigalith
|-sidestart|p1: totogrow|move: Stealth Rock
|move|p1a: Gigalith|Iron Defense|p1a: Gigalith
|-boost|p1a: Gigalith|def|2
|
|-weather|Sandstorm|[upkeep]
|upkeep
|turn|2
|
|t:|1666219967
|switch|p2a: Weezing|Weezing, M|100/100
|move|p1a: Gigalith|Stealth Rock|p2a: Weezing
|-sidestart|p2: JoJo Reference #11|move: Stealth Rock
|
|-weather|Sandstorm|[upkeep]
|-damage|p2a: Weezing|95/100|[from] Sandstorm
|-heal|p2a: Weezing|100/100|[from] item: Black Sludge
|upkeep
|turn|3
|
|t:|1666219976
|move|p2a: Weezing|Will-O-Wisp|p1a: Gigalith|[miss]
|-miss|p2a: Weezing|p1a: Gigalith
|move|p1a: Gigalith|Stone Edge|p2a: Weezing
|-damage|p2a: Weezing|69/100
|
|-weather|Sandstorm|[upkeep]
|-damage|p2a: Weezing|63/100|[from] Sandstorm
|-heal|p2a: Weezing|69/100|[from] item: Black Sludge
|upkeep
|turn|4
|
|t:|1666219989
|switch|p1a: Whimsicott|Whimsicott, M|100/100
|-damage|p1a: Whimsicott|88/100|[from] Stealth Rock
|move|p2a: Weezing|Will-O-Wisp|p1a: Whimsicott
|-status|p1a: Whimsicott|brn
|
|-weather|Sandstorm|[upkeep]
|-damage|p1a: Whimsicott|82/100 brn|[from] Sandstorm
|-damage|p2a: Weezing|63/100|[from] Sandstorm
|-heal|p2a: Weezing|69/100|[from] item: Black Sludge
|-damage|p1a: Whimsicott|76/100 brn|[from] brn
|upkeep
|turn|5
|
|t:|1666220004
|switch|p2a: Charizard|Charizard, M|100/100
|move|p1a: Whimsicott|Psychic|p2a: Charizard
|-damage|p2a: Charizard|60/100
|
|-weather|Sandstorm|[upkeep]
|-damage|p1a: Whimsicott|70/100 brn|[from] Sandstorm
|-damage|p2a: Charizard|54/100|[from] Sandstorm
|-damage|p1a: Whimsicott|64/100 brn|[from] brn
|upkeep
|turn|6
|
|t:|1666220015
|switch|p1a: Gigalith|Gigalith, M|100/100
|-damage|p1a: Gigalith|88/100|[from] Stealth Rock
|move|p2a: Charizard|Roost|p2a: Charizard
|-heal|p2a: Charizard|100/100
|-singleturn|p2a: Charizard|move: Roost
|
|-weather|Sandstorm|[upkeep]
|-damage|p2a: Charizard|94/100|[from] Sandstorm
|upkeep
|turn|7
|
|t:|1666220025
|switch|p2a: Scrafty|Scrafty, M|100/100
|-damage|p2a: Scrafty|95/100|[from] Stealth Rock
|move|p1a: Gigalith|Stone Edge|p2a: Scrafty|[miss]
|-miss|p1a: Gigalith|p2a: Scrafty
|
|-weather|Sandstorm|[upkeep]
|-damage|p2a: Scrafty|89/100|[from] Sandstorm
|-heal|p2a: Scrafty|95/100|[from] item: Leftovers
|upkeep
|turn|8
|inactive|Battle timer is ON: inactive players will automatically lose when time's up. (requested by JoJo Reference #11)
|
|t:|1666220042
|switch|p2a: Weezing|Weezing, M|69/100
|-damage|p2a: Weezing|56/100|[from] Stealth Rock
|move|p1a: Gigalith|Iron Defense|p1a: Gigalith
|-boost|p1a: Gigalith|def|2
|
|-weather|none
|-heal|p2a: Weezing|62/100|[from] item: Black Sludge
|upkeep
|turn|9
|
|t:|1666220056
|switch|p1a: Whimsicott|Whimsicott, M|64/100 brn
|-damage|p1a: Whimsicott|51/100 brn|[from] Stealth Rock
|move|p2a: Weezing|Will-O-Wisp|p1a: Whimsicott
|-fail|p1a: Whimsicott|brn
|
|-heal|p2a: Weezing|68/100|[from] item: Black Sludge
|-damage|p1a: Whimsicott|45/100 brn|[from] brn
|upkeep
|turn|10
|
|t:|1666220070
|switch|p2a: Charizard|Charizard, M|94/100
|move|p1a: Whimsicott|Moonblast|p2a: Charizard
|-resisted|p2a: Charizard
|-damage|p2a: Charizard|64/100
|-unboost|p2a: Charizard|spa|1
|
|-damage|p1a: Whimsicott|39/100 brn|[from] brn
|upkeep
|turn|11
|
|t:|1666220084
|switch|p1a: Orbeetle|Orbeetle, M|100/100
|-damage|p1a: Orbeetle|75/100|[from] Stealth Rock
|-item|p2a: Charizard|Heavy-Duty Boots|[from] ability: Frisk|[of] p1a: Orbeetle|[identify]
|move|p2a: Charizard|Roost|p2a: Charizard
|-heal|p2a: Charizard|100/100
|-singleturn|p2a: Charizard|move: Roost
|
|-heal|p1a: Orbeetle|82/100|[from] item: Leftovers
|upkeep
|turn|12
|
|t:|1666220097
|move|p2a: Charizard|Toxic|p1a: Orbeetle
|-status|p1a: Orbeetle|tox
|move|p1a: Orbeetle|Calm Mind|p1a: Orbeetle
|-boost|p1a: Orbeetle|spa|1
|-boost|p1a: Orbeetle|spd|1
|
|-heal|p1a: Orbeetle|88/100 tox|[from] item: Leftovers
|-damage|p1a: Orbeetle|82/100 tox|[from] psn
|upkeep
|turn|13
|
|t:|1666220114
|switch|p1a: Gigalith|Gigalith, M|88/100
|-damage|p1a: Gigalith|76/100|[from] Stealth Rock
|-weather|Sandstorm|[from] ability: Sand Stream|[of] p1a: Gigalith
|move|p2a: Charizard|Hurricane|p1a: Gigalith
|-resisted|p1a: Gigalith
|-damage|p1a: Gigalith|69/100
|-start|p1a: Gigalith|confusion
|
|-weather|Sandstorm|[upkeep]
|-damage|p2a: Charizard|94/100|[from] Sandstorm
|upkeep
|turn|14
|
|t:|1666220133
|switch|p2a: Weezing|Weezing, M|68/100
|-damage|p2a: Weezing|56/100|[from] Stealth Rock
|switch|p1a: Glastrier|Glastrier|100/100
|-damage|p1a: Glastrier|76/100|[from] Stealth Rock
|
|-weather|Sandstorm|[upkeep]
|-damage|p2a: Weezing|50/100|[from] Sandstorm
|-damage|p1a: Glastrier|69/100|[from] Sandstorm
|-heal|p2a: Weezing|56/100|[from] item: Black Sludge
|upkeep
|turn|15
|
|t:|1666220145
|move|p2a: Weezing|Will-O-Wisp|p1a: Glastrier|[miss]
|-miss|p2a: Weezing|p1a: Glastrier
|move|p1a: Glastrier|Icicle Crash|p2a: Weezing
|-damage|p2a: Weezing|7/100
|
|-weather|Sandstorm|[upkeep]
|-damage|p2a: Weezing|1/100|[from] Sandstorm
|-damage|p1a: Glastrier|63/100|[from] Sandstorm
|-heal|p2a: Weezing|7/100|[from] item: Black Sludge
|upkeep
|turn|16
|
|t:|1666220157
|switch|p1a: Whimsicott|Whimsicott, M|39/100 brn
|-damage|p1a: Whimsicott|27/100 brn|[from] Stealth Rock
|move|p2a: Weezing|Will-O-Wisp|p1a: Whimsicott
|-fail|p1a: Whimsicott|brn
|
|-weather|Sandstorm|[upkeep]
|-damage|p1a: Whimsicott|21/100 brn|[from] Sandstorm
|-damage|p2a: Weezing|1/100|[from] Sandstorm
|-heal|p2a: Weezing|7/100|[from] item: Black Sludge
|-damage|p1a: Whimsicott|15/100 brn|[from] brn
|upkeep
|turn|17
|
|t:|1666220173
|move|p1a: Whimsicott|Hurricane|p2a: Weezing
|-damage|p2a: Weezing|0 fnt
|faint|p2a: Weezing
|
|-weather|Sandstorm|[upkeep]
|-damage|p1a: Whimsicott|9/100 brn|[from] Sandstorm
|-damage|p1a: Whimsicott|2/100 brn|[from] brn
|upkeep
|
|t:|1666220178
|switch|p2a: Sudowoodo|Sudowoodo, F|100/100
|-damage|p2a: Sudowoodo|88/100|[from] Stealth Rock
|turn|18
|
|t:|1666220184
|move|p1a: Whimsicott|Hurricane|p2a: Sudowoodo
|-resisted|p2a: Sudowoodo
|-damage|p2a: Sudowoodo|67/100
|-start|p2a: Sudowoodo|confusion
|-activate|p2a: Sudowoodo|confusion
|move|p2a: Sudowoodo|Head Smash|p1a: Whimsicott
|-damage|p1a: Whimsicott|0 fnt
|faint|p1a: Whimsicott
|-damage|p2a: Sudowoodo|66/100|[from] Recoil
|
|-weather|Sandstorm|[upkeep]
|upkeep
|inactive|totogrow has 120 seconds left.
|
|t:|1666220206
|switch|p1a: Silvally|Silvally-Steel|100/100
|-damage|p1a: Silvally|94/100|[from] Stealth Rock
|turn|19
|
|t:|1666220212
|switch|p2a: Charizard|Charizard, M|94/100
|move|p1a: Silvally|U-turn|p2a: Charizard
|-resisted|p2a: Charizard
|-damage|p2a: Charizard|89/100
|
|t:|1666220221
|switch|p1a: Sandslash|Sandslash, F|100/100|[from]move: U-turn
|-damage|p1a: Sandslash|94/100|[from] Stealth Rock
|
|-weather|Sandstorm|[upkeep]
|-damage|p2a: Charizard|83/100|[from] Sandstorm
|upkeep
|turn|20
|
|t:|1666220229
|switch|p2a: Scrafty|Scrafty, M|95/100
|-damage|p2a: Scrafty|89/100|[from] Stealth Rock
|move|p1a: Sandslash|Stone Edge|p2a: Scrafty
|-resisted|p2a: Scrafty
|-damage|p2a: Scrafty|70/100
|-damage|p1a: Sandslash|84/100|[from] item: Life Orb
|
|-weather|none
|-heal|p2a: Scrafty|76/100|[from] item: Leftovers
|upkeep
|turn|21
|
|t:|1666220245
|switch|p1a: Gigalith|Gigalith, M|69/100
|-damage|p1a: Gigalith|56/100|[from] Stealth Rock
|-weather|Sandstorm|[from] ability: Sand Stream|[of] p1a: Gigalith
|move|p2a: Scrafty|Drain Punch|p1a: Gigalith
|-supereffective|p1a: Gigalith
|-damage|p1a: Gigalith|22/100
|-heal|p2a: Scrafty|95/100|[from] drain|[of] p1a: Gigalith
|
|-weather|Sandstorm|[upkeep]
|-damage|p2a: Scrafty|89/100|[from] Sandstorm
|-heal|p2a: Scrafty|95/100|[from] item: Leftovers
|upkeep
|turn|22
|inactive|totogrow has 120 seconds left.
|
|t:|1666220262
|switch|p1a: Orbeetle|Orbeetle, M|82/100 tox
|-damage|p1a: Orbeetle|57/100 tox|[from] Stealth Rock
|-item|p2a: Scrafty|Leftovers|[from] ability: Frisk|[of] p1a: Orbeetle|[identify]
|move|p2a: Scrafty|Drain Punch|p1a: Orbeetle
|-resisted|p1a: Orbeetle
|-damage|p1a: Orbeetle|51/100 tox
|-heal|p2a: Scrafty|98/100|[from] drain|[of] p1a: Orbeetle
|
|-weather|Sandstorm|[upkeep]
|-damage|p1a: Orbeetle|45/100 tox|[from] Sandstorm
|-damage|p2a: Scrafty|92/100|[from] Sandstorm
|-heal|p1a: Orbeetle|51/100 tox|[from] item: Leftovers
|-heal|p2a: Scrafty|98/100|[from] item: Leftovers
|-damage|p1a: Orbeetle|45/100 tox|[from] psn
|upkeep
|turn|23
|inactive|totogrow has 120 seconds left.
|
|t:|1666220279
|switch|p2a: Charizard|Charizard, M|83/100
|move|p1a: Orbeetle|Recover|p1a: Orbeetle
|-heal|p1a: Orbeetle|95/100 tox
|
|-weather|Sandstorm|[upkeep]
|-damage|p2a: Charizard|77/100|[from] Sandstorm
|-damage|p1a: Orbeetle|89/100 tox|[from] Sandstorm
|-heal|p1a: Orbeetle|95/100 tox|[from] item: Leftovers
|-damage|p1a: Orbeetle|83/100 tox|[from] psn
|upkeep
|turn|24
|inactive|totogrow has 120 seconds left.
|
|t:|1666220293
|switch|p1a: Gigalith|Gigalith, M|22/100
|-damage|p1a: Gigalith|10/100|[from] Stealth Rock
|move|p2a: Charizard|Hurricane|p1a: Gigalith
|-resisted|p1a: Gigalith
|-damage|p1a: Gigalith|0 fnt
|faint|p1a: Gigalith
|
|-weather|Sandstorm|[upkeep]
|-damage|p2a: Charizard|71/100|[from] Sandstorm
|upkeep
|
|t:|1666220305
|switch|p1a: Sandslash|Sandslash, F|84/100
|-damage|p1a: Sandslash|78/100|[from] Stealth Rock
|turn|25
|
|t:|1666220314
|switch|p2a: Sudowoodo|Sudowoodo, F|66/100
|-damage|p2a: Sudowoodo|54/100|[from] Stealth Rock
|move|p1a: Sandslash|Knock Off|p2a: Sudowoodo
|-damage|p2a: Sudowoodo|18/100
|-enditem|p2a: Sudowoodo|Custap Berry|[from] move: Knock Off|[of] p1a: Sandslash
|-damage|p1a: Sandslash|68/100|[from] item: Life Orb
|
|-weather|Sandstorm|[upkeep]
|upkeep
|turn|26
|inactive|totogrow has 120 seconds left.
|
|t:|1666220329
|move|p1a: Sandslash|Stone Edge|p2a: Sudowoodo
|-damage|p2a: Sudowoodo|0 fnt
|faint|p2a: Sudowoodo
|-damage|p1a: Sandslash|58/100|[from] item: Life Orb
|
|-weather|Sandstorm|[upkeep]
|upkeep
|
|t:|1666220345
|switch|p2a: Scrafty|Scrafty, M|98/100
|-damage|p2a: Scrafty|92/100|[from] Stealth Rock
|turn|27
|inactive|totogrow has 120 seconds left.
|inactive|totogrow has 90 seconds left.
|
|t:|1666220382
|switch|p1a: Orbeetle|Orbeetle, M|83/100 tox
|-damage|p1a: Orbeetle|58/100 tox|[from] Stealth Rock
|-item|p2a: Scrafty|Leftovers|[from] ability: Frisk|[of] p1a: Orbeetle|[identify]
|move|p2a: Scrafty|Drain Punch|p1a: Orbeetle
|-resisted|p1a: Orbeetle
|-damage|p1a: Orbeetle|52/100 tox
|-heal|p2a: Scrafty|95/100|[from] drain|[of] p1a: Orbeetle
|
|-weather|Sandstorm|[upkeep]
|-damage|p1a: Orbeetle|46/100 tox|[from] Sandstorm
|-damage|p2a: Scrafty|89/100|[from] Sandstorm
|-heal|p1a: Orbeetle|52/100 tox|[from] item: Leftovers
|-heal|p2a: Scrafty|95/100|[from] item: Leftovers
|-damage|p1a: Orbeetle|46/100 tox|[from] psn
|upkeep
|turn|28
|inactive|totogrow has 90 seconds left.
|
|t:|1666220398
|move|p1a: Orbeetle|Recover|p1a: Orbeetle
|-heal|p1a: Orbeetle|96/100 tox
|move|p2a: Scrafty|Bulk Up|p2a: Scrafty
|-boost|p2a: Scrafty|atk|1
|-boost|p2a: Scrafty|def|1
|
|-weather|none
|-heal|p1a: Orbeetle|100/100 tox|[from] item: Leftovers
|-heal|p2a: Scrafty|100/100|[from] item: Leftovers
|-damage|p1a: Orbeetle|88/100 tox|[from] psn
|upkeep
|turn|29
|inactive|totogrow has 90 seconds left.
|
|t:|1666220414
|switch|p1a: Sandslash|Sandslash, F|58/100
|-damage|p1a: Sandslash|52/100|[from] Stealth Rock
|move|p2a: Scrafty|Knock Off|p1a: Sandslash
|-damage|p1a: Sandslash|1/100
|-enditem|p1a: Sandslash|Life Orb|[from] move: Knock Off|[of] p2a: Scrafty
|
|upkeep
|turn|30
|
|t:|1666220426
|move|p1a: Sandslash|Knock Off|p2a: Scrafty
|-resisted|p2a: Scrafty
|-damage|p2a: Scrafty|96/100
|-enditem|p2a: Scrafty|Leftovers|[from] move: Knock Off|[of] p1a: Sandslash
|move|p2a: Scrafty|Drain Punch|p1a: Sandslash
|-damage|p1a: Sandslash|0 fnt
|-heal|p2a: Scrafty|97/100|[from] drain|[of] p1a: Sandslash
|faint|p1a: Sandslash
|
|upkeep
|
|t:|1666220438
|switch|p1a: Glastrier|Glastrier|63/100
|-damage|p1a: Glastrier|38/100|[from] Stealth Rock
|turn|31
|-message|totogrow forfeited.
|
|win|JoJo Reference #11
|raw|totogrow's rating: 1118 &rarr; <strong>1105</strong><br />(-13 for losing)
|raw|JoJo Reference #11's rating: 1299 &rarr; <strong>1312</strong><br />(+13 for winning)
|l|☆totogrow
