|j|☆cornelia street
|j|☆Charchar67
|t:|1656632792
|gametype|singles
|player|p1|cornelia street|#uuplxsisters|
|player|p2|Charchar67|waiter-gen4|
|teamsize|p1|6
|teamsize|p2|6
|gen|8
|tier|[Gen 8] PU
|rated|Tournament battle
|rule|Sleep Clause Mod: Limit one foe put to sleep
|rule|Species Clause: Limit one of each Pokémon
|rule|OHKO Clause: OHKO moves are banned
|rule|Evasion Moves Clause: Evasion moves are banned
|rule|Endless Battle Clause: Forcing endless battles is banned
|rule|HP Percentage Mod: HP is shown in percentages
|rule|Dynamax Clause: You cannot dynamax
|clearpoke
|poke|p1|Kabutops, M|
|poke|p1|Uxie|
|poke|p1|Scyther, M|
|poke|p1|Sandaconda, M|
|poke|p1|Perrserker, M|
|poke|p1|Lycanroc, F|
|poke|p2|Throh, M|
|poke|p2|Ferroseed, F|
|poke|p2|Gigalith, M|
|poke|p2|Sandslash, M|
|poke|p2|Audino, F|
|poke|p2|Jellicent, M|
|teampreview
|inactive|Battle timer is ON: inactive players will automatically lose when time's up. (requested by Charchar67)
|j|+Jungle Fox
|
|t:|1656632802
|start
|switch|p1a: is it cold|Kabutops, M|100/100
|switch|p2a: Gigalith|Gigalith, M|100/100
|-weather|Sandstorm|[from] ability: Sand Stream|[of] p2a: Gigalith
|turn|1
|
|t:|1656632806
|switch|p2a: Jellicent|Jellicent, M|100/100
|move|p1a: is it cold|Stealth Rock|p2a: Jellicent
|-sidestart|p2: Charchar67|move: Stealth Rock
|
|-weather|Sandstorm|[upkeep]
|-damage|p2a: Jellicent|94/100|[from] Sandstorm
|upkeep
|turn|2
|
|t:|1656632813
|move|p1a: is it cold|Stone Edge|p2a: Jellicent
|-damage|p2a: Jellicent|50/100
|move|p2a: Jellicent|Shadow Ball|p1a: is it cold
|-damage|p1a: is it cold|72/100
|
|-weather|Sandstorm|[upkeep]
|-damage|p2a: Jellicent|44/100|[from] Sandstorm
|upkeep
|turn|3
|
|t:|1656632822
|switch|p2a: Ferroseed|Ferroseed, F|100/100
|-damage|p2a: Ferroseed|94/100|[from] Stealth Rock
|move|p1a: is it cold|Stone Edge|p2a: Ferroseed
|-resisted|p2a: Ferroseed
|-damage|p2a: Ferroseed|79/100
|
|-weather|Sandstorm|[upkeep]
|upkeep
|turn|4
|
|t:|1656632828
|move|p1a: is it cold|Stone Edge|p2a: Ferroseed
|-resisted|p2a: Ferroseed
|-damage|p2a: Ferroseed|62/100
|move|p2a: Ferroseed|Gyro Ball|p1a: is it cold
|-damage|p1a: is it cold|33/100
|-ability|p1a: is it cold|Weak Armor|boost
|-unboost|p1a: is it cold|def|1
|-boost|p1a: is it cold|spe|2
|
|-weather|Sandstorm|[upkeep]
|upkeep
|turn|5
|
|t:|1656632834
|move|p1a: is it cold|Stone Edge|p2a: Ferroseed
|-resisted|p2a: Ferroseed
|-crit|p2a: Ferroseed
|-damage|p2a: Ferroseed|38/100
|move|p2a: Ferroseed|Gyro Ball|p1a: is it cold
|-damage|p1a: is it cold|0 fnt
|faint|p1a: is it cold
|
|-weather|Sandstorm|[upkeep]
|upkeep
|
|t:|1656632848
|switch|p1a: whole new world|Scyther, M|100/100
|turn|6
|
|t:|1656632853
|move|p1a: whole new world|Swords Dance|p1a: whole new world
|-boost|p1a: whole new world|atk|2
|move|p2a: Ferroseed|Gyro Ball|p1a: whole new world
|-damage|p1a: whole new world|59/100
|
|-weather|Sandstorm|[upkeep]
|-damage|p1a: whole new world|52/100|[from] Sandstorm
|upkeep
|turn|7
|
|t:|1656632859
|move|p1a: whole new world|Brick Break|p2a: Ferroseed
|-supereffective|p2a: Ferroseed
|-damage|p2a: Ferroseed|0 fnt
|-damage|p1a: whole new world|40/100|[from] ability: Iron Barbs|[of] p2a: Ferroseed
|faint|p2a: Ferroseed
|
|-weather|Sandstorm|[upkeep]
|-damage|p1a: whole new world|34/100|[from] Sandstorm
|upkeep
|
|t:|1656632870
|switch|p2a: Sandslash|Sandslash, M|100/100
|-damage|p2a: Sandslash|94/100|[from] Stealth Rock
|turn|8
|
|t:|1656632873
|move|p2a: Sandslash|Knock Off|p1a: whole new world
|-damage|p1a: whole new world|0 fnt
|-enditem|p1a: whole new world|Heavy-Duty Boots|[from] move: Knock Off|[of] p2a: Sandslash
|faint|p1a: whole new world
|
|-weather|none
|upkeep
|
|t:|1656632879
|switch|p1a: faceshopping|Sandaconda, M|100/100
|turn|9
|
|t:|1656632883
|move|p1a: faceshopping|Coil|p1a: faceshopping
|-boost|p1a: faceshopping|atk|1
|-boost|p1a: faceshopping|def|1
|-boost|p1a: faceshopping|accuracy|1
|move|p2a: Sandslash|Swords Dance|p2a: Sandslash
|-boost|p2a: Sandslash|atk|2
|
|upkeep
|turn|10
|
|t:|1656632889
|move|p1a: faceshopping|Coil|p1a: faceshopping
|-boost|p1a: faceshopping|atk|1
|-boost|p1a: faceshopping|def|1
|-boost|p1a: faceshopping|accuracy|1
|move|p2a: Sandslash|Swords Dance|p2a: Sandslash
|-boost|p2a: Sandslash|atk|2
|
|upkeep
|turn|11
|
|t:|1656632893
|move|p1a: faceshopping|Earthquake|p2a: Sandslash
|-damage|p2a: Sandslash|0 fnt
|faint|p2a: Sandslash
|
|upkeep
|j|+zoowi
|
|t:|1656632902
|switch|p2a: Throh|Throh, M|100/100
|-damage|p2a: Throh|94/100|[from] Stealth Rock
|-ability|p2a: Throh|Mold Breaker
|turn|12
|
|t:|1656632905
|move|p1a: faceshopping|Earthquake|p2a: Throh
|-damage|p2a: Throh|14/100
|move|p2a: Throh|Circle Throw|p1a: faceshopping
|-damage|p1a: faceshopping|90/100
|drag|p1a: immaterial|Lycanroc, F|100/100
|
|-heal|p2a: Throh|20/100|[from] item: Leftovers
|upkeep
|turn|13
|
|t:|1656632913
|move|p1a: immaterial|Close Combat|p2a: Throh
|-damage|p2a: Throh|0 fnt
|-unboost|p1a: immaterial|def|1
|-unboost|p1a: immaterial|spd|1
|faint|p2a: Throh
|-damage|p1a: immaterial|91/100|[from] item: Life Orb
|
|upkeep
|c|+zoowi|tfw no storm throw
|
|t:|1656632917
|switch|p2a: Gigalith|Gigalith, M|100/100
|-damage|p2a: Gigalith|88/100|[from] Stealth Rock
|-weather|Sandstorm|[from] ability: Sand Stream|[of] p2a: Gigalith
|turn|14
|
|t:|1656632919
|move|p1a: immaterial|Close Combat|p2a: Gigalith
|-supereffective|p2a: Gigalith
|-damage|p2a: Gigalith|10/100
|-unboost|p1a: immaterial|def|1
|-unboost|p1a: immaterial|spd|1
|-damage|p1a: immaterial|81/100|[from] item: Life Orb
|move|p2a: Gigalith|Earthquake|p1a: immaterial
|-supereffective|p1a: immaterial
|-damage|p1a: immaterial|0 fnt
|faint|p1a: immaterial
|
|-weather|Sandstorm|[upkeep]
|upkeep
|
|t:|1656632926
|switch|p1a: faceshopping|Sandaconda, M|90/100
|turn|15
|
|t:|1656632928
|move|p1a: faceshopping|Coil|p1a: faceshopping
|-boost|p1a: faceshopping|atk|1
|-boost|p1a: faceshopping|def|1
|-boost|p1a: faceshopping|accuracy|1
|move|p2a: Gigalith|Toxic|p1a: faceshopping
|-status|p1a: faceshopping|tox
|
|-weather|Sandstorm|[upkeep]
|-activate|p1a: faceshopping|ability: Shed Skin
|-curestatus|p1a: faceshopping|tox|[msg]
|-heal|p1a: faceshopping|96/100|[from] item: Leftovers
|upkeep
|turn|16
|
|t:|1656632930
|move|p1a: faceshopping|Coil|p1a: faceshopping
|-boost|p1a: faceshopping|atk|1
|-boost|p1a: faceshopping|def|1
|-boost|p1a: faceshopping|accuracy|1
|move|p2a: Gigalith|Rock Blast|p1a: faceshopping
|-resisted|p1a: faceshopping
|-damage|p1a: faceshopping|93/100
|-resisted|p1a: faceshopping
|-damage|p1a: faceshopping|90/100
|-hitcount|p1a: faceshopping|2
|
|-weather|Sandstorm|[upkeep]
|-heal|p1a: faceshopping|96/100|[from] item: Leftovers
|upkeep
|turn|17
|
|t:|1656632934
|move|p1a: faceshopping|Coil|p1a: faceshopping
|-boost|p1a: faceshopping|atk|1
|-boost|p1a: faceshopping|def|1
|-boost|p1a: faceshopping|accuracy|1
|move|p2a: Gigalith|Earthquake|p1a: faceshopping
|-crit|p1a: faceshopping
|-damage|p1a: faceshopping|51/100
|
|-weather|Sandstorm|[upkeep]
|-heal|p1a: faceshopping|57/100|[from] item: Leftovers
|upkeep
|turn|18
|
|t:|1656632936
|move|p1a: faceshopping|Scale Shot|p2a: Gigalith
|-damage|p2a: Gigalith|0 fnt
|faint|p2a: Gigalith
|-hitcount|p2: Gigalith|1
|-unboost|p1a: faceshopping|def|1
|-boost|p1a: faceshopping|spe|1
|
|-weather|Sandstorm|[upkeep]
|-heal|p1a: faceshopping|63/100|[from] item: Leftovers
|upkeep
|
|t:|1656632938
|switch|p2a: Audino|Audino, F|100/100
|turn|19
|
|t:|1656632940
|move|p1a: faceshopping|Earthquake|p2a: Audino
|-damage|p2a: Audino|1/100
|move|p2a: Audino|Knock Off|p1a: faceshopping
|-damage|p1a: faceshopping|55/100
|-enditem|p1a: faceshopping|Leftovers|[from] move: Knock Off|[of] p2a: Audino
|
|-weather|Sandstorm|[upkeep]
|-damage|p2a: Audino|0 fnt|[from] Sandstorm
|faint|p2a: Audino
|upkeep
|
|t:|1656632948
|switch|p2a: Jellicent|Jellicent, M|44/100
|-damage|p2a: Jellicent|32/100|[from] Stealth Rock
|turn|20
|
|t:|1656632950
|move|p1a: faceshopping|Earthquake|p2a: Jellicent
|-damage|p2a: Jellicent|0 fnt
|faint|p2a: Jellicent
|
|win|cornelia street
|n|☆cornelia street|corneliastreet
|n|☆Charchar67|charchar67
|n| Jungle Fox|junglefox
|n| zoowi|zoowi
