|j|☆Toinoux
|j|☆kingqueso141
|t:|1663434138
|gametype|singles
|player|p1|Toinoux|brycen|1146
|player|p2|kingqueso141|rosa|1287
|teamsize|p1|6
|teamsize|p2|6
|gen|8
|tier|[Gen 8] PU
|rated|
|rule|Sleep Clause Mod: Limit one foe put to sleep
|rule|Species Clause: Limit one of each Pokémon
|rule|OHKO Clause: OHKO moves are banned
|rule|Evasion Items Clause: Evasion items are banned
|rule|Evasion Moves Clause: Evasion moves are banned
|rule|Endless Battle Clause: Forcing endless battles is banned
|rule|HP Percentage Mod: HP is shown in percentages
|rule|Dynamax Clause: You cannot dynamax
|clearpoke
|poke|p1|Gourgeist-*, M|
|poke|p1|Claydol|
|poke|p1|Aggron, F|
|poke|p1|Uxie|
|poke|p1|Scrafty, M|
|poke|p1|Appletun, M|
|poke|p2|Magneton|
|poke|p2|Scrafty, F|
|poke|p2|Centiskorch, F|
|poke|p2|Cinccino, M|
|poke|p2|Shuckle, F|
|poke|p2|Articuno-Galar|
|teampreview
|inactive|Battle timer is ON: inactive players will automatically lose when time's up. (requested by Toinoux)
|
|t:|1663434144
|start
|switch|p1a: fai ki vol.|Uxie|100/100
|switch|p2a: Shuckle|Shuckle, F|100/100
|turn|1
|
|t:|1663434149
|move|p1a: fai ki vol.|Magic Coat|p1a: fai ki vol.
|-singleturn|p1a: fai ki vol.|move: Magic Coat
|move|p2a: Shuckle|Infestation|p1a: fai ki vol.
|-supereffective|p1a: fai ki vol.
|-damage|p1a: fai ki vol.|98/100
|-activate|p1a: fai ki vol.|move: Infestation|[of] p2a: Shuckle
|
|-heal|p1a: fai ki vol.|100/100|[from] item: Leftovers
|-damage|p1a: fai ki vol.|88/100|[from] move: Infestation|[partiallytrapped]
|upkeep
|turn|2
|
|t:|1663434156
|move|p1a: fai ki vol.|Magic Coat|p1a: fai ki vol.
|-singleturn|p1a: fai ki vol.|move: Magic Coat
|move|p2a: Shuckle|Encore|p1a: fai ki vol.
|move|p1a: fai ki vol.|Encore||[from]Magic Coat|[still]
|-fail|p1a: fai ki vol.
|
|-heal|p1a: fai ki vol.|94/100|[from] item: Leftovers
|-damage|p1a: fai ki vol.|82/100|[from] move: Infestation|[partiallytrapped]
|upkeep
|turn|3
|
|t:|1663434166
|move|p1a: fai ki vol.|Stealth Rock|p2a: Shuckle
|-sidestart|p2: kingqueso141|move: Stealth Rock
|move|p2a: Shuckle|Infestation|p1a: fai ki vol.
|-supereffective|p1a: fai ki vol.
|-damage|p1a: fai ki vol.|80/100
|
|-heal|p1a: fai ki vol.|86/100|[from] item: Leftovers
|-damage|p1a: fai ki vol.|73/100|[from] move: Infestation|[partiallytrapped]
|upkeep
|turn|4
|
|t:|1663434174
|move|p1a: fai ki vol.|Knock Off|p2a: Shuckle
|-damage|p2a: Shuckle|91/100
|-enditem|p2a: Shuckle|Mental Herb|[from] move: Knock Off|[of] p1a: fai ki vol.
|move|p2a: Shuckle|Infestation|p1a: fai ki vol.
|-supereffective|p1a: fai ki vol.
|-damage|p1a: fai ki vol.|71/100
|
|-heal|p1a: fai ki vol.|77/100|[from] item: Leftovers
|-damage|p1a: fai ki vol.|65/100|[from] move: Infestation|[partiallytrapped]
|upkeep
|turn|5
|
|t:|1663434182
|move|p1a: fai ki vol.|Magic Coat|p1a: fai ki vol.
|-singleturn|p1a: fai ki vol.|move: Magic Coat
|move|p2a: Shuckle|Infestation|p1a: fai ki vol.
|-supereffective|p1a: fai ki vol.
|-damage|p1a: fai ki vol.|63/100
|
|-heal|p1a: fai ki vol.|69/100|[from] item: Leftovers
|-damage|p1a: fai ki vol.|56/100|[from] move: Infestation|[partiallytrapped]
|upkeep
|turn|6
|
|t:|1663434202
|move|p1a: fai ki vol.|Magic Coat|p1a: fai ki vol.
|-singleturn|p1a: fai ki vol.|move: Magic Coat
|move|p2a: Shuckle|Infestation|p1a: fai ki vol.
|-supereffective|p1a: fai ki vol.
|-damage|p1a: fai ki vol.|54/100
|
|-heal|p1a: fai ki vol.|60/100|[from] item: Leftovers
|-end|p1a: fai ki vol.|Infestation|[partiallytrapped]
|upkeep
|turn|7
|
|t:|1663434212
|move|p1a: fai ki vol.|Magic Coat|p1a: fai ki vol.
|-singleturn|p1a: fai ki vol.|move: Magic Coat
|move|p2a: Shuckle|Stealth Rock|p1a: fai ki vol.
|move|p1a: fai ki vol.|Stealth Rock||[from]Magic Coat|[still]
|-fail|p1a: fai ki vol.
|
|-heal|p1a: fai ki vol.|67/100|[from] item: Leftovers
|upkeep
|turn|8
|
|t:|1663434219
|move|p1a: fai ki vol.|Magic Coat|p1a: fai ki vol.
|-singleturn|p1a: fai ki vol.|move: Magic Coat
|move|p2a: Shuckle|Infestation|p1a: fai ki vol.
|-supereffective|p1a: fai ki vol.
|-damage|p1a: fai ki vol.|64/100
|-activate|p1a: fai ki vol.|move: Infestation|[of] p2a: Shuckle
|
|-heal|p1a: fai ki vol.|70/100|[from] item: Leftovers
|-damage|p1a: fai ki vol.|58/100|[from] move: Infestation|[partiallytrapped]
|upkeep
|turn|9
|
|t:|1663434232
|switch|p2a: Scrafty|Scrafty, F|100/100
|-damage|p2a: Scrafty|95/100|[from] Stealth Rock
|move|p1a: fai ki vol.|Magic Coat|p1a: fai ki vol.
|-singleturn|p1a: fai ki vol.|move: Magic Coat
|
|-heal|p1a: fai ki vol.|64/100|[from] item: Leftovers
|-end|p1a: fai ki vol.|Infestation|[partiallytrapped]|[silent]
|upkeep
|turn|10
|
|t:|1663434241
|move|p2a: Scrafty|Dragon Dance|p2a: Scrafty
|-boost|p2a: Scrafty|atk|1
|-boost|p2a: Scrafty|spe|1
|move|p1a: fai ki vol.|Trick Room|p1a: fai ki vol.
|-fieldstart|move: Trick Room|[of] p1a: fai ki vol.
|
|-heal|p1a: fai ki vol.|70/100|[from] item: Leftovers
|upkeep
|turn|11
|
|t:|1663434253
|switch|p1a: patte d'eph'|Scrafty, M|100/100
|move|p2a: Scrafty|Knock Off|p1a: patte d'eph'
|-resisted|p1a: patte d'eph'
|-damage|p1a: patte d'eph'|84/100
|-enditem|p1a: patte d'eph'|Lum Berry|[from] move: Knock Off|[of] p2a: Scrafty
|
|upkeep
|turn|12
|
|t:|1663434276
|switch|p2a: Centiskorch|Centiskorch, F|100/100
|move|p1a: patte d'eph'|Close Combat|p2a: Centiskorch
|-resisted|p2a: Centiskorch
|-damage|p2a: Centiskorch|66/100
|-unboost|p1a: patte d'eph'|def|1
|-unboost|p1a: patte d'eph'|spd|1
|
|upkeep
|turn|13
|inactive|Toinoux has 120 seconds left.
|
|t:|1663434322
|switch|p1a: fai ki vol.|Uxie|70/100
|move|p2a: Centiskorch|Leech Life|p1a: fai ki vol.
|-supereffective|p1a: fai ki vol.
|-damage|p1a: fai ki vol.|16/100
|-heal|p2a: Centiskorch|94/100|[from] drain|[of] p1a: fai ki vol.
|
|-heal|p1a: fai ki vol.|22/100|[from] item: Leftovers
|upkeep
|turn|14
|
|t:|1663434335
|move|p1a: fai ki vol.|Knock Off|p2a: Centiskorch
|-damage|p2a: Centiskorch|68/100
|-enditem|p2a: Centiskorch|Heavy-Duty Boots|[from] move: Knock Off|[of] p1a: fai ki vol.
|move|p2a: Centiskorch|Fire Lash|p1a: fai ki vol.
|-damage|p1a: fai ki vol.|0 fnt
|faint|p1a: fai ki vol.
|
|-fieldend|move: Trick Room
|upkeep
|inactive|Toinoux has 90 seconds left.
|
|t:|1663434363
|switch|p1a: métal dur.|Aggron, F|100/100
|turn|15
|
|t:|1663434373
|switch|p2a: Shuckle|Shuckle, F|91/100
|-damage|p2a: Shuckle|66/100|[from] Stealth Rock
|move|p1a: métal dur.|Head Smash|p2a: Shuckle
|-supereffective|p2a: Shuckle
|-damage|p2a: Shuckle|0 fnt
|faint|p2a: Shuckle
|
|upkeep
|
|t:|1663434383
|switch|p2a: Scrafty|Scrafty, F|95/100
|-damage|p2a: Scrafty|89/100|[from] Stealth Rock
|turn|16
|inactive|Toinoux has 90 seconds left.
|
|t:|1663434406
|move|p2a: Scrafty|Dragon Dance|p2a: Scrafty
|-boost|p2a: Scrafty|atk|1
|-boost|p2a: Scrafty|spe|1
|move|p1a: métal dur.|Body Press|p2a: Scrafty
|-supereffective|p2a: Scrafty
|-damage|p2a: Scrafty|16/100
|
|upkeep
|turn|17
|
|t:|1663434415
|move|p2a: Scrafty|Close Combat|p1a: métal dur.
|-supereffective|p1a: métal dur.
|-damage|p1a: métal dur.|0 fnt
|-unboost|p2a: Scrafty|def|1
|-unboost|p2a: Scrafty|spd|1
|faint|p1a: métal dur.
|-ability|p2a: Scrafty|Moxie|boost
|-boost|p2a: Scrafty|atk|1
|
|upkeep
|inactive|Toinoux has 90 seconds left.
|
|t:|1663434435
|switch|p1a: la citrouille|Gourgeist-Super, M, shiny|100/100
|-item|p2a: Scrafty|Lum Berry|[from] ability: Frisk|[of] p1a: la citrouille|[identify]
|turn|18
|inactive|Toinoux has 90 seconds left.
|
|t:|1663434446
|move|p1a: la citrouille|Shadow Sneak|p2a: Scrafty
|-resisted|p2a: Scrafty
|-damage|p2a: Scrafty|0 fnt
|faint|p2a: Scrafty
|
|upkeep
|
|t:|1663434476
|switch|p2a: Articuno|Articuno-Galar|100/100
|turn|19
|inactive|Toinoux has 90 seconds left.
|
|t:|1663434487
|move|p1a: la citrouille|Shadow Sneak|p2a: Articuno
|-supereffective|p2a: Articuno
|-damage|p2a: Articuno|29/100
|move|p2a: Articuno|Air Slash|p1a: la citrouille
|-supereffective|p1a: la citrouille
|-damage|p1a: la citrouille|17/100
|
|upkeep
|turn|20
|
|t:|1663434495
|move|p1a: la citrouille|Shadow Sneak|p2a: Articuno
|-supereffective|p2a: Articuno
|-damage|p2a: Articuno|0 fnt
|faint|p2a: Articuno
|
|upkeep
|
|t:|1663434499
|switch|p2a: Cinccino|Cinccino, M|100/100
|-damage|p2a: Cinccino|88/100|[from] Stealth Rock
|turn|21
|inactive|Toinoux has 90 seconds left.
|
|t:|1663434537
|switch|p1a: boule|Claydol|100/100
|move|p2a: Cinccino|Bullet Seed|p1a: boule
|-supereffective|p1a: boule
|-damage|p1a: boule|86/100
|-supereffective|p1a: boule
|-damage|p1a: boule|71/100
|-supereffective|p1a: boule
|-damage|p1a: boule|54/100
|-supereffective|p1a: boule
|-damage|p1a: boule|37/100
|-supereffective|p1a: boule
|-damage|p1a: boule|22/100
|-hitcount|p1a: boule|5
|
|-heal|p1a: boule|28/100|[from] item: Leftovers
|upkeep
|turn|22
|
|t:|1663434550
|switch|p1a: tarte|Appletun, M, shiny|100/100
|move|p2a: Cinccino|Bullet Seed|p1a: tarte
|-resisted|p1a: tarte
|-damage|p1a: tarte|98/100
|-resisted|p1a: tarte
|-damage|p1a: tarte|96/100
|-resisted|p1a: tarte
|-damage|p1a: tarte|93/100
|-resisted|p1a: tarte
|-damage|p1a: tarte|90/100
|-resisted|p1a: tarte
|-damage|p1a: tarte|88/100
|-hitcount|p1a: tarte|5
|
|upkeep
|turn|23
|
|t:|1663434568
|switch|p2a: Magneton|Magneton|100/100
|-damage|p2a: Magneton|94/100|[from] Stealth Rock
|move|p1a: tarte|Draco Meteor|p2a: Magneton
|-resisted|p2a: Magneton
|-damage|p2a: Magneton|9/100
|-unboost|p1a: tarte|spa|2
|
|upkeep
|turn|24
|
|t:|1663434578
|move|p2a: Magneton|Tri Attack|p1a: tarte
|-damage|p1a: tarte|46/100
|move|p1a: tarte|Draco Meteor|p2a: Magneton
|-resisted|p2a: Magneton
|-damage|p2a: Magneton|0 fnt
|-unboost|p1a: tarte|spa|2
|faint|p2a: Magneton
|
|upkeep
|
|t:|1663434582
|switch|p2a: Centiskorch|Centiskorch, F|68/100
|-damage|p2a: Centiskorch|18/100|[from] Stealth Rock
|turn|25
|
|t:|1663434590
|move|p2a: Centiskorch|Leech Life|p1a: tarte
|-supereffective|p1a: tarte
|-damage|p1a: tarte|0 fnt
|-heal|p2a: Centiskorch|46/100|[from] drain|[of] p1a: tarte
|faint|p1a: tarte
|
|upkeep
|
|t:|1663434603
|switch|p1a: la citrouille|Gourgeist-Super, M, shiny|17/100
|turn|26
|
|t:|1663434611
|move|p1a: la citrouille|Shadow Sneak|p2a: Centiskorch
|-damage|p2a: Centiskorch|6/100
|move|p2a: Centiskorch|Leech Life|p1a: la citrouille
|-damage|p1a: la citrouille|0 fnt
|-heal|p2a: Centiskorch|15/100|[from] drain|[of] p1a: la citrouille
|faint|p1a: la citrouille
|
|upkeep
|
|t:|1663434619
|switch|p1a: patte d'eph'|Scrafty, M|84/100
|turn|27
|
|t:|1663434628
|move|p1a: patte d'eph'|Dragon Dance|p1a: patte d'eph'
|-boost|p1a: patte d'eph'|atk|1
|-boost|p1a: patte d'eph'|spe|1
|move|p2a: Centiskorch|Leech Life|p1a: patte d'eph'
|-damage|p1a: patte d'eph'|40/100
|-heal|p2a: Centiskorch|33/100|[from] drain|[of] p1a: patte d'eph'
|
|upkeep
|turn|28
|inactive|Toinoux has 90 seconds left.
|
|t:|1663434637
|move|p1a: patte d'eph'|Knock Off|p2a: Centiskorch
|-damage|p2a: Centiskorch|0 fnt
|faint|p2a: Centiskorch
|-ability|p1a: patte d'eph'|Moxie|boost
|-boost|p1a: patte d'eph'|atk|1
|
|upkeep
|
|t:|1663434639
|switch|p2a: Cinccino|Cinccino, M|88/100
|-damage|p2a: Cinccino|76/100|[from] Stealth Rock
|turn|29
|
|t:|1663434647
|move|p2a: Cinccino|Bullet Seed|p1a: patte d'eph'
|-damage|p1a: patte d'eph'|28/100
|-damage|p1a: patte d'eph'|17/100
|-damage|p1a: patte d'eph'|4/100
|-damage|p1a: patte d'eph'|0 fnt
|faint|p1a: patte d'eph'
|-hitcount|p1: patte d'eph'|4
|
|upkeep
|c|☆kingqueso141|gg
|
|t:|1663434655
|switch|p1a: boule|Claydol|28/100
|turn|30
|c|☆Toinoux|gg
|
|t:|1663434660
|move|p2a: Cinccino|Bullet Seed|p1a: boule
|-supereffective|p1a: boule
|-damage|p1a: boule|12/100
|-supereffective|p1a: boule
|-damage|p1a: boule|0 fnt
|faint|p1a: boule
|-hitcount|p1: boule|2
|
|win|kingqueso141
|raw|Toinoux's rating: 1146 &rarr; <strong>1131</strong><br />(-15 for losing)
|raw|kingqueso141's rating: 1287 &rarr; <strong>1302</strong><br />(+15 for winning)
|l|☆Toinoux
