|raw|<div class="broadcast-blue"><strong>This battle is required to be public due to a player having a name starting with 'pult4t2'.</div>
|j|☆venade
|j|☆PULT4T2 eifo
|t:|1661372170
|gametype|singles
|player|p1|venade|scientist-gen4dp|1301
|player|p2|PULT4T2 eifo|102|1585
|teamsize|p1|6
|teamsize|p2|6
|gen|8
|tier|[Gen 8] PU
|rated|
|rule|Sleep Clause Mod: Limit one foe put to sleep
|rule|Species Clause: Limit one of each Pokémon
|rule|OHKO Clause: OHKO moves are banned
|rule|Evasion Items Clause: Evasion items are banned
|rule|Evasion Moves Clause: Evasion moves are banned
|rule|Endless Battle Clause: Forcing endless battles is banned
|rule|HP Percentage Mod: HP is shown in percentages
|rule|Dynamax Clause: You cannot dynamax
|clearpoke
|poke|p1|Sandslash, F|
|poke|p1|Magmar, F|
|poke|p1|Electabuzz, F|
|poke|p1|Tangela, F|
|poke|p1|Solrock|
|poke|p1|Natu, M|
|poke|p2|Audino, F|
|poke|p2|Charizard, M|
|poke|p2|Gigalith, F|
|poke|p2|Doublade, F|
|poke|p2|Lurantis, M|
|poke|p2|Weezing, F|
|teampreview
|inactive|Battle timer is ON: inactive players will automatically lose when time's up. (requested by venade)
|j| pult4t2 le s
|inactive|PULT4T2 eifo has 120 seconds left.
|
|t:|1661372211
|start
|switch|p1a: Natu|Natu, M|100/100
|switch|p2a: Lurantis|Lurantis, M|100/100
|turn|1
|
|t:|1661372221
|move|p1a: Natu|U-turn|p2a: Lurantis
|-supereffective|p2a: Lurantis
|-damage|p2a: Lurantis|85/100
|
|t:|1661372225
|switch|p1a: Magmar|Magmar, F|100/100|[from]move: U-turn
|move|p2a: Lurantis|Knock Off|p1a: Magmar
|-damage|p1a: Magmar|84/100
|-enditem|p1a: Magmar|Eviolite|[from] move: Knock Off|[of] p2a: Lurantis
|
|upkeep
|turn|2
|
|t:|1661372243
|switch|p2a: Gigalith|Gigalith, F|100/100
|-weather|Sandstorm|[from] ability: Sand Stream|[of] p2a: Gigalith
|move|p1a: Magmar|Teleport|p1a: Magmar
|
|t:|1661372249
|switch|p1a: Solrock|Solrock|100/100|[from]move: Teleport
|
|-weather|Sandstorm|[upkeep]
|upkeep
|turn|3
|
|t:|1661372275
|move|p1a: Solrock|Fire Spin|p2a: Gigalith
|-resisted|p2a: Gigalith
|-damage|p2a: Gigalith|99/100
|-activate|p2a: Gigalith|move: Fire Spin|[of] p1a: Solrock
|move|p2a: Gigalith|Rock Blast|p1a: Solrock
|-damage|p1a: Solrock|93/100
|-damage|p1a: Solrock|85/100
|-damage|p1a: Solrock|78/100
|-damage|p1a: Solrock|70/100
|-hitcount|p1a: Solrock|4
|
|-weather|Sandstorm|[upkeep]
|-heal|p2a: Gigalith|100/100|[from] item: Leftovers
|-damage|p2a: Gigalith|88/100|[from] move: Fire Spin|[partiallytrapped]
|upkeep
|turn|4
|
|t:|1661372279
|move|p1a: Solrock|Will-O-Wisp|p2a: Gigalith
|-status|p2a: Gigalith|brn
|move|p2a: Gigalith|Rock Blast|p1a: Solrock
|-damage|p1a: Solrock|65/100
|-damage|p1a: Solrock|61/100
|-hitcount|p1a: Solrock|2
|
|-weather|Sandstorm|[upkeep]
|-heal|p2a: Gigalith|94/100 brn|[from] item: Leftovers
|-damage|p2a: Gigalith|88/100 brn|[from] brn
|-damage|p2a: Gigalith|76/100 brn|[from] move: Fire Spin|[partiallytrapped]
|upkeep
|turn|5
|
|t:|1661372285
|move|p1a: Solrock|Rock Blast|p2a: Gigalith|[miss]
|-miss|p1a: Solrock|p2a: Gigalith
|move|p2a: Gigalith|Stealth Rock|p1a: Solrock
|-sidestart|p1: venade|move: Stealth Rock
|
|-weather|Sandstorm|[upkeep]
|-heal|p2a: Gigalith|82/100 brn|[from] item: Leftovers
|-damage|p2a: Gigalith|76/100 brn|[from] brn
|-damage|p2a: Gigalith|64/100 brn|[from] move: Fire Spin|[partiallytrapped]
|upkeep
|turn|6
|
|t:|1661372302
|move|p1a: Solrock|Rock Blast|p2a: Gigalith
|-damage|p2a: Gigalith|57/100 brn
|-damage|p2a: Gigalith|51/100 brn
|-hitcount|p2a: Gigalith|2
|move|p2a: Gigalith|Rest|p2a: Gigalith
|-status|p2a: Gigalith|slp|[from] move: Rest
|-heal|p2a: Gigalith|100/100 slp|[silent]
|
|-weather|none
|-damage|p2a: Gigalith|88/100 slp|[from] move: Fire Spin|[partiallytrapped]
|upkeep
|turn|7
|
|t:|1661372312
|switch|p1a: Sandslash|Sandslash, F|100/100
|-damage|p1a: Sandslash|94/100|[from] Stealth Rock
|cant|p2a: Gigalith|slp
|
|-heal|p1a: Sandslash|100/100|[from] item: Leftovers
|-heal|p2a: Gigalith|94/100 slp|[from] item: Leftovers
|-end|p2a: Gigalith|Fire Spin|[partiallytrapped]
|upkeep
|turn|8
|inactive|PULT4T2 eifo has 120 seconds left.
|
|t:|1661372346
|switch|p2a: Lurantis|Lurantis, M|85/100
|move|p1a: Sandslash|Swords Dance|p1a: Sandslash
|-boost|p1a: Sandslash|atk|2
|
|upkeep
|turn|9
|
|t:|1661372350
|move|p1a: Sandslash|Rapid Spin|p2a: Lurantis
|-damage|p2a: Lurantis|68/100
|-boost|p1a: Sandslash|spe|1
|-sideend|p1: venade|Stealth Rock|[from] move: Rapid Spin|[of] p1a: Sandslash
|move|p2a: Lurantis|Leaf Storm|p1a: Sandslash
|-supereffective|p1a: Sandslash
|-damage|p1a: Sandslash|0 fnt
|-boost|p2a: Lurantis|spa|2
|faint|p1a: Sandslash
|
|upkeep
|
|t:|1661372360
|switch|p1a: Magmar|Magmar, F|84/100
|turn|10
|inactive|PULT4T2 eifo has 120 seconds left.
|
|t:|1661372393
|switch|p2a: Audino|Audino, F|100/100
|move|p1a: Magmar|Lava Plume|p2a: Audino
|-damage|p2a: Audino|81/100
|
|upkeep
|turn|11
|inactive|PULT4T2 eifo has 120 seconds left.
|
|t:|1661372399
|switch|p1a: Natu|Natu, M|100/100
|move|p2a: Audino|Heal Bell|p2a: Audino
|-activate|p2a: Audino|move: Heal Bell
|-curestatus|p2: Gigalith|slp|[msg]
|
|upkeep
|turn|12
|
|t:|1661372411
|move|p1a: Natu|U-turn|p2a: Audino
|-damage|p2a: Audino|72/100
|
|t:|1661372415
|switch|p1a: Magmar|Magmar, F|84/100|[from]move: U-turn
|move|p2a: Audino|Knock Off|p1a: Magmar
|-damage|p1a: Magmar|72/100
|-status|p2a: Audino|brn|[from] ability: Flame Body|[of] p1a: Magmar
|
|-damage|p2a: Audino|66/100 brn|[from] brn
|upkeep
|turn|13
|inactive|PULT4T2 eifo has 120 seconds left.
|
|t:|1661372457
|move|p2a: Audino|Wish|p2a: Audino
|move|p1a: Magmar|Teleport|p1a: Magmar
|
|t:|1661372470
|switch|p1a: Natu|Natu, M|100/100|[from]move: Teleport
|
|-damage|p2a: Audino|60/100 brn|[from] brn
|upkeep
|turn|14
|
|t:|1661372479
|switch|p2a: Lurantis|Lurantis, M|68/100
|move|p1a: Natu|Trick|p2a: Lurantis
|-activate|p1a: Natu|move: Trick|[of] p2a: Lurantis
|-item|p2a: Lurantis|Choice Scarf|[from] move: Trick
|-item|p1a: Natu|Heavy-Duty Boots|[from] move: Trick
|
|-heal|p2a: Lurantis|100/100|[from] move: Wish|[wisher] Audino
|upkeep
|turn|15
|inactive|PULT4T2 eifo has 120 seconds left.
|
|t:|1661372501
|move|p1a: Natu|U-turn|p2a: Lurantis
|-supereffective|p2a: Lurantis
|-damage|p2a: Lurantis|87/100
|
|t:|1661372511
|switch|p1a: Tangela|Tangela, F|100/100|[from]move: U-turn
|move|p2a: Lurantis|Leaf Storm|p1a: Tangela
|-resisted|p1a: Tangela
|-damage|p1a: Tangela|76/100
|-boost|p2a: Lurantis|spa|2
|
|upkeep
|turn|16
|
|t:|1661372521
|switch|p2a: Weezing|Weezing, F|100/100
|move|p1a: Tangela|Sludge Bomb|p2a: Weezing
|-resisted|p2a: Weezing
|-crit|p2a: Weezing
|-damage|p2a: Weezing|80/100
|
|upkeep
|turn|17
|inactive|venade has 120 seconds left.
|
|t:|1661372580
|switch|p1a: Natu|Natu, M|100/100
|move|p2a: Weezing|Sludge Bomb|p1a: Natu
|-damage|p1a: Natu|41/100
|
|upkeep
|turn|18
|inactive|PULT4T2 eifo has 120 seconds left.
|
|t:|1661372591
|switch|p2a: Gigalith|Gigalith, F|94/100
|-weather|Sandstorm|[from] ability: Sand Stream|[of] p2a: Gigalith
|move|p1a: Natu|Night Shade|p2a: Gigalith
|-damage|p2a: Gigalith|68/100
|
|-weather|Sandstorm|[upkeep]
|-damage|p1a: Natu|35/100|[from] Sandstorm
|-heal|p2a: Gigalith|74/100|[from] item: Leftovers
|upkeep
|turn|19
|inactive|venade has 90 seconds left.
|
|t:|1661372620
|move|p1a: Natu|Trick|p2a: Gigalith
|-activate|p1a: Natu|move: Trick|[of] p2a: Gigalith
|-item|p2a: Gigalith|Heavy-Duty Boots|[from] move: Trick
|-item|p1a: Natu|Leftovers|[from] move: Trick
|move|p2a: Gigalith|Rock Blast|p1a: Natu
|-supereffective|p1a: Natu
|-damage|p1a: Natu|0 fnt
|faint|p1a: Natu
|-hitcount|p1: Natu|1
|
|-weather|Sandstorm|[upkeep]
|upkeep
|
|t:|1661372629
|switch|p1a: Tangela|Tangela, F|100/100
|turn|20
|
|t:|1661372646
|move|p1a: Tangela|Infestation|p2a: Gigalith
|-damage|p2a: Gigalith|71/100
|-activate|p2a: Gigalith|move: Infestation|[of] p1a: Tangela
|move|p2a: Gigalith|Stealth Rock|p1a: Tangela
|-sidestart|p1: venade|move: Stealth Rock
|
|-weather|Sandstorm|[upkeep]
|-damage|p1a: Tangela|95/100|[from] Sandstorm
|-damage|p2a: Gigalith|59/100|[from] move: Infestation|[partiallytrapped]
|upkeep
|turn|21
|inactive|venade has 90 seconds left.
|
|t:|1661372669
|move|p1a: Tangela|Sludge Bomb|p2a: Gigalith
|-resisted|p2a: Gigalith
|-damage|p2a: Gigalith|53/100
|move|p2a: Gigalith|Rock Blast|p1a: Tangela
|-damage|p1a: Tangela|89/100
|-damage|p1a: Tangela|83/100
|-damage|p1a: Tangela|78/100
|-damage|p1a: Tangela|73/100
|-damage|p1a: Tangela|68/100
|-hitcount|p1a: Tangela|5
|
|-weather|Sandstorm|[upkeep]
|-damage|p1a: Tangela|62/100|[from] Sandstorm
|-damage|p2a: Gigalith|41/100|[from] move: Infestation|[partiallytrapped]
|upkeep
|turn|22
|inactive|venade has 90 seconds left.
|
|t:|1661372676
|move|p1a: Tangela|Sludge Bomb|p2a: Gigalith
|-resisted|p2a: Gigalith
|-damage|p2a: Gigalith|36/100
|-status|p2a: Gigalith|psn
|move|p2a: Gigalith|Rest|p2a: Gigalith
|-status|p2a: Gigalith|slp|[from] move: Rest
|-heal|p2a: Gigalith|100/100 slp|[silent]
|
|-weather|none
|-damage|p2a: Gigalith|88/100 slp|[from] move: Infestation|[partiallytrapped]
|upkeep
|turn|23
|
|t:|1661372682
|move|p1a: Tangela|Giga Drain|p2a: Gigalith
|-supereffective|p2a: Gigalith
|-damage|p2a: Gigalith|45/100 slp
|-heal|p1a: Tangela|86/100|[from] drain|[of] p2a: Gigalith
|cant|p2a: Gigalith|slp
|
|-damage|p2a: Gigalith|33/100 slp|[from] move: Infestation|[partiallytrapped]
|upkeep
|turn|24
|
|t:|1661372687
|move|p1a: Tangela|Giga Drain|p2a: Gigalith
|-supereffective|p2a: Gigalith
|-damage|p2a: Gigalith|0 fnt
|-heal|p1a: Tangela|100/100|[from] drain|[of] p2a: Gigalith
|faint|p2a: Gigalith
|
|upkeep
|
|t:|1661372694
|switch|p2a: Weezing|Weezing, F|80/100
|turn|25
|
|t:|1661372723
|move|p2a: Weezing|Toxic Spikes|p1a: Tangela
|-sidestart|p1: venade|move: Toxic Spikes
|move|p1a: Tangela|Infestation|p2a: Weezing
|-resisted|p2a: Weezing
|-damage|p2a: Weezing|77/100
|-activate|p2a: Weezing|move: Infestation|[of] p1a: Tangela
|-damage|p1a: Tangela|84/100|[from] item: Rocky Helmet|[of] p2a: Weezing
|
|-damage|p2a: Weezing|65/100|[from] move: Infestation|[partiallytrapped]
|upkeep
|turn|26
|
|t:|1661372731
|move|p2a: Weezing|Sludge Bomb|p1a: Tangela
|-supereffective|p1a: Tangela
|-damage|p1a: Tangela|5/100
|move|p1a: Tangela|Giga Drain|p2a: Weezing
|-resisted|p2a: Weezing
|-damage|p2a: Weezing|47/100
|-heal|p1a: Tangela|14/100|[from] drain|[of] p2a: Weezing
|
|-damage|p2a: Weezing|35/100|[from] move: Infestation|[partiallytrapped]
|upkeep
|turn|27
|
|t:|1661372739
|move|p2a: Weezing|Sludge Bomb|p1a: Tangela
|-supereffective|p1a: Tangela
|-damage|p1a: Tangela|0 fnt
|faint|p1a: Tangela
|
|-end|p2a: Weezing|Infestation|[partiallytrapped]|[silent]
|upkeep
|
|t:|1661372744
|switch|p1a: Solrock|Solrock|61/100
|-damage|p1a: Solrock|49/100|[from] Stealth Rock
|turn|28
|
|t:|1661372753
|switch|p2a: Audino|Audino, F|93/100 brn
|move|p1a: Solrock|Fire Spin|p2a: Audino
|-damage|p2a: Audino|90/100 brn
|-activate|p2a: Audino|move: Fire Spin|[of] p1a: Solrock
|
|-damage|p2a: Audino|84/100 brn|[from] brn
|-damage|p2a: Audino|72/100 brn|[from] move: Fire Spin|[partiallytrapped]
|upkeep
|turn|29
|
|t:|1661372759
|move|p1a: Solrock|Rock Blast|p2a: Audino
|-damage|p2a: Audino|64/100 brn
|-damage|p2a: Audino|55/100 brn
|-damage|p2a: Audino|47/100 brn
|-damage|p2a: Audino|39/100 brn
|-hitcount|p2a: Audino|4
|move|p2a: Audino|Wish|p2a: Audino
|
|-damage|p2a: Audino|33/100 brn|[from] brn
|-damage|p2a: Audino|20/100 brn|[from] move: Fire Spin|[partiallytrapped]
|upkeep
|turn|30
|
|t:|1661372768
|move|p2a: Audino|Protect|p2a: Audino
|-singleturn|p2a: Audino|Protect
|move|p1a: Solrock|Morning Sun|p1a: Solrock
|-heal|p1a: Solrock|99/100
|
|-heal|p2a: Audino|70/100 brn|[from] move: Wish|[wisher] Audino
|-damage|p2a: Audino|64/100 brn|[from] brn
|-damage|p2a: Audino|52/100 brn|[from] move: Fire Spin|[partiallytrapped]
|upkeep
|turn|31
|
|t:|1661372784
|move|p1a: Solrock|Rock Blast|p2a: Audino
|-damage|p2a: Audino|45/100 brn
|-damage|p2a: Audino|37/100 brn
|-damage|p2a: Audino|30/100 brn
|-hitcount|p2a: Audino|3
|move|p2a: Audino|Wish|p2a: Audino
|
|-damage|p2a: Audino|23/100 brn|[from] brn
|-damage|p2a: Audino|11/100 brn|[from] move: Fire Spin|[partiallytrapped]
|upkeep
|turn|32
|
|t:|1661372795
|move|p2a: Audino|Protect|p2a: Audino
|-singleturn|p2a: Audino|Protect
|move|p1a: Solrock|Morning Sun|p1a: Solrock
|-heal|p1a: Solrock|100/100
|
|-heal|p2a: Audino|61/100 brn|[from] move: Wish|[wisher] Audino
|-damage|p2a: Audino|55/100 brn|[from] brn
|-end|p2a: Audino|Fire Spin|[partiallytrapped]
|upkeep
|turn|33
|
|t:|1661372807
|switch|p2a: Charizard|Charizard, M|100/100
|move|p1a: Solrock|Fire Spin|p2a: Charizard
|-resisted|p2a: Charizard
|-damage|p2a: Charizard|98/100
|-activate|p2a: Charizard|move: Fire Spin|[of] p1a: Solrock
|
|-damage|p2a: Charizard|85/100|[from] move: Fire Spin|[partiallytrapped]
|upkeep
|turn|34
|
|t:|1661372813
|move|p2a: Charizard|Toxic|p1a: Solrock
|-status|p1a: Solrock|tox
|move|p1a: Solrock|Rock Blast|p2a: Charizard
|-supereffective|p2a: Charizard
|-damage|p2a: Charizard|42/100
|-supereffective|p2a: Charizard
|-damage|p2a: Charizard|4/100
|-supereffective|p2a: Charizard
|-damage|p2a: Charizard|0 fnt
|faint|p2a: Charizard
|-hitcount|p2: Charizard|3
|
|-damage|p1a: Solrock|94/100 tox|[from] psn
|upkeep
|
|t:|1661372826
|switch|p2a: Audino|Audino, F|88/100 brn
|turn|35
|c|☆PULT4T2 eifo|ts
|inactive|venade has 120 seconds left.
|-message|venade forfeited.
|
|win|PULT4T2 eifo
|raw|venade's rating: 1301 &rarr; <strong>1295</strong><br />(-6 for losing)
|raw|PULT4T2 eifo's rating: 1596 &rarr; <strong>1602</strong><br />(+6 for winning)
|l|☆venade
|l|☆PULT4T2 eifo
||Ladder isn't responding, score probably updated but might not have (Request timeout).
