|j|☆Ruzoc
|j|☆Ohtomton
|t:|1609273110
|player|p1|Ruzoc|gambler|1409
|player|p2|Ohtomton|lucian|1344
|teamsize|p1|6
|teamsize|p2|6
|gametype|singles
|gen|8
|tier|[Gen 8] PU
|rated|
|clearpoke
|poke|p1|Corsola-Galar, F|
|poke|p1|Indeedee-F, F|
|poke|p1|Mr. Rime, M|
|poke|p1|Flapple, M|
|poke|p1|Sandaconda, F|
|poke|p1|Morpeko, M|
|poke|p2|Exploud, M|
|poke|p2|Weezing, M|
|poke|p2|Skuntank, F|
|poke|p2|Passimian, M|
|poke|p2|Cradily, F|
|poke|p2|Rotom|
|rule|Sleep Clause Mod: Limit one foe put to sleep
|rule|Species Clause: Limit one of each Pokémon
|rule|OHKO Clause: OHKO moves are banned
|rule|Evasion Moves Clause: Evasion moves are banned
|rule|Endless Battle Clause: Forcing endless battles is banned
|rule|HP Percentage Mod: HP is shown in percentages
|rule|Dynamax Clause: You cannot dynamax
|teampreview
|inactive|Battle timer is ON: inactive players will automatically lose when time's up. (requested by Ohtomton)
|inactive|Ruzoc has 120 seconds left.
|
|t:|1609273188
|start
|switch|p1a: Morpeko|Morpeko, M|100/100
|switch|p2a: Passimian|Passimian, M|100/100
|turn|1
|
|t:|1609273197
|move|p2a: Passimian|U-turn|p1a: Morpeko
|-supereffective|p1a: Morpeko
|-enditem|p1a: Morpeko|Focus Sash
|-damage|p1a: Morpeko|1/100
|
|t:|1609273203
|switch|p2a: Cradily|Cradily, F|100/100|[from]move: U-turn
|move|p1a: Morpeko|Aura Wheel|p2a: Cradily
|-resisted|p2a: Cradily
|-damage|p2a: Cradily|76/100
|-boost|p1a: Morpeko|spe|1
|
|-heal|p2a: Cradily|82/100|[from] item: Leftovers
|-formechange|p1a: Morpeko|Morpeko-Hangry||[from] ability: Hunger Switch
|upkeep
|turn|2
|
|t:|1609273215
|move|p1a: Morpeko|Parting Shot|p2a: Cradily
|-unboost|p2a: Cradily|atk|1
|-unboost|p2a: Cradily|spa|1
|
|t:|1609273217
|switch|p1a: Mr. Rime|Mr. Rime, M|100/100|[from]move: Parting Shot
|move|p2a: Cradily|Giga Drain|p1a: Mr. Rime
|-damage|p1a: Mr. Rime|85/100
|-heal|p2a: Cradily|89/100|[from] drain|[of] p1a: Mr. Rime
|
|-heal|p2a: Cradily|95/100|[from] item: Leftovers
|upkeep
|turn|3
|
|t:|1609273230
|switch|p2a: Rotom|Rotom|100/100
|move|p1a: Mr. Rime|Rapid Spin|p2a: Rotom
|-immune|p2a: Rotom
|
|upkeep
|turn|4
|
|t:|1609273235
|switch|p1a: Indeedee|Indeedee-F, F|100/100
|-fieldstart|move: Psychic Terrain|[from] ability: Psychic Surge|[of] p1a: Indeedee
|move|p2a: Rotom|Shadow Ball|p1a: Indeedee
|-immune|p1a: Indeedee
|
|upkeep
|turn|5
|
|t:|1609273246
|switch|p1a: Mr. Rime|Mr. Rime, M|85/100
|switch|p2a: Cradily|Cradily, F|95/100
|
|-heal|p2a: Cradily|100/100|[from] item: Leftovers
|upkeep
|turn|6
|
|t:|1609273252
|switch|p2a: Skuntank|Skuntank, F|100/100
|move|p1a: Mr. Rime|Expanding Force|p2a: Skuntank
|-immune|p2a: Skuntank
|
|upkeep
|turn|7
|
|t:|1609273258
|move|p2a: Skuntank|Dark Pulse|p1a: Mr. Rime
|-supereffective|p1a: Mr. Rime
|-damage|p1a: Mr. Rime|20/100
|move|p1a: Mr. Rime|Ice Beam|p2a: Skuntank
|-damage|p2a: Skuntank|38/100
|
|-heal|p2a: Skuntank|44/100|[from] item: Black Sludge
|upkeep
|turn|8
|
|t:|1609273275
|move|p2a: Skuntank|Dark Pulse|p1a: Mr. Rime
|-supereffective|p1a: Mr. Rime
|-damage|p1a: Mr. Rime|0 fnt
|faint|p1a: Mr. Rime
|
|-heal|p2a: Skuntank|50/100|[from] item: Black Sludge
|-fieldend|move: Psychic Terrain
|upkeep
|
|t:|1609273276
|switch|p1a: Morpeko|Morpeko, M|1/100
|turn|9
|
|t:|1609273287
|switch|p2a: Cradily|Cradily, F|100/100
|move|p1a: Morpeko|Aura Wheel|p2a: Cradily
|-resisted|p2a: Cradily
|-damage|p2a: Cradily|76/100
|-boost|p1a: Morpeko|spe|1
|
|-heal|p2a: Cradily|82/100|[from] item: Leftovers
|-formechange|p1a: Morpeko|Morpeko-Hangry||[from] ability: Hunger Switch
|upkeep
|turn|10
|
|t:|1609273294
|move|p1a: Morpeko|Parting Shot|p2a: Cradily
|-unboost|p2a: Cradily|atk|1
|-unboost|p2a: Cradily|spa|1
|
|t:|1609273296
|switch|p1a: Corsola|Corsola-Galar, F|100/100|[from]move: Parting Shot
|move|p2a: Cradily|Giga Drain|p1a: Corsola
|-damage|p1a: Corsola|89/100
|-heal|p2a: Cradily|87/100|[from] drain|[of] p1a: Corsola
|-start|p2a: Cradily|Disable|Giga Drain|[from] ability: Cursed Body|[of] p1a: Corsola
|
|-heal|p2a: Cradily|93/100|[from] item: Leftovers
|upkeep
|turn|11
|
|t:|1609273302
|move|p2a: Cradily|Stealth Rock|p1a: Corsola
|-sidestart|p1: Ruzoc|move: Stealth Rock
|move|p1a: Corsola|Calm Mind|p1a: Corsola
|-boost|p1a: Corsola|spa|1
|-boost|p1a: Corsola|spd|1
|
|-heal|p2a: Cradily|99/100|[from] item: Leftovers
|upkeep
|turn|12
|
|t:|1609273307
|switch|p2a: Skuntank|Skuntank, F|50/100
|move|p1a: Corsola|Calm Mind|p1a: Corsola
|-boost|p1a: Corsola|spa|1
|-boost|p1a: Corsola|spd|1
|
|-heal|p2a: Skuntank|56/100|[from] item: Black Sludge
|upkeep
|turn|13
|
|t:|1609273311
|move|p2a: Skuntank|Nasty Plot|p2a: Skuntank
|-boost|p2a: Skuntank|spa|2
|move|p1a: Corsola|Shadow Ball|p2a: Skuntank
|-resisted|p2a: Skuntank
|-damage|p2a: Skuntank|31/100
|
|-heal|p2a: Skuntank|37/100|[from] item: Black Sludge
|upkeep
|turn|14
|
|t:|1609273318
|move|p2a: Skuntank|Dark Pulse|p1a: Corsola
|-supereffective|p1a: Corsola
|-damage|p1a: Corsola|48/100
|-start|p2a: Skuntank|Disable|Dark Pulse|[from] ability: Cursed Body|[of] p1a: Corsola
|cant|p1a: Corsola|flinch
|
|-heal|p2a: Skuntank|43/100|[from] item: Black Sludge
|upkeep
|turn|15
|
|t:|1609273330
|move|p2a: Skuntank|Nasty Plot|p2a: Skuntank
|-boost|p2a: Skuntank|spa|2
|move|p1a: Corsola|Calm Mind|p1a: Corsola
|-boost|p1a: Corsola|spa|1
|-boost|p1a: Corsola|spd|1
|
|-heal|p2a: Skuntank|49/100|[from] item: Black Sludge
|upkeep
|turn|16
|
|t:|1609273336
|move|p2a: Skuntank|Nasty Plot|p2a: Skuntank
|-boost|p2a: Skuntank|spa|2
|move|p1a: Corsola|Shadow Ball|p2a: Skuntank
|-resisted|p2a: Skuntank
|-damage|p2a: Skuntank|13/100
|
|-heal|p2a: Skuntank|19/100|[from] item: Black Sludge
|upkeep
|turn|17
|
|t:|1609273344
|move|p2a: Skuntank|Flamethrower|p1a: Corsola
|-damage|p1a: Corsola|24/100
|move|p1a: Corsola|Shadow Ball|p2a: Skuntank
|-resisted|p2a: Skuntank
|-damage|p2a: Skuntank|0 fnt
|faint|p2a: Skuntank
|
|upkeep
|
|t:|1609273350
|switch|p2a: Passimian|Passimian, M|100/100
|turn|18
|
|t:|1609273357
|move|p2a: Passimian|Knock Off|p1a: Corsola
|-supereffective|p1a: Corsola
|-damage|p1a: Corsola|0 fnt
|-enditem|p1a: Corsola|Eviolite|[from] move: Knock Off|[of] p2a: Passimian
|faint|p1a: Corsola
|
|upkeep
|
|t:|1609273359
|switch|p1a: Indeedee|Indeedee-F, F|100/100
|-damage|p1a: Indeedee|88/100|[from] Stealth Rock
|-fieldstart|move: Psychic Terrain|[from] ability: Psychic Surge|[of] p1a: Indeedee
|turn|19
|
|t:|1609273377
|move|p2a: Passimian|Knock Off|p1a: Indeedee
|-supereffective|p1a: Indeedee
|-damage|p1a: Indeedee|0 fnt
|-enditem|p1a: Indeedee|Choice Scarf|[from] move: Knock Off|[of] p2a: Passimian
|faint|p1a: Indeedee
|
|upkeep
|
|t:|1609273381
|switch|p1a: Sandaconda|Sandaconda, F|100/100
|-damage|p1a: Sandaconda|95/100|[from] Stealth Rock
|turn|20
|
|t:|1609273388
|switch|p2a: Exploud|Exploud, M|100/100
|move|p1a: Sandaconda|Coil|p1a: Sandaconda
|-boost|p1a: Sandaconda|atk|1
|-boost|p1a: Sandaconda|def|1
|-boost|p1a: Sandaconda|accuracy|1
|
|-heal|p1a: Sandaconda|100/100|[from] item: Leftovers
|upkeep
|turn|21
|
|t:|1609273391
|move|p1a: Sandaconda|Earthquake|p2a: Exploud
|-damage|p2a: Exploud|3/100
|move|p2a: Exploud|Boomburst|p1a: Sandaconda
|-damage|p1a: Sandaconda|0 fnt
|faint|p1a: Sandaconda
|
|upkeep
|
|t:|1609273396
|switch|p1a: Flapple|Flapple, M|100/100
|-damage|p1a: Flapple|88/100|[from] Stealth Rock
|turn|22
|
|t:|1609273400
|move|p1a: Flapple|Grav Apple|p2a: Exploud
|-damage|p2a: Exploud|0 fnt
|faint|p2a: Exploud
|
|upkeep
|c|☆Ruzoc|pff
|c|☆Ruzoc|so lucky
|c|☆Ohtomton|where is the luck lol
|inactive|Ohtomton has 120 seconds left.
|c|☆Ruzoc|u have skuntank
|c|☆Ruzoc|2 poisons
|c|☆Ruzoc|only with my team works
|inactive|Ohtomton has 90 seconds left.
|c|☆Ohtomton|that is not luck, that is my team lol
|c|☆Ohtomton|nope, it works with lots of teams, as you can see by my rating
|c|☆Ruzoc|1324
|c|☆Ohtomton|1344
|inactive|Ohtomton has 60 seconds left.
|c|☆Ruzoc|no
|c|☆Ruzoc|look
|c|☆Ohtomton|and you are 1409
|c|☆Ruzoc|again
|
|t:|1609273500
|switch|p2a: Weezing|Weezing, M|100/100
|turn|23
|
|t:|1609273503
|move|p1a: Flapple|Outrage|p2a: Weezing
|-damage|p2a: Weezing|36/100
|-damage|p1a: Flapple|71/100|[from] item: Rocky Helmet|[of] p2a: Weezing
|move|p2a: Weezing|Sludge Bomb|p1a: Flapple
|-supereffective|p1a: Flapple
|-damage|p1a: Flapple|0 fnt
|faint|p1a: Flapple
|
|-fieldend|move: Psychic Terrain
|upkeep
|
|t:|1609273507
|switch|p1a: Morpeko|Morpeko, M|1/100
|-damage|p1a: Morpeko|0 fnt|[from] Stealth Rock
|faint|p1a: Morpeko
|
|win|Ohtomton
|c|☆Ohtomton|and you lose to me
|l|☆Ruzoc
