|j|☆kacj2
|j|☆shalutianwang
|t:|1639284794
|gametype|singles
|player|p1|kacj2|swimmer|1164
|player|p2|shalutianwang|pokemaniac|1377
|teamsize|p1|6
|teamsize|p2|6
|gen|8
|tier|[Gen 8] PU
|rated|
|rule|Sleep Clause Mod: Limit one foe put to sleep
|rule|Species Clause: Limit one of each Pokémon
|rule|OHKO Clause: OHKO moves are banned
|rule|Evasion Moves Clause: Evasion moves are banned
|rule|Endless Battle Clause: Forcing endless battles is banned
|rule|HP Percentage Mod: HP is shown in percentages
|rule|Dynamax Clause: You cannot dynamax
|clearpoke
|poke|p1|Tsareena, F|
|poke|p1|Golduck, M|
|poke|p1|Centiskorch, F|
|poke|p1|Flareon, F|
|poke|p1|Lickilicky, M|
|poke|p1|Hitmonlee, M|
|poke|p2|Carracosta, F|
|poke|p2|Scrafty, F|
|poke|p2|Cinccino, M|
|poke|p2|Claydol|
|poke|p2|Galvantula, F|
|poke|p2|Froslass, F|
|teampreview
|inactive|Battle timer is ON: inactive players will automatically lose when time's up. (requested by kacj2)
|
|t:|1639284808
|start
|switch|p1a: Centiskorch|Centiskorch, F|100/100
|switch|p2a: Galvantula|Galvantula, F|100/100
|turn|1
|
|t:|1639284814
|move|p1a: Centiskorch|Flare Blitz|p2a: Galvantula
|-supereffective|p2a: Galvantula
|-enditem|p2a: Galvantula|Focus Sash
|-damage|p2a: Galvantula|1/100
|-damage|p1a: Centiskorch|74/100|[from] Recoil
|move|p2a: Galvantula|Thunder|p1a: Centiskorch
|-damage|p1a: Centiskorch|25/100
|
|upkeep
|turn|2
|
|t:|1639284823
|switch|p2a: 你的背包 对我成重的负担|Carracosta, F|100/100
|move|p1a: Centiskorch|Flare Blitz|p2a: 你的背包 对我成重的负担
|-resisted|p2a: 你的背包 对我成重的负担
|-damage|p2a: 你的背包 对我成重的负担|87/100
|-damage|p1a: Centiskorch|21/100|[from] Recoil
|
|upkeep
|turn|3
|
|t:|1639284831
|switch|p1a: Tsareena|Tsareena, F|100/100
|move|p2a: 你的背包 对我成重的负担|Shell Smash|p2a: 你的背包 对我成重的负担
|-unboost|p2a: 你的背包 对我成重的负担|def|1
|-unboost|p2a: 你的背包 对我成重的负担|spd|1
|-boost|p2a: 你的背包 对我成重的负担|atk|2
|-boost|p2a: 你的背包 对我成重的负担|spa|2
|-boost|p2a: 你的背包 对我成重的负担|spe|2
|
|upkeep
|turn|4
|
|t:|1639284840
|move|p2a: 你的背包 对我成重的负担|Stone Edge|p1a: Tsareena|[miss]
|-miss|p2a: 你的背包 对我成重的负担|p1a: Tsareena
|move|p1a: Tsareena|Power Whip|p2a: 你的背包 对我成重的负担
|-supereffective|p2a: 你的背包 对我成重的负担
|-damage|p2a: 你的背包 对我成重的负担|0 fnt
|faint|p2a: 你的背包 对我成重的负担
|
|upkeep
|
|t:|1639284844
|switch|p2a: Galvantula|Galvantula, F|1/100
|turn|5
|
|t:|1639284850
|move|p2a: Galvantula|Sticky Web|p1a: Tsareena
|-sidestart|p1: kacj2|move: Sticky Web
|move|p1a: Tsareena|Rapid Spin|p2a: Galvantula
|-damage|p2a: Galvantula|0 fnt
|-boost|p1a: Tsareena|spe|1
|-sideend|p1: kacj2|Sticky Web|[from] move: Rapid Spin|[of] p1a: Tsareena
|faint|p2a: Galvantula
|
|upkeep
|
|t:|1639284861
|switch|p2a: 青城山下白素贞|Froslass, F|100/100
|turn|6
|
|t:|1639284864
|move|p2a: 青城山下白素贞|Triple Axel|p1a: Tsareena
|-supereffective|p1a: Tsareena
|-damage|p1a: Tsareena|84/100
|-supereffective|p1a: Tsareena
|-damage|p1a: Tsareena|56/100
|-supereffective|p1a: Tsareena
|-damage|p1a: Tsareena|11/100
|-hitcount|p1a: Tsareena|3
|move|p1a: Tsareena|Knock Off|p2a: 青城山下白素贞
|-supereffective|p2a: 青城山下白素贞
|-damage|p2a: 青城山下白素贞|0 fnt
|-enditem|p2a: 青城山下白素贞|Heavy-Duty Boots|[from] move: Knock Off|[of] p1a: Tsareena
|faint|p2a: 青城山下白素贞
|
|upkeep
|
|t:|1639284872
|switch|p2a: 我好美呀呀呀呀呀呀|Cinccino, M|100/100
|turn|7
|
|t:|1639284879
|move|p2a: 我好美呀呀呀呀呀呀|Bullet Seed|p1a: Tsareena
|-resisted|p1a: Tsareena
|-damage|p1a: Tsareena|6/100
|-resisted|p1a: Tsareena
|-damage|p1a: Tsareena|2/100
|-resisted|p1a: Tsareena
|-damage|p1a: Tsareena|0 fnt
|faint|p1a: Tsareena
|-hitcount|p1: Tsareena|3
|-damage|p2a: 我好美呀呀呀呀呀呀|91/100|[from] item: Life Orb
|
|upkeep
|
|t:|1639284889
|switch|p1a: Golduck|Golduck, M|100/100
|-ability|p1a: Golduck|Cloud Nine
|turn|8
|
|t:|1639284894
|move|p2a: 我好美呀呀呀呀呀呀|Bullet Seed|p1a: Golduck
|-supereffective|p1a: Golduck
|-damage|p1a: Golduck|80/100
|-supereffective|p1a: Golduck
|-damage|p1a: Golduck|58/100
|-supereffective|p1a: Golduck
|-damage|p1a: Golduck|37/100
|-supereffective|p1a: Golduck
|-damage|p1a: Golduck|15/100
|-supereffective|p1a: Golduck
|-damage|p1a: Golduck|0 fnt
|faint|p1a: Golduck
|-hitcount|p1: Golduck|5
|-damage|p2a: 我好美呀呀呀呀呀呀|81/100|[from] item: Life Orb
|
|upkeep
|
|t:|1639284906
|switch|p1a: Centiskorch|Centiskorch, F|21/100
|turn|9
|
|t:|1639284914
|switch|p2a: 艺术就是爆炸轰|Claydol|100/100
|move|p1a: Centiskorch|Flare Blitz|p2a: 艺术就是爆炸轰
|-damage|p2a: 艺术就是爆炸轰|41/100
|-damage|p1a: Centiskorch|3/100|[from] Recoil
|
|upkeep
|turn|10
|
|t:|1639284921
|move|p1a: Centiskorch|Flare Blitz|p2a: 艺术就是爆炸轰
|-damage|p2a: 艺术就是爆炸轰|0 fnt
|faint|p2a: 艺术就是爆炸轰
|-damage|p1a: Centiskorch|0 fnt|[from] Recoil
|faint|p1a: Centiskorch
|
|upkeep
|
|t:|1639284929
|switch|p2a: 我好美呀呀呀呀呀呀|Cinccino, M|81/100
|switch|p1a: Hitmonlee|Hitmonlee, M|100/100
|turn|11
|
|t:|1639284934
|move|p1a: Hitmonlee|Mach Punch|p2a: 我好美呀呀呀呀呀呀
|-supereffective|p2a: 我好美呀呀呀呀呀呀
|-damage|p2a: 我好美呀呀呀呀呀呀|0 fnt
|faint|p2a: 我好美呀呀呀呀呀呀
|
|upkeep
|
|t:|1639284938
|switch|p2a: 见谁灭谁橙冠蜥|Scrafty, F|100/100
|turn|12
|
|t:|1639284941
|move|p2a: 见谁灭谁橙冠蜥|Drain Punch|p1a: Hitmonlee
|-damage|p1a: Hitmonlee|25/100
|-damage|p2a: 见谁灭谁橙冠蜥|91/100|[from] item: Life Orb
|move|p1a: Hitmonlee|High Jump Kick|p2a: 见谁灭谁橙冠蜥|[miss]
|-miss|p1a: Hitmonlee|p2a: 见谁灭谁橙冠蜥
|-damage|p1a: Hitmonlee|0 fnt|[from] highjumpkick
|faint|p1a: Hitmonlee
|
|upkeep
|
|t:|1639284951
|switch|p1a: Flareon|Flareon, F|100/100
|turn|13
|
|t:|1639284955
|move|p2a: 见谁灭谁橙冠蜥|Dragon Dance|p2a: 见谁灭谁橙冠蜥
|-boost|p2a: 见谁灭谁橙冠蜥|atk|1
|-boost|p2a: 见谁灭谁橙冠蜥|spe|1
|move|p1a: Flareon|Superpower|p2a: 见谁灭谁橙冠蜥
|-supereffective|p2a: 见谁灭谁橙冠蜥
|-damage|p2a: 见谁灭谁橙冠蜥|0 fnt
|-unboost|p1a: Flareon|atk|1
|-unboost|p1a: Flareon|def|1
|faint|p2a: 见谁灭谁橙冠蜥
|
|win|kacj2
|raw|kacj2's rating: 1164 &rarr; <strong>1203</strong><br />(+39 for winning)
|raw|shalutianwang's rating: 1391 &rarr; <strong>1360</strong><br />(-31 for losing)
|l|☆shalutianwang
|j| Heung To
