|j|☆Persona111
|j|☆leotung小董
|inactive|Battle timer is ON: inactive players will automatically lose when time's up.
|t:|1663244256
|gametype|singles
|player|p1|Persona111|byron|
|player|p2|leotung小董|klara|
|teamsize|p1|6
|teamsize|p2|6
|gen|8
|tier|[Gen 8] PU
|rated|Tournament battle
|rule|Sleep Clause Mod: Limit one foe put to sleep
|rule|Species Clause: Limit one of each Pokémon
|rule|OHKO Clause: OHKO moves are banned
|rule|Evasion Items Clause: Evasion items are banned
|rule|Evasion Moves Clause: Evasion moves are banned
|rule|Endless Battle Clause: Forcing endless battles is banned
|rule|HP Percentage Mod: HP is shown in percentages
|rule|Dynamax Clause: You cannot dynamax
|clearpoke
|poke|p1|Frosmoth, F|
|poke|p1|Sandaconda, F|
|poke|p1|Whimsicott, F|
|poke|p1|Charizard, F|
|poke|p1|Lanturn, F|
|poke|p1|Gallade, M|
|poke|p2|Galvantula, F|
|poke|p2|Gallade, M|
|poke|p2|Articuno-Galar|
|poke|p2|Charizard, F|
|poke|p2|Frosmoth, M|
|poke|p2|Hitmonlee, M|
|teampreview
|j|*Lady Monita
|inactive|Persona111 has 120 seconds left.
|inactive|Persona111 has 90 seconds left.
|
|t:|1663244322
|start
|switch|p1a: Lanturn|Lanturn, F|100/100
|switch|p2a: Galvantula|Galvantula, F|100/100
|turn|1
|
|t:|1663244326
|move|p2a: Galvantula|Energy Ball|p1a: Lanturn
|-supereffective|p1a: Lanturn
|-damage|p1a: Lanturn|71/100
|move|p1a: Lanturn|Scald|p2a: Galvantula
|-damage|p2a: Galvantula|43/100
|-status|p2a: Galvantula|brn
|
|-damage|p2a: Galvantula|37/100 brn|[from] brn
|upkeep
|turn|2
|
|t:|1663244334
|move|p2a: Galvantula|Sticky Web|p1a: Lanturn
|-sidestart|p1: Persona111|move: Sticky Web
|move|p1a: Lanturn|Volt Switch|p2a: Galvantula
|-resisted|p2a: Galvantula
|-damage|p2a: Galvantula|12/100 brn
|
|t:|1663244338
|switch|p1a: Whimsicott|Whimsicott, F|100/100|[from]move: Volt Switch
|-activate|p1a: Whimsicott|move: Sticky Web
|-unboost|p1a: Whimsicott|spe|1
|
|-damage|p2a: Galvantula|5/100 brn|[from] brn
|upkeep
|turn|3
|
|t:|1663244341
|move|p2a: Galvantula|Thunder|p1a: Whimsicott
|-resisted|p1a: Whimsicott
|-damage|p1a: Whimsicott|60/100
|move|p1a: Whimsicott|Defog|p2a: Galvantula
|-unboost|p2a: Galvantula|evasion|1
|-sideend|p1: Persona111|Sticky Web|[from] move: Defog|[of] p1a: Whimsicott
|
|-damage|p2a: Galvantula|0 fnt|[from] brn
|faint|p2a: Galvantula
|upkeep
|
|t:|1663244348
|switch|p2a: Charizard|Charizard, F|100/100
|turn|4
|j| Aftx
|inactive|Persona111 has 120 seconds left.
|
|t:|1663244386
|switch|p1a: Lanturn|Lanturn, F|71/100
|move|p2a: Charizard|Substitute|p2a: Charizard
|-start|p2a: Charizard|Substitute
|-damage|p2a: Charizard|76/100
|
|upkeep
|turn|5
|
|t:|1663244393
|move|p2a: Charizard|Focus Blast|p1a: Lanturn
|-damage|p1a: Lanturn|47/100
|move|p1a: Lanturn|Volt Switch|p2a: Charizard
|-supereffective|p2a: Charizard
|-end|p2a: Charizard|Substitute
|
|t:|1663244402
|switch|p1a: Charizard|Charizard, F|100/100|[from]move: Volt Switch
|
|upkeep
|turn|6
|
|t:|1663244410
|move|p1a: Charizard|Hurricane|p2a: Charizard
|-crit|p2a: Charizard
|-damage|p2a: Charizard|0 fnt
|faint|p2a: Charizard
|
|upkeep
|
|t:|1663244413
|switch|p2a: Hitmonlee|Hitmonlee, M|100/100
|turn|7
|inactive|Persona111 has 120 seconds left.
|
|t:|1663244446
|move|p2a: Hitmonlee|Endure|p2a: Hitmonlee
|-singleturn|p2a: Hitmonlee|move: Endure
|move|p1a: Charizard|Hurricane|p2a: Hitmonlee
|-supereffective|p2a: Hitmonlee
|-activate|p2a: Hitmonlee|move: Endure
|-damage|p2a: Hitmonlee|1/100
|-enditem|p2a: Hitmonlee|Liechi Berry|[eat]
|-boost|p2a: Hitmonlee|atk|1|[from] item: Liechi Berry
|
|upkeep
|turn|8
|
|t:|1663244456
|move|p2a: Hitmonlee|Rock Slide|p1a: Charizard
|-supereffective|p1a: Charizard
|-damage|p1a: Charizard|0 fnt
|faint|p1a: Charizard
|
|upkeep
|
|t:|1663244459
|switch|p1a: Sandaconda|Sandaconda, F|100/100
|turn|9
|
|t:|1663244461
|move|p2a: Hitmonlee|Reversal|p1a: Sandaconda
|-damage|p1a: Sandaconda|0 fnt
|faint|p1a: Sandaconda
|
|upkeep
|
|t:|1663244467
|switch|p1a: Whimsicott|Whimsicott, F|60/100
|turn|10
|
|t:|1663244471
|move|p2a: Hitmonlee|Reversal|p1a: Whimsicott
|-resisted|p1a: Whimsicott
|-damage|p1a: Whimsicott|0 fnt
|faint|p1a: Whimsicott
|
|upkeep
|
|t:|1663244473
|switch|p1a: Gallade|Gallade, M|100/100
|turn|11
|
|t:|1663244476
|move|p2a: Hitmonlee|Knock Off|p1a: Gallade
|-crit|p1a: Gallade
|-damage|p1a: Gallade|0 fnt
|-enditem|p1a: Gallade|Choice Scarf|[from] move: Knock Off|[of] p2a: Hitmonlee
|faint|p1a: Gallade
|
|upkeep
|
|t:|1663244480
|switch|p1a: Frosmoth|Frosmoth, F|100/100
|turn|12
|
|t:|1663244483
|move|p2a: Hitmonlee|Reversal|p1a: Frosmoth
|-damage|p1a: Frosmoth|0 fnt
|faint|p1a: Frosmoth
|
|upkeep
|
|t:|1663244484
|switch|p1a: Lanturn|Lanturn, F|47/100
|turn|13
|
|t:|1663244497
|move|p2a: Hitmonlee|Reversal|p1a: Lanturn
|-damage|p1a: Lanturn|0 fnt
|faint|p1a: Lanturn
|
|win|leotung小董
|n|☆Persona111|persona111
|n|☆leotung小董|leotung
|n|*Lady Monita|ladymonita
|n| Aftx|aftx
|l|*Lady Monita
