|j|☆Shacky125
|j|☆RNG Jutsu
|t:|1618441452
|gametype|singles
|player|p1|Shacky125|clerk|1430
|player|p2|RNG Jutsu|2|1509
|teamsize|p1|6
|teamsize|p2|6
|gen|8
|tier|[Gen 8] PU
|rated|
|clearpoke
|poke|p1|Morpeko, F|
|poke|p1|Qwilfish, M|
|poke|p1|Ludicolo, F|
|poke|p1|Claydol|
|poke|p1|Drampa, F|
|poke|p1|Sneasel, M|
|poke|p2|Passimian, F|
|poke|p2|Froslass, F|
|poke|p2|Jolteon, F|
|poke|p2|Druddigon, F|
|poke|p2|Silvally-*|
|poke|p2|Guzzlord|
|rule|Sleep Clause Mod: Limit one foe put to sleep
|rule|Species Clause: Limit one of each Pokémon
|rule|OHKO Clause: OHKO moves are banned
|rule|Evasion Moves Clause: Evasion moves are banned
|rule|Endless Battle Clause: Forcing endless battles is banned
|rule|HP Percentage Mod: HP is shown in percentages
|rule|Dynamax Clause: You cannot dynamax
|teampreview
|c|☆RNG Jutsu|gl
|
|t:|1618441463
|start
|switch|p1a: Sneasel|Sneasel, M|100/100
|switch|p2a: Jolteon|Jolteon, F|100/100
|turn|1
|
|t:|1618441469
|switch|p1a: Claydol|Claydol|100/100
|move|p2a: Jolteon|Volt Switch|p1a: Claydol
|-immune|p1a: Claydol
|
|upkeep
|turn|2
|
|t:|1618441475
|move|p2a: Jolteon|Toxic|p1a: Claydol
|-status|p1a: Claydol|tox
|move|p1a: Claydol|Toxic|p2a: Jolteon
|-status|p2a: Jolteon|tox
|
|-damage|p2a: Jolteon|95/100 tox|[from] psn
|-damage|p1a: Claydol|94/100 tox|[from] psn
|upkeep
|turn|3
|
|t:|1618441480
|switch|p2a: Druddigon|Druddigon, F|100/100
|move|p1a: Claydol|Toxic|p2a: Druddigon
|-status|p2a: Druddigon|tox
|
|-heal|p1a: Claydol|100/100 tox|[from] item: Leftovers
|-damage|p1a: Claydol|88/100 tox|[from] psn
|-damage|p2a: Druddigon|94/100 tox|[from] psn
|upkeep
|turn|4
|
|t:|1618441483
|move|p1a: Claydol|Psychic|p2a: Druddigon
|-damage|p2a: Druddigon|69/100 tox
|move|p2a: Druddigon|Stealth Rock|p1a: Claydol
|-sidestart|p1: Shacky125|move: Stealth Rock
|
|-heal|p1a: Claydol|94/100 tox|[from] item: Leftovers
|-damage|p1a: Claydol|76/100 tox|[from] psn
|-damage|p2a: Druddigon|56/100 tox|[from] psn
|upkeep
|turn|5
|
|t:|1618441496
|move|p1a: Claydol|Rapid Spin|p2a: Druddigon
|-damage|p2a: Druddigon|52/100 tox
|-boost|p1a: Claydol|spe|1
|-damage|p1a: Claydol|63/100 tox|[from] ability: Rough Skin|[of] p2a: Druddigon
|-damage|p1a: Claydol|47/100 tox|[from] item: Rocky Helmet|[of] p2a: Druddigon
|-sideend|p1: Shacky125|Stealth Rock|[from] move: Rapid Spin|[of] p1a: Claydol
|move|p2a: Druddigon|Stealth Rock|p1a: Claydol
|-sidestart|p1: Shacky125|move: Stealth Rock
|
|-heal|p1a: Claydol|53/100 tox|[from] item: Leftovers
|-damage|p1a: Claydol|28/100 tox|[from] psn
|-damage|p2a: Druddigon|33/100 tox|[from] psn
|upkeep
|turn|6
|
|t:|1618441505
|move|p1a: Claydol|Earth Power|p2a: Druddigon
|-damage|p2a: Druddigon|10/100 tox
|move|p2a: Druddigon|Stealth Rock||[still]
|-fail|p2a: Druddigon
|
|-heal|p1a: Claydol|35/100 tox|[from] item: Leftovers
|-damage|p1a: Claydol|4/100 tox|[from] psn
|-damage|p2a: Druddigon|0 fnt|[from] psn
|faint|p2a: Druddigon
|upkeep
|
|t:|1618441510
|switch|p2a: Passimian|Passimian, F|100/100
|turn|7
|
|t:|1618441513
|switch|p1a: Qwilfish|Qwilfish, M|100/100
|-damage|p1a: Qwilfish|88/100|[from] Stealth Rock
|-ability|p1a: Qwilfish|Intimidate|boost
|-unboost|p2a: Passimian|atk|1
|move|p2a: Passimian|U-turn|p1a: Qwilfish
|-resisted|p1a: Qwilfish
|-damage|p1a: Qwilfish|80/100
|-damage|p2a: Passimian|84/100|[from] item: Rocky Helmet|[of] p1a: Qwilfish
|
|t:|1618441516
|switch|p2a: Jolteon|Jolteon, F|95/100 tox|[from]move: U-turn
|
|-damage|p2a: Jolteon|89/100 tox|[from] psn
|upkeep
|turn|8
|
|t:|1618441519
|switch|p1a: Claydol|Claydol|4/100 tox
|-damage|p1a: Claydol|0 fnt|[from] Stealth Rock
|faint|p1a: Claydol
|move|p2a: Jolteon|Volt Switch|p1: Claydol|[notarget]
|-fail|p2a: Jolteon
|
|-damage|p2a: Jolteon|77/100 tox|[from] psn
|upkeep
|
|t:|1618441524
|switch|p1a: Drampa|Drampa, F|100/100
|-damage|p1a: Drampa|88/100|[from] Stealth Rock
|turn|9
|
|t:|1618441537
|move|p2a: Jolteon|Volt Switch|p1a: Drampa
|-resisted|p1a: Drampa
|-damage|p1a: Drampa|70/100
|
|t:|1618441539
|switch|p2a: Silvally|Silvally-Poison|100/100|[from]move: Volt Switch
|move|p1a: Drampa|Flamethrower|p2a: Silvally
|-damage|p2a: Silvally|54/100
|
|upkeep
|turn|10
|
|t:|1618441545
|switch|p1a: Qwilfish|Qwilfish, M|80/100
|-damage|p1a: Qwilfish|68/100|[from] Stealth Rock
|-ability|p1a: Qwilfish|Intimidate|boost
|-unboost|p2a: Silvally|atk|1
|move|p2a: Silvally|Parting Shot|p1a: Qwilfish
|-unboost|p1a: Qwilfish|atk|1
|-unboost|p1a: Qwilfish|spa|1
|
|t:|1618441549
|switch|p2a: Jolteon|Jolteon, F|77/100 tox|[from]move: Parting Shot
|
|-damage|p2a: Jolteon|71/100 tox|[from] psn
|upkeep
|turn|11
|
|t:|1618441552
|switch|p1a: Drampa|Drampa, F|70/100
|-damage|p1a: Drampa|58/100|[from] Stealth Rock
|move|p2a: Jolteon|Volt Switch|p1a: Drampa
|-resisted|p1a: Drampa
|-damage|p1a: Drampa|42/100
|
|t:|1618441559
|switch|p2a: Passimian|Passimian, F|84/100|[from]move: Volt Switch
|
|upkeep
|turn|12
|
|t:|1618441565
|move|p2a: Passimian|Close Combat|p1a: Drampa
|-supereffective|p1a: Drampa
|-damage|p1a: Drampa|0 fnt
|-unboost|p2a: Passimian|def|1
|-unboost|p2a: Passimian|spd|1
|faint|p1a: Drampa
|
|upkeep
|
|t:|1618441567
|switch|p1a: Qwilfish|Qwilfish, M|68/100
|-damage|p1a: Qwilfish|55/100|[from] Stealth Rock
|-ability|p1a: Qwilfish|Intimidate|boost
|-unboost|p2a: Passimian|atk|1
|turn|13
|
|t:|1618441574
|switch|p2a: Jolteon|Jolteon, F|71/100 tox
|move|p1a: Qwilfish|Spikes|p2a: Jolteon
|-sidestart|p2: RNG Jutsu|Spikes
|
|-damage|p2a: Jolteon|65/100 tox|[from] psn
|upkeep
|turn|14
|
|t:|1618441579
|switch|p1a: Ludicolo|Ludicolo, F|100/100
|-damage|p1a: Ludicolo|88/100|[from] Stealth Rock
|move|p2a: Jolteon|Volt Switch|p1a: Ludicolo
|-damage|p1a: Ludicolo|58/100
|
|t:|1618441585
|switch|p2a: Silvally|Silvally-Poison|54/100|[from]move: Volt Switch
|-damage|p2a: Silvally|41/100|[from] Spikes
|
|-heal|p1a: Ludicolo|64/100|[from] item: Leftovers
|upkeep
|turn|15
|
|t:|1618441589
|move|p2a: Silvally|Toxic|p1a: Ludicolo
|-status|p1a: Ludicolo|tox
|move|p1a: Ludicolo|Scald|p2a: Silvally
|-damage|p2a: Silvally|21/100
|
|-heal|p1a: Ludicolo|70/100 tox|[from] item: Leftovers
|-damage|p1a: Ludicolo|64/100 tox|[from] psn
|upkeep
|turn|16
|
|t:|1618441593
|move|p2a: Silvally|Multi-Attack|p1a: Ludicolo
|-supereffective|p1a: Ludicolo
|-damage|p1a: Ludicolo|0 fnt
|faint|p1a: Ludicolo
|
|upkeep
|
|t:|1618441599
|switch|p1a: Sneasel|Sneasel, M|100/100
|-damage|p1a: Sneasel|76/100|[from] Stealth Rock
|turn|17
|
|t:|1618441603
|move|p1a: Sneasel|Triple Axel|p2a: Silvally|[miss]
|-miss|p1a: Sneasel|p2a: Silvally
|move|p2a: Silvally|Multi-Attack|p1a: Sneasel
|-damage|p1a: Sneasel|0 fnt
|faint|p1a: Sneasel
|
|upkeep
|c|☆RNG Jutsu|gg
|-message|Shacky125 forfeited.
|
|win|RNG Jutsu
|raw|Shacky125's rating: 1430 &rarr; <strong>1414</strong><br />(-16 for losing)
|raw|RNG Jutsu's rating: 1509 &rarr; <strong>1525</strong><br />(+16 for winning)
|l|☆Shacky125
