|j|☆Teddeh
|j|☆cafay sukray
|t:|1658915191
|gametype|singles
|player|p1|Teddeh|#communitytutoring|1575
|player|p2|cafay sukray|swimmer-gen4dp|1574
|teamsize|p1|6
|teamsize|p2|6
|gen|8
|tier|[Gen 8] PU
|rated|
|rule|Sleep Clause Mod: Limit one foe put to sleep
|rule|Species Clause: Limit one of each Pokémon
|rule|OHKO Clause: OHKO moves are banned
|rule|Evasion Moves Clause: Evasion moves are banned
|rule|Endless Battle Clause: Forcing endless battles is banned
|rule|HP Percentage Mod: HP is shown in percentages
|rule|Dynamax Clause: You cannot dynamax
|clearpoke
|poke|p1|Articuno-Galar|
|poke|p1|Scrafty, M|
|poke|p1|Gigalith, M|
|poke|p1|Ferroseed, M|
|poke|p1|Ribombee, M|
|poke|p1|Charizard, F|
|poke|p2|Abomasnow, F|
|poke|p2|Charizard, M|
|poke|p2|Scrafty, M|
|poke|p2|Sandaconda, M|
|poke|p2|Lunatone|
|poke|p2|Silvally-*|
|teampreview
|
|t:|1658915217
|start
|switch|p1a: Scrafty|Scrafty, M|100/100
|switch|p2a: Scrafty|Scrafty, M|100/100
|-ability|p1a: Scrafty|Intimidate|boost
|-unboost|p2a: Scrafty|atk|1
|turn|1
|
|t:|1658915230
|move|p1a: Scrafty|Drain Punch|p2a: Scrafty
|-supereffective|p2a: Scrafty
|-damage|p2a: Scrafty|44/100
|move|p2a: Scrafty|Knock Off|p1a: Scrafty
|-resisted|p1a: Scrafty
|-damage|p1a: Scrafty|96/100
|-enditem|p1a: Scrafty|Leftovers|[from] move: Knock Off|[of] p2a: Scrafty
|
|-heal|p2a: Scrafty|50/100|[from] item: Leftovers
|upkeep
|turn|2
|
|t:|1658915235
|switch|p2a: Sandaconda|Sandaconda, M|100/100
|move|p1a: Scrafty|Knock Off|p2a: Sandaconda
|-damage|p2a: Sandaconda|75/100
|-damage|p1a: Scrafty|79/100|[from] item: Rocky Helmet|[of] p2a: Sandaconda
|-enditem|p2a: Sandaconda|Rocky Helmet|[from] move: Knock Off|[of] p1a: Scrafty
|
|upkeep
|turn|3
|
|t:|1658915248
|switch|p1a: Articuno|Articuno-Galar|100/100
|move|p2a: Sandaconda|Glare|p1a: Articuno
|-status|p1a: Articuno|par
|
|upkeep
|turn|4
|
|t:|1658915259
|switch|p2a: Scrafty|Scrafty, M|50/100
|move|p1a: Articuno|Shadow Ball|p2a: Scrafty
|-resisted|p2a: Scrafty
|-damage|p2a: Scrafty|41/100
|
|-heal|p2a: Scrafty|47/100|[from] item: Leftovers
|upkeep
|turn|5
|
|t:|1658915267
|switch|p1a: Scrafty|Scrafty, M|79/100
|-ability|p1a: Scrafty|Intimidate|boost
|-unboost|p2a: Scrafty|atk|1
|move|p2a: Scrafty|Knock Off|p1a: Scrafty
|-resisted|p1a: Scrafty
|-damage|p1a: Scrafty|76/100
|
|-heal|p2a: Scrafty|53/100|[from] item: Leftovers
|upkeep
|turn|6
|
|t:|1658915275
|switch|p2a: Sandaconda|Sandaconda, M|75/100
|move|p1a: Scrafty|Drain Punch|p2a: Sandaconda
|-damage|p2a: Sandaconda|55/100
|-heal|p1a: Scrafty|87/100|[from] drain|[of] p2a: Sandaconda
|
|upkeep
|turn|7
|
|t:|1658915293
|switch|p1a: Articuno|Articuno-Galar|100/100 par
|move|p2a: Sandaconda|Stealth Rock|p1a: Articuno
|-sidestart|p1: Teddeh|move: Stealth Rock
|
|upkeep
|turn|8
|
|t:|1658915297
|switch|p2a: Scrafty|Scrafty, M|53/100
|move|p1a: Articuno|Hurricane|p2a: Scrafty
|-supereffective|p2a: Scrafty
|-damage|p2a: Scrafty|0 fnt
|faint|p2a: Scrafty
|
|upkeep
|
|t:|1658915300
|switch|p2a: Abomasnow|Abomasnow, F|100/100
|-weather|Hail|[from] ability: Snow Warning|[of] p2a: Abomasnow
|turn|9
|
|t:|1658915311
|switch|p1a: Gigalith|Gigalith, M|100/100
|-damage|p1a: Gigalith|88/100|[from] Stealth Rock
|-weather|Sandstorm|[from] ability: Sand Stream|[of] p1a: Gigalith
|move|p2a: Abomasnow|Blizzard|p1a: Gigalith|[miss]
|-miss|p2a: Abomasnow|p1a: Gigalith
|
|-weather|Sandstorm|[upkeep]
|-damage|p2a: Abomasnow|94/100|[from] Sandstorm
|-heal|p1a: Gigalith|94/100|[from] item: Leftovers
|upkeep
|turn|10
|
|t:|1658915319
|switch|p2a: Sandaconda|Sandaconda, M|55/100
|switch|p1a: Charizard|Charizard, F|100/100
|
|-weather|Sandstorm|[upkeep]
|-damage|p1a: Charizard|94/100|[from] Sandstorm
|upkeep
|turn|11
|
|t:|1658915341
|switch|p2a: Lunatone|Lunatone|100/100
|move|p1a: Charizard|Flamethrower|p2a: Lunatone
|-resisted|p2a: Lunatone
|-damage|p2a: Lunatone|85/100
|
|-weather|Sandstorm|[upkeep]
|-damage|p1a: Charizard|88/100|[from] Sandstorm
|-heal|p2a: Lunatone|91/100|[from] item: Leftovers
|upkeep
|turn|12
|
|t:|1658915348
|switch|p1a: Ferroseed|Ferroseed, M|100/100
|-damage|p1a: Ferroseed|94/100|[from] Stealth Rock
|switch|p2a: Charizard|Charizard, M|100/100
|
|-weather|Sandstorm|[upkeep]
|-damage|p2a: Charizard|94/100|[from] Sandstorm
|upkeep
|turn|13
|
|t:|1658915352
|switch|p1a: Gigalith|Gigalith, M|94/100
|-damage|p1a: Gigalith|82/100|[from] Stealth Rock
|move|p2a: Charizard|Toxic|p1a: Gigalith
|-status|p1a: Gigalith|tox
|
|-weather|none
|-heal|p1a: Gigalith|88/100 tox|[from] item: Leftovers
|-damage|p1a: Gigalith|82/100 tox|[from] psn
|upkeep
|turn|14
|
|t:|1658915366
|switch|p2a: Sandaconda|Sandaconda, M|55/100
|move|p1a: Gigalith|Stealth Rock|p2a: Sandaconda
|-sidestart|p2: cafay sukray|move: Stealth Rock
|
|-heal|p1a: Gigalith|88/100 tox|[from] item: Leftovers
|-damage|p1a: Gigalith|76/100 tox|[from] psn
|upkeep
|turn|15
|
|t:|1658915375
|switch|p2a: Abomasnow|Abomasnow, F|94/100
|-weather|Hail|[from] ability: Snow Warning|[of] p2a: Abomasnow
|switch|p1a: Scrafty|Scrafty, M|87/100
|-damage|p1a: Scrafty|81/100|[from] Stealth Rock
|-ability|p1a: Scrafty|Intimidate|boost
|-unboost|p2a: Abomasnow|atk|1
|
|-weather|Hail|[upkeep]
|-damage|p1a: Scrafty|75/100|[from] Hail
|upkeep
|turn|16
|
|t:|1658915389
|switch|p2a: Sandaconda|Sandaconda, M|55/100
|-damage|p2a: Sandaconda|49/100|[from] Stealth Rock
|move|p1a: Scrafty|Drain Punch|p2a: Sandaconda
|-damage|p2a: Sandaconda|29/100
|-heal|p1a: Scrafty|85/100|[from] drain|[of] p2a: Sandaconda
|
|-weather|Hail|[upkeep]
|-damage|p2a: Sandaconda|23/100|[from] Hail
|-damage|p1a: Scrafty|79/100|[from] Hail
|upkeep
|turn|17
|
|t:|1658915403
|switch|p1a: Ferroseed|Ferroseed, M|94/100
|-damage|p1a: Ferroseed|88/100|[from] Stealth Rock
|move|p2a: Sandaconda|Rest|p2a: Sandaconda
|-status|p2a: Sandaconda|slp|[from] move: Rest
|-heal|p2a: Sandaconda|100/100 slp|[silent]
|
|-weather|Hail|[upkeep]
|-damage|p2a: Sandaconda|94/100 slp|[from] Hail
|-damage|p1a: Ferroseed|82/100|[from] Hail
|upkeep
|turn|18
|
|t:|1658915414
|switch|p2a: Charizard|Charizard, M|94/100
|move|p1a: Ferroseed|Knock Off|p2a: Charizard
|-damage|p2a: Charizard|75/100
|-enditem|p2a: Charizard|Heavy-Duty Boots|[from] move: Knock Off|[of] p1a: Ferroseed
|
|-weather|Hail|[upkeep]
|-damage|p2a: Charizard|69/100|[from] Hail
|-damage|p1a: Ferroseed|76/100|[from] Hail
|upkeep
|turn|19
|
|t:|1658915430
|switch|p1a: Gigalith|Gigalith, M|76/100 tox
|-damage|p1a: Gigalith|63/100 tox|[from] Stealth Rock
|-weather|Sandstorm|[from] ability: Sand Stream|[of] p1a: Gigalith
|move|p2a: Charizard|Roost|p2a: Charizard
|-heal|p2a: Charizard|100/100
|-singleturn|p2a: Charizard|move: Roost
|
|-weather|Sandstorm|[upkeep]
|-damage|p2a: Charizard|94/100|[from] Sandstorm
|-heal|p1a: Gigalith|69/100 tox|[from] item: Leftovers
|-damage|p1a: Gigalith|63/100 tox|[from] psn
|upkeep
|turn|20
|
|t:|1658915449
|switch|p2a: Abomasnow|Abomasnow, F|94/100
|-weather|Hail|[from] ability: Snow Warning|[of] p2a: Abomasnow
|switch|p1a: Ribombee|Ribombee, M|100/100
|
|-weather|Hail|[upkeep]
|-damage|p1a: Ribombee|94/100|[from] Hail
|upkeep
|turn|21
|
|t:|1658915461
|move|p1a: Ribombee|Quiver Dance|p1a: Ribombee
|-boost|p1a: Ribombee|spa|1
|-boost|p1a: Ribombee|spd|1
|-boost|p1a: Ribombee|spe|1
|move|p2a: Abomasnow|Blizzard|p1a: Ribombee
|-damage|p1a: Ribombee|55/100
|
|-weather|Hail|[upkeep]
|-damage|p1a: Ribombee|49/100|[from] Hail
|upkeep
|turn|22
|
|t:|1658915466
|move|p1a: Ribombee|Roost|p1a: Ribombee
|-heal|p1a: Ribombee|99/100
|-singleturn|p1a: Ribombee|move: Roost
|move|p2a: Abomasnow|Rock Slide|p1a: Ribombee
|-supereffective|p1a: Ribombee
|-damage|p1a: Ribombee|43/100
|
|-weather|Hail|[upkeep]
|-damage|p1a: Ribombee|37/100|[from] Hail
|upkeep
|turn|23
|
|t:|1658915477
|move|p1a: Ribombee|Roost|p1a: Ribombee
|-heal|p1a: Ribombee|87/100
|-singleturn|p1a: Ribombee|move: Roost
|move|p2a: Abomasnow|Rock Slide|p1a: Ribombee
|-supereffective|p1a: Ribombee
|-damage|p1a: Ribombee|31/100
|
|-weather|Hail|[upkeep]
|-damage|p1a: Ribombee|25/100|[from] Hail
|upkeep
|turn|24
|
|t:|1658915483
|move|p1a: Ribombee|Roost|p1a: Ribombee
|-heal|p1a: Ribombee|75/100
|-singleturn|p1a: Ribombee|move: Roost
|move|p2a: Abomasnow|Rock Slide|p1a: Ribombee
|-supereffective|p1a: Ribombee
|-damage|p1a: Ribombee|19/100
|
|-weather|none
|upkeep
|turn|25
|
|t:|1658915486
|move|p1a: Ribombee|Roost|p1a: Ribombee
|-heal|p1a: Ribombee|69/100
|-singleturn|p1a: Ribombee|move: Roost
|move|p2a: Abomasnow|Rock Slide|p1a: Ribombee
|-supereffective|p1a: Ribombee
|-damage|p1a: Ribombee|12/100
|
|upkeep
|turn|26
|
|t:|1658915492
|switch|p1a: Ferroseed|Ferroseed, M|76/100
|-damage|p1a: Ferroseed|70/100|[from] Stealth Rock
|move|p2a: Abomasnow|Rock Slide|p1a: Ferroseed
|-resisted|p1a: Ferroseed
|-damage|p1a: Ferroseed|65/100
|
|upkeep
|turn|27
|
|t:|1658915502
|switch|p2a: Charizard|Charizard, M|94/100
|-damage|p2a: Charizard|45/100|[from] Stealth Rock
|move|p1a: Ferroseed|Toxic|p2a: Charizard
|-status|p2a: Charizard|tox
|
|-damage|p2a: Charizard|39/100 tox|[from] psn
|upkeep
|turn|28
|
|t:|1658915511
|move|p2a: Charizard|Roost|p2a: Charizard
|-heal|p2a: Charizard|89/100 tox
|-singleturn|p2a: Charizard|move: Roost
|move|p1a: Ferroseed|Leech Seed|p2a: Charizard
|-start|p2a: Charizard|move: Leech Seed
|
|-damage|p2a: Charizard|76/100 tox|[from] Leech Seed|[of] p1a: Ferroseed
|-heal|p1a: Ferroseed|77/100|[silent]
|-damage|p2a: Charizard|64/100 tox|[from] psn
|upkeep
|turn|29
|
|t:|1658915518
|switch|p1a: Gigalith|Gigalith, M|63/100 tox
|-damage|p1a: Gigalith|51/100 tox|[from] Stealth Rock
|-weather|Sandstorm|[from] ability: Sand Stream|[of] p1a: Gigalith
|move|p2a: Charizard|Roost|p2a: Charizard
|-heal|p2a: Charizard|100/100 tox
|-singleturn|p2a: Charizard|move: Roost
|
|-weather|Sandstorm|[upkeep]
|-damage|p2a: Charizard|94/100 tox|[from] Sandstorm
|-heal|p1a: Gigalith|57/100 tox|[from] item: Leftovers
|-damage|p2a: Charizard|82/100 tox|[from] Leech Seed|[of] p1a: Gigalith
|-heal|p1a: Gigalith|67/100 tox|[silent]
|-damage|p2a: Charizard|64/100 tox|[from] psn
|-damage|p1a: Gigalith|61/100 tox|[from] psn
|upkeep
|turn|30
|
|t:|1658915529
|switch|p2a: Lunatone|Lunatone|91/100
|-damage|p2a: Lunatone|78/100|[from] Stealth Rock
|switch|p1a: Ferroseed|Ferroseed, M|77/100
|-damage|p1a: Ferroseed|71/100|[from] Stealth Rock
|
|-weather|Sandstorm|[upkeep]
|-heal|p2a: Lunatone|85/100|[from] item: Leftovers
|upkeep
|turn|31
|
|t:|1658915536
|move|p2a: Lunatone|Earth Power|p1a: Ferroseed
|-damage|p1a: Ferroseed|50/100
|move|p1a: Ferroseed|Leech Seed|p2a: Lunatone
|-start|p2a: Lunatone|move: Leech Seed
|
|-weather|Sandstorm|[upkeep]
|-heal|p2a: Lunatone|91/100|[from] item: Leftovers
|-damage|p2a: Lunatone|78/100|[from] Leech Seed|[of] p1a: Ferroseed
|-heal|p1a: Ferroseed|64/100|[silent]
|upkeep
|turn|32
|
|t:|1658915541
|switch|p2a: Abomasnow|Abomasnow, F|94/100
|-weather|Hail|[from] ability: Snow Warning|[of] p2a: Abomasnow
|move|p1a: Ferroseed|Knock Off|p2a: Abomasnow
|-damage|p2a: Abomasnow|75/100
|-enditem|p2a: Abomasnow|Heavy-Duty Boots|[from] move: Knock Off|[of] p1a: Ferroseed
|
|-weather|Hail|[upkeep]
|-damage|p1a: Ferroseed|58/100|[from] Hail
|upkeep
|turn|33
|j| OranBerryBlissey10
|
|t:|1658915548
|switch|p1a: Charizard|Charizard, F|88/100
|move|p2a: Abomasnow|Blizzard|p1a: Charizard
|-damage|p1a: Charizard|39/100
|
|-weather|Hail|[upkeep]
|-damage|p1a: Charizard|32/100|[from] Hail
|upkeep
|turn|34
|
|t:|1658915556
|switch|p2a: Lunatone|Lunatone|78/100
|-damage|p2a: Lunatone|66/100|[from] Stealth Rock
|move|p1a: Charizard|Roost|p1a: Charizard
|-heal|p1a: Charizard|83/100
|-singleturn|p1a: Charizard|move: Roost
|
|-weather|Hail|[upkeep]
|-damage|p1a: Charizard|77/100|[from] Hail
|-damage|p2a: Lunatone|60/100|[from] Hail
|-heal|p2a: Lunatone|66/100|[from] item: Leftovers
|upkeep
|turn|35
|
|t:|1658915563
|switch|p1a: Scrafty|Scrafty, M|79/100
|-damage|p1a: Scrafty|73/100|[from] Stealth Rock
|-ability|p1a: Scrafty|Intimidate|boost
|-unboost|p2a: Lunatone|atk|1
|move|p2a: Lunatone|Earth Power|p1a: Scrafty
|-damage|p1a: Scrafty|49/100
|-unboost|p1a: Scrafty|spd|1
|
|-weather|Hail|[upkeep]
|-damage|p2a: Lunatone|60/100|[from] Hail
|-damage|p1a: Scrafty|43/100|[from] Hail
|-heal|p2a: Lunatone|66/100|[from] item: Leftovers
|upkeep
|turn|36
|
|t:|1658915575
|move|p2a: Lunatone|Moonblast|p1a: Scrafty
|-supereffective|p1a: Scrafty
|-damage|p1a: Scrafty|0 fnt
|faint|p1a: Scrafty
|
|-weather|none
|-heal|p2a: Lunatone|72/100|[from] item: Leftovers
|upkeep
|
|t:|1658915578
|switch|p1a: Ferroseed|Ferroseed, M|58/100
|-damage|p1a: Ferroseed|52/100|[from] Stealth Rock
|turn|37
|
|t:|1658915584
|move|p2a: Lunatone|Earth Power|p1a: Ferroseed
|-damage|p1a: Ferroseed|30/100
|move|p1a: Ferroseed|Leech Seed|p2a: Lunatone
|-start|p2a: Lunatone|move: Leech Seed
|
|-heal|p2a: Lunatone|78/100|[from] item: Leftovers
|-damage|p2a: Lunatone|66/100|[from] Leech Seed|[of] p1a: Ferroseed
|-heal|p1a: Ferroseed|44/100|[silent]
|upkeep
|turn|38
|
|t:|1658915589
|switch|p2a: Abomasnow|Abomasnow, F|75/100
|-damage|p2a: Abomasnow|50/100|[from] Stealth Rock
|-weather|Hail|[from] ability: Snow Warning|[of] p2a: Abomasnow
|move|p1a: Ferroseed|Leech Seed|p2a: Abomasnow
|-immune|p2a: Abomasnow
|
|-weather|Hail|[upkeep]
|-damage|p1a: Ferroseed|37/100|[from] Hail
|upkeep
|turn|39
|
|t:|1658915603
|switch|p1a: Gigalith|Gigalith, M|61/100 tox
|-damage|p1a: Gigalith|48/100 tox|[from] Stealth Rock
|-weather|Sandstorm|[from] ability: Sand Stream|[of] p1a: Gigalith
|move|p2a: Abomasnow|Rock Slide|p1a: Gigalith
|-damage|p1a: Gigalith|35/100 tox
|
|-weather|Sandstorm|[upkeep]
|-damage|p2a: Abomasnow|44/100|[from] Sandstorm
|-heal|p1a: Gigalith|41/100 tox|[from] item: Leftovers
|-damage|p1a: Gigalith|35/100 tox|[from] psn
|upkeep
|turn|40
|
|t:|1658915607
|switch|p1a: Charizard|Charizard, F|77/100
|move|p2a: Abomasnow|Grass Knot|p1a: Charizard
|-resisted|p1a: Charizard
|-damage|p1a: Charizard|66/100
|
|-weather|Sandstorm|[upkeep]
|-damage|p1a: Charizard|60/100|[from] Sandstorm
|-damage|p2a: Abomasnow|38/100|[from] Sandstorm
|upkeep
|turn|41
|
|t:|1658915633
|switch|p1a: Ferroseed|Ferroseed, M|37/100
|-damage|p1a: Ferroseed|31/100|[from] Stealth Rock
|switch|p2a: Lunatone|Lunatone|66/100
|-damage|p2a: Lunatone|54/100|[from] Stealth Rock
|
|-weather|Sandstorm|[upkeep]
|-heal|p2a: Lunatone|60/100|[from] item: Leftovers
|upkeep
|turn|42
|
|t:|1658915641
|switch|p2a: Abomasnow|Abomasnow, F|38/100
|-damage|p2a: Abomasnow|13/100|[from] Stealth Rock
|-weather|Hail|[from] ability: Snow Warning|[of] p2a: Abomasnow
|move|p1a: Ferroseed|Leech Seed|p2a: Abomasnow
|-immune|p2a: Abomasnow
|
|-weather|Hail|[upkeep]
|-damage|p1a: Ferroseed|25/100|[from] Hail
|upkeep
|turn|43
|
|t:|1658915651
|switch|p1a: Gigalith|Gigalith, M|35/100 tox
|-damage|p1a: Gigalith|22/100 tox|[from] Stealth Rock
|-weather|Sandstorm|[from] ability: Sand Stream|[of] p1a: Gigalith
|move|p2a: Abomasnow|Rock Slide|p1a: Gigalith
|-damage|p1a: Gigalith|9/100 tox
|
|-weather|Sandstorm|[upkeep]
|-damage|p2a: Abomasnow|7/100|[from] Sandstorm
|-heal|p1a: Gigalith|15/100 tox|[from] item: Leftovers
|-damage|p1a: Gigalith|9/100 tox|[from] psn
|upkeep
|turn|44
|
|t:|1658915655
|move|p2a: Abomasnow|Rock Slide|p1a: Gigalith
|-damage|p1a: Gigalith|0 fnt
|faint|p1a: Gigalith
|
|-weather|Sandstorm|[upkeep]
|-damage|p2a: Abomasnow|0 fnt|[from] Sandstorm
|faint|p2a: Abomasnow
|upkeep
|
|t:|1658915671
|switch|p2a: Lunatone|Lunatone|60/100
|switch|p1a: Ribombee|Ribombee, M|12/100
|-damage|p2a: Lunatone|47/100|[from] Stealth Rock
|turn|45
|
|t:|1658915678
|move|p1a: Ribombee|Aromatherapy|p1a: Ribombee
|-activate|p1a: Ribombee|move: Aromatherapy
|-curestatus|p1: Articuno|par|[msg]
|move|p2a: Lunatone|Power Gem|p1a: Ribombee
|-supereffective|p1a: Ribombee
|-damage|p1a: Ribombee|0 fnt
|faint|p1a: Ribombee
|
|-weather|Sandstorm|[upkeep]
|-heal|p2a: Lunatone|54/100|[from] item: Leftovers
|upkeep
|
|t:|1658915681
|switch|p1a: Articuno|Articuno-Galar|100/100
|turn|46
|
|t:|1658915688
|move|p1a: Articuno|Shadow Ball|p2a: Lunatone
|-supereffective|p2a: Lunatone
|-damage|p2a: Lunatone|13/100
|move|p2a: Lunatone|Power Gem|p1a: Articuno
|-supereffective|p1a: Articuno
|-damage|p1a: Articuno|22/100
|
|-weather|Sandstorm|[upkeep]
|-damage|p1a: Articuno|16/100|[from] Sandstorm
|-heal|p2a: Lunatone|19/100|[from] item: Leftovers
|upkeep
|turn|47
|
|t:|1658915694
|move|p1a: Articuno|Shadow Ball|p2a: Lunatone
|-supereffective|p2a: Lunatone
|-damage|p2a: Lunatone|0 fnt
|faint|p2a: Lunatone
|
|-weather|none
|upkeep
|
|t:|1658915696
|switch|p2a: Silvally|Silvally-Dragon|100/100
|-damage|p2a: Silvally|88/100|[from] Stealth Rock
|turn|48
|
|t:|1658915705
|move|p2a: Silvally|Flame Charge|p1a: Articuno
|-damage|p1a: Articuno|0 fnt
|-boost|p2a: Silvally|spe|1
|faint|p1a: Articuno
|
|upkeep
|
|t:|1658915711
|switch|p1a: Charizard|Charizard, F|60/100
|turn|49
|
|t:|1658915714
|move|p2a: Silvally|Multi-Attack|p1a: Charizard
|-damage|p1a: Charizard|0 fnt
|faint|p1a: Charizard
|
|upkeep
|-message|Teddeh forfeited.
|
|win|cafay sukray
|raw|Teddeh's rating: 1575 &rarr; <strong>1555</strong><br />(-20 for losing)
|raw|cafay sukray's rating: 1574 &rarr; <strong>1594</strong><br />(+20 for winning)
|l|☆Teddeh
