|raw|<div class="broadcast-blue"><strong>This battle is required to be public due to a player having a name starting with 'pult4c1'.</div>
|j|☆yassy slay
|j|☆pult4c1 skelly
|t:|1661081271
|gametype|singles
|player|p1|yassy slay|clown|1653
|player|p2|pult4c1 skelly|2|1485
|teamsize|p1|6
|teamsize|p2|6
|gen|8
|tier|[Gen 8] PU
|rated|
|rule|Sleep Clause Mod: Limit one foe put to sleep
|rule|Species Clause: Limit one of each Pokémon
|rule|OHKO Clause: OHKO moves are banned
|rule|Evasion Items Clause: Evasion items are banned
|rule|Evasion Moves Clause: Evasion moves are banned
|rule|Endless Battle Clause: Forcing endless battles is banned
|rule|HP Percentage Mod: HP is shown in percentages
|rule|Dynamax Clause: You cannot dynamax
|clearpoke
|poke|p1|Flapple, F|
|poke|p1|Weezing, M|
|poke|p1|Comfey, F|
|poke|p1|Gourgeist-*, F|
|poke|p1|Gigalith, M|
|poke|p1|Sandslash, F|
|poke|p2|Garbodor, F|
|poke|p2|Absol, F|
|poke|p2|Eldegoss, F|
|poke|p2|Archeops, F|
|poke|p2|Togedemaru, M|
|poke|p2|Jellicent, F|
|teampreview
|
|t:|1661081292
|start
|switch|p1a: Gourgeist|Gourgeist-Super, F|100/100
|switch|p2a: Jellicent|Jellicent, F|100/100
|-item|p2a: Jellicent|Choice Specs|[from] ability: Frisk|[of] p1a: Gourgeist|[identify]
|turn|1
|
|t:|1661081300
|switch|p1a: Gigalith|Gigalith, M|100/100
|-weather|Sandstorm|[from] ability: Sand Stream|[of] p1a: Gigalith
|move|p2a: Jellicent|Shadow Ball|p1a: Gigalith
|-crit|p1a: Gigalith
|-damage|p1a: Gigalith|63/100
|
|-weather|Sandstorm|[upkeep]
|-damage|p2a: Jellicent|94/100|[from] Sandstorm
|-heal|p1a: Gigalith|69/100|[from] item: Leftovers
|upkeep
|turn|2
|j| PULT4C1 Haffling
|
|t:|1661081329
|move|p2a: Jellicent|Shadow Ball|p1a: Gigalith
|-damage|p1a: Gigalith|42/100
|move|p1a: Gigalith|Stealth Rock|p2a: Jellicent
|-sidestart|p2: pult4c1 skelly|move: Stealth Rock
|
|-weather|Sandstorm|[upkeep]
|-damage|p2a: Jellicent|88/100|[from] Sandstorm
|-heal|p1a: Gigalith|48/100|[from] item: Leftovers
|upkeep
|turn|3
|
|t:|1661081337
|move|p2a: Jellicent|Shadow Ball|p1a: Gigalith
|-damage|p1a: Gigalith|23/100
|-unboost|p1a: Gigalith|spd|1
|move|p1a: Gigalith|Rock Blast|p2a: Jellicent
|-damage|p2a: Jellicent|74/100
|-damage|p2a: Jellicent|60/100
|-crit|p2a: Jellicent
|-damage|p2a: Jellicent|37/100
|-hitcount|p2a: Jellicent|3
|
|-weather|Sandstorm|[upkeep]
|-damage|p2a: Jellicent|31/100|[from] Sandstorm
|-heal|p1a: Gigalith|29/100|[from] item: Leftovers
|upkeep
|turn|4
|
|t:|1661081345
|move|p2a: Jellicent|Shadow Ball|p1a: Gigalith
|-damage|p1a: Gigalith|0 fnt
|faint|p1a: Gigalith
|
|-weather|Sandstorm|[upkeep]
|-damage|p2a: Jellicent|25/100|[from] Sandstorm
|upkeep
|
|t:|1661081352
|switch|p1a: Gourgeist|Gourgeist-Super, F|100/100
|-item|p2a: Jellicent|Choice Specs|[from] ability: Frisk|[of] p1a: Gourgeist|[identify]
|turn|5
|j| PULT4C1 Carmin
|j| Delysse
|j| pult4c1 shane
|
|t:|1661081360
|switch|p2a: Garbodor|Garbodor, F|100/100
|-damage|p2a: Garbodor|88/100|[from] Stealth Rock
|move|p1a: Gourgeist|Shadow Sneak|p2a: Garbodor
|-damage|p2a: Garbodor|63/100
|
|-weather|none
|upkeep
|turn|6
|j| Starfall
|
|t:|1661081372
|move|p2a: Garbodor|Giga Drain|p1a: Gourgeist
|-resisted|p1a: Gourgeist
|-damage|p1a: Gourgeist|87/100
|-heal|p2a: Garbodor|70/100|[from] drain|[of] p1a: Gourgeist
|-damage|p2a: Garbodor|60/100|[from] item: Life Orb
|move|p1a: Gourgeist|Poltergeist|p2a: Garbodor
|-activate|p2a: Garbodor|move: Poltergeist|Life Orb
|-damage|p2a: Garbodor|0 fnt
|faint|p2a: Garbodor
|
|upkeep
|
|t:|1661081377
|switch|p2a: Absol|Absol, F|100/100
|-damage|p2a: Absol|88/100|[from] Stealth Rock
|turn|7
|
|t:|1661081380
|move|p2a: Absol|Knock Off|p1a: Gourgeist
|-supereffective|p1a: Gourgeist
|-crit|p1a: Gourgeist
|-damage|p1a: Gourgeist|2/100
|move|p1a: Gourgeist|Power Whip|p2a: Absol
|-damage|p2a: Absol|0 fnt
|faint|p2a: Absol
|
|upkeep
|
|t:|1661081388
|switch|p2a: Togedemaru|Togedemaru, M|100/100
|turn|8
|
|t:|1661081402
|switch|p1a: Weezing|Weezing, M|100/100
|-ability|p1a: Weezing|Neutralizing Gas
|move|p2a: Togedemaru|Iron Head|p1a: Weezing
|-damage|p1a: Weezing|83/100
|
|-heal|p1a: Weezing|89/100|[from] item: Black Sludge
|upkeep
|turn|9
|
|t:|1661081417
|move|p2a: Togedemaru|U-turn|p1a: Weezing
|-resisted|p1a: Weezing
|-damage|p1a: Weezing|84/100
|
|t:|1661081421
|switch|p2a: Eldegoss|Eldegoss, F|100/100|[from]move: U-turn
|-damage|p2a: Eldegoss|88/100|[from] Stealth Rock
|move|p1a: Weezing|Sludge Bomb|p2a: Eldegoss
|-supereffective|p2a: Eldegoss
|-damage|p2a: Eldegoss|36/100
|-enditem|p2a: Eldegoss|Eject Button
|
|t:|1661081426
|switch|p2a: Jellicent|Jellicent, F|25/100
|-damage|p2a: Jellicent|13/100|[from] Stealth Rock
|
|-heal|p1a: Weezing|90/100|[from] item: Black Sludge
|upkeep
|turn|10
|
|t:|1661081448
|-end|p1a: Weezing|ability: Neutralizing Gas
|switch|p1a: Comfey|Comfey, F|100/100
|move|p2a: Jellicent|Shadow Ball|p1a: Comfey
|-damage|p1a: Comfey|43/100
|
|upkeep
|turn|11
|
|t:|1661081457
|switch|p2a: Eldegoss|Eldegoss, F|36/100
|-damage|p2a: Eldegoss|23/100|[from] Stealth Rock
|move|p1a: Comfey|Draining Kiss|p2a: Eldegoss
|-damage|p2a: Eldegoss|0 fnt
|-heal|p1a: Comfey|64/100|[from] drain|[of] p2a: Eldegoss
|faint|p2a: Eldegoss
|
|upkeep
|j| lekekekeke
|
|t:|1661081477
|switch|p2a: Togedemaru|Togedemaru, M|100/100
|turn|12
|
|t:|1661081483
|switch|p1a: Weezing|Weezing, M|90/100
|-ability|p1a: Weezing|Neutralizing Gas
|move|p2a: Togedemaru|U-turn|p1a: Weezing
|-resisted|p1a: Weezing
|-damage|p1a: Weezing|85/100
|
|t:|1661081487
|switch|p2a: Archeops|Archeops, F|100/100|[from]move: U-turn
|
|-heal|p1a: Weezing|91/100|[from] item: Black Sludge
|upkeep
|turn|13
|
|t:|1661081501
|-end|p1a: Weezing|ability: Neutralizing Gas
|switch|p1a: Sandslash|Sandslash, F|100/100
|move|p2a: Archeops|Earthquake|p1a: Sandslash
|-damage|p1a: Sandslash|63/100
|
|upkeep
|turn|14
|j| Strawbrity
|
|t:|1661081509
|move|p2a: Archeops|Earthquake|p1a: Sandslash
|-damage|p1a: Sandslash|26/100
|move|p1a: Sandslash|Stone Edge|p2a: Archeops
|-supereffective|p2a: Archeops
|-damage|p2a: Archeops|0 fnt
|faint|p2a: Archeops
|
|upkeep
|-message|pult4c1 skelly forfeited.
|
|win|yassy slay
|raw|yassy slay's rating: 1653 &rarr; <strong>1665</strong><br />(+12 for winning)
|raw|pult4c1 skelly's rating: 1504 &rarr; <strong>1492</strong><br />(-12 for losing)
|l|☆pult4c1 skelly
|l|☆yassy slay
|l| PULT4C1 Haffling
|l| Starfall
