|j|☆Arieon
|j|☆one of the bouys
|t:|1637509605
|gametype|singles
|player|p1|Arieon|red|1331
|player|p2|one of the bouys|clown|1654
|teamsize|p1|6
|teamsize|p2|6
|gen|8
|tier|[Gen 8] PU
|rated|
|rule|Sleep Clause Mod: Limit one foe put to sleep
|rule|Species Clause: Limit one of each Pokémon
|rule|OHKO Clause: OHKO moves are banned
|rule|Evasion Moves Clause: Evasion moves are banned
|rule|Endless Battle Clause: Forcing endless battles is banned
|rule|HP Percentage Mod: HP is shown in percentages
|rule|Dynamax Clause: You cannot dynamax
|clearpoke
|poke|p1|Raichu, M|
|poke|p1|Charizard, F|
|poke|p1|Quagsire, M|
|poke|p1|Shiftry, M|
|poke|p1|Claydol|
|poke|p1|Perrserker, F|
|poke|p2|Flapple, M|
|poke|p2|Frosmoth, M|
|poke|p2|Stunfisk-Galar, F|
|poke|p2|Archeops, F|
|poke|p2|Ribombee, F|
|poke|p2|Jellicent, M|
|teampreview
|
|t:|1637509618
|start
|switch|p1a: Quagsire|Quagsire, M|100/100
|switch|p2a: Ribombee|Ribombee, F|100/100
|turn|1
|
|t:|1637509633
|move|p2a: Ribombee|U-turn|p1a: Quagsire
|-damage|p1a: Quagsire|91/100
|
|t:|1637509636
|switch|p2a: Flapple|Flapple, M|100/100|[from]move: U-turn
|move|p1a: Quagsire|Scald|p2a: Flapple
|-resisted|p2a: Flapple
|-damage|p2a: Flapple|91/100
|
|-heal|p1a: Quagsire|97/100|[from] item: Leftovers
|upkeep
|turn|2
|
|t:|1637509642
|switch|p1a: Perrserker|Perrserker, F|100/100
|move|p2a: Flapple|Grav Apple|p1a: Perrserker
|-resisted|p1a: Perrserker
|-damage|p1a: Perrserker|62/100
|-unboost|p1a: Perrserker|def|1
|-damage|p2a: Flapple|81/100|[from] item: Life Orb
|
|upkeep
|turn|3
|
|t:|1637509650
|switch|p1a: Charizard|Charizard, F|100/100
|move|p2a: Flapple|Sucker Punch||[still]
|-fail|p2a: Flapple
|
|upkeep
|turn|4
|
|t:|1637509654
|switch|p2a: Archeops|Archeops, F|100/100
|move|p1a: Charizard|Hurricane|p2a: Archeops
|-resisted|p2a: Archeops
|-damage|p2a: Archeops|61/100
|-start|p2a: Archeops|confusion
|
|upkeep
|turn|5
|
|t:|1637509659
|switch|p1a: Claydol|Claydol|100/100
|-activate|p2a: Archeops|confusion
|-damage|p2a: Archeops|35/100|[from] confusion
|
|upkeep
|turn|6
|
|t:|1637509666
|-activate|p2a: Archeops|confusion
|move|p2a: Archeops|U-turn|p1a: Claydol
|-supereffective|p1a: Claydol
|-damage|p1a: Claydol|81/100
|
|t:|1637509668
|switch|p2a: Flapple|Flapple, M|81/100|[from]move: U-turn
|move|p1a: Claydol|Stealth Rock|p2a: Flapple
|-sidestart|p2: one of the bouys|move: Stealth Rock
|
|-heal|p1a: Claydol|88/100|[from] item: Leftovers
|upkeep
|turn|7
|
|t:|1637509672
|switch|p1a: Charizard|Charizard, F|100/100
|move|p2a: Flapple|Grav Apple|p1a: Charizard|[miss]
|-miss|p2a: Flapple|p1a: Charizard
|
|upkeep
|turn|8
|
|t:|1637509691
|move|p2a: Flapple|Sucker Punch|p1a: Charizard|[miss]
|-miss|p2a: Flapple|p1a: Charizard
|move|p1a: Charizard|Hurricane|p2a: Flapple
|-supereffective|p2a: Flapple
|-damage|p2a: Flapple|0 fnt
|faint|p2a: Flapple
|
|upkeep
|
|t:|1637509695
|switch|p2a: Stunfisk|Stunfisk-Galar, F|100/100
|-damage|p2a: Stunfisk|97/100|[from] Stealth Rock
|turn|9
|
|t:|1637509700
|switch|p1a: Claydol|Claydol|88/100
|move|p2a: Stunfisk|Stone Edge|p1a: Claydol|[miss]
|-miss|p2a: Stunfisk|p1a: Claydol
|
|-heal|p1a: Claydol|94/100|[from] item: Leftovers
|-heal|p2a: Stunfisk|100/100|[from] item: Leftovers
|upkeep
|turn|10
|
|t:|1637509703
|move|p1a: Claydol|Earth Power|p2a: Stunfisk
|-supereffective|p2a: Stunfisk
|-crit|p2a: Stunfisk
|-damage|p2a: Stunfisk|56/100
|move|p2a: Stunfisk|Stealth Rock|p1a: Claydol
|-sidestart|p1: Arieon|move: Stealth Rock
|
|-heal|p1a: Claydol|99/100|[from] item: Leftovers
|-heal|p2a: Stunfisk|63/100|[from] item: Leftovers
|upkeep
|turn|11
|
|t:|1637509709
|move|p2a: Stunfisk|Protect|p2a: Stunfisk
|-singleturn|p2a: Stunfisk|Protect
|move|p1a: Claydol|Rapid Spin|p2a: Stunfisk
|-activate|p2a: Stunfisk|move: Protect
|
|-heal|p1a: Claydol|100/100|[from] item: Leftovers
|-heal|p2a: Stunfisk|69/100|[from] item: Leftovers
|upkeep
|turn|12
|
|t:|1637509714
|switch|p1a: Raichu|Raichu, M|100/100
|-damage|p1a: Raichu|88/100|[from] Stealth Rock
|switch|p2a: Jellicent|Jellicent, M|100/100
|-damage|p2a: Jellicent|88/100|[from] Stealth Rock
|
|upkeep
|turn|13
|
|t:|1637509723
|switch|p2a: Stunfisk|Stunfisk-Galar, F|69/100
|-damage|p2a: Stunfisk|66/100|[from] Stealth Rock
|move|p1a: Raichu|Thunderbolt|p2a: Stunfisk
|-immune|p2a: Stunfisk
|
|-heal|p2a: Stunfisk|72/100|[from] item: Leftovers
|upkeep
|turn|14
|
|t:|1637509727
|switch|p2a: Frosmoth|Frosmoth, M|100/100
|move|p1a: Raichu|Focus Blast|p2a: Frosmoth
|-damage|p2a: Frosmoth|77/100
|-damage|p1a: Raichu|78/100|[from] item: Life Orb
|
|upkeep
|turn|15
|
|t:|1637509738
|switch|p1a: Charizard|Charizard, F|100/100
|move|p2a: Frosmoth|Ice Beam|p1a: Charizard
|-damage|p1a: Charizard|46/100
|
|upkeep
|turn|16
|
|t:|1637509757
|switch|p2a: Ribombee|Ribombee, F|100/100
|move|p1a: Charizard|Roost|p1a: Charizard
|-heal|p1a: Charizard|96/100
|-singleturn|p1a: Charizard|move: Roost
|
|upkeep
|turn|17
|
|t:|1637509762
|move|p2a: Ribombee|Moonblast|p1a: Charizard
|-resisted|p1a: Charizard
|-damage|p1a: Charizard|71/100
|-unboost|p1a: Charizard|spa|1
|move|p1a: Charizard|Flamethrower|p2a: Ribombee
|-supereffective|p2a: Ribombee
|-damage|p2a: Ribombee|9/100
|
|upkeep
|turn|18
|
|t:|1637509769
|move|p2a: Ribombee|U-turn|p1a: Charizard
|-resisted|p1a: Charizard
|-damage|p1a: Charizard|66/100
|
|t:|1637509770
|switch|p2a: Archeops|Archeops, F|35/100|[from]move: U-turn
|move|p1a: Charizard|Flamethrower|p2a: Archeops
|-resisted|p2a: Archeops
|-damage|p2a: Archeops|10/100
|
|upkeep
|turn|19
|
|t:|1637509779
|switch|p1a: Claydol|Claydol|100/100
|-damage|p1a: Claydol|94/100|[from] Stealth Rock
|move|p2a: Archeops|Roost|p2a: Archeops
|-heal|p2a: Archeops|60/100
|-singleturn|p2a: Archeops|move: Roost
|
|-heal|p1a: Claydol|100/100|[from] item: Leftovers
|upkeep
|turn|20
|
|t:|1637509785
|move|p2a: Archeops|U-turn|p1a: Claydol
|-supereffective|p1a: Claydol
|-damage|p1a: Claydol|60/100
|
|t:|1637509786
|switch|p2a: Jellicent|Jellicent, M|88/100|[from]move: U-turn
|-damage|p2a: Jellicent|76/100|[from] Stealth Rock
|move|p1a: Claydol|Psychic|p2a: Jellicent
|-damage|p2a: Jellicent|56/100
|
|-heal|p1a: Claydol|66/100|[from] item: Leftovers
|upkeep
|turn|21
|
|t:|1637509796
|switch|p1a: Shiftry|Shiftry, M|100/100
|-damage|p1a: Shiftry|88/100|[from] Stealth Rock
|move|p2a: Jellicent|Shadow Ball|p1a: Shiftry
|-resisted|p1a: Shiftry
|-damage|p1a: Shiftry|69/100
|
|upkeep
|turn|22
|
|t:|1637509809
|move|p1a: Shiftry|Leaf Storm|p2a: Jellicent
|-supereffective|p2a: Jellicent
|-damage|p2a: Jellicent|0 fnt
|-unboost|p1a: Shiftry|spa|2
|-start|p1a: Shiftry|Disable|Leaf Storm|[from] ability: Cursed Body|[of] p2a: Jellicent
|faint|p2a: Jellicent
|-damage|p1a: Shiftry|59/100|[from] item: Life Orb
|
|upkeep
|
|t:|1637509815
|switch|p2a: Archeops|Archeops, F|60/100
|turn|23
|
|t:|1637509821
|switch|p1a: Claydol|Claydol|66/100
|-damage|p1a: Claydol|60/100|[from] Stealth Rock
|move|p2a: Archeops|Roost|p2a: Archeops
|-heal|p2a: Archeops|100/100
|-singleturn|p2a: Archeops|move: Roost
|
|-heal|p1a: Claydol|66/100|[from] item: Leftovers
|upkeep
|turn|24
|
|t:|1637509830
|move|p2a: Archeops|U-turn|p1a: Claydol
|-supereffective|p1a: Claydol
|-damage|p1a: Claydol|26/100
|
|t:|1637509834
|switch|p2a: Frosmoth|Frosmoth, M|77/100|[from]move: U-turn
|move|p1a: Claydol|Rapid Spin|p2a: Frosmoth
|-damage|p2a: Frosmoth|65/100
|-boost|p1a: Claydol|spe|1
|-sideend|p1: Arieon|Stealth Rock|[from] move: Rapid Spin|[of] p1a: Claydol
|
|-heal|p1a: Claydol|32/100|[from] item: Leftovers
|upkeep
|turn|25
|
|t:|1637509879
|move|p1a: Claydol|Psychic|p2a: Frosmoth
|-damage|p2a: Frosmoth|52/100
|-unboost|p2a: Frosmoth|spd|1
|move|p2a: Frosmoth|Ice Beam|p1a: Claydol
|-supereffective|p1a: Claydol
|-damage|p1a: Claydol|0 fnt
|faint|p1a: Claydol
|
|upkeep
|
|t:|1637509889
|switch|p1a: Charizard|Charizard, F|66/100
|turn|26
|
|t:|1637509900
|switch|p1a: Quagsire|Quagsire, M|97/100
|switch|p2a: Ribombee|Ribombee, F|9/100
|
|-heal|p1a: Quagsire|100/100|[from] item: Leftovers
|upkeep
|turn|27
|
|t:|1637509908
|move|p2a: Ribombee|Roost|p2a: Ribombee
|-heal|p2a: Ribombee|59/100
|-singleturn|p2a: Ribombee|move: Roost
|move|p1a: Quagsire|Scald|p2a: Ribombee
|-damage|p2a: Ribombee|24/100
|
|upkeep
|turn|28
|
|t:|1637509913
|move|p2a: Ribombee|Roost|p2a: Ribombee
|-heal|p2a: Ribombee|74/100
|-singleturn|p2a: Ribombee|move: Roost
|move|p1a: Quagsire|Toxic|p2a: Ribombee
|-status|p2a: Ribombee|tox
|
|-damage|p2a: Ribombee|68/100 tox|[from] psn
|upkeep
|turn|29
|
|t:|1637509917
|move|p2a: Ribombee|Moonblast|p1a: Quagsire
|-crit|p1a: Quagsire
|-damage|p1a: Quagsire|22/100
|-unboost|p1a: Quagsire|spa|1
|move|p1a: Quagsire|Scald|p2a: Ribombee
|-damage|p2a: Ribombee|47/100 tox
|
|-heal|p1a: Quagsire|28/100|[from] item: Leftovers
|-damage|p2a: Ribombee|35/100 tox|[from] psn
|upkeep
|turn|30
|
|t:|1637509928
|switch|p1a: Charizard|Charizard, F|66/100
|move|p2a: Ribombee|U-turn|p1a: Charizard
|-resisted|p1a: Charizard
|-damage|p1a: Charizard|62/100
|
|t:|1637509930
|switch|p2a: Archeops|Archeops, F|100/100|[from]move: U-turn
|
|upkeep
|turn|31
|
|t:|1637509937
|switch|p1a: Perrserker|Perrserker, F|62/100
|move|p2a: Archeops|Stone Edge|p1a: Perrserker
|-resisted|p1a: Perrserker
|-damage|p1a: Perrserker|36/100
|
|upkeep
|turn|32
|
|t:|1637509941
|move|p2a: Archeops|Earthquake|p1a: Perrserker
|-supereffective|p1a: Perrserker
|-damage|p1a: Perrserker|0 fnt
|faint|p1a: Perrserker
|
|upkeep
|
|t:|1637509947
|switch|p1a: Raichu|Raichu, M|78/100
|turn|33
|
|t:|1637509958
|switch|p2a: Stunfisk|Stunfisk-Galar, F|72/100
|-damage|p2a: Stunfisk|69/100|[from] Stealth Rock
|move|p1a: Raichu|Surf|p2a: Stunfisk
|-supereffective|p2a: Stunfisk
|-damage|p2a: Stunfisk|27/100
|-damage|p1a: Raichu|68/100|[from] item: Life Orb
|
|-heal|p2a: Stunfisk|33/100|[from] item: Leftovers
|upkeep
|turn|34
|
|t:|1637509965
|move|p1a: Raichu|Surf|p2a: Stunfisk
|-supereffective|p2a: Stunfisk
|-damage|p2a: Stunfisk|0 fnt
|faint|p2a: Stunfisk
|-damage|p1a: Raichu|58/100|[from] item: Life Orb
|
|upkeep
|
|t:|1637509966
|switch|p2a: Frosmoth|Frosmoth, M|52/100
|turn|35
|
|t:|1637509988
|switch|p1a: Charizard|Charizard, F|62/100
|move|p2a: Frosmoth|Quiver Dance|p2a: Frosmoth
|-boost|p2a: Frosmoth|spa|1
|-boost|p2a: Frosmoth|spd|1
|-boost|p2a: Frosmoth|spe|1
|
|upkeep
|turn|36
|
|t:|1637509992
|move|p2a: Frosmoth|Ice Beam|p1a: Charizard
|-damage|p1a: Charizard|0 fnt
|faint|p1a: Charizard
|
|upkeep
|
|t:|1637509994
|switch|p1a: Shiftry|Shiftry, M|59/100
|turn|37
|
|t:|1637509997
|move|p1a: Shiftry|Sucker Punch||[still]
|-fail|p1a: Shiftry
|move|p2a: Frosmoth|Substitute|p2a: Frosmoth
|-start|p2a: Frosmoth|Substitute
|-damage|p2a: Frosmoth|27/100
|
|upkeep
|turn|38
|-message|Arieon forfeited.
|
|win|one of the bouys
|raw|Arieon's rating: 1331 &rarr; <strong>1326</strong><br />(-5 for losing)
|raw|one of the bouys's rating: 1654 &rarr; <strong>1659</strong><br />(+5 for winning)
|l|☆Arieon
