|html|<div class="broadcast-blue"><strong>[Gen 8] PU is currently suspecting Virizion! For information on how to participate check out the <a href="https://www.smogon.com/forums/threads/np-pu-stage-4-and-justice-for-all-virizion-suspect-test.3676543/">suspect thread</a>.</strong></div>
|j|☆luks214
|j|☆Combaetilics
|t:|1611850806
|player|p1|luks214|psychic-gen3rs|1290
|player|p2|Combaetilics|203|1323
|teamsize|p1|6
|teamsize|p2|6
|gametype|singles
|gen|8
|tier|[Gen 8] PU
|rated|
|clearpoke
|poke|p1|Electivire, M|
|poke|p1|Archeops, M|
|poke|p1|Vaporeon, F|
|poke|p1|Magmortar, M|
|poke|p1|Silvally-*|
|poke|p1|Palossand, F|
|poke|p2|Hitmonlee, M|
|poke|p2|Perrserker, M|
|poke|p2|Weezing, F|
|poke|p2|Claydol|
|poke|p2|Heliolisk, M|
|poke|p2|Scyther, M|
|rule|Sleep Clause Mod: Limit one foe put to sleep
|rule|Species Clause: Limit one of each Pokémon
|rule|OHKO Clause: OHKO moves are banned
|rule|Evasion Moves Clause: Evasion moves are banned
|rule|Endless Battle Clause: Forcing endless battles is banned
|rule|HP Percentage Mod: HP is shown in percentages
|rule|Dynamax Clause: You cannot dynamax
|teampreview
|inactive|Battle timer is ON: inactive players will automatically lose when time's up. (requested by Combaetilics)
|
|t:|1611850823
|start
|switch|p1a: Archeops|Archeops, M|100/100
|switch|p2a: Scyther|Scyther, M|100/100
|turn|1
|
|t:|1611850828
|move|p2a: Scyther|U-turn|p1a: Archeops
|-resisted|p1a: Archeops
|-damage|p1a: Archeops|69/100
|
|t:|1611850831
|switch|p2a: Weezing|Weezing, F|100/100|[from]move: U-turn
|-ability|p2a: Weezing|Neutralizing Gas
|move|p1a: Archeops|U-turn|p2a: Weezing
|-resisted|p2a: Weezing
|-damage|p2a: Weezing|92/100
|-damage|p1a: Archeops|53/100|[from] item: Rocky Helmet|[of] p2a: Weezing
|
|t:|1611850839
|switch|p1a: Palossand|Palossand, F, shiny|100/100|[from]move: U-turn
|
|upkeep
|turn|2
|
|t:|1611850857
|move|p2a: Weezing|Toxic Spikes|p1a: Palossand
|-sidestart|p1: luks214|move: Toxic Spikes
|move|p1a: Palossand|Stealth Rock|p2a: Weezing
|-sidestart|p2: Combaetilics|move: Stealth Rock
|
|upkeep
|turn|3
|
|t:|1611850860
|-end|p2a: Weezing|ability: Neutralizing Gas
|switch|p2a: Claydol|Claydol|100/100
|-damage|p2a: Claydol|94/100|[from] Stealth Rock
|move|p1a: Palossand|Earth Power|p2a: Claydol
|-immune|p2a: Claydol|[from] ability: Levitate
|
|-heal|p2a: Claydol|100/100|[from] item: Leftovers
|upkeep
|turn|4
|
|t:|1611850866
|move|p2a: Claydol|Earth Power|p1a: Palossand
|-damage|p1a: Palossand|67/100
|move|p1a: Palossand|Shadow Ball|p2a: Claydol
|-supereffective|p2a: Claydol
|-damage|p2a: Claydol|61/100
|
|-heal|p2a: Claydol|67/100|[from] item: Leftovers
|upkeep
|turn|5
|
|t:|1611850872
|move|p2a: Claydol|Earth Power|p1a: Palossand
|-damage|p1a: Palossand|38/100
|move|p1a: Palossand|Shadow Ball|p2a: Claydol
|-supereffective|p2a: Claydol
|-damage|p2a: Claydol|26/100
|
|-heal|p2a: Claydol|33/100|[from] item: Leftovers
|upkeep
|turn|6
|
|t:|1611850880
|move|p2a: Claydol|Earth Power|p1a: Palossand
|-damage|p1a: Palossand|9/100
|move|p1a: Palossand|Shore Up|p1a: Palossand
|-heal|p1a: Palossand|59/100
|
|-heal|p2a: Claydol|39/100|[from] item: Leftovers
|upkeep
|turn|7
|
|t:|1611850887
|switch|p2a: Heliolisk|Heliolisk, M|100/100
|-damage|p2a: Heliolisk|88/100|[from] Stealth Rock
|move|p1a: Palossand|Shore Up|p1a: Palossand
|-heal|p1a: Palossand|100/100
|
|upkeep
|turn|8
|
|t:|1611850891
|move|p2a: Heliolisk|Surf|p1a: Palossand
|-supereffective|p1a: Palossand
|-damage|p1a: Palossand|0 fnt
|faint|p1a: Palossand
|
|upkeep
|
|t:|1611850899
|switch|p1a: Silvally|Silvally-Steel|100/100
|turn|9
|
|t:|1611850909
|switch|p2a: Perrserker|Perrserker, M|100/100
|-damage|p2a: Perrserker|94/100|[from] Stealth Rock
|move|p1a: Silvally|Multi-Attack|p2a: Perrserker
|-resisted|p2a: Perrserker
|-damage|p2a: Perrserker|69/100
|
|upkeep
|turn|10
|
|t:|1611850915
|move|p1a: Silvally|Parting Shot|p2a: Perrserker
|-unboost|p2a: Perrserker|atk|1
|-unboost|p2a: Perrserker|spa|1
|
|t:|1611850921
|switch|p1a: Magmortar|Magmortar, M|100/100|[from]move: Parting Shot
|-status|p1a: Magmortar|psn
|move|p2a: Perrserker|Close Combat|p1a: Magmortar
|-damage|p1a: Magmortar|11/100 psn
|-unboost|p2a: Perrserker|def|1
|-unboost|p2a: Perrserker|spd|1
|
|-damage|p1a: Magmortar|0 fnt|[from] psn
|faint|p1a: Magmortar
|upkeep
|
|t:|1611850925
|switch|p1a: Vaporeon|Vaporeon, F|100/100
|-status|p1a: Vaporeon|psn
|turn|11
|inactive|Combaetilics has 120 seconds left.
|
|t:|1611850964
|switch|p2a: Heliolisk|Heliolisk, M|88/100
|-damage|p2a: Heliolisk|76/100|[from] Stealth Rock
|move|p1a: Vaporeon|Toxic|p2a: Heliolisk
|-status|p2a: Heliolisk|tox
|
|-damage|p2a: Heliolisk|70/100 tox|[from] psn
|-damage|p1a: Vaporeon|88/100 psn|[from] psn
|upkeep
|turn|12
|inactive|Combaetilics has 120 seconds left.
|
|t:|1611850971
|move|p2a: Heliolisk|Volt Switch|p1a: Vaporeon
|-supereffective|p1a: Vaporeon
|-damage|p1a: Vaporeon|1/100 psn
|
|t:|1611850976
|switch|p2a: Claydol|Claydol|39/100|[from]move: Volt Switch
|-damage|p2a: Claydol|33/100|[from] Stealth Rock
|move|p1a: Vaporeon|Flip Turn|p2a: Claydol
|-supereffective|p2a: Claydol
|-crit|p2a: Claydol
|-damage|p2a: Claydol|0 fnt
|faint|p2a: Claydol
|
|t:|1611850990
|switch|p1a: Silvally|Silvally-Steel|100/100|[from]move: Flip Turn
|
|upkeep
|
|t:|1611850995
|switch|p2a: Perrserker|Perrserker, M|69/100
|-damage|p2a: Perrserker|63/100|[from] Stealth Rock
|turn|13
|
|t:|1611851002
|move|p1a: Silvally|Parting Shot|p2a: Perrserker
|-unboost|p2a: Perrserker|atk|1
|-unboost|p2a: Perrserker|spa|1
|
|t:|1611851005
|switch|p1a: Vaporeon|Vaporeon, F|1/100 psn|[from]move: Parting Shot
|move|p2a: Perrserker|Close Combat|p1a: Vaporeon
|-damage|p1a: Vaporeon|0 fnt
|-unboost|p2a: Perrserker|def|1
|-unboost|p2a: Perrserker|spd|1
|faint|p1a: Vaporeon
|
|upkeep
|
|t:|1611851009
|switch|p1a: Archeops|Archeops, M|53/100
|turn|14
|
|t:|1611851014
|switch|p2a: Weezing|Weezing, F|92/100
|-ability|p2a: Weezing|Neutralizing Gas
|-damage|p2a: Weezing|80/100|[from] Stealth Rock
|move|p1a: Archeops|Earthquake|p2a: Weezing
|-supereffective|p2a: Weezing
|-damage|p2a: Weezing|32/100
|
|upkeep
|turn|15
|
|t:|1611851021
|move|p1a: Archeops|Stone Edge|p2a: Weezing
|-damage|p2a: Weezing|0 fnt
|faint|p2a: Weezing
|-end|p2a: Weezing|ability: Neutralizing Gas
|
|upkeep
|
|t:|1611851034
|switch|p2a: Scyther|Scyther, M|100/100
|-damage|p2a: Scyther|50/100|[from] Stealth Rock
|turn|16
|
|t:|1611851041
|move|p2a: Scyther|Knock Off|p1a: Archeops
|-damage|p1a: Archeops|2/100
|-enditem|p1a: Archeops|Heavy-Duty Boots|[from] move: Knock Off|[of] p2a: Scyther
|move|p1a: Archeops|Dual Wingbeat|p2a: Scyther
|-supereffective|p2a: Scyther
|-damage|p2a: Scyther|18/100
|-supereffective|p2a: Scyther
|-damage|p2a: Scyther|0 fnt
|-hitcount|p2a: Scyther|2
|faint|p2a: Scyther
|
|upkeep
|
|t:|1611851060
|switch|p2a: Hitmonlee|Hitmonlee, M|100/100
|-damage|p2a: Hitmonlee|94/100|[from] Stealth Rock
|turn|17
|
|t:|1611851064
|move|p1a: Archeops|Dual Wingbeat|p2a: Hitmonlee
|-supereffective|p2a: Hitmonlee
|-damage|p2a: Hitmonlee|46/100
|-supereffective|p2a: Hitmonlee
|-damage|p2a: Hitmonlee|0 fnt
|-hitcount|p2a: Hitmonlee|2
|faint|p2a: Hitmonlee
|
|upkeep
|
|t:|1611851071
|switch|p2a: Perrserker|Perrserker, M|63/100
|-damage|p2a: Perrserker|57/100|[from] Stealth Rock
|turn|18
|
|t:|1611851075
|move|p1a: Archeops|Earthquake|p2a: Perrserker
|-supereffective|p2a: Perrserker
|-damage|p2a: Perrserker|8/100
|move|p2a: Perrserker|Iron Head|p1a: Archeops
|-supereffective|p1a: Archeops
|-damage|p1a: Archeops|0 fnt
|faint|p1a: Archeops
|
|upkeep
|
|t:|1611851077
|switch|p1a: Electivire|Electivire, M, shiny|100/100
|-status|p1a: Electivire|psn
|turn|19
|
|t:|1611851081
|move|p1a: Electivire|Earthquake|p2a: Perrserker
|-supereffective|p2a: Perrserker
|-damage|p2a: Perrserker|0 fnt
|faint|p2a: Perrserker
|
|-damage|p1a: Electivire|88/100 psn|[from] psn
|upkeep
|
|t:|1611851084
|switch|p2a: Heliolisk|Heliolisk, M|70/100 tox
|-damage|p2a: Heliolisk|57/100 tox|[from] Stealth Rock
|turn|20
|
|t:|1611851087
|move|p1a: Electivire|Earthquake|p2a: Heliolisk
|-supereffective|p2a: Heliolisk
|-damage|p2a: Heliolisk|0 fnt
|faint|p2a: Heliolisk
|
|win|luks214
|l|☆Combaetilics
||Ladder (probably) updated, but score could not be retrieved (Request timeout).
