|html|<div class="broadcast-blue"><strong>[Gen 8] PU is currently suspecting Scyther! For information on how to participate check out the <a href="https://www.smogon.com/forums/threads/np-ss-pu-stage-11-turn-turn-turn-scyther-retest.3707179/">suspect thread</a>.</strong></div>
|j|☆pancreas prolapse
|j|☆JoJo Reference #10
|t:|1662420301
|gametype|singles
|player|p1|pancreas prolapse|170|1411
|player|p2|JoJo Reference #10|102|1443
|teamsize|p1|6
|teamsize|p2|6
|gen|8
|tier|[Gen 8] PU
|rated|
|rule|Sleep Clause Mod: Limit one foe put to sleep
|rule|Species Clause: Limit one of each Pokémon
|rule|OHKO Clause: OHKO moves are banned
|rule|Evasion Items Clause: Evasion items are banned
|rule|Evasion Moves Clause: Evasion moves are banned
|rule|Endless Battle Clause: Forcing endless battles is banned
|rule|HP Percentage Mod: HP is shown in percentages
|rule|Dynamax Clause: You cannot dynamax
|clearpoke
|poke|p1|Gigalith, M|
|poke|p1|Sandslash, M|
|poke|p1|Ribombee, F|
|poke|p1|Eldegoss, F|
|poke|p1|Articuno-Galar|
|poke|p1|Archeops, M|
|poke|p2|Gigalith, M|
|poke|p2|Dugtrio-Alola, M|
|poke|p2|Weezing, F|
|poke|p2|Eldegoss, M|
|poke|p2|Sandslash, M|
|poke|p2|Cinccino, M|
|teampreview
|inactive|Battle timer is ON: inactive players will automatically lose when time's up. (requested by JoJo Reference #10)
|
|t:|1662420339
|start
|switch|p1a: Archeops|Archeops, M, shiny|100/100
|switch|p2a: Cinccino|Cinccino, M|100/100
|turn|1
|
|t:|1662420347
|switch|p1a: Gigalith|Gigalith, M, shiny|100/100
|-weather|Sandstorm|[from] ability: Sand Stream|[of] p1a: Gigalith
|move|p2a: Cinccino|Rock Blast|p1a: Gigalith
|-damage|p1a: Gigalith|95/100
|-damage|p1a: Gigalith|90/100
|-damage|p1a: Gigalith|85/100
|-damage|p1a: Gigalith|79/100
|-damage|p1a: Gigalith|74/100
|-hitcount|p1a: Gigalith|5
|
|-weather|Sandstorm|[upkeep]
|-damage|p2a: Cinccino|94/100|[from] Sandstorm
|-heal|p1a: Gigalith|80/100|[from] item: Leftovers
|upkeep
|turn|2
|
|t:|1662420359
|move|p2a: Cinccino|Knock Off|p1a: Gigalith
|-damage|p1a: Gigalith|59/100
|-enditem|p1a: Gigalith|Leftovers|[from] move: Knock Off|[of] p2a: Cinccino
|move|p1a: Gigalith|Rock Blast|p2a: Cinccino
|-damage|p2a: Cinccino|74/100
|-damage|p2a: Cinccino|56/100
|-damage|p2a: Cinccino|36/100
|-hitcount|p2a: Cinccino|3
|
|-weather|Sandstorm|[upkeep]
|-damage|p2a: Cinccino|30/100|[from] Sandstorm
|upkeep
|turn|3
|
|t:|1662420365
|switch|p1a: Eldegoss|Eldegoss, F, shiny|100/100
|move|p2a: Cinccino|U-turn|p1a: Eldegoss
|-supereffective|p1a: Eldegoss
|-damage|p1a: Eldegoss|70/100
|-enditem|p1a: Eldegoss|Eject Button
|
|t:|1662420368
|switch|p1a: Ribombee|Ribombee, F, shiny|100/100
|
|-weather|Sandstorm|[upkeep]
|-damage|p1a: Ribombee|94/100|[from] Sandstorm
|-damage|p2a: Cinccino|24/100|[from] Sandstorm
|upkeep
|turn|4
|
|t:|1662420372
|switch|p2a: Weezing|Weezing, F|100/100
|move|p1a: Ribombee|Switcheroo|p2a: Weezing
|-activate|p1a: Ribombee|move: Trick|[of] p2a: Weezing
|-item|p2a: Weezing|Choice Specs|[from] move: Switcheroo
|-item|p1a: Ribombee|Black Sludge|[from] move: Switcheroo
|
|-weather|Sandstorm|[upkeep]
|-damage|p1a: Ribombee|88/100|[from] Sandstorm
|-damage|p2a: Weezing|95/100|[from] Sandstorm
|-damage|p1a: Ribombee|76/100|[from] item: Black Sludge
|upkeep
|turn|5
|
|t:|1662420379
|switch|p1a: Eldegoss|Eldegoss, F, shiny|100/100
|move|p2a: Weezing|Sludge Bomb|p1a: Eldegoss
|-supereffective|p1a: Eldegoss
|-damage|p1a: Eldegoss|21/100
|
|-weather|none
|upkeep
|turn|6
|
|t:|1662420383
|switch|p1a: Gigalith|Gigalith, M, shiny|59/100
|-weather|Sandstorm|[from] ability: Sand Stream|[of] p1a: Gigalith
|move|p2a: Weezing|Sludge Bomb|p1a: Gigalith
|-resisted|p1a: Gigalith
|-damage|p1a: Gigalith|48/100
|
|-weather|Sandstorm|[upkeep]
|-damage|p2a: Weezing|89/100|[from] Sandstorm
|upkeep
|turn|7
|
|t:|1662420387
|switch|p2a: Eldegoss|Eldegoss, M|100/100
|switch|p1a: Eldegoss|Eldegoss, F, shiny|54/100
|
|-weather|Sandstorm|[upkeep]
|-damage|p1a: Eldegoss|48/100|[from] Sandstorm
|-damage|p2a: Eldegoss|94/100|[from] Sandstorm
|upkeep
|turn|8
|
|t:|1662420410
|switch|p1a: Archeops|Archeops, M, shiny|100/100
|move|p2a: Eldegoss|Sleep Powder|p1a: Archeops
|-status|p1a: Archeops|slp|[from] move: Sleep Powder
|
|-weather|Sandstorm|[upkeep]
|-damage|p2a: Eldegoss|88/100|[from] Sandstorm
|upkeep
|turn|9
|inactive|pancreas prolapse has 120 seconds left.
|
|t:|1662420440
|switch|p2a: Cinccino|Cinccino, M|24/100
|cant|p1a: Archeops|slp
|
|-weather|Sandstorm|[upkeep]
|-damage|p2a: Cinccino|18/100|[from] Sandstorm
|upkeep
|turn|10
|inactive|JoJo Reference #10 has 120 seconds left.
|
|t:|1662420476
|switch|p1a: Sandslash|Sandslash, M, shiny|100/100
|move|p2a: Cinccino|Knock Off|p1a: Sandslash
|-damage|p1a: Sandslash|74/100
|-enditem|p1a: Sandslash|Leftovers|[from] move: Knock Off|[of] p2a: Cinccino
|
|-weather|none
|upkeep
|turn|11
|inactive|JoJo Reference #10 has 120 seconds left.
|
|t:|1662420484
|move|p2a: Cinccino|Tail Slap|p1a: Sandslash
|-damage|p1a: Sandslash|64/100
|-damage|p1a: Sandslash|55/100
|-damage|p1a: Sandslash|45/100
|-damage|p1a: Sandslash|36/100
|-damage|p1a: Sandslash|25/100
|-hitcount|p1a: Sandslash|5
|move|p1a: Sandslash|Knock Off|p2a: Cinccino
|-damage|p2a: Cinccino|0 fnt
|-enditem|p2a: Cinccino|Heavy-Duty Boots|[from] move: Knock Off|[of] p1a: Sandslash
|faint|p2a: Cinccino
|
|upkeep
|inactive|JoJo Reference #10 has 120 seconds left.
|
|t:|1662420490
|switch|p2a: Dugtrio|Dugtrio-Alola, M|100/100
|turn|12
|
|t:|1662420493
|switch|p1a: Eldegoss|Eldegoss, F, shiny|81/100
|move|p2a: Dugtrio|Iron Head|p1a: Eldegoss
|-damage|p1a: Eldegoss|37/100
|
|upkeep
|turn|13
|
|t:|1662420499
|move|p2a: Dugtrio|Iron Head|p1a: Eldegoss
|-damage|p1a: Eldegoss|0 fnt
|faint|p1a: Eldegoss
|
|upkeep
|
|t:|1662420508
|switch|p1a: Ribombee|Ribombee, F, shiny|76/100
|turn|14
|
|t:|1662420513
|switch|p2a: Gigalith|Gigalith, M|100/100
|-weather|Sandstorm|[from] ability: Sand Stream|[of] p2a: Gigalith
|move|p1a: Ribombee|Switcheroo|p2a: Gigalith
|-activate|p1a: Ribombee|move: Trick|[of] p2a: Gigalith
|-item|p2a: Gigalith|Black Sludge|[from] move: Switcheroo
|-item|p1a: Ribombee|Leftovers|[from] move: Switcheroo
|
|-weather|Sandstorm|[upkeep]
|-damage|p1a: Ribombee|70/100|[from] Sandstorm
|-heal|p1a: Ribombee|76/100|[from] item: Leftovers
|-damage|p2a: Gigalith|88/100|[from] item: Black Sludge
|upkeep
|turn|15
|
|t:|1662420518
|switch|p1a: Sandslash|Sandslash, M, shiny|25/100
|move|p2a: Gigalith|Stealth Rock|p1a: Sandslash
|-sidestart|p1: pancreas prolapse|move: Stealth Rock
|
|-weather|Sandstorm|[upkeep]
|-damage|p2a: Gigalith|76/100|[from] item: Black Sludge
|upkeep
|turn|16
|
|t:|1662420524
|switch|p2a: Weezing|Weezing, F|89/100
|move|p1a: Sandslash|Rapid Spin|p2a: Weezing
|-damage|p2a: Weezing|79/100
|-boost|p1a: Sandslash|spe|1
|-sideend|p1: pancreas prolapse|Stealth Rock|[from] move: Rapid Spin|[of] p1a: Sandslash
|
|-weather|Sandstorm|[upkeep]
|-damage|p2a: Weezing|73/100|[from] Sandstorm
|upkeep
|turn|17
|
|t:|1662420531
|move|p1a: Sandslash|Spikes|p2a: Weezing
|-sidestart|p2: JoJo Reference #10|Spikes
|move|p2a: Weezing|Sludge Bomb|p1a: Sandslash
|-resisted|p1a: Sandslash
|-damage|p1a: Sandslash|0 fnt
|faint|p1a: Sandslash
|
|-weather|Sandstorm|[upkeep]
|-damage|p2a: Weezing|67/100|[from] Sandstorm
|upkeep
|
|t:|1662420536
|switch|p1a: Articuno|Articuno-Galar, shiny|100/100
|turn|18
|
|t:|1662420541
|switch|p2a: Dugtrio|Dugtrio-Alola, M|100/100
|-damage|p2a: Dugtrio|88/100|[from] Spikes
|move|p1a: Articuno|Psyshock|p2a: Dugtrio
|-resisted|p2a: Dugtrio
|-damage|p2a: Dugtrio|13/100
|
|-weather|none
|upkeep
|turn|19
|
|t:|1662420548
|switch|p1a: Gigalith|Gigalith, M, shiny|48/100
|-weather|Sandstorm|[from] ability: Sand Stream|[of] p1a: Gigalith
|move|p2a: Dugtrio|Stone Edge|p1a: Gigalith
|-damage|p1a: Gigalith|3/100
|
|-weather|Sandstorm|[upkeep]
|upkeep
|turn|20
|
|t:|1662420551
|move|p2a: Dugtrio|Stone Edge|p1a: Gigalith
|-damage|p1a: Gigalith|0 fnt
|faint|p1a: Gigalith
|
|-weather|Sandstorm|[upkeep]
|upkeep
|
|t:|1662420553
|switch|p1a: Ribombee|Ribombee, F, shiny|76/100
|turn|21
|
|t:|1662420556
|switch|p2a: Eldegoss|Eldegoss, M|100/100
|move|p1a: Ribombee|Moonblast|p2a: Eldegoss
|-damage|p2a: Eldegoss|73/100
|-unboost|p2a: Eldegoss|spa|1
|
|-weather|Sandstorm|[upkeep]
|-damage|p1a: Ribombee|70/100|[from] Sandstorm
|-damage|p2a: Eldegoss|67/100|[from] Sandstorm
|-heal|p1a: Ribombee|76/100|[from] item: Leftovers
|upkeep
|turn|22
|
|t:|1662420563
|move|p1a: Ribombee|Quiver Dance|p1a: Ribombee
|-boost|p1a: Ribombee|spa|1
|-boost|p1a: Ribombee|spd|1
|-boost|p1a: Ribombee|spe|1
|move|p2a: Eldegoss|Rapid Spin|p1a: Ribombee
|-damage|p1a: Ribombee|65/100
|-boost|p2a: Eldegoss|spe|1
|-sideend|p2: JoJo Reference #10|Spikes|[from] move: Rapid Spin|[of] p2a: Eldegoss
|
|-weather|Sandstorm|[upkeep]
|-damage|p1a: Ribombee|59/100|[from] Sandstorm
|-damage|p2a: Eldegoss|61/100|[from] Sandstorm
|-heal|p1a: Ribombee|65/100|[from] item: Leftovers
|upkeep
|turn|23
|
|t:|1662420568
|switch|p2a: Weezing|Weezing, F|67/100
|move|p1a: Ribombee|Moonblast|p2a: Weezing
|-resisted|p2a: Weezing
|-damage|p2a: Weezing|30/100
|
|-weather|none
|-heal|p1a: Ribombee|71/100|[from] item: Leftovers
|upkeep
|turn|24
|
|t:|1662420572
|move|p1a: Ribombee|Moonblast|p2a: Weezing
|-resisted|p2a: Weezing
|-damage|p2a: Weezing|0 fnt
|faint|p2a: Weezing
|
|-heal|p1a: Ribombee|77/100|[from] item: Leftovers
|upkeep
|
|t:|1662420573
|switch|p2a: Gigalith|Gigalith, M|76/100
|-weather|Sandstorm|[from] ability: Sand Stream|[of] p2a: Gigalith
|turn|25
|
|t:|1662420583
|switch|p1a: Articuno|Articuno-Galar, shiny|100/100
|move|p2a: Gigalith|Rock Blast|p1a: Articuno
|-supereffective|p1a: Articuno
|-damage|p1a: Articuno|70/100
|-supereffective|p1a: Articuno
|-damage|p1a: Articuno|39/100
|-supereffective|p1a: Articuno
|-damage|p1a: Articuno|11/100
|-supereffective|p1a: Articuno
|-damage|p1a: Articuno|0 fnt
|faint|p1a: Articuno
|-hitcount|p1: Articuno|4
|
|-weather|Sandstorm|[upkeep]
|-damage|p2a: Gigalith|64/100|[from] item: Black Sludge
|upkeep
|c|☆JoJo Reference #10|gg
|
|t:|1662420589
|switch|p1a: Archeops|Archeops, M, shiny|100/100 slp
|turn|26
|
|t:|1662420594
|cant|p1a: Archeops|slp
|move|p2a: Gigalith|Rock Blast|p1a: Archeops
|-supereffective|p1a: Archeops
|-damage|p1a: Archeops|63/100 slp
|-supereffective|p1a: Archeops
|-damage|p1a: Archeops|22/100 slp
|-supereffective|p1a: Archeops
|-damage|p1a: Archeops|0 fnt
|faint|p1a: Archeops
|-hitcount|p1: Archeops|3
|
|-weather|Sandstorm|[upkeep]
|-damage|p2a: Gigalith|51/100|[from] item: Black Sludge
|upkeep
|
|t:|1662420597
|switch|p1a: Ribombee|Ribombee, F, shiny|77/100
|turn|27
|
|t:|1662420604
|move|p1a: Ribombee|Quiver Dance|p1a: Ribombee
|-boost|p1a: Ribombee|spa|1
|-boost|p1a: Ribombee|spd|1
|-boost|p1a: Ribombee|spe|1
|move|p2a: Gigalith|Rock Blast|p1a: Ribombee
|-supereffective|p1a: Ribombee
|-damage|p1a: Ribombee|38/100
|-supereffective|p1a: Ribombee
|-damage|p1a: Ribombee|0 fnt
|faint|p1a: Ribombee
|-hitcount|p1: Ribombee|2
|
|win|JoJo Reference #10
|raw|pancreas prolapse's rating: 1411 &rarr; <strong>1393</strong><br />(-18 for losing)
|raw|JoJo Reference #10's rating: 1443 &rarr; <strong>1461</strong><br />(+18 for winning)
