|j|☆PlusC1028483
|j|☆elwazonbb
|t:|1665496658
|gametype|singles
|player|p1|PlusC1028483|266|1333
|player|p2|elwazonbb|swimmerf|1296
|teamsize|p1|6
|teamsize|p2|6
|gen|8
|tier|[Gen 8] PU
|rated|
|rule|Sleep Clause Mod: Limit one foe put to sleep
|rule|Species Clause: Limit one of each Pokémon
|rule|OHKO Clause: OHKO moves are banned
|rule|Evasion Items Clause: Evasion items are banned
|rule|Evasion Moves Clause: Evasion moves are banned
|rule|Endless Battle Clause: Forcing endless battles is banned
|rule|HP Percentage Mod: HP is shown in percentages
|rule|Dynamax Clause: You cannot dynamax
|clearpoke
|poke|p1|Weezing, M|
|poke|p1|Magneton|
|poke|p1|Silvally-*|
|poke|p1|Gigalith, F|
|poke|p1|Hitmonlee, M|
|poke|p1|Flapple, M|
|poke|p2|Charizard, M|
|poke|p2|Jolteon, M|
|poke|p2|Magmortar, F|
|poke|p2|Sandslash, F|
|poke|p2|Gigalith, F|
|poke|p2|Hitmonlee, M|
|teampreview
|inactive|Battle timer is ON: inactive players will automatically lose when time's up. (requested by elwazonbb)
|
|t:|1665496667
|start
|switch|p1a: Hitmonlee|Hitmonlee, M|100/100
|switch|p2a: ⚡ Chispas|Jolteon, M|100/100
|turn|1
|
|t:|1665496679
|move|p1a: Hitmonlee|High Jump Kick|p2a: ⚡ Chispas
|-damage|p2a: ⚡ Chispas|0 fnt
|faint|p2a: ⚡ Chispas
|
|upkeep
|
|t:|1665496684
|switch|p2a: 👹 Porsisale|Hitmonlee, M|100/100
|turn|2
|
|t:|1665496688
|switch|p1a: Weezing|Weezing, M|100/100
|move|p2a: 👹 Porsisale|Fake Out|p1a: Weezing
|-enditem|p2a: 👹 Porsisale|Normal Gem|[from] gem
|-damage|p1a: Weezing|89/100
|-damage|p2a: 👹 Porsisale|84/100|[from] item: Rocky Helmet|[of] p1a: Weezing
|
|upkeep
|turn|3
|
|t:|1665496698
|switch|p2a: 💣 Explozao|Magmortar, F, shiny|100/100
|move|p1a: Weezing|Will-O-Wisp|p2a: 💣 Explozao
|-immune|p2a: 💣 Explozao
|
|upkeep
|turn|4
|
|t:|1665496705
|switch|p1a: Gigalith|Gigalith, F|100/100
|-weather|Sandstorm|[from] ability: Sand Stream|[of] p1a: Gigalith
|move|p2a: 💣 Explozao|Psychic|p1a: Gigalith
|-damage|p1a: Gigalith|85/100
|
|-weather|Sandstorm|[upkeep]
|-damage|p2a: 💣 Explozao|94/100|[from] Sandstorm
|-heal|p1a: Gigalith|91/100|[from] item: Leftovers
|upkeep
|turn|5
|
|t:|1665496727
|switch|p2a: 🪚 Serrucho|Sandslash, F, shiny|100/100
|move|p1a: Gigalith|Stealth Rock|p2a: 🪚 Serrucho
|-sidestart|p2: elwazonbb|move: Stealth Rock
|
|-weather|Sandstorm|[upkeep]
|-heal|p1a: Gigalith|97/100|[from] item: Leftovers
|upkeep
|turn|6
|
|t:|1665496736
|switch|p1a: Weezing|Weezing, M|89/100
|move|p2a: 🪚 Serrucho|Swords Dance|p2a: 🪚 Serrucho
|-boost|p2a: 🪚 Serrucho|atk|2
|
|-weather|Sandstorm|[upkeep]
|-damage|p1a: Weezing|83/100|[from] Sandstorm
|upkeep
|turn|7
|
|t:|1665496750
|move|p2a: 🪚 Serrucho|Swords Dance|p2a: 🪚 Serrucho
|-boost|p2a: 🪚 Serrucho|atk|2
|move|p1a: Weezing|Will-O-Wisp|p2a: 🪚 Serrucho
|-status|p2a: 🪚 Serrucho|brn
|
|-weather|Sandstorm|[upkeep]
|-damage|p1a: Weezing|77/100|[from] Sandstorm
|-damage|p2a: 🪚 Serrucho|94/100 brn|[from] brn
|upkeep
|turn|8
|
|t:|1665496761
|move|p2a: 🪚 Serrucho|Swords Dance|p2a: 🪚 Serrucho
|-boost|p2a: 🪚 Serrucho|atk|2
|move|p1a: Weezing|Sludge Bomb|p2a: 🪚 Serrucho
|-resisted|p2a: 🪚 Serrucho
|-damage|p2a: 🪚 Serrucho|69/100 brn
|
|-weather|none
|-heal|p2a: 🪚 Serrucho|75/100 brn|[from] item: Leftovers
|-damage|p2a: 🪚 Serrucho|69/100 brn|[from] brn
|upkeep
|turn|9
|
|t:|1665496771
|move|p2a: 🪚 Serrucho|Knock Off|p1a: Weezing
|-damage|p1a: Weezing|38/100
|-damage|p2a: 🪚 Serrucho|52/100 brn|[from] item: Rocky Helmet|[of] p1a: Weezing
|-enditem|p1a: Weezing|Rocky Helmet|[from] move: Knock Off|[of] p2a: 🪚 Serrucho
|move|p1a: Weezing|Sludge Bomb|p2a: 🪚 Serrucho
|-resisted|p2a: 🪚 Serrucho
|-damage|p2a: 🪚 Serrucho|29/100 brn
|
|-heal|p2a: 🪚 Serrucho|35/100 brn|[from] item: Leftovers
|-damage|p2a: 🪚 Serrucho|29/100 brn|[from] brn
|upkeep
|turn|10
|-message|elwazonbb forfeited.
|
|win|PlusC1028483
|raw|PlusC1028483's rating: 1333 &rarr; <strong>1349</strong><br />(+16 for winning)
|raw|elwazonbb's rating: 1269 &rarr; <strong>1249</strong><br />(-20 for losing)
|l|☆elwazonbb
