|j|☆pult4c1 shane
|j|☆PULT4C1 Haffling
|t:|1660580755
|gametype|singles
|player|p1|pult4c1 shane|veteran|1416
|player|p2|PULT4C1 Haffling|cyrus|1387
|teamsize|p1|6
|teamsize|p2|6
|gen|8
|tier|[Gen 8] PU
|rated|
|rule|Sleep Clause Mod: Limit one foe put to sleep
|rule|Species Clause: Limit one of each Pokémon
|rule|OHKO Clause: OHKO moves are banned
|rule|Evasion Items Clause: Evasion items are banned
|rule|Evasion Moves Clause: Evasion moves are banned
|rule|Endless Battle Clause: Forcing endless battles is banned
|rule|HP Percentage Mod: HP is shown in percentages
|rule|Dynamax Clause: You cannot dynamax
|clearpoke
|poke|p1|Sawk, M|
|poke|p1|Mesprit|
|poke|p1|Doublade, M|
|poke|p1|Rhydon, M|
|poke|p1|Whimsicott, M|
|poke|p1|Magmortar, F|
|poke|p2|Arctovish|
|poke|p2|Gigalith, M|
|poke|p2|Mesprit|
|poke|p2|Eldegoss, M|
|poke|p2|Scrafty, F|
|poke|p2|Weezing, F|
|teampreview
|inactive|Battle timer is ON: inactive players will automatically lose when time's up. (requested by pult4c1 shane)
|j|+avarice
|c|☆pult4c1 shane|yo!
|c|☆PULT4C1 Haffling|hi
|j| pult4c1 somalia
|inactive|pult4c1 shane has 120 seconds left.
|
|t:|1660580792
|start
|switch|p1a: Magmortar|Magmortar, F|100/100
|switch|p2a: Arctovish|Arctovish|100/100
|turn|1
|
|t:|1660580796
|move|p1a: Magmortar|Focus Blast|p2a: Arctovish
|-supereffective|p2a: Arctovish
|-damage|p2a: Arctovish|3/100
|move|p2a: Arctovish|Fishious Rend|p1a: Magmortar
|-supereffective|p1a: Magmortar
|-damage|p1a: Magmortar|0 fnt
|faint|p1a: Magmortar
|
|upkeep
|c|☆PULT4C1 Haffling|F A T
|c|☆pult4c1 shane|tis a roll super in my favour
|c|☆pult4c1 shane|alas
|inactive|pult4c1 shane has 120 seconds left.
|
|t:|1660580828
|switch|p1a: Sawk|Sawk, M|100/100
|turn|2
|
|t:|1660580830
|move|p1a: Sawk|Knock Off|p2a: Arctovish
|-damage|p2a: Arctovish|0 fnt
|-enditem|p2a: Arctovish|Choice Band|[from] move: Knock Off|[of] p1a: Sawk
|faint|p2a: Arctovish
|
|upkeep
|
|t:|1660580835
|switch|p2a: Mesprit|Mesprit|100/100
|turn|3
|
|t:|1660580838
|move|p2a: Mesprit|Psychic|p1a: Sawk
|-supereffective|p1a: Sawk
|-ability|p1a: Sawk|Sturdy
|-damage|p1a: Sawk|1/100
|move|p1a: Sawk|Knock Off|p2a: Mesprit
|-supereffective|p2a: Mesprit
|-enditem|p2a: Mesprit|Colbur Berry|[eat]
|-enditem|p2a: Mesprit|Colbur Berry|[weaken]
|-damage|p2a: Mesprit|59/100
|
|upkeep
|turn|4
|
|t:|1660580867
|switch|p1a: Whimsicott|Whimsicott, M|100/100
|move|p2a: Mesprit|U-turn|p1a: Whimsicott
|-damage|p1a: Whimsicott|78/100
|c|☆PULT4C1 Haffling|how am i faster?
|
|t:|1660580874
|switch|p2a: Weezing|Weezing, F|100/100|[from]move: U-turn
|-ability|p2a: Weezing|Neutralizing Gas
|
|upkeep
|turn|5
|
|t:|1660580885
|switch|p1a: Mesprit|Mesprit|100/100
|move|p2a: Weezing|Sludge Bomb|p1a: Mesprit
|-damage|p1a: Mesprit|69/100
|-status|p1a: Mesprit|psn
|
|-damage|p1a: Mesprit|56/100 psn|[from] psn
|upkeep
|turn|6
|
|t:|1660580894
|switch|p1a: Rhydon|Rhydon, M|100/100
|-end|p2a: Weezing|ability: Neutralizing Gas
|switch|p2a: Gigalith|Gigalith, M|100/100
|-weather|Sandstorm|[from] ability: Sand Stream|[of] p2a: Gigalith
|
|-weather|Sandstorm|[upkeep]
|upkeep
|turn|7
|
|t:|1660580902
|switch|p2a: Eldegoss|Eldegoss, M|100/100
|move|p1a: Rhydon|Stealth Rock|p2a: Eldegoss
|-sidestart|p2: PULT4C1 Haffling|move: Stealth Rock
|
|-weather|Sandstorm|[upkeep]
|-damage|p2a: Eldegoss|94/100|[from] Sandstorm
|upkeep
|turn|8
|
|t:|1660580906
|move|p1a: Rhydon|Heat Crash|p2a: Eldegoss
|-supereffective|p2a: Eldegoss
|-damage|p2a: Eldegoss|15/100
|move|p2a: Eldegoss|Leech Seed|p1a: Rhydon
|-start|p1a: Rhydon|move: Leech Seed
|
|-weather|Sandstorm|[upkeep]
|-damage|p2a: Eldegoss|9/100|[from] Sandstorm
|-damage|p1a: Rhydon|88/100|[from] Leech Seed|[of] p2a: Eldegoss
|-heal|p2a: Eldegoss|22/100|[silent]
|upkeep
|turn|9
|
|t:|1660580915
|switch|p2a: Scrafty|Scrafty, F|100/100
|-damage|p2a: Scrafty|95/100|[from] Stealth Rock
|move|p1a: Rhydon|Stone Edge|p2a: Scrafty
|-resisted|p2a: Scrafty
|-damage|p2a: Scrafty|68/100
|
|-weather|Sandstorm|[upkeep]
|-damage|p2a: Scrafty|62/100|[from] Sandstorm
|-heal|p2a: Scrafty|68/100|[from] item: Leftovers
|-damage|p1a: Rhydon|75/100|[from] Leech Seed|[of] p2a: Scrafty
|-heal|p2a: Scrafty|81/100|[silent]
|upkeep
|turn|10
|
|t:|1660580928
|switch|p1a: Whimsicott|Whimsicott, M|78/100
|move|p2a: Scrafty|Knock Off|p1a: Whimsicott
|-resisted|p1a: Whimsicott
|-damage|p1a: Whimsicott|53/100
|-enditem|p1a: Whimsicott|Heavy-Duty Boots|[from] move: Knock Off|[of] p2a: Scrafty
|
|-weather|none
|-heal|p2a: Scrafty|87/100|[from] item: Leftovers
|upkeep
|turn|11
|
|t:|1660580936
|switch|p1a: Mesprit|Mesprit|56/100 psn
|switch|p2a: Eldegoss|Eldegoss, M|55/100
|
|-damage|p1a: Mesprit|44/100 psn|[from] psn
|upkeep
|turn|12
|
|t:|1660580941
|move|p1a: Mesprit|Psychic|p2a: Eldegoss
|-damage|p2a: Eldegoss|16/100
|-unboost|p2a: Eldegoss|spd|1
|move|p2a: Eldegoss|Rapid Spin|p1a: Mesprit
|-damage|p1a: Mesprit|38/100 psn
|-boost|p2a: Eldegoss|spe|1
|-sideend|p2: PULT4C1 Haffling|Stealth Rock|[from] move: Rapid Spin|[of] p2a: Eldegoss
|
|-damage|p1a: Mesprit|25/100 psn|[from] psn
|upkeep
|turn|13
|
|t:|1660580947
|switch|p1a: Rhydon|Rhydon, M|75/100
|switch|p2a: Gigalith|Gigalith, M|100/100
|-weather|Sandstorm|[from] ability: Sand Stream|[of] p2a: Gigalith
|
|-weather|Sandstorm|[upkeep]
|upkeep
|turn|14
|
|t:|1660580951
|move|p1a: Rhydon|Stealth Rock|p2a: Gigalith
|-sidestart|p2: PULT4C1 Haffling|move: Stealth Rock
|move|p2a: Gigalith|Stealth Rock|p1a: Rhydon
|-sidestart|p1: pult4c1 shane|move: Stealth Rock
|
|-weather|Sandstorm|[upkeep]
|upkeep
|turn|15
|
|t:|1660580958
|move|p2a: Gigalith|Protect|p2a: Gigalith
|-singleturn|p2a: Gigalith|Protect
|move|p1a: Rhydon|Stone Edge|p2a: Gigalith
|-activate|p2a: Gigalith|move: Protect
|
|-weather|Sandstorm|[upkeep]
|upkeep
|turn|16
|
|t:|1660580963
|switch|p2a: Scrafty|Scrafty, F|87/100
|-damage|p2a: Scrafty|81/100|[from] Stealth Rock
|move|p1a: Rhydon|Stone Edge|p2a: Scrafty
|-resisted|p2a: Scrafty
|-damage|p2a: Scrafty|55/100
|
|-weather|Sandstorm|[upkeep]
|-damage|p2a: Scrafty|49/100|[from] Sandstorm
|-heal|p2a: Scrafty|55/100|[from] item: Leftovers
|upkeep
|turn|17
|
|t:|1660580968
|move|p1a: Rhydon|Earthquake|p2a: Scrafty
|-damage|p2a: Scrafty|6/100
|move|p2a: Scrafty|Rest|p2a: Scrafty
|-status|p2a: Scrafty|slp|[from] move: Rest
|-heal|p2a: Scrafty|100/100 slp|[silent]
|
|-weather|none
|-activate|p2a: Scrafty|ability: Shed Skin
|-curestatus|p2a: Scrafty|slp|[msg]
|upkeep
|turn|18
|j| Gl4ss
|
|t:|1660580993
|move|p1a: Rhydon|Earthquake|p2a: Scrafty
|-damage|p2a: Scrafty|45/100
|move|p2a: Scrafty|Knock Off|p1a: Rhydon
|-damage|p1a: Rhydon|59/100
|-enditem|p1a: Rhydon|Eviolite|[from] move: Knock Off|[of] p2a: Scrafty
|
|-heal|p2a: Scrafty|51/100|[from] item: Leftovers
|upkeep
|turn|19
|
|t:|1660581005
|switch|p2a: Mesprit|Mesprit|59/100
|-damage|p2a: Mesprit|46/100|[from] Stealth Rock
|move|p1a: Rhydon|Earthquake|p2a: Mesprit
|-immune|p2a: Mesprit|[from] ability: Levitate
|
|upkeep
|turn|20
|
|t:|1660581017
|switch|p1a: Whimsicott|Whimsicott, M|53/100
|-damage|p1a: Whimsicott|40/100|[from] Stealth Rock
|move|p2a: Mesprit|Psychic|p1a: Whimsicott
|-damage|p1a: Whimsicott|0 fnt
|faint|p1a: Whimsicott
|
|upkeep
|
|t:|1660581018
|switch|p1a: Doublade|Doublade, M|100/100
|-damage|p1a: Doublade|94/100|[from] Stealth Rock
|turn|21
|
|t:|1660581024
|switch|p2a: Weezing|Weezing, F|100/100
|-ability|p2a: Weezing|Neutralizing Gas
|-damage|p2a: Weezing|88/100|[from] Stealth Rock
|move|p1a: Doublade|Swords Dance|p1a: Doublade
|-boost|p1a: Doublade|atk|2
|
|-heal|p2a: Weezing|94/100|[from] item: Black Sludge
|upkeep
|turn|22
|
|t:|1660581029
|move|p2a: Weezing|Flamethrower|p1a: Doublade
|-supereffective|p1a: Doublade
|-damage|p1a: Doublade|53/100
|move|p1a: Doublade|Shadow Claw|p2a: Weezing
|-damage|p2a: Weezing|41/100
|
|-heal|p2a: Weezing|47/100|[from] item: Black Sludge
|upkeep
|turn|23
|
|t:|1660581036
|move|p2a: Weezing|Flamethrower|p1a: Doublade
|-supereffective|p1a: Doublade
|-damage|p1a: Doublade|8/100
|move|p1a: Doublade|Shadow Claw|p2a: Weezing
|-damage|p2a: Weezing|0 fnt
|faint|p2a: Weezing
|-end|p2a: Weezing|ability: Neutralizing Gas
|
|upkeep
|
|t:|1660581040
|switch|p2a: Scrafty|Scrafty, F|51/100
|-damage|p2a: Scrafty|45/100|[from] Stealth Rock
|turn|24
|
|t:|1660581045
|switch|p1a: Rhydon|Rhydon, M|59/100
|-damage|p1a: Rhydon|53/100|[from] Stealth Rock
|move|p2a: Scrafty|Knock Off|p1a: Rhydon
|-damage|p1a: Rhydon|37/100
|
|-heal|p2a: Scrafty|51/100|[from] item: Leftovers
|upkeep
|turn|25
|
|t:|1660581056
|move|p1a: Rhydon|Earthquake|p2a: Scrafty
|-damage|p2a: Scrafty|0 fnt
|faint|p2a: Scrafty
|
|upkeep
|
|t:|1660581058
|switch|p2a: Mesprit|Mesprit|46/100
|-damage|p2a: Mesprit|34/100|[from] Stealth Rock
|turn|26
|
|t:|1660581064
|move|p2a: Mesprit|Psychic|p1a: Rhydon
|-damage|p1a: Rhydon|0 fnt
|faint|p1a: Rhydon
|
|upkeep
|
|t:|1660581066
|switch|p1a: Mesprit|Mesprit|25/100 psn
|-damage|p1a: Mesprit|13/100 psn|[from] Stealth Rock
|turn|27
|
|t:|1660581074
|switch|p2a: Gigalith|Gigalith, M|100/100
|-damage|p2a: Gigalith|88/100|[from] Stealth Rock
|-weather|Sandstorm|[from] ability: Sand Stream|[of] p2a: Gigalith
|move|p1a: Mesprit|Healing Wish|p1a: Mesprit
|faint|p1a: Mesprit
|
|-weather|Sandstorm|[upkeep]
|-heal|p2a: Gigalith|94/100|[from] item: Leftovers
|upkeep
|
|t:|1660581076
|switch|p1a: Doublade|Doublade, M|8/100
|-heal|p1a: Doublade|100/100|[from] move: Healing Wish
|-damage|p1a: Doublade|94/100|[from] Stealth Rock
|turn|28
|
|t:|1660581081
|move|p1a: Doublade|Swords Dance|p1a: Doublade
|-boost|p1a: Doublade|atk|2
|move|p2a: Gigalith|Earthquake|p1a: Doublade
|-supereffective|p1a: Doublade
|-damage|p1a: Doublade|62/100
|
|-weather|Sandstorm|[upkeep]
|-heal|p2a: Gigalith|100/100|[from] item: Leftovers
|upkeep
|turn|29
|inactive|pult4c1 shane has 120 seconds left.
|
|t:|1660581121
|move|p1a: Doublade|Swords Dance|p1a: Doublade
|-boost|p1a: Doublade|atk|2
|move|p2a: Gigalith|Earthquake|p1a: Doublade
|-supereffective|p1a: Doublade
|-damage|p1a: Doublade|32/100
|
|-weather|Sandstorm|[upkeep]
|upkeep
|turn|30
|
|t:|1660581133
|move|p1a: Doublade|Close Combat|p2a: Gigalith
|-supereffective|p2a: Gigalith
|-damage|p2a: Gigalith|0 fnt
|-unboost|p1a: Doublade|def|1
|-unboost|p1a: Doublade|spd|1
|faint|p2a: Gigalith
|
|-weather|Sandstorm|[upkeep]
|upkeep
|
|t:|1660581135
|switch|p2a: Mesprit|Mesprit|34/100
|-damage|p2a: Mesprit|22/100|[from] Stealth Rock
|turn|31
|
|t:|1660581138
|move|p1a: Doublade|Shadow Sneak|p2a: Mesprit
|-supereffective|p2a: Mesprit
|-damage|p2a: Mesprit|0 fnt
|faint|p2a: Mesprit
|
|-weather|none
|upkeep
|
|t:|1660581141
|switch|p2a: Eldegoss|Eldegoss, M|50/100
|turn|32
|c|☆PULT4C1 Haffling|gg
|
|t:|1660581146
|move|p1a: Doublade|Shadow Sneak|p2a: Eldegoss
|-damage|p2a: Eldegoss|0 fnt
|faint|p2a: Eldegoss
|
|win|pult4c1 shane
|raw|pult4c1 shane's rating: 1416 &rarr; <strong>1434</strong><br />(+18 for winning)
|raw|PULT4C1 Haffling's rating: 1387 &rarr; <strong>1369</strong><br />(-18 for losing)
|c|☆pult4c1 shane|gg
|l|☆PULT4C1 Haffling
|l|☆pult4c1 shane
|l|+avarice
||Ladder isn't responding, score probably updated but might not have (Request timeout).
|j|☆pult4c1 shane
|player|p1|pult4c1 shane|veteran
|j| poepepel
