|raw|<div class="broadcast-blue"><strong>This battle is required to be public due to a player having a name starting with 'pult4t2'.</div>
|j|☆honda42
|j|☆PULT4T2 eifo
|t:|1661373272
|gametype|singles
|player|p1|honda42|265|1443
|player|p2|PULT4T2 eifo|102|1611
|teamsize|p1|6
|teamsize|p2|6
|gen|8
|tier|[Gen 8] PU
|rated|
|rule|Sleep Clause Mod: Limit one foe put to sleep
|rule|Species Clause: Limit one of each Pokémon
|rule|OHKO Clause: OHKO moves are banned
|rule|Evasion Items Clause: Evasion items are banned
|rule|Evasion Moves Clause: Evasion moves are banned
|rule|Endless Battle Clause: Forcing endless battles is banned
|rule|HP Percentage Mod: HP is shown in percentages
|rule|Dynamax Clause: You cannot dynamax
|clearpoke
|poke|p1|Corsola-Galar, F|
|poke|p1|Weezing, M|
|poke|p1|Sawk, M|
|poke|p1|Mesprit|
|poke|p1|Articuno-Galar|
|poke|p1|Sneasel, F|
|poke|p2|Audino, M|
|poke|p2|Charizard, F|
|poke|p2|Gigalith, M|
|poke|p2|Doublade, M|
|poke|p2|Lurantis, F|
|poke|p2|Weezing, M|
|teampreview
|inactive|Battle timer is ON: inactive players will automatically lose when time's up. (requested by honda42)
|inactive|PULT4T2 eifo has 120 seconds left.
|j| pult4t2 le s
|inactive|PULT4T2 eifo has 90 seconds left.
|j| HiImXoshiXoshi
|
|t:|1661373366
|start
|switch|p1a: Corsola|Corsola-Galar, F|100/100
|switch|p2a: Lurantis|Lurantis, F|100/100
|turn|1
|
|t:|1661373371
|move|p2a: Lurantis|Knock Off|p1a: Corsola
|-supereffective|p1a: Corsola
|-damage|p1a: Corsola|65/100
|-enditem|p1a: Corsola|Eviolite|[from] move: Knock Off|[of] p2a: Lurantis
|move|p1a: Corsola|Stealth Rock|p2a: Lurantis
|-sidestart|p2: PULT4T2 eifo|move: Stealth Rock
|
|upkeep
|turn|2
|
|t:|1661373381
|move|p2a: Lurantis|Leaf Storm|p1a: Corsola
|-damage|p1a: Corsola|38/100
|-boost|p2a: Lurantis|spa|2
|move|p1a: Corsola|Night Shade|p2a: Lurantis
|-damage|p2a: Lurantis|71/100
|
|upkeep
|turn|3
|
|t:|1661373384
|move|p2a: Lurantis|Leaf Storm|p1a: Corsola
|-damage|p1a: Corsola|0 fnt
|-boost|p2a: Lurantis|spa|2
|faint|p1a: Corsola
|
|upkeep
|
|t:|1661373386
|switch|p1a: Articuno|Articuno-Galar|100/100
|turn|4
|
|t:|1661373390
|switch|p2a: Gigalith|Gigalith, M|100/100
|-damage|p2a: Gigalith|88/100|[from] Stealth Rock
|-weather|Sandstorm|[from] ability: Sand Stream|[of] p2a: Gigalith
|move|p1a: Articuno|Psyshock|p2a: Gigalith
|-damage|p2a: Gigalith|38/100
|
|-weather|Sandstorm|[upkeep]
|-damage|p1a: Articuno|94/100|[from] Sandstorm
|-heal|p2a: Gigalith|44/100|[from] item: Leftovers
|upkeep
|turn|5
|
|t:|1661373393
|switch|p2a: Doublade|Doublade, M|100/100
|-damage|p2a: Doublade|94/100|[from] Stealth Rock
|move|p1a: Articuno|Psyshock|p2a: Doublade
|-resisted|p2a: Doublade
|-damage|p2a: Doublade|79/100
|
|-weather|Sandstorm|[upkeep]
|-damage|p1a: Articuno|88/100|[from] Sandstorm
|upkeep
|turn|6
|l| HiImXoshiXoshi
|
|t:|1661373405
|switch|p1a: Weezing|Weezing, M|100/100
|switch|p2a: Gigalith|Gigalith, M|44/100
|-damage|p2a: Gigalith|32/100|[from] Stealth Rock
|
|-weather|Sandstorm|[upkeep]
|-damage|p1a: Weezing|95/100|[from] Sandstorm
|-heal|p2a: Gigalith|38/100|[from] item: Leftovers
|upkeep
|turn|7
|
|t:|1661373408
|switch|p1a: Articuno|Articuno-Galar|88/100
|move|p2a: Gigalith|Stealth Rock|p1a: Articuno
|-sidestart|p1: honda42|move: Stealth Rock
|
|-weather|Sandstorm|[upkeep]
|-damage|p1a: Articuno|82/100|[from] Sandstorm
|-heal|p2a: Gigalith|44/100|[from] item: Leftovers
|upkeep
|turn|8
|
|t:|1661373413
|switch|p2a: Audino|Audino, M|100/100
|move|p1a: Articuno|Psyshock|p2a: Audino
|-damage|p2a: Audino|42/100
|
|-weather|none
|upkeep
|turn|9
|
|t:|1661373416
|move|p2a: Audino|Protect|p2a: Audino
|-singleturn|p2a: Audino|Protect
|move|p1a: Articuno|Psyshock|p2a: Audino
|-activate|p2a: Audino|move: Protect
|
|upkeep
|turn|10
|
|t:|1661373419
|switch|p2a: Doublade|Doublade, M|79/100
|-damage|p2a: Doublade|72/100|[from] Stealth Rock
|move|p1a: Articuno|Psyshock|p2a: Doublade
|-resisted|p2a: Doublade
|-damage|p2a: Doublade|54/100
|
|upkeep
|turn|11
|
|t:|1661373423
|switch|p1a: Weezing|Weezing, M|95/100
|-damage|p1a: Weezing|82/100|[from] Stealth Rock
|move|p2a: Doublade|Rock Slide|p1a: Weezing
|-damage|p1a: Weezing|66/100
|
|upkeep
|turn|12
|
|t:|1661373430
|switch|p2a: Audino|Audino, M|75/100
|move|p1a: Weezing|Toxic Spikes|p2a: Audino
|-sidestart|p2: PULT4T2 eifo|move: Toxic Spikes
|
|upkeep
|turn|13
|
|t:|1661373440
|switch|p1a: Sawk|Sawk, M|100/100
|move|p2a: Audino|Wish|p2a: Audino
|
|upkeep
|turn|14
|
|t:|1661373449
|switch|p2a: Weezing|Weezing, M|100/100
|-damage|p2a: Weezing|88/100|[from] Stealth Rock
|move|p1a: Sawk|Knock Off|p2a: Weezing
|-damage|p2a: Weezing|64/100
|-damage|p1a: Sawk|84/100|[from] item: Rocky Helmet|[of] p2a: Weezing
|-enditem|p2a: Weezing|Rocky Helmet|[from] move: Knock Off|[of] p1a: Sawk
|
|-heal|p2a: Weezing|100/100|[from] move: Wish|[wisher] Audino
|upkeep
|turn|15
|
|t:|1661373459
|switch|p1a: Articuno|Articuno-Galar|82/100
|-damage|p1a: Articuno|57/100|[from] Stealth Rock
|move|p2a: Weezing|Sludge Bomb|p1a: Articuno
|-damage|p1a: Articuno|27/100
|-status|p1a: Articuno|psn
|
|-damage|p1a: Articuno|15/100 psn|[from] psn
|upkeep
|turn|16
|
|t:|1661373462
|switch|p2a: Audino|Audino, M|100/100
|move|p1a: Articuno|Freezing Glare|p2a: Audino
|-damage|p2a: Audino|55/100
|
|-damage|p1a: Articuno|2/100 psn|[from] psn
|upkeep
|turn|17
|
|t:|1661373470
|switch|p1a: Sawk|Sawk, M|84/100
|move|p2a: Audino|Wish|p2a: Audino
|
|upkeep
|turn|18
|
|t:|1661373473
|switch|p2a: Weezing|Weezing, M|100/100
|-damage|p2a: Weezing|88/100|[from] Stealth Rock
|move|p1a: Sawk|Knock Off|p2a: Weezing
|-damage|p2a: Weezing|73/100
|
|-heal|p2a: Weezing|100/100|[from] move: Wish|[wisher] Audino
|upkeep
|turn|19
|
|t:|1661373481
|switch|p1a: Mesprit|Mesprit|100/100
|-damage|p1a: Mesprit|88/100|[from] Stealth Rock
|move|p2a: Weezing|Will-O-Wisp|p1a: Mesprit|[miss]
|-miss|p2a: Weezing|p1a: Mesprit
|
|upkeep
|turn|20
|
|t:|1661373494
|switch|p2a: Charizard|Charizard, F|100/100
|move|p1a: Mesprit|Knock Off|p2a: Charizard
|-damage|p2a: Charizard|73/100
|-enditem|p2a: Charizard|Heavy-Duty Boots|[from] move: Knock Off|[of] p1a: Mesprit
|
|upkeep
|turn|21
|
|t:|1661373503
|switch|p1a: Sawk|Sawk, M|84/100
|move|p2a: Charizard|Flamethrower|p1a: Sawk
|-damage|p1a: Sawk|36/100
|
|upkeep
|turn|22
|
|t:|1661373506
|move|p2a: Charizard|Flamethrower|p1a: Sawk
|-damage|p1a: Sawk|0 fnt
|faint|p1a: Sawk
|
|upkeep
|
|t:|1661373522
|switch|p1a: Mesprit|Mesprit|88/100
|-damage|p1a: Mesprit|76/100|[from] Stealth Rock
|turn|23
|
|t:|1661373525
|move|p1a: Mesprit|Psychic|p2a: Charizard
|-damage|p2a: Charizard|29/100
|move|p2a: Charizard|Flamethrower|p1a: Mesprit
|-damage|p1a: Mesprit|25/100
|
|upkeep
|turn|24
|
|t:|1661373534
|switch|p2a: Audino|Audino, M|88/100
|move|p1a: Mesprit|Psychic|p2a: Audino
|-damage|p2a: Audino|61/100
|-unboost|p2a: Audino|spd|1
|
|upkeep
|turn|25
|
|t:|1661373544
|switch|p1a: Weezing|Weezing, M|66/100
|-damage|p1a: Weezing|54/100|[from] Stealth Rock
|move|p2a: Audino|Wish|p2a: Audino
|
|upkeep
|turn|26
|
|t:|1661373552
|switch|p2a: Gigalith|Gigalith, M|44/100
|-damage|p2a: Gigalith|32/100|[from] Stealth Rock
|-status|p2a: Gigalith|psn
|-weather|Sandstorm|[from] ability: Sand Stream|[of] p2a: Gigalith
|move|p1a: Weezing|Will-O-Wisp||[still]
|-fail|p1a: Weezing
|
|-weather|Sandstorm|[upkeep]
|-damage|p1a: Weezing|48/100|[from] Sandstorm
|-heal|p2a: Gigalith|86/100 psn|[from] move: Wish|[wisher] Audino
|-heal|p2a: Gigalith|92/100 psn|[from] item: Leftovers
|-damage|p2a: Gigalith|80/100 psn|[from] psn
|upkeep
|turn|27
|inactive|PULT4T2 eifo has 120 seconds left.
|
|t:|1661373586
|switch|p2a: Weezing|Weezing, M|100/100
|-damage|p2a: Weezing|88/100|[from] Stealth Rock
|move|p1a: Weezing|Toxic Spikes|p2a: Weezing
|-sidestart|p2: PULT4T2 eifo|move: Toxic Spikes
|
|-weather|Sandstorm|[upkeep]
|-damage|p2a: Weezing|82/100|[from] Sandstorm
|-damage|p1a: Weezing|42/100|[from] Sandstorm
|upkeep
|turn|28
|
|t:|1661373589
|move|p2a: Weezing|Will-O-Wisp|p1a: Weezing
|-status|p1a: Weezing|brn
|move|p1a: Weezing|Sludge Bomb|p2a: Weezing
|-resisted|p2a: Weezing
|-damage|p2a: Weezing|64/100
|
|-weather|Sandstorm|[upkeep]
|-damage|p2a: Weezing|58/100|[from] Sandstorm
|-damage|p1a: Weezing|36/100 brn|[from] Sandstorm
|-damage|p1a: Weezing|30/100 brn|[from] brn
|upkeep
|turn|29
|
|t:|1661373597
|switch|p2a: Audino|Audino, M|94/100
|move|p1a: Weezing|Flamethrower|p2a: Audino
|-damage|p2a: Audino|82/100
|-status|p2a: Audino|brn
|
|-weather|Sandstorm|[upkeep]
|-damage|p1a: Weezing|24/100 brn|[from] Sandstorm
|-damage|p2a: Audino|76/100 brn|[from] Sandstorm
|-damage|p1a: Weezing|18/100 brn|[from] brn
|-damage|p2a: Audino|70/100 brn|[from] brn
|upkeep
|turn|30
|
|t:|1661373603
|move|p1a: Weezing|Flamethrower|p2a: Audino
|-damage|p2a: Audino|58/100 brn
|move|p2a: Audino|Wish|p2a: Audino
|
|-weather|none
|-damage|p1a: Weezing|12/100 brn|[from] brn
|-damage|p2a: Audino|52/100 brn|[from] brn
|upkeep
|turn|31
|
|t:|1661373631
|switch|p2a: Weezing|Weezing, M|58/100
|-damage|p2a: Weezing|46/100|[from] Stealth Rock
|move|p1a: Weezing|Flamethrower|p2a: Weezing
|-damage|p2a: Weezing|23/100
|
|-heal|p2a: Weezing|84/100|[from] move: Wish|[wisher] Audino
|-damage|p1a: Weezing|6/100 brn|[from] brn
|upkeep
|turn|32
|inactive|PULT4T2 eifo has 120 seconds left.
|inactive|PULT4T2 eifo has 90 seconds left.
|
|t:|1661373677
|switch|p2a: Charizard|Charizard, F|29/100
|-damage|p2a: Charizard|0 fnt|[from] Stealth Rock
|faint|p2a: Charizard
|move|p1a: Weezing|Flamethrower|p2: Charizard|[notarget]
|-fail|p1a: Weezing
|
|-damage|p1a: Weezing|0 fnt|[from] brn
|faint|p1a: Weezing
|upkeep
|
|t:|1661373681
|switch|p2a: Doublade|Doublade, M|54/100
|switch|p1a: Articuno|Articuno-Galar|2/100 psn
|-damage|p1a: Articuno|0 fnt|[from] Stealth Rock
|faint|p1a: Articuno
|-damage|p2a: Doublade|48/100|[from] Stealth Rock
|
|t:|1661373684
|switch|p1a: Sneasel|Sneasel, F|100/100
|-damage|p1a: Sneasel|76/100|[from] Stealth Rock
|turn|33
|
|t:|1661373708
|move|p1a: Sneasel|Knock Off|p2a: Doublade
|-supereffective|p2a: Doublade
|-damage|p2a: Doublade|0 fnt
|-enditem|p2a: Doublade|Eviolite|[from] move: Knock Off|[of] p1a: Sneasel
|faint|p2a: Doublade
|-damage|p1a: Sneasel|66/100|[from] item: Life Orb
|
|upkeep
|
|t:|1661373711
|switch|p2a: Weezing|Weezing, M|84/100
|-damage|p2a: Weezing|72/100|[from] Stealth Rock
|turn|34
|
|t:|1661373714
|move|p1a: Sneasel|Triple Axel|p2a: Weezing
|-damage|p2a: Weezing|64/100
|-damage|p2a: Weezing|48/100
|-crit|p2a: Weezing
|-damage|p2a: Weezing|12/100
|-hitcount|p2a: Weezing|3
|-damage|p1a: Sneasel|56/100|[from] item: Life Orb
|move|p2a: Weezing|Sludge Bomb|p1a: Sneasel
|-damage|p1a: Sneasel|12/100
|
|upkeep
|turn|35
|
|t:|1661373727
|switch|p2a: Gigalith|Gigalith, M|80/100 psn
|-damage|p2a: Gigalith|68/100 psn|[from] Stealth Rock
|-weather|Sandstorm|[from] ability: Sand Stream|[of] p2a: Gigalith
|move|p1a: Sneasel|Knock Off|p2a: Gigalith
|-damage|p2a: Gigalith|24/100 psn
|-enditem|p2a: Gigalith|Leftovers|[from] move: Knock Off|[of] p1a: Sneasel
|-damage|p1a: Sneasel|2/100|[from] item: Life Orb
|
|-weather|Sandstorm|[upkeep]
|-damage|p1a: Sneasel|0 fnt|[from] Sandstorm
|faint|p1a: Sneasel
|-damage|p2a: Gigalith|11/100 psn|[from] psn
|upkeep
|j| SICKO MODE INDER
|
|t:|1661373729
|switch|p1a: Mesprit|Mesprit|25/100
|-damage|p1a: Mesprit|12/100|[from] Stealth Rock
|turn|36
|
|t:|1661373733
|move|p1a: Mesprit|Psychic|p2a: Gigalith
|-damage|p2a: Gigalith|0 fnt
|faint|p2a: Gigalith
|
|-weather|Sandstorm|[upkeep]
|-damage|p1a: Mesprit|6/100|[from] Sandstorm
|upkeep
|-message|honda42 forfeited.
|
|win|PULT4T2 eifo
|raw|honda42's rating: 1443 &rarr; <strong>1432</strong><br />(-11 for losing)
|raw|PULT4T2 eifo's rating: 1611 &rarr; <strong>1622</strong><br />(+11 for winning)
|l|☆honda42
