|j|☆cafay olay
|j|☆EllizabethDalloway
|t:|1626277860
|gametype|singles
|player|p1|cafay olay|swimmer-gen4dp|1474
|player|p2|EllizabethDalloway|lady|1412
|teamsize|p1|6
|teamsize|p2|6
|gen|8
|tier|[Gen 8] PU
|rated|
|rule|Sleep Clause Mod: Limit one foe put to sleep
|rule|Species Clause: Limit one of each Pokémon
|rule|OHKO Clause: OHKO moves are banned
|rule|Evasion Moves Clause: Evasion moves are banned
|rule|Endless Battle Clause: Forcing endless battles is banned
|rule|HP Percentage Mod: HP is shown in percentages
|rule|Dynamax Clause: You cannot dynamax
|clearpoke
|poke|p1|Silvally-*|
|poke|p1|Archeops, F|
|poke|p1|Rotom|
|poke|p1|Wishiwashi, F|
|poke|p1|Perrserker, M|
|poke|p1|Togedemaru, M|
|poke|p2|Scyther, M|
|poke|p2|Morpeko, F|
|poke|p2|Lunatone|
|poke|p2|Poliwrath, F|
|poke|p2|Weezing, F|
|poke|p2|Stunfisk-Galar, M|
|teampreview
|c|☆cafay olay|how many alts do you have lol
|
|t:|1626277896
|start
|switch|p1a: Rotom|Rotom|100/100
|switch|p2a: Morpeko|Morpeko, F|100/100
|turn|1
|
|t:|1626277904
|move|p2a: Morpeko|Protect|p2a: Morpeko
|-singleturn|p2a: Morpeko|Protect
|move|p1a: Rotom|Will-O-Wisp|p2a: Morpeko
|-activate|p2a: Morpeko|move: Protect
|
|-formechange|p2a: Morpeko|Morpeko-Hangry||[from] ability: Hunger Switch
|upkeep
|turn|2
|
|t:|1626277908
|move|p2a: Morpeko|Aura Wheel|p1a: Rotom
|-supereffective|p1a: Rotom
|-enditem|p1a: Rotom|Colbur Berry|[eat]
|-enditem|p1a: Rotom|Colbur Berry|[weaken]
|-damage|p1a: Rotom|54/100
|-boost|p2a: Morpeko|spe|1
|move|p1a: Rotom|Will-O-Wisp|p2a: Morpeko
|-status|p2a: Morpeko|brn
|
|-damage|p2a: Morpeko|94/100 brn|[from] brn
|-formechange|p2a: Morpeko|Morpeko||[from] ability: Hunger Switch
|upkeep
|turn|3
|
|t:|1626277914
|move|p2a: Morpeko|Parting Shot|p1a: Rotom
|-unboost|p1a: Rotom|atk|1
|-unboost|p1a: Rotom|spa|1
|
|t:|1626277920
|switch|p2a: Stunfisk|Stunfisk-Galar, M|100/100|[from]move: Parting Shot
|move|p1a: Rotom|Pain Split|p2a: Stunfisk
|-sethp|p2a: Stunfisk|70/100|[from] move: Pain Split|[silent]
|-sethp|p1a: Rotom|97/100|[from] move: Pain Split
|
|-heal|p2a: Stunfisk|76/100|[from] item: Leftovers
|upkeep
|turn|4
|
|t:|1626277925
|switch|p2a: Morpeko|Morpeko, F|94/100 brn
|move|p1a: Rotom|Will-O-Wisp|p2a: Morpeko
|-fail|p2a: Morpeko|brn
|
|-damage|p2a: Morpeko|88/100 brn|[from] brn
|-formechange|p2a: Morpeko|Morpeko-Hangry||[from] ability: Hunger Switch
|upkeep
|turn|5
|
|t:|1626277933
|switch|p1a: Silvally|Silvally-Fairy|100/100
|move|p2a: Morpeko|Aura Wheel|p1a: Silvally
|-resisted|p1a: Silvally
|-damage|p1a: Silvally|88/100
|-boost|p2a: Morpeko|spe|1
|
|-damage|p2a: Morpeko|82/100 brn|[from] brn
|-formechange|p2a: Morpeko|Morpeko||[from] ability: Hunger Switch
|upkeep
|turn|6
|
|t:|1626277950
|switch|p1a: Wishiwashi|Wishiwashi, F|100/100
|-formechange|p1a: Wishiwashi|Wishiwashi-School||[from] ability: Schooling
|move|p2a: Morpeko|Parting Shot|p1a: Wishiwashi
|-unboost|p1a: Wishiwashi|atk|1
|-unboost|p1a: Wishiwashi|spa|1
|
|t:|1626277960
|switch|p2a: Scyther|Scyther, M|100/100|[from]move: Parting Shot
|
|upkeep
|turn|7
|
|t:|1626277973
|move|p2a: Scyther|Knock Off|p1a: Wishiwashi
|-damage|p1a: Wishiwashi|73/100
|-enditem|p1a: Wishiwashi|Leftovers|[from] move: Knock Off|[of] p2a: Scyther
|move|p1a: Wishiwashi|U-turn|p2a: Scyther
|-resisted|p2a: Scyther
|-damage|p2a: Scyther|90/100
|
|t:|1626277988
|switch|p1a: Archeops|Archeops, F|100/100|[from]move: U-turn
|
|upkeep
|turn|8
|
|t:|1626277995
|switch|p2a: Stunfisk|Stunfisk-Galar, M|76/100
|move|p1a: Archeops|Stealth Rock|p2a: Stunfisk
|-sidestart|p2: EllizabethDalloway|move: Stealth Rock
|
|-heal|p2a: Stunfisk|82/100|[from] item: Leftovers
|upkeep
|turn|9
|
|t:|1626278006
|move|p1a: Archeops|Earthquake|p2a: Stunfisk
|-supereffective|p2a: Stunfisk
|-damage|p2a: Stunfisk|22/100
|move|p2a: Stunfisk|Snap Trap|p1a: Archeops
|-damage|p1a: Archeops|90/100
|-activate|p1a: Archeops|move: Snap Trap|[of] p2a: Stunfisk
|
|-heal|p2a: Stunfisk|28/100|[from] item: Leftovers
|-damage|p1a: Archeops|77/100|[from] move: Snap Trap|[partiallytrapped]
|upkeep
|turn|10
|
|t:|1626278038
|switch|p2a: Poliwrath|Poliwrath, F|100/100
|-damage|p2a: Poliwrath|94/100|[from] Stealth Rock
|move|p1a: Archeops|Earthquake|p2a: Poliwrath
|-damage|p2a: Poliwrath|71/100
|
|-heal|p2a: Poliwrath|78/100|[from] item: Leftovers
|-end|p1a: Archeops|Snap Trap|[partiallytrapped]|[silent]
|upkeep
|turn|11
|
|t:|1626278055
|switch|p1a: Wishiwashi|Wishiwashi, F|73/100
|-formechange|p1a: Wishiwashi|Wishiwashi-School||[from] ability: Schooling
|move|p2a: Poliwrath|Scald|p1a: Wishiwashi
|-resisted|p1a: Wishiwashi
|-damage|p1a: Wishiwashi|66/100
|
|-heal|p2a: Poliwrath|84/100|[from] item: Leftovers
|upkeep
|turn|12
|
|t:|1626278066
|move|p1a: Wishiwashi|U-turn|p2a: Poliwrath
|-resisted|p2a: Poliwrath
|-damage|p2a: Poliwrath|77/100
|
|t:|1626278069
|switch|p1a: Rotom|Rotom|97/100|[from]move: U-turn
|move|p2a: Poliwrath|Circle Throw|p1a: Rotom
|-immune|p1a: Rotom
|
|-heal|p2a: Poliwrath|84/100|[from] item: Leftovers
|upkeep
|turn|13
|
|t:|1626278079
|switch|p2a: Morpeko|Morpeko, F|82/100 brn
|move|p1a: Rotom|Hex|p2a: Morpeko
|-resisted|p2a: Morpeko
|-damage|p2a: Morpeko|38/100 brn
|
|-damage|p2a: Morpeko|32/100 brn|[from] brn
|-formechange|p2a: Morpeko|Morpeko-Hangry||[from] ability: Hunger Switch
|upkeep
|turn|14
|-message|EllizabethDalloway forfeited.
|
|win|cafay olay
|l|☆EllizabethDalloway
|raw|cafay olay's rating: 1474 &rarr; <strong>1490</strong><br />(+16 for winning)
|raw|EllizabethDalloway's rating: 1412 &rarr; <strong>1396</strong><br />(-16 for losing)
