|j|☆kink¨̮
|j|☆allstarapology
|player|p1|kink¨̮|#kinguu|
|player|p2|allstarapology|169|
|teamsize|p1|6
|teamsize|p2|6
|gametype|singles
|gen|8
|tier|[Gen 8] PU
|rated|Tournament battle
|clearpoke
|poke|p1|Lapras, F|
|poke|p1|Throh, M|
|poke|p1|Musharna, M|
|poke|p1|Mawile, F|
|poke|p1|Manectric, M|
|poke|p1|Vespiquen, F|
|poke|p2|Musharna, M|
|poke|p2|Mawile, M|
|poke|p2|Silvally-*|
|poke|p2|Hakamo-o, M|
|poke|p2|Roselia, F|
|poke|p2|Raichu, F|
|rule|Sleep Clause Mod: Limit one foe put to sleep
|rule|Species Clause: Limit one of each Pokémon
|rule|OHKO Clause: OHKO moves are banned
|rule|Evasion Moves Clause: Evasion moves are banned
|rule|Endless Battle Clause: Forcing endless battles is banned
|rule|HP Percentage Mod: HP is shown in percentages
|rule|Dynamax Clause: You cannot dynamax
|teampreview
|j| Rav3ndan
|j| SlickHippo
|c|☆allstarapology|hf
|c|☆kink¨̮|hf
|
|start
|switch|p1a: Lapras|Lapras, F|100/100
|switch|p2a: Silvally|Silvally-Rock|100/100
|turn|1
|j| liz smells
|j| scarf lanturn
|j|@Chloe
|
|switch|p1a: Mawile|Mawile, F|100/100
|-ability|p1a: Mawile|Intimidate|boost
|-unboost|p2a: Silvally|atk|1
|move|p2a: Silvally|U-turn|p1a: Mawile
|-resisted|p1a: Mawile
|-damage|p1a: Mawile|98/100
|
|switch|p2a: Roselia|Roselia, F|100/100|[from]move: U-turn
|
|-heal|p1a: Mawile|100/100|[from] item: Leftovers
|upkeep
|turn|2
|
|move|p2a: Roselia|Spikes|p1a: Mawile
|-sidestart|p1: kink¨̮|Spikes
|move|p1a: Mawile|Stealth Rock|p2a: Roselia
|-sidestart|p2: allstarapology|move: Stealth Rock
|
|upkeep
|turn|3
|
|switch|p1a: Lapras|Lapras, F|100/100
|-damage|p1a: Lapras|88/100|[from] Spikes
|move|p2a: Roselia|Sleep Powder|p1a: Lapras
|-status|p1a: Lapras|slp|[from] move: Sleep Powder
|
|upkeep
|turn|4
|
|move|p2a: Roselia|Sludge Bomb|p1a: Lapras
|-crit|p1a: Lapras
|-damage|p1a: Lapras|30/100 slp
|cant|p1a: Lapras|slp
|
|upkeep
|turn|5
|
|move|p2a: Roselia|Sludge Bomb|p1a: Lapras
|-damage|p1a: Lapras|0 fnt
|faint|p1a: Lapras
|
|upkeep
|
|switch|p1a: Throh|Throh, M|100/100
|-damage|p1a: Throh|88/100|[from] Spikes
|turn|6
|
|move|p2a: Roselia|Sludge Bomb|p1a: Throh
|-damage|p1a: Throh|59/100
|move|p1a: Throh|Bulk Up|p1a: Throh
|-boost|p1a: Throh|atk|1
|-boost|p1a: Throh|def|1
|
|-heal|p1a: Throh|65/100|[from] item: Leftovers
|upkeep
|turn|7
|
|move|p2a: Roselia|Sleep Powder|p1a: Throh|[miss]
|-miss|p2a: Roselia|p1a: Throh
|move|p1a: Throh|Knock Off|p2a: Roselia
|-damage|p2a: Roselia|39/100
|-enditem|p2a: Roselia|Eviolite|[from] move: Knock Off|[of] p1a: Throh
|
|-heal|p1a: Throh|71/100|[from] item: Leftovers
|upkeep
|turn|8
|
|move|p2a: Roselia|Leaf Storm|p1a: Throh
|-damage|p1a: Throh|31/100
|-unboost|p2a: Roselia|spa|2
|move|p1a: Throh|Knock Off|p2a: Roselia
|-damage|p2a: Roselia|0 fnt
|faint|p2a: Roselia
|
|-heal|p1a: Throh|37/100|[from] item: Leftovers
|upkeep
|
|switch|p2a: Musharna|Musharna, M|100/100
|-damage|p2a: Musharna|88/100|[from] Stealth Rock
|turn|9
|
|move|p1a: Throh|Knock Off|p2a: Musharna
|-supereffective|p2a: Musharna
|-enditem|p2a: Musharna|Colbur Berry|[eat]
|-enditem|p2a: Musharna|Colbur Berry|[weaken]
|-damage|p2a: Musharna|66/100
|move|p2a: Musharna|Psychic|p1a: Throh
|-supereffective|p1a: Throh
|-crit|p1a: Throh
|-damage|p1a: Throh|0 fnt
|faint|p1a: Throh
|
|upkeep
|
|switch|p1a: Vespiquen|Vespiquen, F|100/100
|-ability|p1a: Vespiquen|Unnerve|p2: allstarapology
|turn|10
|j| RoniloucheYT
|
|move|p1a: Vespiquen|Attack Order|p2a: Musharna
|-supereffective|p2a: Musharna
|-damage|p2a: Musharna|30/100
|move|p2a: Musharna|Moonlight|p2a: Musharna
|-heal|p2a: Musharna|80/100
|
|upkeep
|turn|11
|
|switch|p2a: Mawile|Mawile, M|100/100
|-damage|p2a: Mawile|94/100|[from] Stealth Rock
|-ability|p2a: Mawile|Intimidate|boost
|-unboost|p1a: Vespiquen|atk|1
|move|p1a: Vespiquen|Attack Order|p2a: Mawile
|-resisted|p2a: Mawile
|-damage|p2a: Mawile|89/100
|
|-heal|p2a: Mawile|95/100|[from] item: Leftovers
|upkeep
|turn|12
|j|#Akir
|
|move|p2a: Mawile|Toxic|p1a: Vespiquen
|-status|p1a: Vespiquen|tox
|move|p1a: Vespiquen|U-turn|p2a: Mawile
|-resisted|p2a: Mawile
|-damage|p2a: Mawile|90/100
|
|switch|p1a: Manectric|Manectric, M|100/100|[from]move: U-turn
|-damage|p1a: Manectric|88/100|[from] Spikes
|
|-heal|p2a: Mawile|97/100|[from] item: Leftovers
|upkeep
|turn|13
|
|switch|p2a: Silvally|Silvally-Rock|100/100
|-damage|p2a: Silvally|88/100|[from] Stealth Rock
|move|p1a: Manectric|Volt Switch|p2a: Silvally
|-damage|p2a: Silvally|58/100
|l|#Akir
|
|switch|p1a: Mawile|Mawile, F|100/100|[from]move: Volt Switch
|-damage|p1a: Mawile|88/100|[from] Spikes
|-ability|p1a: Mawile|Intimidate|boost
|-unboost|p2a: Silvally|atk|1
|
|-heal|p1a: Mawile|94/100|[from] item: Leftovers
|upkeep
|turn|14
|
|move|p2a: Silvally|U-turn|p1a: Mawile
|-resisted|p1a: Mawile
|-damage|p1a: Mawile|92/100
|
|switch|p2a: Mawile|Mawile, M|97/100|[from]move: U-turn
|-damage|p2a: Mawile|90/100|[from] Stealth Rock
|-ability|p2a: Mawile|Intimidate|boost
|-unboost|p1a: Mawile|atk|1
|move|p1a: Mawile|Iron Head|p2a: Mawile
|-crit|p2a: Mawile
|-damage|p2a: Mawile|42/100
|
|-heal|p1a: Mawile|98/100|[from] item: Leftovers
|-heal|p2a: Mawile|48/100|[from] item: Leftovers
|upkeep
|turn|15
|
|move|p1a: Mawile|Super Fang|p2a: Mawile
|-damage|p2a: Mawile|25/100
|move|p2a: Mawile|Pain Split|p1a: Mawile
|-sethp|p1a: Mawile|61/100|[from] move: Pain Split|[silent]
|-sethp|p2a: Mawile|61/100|[from] move: Pain Split
|
|-heal|p1a: Mawile|67/100|[from] item: Leftovers
|-heal|p2a: Mawile|67/100|[from] item: Leftovers
|upkeep
|turn|16
|
|move|p1a: Mawile|Super Fang|p2a: Mawile
|-damage|p2a: Mawile|34/100
|move|p2a: Mawile|Stealth Rock|p1a: Mawile
|-sidestart|p1: kink¨̮|move: Stealth Rock
|
|-heal|p1a: Mawile|74/100|[from] item: Leftovers
|-heal|p2a: Mawile|40/100|[from] item: Leftovers
|upkeep
|turn|17
|
|move|p1a: Mawile|Iron Head|p2a: Mawile
|-damage|p2a: Mawile|18/100
|cant|p2a: Mawile|flinch
|
|-heal|p1a: Mawile|80/100|[from] item: Leftovers
|-heal|p2a: Mawile|24/100|[from] item: Leftovers
|upkeep
|turn|18
|
|move|p1a: Mawile|Iron Head|p2a: Mawile
|-damage|p2a: Mawile|3/100
|move|p2a: Mawile|Pain Split|p1a: Mawile
|-sethp|p1a: Mawile|41/100|[from] move: Pain Split|[silent]
|-sethp|p2a: Mawile|41/100|[from] move: Pain Split
|
|-heal|p1a: Mawile|48/100|[from] item: Leftovers
|-heal|p2a: Mawile|48/100|[from] item: Leftovers
|upkeep
|turn|19
|
|switch|p2a: Raichu|Raichu, F|100/100
|-damage|p2a: Raichu|88/100|[from] Stealth Rock
|move|p1a: Mawile|Iron Head|p2a: Raichu
|-resisted|p2a: Raichu
|-crit|p2a: Raichu
|-damage|p2a: Raichu|51/100
|
|-heal|p1a: Mawile|54/100|[from] item: Leftovers
|upkeep
|turn|20
|
|switch|p1a: Musharna|Musharna, M|100/100
|-damage|p1a: Musharna|88/100|[from] Spikes
|-damage|p1a: Musharna|76/100|[from] Stealth Rock
|move|p2a: Raichu|Volt Switch|p1a: Musharna
|-damage|p1a: Musharna|55/100
|j| Blue Knees
|
|switch|p2a: Mawile|Mawile, M|48/100|[from]move: Volt Switch
|-damage|p2a: Mawile|41/100|[from] Stealth Rock
|-ability|p2a: Mawile|Intimidate|boost
|-unboost|p1a: Musharna|atk|1
|
|-heal|p2a: Mawile|48/100|[from] item: Leftovers
|-heal|p1a: Musharna|61/100|[from] item: Leftovers
|upkeep
|turn|21
|
|move|p2a: Mawile|Toxic|p1a: Musharna
|-status|p1a: Musharna|tox
|-activate|p1a: Musharna|ability: Synchronize
|-immune|p2a: Mawile
|move|p1a: Musharna|Moonlight|p1a: Musharna
|-heal|p1a: Musharna|100/100 tox
|
|-heal|p2a: Mawile|54/100|[from] item: Leftovers
|-damage|p1a: Musharna|94/100 tox|[from] psn
|upkeep
|turn|22
|
|move|p2a: Mawile|Pain Split|p1a: Musharna
|-sethp|p1a: Musharna|66/100 tox|[from] move: Pain Split|[silent]
|-sethp|p2a: Mawile|94/100|[from] move: Pain Split
|move|p1a: Musharna|Heal Bell|p1a: Musharna
|-activate|p1a: Musharna|move: Heal Bell
|-curestatus|p1a: Musharna|tox|[msg]
|-curestatus|p1: Vespiquen|tox|[msg]
|
|-heal|p2a: Mawile|100/100|[from] item: Leftovers
|-heal|p1a: Musharna|72/100|[from] item: Leftovers
|upkeep
|turn|23
|
|move|p2a: Mawile|Toxic|p1a: Musharna
|-status|p1a: Musharna|tox
|-activate|p1a: Musharna|ability: Synchronize
|-immune|p2a: Mawile
|move|p1a: Musharna|Yawn|p2a: Mawile
|-start|p2a: Mawile|move: Yawn|[of] p1a: Musharna
|
|-heal|p1a: Musharna|78/100 tox|[from] item: Leftovers
|-damage|p1a: Musharna|72/100 tox|[from] psn
|upkeep
|turn|24
|
|move|p2a: Mawile|Iron Head|p1a: Musharna
|-damage|p1a: Musharna|57/100 tox
|move|p1a: Musharna|Heal Bell|p1a: Musharna
|-activate|p1a: Musharna|move: Heal Bell
|-curestatus|p1a: Musharna|tox|[msg]
|
|-heal|p1a: Musharna|64/100|[from] item: Leftovers
|-end|p2a: Mawile|move: Yawn|[silent]
|-status|p2a: Mawile|slp
|upkeep
|turn|25
|l| scarf lanturn
|
|switch|p1a: Vespiquen|Vespiquen, F|100/100
|-ability|p1a: Vespiquen|Unnerve|p2: allstarapology
|cant|p2a: Mawile|slp
|
|upkeep
|turn|26
|
|switch|p2a: Silvally|Silvally-Rock|58/100
|-damage|p2a: Silvally|46/100|[from] Stealth Rock
|move|p1a: Vespiquen|Defog|p2a: Silvally
|-unboost|p2a: Silvally|evasion|1
|-sideend|p2: allstarapology|Stealth Rock|[from] move: Defog|[of] p1a: Vespiquen
|-sideend|p1: kink¨̮|Spikes|[from] move: Defog|[of] p1a: Vespiquen
|-sideend|p1: kink¨̮|Stealth Rock|[from] move: Defog|[of] p1a: Vespiquen
|
|upkeep
|turn|27
|
|switch|p1a: Mawile|Mawile, F|54/100
|-ability|p1a: Mawile|Intimidate|boost
|-unboost|p2a: Silvally|atk|1
|move|p2a: Silvally|Surf|p1a: Mawile
|-damage|p1a: Mawile|26/100
|
|-heal|p1a: Mawile|32/100|[from] item: Leftovers
|upkeep
|turn|28
|j| scarf lanturn
|
|move|p2a: Silvally|U-turn|p1a: Mawile
|-resisted|p1a: Mawile
|-damage|p1a: Mawile|29/100
|
|switch|p2a: Mawile|Mawile, M|100/100 slp|[from]move: U-turn
|-ability|p2a: Mawile|Intimidate|boost
|-unboost|p1a: Mawile|atk|1
|move|p1a: Mawile|Stealth Rock|p2a: Mawile
|-sidestart|p2: allstarapology|move: Stealth Rock
|
|-heal|p1a: Mawile|36/100|[from] item: Leftovers
|upkeep
|turn|29
|
|switch|p1a: Manectric|Manectric, M|88/100
|-curestatus|p2a: Mawile|slp|[msg]
|move|p2a: Mawile|Stealth Rock|p1a: Manectric
|-sidestart|p1: kink¨̮|move: Stealth Rock
|
|upkeep
|turn|30
|
|switch|p2a: Raichu|Raichu, F|51/100
|-damage|p2a: Raichu|39/100|[from] Stealth Rock
|move|p1a: Manectric|Switcheroo|p2a: Raichu
|-activate|p1a: Manectric|move: Trick|[of] p2a: Raichu
|-item|p2a: Raichu|Choice Scarf|[from] move: Switcheroo
|-item|p1a: Manectric|Choice Scarf|[from] move: Switcheroo
|
|upkeep
|turn|31
|j| Procopius
|
|move|p2a: Raichu|Surf|p1a: Manectric
|-damage|p1a: Manectric|43/100
|move|p1a: Manectric|Overheat|p2a: Raichu
|-damage|p2a: Raichu|0 fnt
|-unboost|p1a: Manectric|spa|2
|faint|p2a: Raichu
|
|upkeep
|
|switch|p2a: Hakamo-o|Hakamo-o, M|100/100
|-damage|p2a: Hakamo-o|94/100|[from] Stealth Rock
|turn|32
|
|switch|p1a: Musharna|Musharna, M|64/100
|-damage|p1a: Musharna|51/100|[from] Stealth Rock
|move|p2a: Hakamo-o|Swords Dance|p2a: Hakamo-o
|-boost|p2a: Hakamo-o|atk|2
|
|-heal|p1a: Musharna|57/100|[from] item: Leftovers
|upkeep
|turn|33
|
|move|p2a: Hakamo-o|Dragon Claw|p1a: Musharna
|-damage|p1a: Musharna|27/100
|move|p1a: Musharna|Psychic|p2a: Hakamo-o
|-supereffective|p2a: Hakamo-o
|-damage|p2a: Hakamo-o|29/100
|
|-heal|p1a: Musharna|33/100|[from] item: Leftovers
|upkeep
|turn|34
|
|move|p2a: Hakamo-o|Dragon Claw|p1a: Musharna
|-damage|p1a: Musharna|1/100
|move|p1a: Musharna|Moonlight|p1a: Musharna
|-heal|p1a: Musharna|51/100
|
|-heal|p1a: Musharna|57/100|[from] item: Leftovers
|upkeep
|turn|35
|
|move|p2a: Hakamo-o|Dragon Claw|p1a: Musharna
|-damage|p1a: Musharna|22/100
|move|p1a: Musharna|Moonlight|p1a: Musharna
|-heal|p1a: Musharna|72/100
|
|-heal|p1a: Musharna|78/100|[from] item: Leftovers
|upkeep
|turn|36
|
|move|p2a: Hakamo-o|Dragon Claw|p1a: Musharna
|-damage|p1a: Musharna|46/100
|move|p1a: Musharna|Moonlight|p1a: Musharna
|-heal|p1a: Musharna|96/100
|
|-heal|p1a: Musharna|100/100|[from] item: Leftovers
|upkeep
|turn|37
|
|switch|p2a: Mawile|Mawile, M|100/100
|-damage|p2a: Mawile|94/100|[from] Stealth Rock
|-ability|p2a: Mawile|Intimidate|boost
|-unboost|p1a: Musharna|atk|1
|move|p1a: Musharna|Psychic|p2a: Mawile
|-resisted|p2a: Mawile
|-damage|p2a: Mawile|75/100
|
|-heal|p2a: Mawile|81/100|[from] item: Leftovers
|upkeep
|turn|38
|
|move|p2a: Mawile|Iron Head|p1a: Musharna
|-damage|p1a: Musharna|85/100
|move|p1a: Musharna|Yawn|p2a: Mawile
|-start|p2a: Mawile|move: Yawn|[of] p1a: Musharna
|
|-heal|p2a: Mawile|88/100|[from] item: Leftovers
|-heal|p1a: Musharna|91/100|[from] item: Leftovers
|upkeep
|turn|39
|l| Blue Knees
|
|move|p2a: Mawile|Toxic|p1a: Musharna
|-status|p1a: Musharna|tox
|-activate|p1a: Musharna|ability: Synchronize
|-immune|p2a: Mawile
|move|p1a: Musharna|Psychic|p2a: Mawile
|-resisted|p2a: Mawile
|-damage|p2a: Mawile|69/100
|-unboost|p2a: Mawile|spd|1
|
|-heal|p2a: Mawile|75/100|[from] item: Leftovers
|-heal|p1a: Musharna|97/100 tox|[from] item: Leftovers
|-damage|p1a: Musharna|91/100 tox|[from] psn
|-end|p2a: Mawile|move: Yawn|[silent]
|-status|p2a: Mawile|slp
|upkeep
|turn|40
|
|switch|p2a: Musharna|Musharna, M|80/100
|-damage|p2a: Musharna|67/100|[from] Stealth Rock
|move|p1a: Musharna|Psychic|p2a: Musharna
|-resisted|p2a: Musharna
|-damage|p2a: Musharna|55/100
|
|-heal|p1a: Musharna|97/100 tox|[from] item: Leftovers
|-damage|p1a: Musharna|85/100 tox|[from] psn
|upkeep
|turn|41
|
|move|p1a: Musharna|Heal Bell|p1a: Musharna
|-activate|p1a: Musharna|move: Heal Bell
|-curestatus|p1a: Musharna|tox|[msg]
|move|p2a: Musharna|Calm Mind|p2a: Musharna
|-boost|p2a: Musharna|spa|1
|-boost|p2a: Musharna|spd|1
|
|-heal|p1a: Musharna|91/100|[from] item: Leftovers
|upkeep
|turn|42
|
|switch|p1a: Vespiquen|Vespiquen, F|100/100
|-ability|p1a: Vespiquen|Unnerve|p2: allstarapology
|move|p2a: Musharna|Psychic|p1a: Vespiquen
|-damage|p1a: Vespiquen|62/100
|
|upkeep
|turn|43
|
|move|p1a: Vespiquen|Attack Order|p2a: Musharna
|-supereffective|p2a: Musharna
|-damage|p2a: Musharna|20/100
|move|p2a: Musharna|Moonlight|p2a: Musharna
|-heal|p2a: Musharna|70/100
|
|upkeep
|turn|44
|
|move|p1a: Vespiquen|Roost|p1a: Vespiquen
|-heal|p1a: Vespiquen|100/100
|-singleturn|p1a: Vespiquen|move: Roost
|move|p2a: Musharna|Moonlight|p2a: Musharna
|-heal|p2a: Musharna|100/100
|
|upkeep
|turn|45
|
|switch|p2a: Mawile|Mawile, M|75/100 slp
|-damage|p2a: Mawile|69/100 slp|[from] Stealth Rock
|-ability|p2a: Mawile|Intimidate|boost
|-unboost|p1a: Vespiquen|atk|1
|move|p1a: Vespiquen|Attack Order|p2a: Mawile
|-resisted|p2a: Mawile
|-damage|p2a: Mawile|64/100 slp
|
|-heal|p2a: Mawile|70/100 slp|[from] item: Leftovers
|upkeep
|turn|46
|
|cant|p2a: Mawile|slp
|move|p1a: Vespiquen|U-turn|p2a: Mawile
|-resisted|p2a: Mawile
|-damage|p2a: Mawile|66/100 slp
|
|switch|p1a: Manectric|Manectric, M|43/100|[from]move: U-turn
|-damage|p1a: Manectric|31/100|[from] Stealth Rock
|
|-heal|p2a: Mawile|72/100 slp|[from] item: Leftovers
|upkeep
|turn|47
|
|switch|p2a: Hakamo-o|Hakamo-o, M|29/100
|-damage|p2a: Hakamo-o|23/100|[from] Stealth Rock
|move|p1a: Manectric|Volt Switch|p2a: Hakamo-o
|-resisted|p2a: Hakamo-o
|-damage|p2a: Hakamo-o|8/100
|
|switch|p1a: Vespiquen|Vespiquen, F|100/100|[from]move: Volt Switch
|-ability|p1a: Vespiquen|Unnerve|p2: allstarapology
|
|upkeep
|turn|48
|
|move|p2a: Hakamo-o|Drain Punch|p1a: Vespiquen
|-resisted|p1a: Vespiquen
|-damage|p1a: Vespiquen|95/100
|-heal|p2a: Hakamo-o|11/100|[from] drain|[of] p1a: Vespiquen
|move|p1a: Vespiquen|Defog|p2a: Hakamo-o
|-unboost|p2a: Hakamo-o|evasion|1
|-sideend|p2: allstarapology|Stealth Rock|[from] move: Defog|[of] p1a: Vespiquen
|-sideend|p1: kink¨̮|Stealth Rock|[from] move: Defog|[of] p1a: Vespiquen
|
|upkeep
|turn|49
|
|move|p2a: Hakamo-o|Drain Punch|p1a: Vespiquen
|-resisted|p1a: Vespiquen
|-damage|p1a: Vespiquen|90/100
|-heal|p2a: Hakamo-o|14/100|[from] drain|[of] p1a: Vespiquen
|move|p1a: Vespiquen|U-turn|p2a: Hakamo-o
|-resisted|p2a: Hakamo-o
|-damage|p2a: Hakamo-o|6/100
|l| Rav3ndan
|
|switch|p1a: Manectric|Manectric, M|31/100|[from]move: U-turn
|
|upkeep
|turn|50
|
|move|p1a: Manectric|Volt Switch|p2a: Hakamo-o
|-resisted|p2a: Hakamo-o
|-damage|p2a: Hakamo-o|0 fnt
|faint|p2a: Hakamo-o
|
|switch|p1a: Mawile|Mawile, F|36/100|[from]move: Volt Switch
|
|-heal|p1a: Mawile|42/100|[from] item: Leftovers
|upkeep
|
|switch|p2a: Musharna|Musharna, M|100/100
|turn|51
|j| Luirromen
|
|move|p1a: Mawile|Toxic|p2a: Musharna
|-status|p2a: Musharna|tox
|-activate|p2a: Musharna|ability: Synchronize
|-immune|p1a: Mawile
|move|p2a: Musharna|Calm Mind|p2a: Musharna
|-boost|p2a: Musharna|spa|1
|-boost|p2a: Musharna|spd|1
|
|-heal|p1a: Mawile|48/100|[from] item: Leftovers
|-damage|p2a: Musharna|94/100 tox|[from] psn
|upkeep
|turn|52
|
|move|p1a: Mawile|Stealth Rock|p2a: Musharna
|-sidestart|p2: allstarapology|move: Stealth Rock
|move|p2a: Musharna|Psychic|p1a: Mawile
|-resisted|p1a: Mawile
|-damage|p1a: Mawile|11/100
|
|-heal|p1a: Mawile|18/100|[from] item: Leftovers
|-damage|p2a: Musharna|82/100 tox|[from] psn
|upkeep
|turn|53
|j|+bagoftrixx
|
|move|p1a: Mawile|Super Fang|p2a: Musharna
|-damage|p2a: Musharna|41/100 tox
|move|p2a: Musharna|Heal Bell|p2a: Musharna
|-activate|p2a: Musharna|move: Heal Bell
|-curestatus|p2a: Musharna|tox|[msg]
|-curestatus|p2: Mawile|slp|[msg]
|
|-heal|p1a: Mawile|24/100|[from] item: Leftovers
|upkeep
|turn|54
|c|☆allstarapology|yeah, i played bad
|c|☆allstarapology|gg
|-message|allstarapology forfeited.
|
|win|kink¨̮
