|j|☆Heracross2.0
|j|☆Darkortex
|t:|1666738527
|gametype|singles
|player|p1|Heracross2.0|roxanne-gen6|
|player|p2|Darkortex|hilbert|
|teamsize|p1|6
|teamsize|p2|6
|gen|8
|tier|[Gen 8] PU
|rated|Tournament battle
|rule|Sleep Clause Mod: Limit one foe put to sleep
|rule|Species Clause: Limit one of each Pokémon
|rule|OHKO Clause: OHKO moves are banned
|rule|Evasion Items Clause: Evasion items are banned
|rule|Evasion Moves Clause: Evasion moves are banned
|rule|Endless Battle Clause: Forcing endless battles is banned
|rule|HP Percentage Mod: HP is shown in percentages
|rule|Dynamax Clause: You cannot dynamax
|clearpoke
|poke|p1|Heracross, M|
|poke|p1|Eldegoss, F|
|poke|p1|Gigalith, M|
|poke|p1|Weezing, F|
|poke|p1|Quagsire, F|
|poke|p1|Charizard, M|
|poke|p2|Gigalith, F|
|poke|p2|Sandslash, M|
|poke|p2|Whimsicott, F|
|poke|p2|Charizard, F|
|poke|p2|Silvally-*|
|poke|p2|Heracross, M|
|teampreview
|inactive|Battle timer is ON: inactive players will automatically lose when time's up. (requested by Heracross2.0)
|inactive|Darkortex also wants the timer to be on.
|j| Rocket Grunt RyGuy
|c|☆Heracross2.0|hf
|j|+Jmash324
|
|t:|1666738537
|start
|switch|p1a: Edelgard|Eldegoss, F, shiny|100/100
|switch|p2a: Heracross|Heracross, M|100/100
|turn|1
|l|+Jmash324
|
|t:|1666738549
|switch|p1a: Don't Smoke|Weezing, F|100/100
|-ability|p1a: Don't Smoke|Neutralizing Gas
|detailschange|p2a: Heracross|Heracross-Mega, M
|-mega|p2a: Heracross|Heracross|Heracronite
|move|p2a: Heracross|Close Combat|p1a: Don't Smoke
|-resisted|p1a: Don't Smoke
|-damage|p1a: Don't Smoke|71/100
|-unboost|p2a: Heracross|def|1
|-unboost|p2a: Heracross|spd|1
|-damage|p2a: Heracross|84/100|[from] item: Rocky Helmet|[of] p1a: Don't Smoke
|
|upkeep
|turn|2
|
|t:|1666738561
|switch|p2a: Gigalith|Gigalith, F|100/100
|move|p1a: Don't Smoke|Toxic Spikes|p2a: Gigalith
|-sidestart|p2: Darkortex|move: Toxic Spikes
|
|upkeep
|turn|3
|
|t:|1666738572
|move|p1a: Don't Smoke|Sludge Bomb|p2a: Gigalith
|-resisted|p2a: Gigalith
|-damage|p2a: Gigalith|91/100
|move|p2a: Gigalith|Earthquake|p1a: Don't Smoke
|-supereffective|p1a: Don't Smoke
|-damage|p1a: Don't Smoke|30/100
|
|-heal|p2a: Gigalith|97/100|[from] item: Leftovers
|upkeep
|turn|4
|
|t:|1666738577
|move|p1a: Don't Smoke|Pain Split|p2a: Gigalith
|-sethp|p2a: Gigalith|62/100|[from] move: Pain Split|[silent]
|-sethp|p1a: Don't Smoke|70/100|[from] move: Pain Split
|move|p2a: Gigalith|Stealth Rock|p1a: Don't Smoke
|-sidestart|p1: Heracross2.0|move: Stealth Rock
|
|-heal|p2a: Gigalith|68/100|[from] item: Leftovers
|upkeep
|turn|5
|j|@Tone
|
|t:|1666738581
|-end|p1a: Don't Smoke|ability: Neutralizing Gas
|-weather|Sandstorm|[from] ability: Sand Stream|[of] p2a: Gigalith
|switch|p1a: Edelgard|Eldegoss, F, shiny|100/100
|-damage|p1a: Edelgard|88/100|[from] Stealth Rock
|move|p2a: Gigalith|Earthquake|p1a: Edelgard
|-resisted|p1a: Edelgard
|-damage|p1a: Edelgard|75/100
|-enditem|p1a: Edelgard|Eject Button
|
|t:|1666738583
|switch|p1a: GOATacross|Heracross, M, shiny|100/100
|-damage|p1a: GOATacross|88/100|[from] Stealth Rock
|
|-weather|Sandstorm|[upkeep]
|-damage|p1a: GOATacross|82/100|[from] Sandstorm
|-heal|p2a: Gigalith|74/100|[from] item: Leftovers
|-status|p1a: GOATacross|brn|[from] item: Flame Orb
|upkeep
|turn|6
|
|t:|1666738588
|switch|p2a: Charizard|Charizard, F|100/100
|move|p1a: GOATacross|Close Combat|p2a: Charizard
|-resisted|p2a: Charizard
|-damage|p2a: Charizard|38/100
|-unboost|p1a: GOATacross|def|1
|-unboost|p1a: GOATacross|spd|1
|
|-weather|Sandstorm|[upkeep]
|-damage|p2a: Charizard|32/100|[from] Sandstorm
|-damage|p1a: GOATacross|76/100 brn|[from] Sandstorm
|-damage|p1a: GOATacross|70/100 brn|[from] brn
|upkeep
|turn|7
|
|t:|1666738596
|switch|p1a: Monolith|Gigalith, M, shiny|100/100
|-damage|p1a: Monolith|88/100|[from] Stealth Rock
|move|p2a: Charizard|Flamethrower|p1a: Monolith
|-resisted|p1a: Monolith
|-damage|p1a: Monolith|74/100
|
|-weather|Sandstorm|[upkeep]
|-damage|p2a: Charizard|26/100|[from] Sandstorm
|-heal|p1a: Monolith|81/100|[from] item: Leftovers
|upkeep
|turn|8
|
|t:|1666738603
|move|p2a: Charizard|Toxic|p1a: Monolith
|-status|p1a: Monolith|tox
|move|p1a: Monolith|Rock Blast|p2a: Charizard
|-supereffective|p2a: Charizard
|-damage|p2a: Charizard|0 fnt
|faint|p2a: Charizard
|-hitcount|p2: Charizard|1
|
|-weather|Sandstorm|[upkeep]
|-heal|p1a: Monolith|87/100 tox|[from] item: Leftovers
|-damage|p1a: Monolith|81/100 tox|[from] psn
|upkeep
|
|t:|1666738611
|switch|p2a: Silvally|Silvally-Steel|100/100
|turn|9
|
|t:|1666738619
|switch|p1a: Leon|Charizard, M, shiny|100/100
|move|p2a: Silvally|Parting Shot|p1a: Leon
|-unboost|p1a: Leon|atk|1
|-unboost|p1a: Leon|spa|1
|
|t:|1666738626
|switch|p2a: Whimsicott|Whimsicott, F|100/100|[from]move: Parting Shot
|-status|p2a: Whimsicott|psn
|
|-weather|none
|-damage|p2a: Whimsicott|88/100 psn|[from] psn
|upkeep
|turn|10
|j|%zoowi
|
|t:|1666738632
|switch|p1a: Edelgard|Eldegoss, F, shiny|100/100
|-damage|p1a: Edelgard|88/100|[from] Stealth Rock
|move|p2a: Whimsicott|Knock Off|p1a: Edelgard
|-damage|p1a: Edelgard|80/100
|
|-heal|p2a: Whimsicott|94/100 psn|[from] item: Leftovers
|-damage|p2a: Whimsicott|82/100 psn|[from] psn
|upkeep
|turn|11
|
|t:|1666738640
|switch|p2a: Silvally|Silvally-Steel|100/100
|move|p1a: Edelgard|Aromatherapy|p1a: Edelgard
|-activate|p1a: Edelgard|move: Aromatherapy
|-curestatus|p1: GOATacross|brn|[msg]
|-curestatus|p1: Monolith|tox|[msg]
|
|upkeep
|turn|12
|j|+Jmash324
|
|t:|1666738645
|switch|p1a: Don't Smoke|Weezing, F|70/100
|-ability|p1a: Don't Smoke|Neutralizing Gas
|-damage|p1a: Don't Smoke|57/100|[from] Stealth Rock
|move|p2a: Silvally|Multi-Attack|p1a: Don't Smoke
|-damage|p1a: Don't Smoke|31/100
|-damage|p2a: Silvally|84/100|[from] item: Rocky Helmet|[of] p1a: Don't Smoke
|
|upkeep
|turn|13
|
|t:|1666738653
|move|p2a: Silvally|Flamethrower|p1a: Don't Smoke
|-damage|p1a: Don't Smoke|7/100
|move|p1a: Don't Smoke|Pain Split|p2a: Silvally
|-sethp|p2a: Silvally|45/100|[from] move: Pain Split|[silent]
|-sethp|p1a: Don't Smoke|53/100|[from] move: Pain Split
|
|upkeep
|turn|14
|
|t:|1666738663
|-end|p1a: Don't Smoke|ability: Neutralizing Gas
|switch|p1a: Leon|Charizard, M, shiny|100/100
|move|p2a: Silvally|Flamethrower|p1a: Leon
|-resisted|p1a: Leon
|-damage|p1a: Leon|88/100
|
|upkeep
|turn|15
|
|t:|1666738666
|move|p1a: Leon|Flamethrower|p2a: Silvally
|-supereffective|p2a: Silvally
|-damage|p2a: Silvally|0 fnt
|faint|p2a: Silvally
|
|upkeep
|
|t:|1666738669
|switch|p2a: Gigalith|Gigalith, F|74/100
|-status|p2a: Gigalith|psn
|-weather|Sandstorm|[from] ability: Sand Stream|[of] p2a: Gigalith
|turn|16
|
|t:|1666738673
|switch|p1a: Edelgard|Eldegoss, F, shiny|100/100
|-damage|p1a: Edelgard|88/100|[from] Stealth Rock
|move|p2a: Gigalith|Rock Blast|p1a: Edelgard
|-damage|p1a: Edelgard|79/100
|-damage|p1a: Edelgard|68/100
|-damage|p1a: Edelgard|58/100
|-hitcount|p1a: Edelgard|3
|
|-weather|Sandstorm|[upkeep]
|-damage|p1a: Edelgard|52/100|[from] Sandstorm
|-heal|p2a: Gigalith|80/100 psn|[from] item: Leftovers
|-damage|p2a: Gigalith|68/100 psn|[from] psn
|upkeep
|turn|17
|
|t:|1666738682
|switch|p2a: Whimsicott|Whimsicott, F|82/100 psn
|move|p1a: Edelgard|Rapid Spin|p2a: Whimsicott
|-damage|p2a: Whimsicott|75/100 psn
|-boost|p1a: Edelgard|spe|1
|-sideend|p1: Heracross2.0|Stealth Rock|[from] move: Rapid Spin|[of] p1a: Edelgard
|
|-weather|Sandstorm|[upkeep]
|-damage|p2a: Whimsicott|68/100 psn|[from] Sandstorm
|-damage|p1a: Edelgard|46/100|[from] Sandstorm
|-heal|p2a: Whimsicott|75/100 psn|[from] item: Leftovers
|-damage|p2a: Whimsicott|62/100 psn|[from] psn
|upkeep
|turn|18
|
|t:|1666738694
|switch|p1a: Leon|Charizard, M, shiny|88/100
|move|p2a: Whimsicott|Moonblast|p1a: Leon
|-resisted|p1a: Leon
|-damage|p1a: Leon|73/100
|
|-weather|Sandstorm|[upkeep]
|-damage|p2a: Whimsicott|56/100 psn|[from] Sandstorm
|-damage|p1a: Leon|66/100|[from] Sandstorm
|-heal|p2a: Whimsicott|62/100 psn|[from] item: Leftovers
|-damage|p2a: Whimsicott|50/100 psn|[from] psn
|upkeep
|turn|19
|-message|Darkortex forfeited.
|
|win|Heracross2.0
|n|☆Heracross2.0|heracross20
|n|☆Darkortex|darkortex
|n| Rocket Grunt RyGuy|rocketgruntryguy
|n|+Tone|tone
|n| zoowi|zoowi
|n|+Jmash324|jmash324
