|j|☆mefrog
|j|☆King of Dinosaurs
|t:|1614270181
|player|p1|mefrog|pokefan-gen4|1417
|player|p2|King of Dinosaurs|hiker-gen4|1327
|teamsize|p1|6
|teamsize|p2|6
|gametype|singles
|gen|8
|tier|[Gen 8] PU
|rated|
|clearpoke
|poke|p1|Xatu, F|
|poke|p1|Lanturn, F|
|poke|p1|Charizard, M|
|poke|p1|Cinccino, F|
|poke|p1|Pinsir, F|
|poke|p1|Claydol|
|poke|p2|Gigalith, M|
|poke|p2|Talonflame, F|
|poke|p2|Lanturn, M|
|poke|p2|Exeggutor-Alola, F|
|poke|p2|Aromatisse, F|
|poke|p2|Weezing, M|
|rule|Sleep Clause Mod: Limit one foe put to sleep
|rule|Species Clause: Limit one of each Pokémon
|rule|OHKO Clause: OHKO moves are banned
|rule|Evasion Moves Clause: Evasion moves are banned
|rule|Endless Battle Clause: Forcing endless battles is banned
|rule|HP Percentage Mod: HP is shown in percentages
|rule|Dynamax Clause: You cannot dynamax
|teampreview
|inactive|Battle timer is ON: inactive players will automatically lose when time's up. (requested by King of Dinosaurs)
|inactive|mefrog has 120 seconds left.
|inactive|mefrog has 90 seconds left.
|
|t:|1614270250
|start
|switch|p1a: Charizard|Charizard, M|100/100
|switch|p2a: Lanturn|Lanturn, M|100/100
|turn|1
|
|t:|1614270255
|switch|p1a: Lanturn|Lanturn, F|100/100
|move|p2a: Lanturn|Scald|p1a: Lanturn
|-resisted|p1a: Lanturn
|-damage|p1a: Lanturn|95/100
|
|upkeep
|turn|2
|
|t:|1614270269
|switch|p2a: Weezing|Weezing, M|100/100
|move|p1a: Lanturn|Ice Beam|p2a: Weezing
|-damage|p2a: Weezing|77/100
|
|-heal|p2a: Weezing|83/100|[from] item: Black Sludge
|upkeep
|turn|3
|
|t:|1614270276
|move|p1a: Lanturn|Volt Switch|p2a: Weezing
|-damage|p2a: Weezing|56/100
|
|t:|1614270283
|switch|p1a: Charizard|Charizard, M|100/100|[from]move: Volt Switch
|move|p2a: Weezing|Sludge Bomb|p1a: Charizard
|-damage|p1a: Charizard|64/100
|
|-heal|p2a: Weezing|62/100|[from] item: Black Sludge
|upkeep
|turn|4
|
|t:|1614270290
|move|p1a: Charizard|Scorching Sands|p2a: Weezing
|-immune|p2a: Weezing|[from] ability: Levitate
|move|p2a: Weezing|Sludge Bomb|p1a: Charizard
|-damage|p1a: Charizard|30/100
|
|-heal|p2a: Weezing|68/100|[from] item: Black Sludge
|upkeep
|turn|5
|
|t:|1614270297
|switch|p1a: Xatu|Xatu, F|100/100
|move|p2a: Weezing|Sludge Bomb|p1a: Xatu
|-damage|p1a: Xatu|62/100
|
|-heal|p2a: Weezing|74/100|[from] item: Black Sludge
|upkeep
|turn|6
|
|t:|1614270301
|switch|p2a: Gigalith|Gigalith, M|100/100
|-weather|Sandstorm|[from] ability: Sand Stream|[of] p2a: Gigalith
|move|p1a: Xatu|U-turn|p2a: Gigalith
|-damage|p2a: Gigalith|92/100
|
|t:|1614270304
|switch|p1a: Claydol|Claydol|100/100|[from]move: U-turn
|
|-weather|Sandstorm|[upkeep]
|-heal|p2a: Gigalith|98/100|[from] item: Leftovers
|upkeep
|turn|7
|
|t:|1614270308
|switch|p2a: Exeggutor|Exeggutor-Alola, F|100/100
|-item|p1a: Claydol|Leftovers|[from] ability: Frisk|[of] p2a: Exeggutor|[identify]
|move|p1a: Claydol|Stealth Rock|p2a: Exeggutor
|-sidestart|p2: King of Dinosaurs|move: Stealth Rock
|
|-weather|Sandstorm|[upkeep]
|-damage|p2a: Exeggutor|94/100|[from] Sandstorm
|upkeep
|turn|8
|
|t:|1614270316
|move|p2a: Exeggutor|Draco Meteor|p1a: Claydol
|-damage|p1a: Claydol|0 fnt
|-unboost|p2a: Exeggutor|spa|2
|faint|p1a: Claydol
|
|-weather|Sandstorm|[upkeep]
|-damage|p2a: Exeggutor|88/100|[from] Sandstorm
|upkeep
|
|t:|1614270321
|switch|p1a: Cinccino|Cinccino, F|100/100
|turn|9
|
|t:|1614270324
|switch|p2a: Talonflame|Talonflame, F|100/100
|move|p1a: Cinccino|U-turn|p2a: Talonflame
|-resisted|p2a: Talonflame
|-damage|p2a: Talonflame|91/100
|
|t:|1614270337
|switch|p1a: Lanturn|Lanturn, F|95/100|[from]move: U-turn
|
|-weather|Sandstorm|[upkeep]
|-damage|p2a: Talonflame|85/100|[from] Sandstorm
|-damage|p1a: Lanturn|89/100|[from] Sandstorm
|upkeep
|turn|10
|
|t:|1614270341
|switch|p2a: Lanturn|Lanturn, M|100/100
|-damage|p2a: Lanturn|88/100|[from] Stealth Rock
|move|p1a: Lanturn|Discharge|p2a: Lanturn
|-heal|p2a: Lanturn|100/100|[from] ability: Volt Absorb|[of] p1a: Lanturn
|
|-weather|none
|upkeep
|turn|11
|
|t:|1614270346
|move|p2a: Lanturn|Toxic|p1a: Lanturn
|-status|p1a: Lanturn|tox
|move|p1a: Lanturn|Scald|p2a: Lanturn
|-resisted|p2a: Lanturn
|-damage|p2a: Lanturn|92/100
|
|-heal|p2a: Lanturn|98/100|[from] item: Leftovers
|-damage|p1a: Lanturn|83/100 tox|[from] psn
|upkeep
|turn|12
|
|t:|1614270349
|move|p2a: Lanturn|Scald|p1a: Lanturn
|-resisted|p1a: Lanturn
|-damage|p1a: Lanturn|78/100 tox
|move|p1a: Lanturn|Scald|p2a: Lanturn
|-resisted|p2a: Lanturn
|-damage|p2a: Lanturn|90/100
|-status|p2a: Lanturn|brn
|
|-heal|p2a: Lanturn|96/100 brn|[from] item: Leftovers
|-damage|p2a: Lanturn|90/100 brn|[from] brn
|-damage|p1a: Lanturn|66/100 tox|[from] psn
|upkeep
|turn|13
|
|t:|1614270355
|switch|p1a: Cinccino|Cinccino, F|100/100
|move|p2a: Lanturn|Scald|p1a: Cinccino
|-damage|p1a: Cinccino|59/100
|
|-heal|p2a: Lanturn|96/100 brn|[from] item: Leftovers
|-damage|p2a: Lanturn|90/100 brn|[from] brn
|upkeep
|turn|14
|
|t:|1614270358
|move|p1a: Cinccino|Tail Slap|p2a: Lanturn
|-damage|p2a: Lanturn|74/100 brn
|-damage|p2a: Lanturn|58/100 brn
|-damage|p2a: Lanturn|43/100 brn
|-damage|p2a: Lanturn|28/100 brn
|-damage|p2a: Lanturn|12/100 brn
|-hitcount|p2a: Lanturn|5
|move|p2a: Lanturn|Volt Switch|p1a: Cinccino
|-damage|p1a: Cinccino|25/100
|
|t:|1614270363
|switch|p2a: Talonflame|Talonflame, F|85/100|[from]move: Volt Switch
|
|upkeep
|turn|15
|
|t:|1614270368
|move|p2a: Talonflame|Defog|p1a: Cinccino
|-unboost|p1a: Cinccino|evasion|1
|-sideend|p2: King of Dinosaurs|Stealth Rock|[from] move: Defog|[of] p2a: Talonflame
|move|p1a: Cinccino|Tail Slap|p2a: Talonflame
|-damage|p2a: Talonflame|66/100
|-status|p1a: Cinccino|brn|[from] ability: Flame Body|[of] p2a: Talonflame
|-damage|p2a: Talonflame|56/100
|-damage|p2a: Talonflame|45/100
|-damage|p2a: Talonflame|35/100
|-damage|p2a: Talonflame|26/100
|-hitcount|p2a: Talonflame|5
|
|-damage|p1a: Cinccino|19/100 brn|[from] brn
|upkeep
|turn|16
|
|t:|1614270372
|move|p2a: Talonflame|Brave Bird|p1a: Cinccino
|-damage|p1a: Cinccino|0 fnt
|-damage|p2a: Talonflame|21/100|[from] Recoil
|faint|p1a: Cinccino
|
|upkeep
|
|t:|1614270376
|switch|p1a: Lanturn|Lanturn, F|66/100 tox
|turn|17
|
|t:|1614270384
|switch|p2a: Aromatisse|Aromatisse, F|100/100
|move|p1a: Lanturn|Scald|p2a: Aromatisse
|-damage|p2a: Aromatisse|82/100
|-status|p2a: Aromatisse|brn
|
|-heal|p2a: Aromatisse|88/100 brn|[from] item: Leftovers
|-damage|p1a: Lanturn|60/100 tox|[from] psn
|-damage|p2a: Aromatisse|82/100 brn|[from] brn
|upkeep
|turn|18
|
|t:|1614270388
|switch|p1a: Charizard|Charizard, M|30/100
|move|p2a: Aromatisse|Moonblast|p1a: Charizard
|-resisted|p1a: Charizard
|-damage|p1a: Charizard|11/100
|
|-heal|p2a: Aromatisse|88/100 brn|[from] item: Leftovers
|-damage|p2a: Aromatisse|82/100 brn|[from] brn
|upkeep
|turn|19
|
|t:|1614270396
|move|p1a: Charizard|Fire Blast|p2a: Aromatisse
|-damage|p2a: Aromatisse|0 fnt
|faint|p2a: Aromatisse
|
|upkeep
|
|t:|1614270400
|switch|p2a: Talonflame|Talonflame, F|21/100
|turn|20
|
|t:|1614270407
|switch|p1a: Xatu|Xatu, F|62/100
|move|p2a: Talonflame|Roost|p2a: Talonflame
|-heal|p2a: Talonflame|71/100
|-singleturn|p2a: Talonflame|move: Roost
|
|upkeep
|turn|21
|
|t:|1614270410
|switch|p2a: Gigalith|Gigalith, M|98/100
|-weather|Sandstorm|[from] ability: Sand Stream|[of] p2a: Gigalith
|move|p1a: Xatu|Psychic|p2a: Gigalith
|-damage|p2a: Gigalith|82/100
|
|-weather|Sandstorm|[upkeep]
|-damage|p1a: Xatu|56/100|[from] Sandstorm
|-heal|p2a: Gigalith|88/100|[from] item: Leftovers
|upkeep
|turn|22
|
|t:|1614270415
|move|p1a: Xatu|Psychic|p2a: Gigalith
|-damage|p2a: Gigalith|72/100
|move|p2a: Gigalith|Rock Blast|p1a: Xatu
|-supereffective|p1a: Xatu
|-damage|p1a: Xatu|35/100
|-supereffective|p1a: Xatu
|-damage|p1a: Xatu|15/100
|-supereffective|p1a: Xatu
|-damage|p1a: Xatu|0 fnt
|-hitcount|p1a: Xatu|3
|faint|p1a: Xatu
|
|-weather|Sandstorm|[upkeep]
|-heal|p2a: Gigalith|78/100|[from] item: Leftovers
|upkeep
|
|t:|1614270422
|switch|p1a: Lanturn|Lanturn, F|60/100 tox
|turn|23
|
|t:|1614270427
|move|p1a: Lanturn|Ice Beam|p2a: Gigalith
|-damage|p2a: Gigalith|70/100
|move|p2a: Gigalith|Stealth Rock|p1a: Lanturn
|-sidestart|p1: mefrog|move: Stealth Rock
|
|-weather|Sandstorm|[upkeep]
|-damage|p1a: Lanturn|54/100 tox|[from] Sandstorm
|-heal|p2a: Gigalith|76/100|[from] item: Leftovers
|-damage|p1a: Lanturn|47/100 tox|[from] psn
|upkeep
|turn|24
|-message|mefrog forfeited.
|
|win|King of Dinosaurs
|l|☆mefrog
