|j|☆HJAD
|j|☆Brandon
|player|p1|HJAD|lance-gen2|
|player|p2|Brandon|#brandon|
|teamsize|p1|6
|teamsize|p2|6
|gametype|singles
|gen|8
|tier|[Gen 8] PU
|clearpoke
|poke|p1|Clefairy, M|
|poke|p1|Duosion, F|
|poke|p1|Solrock|
|poke|p1|Frillish, M|
|poke|p1|Roselia, M|
|poke|p1|Persian, F|
|poke|p2|Heatmor, F|
|poke|p2|Arctovish|
|poke|p2|Mudbray, M|
|poke|p2|Glaceon, F|
|poke|p2|Gloom, M|
|poke|p2|Hattrem, F|
|rule|Sleep Clause Mod: Limit one foe put to sleep
|rule|Species Clause: Limit one of each Pokémon
|rule|OHKO Clause: OHKO moves are banned
|rule|Evasion Moves Clause: Evasion moves are banned
|rule|Endless Battle Clause: Forcing endless battles is banned
|rule|HP Percentage Mod: HP is shown in percentages
|rule|Dynamax Clause: You cannot dynamax
|teampreview
|c|☆HJAD|hf
|j| royesk
|c|☆Brandon|U2
|
|start
|switch|p1a: Clefairy|Clefairy, M|100/100
|switch|p2a: Glaceon|Glaceon, F|100/100
|turn|1
|c|☆HJAD|cool team
|
|switch|p2a: Hattrem|Hattrem, F|100/100
|move|p1a: Clefairy|Calm Mind|p1a: Clefairy
|-boost|p1a: Clefairy|spa|1
|-boost|p1a: Clefairy|spd|1
|
|upkeep
|turn|2
|
|switch|p2a: Heatmor|Heatmor, F|100/100
|move|p1a: Clefairy|Calm Mind|p1a: Clefairy
|-boost|p1a: Clefairy|spa|1
|-boost|p1a: Clefairy|spd|1
|
|upkeep
|turn|3
|
|move|p2a: Heatmor|Fire Lash|p1a: Clefairy
|-damage|p1a: Clefairy|75/100
|-unboost|p1a: Clefairy|def|1
|move|p1a: Clefairy|Stealth Rock|p2a: Heatmor
|-sidestart|p2: Brandon|move: Stealth Rock
|
|upkeep
|turn|4
|
|switch|p1a: Solrock|Solrock|100/100
|move|p2a: Heatmor|Knock Off|p1a: Solrock
|-supereffective|p1a: Solrock
|-damage|p1a: Solrock|56/100
|-enditem|p1a: Solrock|Leftovers|[from] move: Knock Off|[of] p2a: Heatmor
|
|upkeep
|turn|5
|
|switch|p2a: Mudbray|Mudbray, M|100/100
|-damage|p2a: Mudbray|94/100|[from] Stealth Rock
|move|p1a: Solrock|Morning Sun|p1a: Solrock
|-heal|p1a: Solrock|100/100
|
|upkeep
|turn|6
|
|move|p1a: Solrock|Will-O-Wisp|p2a: Mudbray
|-status|p2a: Mudbray|brn
|move|p2a: Mudbray|Stealth Rock|p1a: Solrock
|-sidestart|p1: HJAD|move: Stealth Rock
|
|-damage|p2a: Mudbray|88/100 brn|[from] brn
|upkeep
|turn|7
|
|switch|p1a: Duosion|Duosion, F|100/100
|move|p2a: Mudbray|Toxic|p1a: Duosion|[miss]
|-miss|p2a: Mudbray|p1a: Duosion
|
|-damage|p2a: Mudbray|82/100 brn|[from] brn
|upkeep
|turn|8
|
|switch|p2a: Heatmor|Heatmor, F|100/100
|-damage|p2a: Heatmor|76/100|[from] Stealth Rock
|move|p1a: Duosion|Calm Mind|p1a: Duosion
|-boost|p1a: Duosion|spa|1
|-boost|p1a: Duosion|spd|1
|
|-heal|p2a: Heatmor|82/100|[from] item: Leftovers
|upkeep
|turn|9
|
|switch|p1a: Solrock|Solrock|100/100
|-damage|p1a: Solrock|88/100|[from] Stealth Rock
|move|p2a: Heatmor|Knock Off|p1a: Solrock
|-supereffective|p1a: Solrock
|-damage|p1a: Solrock|56/100
|
|-heal|p2a: Heatmor|88/100|[from] item: Leftovers
|upkeep
|turn|10
|
|move|p2a: Heatmor|Toxic|p1a: Solrock
|-status|p1a: Solrock|tox
|move|p1a: Solrock|Morning Sun|p1a: Solrock
|-heal|p1a: Solrock|100/100 tox
|
|-heal|p2a: Heatmor|94/100|[from] item: Leftovers
|-damage|p1a: Solrock|94/100 tox|[from] psn
|upkeep
|turn|11
|
|switch|p1a: Duosion|Duosion, F|100/100
|move|p2a: Heatmor|Substitute|p2a: Heatmor
|-start|p2a: Heatmor|Substitute
|-damage|p2a: Heatmor|69/100
|
|-heal|p2a: Heatmor|75/100|[from] item: Leftovers
|upkeep
|turn|12
|
|switch|p1a: Solrock|Solrock|94/100 tox
|-damage|p1a: Solrock|82/100 tox|[from] Stealth Rock
|move|p2a: Heatmor|Fire Lash|p1a: Solrock
|-resisted|p1a: Solrock
|-damage|p1a: Solrock|68/100 tox
|-unboost|p1a: Solrock|def|1
|
|-heal|p2a: Heatmor|82/100|[from] item: Leftovers
|-damage|p1a: Solrock|62/100 tox|[from] psn
|upkeep
|turn|13
|
|move|p2a: Heatmor|Knock Off|p1a: Solrock
|-supereffective|p1a: Solrock
|-damage|p1a: Solrock|15/100 tox
|move|p1a: Solrock|Stone Edge|p2a: Heatmor|[miss]
|-miss|p1a: Solrock|p2a: Heatmor
|
|-heal|p2a: Heatmor|88/100|[from] item: Leftovers
|-damage|p1a: Solrock|3/100 tox|[from] psn
|upkeep
|turn|14
|
|move|p2a: Heatmor|Knock Off|p1a: Solrock
|-supereffective|p1a: Solrock
|-damage|p1a: Solrock|0 fnt
|faint|p1a: Solrock
|
|-heal|p2a: Heatmor|94/100|[from] item: Leftovers
|upkeep
|
|switch|p1a: Persian|Persian, F|100/100
|-damage|p1a: Persian|88/100|[from] Stealth Rock
|turn|15
|
|move|p1a: Persian|Fake Out|p2a: Heatmor
|-end|p2a: Heatmor|Substitute
|move|p2a: Heatmor|Fire Lash|p1a: Persian
|-damage|p1a: Persian|19/100
|-unboost|p1a: Persian|def|1
|
|-heal|p2a: Heatmor|99/100|[from] item: Leftovers
|upkeep
|turn|16
|
|switch|p2a: Mudbray|Mudbray, M|82/100 brn
|-damage|p2a: Mudbray|76/100 brn|[from] Stealth Rock
|move|p1a: Persian|Double-Edge|p2a: Mudbray
|-damage|p2a: Mudbray|43/100 brn
|-ability|p2a: Mudbray|Stamina|boost
|-boost|p2a: Mudbray|def|1
|-damage|p1a: Persian|5/100|[from] Recoil
|
|-damage|p2a: Mudbray|37/100 brn|[from] brn
|upkeep
|turn|17
|
|move|p1a: Persian|U-turn|p2a: Mudbray
|-damage|p2a: Mudbray|29/100 brn
|-ability|p2a: Mudbray|Stamina|boost
|-boost|p2a: Mudbray|def|1
|
|switch|p1a: Duosion|Duosion, F|100/100|[from]move: U-turn
|move|p2a: Mudbray|Earthquake|p1a: Duosion
|-damage|p1a: Duosion|86/100
|
|-damage|p2a: Mudbray|23/100 brn|[from] brn
|upkeep
|turn|18
|
|switch|p2a: Glaceon|Glaceon, F|100/100
|-damage|p2a: Glaceon|76/100|[from] Stealth Rock
|move|p1a: Duosion|Calm Mind|p1a: Duosion
|-boost|p1a: Duosion|spa|1
|-boost|p1a: Duosion|spd|1
|
|upkeep
|turn|19
|
|move|p2a: Glaceon|Shadow Ball|p1a: Duosion
|-supereffective|p1a: Duosion
|-damage|p1a: Duosion|25/100
|move|p1a: Duosion|Calm Mind|p1a: Duosion
|-boost|p1a: Duosion|spa|1
|-boost|p1a: Duosion|spd|1
|
|upkeep
|turn|20
|
|switch|p1a: Roselia|Roselia, M|100/100
|-damage|p1a: Roselia|88/100|[from] Stealth Rock
|move|p2a: Glaceon|Shadow Ball|p1a: Roselia
|-damage|p1a: Roselia|62/100
|-unboost|p1a: Roselia|spd|1
|
|upkeep
|turn|21
|
|switch|p2a: Hattrem|Hattrem, F|100/100
|-damage|p2a: Hattrem|88/100|[from] Stealth Rock
|move|p1a: Roselia|Synthesis|p1a: Roselia
|-heal|p1a: Roselia|100/100
|
|upkeep
|turn|22
|
|move|p1a: Roselia|Giga Drain|p2a: Hattrem
|-damage|p2a: Hattrem|65/100
|move|p2a: Hattrem|Thunder Wave|p1a: Roselia
|-status|p1a: Roselia|par
|
|upkeep
|turn|23
|
|switch|p1a: Frillish|Frillish, M|100/100
|-damage|p1a: Frillish|88/100|[from] Stealth Rock
|move|p2a: Hattrem|Psychic|p1a: Frillish
|-damage|p1a: Frillish|54/100
|
|upkeep
|turn|24
|
|move|p2a: Hattrem|Thunder Wave|p1a: Frillish
|-status|p1a: Frillish|par
|move|p1a: Frillish|Recover|p1a: Frillish
|-heal|p1a: Frillish|100/100 par
|
|upkeep
|turn|25
|
|switch|p2a: Gloom|Gloom, M|100/100
|-damage|p2a: Gloom|88/100|[from] Stealth Rock
|move|p1a: Frillish|Hex|p2a: Gloom
|-damage|p2a: Gloom|74/100
|
|upkeep
|turn|26
|j| Terrakion
|
|switch|p1a: Roselia|Roselia, M|100/100
|-damage|p1a: Roselia|88/100|[from] Stealth Rock
|move|p2a: Gloom|Leech Seed|p1a: Roselia
|-immune|p1a: Roselia
|
|upkeep
|turn|27
|
|switch|p2a: Hattrem|Hattrem, F|65/100
|-damage|p2a: Hattrem|53/100|[from] Stealth Rock
|move|p1a: Roselia|Giga Drain|p2a: Hattrem
|-damage|p2a: Hattrem|29/100
|-heal|p1a: Roselia|100/100|[from] drain|[of] p2a: Hattrem
|
|upkeep
|turn|28
|
|move|p1a: Roselia|Giga Drain|p2a: Hattrem
|-damage|p2a: Hattrem|4/100
|move|p2a: Hattrem|Psychic|p1a: Roselia
|-supereffective|p1a: Roselia
|-damage|p1a: Roselia|47/100
|
|upkeep
|turn|29
|
|switch|p1a: Clefairy|Clefairy, M|75/100
|move|p2a: Hattrem|Psychic|p1a: Clefairy
|-damage|p1a: Clefairy|37/100
|
|upkeep
|turn|30
|
|move|p2a: Hattrem|Psychic|p1a: Clefairy
|-damage|p1a: Clefairy|1/100
|move|p1a: Clefairy|Soft-Boiled|p1a: Clefairy
|-heal|p1a: Clefairy|51/100
|
|upkeep
|turn|31
|
|move|p2a: Hattrem|Thunder Wave|p1a: Clefairy
|-status|p1a: Clefairy|par
|move|p1a: Clefairy|Soft-Boiled|p1a: Clefairy
|-heal|p1a: Clefairy|100/100 par
|
|upkeep
|turn|32
|
|move|p2a: Hattrem|Psychic|p1a: Clefairy
|-damage|p1a: Clefairy|63/100 par
|move|p1a: Clefairy|Moonblast|p2a: Hattrem
|-damage|p2a: Hattrem|0 fnt
|faint|p2a: Hattrem
|
|upkeep
|
|switch|p2a: Gloom|Gloom, M|74/100
|-damage|p2a: Gloom|61/100|[from] Stealth Rock
|turn|33
|
|switch|p1a: Roselia|Roselia, M|47/100
|-damage|p1a: Roselia|35/100|[from] Stealth Rock
|move|p2a: Gloom|Sludge Bomb|p1a: Roselia
|-damage|p1a: Roselia|9/100
|
|upkeep
|turn|34
|
|switch|p2a: Heatmor|Heatmor, F|99/100
|-damage|p2a: Heatmor|75/100|[from] Stealth Rock
|move|p1a: Roselia|Synthesis|p1a: Roselia
|-heal|p1a: Roselia|59/100
|
|-heal|p2a: Heatmor|81/100|[from] item: Leftovers
|upkeep
|turn|35
|j|+tjay
|
|switch|p1a: Frillish|Frillish, M|100/100 par
|-damage|p1a: Frillish|88/100 par|[from] Stealth Rock
|move|p2a: Heatmor|Fire Lash|p1a: Frillish
|-resisted|p1a: Frillish
|-damage|p1a: Frillish|73/100 par
|-unboost|p1a: Frillish|def|1
|
|-heal|p2a: Heatmor|87/100|[from] item: Leftovers
|upkeep
|turn|36
|
|move|p2a: Heatmor|Knock Off|p1a: Frillish
|-supereffective|p1a: Frillish
|-damage|p1a: Frillish|6/100 par
|-enditem|p1a: Frillish|Eviolite|[from] move: Knock Off|[of] p2a: Heatmor
|move|p1a: Frillish|Hex|p2a: Heatmor
|-damage|p2a: Heatmor|65/100
|
|-heal|p2a: Heatmor|71/100|[from] item: Leftovers
|upkeep
|turn|37
|c|☆HJAD|gg
|
|move|p2a: Heatmor|Fire Lash|p1a: Frillish
|-resisted|p1a: Frillish
|-damage|p1a: Frillish|0 fnt
|faint|p1a: Frillish
|
|-heal|p2a: Heatmor|77/100|[from] item: Leftovers
|upkeep
|-message|HJAD forfeited.
|
|win|Brandon
|l|☆HJAD
|c|☆Brandon|Gg
|l|+tjay
|l| royesk
