|j|☆Heracross2.0
|j|☆JKoster
|t:|1649347565
|gametype|singles
|player|p1|Heracross2.0|klara|
|player|p2|JKoster|lusamine|
|teamsize|p1|6
|teamsize|p2|6
|gen|8
|tier|[Gen 8] PU
|rated|Tournament battle
|rule|Sleep Clause Mod: Limit one foe put to sleep
|rule|Species Clause: Limit one of each Pokémon
|rule|OHKO Clause: OHKO moves are banned
|rule|Evasion Moves Clause: Evasion moves are banned
|rule|Endless Battle Clause: Forcing endless battles is banned
|rule|HP Percentage Mod: HP is shown in percentages
|rule|Dynamax Clause: You cannot dynamax
|clearpoke
|poke|p1|Pincurchin, M|
|poke|p1|Manectric, F|
|poke|p1|Whimsicott, F|
|poke|p1|Weezing, F|
|poke|p1|Quagsire, M|
|poke|p1|Archeops, M|
|poke|p2|Cursola, M|
|poke|p2|Aromatisse, F|
|poke|p2|Musharna, F|
|poke|p2|Druddigon, F|
|poke|p2|Aggron, M|
|poke|p2|Sneasel, F|
|teampreview
|inactive|Battle timer is ON: inactive players will automatically lose when time's up. (requested by JKoster)
|j| Haffling
|c|☆JKoster|glhf
|j| Visegrad
|c|☆Heracross2.0|Same
|inactive|JKoster has 120 seconds left.
|
|t:|1649347597
|start
|switch|p1a: Pinchy|Pincurchin, M, shiny|100/100
|switch|p2a: Musharna|Musharna, F|100/100
|-fieldstart|move: Electric Terrain|[from] ability: Electric Surge|[of] p1a: Pinchy
|turn|1
|
|t:|1649347608
|move|p2a: Musharna|Magic Coat|p2a: Musharna
|-singleturn|p2a: Musharna|move: Magic Coat
|move|p1a: Pinchy|Rising Voltage|p2a: Musharna
|-hint|Rising Voltage's BP doubled on grounded target.
|-damage|p2a: Musharna|5/100
|
|upkeep
|turn|2
|
|t:|1649347615
|move|p1a: Pinchy|Rising Voltage|p2a: Musharna
|-hint|Rising Voltage's BP doubled on grounded target.
|-damage|p2a: Musharna|0 fnt
|faint|p2a: Musharna
|
|upkeep
|c|☆JKoster|stronk pinchy
|
|t:|1649347637
|switch|p2a: B.A.D.|Sneasel, F|100/100
|turn|3
|
|t:|1649347641
|switch|p1a: Don't Smoke|Weezing, F|100/100
|-ability|p1a: Don't Smoke|Neutralizing Gas
|move|p2a: B.A.D.|Knock Off|p1a: Don't Smoke
|-damage|p1a: Don't Smoke|65/100
|-enditem|p1a: Don't Smoke|Black Sludge|[from] move: Knock Off|[of] p2a: B.A.D.
|-damage|p2a: B.A.D.|91/100|[from] item: Life Orb
|
|upkeep
|turn|4
|
|t:|1649347652
|switch|p2a: My Corsola died :(|Cursola, M, shiny|100/100
|move|p1a: Don't Smoke|Toxic Spikes|p2a: My Corsola died :(
|-sidestart|p2: JKoster|move: Toxic Spikes
|
|upkeep
|turn|5
|
|t:|1649347659
|-end|p1a: Don't Smoke|ability: Neutralizing Gas
|switch|p1a: Whimsical|Whimsicott, F|100/100
|move|p2a: My Corsola died :(|Shadow Ball|p1a: Whimsical
|-damage|p1a: Whimsical|0 fnt
|faint|p1a: Whimsical
|
|-fieldend|move: Electric Terrain
|upkeep
|
|t:|1649347664
|switch|p1a: blind as a bat|Archeops, M|100/100
|turn|6
|inactive|JKoster has 120 seconds left.
|
|t:|1649347695
|switch|p2a: Gone|Druddigon, F, shiny|100/100
|-status|p2a: Gone|psn
|move|p1a: blind as a bat|Stealth Rock|p2a: Gone
|-sidestart|p2: JKoster|move: Stealth Rock
|
|-damage|p2a: Gone|88/100 psn|[from] psn
|upkeep
|turn|7
|
|t:|1649347707
|move|p1a: blind as a bat|U-turn|p2a: Gone
|-damage|p2a: Gone|64/100 psn
|
|t:|1649347710
|switch|p1a: Sire|Quagsire, M|100/100|[from]move: U-turn
|move|p2a: Gone|Outrage|p1a: Sire
|-damage|p1a: Sire|41/100
|-damage|p2a: Gone|54/100 psn|[from] item: Life Orb
|
|-damage|p2a: Gone|42/100 psn|[from] psn
|upkeep
|turn|8
|
|t:|1649347719
|switch|p1a: blind as a bat|Archeops, M|100/100
|move|p2a: Gone|Outrage|p1a: blind as a bat|[from]lockedmove
|-damage|p1a: blind as a bat|0 fnt
|faint|p1a: blind as a bat
|-damage|p2a: Gone|32/100 psn|[from] item: Life Orb
|-start|p2a: Gone|confusion|[fatigue]
|
|-damage|p2a: Gone|20/100 psn|[from] psn
|upkeep
|
|t:|1649347721
|switch|p1a: Rough Mane|Manectric, F|100/100
|turn|9
|
|t:|1649347730
|-activate|p2a: Gone|confusion
|move|p2a: Gone|Sucker Punch|p1a: Rough Mane
|-damage|p1a: Rough Mane|35/100
|-damage|p2a: Gone|10/100 psn|[from] item: Life Orb
|move|p1a: Rough Mane|Volt Switch|p2a: Gone
|-resisted|p2a: Gone
|-damage|p2a: Gone|0 fnt
|faint|p2a: Gone
|
|t:|1649347740
|switch|p1a: Pinchy|Pincurchin, M, shiny|100/100|[from]move: Volt Switch
|-fieldstart|move: Electric Terrain|[from] ability: Electric Surge|[of] p1a: Pinchy
|
|upkeep
|
|t:|1649347746
|switch|p2a: B.A.D.|Sneasel, F|91/100
|-damage|p2a: B.A.D.|66/100|[from] Stealth Rock
|-status|p2a: B.A.D.|psn
|turn|10
|
|t:|1649347749
|switch|p1a: Don't Smoke|Weezing, F|65/100
|-ability|p1a: Don't Smoke|Neutralizing Gas
|move|p2a: B.A.D.|Knock Off|p1a: Don't Smoke
|-damage|p1a: Don't Smoke|43/100
|-damage|p2a: B.A.D.|56/100 psn|[from] item: Life Orb
|
|-damage|p2a: B.A.D.|44/100 psn|[from] psn
|upkeep
|turn|11
|
|t:|1649347757
|move|p2a: B.A.D.|Icicle Crash|p1a: Don't Smoke
|-damage|p1a: Don't Smoke|10/100
|-damage|p2a: B.A.D.|34/100 psn|[from] item: Life Orb
|move|p1a: Don't Smoke|Pain Split|p2a: B.A.D.
|-sethp|p2a: B.A.D.|23/100 psn|[from] move: Pain Split|[silent]
|-sethp|p1a: Don't Smoke|17/100|[from] move: Pain Split
|
|-damage|p2a: B.A.D.|10/100 psn|[from] psn
|upkeep
|turn|12
|
|t:|1649347763
|move|p2a: B.A.D.|Icicle Crash|p1a: Don't Smoke
|-damage|p1a: Don't Smoke|0 fnt
|faint|p1a: Don't Smoke
|-end|p1a: Don't Smoke|ability: Neutralizing Gas
|-damage|p2a: B.A.D.|0 fnt|[from] item: Life Orb
|faint|p2a: B.A.D.
|
|upkeep
|
|t:|1649347792
|switch|p2a: Aromatisse|Aromatisse, F|100/100
|switch|p1a: Pinchy|Pincurchin, M, shiny|100/100
|-damage|p2a: Aromatisse|88/100|[from] Stealth Rock
|-status|p2a: Aromatisse|psn
|turn|13
|
|t:|1649347795
|move|p1a: Pinchy|Rising Voltage|p2a: Aromatisse
|-hint|Rising Voltage's BP doubled on grounded target.
|-damage|p2a: Aromatisse|20/100 psn
|move|p2a: Aromatisse|Trick Room|p2a: Aromatisse
|-fieldstart|move: Trick Room|[of] p2a: Aromatisse
|
|-heal|p2a: Aromatisse|26/100 psn|[from] item: Leftovers
|-damage|p2a: Aromatisse|14/100 psn|[from] psn
|-fieldend|move: Electric Terrain
|upkeep
|turn|14
|
|t:|1649347801
|move|p2a: Aromatisse|Misty Explosion|p1a: Pinchy
|-damage|p1a: Pinchy|48/100
|faint|p2a: Aromatisse
|move|p1a: Pinchy|Rising Voltage|p2: Aromatisse|[notarget]
|-fail|p1a: Pinchy
|
|upkeep
|
|t:|1649347811
|switch|p2a: My Corsola died :(|Cursola, M, shiny|100/100
|-status|p2a: My Corsola died :(|psn
|-damage|p2a: My Corsola died :(|88/100 psn|[from] Stealth Rock
|turn|15
|c|☆Heracross2.0|Yeah that's game
|c|☆Heracross2.0|Gg
|-message|Heracross2.0 forfeited.
|
|win|JKoster
|n|☆Heracross2.0|heracross20
|n|☆JKoster|jkoster
|n| Haffling|haffling
|n| Visegrad|visegrad
