|j|☆Elli copter
|j|☆ayo bb
|t:|1620644895
|gametype|singles
|player|p1|Elli copter|policeman-gen4|1396
|player|p2|ayo bb|170|1589
|teamsize|p1|6
|teamsize|p2|6
|gen|8
|tier|[Gen 8] PU
|rated|
|rule|Sleep Clause Mod: Limit one foe put to sleep
|rule|Species Clause: Limit one of each Pokémon
|rule|OHKO Clause: OHKO moves are banned
|rule|Evasion Moves Clause: Evasion moves are banned
|rule|Endless Battle Clause: Forcing endless battles is banned
|rule|HP Percentage Mod: HP is shown in percentages
|rule|Dynamax Clause: You cannot dynamax
|clearpoke
|poke|p1|Froslass, F|
|poke|p1|Regirock|
|poke|p1|Altaria, M|
|poke|p1|Magmortar, F|
|poke|p1|Tangela, F|
|poke|p1|Mesprit|
|poke|p2|Gigalith, M|
|poke|p2|Stunfisk-Galar, F|
|poke|p2|Cramorant, M|
|poke|p2|Perrserker, M|
|poke|p2|Aromatisse, M|
|poke|p2|Flapple, F|
|teampreview
|
|t:|1620644929
|start
|switch|p1a: Caramel|Regirock, shiny|100/100
|switch|p2a: Cramorant|Cramorant, M|100/100
|turn|1
|
|t:|1620644935
|switch|p1a: Bobby|Mesprit|100/100
|move|p2a: Cramorant|Surf|p1a: Bobby
|-formechange|p2a: Cramorant|Cramorant-Gulping|
|-damage|p1a: Bobby|77/100
|
|upkeep
|turn|2
|
|t:|1620644940
|move|p2a: Cramorant|Hurricane|p1a: Bobby
|-damage|p1a: Bobby|50/100
|move|p1a: Bobby|Psychic|p2a: Cramorant
|-damage|p2a: Cramorant|44/100
|-unboost|p2a: Cramorant|spd|1
|-damage|p1a: Bobby|25/100|[from] ability: Gulp Missile|[of] p2a: Cramorant
|-unboost|p1a: Bobby|def|1
|-formechange|p2a: Cramorant|Cramorant|
|
|upkeep
|turn|3
|inactive|Battle timer is ON: inactive players will automatically lose when time's up. (requested by Elli copter)
|
|t:|1620644948
|move|p2a: Cramorant|Hurricane|p1a: Bobby
|-damage|p1a: Bobby|0 fnt
|faint|p1a: Bobby
|
|upkeep
|
|t:|1620644956
|switch|p1a: Sakura|Froslass, F|100/100
|turn|4
|
|t:|1620644960
|switch|p2a: Aromatisse|Aromatisse, M|100/100
|move|p1a: Sakura|Poltergeist||[still]
|-fail|p1a: Sakura
|
|upkeep
|turn|5
|
|t:|1620644962
|move|p1a: Sakura|Poltergeist||[still]
|-fail|p1a: Sakura
|move|p2a: Aromatisse|Moonblast|p1a: Sakura
|-damage|p1a: Sakura|45/100
|-unboost|p1a: Sakura|spa|1
|
|upkeep
|turn|6
|c|☆Elli copter|Ok 200iq
|c|☆Elli copter|Running without item
|
|t:|1620644983
|switch|p1a: Vieux motard|Magmortar, F|100/100
|move|p2a: Aromatisse|Moonblast|p1a: Vieux motard
|-resisted|p1a: Vieux motard
|-damage|p1a: Vieux motard|80/100
|
|upkeep
|turn|7
|c|☆ayo bb|it just eats knock offs anyway lul
|
|t:|1620644989
|move|p2a: Aromatisse|Protect|p2a: Aromatisse
|-singleturn|p2a: Aromatisse|Protect
|move|p1a: Vieux motard|Fire Blast|p2a: Aromatisse
|-activate|p2a: Aromatisse|move: Protect
|
|upkeep
|turn|8
|
|t:|1620644992
|switch|p2a: Gigalith|Gigalith, M|100/100
|-weather|Sandstorm|[from] ability: Sand Stream|[of] p2a: Gigalith
|move|p1a: Vieux motard|Fire Blast|p2a: Gigalith
|-resisted|p2a: Gigalith
|-damage|p2a: Gigalith|79/100
|
|-weather|Sandstorm|[upkeep]
|-damage|p1a: Vieux motard|73/100|[from] Sandstorm
|-heal|p2a: Gigalith|85/100|[from] item: Leftovers
|upkeep
|turn|9
|
|t:|1620644995
|switch|p1a: Spaghet|Tangela, F|100/100
|move|p2a: Gigalith|Stealth Rock|p1a: Spaghet
|-sidestart|p1: Elli copter|move: Stealth Rock
|
|-weather|Sandstorm|[upkeep]
|-damage|p1a: Spaghet|95/100|[from] Sandstorm
|-heal|p2a: Gigalith|91/100|[from] item: Leftovers
|upkeep
|turn|10
|
|t:|1620645000
|switch|p2a: Perrserker|Perrserker, M|100/100
|move|p1a: Spaghet|Sleep Powder|p2a: Perrserker
|-status|p2a: Perrserker|slp|[from] move: Sleep Powder
|
|-weather|Sandstorm|[upkeep]
|-damage|p1a: Spaghet|89/100|[from] Sandstorm
|upkeep
|turn|11
|
|t:|1620645007
|switch|p1a: Vieux motard|Magmortar, F|73/100
|-damage|p1a: Vieux motard|49/100|[from] Stealth Rock
|cant|p2a: Perrserker|slp
|
|-weather|Sandstorm|[upkeep]
|-damage|p1a: Vieux motard|42/100|[from] Sandstorm
|upkeep
|turn|12
|
|t:|1620645014
|switch|p2a: Cramorant|Cramorant, M|44/100
|move|p1a: Vieux motard|Focus Blast|p2a: Cramorant
|-resisted|p2a: Cramorant
|-damage|p2a: Cramorant|2/100
|
|-weather|none
|upkeep
|turn|13
|
|t:|1620645017
|move|p2a: Cramorant|Surf|p1a: Vieux motard
|-formechange|p2a: Cramorant|Cramorant-Gorging|
|-supereffective|p1a: Vieux motard
|-damage|p1a: Vieux motard|0 fnt
|faint|p1a: Vieux motard
|
|upkeep
|-message|Elli copter forfeited.
|
|win|ayo bb
|raw|Elli copter's rating: 1396 &rarr; <strong>1386</strong><br />(-10 for losing)
|raw|ayo bb's rating: 1589 &rarr; <strong>1599</strong><br />(+10 for winning)
|l|☆Elli copter
