|j|☆sdafaaf
|j|☆un vigoroth
|player|p1|sdafaaf|126|
|player|p2|un vigoroth|swimmer-gen4dp|
|teamsize|p1|6
|teamsize|p2|6
|gametype|singles
|gen|8
|tier|[Gen 8] PU
|rated|Tournament battle
|clearpoke
|poke|p1|Thwackey, F|
|poke|p1|Raboot, F|
|poke|p1|Palpitoad, M|
|poke|p1|Manectric, F|
|poke|p1|Rapidash-Galar, F|
|poke|p1|Silvally-*|
|poke|p2|Ludicolo, M|
|poke|p2|Type: Null|
|poke|p2|Mawile, F|
|poke|p2|Manectric, F|
|poke|p2|Mr. Mime, M|
|poke|p2|Throh, M|
|rule|Sleep Clause Mod: Limit one foe put to sleep
|rule|Species Clause: Limit one of each Pokémon
|rule|OHKO Clause: OHKO moves are banned
|rule|Evasion Moves Clause: Evasion moves are banned
|rule|Endless Battle Clause: Forcing endless battles is banned
|rule|HP Percentage Mod: HP is shown in percentages
|rule|Dynamax Clause: You cannot dynamax
|teampreview
|
|start
|switch|p1a: Raboot|Raboot, F|100/100
|switch|p2a: Ludicolo|Ludicolo, M|100/100
|turn|1
|
|move|p1a: Raboot|U-turn|p2a: Ludicolo
|-start|p1a: Raboot|typechange|Bug|[from] ability: Libero
|-supereffective|p2a: Ludicolo
|-damage|p2a: Ludicolo|16/100
|c|☆un vigoroth|ohhh
|c|☆un vigoroth|its released
|
|switch|p1a: Thwackey|Thwackey, F|100/100|[from]move: U-turn
|-fieldstart|move: Grassy Terrain|[from] ability: Grassy Surge|[of] p1a: Thwackey
|move|p2a: Ludicolo|Hydro Pump|p1a: Thwackey|[miss]
|-miss|p2a: Ludicolo|p1a: Thwackey
|
|-heal|p2a: Ludicolo|22/100|[from] Grassy Terrain
|upkeep
|turn|2
|c|☆sdafaaf|its been freed
|
|move|p1a: Thwackey|U-turn|p2a: Ludicolo
|-supereffective|p2a: Ludicolo
|-damage|p2a: Ludicolo|0 fnt
|faint|p2a: Ludicolo
|
|switch|p1a: Raboot|Raboot, F|100/100|[from]move: U-turn
|
|upkeep
|
|switch|p2a: Throh|Throh, M|100/100
|turn|3
|
|move|p1a: Raboot|U-turn|p2a: Throh
|-start|p1a: Raboot|typechange|Bug|[from] ability: Libero
|-resisted|p2a: Throh
|-damage|p2a: Throh|92/100
|
|switch|p1a: Rapidash|Rapidash-Galar, F|100/100|[from]move: U-turn
|move|p2a: Throh|Knock Off|p1a: Rapidash
|-damage|p1a: Rapidash|65/100
|-enditem|p1a: Rapidash|Life Orb|[from] move: Knock Off|[of] p2a: Throh
|
|-heal|p1a: Rapidash|71/100|[from] Grassy Terrain
|-heal|p2a: Throh|98/100|[from] item: Leftovers
|-heal|p2a: Throh|100/100|[from] Grassy Terrain
|upkeep
|turn|4
|
|switch|p2a: Mawile|Mawile, F|100/100
|-ability|p2a: Mawile|Intimidate|boost
|-unboost|p1a: Rapidash|atk|1
|move|p1a: Rapidash|Calm Mind|p1a: Rapidash
|-boost|p1a: Rapidash|spa|1
|-boost|p1a: Rapidash|spd|1
|
|-heal|p1a: Rapidash|78/100|[from] Grassy Terrain
|upkeep
|turn|5
|
|switch|p2a: Type: Null|Type: Null|100/100
|move|p1a: Rapidash|Mystical Fire|p2a: Type: Null
|-damage|p2a: Type: Null|87/100
|-unboost|p2a: Type: Null|spa|1
|
|-heal|p1a: Rapidash|84/100|[from] Grassy Terrain
|-heal|p2a: Type: Null|93/100|[from] Grassy Terrain
|-fieldend|move: Grassy Terrain
|upkeep
|turn|6
|
|move|p1a: Rapidash|Calm Mind|p1a: Rapidash
|-boost|p1a: Rapidash|spa|1
|-boost|p1a: Rapidash|spd|1
|move|p2a: Type: Null|Toxic|p1a: Rapidash
|-immune|p1a: Rapidash|[from] ability: Pastel Veil
|
|upkeep
|turn|7
|c|☆un vigoroth|oh wut
|
|move|p1a: Rapidash|Calm Mind|p1a: Rapidash
|-boost|p1a: Rapidash|spa|1
|-boost|p1a: Rapidash|spd|1
|move|p2a: Type: Null|U-turn|p1a: Rapidash
|-damage|p1a: Rapidash|58/100
|
|switch|p2a: Mr. Mime|Mr. Mime, M|100/100|[from]move: U-turn
|
|upkeep
|turn|8
|
|move|p2a: Mr. Mime|Trick|p1a: Rapidash
|-activate|p2a: Mr. Mime|move: Trick|[of] p1a: Rapidash
|-item|p1a: Rapidash|Choice Scarf|[from] move: Trick
|-enditem|p2a: Mr. Mime|Choice Scarf|[silent]|[from] move: Trick
|move|p1a: Rapidash|Mystical Fire|p2a: Mr. Mime
|-damage|p2a: Mr. Mime|41/100
|-unboost|p2a: Mr. Mime|spa|1
|
|upkeep
|turn|9
|
|switch|p2a: Type: Null|Type: Null|93/100
|move|p1a: Rapidash|Mystical Fire|p2a: Type: Null
|-damage|p2a: Type: Null|73/100
|-unboost|p2a: Type: Null|spa|1
|
|upkeep
|turn|10
|
|move|p1a: Rapidash|Mystical Fire|p2a: Type: Null
|-damage|p2a: Type: Null|52/100
|-unboost|p2a: Type: Null|spa|1
|move|p2a: Type: Null|U-turn|p1a: Rapidash
|-damage|p1a: Rapidash|30/100
|
|switch|p2a: Throh|Throh, M|100/100|[from]move: U-turn
|
|upkeep
|turn|11
|
|switch|p1a: Palpitoad|Palpitoad, M|100/100
|move|p2a: Throh|Storm Throw|p1a: Palpitoad
|-crit|p1a: Palpitoad
|-damage|p1a: Palpitoad|81/100
|
|upkeep
|turn|12
|
|move|p1a: Palpitoad|Stealth Rock|p2a: Throh
|-sidestart|p2: un vigoroth|move: Stealth Rock
|move|p2a: Throh|Knock Off|p1a: Palpitoad
|-damage|p1a: Palpitoad|66/100
|-enditem|p1a: Palpitoad|Eviolite|[from] move: Knock Off|[of] p2a: Throh
|
|upkeep
|turn|13
|
|move|p1a: Palpitoad|Toxic|p2a: Throh
|-status|p2a: Throh|tox
|move|p2a: Throh|Storm Throw|p1a: Palpitoad
|-crit|p1a: Palpitoad
|-damage|p1a: Palpitoad|22/100
|
|-damage|p2a: Throh|94/100 tox|[from] psn
|upkeep
|turn|14
|
|move|p1a: Palpitoad|Earth Power|p2a: Throh
|-damage|p2a: Throh|75/100 tox
|move|p2a: Throh|Storm Throw|p1a: Palpitoad
|-crit|p1a: Palpitoad
|-damage|p1a: Palpitoad|0 fnt
|faint|p1a: Palpitoad
|
|-heal|p2a: Throh|81/100 tox|[from] item: Leftovers
|-damage|p2a: Throh|69/100 tox|[from] psn
|upkeep
|
|switch|p1a: Rapidash|Rapidash-Galar, F|30/100
|turn|15
|
|switch|p2a: Type: Null|Type: Null|52/100
|-damage|p2a: Type: Null|40/100|[from] Stealth Rock
|move|p1a: Rapidash|Psychic|p2a: Type: Null
|-damage|p2a: Type: Null|26/100
|
|upkeep
|turn|16
|
|switch|p1a: Thwackey|Thwackey, F|100/100
|-fieldstart|move: Grassy Terrain|[from] ability: Grassy Surge|[of] p1a: Thwackey
|move|p2a: Type: Null|Rest|p2a: Type: Null
|-status|p2a: Type: Null|slp|[from] move: Rest
|-heal|p2a: Type: Null|100/100 slp|[silent]
|
|upkeep
|turn|17
|
|switch|p2a: Mawile|Mawile, F|100/100
|-damage|p2a: Mawile|94/100|[from] Stealth Rock
|-ability|p2a: Mawile|Intimidate|boost
|-unboost|p1a: Thwackey|atk|1
|move|p1a: Thwackey|U-turn|p2a: Mawile
|-resisted|p2a: Mawile
|-damage|p2a: Mawile|92/100
|
|switch|p1a: Raboot|Raboot, F|100/100|[from]move: U-turn
|
|-heal|p2a: Mawile|98/100|[from] Grassy Terrain
|upkeep
|turn|18
|
|switch|p2a: Mr. Mime|Mr. Mime, M|41/100
|-damage|p2a: Mr. Mime|29/100|[from] Stealth Rock
|move|p1a: Raboot|Flare Blitz|p2a: Mr. Mime
|-damage|p2a: Mr. Mime|0 fnt
|-damage|p1a: Raboot|93/100|[from] Recoil
|faint|p2a: Mr. Mime
|
|-heal|p1a: Raboot|99/100|[from] Grassy Terrain
|upkeep
|
|switch|p2a: Manectric|Manectric, F|100/100
|-damage|p2a: Manectric|88/100|[from] Stealth Rock
|turn|19
|
|switch|p1a: Manectric|Manectric, F|100/100
|move|p2a: Manectric|Overheat|p1a: Manectric
|-damage|p1a: Manectric|1/100
|-unboost|p2a: Manectric|spa|2
|
|-heal|p1a: Manectric|7/100|[from] Grassy Terrain
|-heal|p2a: Manectric|94/100|[from] Grassy Terrain
|upkeep
|turn|20
|c|☆un vigoroth|wait what
|
|switch|p1a: Raboot|Raboot, F|99/100
|move|p2a: Manectric|Overheat|p1a: Raboot
|-resisted|p1a: Raboot
|-damage|p1a: Raboot|70/100
|-unboost|p2a: Manectric|spa|2
|
|-heal|p2a: Manectric|99/100|[from] Grassy Terrain
|-heal|p1a: Raboot|76/100|[from] Grassy Terrain
|-fieldend|move: Grassy Terrain
|upkeep
|turn|21
|
|switch|p2a: Mawile|Mawile, F|98/100
|-damage|p2a: Mawile|92/100|[from] Stealth Rock
|-ability|p2a: Mawile|Intimidate|boost
|-unboost|p1a: Raboot|atk|1
|move|p1a: Raboot|Flare Blitz|p2a: Mawile
|-supereffective|p2a: Mawile
|-damage|p2a: Mawile|39/100
|-damage|p1a: Raboot|57/100|[from] Recoil
|
|upkeep
|turn|22
|
|switch|p2a: Throh|Throh, M|69/100 tox
|-damage|p2a: Throh|63/100 tox|[from] Stealth Rock
|move|p1a: Raboot|Flare Blitz|p2a: Throh
|-damage|p2a: Throh|45/100 tox
|-damage|p1a: Raboot|47/100|[from] Recoil
|
|-heal|p2a: Throh|51/100 tox|[from] item: Leftovers
|-damage|p2a: Throh|45/100 tox|[from] psn
|upkeep
|turn|23
|
|move|p1a: Raboot|U-turn|p2a: Throh
|-start|p1a: Raboot|typechange|Bug|[from] ability: Libero
|-resisted|p2a: Throh
|-crit|p2a: Throh
|-damage|p2a: Throh|31/100 tox
|
|switch|p1a: Silvally|Silvally-Grass|100/100|[from]move: U-turn
|move|p2a: Throh|Rest|p2a: Throh
|-status|p2a: Throh|slp|[from] move: Rest
|-heal|p2a: Throh|100/100 slp|[silent]
|
|upkeep
|turn|24
|
|move|p1a: Silvally|Parting Shot|p2a: Throh
|-unboost|p2a: Throh|atk|1
|-unboost|p2a: Throh|spa|1
|
|switch|p1a: Manectric|Manectric, F|7/100|[from]move: Parting Shot
|cant|p2a: Throh|slp
|move|p2a: Throh|Sleep Talk|p2a: Throh
|move|p2a: Throh|Storm Throw|p1a: Manectric|[from]Sleep Talk
|-crit|p1a: Manectric
|-damage|p1a: Manectric|0 fnt
|faint|p1a: Manectric
|
|upkeep
|
|switch|p1a: Rapidash|Rapidash-Galar, F|30/100
|turn|25
|
|switch|p2a: Type: Null|Type: Null|100/100 slp
|-damage|p2a: Type: Null|88/100 slp|[from] Stealth Rock
|move|p1a: Rapidash|Morning Sun|p1a: Rapidash
|-heal|p1a: Rapidash|80/100
|
|upkeep
|turn|26
|
|switch|p1a: Thwackey|Thwackey, F|100/100
|-fieldstart|move: Grassy Terrain|[from] ability: Grassy Surge|[of] p1a: Thwackey
|cant|p2a: Type: Null|slp
|move|p2a: Type: Null|Sleep Talk|p2a: Type: Null
|move|p2a: Type: Null|Toxic|p1a: Thwackey|[from]Sleep Talk
|-status|p1a: Thwackey|tox
|
|-heal|p2a: Type: Null|94/100 slp|[from] Grassy Terrain
|-damage|p1a: Thwackey|94/100 tox|[from] psn
|upkeep
|turn|27
|
|switch|p2a: Mawile|Mawile, F|39/100
|-damage|p2a: Mawile|32/100|[from] Stealth Rock
|-ability|p2a: Mawile|Intimidate|boost
|-unboost|p1a: Thwackey|atk|1
|move|p1a: Thwackey|U-turn|p2a: Mawile
|-resisted|p2a: Mawile
|-damage|p2a: Mawile|29/100
|
|switch|p1a: Rapidash|Rapidash-Galar, F|80/100|[from]move: U-turn
|
|-heal|p1a: Rapidash|86/100|[from] Grassy Terrain
|-heal|p2a: Mawile|36/100|[from] Grassy Terrain
|upkeep
|turn|28
|
|switch|p2a: Type: Null|Type: Null|94/100 slp
|-damage|p2a: Type: Null|82/100 slp|[from] Stealth Rock
|move|p1a: Rapidash|Mystical Fire|p2a: Type: Null
|-damage|p2a: Type: Null|73/100 slp
|-unboost|p2a: Type: Null|spa|1
|
|-heal|p1a: Rapidash|92/100|[from] Grassy Terrain
|-heal|p2a: Type: Null|79/100 slp|[from] Grassy Terrain
|upkeep
|turn|29
|
|switch|p1a: Silvally|Silvally-Grass|100/100
|cant|p2a: Type: Null|slp
|move|p2a: Type: Null|Sleep Talk|p2a: Type: Null
|move|p2a: Type: Null|Rest|p2a: Type: Null|[from]Sleep Talk
|-fail|p2a: Type: Null
|
|-heal|p2a: Type: Null|85/100 slp|[from] Grassy Terrain
|upkeep
|turn|30
|
|move|p1a: Silvally|Parting Shot|p2a: Type: Null
|-unboost|p2a: Type: Null|atk|1
|-unboost|p2a: Type: Null|spa|1
|
|switch|p1a: Thwackey|Thwackey, F|94/100 tox|[from]move: Parting Shot
|-curestatus|p2a: Type: Null|slp|[msg]
|move|p2a: Type: Null|Toxic|p1a: Thwackey
|-fail|p1a: Thwackey|tox
|
|-heal|p1a: Thwackey|100/100 tox|[from] Grassy Terrain
|-heal|p2a: Type: Null|91/100|[from] Grassy Terrain
|-fieldend|move: Grassy Terrain
|-damage|p1a: Thwackey|94/100 tox|[from] psn
|upkeep
|turn|31
|
|switch|p2a: Mawile|Mawile, F|36/100
|-damage|p2a: Mawile|29/100|[from] Stealth Rock
|-ability|p2a: Mawile|Intimidate|boost
|-unboost|p1a: Thwackey|atk|1
|move|p1a: Thwackey|Knock Off|p2a: Mawile
|-resisted|p2a: Mawile
|-damage|p2a: Mawile|22/100
|-enditem|p2a: Mawile|Shuca Berry|[from] move: Knock Off|[of] p1a: Thwackey
|
|-damage|p1a: Thwackey|82/100 tox|[from] psn
|upkeep
|turn|32
|
|switch|p1a: Silvally|Silvally-Grass|100/100
|move|p2a: Mawile|Stealth Rock|p1a: Silvally
|-sidestart|p1: sdafaaf|move: Stealth Rock
|
|upkeep
|turn|33
|
|move|p1a: Silvally|Defog|p2a: Mawile
|-unboost|p2a: Mawile|evasion|1
|-sideend|p2: un vigoroth|Stealth Rock|[from] move: Defog|[of] p1a: Silvally
|-sideend|p1: sdafaaf|Stealth Rock|[from] move: Defog|[of] p1a: Silvally
|move|p2a: Mawile|Toxic|p1a: Silvally
|-status|p1a: Silvally|tox
|
|-damage|p1a: Silvally|94/100 tox|[from] psn
|upkeep
|turn|34
|
|switch|p2a: Throh|Throh, M|100/100 slp
|move|p1a: Silvally|Flamethrower|p2a: Throh
|-damage|p2a: Throh|79/100 slp
|
|-heal|p2a: Throh|85/100 slp|[from] item: Leftovers
|-damage|p1a: Silvally|82/100 tox|[from] psn
|upkeep
|turn|35
|
|move|p1a: Silvally|Parting Shot|p2a: Throh
|-unboost|p2a: Throh|atk|1
|-unboost|p2a: Throh|spa|1
|
|switch|p1a: Rapidash|Rapidash-Galar, F|92/100|[from]move: Parting Shot
|cant|p2a: Throh|slp
|move|p2a: Throh|Sleep Talk|p2a: Throh
|move|p2a: Throh|Rest|p2a: Throh|[from]Sleep Talk
|-fail|p2a: Throh
|
|-heal|p2a: Throh|91/100 slp|[from] item: Leftovers
|upkeep
|turn|36
|
|switch|p1a: Thwackey|Thwackey, F|82/100 tox
|-fieldstart|move: Grassy Terrain|[from] ability: Grassy Surge|[of] p1a: Thwackey
|switch|p2a: Type: Null|Type: Null|91/100
|
|-heal|p1a: Thwackey|88/100 tox|[from] Grassy Terrain
|-heal|p2a: Type: Null|97/100|[from] Grassy Terrain
|-damage|p1a: Thwackey|82/100 tox|[from] psn
|upkeep
|turn|37
|
|switch|p2a: Mawile|Mawile, F|22/100
|-ability|p2a: Mawile|Intimidate|boost
|-unboost|p1a: Thwackey|atk|1
|move|p1a: Thwackey|Wood Hammer|p2a: Mawile
|-resisted|p2a: Mawile
|-damage|p2a: Mawile|3/100
|-damage|p1a: Thwackey|76/100 tox|[from] Recoil
|
|-heal|p1a: Thwackey|82/100 tox|[from] Grassy Terrain
|-heal|p2a: Mawile|10/100|[from] Grassy Terrain
|-damage|p1a: Thwackey|70/100 tox|[from] psn
|upkeep
|turn|38
|
|switch|p2a: Throh|Throh, M|91/100 slp
|move|p1a: Thwackey|Wood Hammer|p2a: Throh
|-damage|p2a: Throh|65/100 slp
|-damage|p1a: Thwackey|56/100 tox|[from] Recoil
|
|-heal|p1a: Thwackey|62/100 tox|[from] Grassy Terrain
|-heal|p2a: Throh|71/100 slp|[from] item: Leftovers
|-heal|p2a: Throh|77/100 slp|[from] Grassy Terrain
|-damage|p1a: Thwackey|44/100 tox|[from] psn
|upkeep
|turn|39
|
|switch|p1a: Rapidash|Rapidash-Galar, F|92/100
|-curestatus|p2a: Throh|slp|[msg]
|move|p2a: Throh|Storm Throw|p1a: Rapidash
|-resisted|p1a: Rapidash
|-crit|p1a: Rapidash
|-damage|p1a: Rapidash|79/100
|
|-heal|p1a: Rapidash|85/100|[from] Grassy Terrain
|-heal|p2a: Throh|83/100|[from] item: Leftovers
|-heal|p2a: Throh|89/100|[from] Grassy Terrain
|upkeep
|turn|40
|
|switch|p2a: Type: Null|Type: Null|97/100
|move|p1a: Rapidash|Psychic|p2a: Type: Null
|-damage|p2a: Type: Null|84/100
|
|-heal|p1a: Rapidash|92/100|[from] Grassy Terrain
|-heal|p2a: Type: Null|90/100|[from] Grassy Terrain
|-fieldend|move: Grassy Terrain
|upkeep
|turn|41
|
|switch|p1a: Silvally|Silvally-Grass|82/100 tox
|move|p2a: Type: Null|U-turn|p1a: Silvally
|-supereffective|p1a: Silvally
|-damage|p1a: Silvally|52/100 tox
|
|switch|p2a: Manectric|Manectric, F|99/100|[from]move: U-turn
|
|-damage|p1a: Silvally|46/100 tox|[from] psn
|upkeep
|turn|42
|
|switch|p1a: Rapidash|Rapidash-Galar, F|92/100
|move|p2a: Manectric|Overheat|p1a: Rapidash|[miss]
|-miss|p2a: Manectric|p1a: Rapidash
|
|upkeep
|turn|43
|c|☆un vigoroth|can I hit a move
|
|move|p1a: Rapidash|Psychic|p2a: Manectric
|-damage|p2a: Manectric|34/100
|move|p2a: Manectric|Overheat|p1a: Rapidash|[miss]
|-miss|p2a: Manectric|p1a: Rapidash
|
|upkeep
|turn|44
|c|☆un vigoroth|oh my
|c|☆sdafaaf|dude youre still gonna win lol
|
|switch|p2a: Type: Null|Type: Null|90/100
|move|p1a: Rapidash|Psychic|p2a: Type: Null
|-damage|p2a: Type: Null|75/100
|
|upkeep
|turn|45
|
|move|p1a: Rapidash|Psychic|p2a: Type: Null
|-damage|p2a: Type: Null|60/100
|move|p2a: Type: Null|U-turn|p1a: Rapidash
|-damage|p1a: Rapidash|64/100
|
|switch|p2a: Throh|Throh, M|89/100|[from]move: U-turn
|
|-heal|p2a: Throh|95/100|[from] item: Leftovers
|upkeep
|turn|46
|
|switch|p1a: Raboot|Raboot, F|47/100
|switch|p2a: Type: Null|Type: Null|60/100
|
|upkeep
|turn|47
|
|switch|p2a: Throh|Throh, M|95/100
|move|p1a: Raboot|High Jump Kick|p2a: Throh
|-start|p1a: Raboot|typechange|Fighting|[from] ability: Libero
|-crit|p2a: Throh
|-damage|p2a: Throh|44/100
|
|-heal|p2a: Throh|50/100|[from] item: Leftovers
|upkeep
|turn|48
|
|move|p1a: Raboot|U-turn|p2a: Throh
|-start|p1a: Raboot|typechange|Bug|[from] ability: Libero
|-resisted|p2a: Throh
|-damage|p2a: Throh|41/100
|
|switch|p1a: Rapidash|Rapidash-Galar, F|64/100|[from]move: U-turn
|move|p2a: Throh|Rest|p2a: Throh
|-status|p2a: Throh|slp|[from] move: Rest
|-heal|p2a: Throh|100/100 slp|[silent]
|
|upkeep
|turn|49
|
|switch|p1a: Raboot|Raboot, F|47/100
|switch|p2a: Type: Null|Type: Null|60/100
|
|upkeep
|turn|50
|
|switch|p2a: Throh|Throh, M|100/100 slp
|move|p1a: Raboot|U-turn|p2a: Throh
|-start|p1a: Raboot|typechange|Bug|[from] ability: Libero
|-resisted|p2a: Throh
|-crit|p2a: Throh
|-damage|p2a: Throh|87/100 slp
|
|switch|p1a: Rapidash|Rapidash-Galar, F|64/100|[from]move: U-turn
|
|-heal|p2a: Throh|93/100 slp|[from] item: Leftovers
|upkeep
|turn|51
|
|switch|p2a: Type: Null|Type: Null|60/100
|move|p1a: Rapidash|Psychic|p2a: Type: Null
|-damage|p2a: Type: Null|45/100
|-unboost|p2a: Type: Null|spd|1
|
|upkeep
|turn|52
|
|switch|p1a: Thwackey|Thwackey, F|44/100 tox
|-fieldstart|move: Grassy Terrain|[from] ability: Grassy Surge|[of] p1a: Thwackey
|move|p2a: Type: Null|Rest|p2a: Type: Null
|-status|p2a: Type: Null|slp|[from] move: Rest
|-heal|p2a: Type: Null|100/100 slp|[silent]
|
|-heal|p1a: Thwackey|50/100 tox|[from] Grassy Terrain
|-damage|p1a: Thwackey|44/100 tox|[from] psn
|upkeep
|turn|53
|
|switch|p2a: Mawile|Mawile, F|10/100
|-ability|p2a: Mawile|Intimidate|boost
|-unboost|p1a: Thwackey|atk|1
|move|p1a: Thwackey|Knock Off|p2a: Mawile
|-resisted|p2a: Mawile
|-damage|p2a: Mawile|4/100
|
|-heal|p1a: Thwackey|50/100 tox|[from] Grassy Terrain
|-heal|p2a: Mawile|10/100|[from] Grassy Terrain
|-damage|p1a: Thwackey|38/100 tox|[from] psn
|upkeep
|turn|54
|
|switch|p1a: Silvally|Silvally-Grass|46/100 tox
|move|p2a: Mawile|Stealth Rock|p1a: Silvally
|-sidestart|p1: sdafaaf|move: Stealth Rock
|
|-heal|p1a: Silvally|52/100 tox|[from] Grassy Terrain
|-heal|p2a: Mawile|17/100|[from] Grassy Terrain
|-damage|p1a: Silvally|46/100 tox|[from] psn
|upkeep
|turn|55
|
|move|p1a: Silvally|Flamethrower|p2a: Mawile
|-supereffective|p2a: Mawile
|-damage|p2a: Mawile|0 fnt
|faint|p2a: Mawile
|
|-heal|p1a: Silvally|52/100 tox|[from] Grassy Terrain
|-damage|p1a: Silvally|39/100 tox|[from] psn
|upkeep
|
|switch|p2a: Manectric|Manectric, F|34/100
|turn|56
|
|move|p2a: Manectric|Overheat|p1a: Silvally
|-supereffective|p1a: Silvally
|-damage|p1a: Silvally|0 fnt
|-unboost|p2a: Manectric|spa|2
|faint|p1a: Silvally
|
|-heal|p2a: Manectric|40/100|[from] Grassy Terrain
|-fieldend|move: Grassy Terrain
|upkeep
|
|switch|p1a: Raboot|Raboot, F|47/100
|turn|57
|
|switch|p2a: Throh|Throh, M|93/100 slp
|move|p1a: Raboot|High Jump Kick|p2a: Throh
|-start|p1a: Raboot|typechange|Fighting|[from] ability: Libero
|-damage|p2a: Throh|59/100 slp
|
|-heal|p2a: Throh|65/100 slp|[from] item: Leftovers
|upkeep
|turn|58
|
|move|p1a: Raboot|U-turn|p2a: Throh
|-start|p1a: Raboot|typechange|Bug|[from] ability: Libero
|-resisted|p2a: Throh
|-damage|p2a: Throh|57/100 slp
|
|switch|p1a: Rapidash|Rapidash-Galar, F|64/100|[from]move: U-turn
|-damage|p1a: Rapidash|52/100|[from] Stealth Rock
|cant|p2a: Throh|slp
|move|p2a: Throh|Sleep Talk|p2a: Throh
|move|p2a: Throh|Storm Throw|p1a: Rapidash|[from]Sleep Talk
|-resisted|p1a: Rapidash
|-crit|p1a: Rapidash
|-damage|p1a: Rapidash|32/100
|
|-heal|p2a: Throh|63/100 slp|[from] item: Leftovers
|upkeep
|turn|59
|
|switch|p1a: Thwackey|Thwackey, F|38/100 tox
|-damage|p1a: Thwackey|26/100 tox|[from] Stealth Rock
|-fieldstart|move: Grassy Terrain|[from] ability: Grassy Surge|[of] p1a: Thwackey
|switch|p2a: Type: Null|Type: Null|100/100 slp
|
|-heal|p1a: Thwackey|32/100 tox|[from] Grassy Terrain
|-damage|p1a: Thwackey|26/100 tox|[from] psn
|upkeep
|turn|60
|
|switch|p2a: Throh|Throh, M|63/100 slp
|move|p1a: Thwackey|Knock Off|p2a: Throh
|-resisted|p2a: Throh
|-damage|p2a: Throh|55/100 slp
|-enditem|p2a: Throh|Leftovers|[from] move: Knock Off|[of] p1a: Thwackey
|
|-heal|p1a: Thwackey|32/100 tox|[from] Grassy Terrain
|-heal|p2a: Throh|61/100 slp|[from] Grassy Terrain
|-damage|p1a: Thwackey|20/100 tox|[from] psn
|upkeep
|turn|61
|
|switch|p1a: Rapidash|Rapidash-Galar, F|32/100
|-damage|p1a: Rapidash|20/100|[from] Stealth Rock
|switch|p2a: Type: Null|Type: Null|100/100 slp
|
|-heal|p1a: Rapidash|26/100|[from] Grassy Terrain
|upkeep
|turn|62
|
|move|p1a: Rapidash|Morning Sun|p1a: Rapidash
|-heal|p1a: Rapidash|76/100
|cant|p2a: Type: Null|slp
|move|p2a: Type: Null|Sleep Talk|p2a: Type: Null
|move|p2a: Type: Null|Toxic|p1a: Rapidash|[from]Sleep Talk
|-block|p1a: Rapidash|ability: Pastel Veil|[of] p1a: Rapidash
|
|-heal|p1a: Rapidash|82/100|[from] Grassy Terrain
|upkeep
|turn|63
|
|switch|p1a: Raboot|Raboot, F|47/100
|cant|p2a: Type: Null|slp
|move|p2a: Type: Null|Sleep Talk|p2a: Type: Null
|move|p2a: Type: Null|U-turn|p1a: Raboot|[from]Sleep Talk
|-resisted|p1a: Raboot
|-damage|p1a: Raboot|32/100
|
|switch|p2a: Throh|Throh, M|61/100 slp|[from]move: U-turn
|
|-heal|p1a: Raboot|38/100|[from] Grassy Terrain
|-heal|p2a: Throh|67/100 slp|[from] Grassy Terrain
|-fieldend|move: Grassy Terrain
|upkeep
|turn|64
|
|move|p1a: Raboot|High Jump Kick|p2a: Throh
|-start|p1a: Raboot|typechange|Fighting|[from] ability: Libero
|-damage|p2a: Throh|35/100 slp
|cant|p2a: Throh|slp
|
|upkeep
|turn|65
|
|move|p1a: Raboot|High Jump Kick|p2a: Throh
|-damage|p2a: Throh|3/100 slp
|-curestatus|p2a: Throh|slp|[msg]
|move|p2a: Throh|Rest|p2a: Throh
|-status|p2a: Throh|slp|[from] move: Rest
|-heal|p2a: Throh|100/100 slp|[silent]
|
|upkeep
|turn|66
|
|move|p1a: Raboot|High Jump Kick|p2a: Throh
|-damage|p2a: Throh|71/100 slp
|cant|p2a: Throh|slp
|
|upkeep
|turn|67
|
|move|p1a: Raboot|High Jump Kick|p2a: Throh
|-damage|p2a: Throh|40/100 slp
|cant|p2a: Throh|slp
|
|upkeep
|turn|68
|
|move|p1a: Raboot|High Jump Kick|p2a: Throh
|-damage|p2a: Throh|10/100 slp
|-curestatus|p2a: Throh|slp|[msg]
|move|p2a: Throh|Rest|p2a: Throh
|-status|p2a: Throh|slp|[from] move: Rest
|-heal|p2a: Throh|100/100 slp|[silent]
|
|upkeep
|turn|69
|
|move|p1a: Raboot|High Jump Kick|p2a: Throh
|-damage|p2a: Throh|67/100 slp
|cant|p2a: Throh|slp
|
|upkeep
|turn|70
|
|move|p1a: Raboot|High Jump Kick|p2a: Throh
|-damage|p2a: Throh|36/100 slp
|cant|p2a: Throh|slp
|
|upkeep
|turn|71
|c|☆sdafaaf|I will eventually fling myself to my death
|
|move|p1a: Raboot|High Jump Kick|p2a: Throh
|-crit|p2a: Throh
|-damage|p2a: Throh|0 fnt
|faint|p2a: Throh
|
|upkeep
|c|☆un vigoroth|wow
|
|switch|p2a: Manectric|Manectric, F|40/100
|turn|72
|c|☆un vigoroth|u didnt even miss once
|
|move|p1a: Raboot|Sucker Punch|p2a: Manectric
|-start|p1a: Raboot|typechange|Dark|[from] ability: Libero
|-crit|p2a: Manectric
|-damage|p2a: Manectric|0 fnt
|faint|p2a: Manectric
|
|upkeep
|
|switch|p2a: Type: Null|Type: Null|100/100 slp
|turn|73
|
|move|p1a: Raboot|U-turn|p2a: Type: Null
|-start|p1a: Raboot|typechange|Bug|[from] ability: Libero
|-damage|p2a: Type: Null|82/100 slp
|
|switch|p1a: Rapidash|Rapidash-Galar, F|82/100|[from]move: U-turn
|-damage|p1a: Rapidash|70/100|[from] Stealth Rock
|-curestatus|p2a: Type: Null|slp|[msg]
|move|p2a: Type: Null|Toxic|p1a: Rapidash
|-block|p1a: Rapidash|ability: Pastel Veil|[of] p1a: Rapidash
|
|upkeep
|turn|74
|
|move|p1a: Rapidash|Psychic|p2a: Type: Null
|-damage|p2a: Type: Null|68/100
|move|p2a: Type: Null|U-turn|p1a: Rapidash
|-damage|p1a: Rapidash|44/100
|
|upkeep
|turn|75
|
|move|p1a: Rapidash|Psychic|p2a: Type: Null
|-damage|p2a: Type: Null|53/100
|move|p2a: Type: Null|U-turn|p1a: Rapidash
|-damage|p1a: Rapidash|19/100
|
|upkeep
|turn|76
|
|move|p1a: Rapidash|Psychic|p2a: Type: Null
|-damage|p2a: Type: Null|37/100
|move|p2a: Type: Null|Rest|p2a: Type: Null
|-status|p2a: Type: Null|slp|[from] move: Rest
|-heal|p2a: Type: Null|100/100 slp|[silent]
|
|upkeep
|turn|77
|
|switch|p1a: Thwackey|Thwackey, F|20/100 tox
|-damage|p1a: Thwackey|7/100 tox|[from] Stealth Rock
|-fieldstart|move: Grassy Terrain|[from] ability: Grassy Surge|[of] p1a: Thwackey
|cant|p2a: Type: Null|slp
|move|p2a: Type: Null|Sleep Talk|p2a: Type: Null
|move|p2a: Type: Null|Toxic|p1a: Thwackey|[from]Sleep Talk
|-fail|p1a: Thwackey|tox
|
|-heal|p1a: Thwackey|13/100 tox|[from] Grassy Terrain
|-damage|p1a: Thwackey|7/100 tox|[from] psn
|upkeep
|turn|78
|
|move|p1a: Thwackey|Knock Off|p2a: Type: Null
|-damage|p2a: Type: Null|85/100 slp
|-enditem|p2a: Type: Null|Eviolite|[from] move: Knock Off|[of] p1a: Thwackey
|cant|p2a: Type: Null|slp
|move|p2a: Type: Null|Sleep Talk|p2a: Type: Null
|move|p2a: Type: Null|U-turn|p1a: Thwackey|[from]Sleep Talk
|-supereffective|p1a: Thwackey
|-damage|p1a: Thwackey|0 fnt
|faint|p1a: Thwackey
|
|-heal|p2a: Type: Null|91/100 slp|[from] Grassy Terrain
|upkeep
|
|switch|p1a: Raboot|Raboot, F|38/100
|turn|79
|
|move|p1a: Raboot|High Jump Kick|p2a: Type: Null
|-start|p1a: Raboot|typechange|Fighting|[from] ability: Libero
|-supereffective|p2a: Type: Null
|-damage|p2a: Type: Null|1/100 slp
|-curestatus|p2a: Type: Null|slp|[msg]
|move|p2a: Type: Null|Toxic|p1a: Raboot
|-status|p1a: Raboot|tox
|
|-heal|p1a: Raboot|44/100 tox|[from] Grassy Terrain
|-heal|p2a: Type: Null|7/100|[from] Grassy Terrain
|-damage|p1a: Raboot|38/100 tox|[from] psn
|upkeep
|turn|80
|c|☆sdafaaf|gg
|
|move|p1a: Raboot|Flare Blitz|p2a: Type: Null
|-start|p1a: Raboot|typechange|Fire|[from] ability: Libero
|-damage|p2a: Type: Null|0 fnt
|-damage|p1a: Raboot|35/100 tox|[from] Recoil
|faint|p2a: Type: Null
|
|win|sdafaaf
|l|☆un vigoroth
|l|☆sdafaaf
|j|☆un vigoroth
|player|p2|un vigoroth|swimmer-gen4dp
