|raw|<div class="broadcast-blue"><strong>This battle is required to be public due to a player having a name starting with 'pult4t2'.</div>
|j|☆Jonas_87
|j|☆PULT4T2 Carminable
|t:|1661275812
|gametype|singles
|player|p1|Jonas_87|acetrainer-gen4dp|1192
|player|p2|PULT4T2 Carminable|firebreather|1455
|teamsize|p1|6
|teamsize|p2|6
|gen|8
|tier|[Gen 8] PU
|rated|
|rule|Sleep Clause Mod: Limit one foe put to sleep
|rule|Species Clause: Limit one of each Pokémon
|rule|OHKO Clause: OHKO moves are banned
|rule|Evasion Items Clause: Evasion items are banned
|rule|Evasion Moves Clause: Evasion moves are banned
|rule|Endless Battle Clause: Forcing endless battles is banned
|rule|HP Percentage Mod: HP is shown in percentages
|rule|Dynamax Clause: You cannot dynamax
|clearpoke
|poke|p1|Vikavolt, F|
|poke|p1|Weezing, F|
|poke|p1|Kangaskhan, F|
|poke|p1|Stunfisk, F|
|poke|p1|Wishiwashi, M|
|poke|p1|Silvally-*|
|poke|p2|Bouffalant, F|
|poke|p2|Scrafty, F|
|poke|p2|Eldegoss, M|
|poke|p2|Togedemaru, M|
|poke|p2|Archeops, M|
|poke|p2|Comfey, M|
|teampreview
|inactive|Battle timer is ON: inactive players will automatically lose when time's up. (requested by PULT4T2 Carminable)
|c|☆Jonas_87|gl hf
|inactive|PULT4T2 Carminable has 120 seconds left.
|c|☆PULT4T2 Carminable|you too
|inactive|PULT4T2 Carminable has 90 seconds left.
|inactive|PULT4T2 Carminable has 60 seconds left.
|
|t:|1661275913
|start
|switch|p1a: Wishiwashi|Wishiwashi, M|100/100
|switch|p2a: Eldegoss|Eldegoss, M|100/100
|-formechange|p1a: Wishiwashi|Wishiwashi-School||[from] ability: Schooling
|turn|1
|
|t:|1661275920
|move|p2a: Eldegoss|Grass Knot|p1a: Wishiwashi
|-supereffective|p1a: Wishiwashi
|-damage|p1a: Wishiwashi|63/100
|move|p1a: Wishiwashi|U-turn|p2a: Eldegoss
|-supereffective|p2a: Eldegoss
|-damage|p2a: Eldegoss|34/100
|
|t:|1661275928
|switch|p1a: Silvally|Silvally-Poison|100/100|[from]move: U-turn
|
|upkeep
|turn|2
|
|t:|1661275933
|switch|p2a: Archeops|Archeops, M|100/100
|move|p1a: Silvally|Multi-Attack|p2a: Archeops
|-resisted|p2a: Archeops
|-damage|p2a: Archeops|68/100
|
|upkeep
|turn|3
|
|t:|1661275940
|move|p2a: Archeops|Stealth Rock|p1a: Silvally
|-sidestart|p1: Jonas_87|move: Stealth Rock
|move|p1a: Silvally|Parting Shot|p2a: Archeops
|-unboost|p2a: Archeops|atk|1
|-unboost|p2a: Archeops|spa|1
|
|t:|1661275946
|switch|p1a: Stunfisk|Stunfisk, F|100/100|[from]move: Parting Shot
|-damage|p1a: Stunfisk|94/100|[from] Stealth Rock
|
|-heal|p1a: Stunfisk|100/100|[from] item: Leftovers
|upkeep
|turn|4
|inactive|PULT4T2 Carminable has 120 seconds left.
|
|t:|1661275977
|switch|p2a: Eldegoss|Eldegoss, M|68/100
|switch|p1a: Silvally|Silvally-Poison|100/100
|-damage|p1a: Silvally|88/100|[from] Stealth Rock
|
|upkeep
|turn|5
|
|t:|1661275984
|switch|p2a: Archeops|Archeops, M|68/100
|move|p1a: Silvally|Defog|p2a: Archeops
|-unboost|p2a: Archeops|evasion|1
|-sideend|p1: Jonas_87|Stealth Rock|[from] move: Defog|[of] p1a: Silvally
|
|upkeep
|turn|6
|
|t:|1661275990
|move|p2a: Archeops|Stealth Rock|p1a: Silvally
|-sidestart|p1: Jonas_87|move: Stealth Rock
|move|p1a: Silvally|Flamethrower|p2a: Archeops
|-resisted|p2a: Archeops
|-damage|p2a: Archeops|51/100
|
|upkeep
|turn|7
|
|t:|1661275996
|move|p2a: Archeops|Earthquake|p1a: Silvally
|-supereffective|p1a: Silvally
|-damage|p1a: Silvally|15/100
|move|p1a: Silvally|Defog|p2a: Archeops
|-unboost|p2a: Archeops|evasion|1
|-sideend|p1: Jonas_87|Stealth Rock|[from] move: Defog|[of] p1a: Silvally
|
|upkeep
|turn|8
|
|t:|1661276006
|move|p2a: Archeops|Stealth Rock|p1a: Silvally
|-sidestart|p1: Jonas_87|move: Stealth Rock
|move|p1a: Silvally|Multi-Attack|p2a: Archeops
|-resisted|p2a: Archeops
|-damage|p2a: Archeops|19/100
|
|upkeep
|turn|9
|inactive|PULT4T2 Carminable has 120 seconds left.
|
|t:|1661276036
|switch|p1a: Weezing|Weezing, F|100/100
|-damage|p1a: Weezing|88/100|[from] Stealth Rock
|move|p2a: Archeops|Roost|p2a: Archeops
|-heal|p2a: Archeops|70/100
|-singleturn|p2a: Archeops|move: Roost
|
|upkeep
|turn|10
|
|t:|1661276046
|move|p2a: Archeops|Stone Edge|p1a: Weezing
|-damage|p1a: Weezing|50/100
|move|p1a: Weezing|Toxic Spikes|p2a: Archeops
|-sidestart|p2: PULT4T2 Carminable|move: Toxic Spikes
|
|upkeep
|turn|11
|
|t:|1661276053
|move|p2a: Archeops|Stone Edge|p1a: Weezing
|-damage|p1a: Weezing|15/100
|move|p1a: Weezing|Will-O-Wisp|p2a: Archeops
|-status|p2a: Archeops|brn
|
|-damage|p2a: Archeops|63/100 brn|[from] brn
|upkeep
|turn|12
|
|t:|1661276068
|move|p2a: Archeops|Stone Edge|p1a: Weezing|[miss]
|-miss|p2a: Archeops|p1a: Weezing
|move|p1a: Weezing|Pain Split|p2a: Archeops
|-sethp|p2a: Archeops|40/100 brn|[from] move: Pain Split|[silent]
|-sethp|p1a: Weezing|35/100|[from] move: Pain Split
|
|-damage|p2a: Archeops|34/100 brn|[from] brn
|upkeep
|turn|13
|
|t:|1661276077
|move|p2a: Archeops|Stone Edge|p1a: Weezing
|-crit|p1a: Weezing
|-damage|p1a: Weezing|20/100
|move|p1a: Weezing|Toxic Spikes|p2a: Archeops
|-sidestart|p2: PULT4T2 Carminable|move: Toxic Spikes
|
|-damage|p2a: Archeops|28/100 brn|[from] brn
|upkeep
|turn|14
|
|t:|1661276084
|move|p2a: Archeops|Stone Edge|p1a: Weezing
|-damage|p1a: Weezing|11/100
|move|p1a: Weezing|Sludge Bomb|p2a: Archeops
|-resisted|p2a: Archeops
|-damage|p2a: Archeops|4/100 brn
|
|-damage|p2a: Archeops|0 fnt|[from] brn
|faint|p2a: Archeops
|upkeep
|
|t:|1661276091
|switch|p2a: Togedemaru|Togedemaru, M|100/100
|turn|15
|
|t:|1661276096
|move|p2a: Togedemaru|Iron Head|p1a: Weezing
|-damage|p1a: Weezing|0 fnt
|-damage|p2a: Togedemaru|84/100|[from] item: Rocky Helmet|[of] p1a: Weezing
|faint|p1a: Weezing
|
|-heal|p2a: Togedemaru|90/100|[from] item: Leftovers
|upkeep
|
|t:|1661276105
|switch|p1a: Stunfisk|Stunfisk, F|100/100
|-damage|p1a: Stunfisk|94/100|[from] Stealth Rock
|turn|16
|
|t:|1661276109
|switch|p2a: Eldegoss|Eldegoss, M|100/100
|move|p1a: Stunfisk|Earth Power|p2a: Eldegoss
|-resisted|p2a: Eldegoss
|-damage|p2a: Eldegoss|88/100
|
|-heal|p1a: Stunfisk|100/100|[from] item: Leftovers
|upkeep
|turn|17
|
|t:|1661276119
|move|p2a: Eldegoss|Rapid Spin|p1a: Stunfisk
|-damage|p1a: Stunfisk|97/100
|-boost|p2a: Eldegoss|spe|1
|-sideend|p2: PULT4T2 Carminable|Toxic Spikes|[from] move: Rapid Spin|[of] p2a: Eldegoss
|move|p1a: Stunfisk|Toxic|p2a: Eldegoss
|-status|p2a: Eldegoss|tox
|
|-heal|p1a: Stunfisk|100/100|[from] item: Leftovers
|-damage|p2a: Eldegoss|82/100 tox|[from] psn
|upkeep
|turn|18
|
|t:|1661276131
|switch|p1a: Kangaskhan|Kangaskhan, F|100/100
|-damage|p1a: Kangaskhan|88/100|[from] Stealth Rock
|move|p2a: Eldegoss|Leech Seed|p1a: Kangaskhan
|-start|p1a: Kangaskhan|move: Leech Seed
|
|-heal|p1a: Kangaskhan|94/100|[from] item: Leftovers
|-damage|p1a: Kangaskhan|82/100|[from] Leech Seed|[of] p2a: Eldegoss
|-heal|p2a: Eldegoss|98/100 tox|[silent]
|-damage|p2a: Eldegoss|85/100 tox|[from] psn
|upkeep
|turn|19
|
|t:|1661276142
|move|p2a: Eldegoss|Sleep Powder|p1a: Kangaskhan
|-status|p1a: Kangaskhan|slp|[from] move: Sleep Powder
|cant|p1a: Kangaskhan|slp
|
|-heal|p1a: Kangaskhan|88/100 slp|[from] item: Leftovers
|-damage|p1a: Kangaskhan|76/100 slp|[from] Leech Seed|[of] p2a: Eldegoss
|-heal|p2a: Eldegoss|100/100 tox|[silent]
|-damage|p2a: Eldegoss|82/100 tox|[from] psn
|upkeep
|turn|20
|
|t:|1661276156
|switch|p2a: Comfey|Comfey, M|100/100
|switch|p1a: Silvally|Silvally-Poison|15/100
|-damage|p1a: Silvally|3/100|[from] Stealth Rock
|
|upkeep
|turn|21
|
|t:|1661276163
|move|p2a: Comfey|Draining Kiss|p1a: Silvally
|-resisted|p1a: Silvally
|-damage|p1a: Silvally|0 fnt
|faint|p1a: Silvally
|
|upkeep
|
|t:|1661276168
|switch|p1a: Vikavolt|Vikavolt, F|100/100
|-damage|p1a: Vikavolt|76/100|[from] Stealth Rock
|turn|22
|
|t:|1661276189
|switch|p2a: Togedemaru|Togedemaru, M|90/100
|move|p1a: Vikavolt|Thunderbolt|p2a: Togedemaru
|-ability|p2a: Togedemaru|Lightning Rod|boost
|-boost|p2a: Togedemaru|spa|1
|
|-heal|p2a: Togedemaru|96/100|[from] item: Leftovers
|upkeep
|turn|23
|
|t:|1661276197
|switch|p1a: Stunfisk|Stunfisk, F|100/100
|-damage|p1a: Stunfisk|94/100|[from] Stealth Rock
|move|p2a: Togedemaru|Iron Head|p1a: Stunfisk
|-resisted|p1a: Stunfisk
|-damage|p1a: Stunfisk|86/100
|
|-heal|p2a: Togedemaru|100/100|[from] item: Leftovers
|-heal|p1a: Stunfisk|92/100|[from] item: Leftovers
|upkeep
|turn|24
|
|t:|1661276208
|switch|p1a: Vikavolt|Vikavolt, F|76/100
|-damage|p1a: Vikavolt|51/100|[from] Stealth Rock
|move|p2a: Togedemaru|U-turn|p1a: Vikavolt
|-damage|p1a: Vikavolt|35/100
|
|t:|1661276211
|switch|p2a: Scrafty|Scrafty, F|100/100|[from]move: U-turn
|
|upkeep
|turn|25
|j| drey77
|
|t:|1661276216
|move|p2a: Scrafty|Knock Off|p1a: Vikavolt
|-damage|p1a: Vikavolt|0 fnt
|-enditem|p1a: Vikavolt|Choice Specs|[from] move: Knock Off|[of] p2a: Scrafty
|faint|p1a: Vikavolt
|
|upkeep
|-message|Jonas_87 forfeited.
|
|win|PULT4T2 Carminable
|raw|Jonas_87's rating: 1192 &rarr; <strong>1184</strong><br />(-8 for losing)
|raw|PULT4T2 Carminable's rating: 1476 &rarr; <strong>1483</strong><br />(+7 for winning)
|l|☆Jonas_87
|l|☆PULT4T2 Carminable
||Ladder isn't responding, score probably updated but might not have (Request timeout).
