|j|☆zoowi
|j|☆sugar ovens
|t:|1639840435
|gametype|singles
|player|p1|zoowi|burglar-gen2|
|player|p2|sugar ovens|twins|
|teamsize|p1|6
|teamsize|p2|6
|gen|8
|tier|[Gen 8] PU
|rule|Sleep Clause Mod: Limit one foe put to sleep
|rule|Species Clause: Limit one of each Pokémon
|rule|OHKO Clause: OHKO moves are banned
|rule|Evasion Moves Clause: Evasion moves are banned
|rule|Endless Battle Clause: Forcing endless battles is banned
|rule|HP Percentage Mod: HP is shown in percentages
|rule|Dynamax Clause: You cannot dynamax
|clearpoke
|poke|p1|Alcremie, F|
|poke|p1|Tsareena, F|
|poke|p1|Sandaconda, F|
|poke|p1|Silvally-*|
|poke|p1|Frosmoth, M|
|poke|p1|Scrafty, F|
|poke|p2|Audino, M|
|poke|p2|Quagsire, M|
|poke|p2|Aggron, M|
|poke|p2|Qwilfish, F|
|poke|p2|Articuno|
|poke|p2|Gourgeist-*, F|
|teampreview
|j|+Pohjis
|j| Tack is a Nerd
|
|t:|1639840510
|start
|switch|p1a: Sandaconda|Sandaconda, F|100/100
|switch|p2a: Gourgeist|Gourgeist-Super, F|100/100
|-item|p1a: Sandaconda|Leftovers|[from] ability: Frisk|[of] p2a: Gourgeist|[identify]
|turn|1
|j|@Lily
|n| Tak Kurwa|tackisanerd
|
|t:|1639840522
|switch|p1a: Tsareena|Tsareena, F|100/100
|move|p2a: Gourgeist|Power Whip|p1a: Tsareena
|-resisted|p1a: Tsareena
|-damage|p1a: Tsareena|86/100
|
|upkeep
|turn|2
|c|☆sugar ovens|kurva? smh
|
|t:|1639840543
|switch|p1a: Scrafty|Scrafty, F|100/100
|move|p2a: Gourgeist|Toxic|p1a: Scrafty
|-status|p1a: Scrafty|tox
|
|-damage|p1a: Scrafty|95/100 tox|[from] psn
|upkeep
|turn|3
|
|t:|1639840563
|switch|p2a: Quagsire|Quagsire, M|100/100
|move|p1a: Scrafty|Knock Off|p2a: Quagsire
|-damage|p2a: Quagsire|71/100
|-enditem|p2a: Quagsire|Heavy-Duty Boots|[from] move: Knock Off|[of] p1a: Scrafty
|
|-damage|p1a: Scrafty|83/100 tox|[from] psn
|upkeep
|turn|4
|c| Tak Kurwa|ive been using this for like a month i do not mean offense
|
|t:|1639840578
|switch|p1a: Tsareena|Tsareena, F|86/100
|move|p2a: Quagsire|Recover|p2a: Quagsire
|-heal|p2a: Quagsire|100/100
|
|upkeep
|turn|5
|
|t:|1639840602
|switch|p1a: Silvally|Silvally-Ghost|100/100
|switch|p2a: Gourgeist|Gourgeist-Super, F|100/100
|-item|p1a: Silvally|Ghost Memory|[from] ability: Frisk|[of] p2a: Gourgeist|[identify]
|
|upkeep
|turn|6
|
|t:|1639840615
|switch|p2a: Aggron|Aggron, M|100/100
|move|p1a: Silvally|Multi-Attack|p2a: Aggron
|-damage|p2a: Aggron|73/100
|
|-heal|p2a: Aggron|79/100|[from] item: Leftovers
|upkeep
|turn|7
|
|t:|1639840631
|move|p2a: Aggron|Protect|p2a: Aggron
|-singleturn|p2a: Aggron|Protect
|move|p1a: Silvally|Multi-Attack|p2a: Aggron
|-activate|p2a: Aggron|move: Protect
|
|-heal|p2a: Aggron|85/100|[from] item: Leftovers
|upkeep
|turn|8
|
|t:|1639840649
|switch|p2a: Quagsire|Quagsire, M|100/100
|move|p1a: Silvally|Multi-Attack|p2a: Quagsire
|-damage|p2a: Quagsire|62/100
|
|upkeep
|turn|9
|
|t:|1639840656
|move|p1a: Silvally|Toxic|p2a: Quagsire
|-status|p2a: Quagsire|tox
|move|p2a: Quagsire|Recover|p2a: Quagsire
|-heal|p2a: Quagsire|100/100 tox
|
|-damage|p2a: Quagsire|94/100 tox|[from] psn
|upkeep
|turn|10
|
|t:|1639840663
|move|p1a: Silvally|Multi-Attack|p2a: Quagsire
|-damage|p2a: Quagsire|59/100 tox
|move|p2a: Quagsire|Toxic|p1a: Silvally
|-status|p1a: Silvally|tox
|
|-damage|p1a: Silvally|94/100 tox|[from] psn
|-damage|p2a: Quagsire|47/100 tox|[from] psn
|upkeep
|turn|11
|
|t:|1639840676
|switch|p1a: Scrafty|Scrafty, F|83/100 tox
|switch|p2a: Audino|Audino, M|100/100
|
|-damage|p1a: Scrafty|77/100 tox|[from] psn
|upkeep
|turn|12
|
|t:|1639840680
|switch|p2a: Qwilfish|Qwilfish, F|100/100
|-ability|p2a: Qwilfish|Intimidate|boost
|-unboost|p1a: Scrafty|atk|1
|move|p1a: Scrafty|Close Combat|p2a: Qwilfish
|-resisted|p2a: Qwilfish
|-damage|p2a: Qwilfish|85/100
|-unboost|p1a: Scrafty|def|1
|-unboost|p1a: Scrafty|spd|1
|
|-damage|p1a: Scrafty|65/100 tox|[from] psn
|upkeep
|turn|13
|
|t:|1639840703
|switch|p1a: Sandaconda|Sandaconda, F|100/100
|move|p2a: Qwilfish|Spikes|p1a: Sandaconda
|-sidestart|p1: zoowi|Spikes
|
|upkeep
|turn|14
|
|t:|1639840713
|switch|p2a: Gourgeist|Gourgeist-Super, F|100/100
|-item|p1a: Sandaconda|Leftovers|[from] ability: Frisk|[of] p2a: Gourgeist|[identify]
|move|p1a: Sandaconda|Coil|p1a: Sandaconda
|-boost|p1a: Sandaconda|atk|1
|-boost|p1a: Sandaconda|def|1
|-boost|p1a: Sandaconda|accuracy|1
|
|upkeep
|turn|15
|
|t:|1639840728
|switch|p2a: Audino|Audino, M|100/100
|move|p1a: Sandaconda|Coil|p1a: Sandaconda
|-boost|p1a: Sandaconda|atk|1
|-boost|p1a: Sandaconda|def|1
|-boost|p1a: Sandaconda|accuracy|1
|
|upkeep
|turn|16
|
|t:|1639840767
|switch|p2a: Gourgeist|Gourgeist-Super, F|100/100
|-item|p1a: Sandaconda|Leftovers|[from] ability: Frisk|[of] p2a: Gourgeist|[identify]
|move|p1a: Sandaconda|Earthquake|p2a: Gourgeist
|-resisted|p2a: Gourgeist
|-damage|p2a: Gourgeist|81/100
|
|upkeep
|turn|17
|
|t:|1639840787
|switch|p2a: Articuno|Articuno|100/100
|-ability|p2a: Articuno|Pressure
|move|p1a: Sandaconda|Coil|p1a: Sandaconda
|-boost|p1a: Sandaconda|atk|1
|-boost|p1a: Sandaconda|def|1
|-boost|p1a: Sandaconda|accuracy|1
|
|upkeep
|turn|18
|
|t:|1639840791
|move|p2a: Articuno|Haze|p2a: Articuno
|-clearallboost
|move|p1a: Sandaconda|Stone Edge|p2a: Articuno
|-supereffective|p2a: Articuno
|-crit|p2a: Articuno
|-damage|p2a: Articuno|0 fnt
|faint|p2a: Articuno
|
|upkeep
|
|t:|1639840797
|switch|p2a: Audino|Audino, M|100/100
|turn|19
|
|t:|1639840808
|move|p1a: Sandaconda|Coil|p1a: Sandaconda
|-boost|p1a: Sandaconda|atk|1
|-boost|p1a: Sandaconda|def|1
|-boost|p1a: Sandaconda|accuracy|1
|move|p2a: Audino|Heal Bell|p2a: Audino
|-activate|p2a: Audino|move: Heal Bell
|-curestatus|p2: Quagsire|tox|[msg]
|
|upkeep
|turn|20
|
|t:|1639840816
|switch|p1a: Tsareena|Tsareena, F|86/100
|move|p2a: Audino|Wish|p2a: Audino
|
|upkeep
|turn|21
|
|t:|1639840826
|switch|p2a: Gourgeist|Gourgeist-Super, F|81/100
|-item|p1a: Tsareena|Heavy-Duty Boots|[from] ability: Frisk|[of] p2a: Gourgeist|[identify]
|move|p1a: Tsareena|Power Whip|p2a: Gourgeist
|-resisted|p2a: Gourgeist
|-damage|p2a: Gourgeist|68/100
|
|-heal|p2a: Gourgeist|100/100|[from] move: Wish|[wisher] Audino
|upkeep
|turn|22
|
|t:|1639840843
|move|p1a: Tsareena|Aromatherapy|p1a: Tsareena
|-activate|p1a: Tsareena|move: Aromatherapy
|-curestatus|p1: Scrafty|tox|[msg]
|-curestatus|p1: Silvally|tox|[msg]
|move|p2a: Gourgeist|Power Whip|p1a: Tsareena
|-resisted|p1a: Tsareena
|-damage|p1a: Tsareena|71/100
|
|upkeep
|turn|23
|
|t:|1639840862
|move|p1a: Tsareena|Power Whip|p2a: Gourgeist
|-resisted|p2a: Gourgeist
|-crit|p2a: Gourgeist
|-damage|p2a: Gourgeist|78/100
|move|p2a: Gourgeist|Poltergeist|p1a: Tsareena
|-activate|p1a: Tsareena|move: Poltergeist|Heavy-Duty Boots
|-damage|p1a: Tsareena|45/100
|
|upkeep
|turn|24
|
|t:|1639840870
|move|p1a: Tsareena|Synthesis|p1a: Tsareena
|-heal|p1a: Tsareena|95/100
|move|p2a: Gourgeist|Toxic|p1a: Tsareena
|-status|p1a: Tsareena|tox
|
|-damage|p1a: Tsareena|89/100 tox|[from] psn
|upkeep
|turn|25
|
|t:|1639840877
|switch|p1a: Scrafty|Scrafty, F|65/100
|-damage|p1a: Scrafty|53/100|[from] Spikes
|move|p2a: Gourgeist|Poltergeist|p1a: Scrafty
|-activate|p1a: Scrafty|move: Poltergeist|Roseli Berry
|-resisted|p1a: Scrafty
|-damage|p1a: Scrafty|30/100
|
|upkeep
|turn|26
|
|t:|1639840889
|move|p1a: Scrafty|Knock Off|p2a: Gourgeist
|-supereffective|p2a: Gourgeist
|-damage|p2a: Gourgeist|28/100
|-enditem|p2a: Gourgeist|Heavy-Duty Boots|[from] move: Knock Off|[of] p1a: Scrafty
|move|p2a: Gourgeist|Power Whip|p1a: Scrafty
|-damage|p1a: Scrafty|0 fnt
|faint|p1a: Scrafty
|
|upkeep
|
|t:|1639840918
|switch|p1a: Alcremie|Alcremie, F|100/100
|-damage|p1a: Alcremie|88/100|[from] Spikes
|turn|27
|
|t:|1639840927
|switch|p2a: Aggron|Aggron, M|85/100
|move|p1a: Alcremie|Mystical Fire|p2a: Aggron
|-damage|p2a: Aggron|62/100
|-unboost|p2a: Aggron|spa|1
|
|-heal|p1a: Alcremie|94/100|[from] item: Leftovers
|-heal|p2a: Aggron|68/100|[from] item: Leftovers
|upkeep
|turn|28
|
|t:|1639840942
|switch|p1a: Sandaconda|Sandaconda, F|100/100
|-damage|p1a: Sandaconda|88/100|[from] Spikes
|switch|p2a: Quagsire|Quagsire, M|47/100
|
|-heal|p1a: Sandaconda|94/100|[from] item: Leftovers
|upkeep
|turn|29
|
|t:|1639840960
|switch|p1a: Alcremie|Alcremie, F|94/100
|-damage|p1a: Alcremie|82/100|[from] Spikes
|move|p2a: Quagsire|Recover|p2a: Quagsire
|-heal|p2a: Quagsire|97/100
|
|-heal|p1a: Alcremie|88/100|[from] item: Leftovers
|upkeep
|turn|30
|
|t:|1639841016
|switch|p2a: Aggron|Aggron, M|68/100
|move|p1a: Alcremie|Substitute|p1a: Alcremie
|-start|p1a: Alcremie|Substitute
|-damage|p1a: Alcremie|63/100
|
|-heal|p1a: Alcremie|69/100|[from] item: Leftovers
|-heal|p2a: Aggron|74/100|[from] item: Leftovers
|upkeep
|turn|31
|
|t:|1639841034
|move|p1a: Alcremie|Mystical Fire|p2a: Aggron
|-damage|p2a: Aggron|49/100
|-unboost|p2a: Aggron|spa|1
|move|p2a: Aggron|Head Smash|p1a: Alcremie
|-crit|p1a: Alcremie
|-end|p1a: Alcremie|Substitute
|
|-heal|p1a: Alcremie|75/100|[from] item: Leftovers
|-heal|p2a: Aggron|55/100|[from] item: Leftovers
|upkeep
|turn|32
|
|t:|1639841042
|switch|p1a: Sandaconda|Sandaconda, F|94/100
|-damage|p1a: Sandaconda|82/100|[from] Spikes
|move|p2a: Aggron|Head Smash|p1a: Sandaconda
|-resisted|p1a: Sandaconda
|-crit|p1a: Sandaconda
|-damage|p1a: Sandaconda|46/100
|
|-heal|p1a: Sandaconda|53/100|[from] item: Leftovers
|-heal|p2a: Aggron|61/100|[from] item: Leftovers
|upkeep
|turn|33
|
|t:|1639841056
|switch|p1a: Alcremie|Alcremie, F|75/100
|-damage|p1a: Alcremie|63/100|[from] Spikes
|switch|p2a: Quagsire|Quagsire, M|97/100
|
|-heal|p1a: Alcremie|69/100|[from] item: Leftovers
|upkeep
|turn|34
|
|t:|1639841070
|switch|p2a: Audino|Audino, M|100/100
|move|p1a: Alcremie|Dazzling Gleam|p2a: Audino
|-damage|p2a: Audino|72/100
|
|-heal|p1a: Alcremie|75/100|[from] item: Leftovers
|upkeep
|turn|35
|
|t:|1639841090
|move|p1a: Alcremie|Calm Mind|p1a: Alcremie
|-boost|p1a: Alcremie|spa|1
|-boost|p1a: Alcremie|spd|1
|move|p2a: Audino|Wish|p2a: Audino
|
|-heal|p1a: Alcremie|81/100|[from] item: Leftovers
|upkeep
|turn|36
|
|t:|1639841100
|switch|p2a: Aggron|Aggron, M|61/100
|move|p1a: Alcremie|Substitute|p1a: Alcremie
|-start|p1a: Alcremie|Substitute
|-damage|p1a: Alcremie|56/100
|
|-heal|p2a: Aggron|100/100|[from] move: Wish|[wisher] Audino
|-heal|p1a: Alcremie|62/100|[from] item: Leftovers
|upkeep
|turn|37
|
|t:|1639841103
|move|p1a: Alcremie|Mystical Fire|p2a: Aggron
|-damage|p2a: Aggron|61/100
|-unboost|p2a: Aggron|spa|1
|move|p2a: Aggron|Head Smash|p1a: Alcremie
|-end|p1a: Alcremie|Substitute
|
|-heal|p1a: Alcremie|68/100|[from] item: Leftovers
|-heal|p2a: Aggron|67/100|[from] item: Leftovers
|upkeep
|turn|38
|
|t:|1639841119
|move|p1a: Alcremie|Substitute|p1a: Alcremie
|-start|p1a: Alcremie|Substitute
|-damage|p1a: Alcremie|43/100
|move|p2a: Aggron|Stealth Rock|p1a: Alcremie
|-sidestart|p1: zoowi|move: Stealth Rock
|
|-heal|p1a: Alcremie|49/100|[from] item: Leftovers
|-heal|p2a: Aggron|73/100|[from] item: Leftovers
|upkeep
|turn|39
|
|t:|1639841123
|move|p1a: Alcremie|Mystical Fire|p2a: Aggron
|-damage|p2a: Aggron|35/100
|-unboost|p2a: Aggron|spa|1
|move|p2a: Aggron|Head Smash|p1a: Alcremie
|-end|p1a: Alcremie|Substitute
|
|-heal|p1a: Alcremie|55/100|[from] item: Leftovers
|-heal|p2a: Aggron|41/100|[from] item: Leftovers
|upkeep
|turn|40
|
|t:|1639841128
|move|p1a: Alcremie|Mystical Fire|p2a: Aggron
|-damage|p2a: Aggron|1/100
|-unboost|p2a: Aggron|spa|1
|move|p2a: Aggron|Head Smash|p1a: Alcremie
|-damage|p1a: Alcremie|0 fnt
|faint|p1a: Alcremie
|
|-heal|p2a: Aggron|7/100|[from] item: Leftovers
|upkeep
|
|t:|1639841143
|switch|p1a: Frosmoth|Frosmoth, M|100/100
|turn|41
|
|t:|1639841146
|move|p2a: Aggron|Protect|p2a: Aggron
|-singleturn|p2a: Aggron|Protect
|move|p1a: Frosmoth|Ice Beam|p2a: Aggron
|-activate|p2a: Aggron|move: Protect
|
|-heal|p2a: Aggron|13/100|[from] item: Leftovers
|upkeep
|turn|42
|
|t:|1639841157
|switch|p2a: Qwilfish|Qwilfish, F|85/100
|-ability|p2a: Qwilfish|Intimidate|boost
|-unboost|p1a: Frosmoth|atk|1
|move|p1a: Frosmoth|Quiver Dance|p1a: Frosmoth
|-boost|p1a: Frosmoth|spa|1
|-boost|p1a: Frosmoth|spd|1
|-boost|p1a: Frosmoth|spe|1
|
|upkeep
|turn|43
|
|t:|1639841184
|move|p1a: Frosmoth|Quiver Dance|p1a: Frosmoth
|-boost|p1a: Frosmoth|spa|1
|-boost|p1a: Frosmoth|spd|1
|-boost|p1a: Frosmoth|spe|1
|move|p2a: Qwilfish|Toxic|p1a: Frosmoth
|-status|p1a: Frosmoth|tox
|
|-damage|p1a: Frosmoth|94/100 tox|[from] psn
|upkeep
|turn|44
|
|t:|1639841267
|move|p1a: Frosmoth|Giga Drain|p2a: Qwilfish
|-damage|p2a: Qwilfish|0 fnt
|-heal|p1a: Frosmoth|100/100 tox|[from] drain|[of] p2a: Qwilfish
|faint|p2a: Qwilfish
|
|-damage|p1a: Frosmoth|88/100 tox|[from] psn
|upkeep
|
|t:|1639841273
|switch|p2a: Audino|Audino, M|100/100
|turn|45
|
|t:|1639841277
|move|p1a: Frosmoth|Ice Beam|p2a: Audino
|-damage|p2a: Audino|32/100
|move|p2a: Audino|Knock Off|p1a: Frosmoth
|-damage|p1a: Frosmoth|64/100 tox
|-enditem|p1a: Frosmoth|Heavy-Duty Boots|[from] move: Knock Off|[of] p2a: Audino
|
|-damage|p1a: Frosmoth|46/100 tox|[from] psn
|upkeep
|turn|46
|
|t:|1639841307
|switch|p1a: Silvally|Silvally-Ghost|94/100
|-damage|p1a: Silvally|82/100|[from] Spikes
|-damage|p1a: Silvally|70/100|[from] Stealth Rock
|move|p2a: Audino|Protect||[still]
|-fail|p2a: Audino
|
|upkeep
|turn|47
|
|t:|1639841328
|move|p2a: Audino|Protect|p2a: Audino
|-singleturn|p2a: Audino|Protect
|move|p1a: Silvally|Defog|p2a: Audino
|-activate|p2a: Audino|move: Protect
|
|upkeep
|turn|48
|
|t:|1639841409
|switch|p2a: Aggron|Aggron, M|13/100
|move|p1a: Silvally|Defog|p2a: Aggron
|-unboost|p2a: Aggron|evasion|1
|-sideend|p1: zoowi|Spikes|[from] move: Defog|[of] p1a: Silvally
|-sideend|p1: zoowi|Stealth Rock|[from] move: Defog|[of] p1a: Silvally
|
|-heal|p2a: Aggron|19/100|[from] item: Leftovers
|upkeep
|turn|49
|
|t:|1639841456
|move|p2a: Aggron|Protect|p2a: Aggron
|-singleturn|p2a: Aggron|Protect
|move|p1a: Silvally|Swords Dance|p1a: Silvally
|-boost|p1a: Silvally|atk|2
|
|-heal|p2a: Aggron|26/100|[from] item: Leftovers
|upkeep
|turn|50
|
|t:|1639841463
|switch|p2a: Audino|Audino, M|65/100
|move|p1a: Silvally|Multi-Attack|p2a: Audino
|-immune|p2a: Audino
|
|upkeep
|turn|51
|
|t:|1639841474
|move|p1a: Silvally|Toxic|p2a: Audino|[miss]
|-miss|p1a: Silvally|p2a: Audino
|move|p2a: Audino|Wish|p2a: Audino
|
|upkeep
|turn|52
|
|t:|1639841489
|move|p1a: Silvally|Multi-Attack|p2a: Audino
|-immune|p2a: Audino
|move|p2a: Audino|Knock Off|p1a: Silvally
|-supereffective|p1a: Silvally
|-damage|p1a: Silvally|52/100
|
|-heal|p2a: Audino|100/100|[from] move: Wish|[wisher] Audino
|upkeep
|turn|53
|inactive|Battle timer is ON: inactive players will automatically lose when time's up. (requested by zoowi)
|inactive|sugar ovens has 270 seconds left.
|
|t:|1639841542
|move|p1a: Silvally|Toxic|p2a: Audino
|-status|p2a: Audino|tox
|move|p2a: Audino|Knock Off|p1a: Silvally
|-supereffective|p1a: Silvally
|-damage|p1a: Silvally|32/100
|
|-damage|p2a: Audino|94/100 tox|[from] psn
|upkeep
|turn|54
|
|t:|1639841551
|switch|p1a: Tsareena|Tsareena, F|89/100 tox
|move|p2a: Audino|Knock Off|p1a: Tsareena
|-damage|p1a: Tsareena|79/100 tox
|-enditem|p1a: Tsareena|Heavy-Duty Boots|[from] move: Knock Off|[of] p2a: Audino
|
|-damage|p1a: Tsareena|73/100 tox|[from] psn
|-damage|p2a: Audino|82/100 tox|[from] psn
|upkeep
|turn|55
|
|t:|1639841562
|move|p1a: Tsareena|Aromatherapy|p1a: Tsareena
|-activate|p1a: Tsareena|move: Aromatherapy
|-curestatus|p1a: Tsareena|tox|[msg]
|-curestatus|p1: Frosmoth|tox|[msg]
|move|p2a: Audino|Heal Bell|p2a: Audino
|-activate|p2a: Audino|move: Heal Bell
|-curestatus|p2a: Audino|tox|[msg]
|
|upkeep
|turn|56
|
|t:|1639841567
|move|p1a: Tsareena|Power Whip|p2a: Audino|[miss]
|-miss|p1a: Tsareena|p2a: Audino
|move|p2a: Audino|Wish|p2a: Audino
|
|upkeep
|turn|57
|
|t:|1639841583
|switch|p2a: Gourgeist|Gourgeist-Super, F|28/100
|move|p1a: Tsareena|Power Whip|p2a: Gourgeist
|-resisted|p2a: Gourgeist
|-damage|p2a: Gourgeist|14/100
|
|-heal|p2a: Gourgeist|68/100|[from] move: Wish|[wisher] Audino
|upkeep
|turn|58
|inactive|sugar ovens has 270 seconds left.
|
|t:|1639841613
|move|p1a: Tsareena|Power Whip|p2a: Gourgeist
|-resisted|p2a: Gourgeist
|-damage|p2a: Gourgeist|54/100
|move|p2a: Gourgeist|Toxic|p1a: Tsareena
|-status|p1a: Tsareena|tox
|
|-damage|p1a: Tsareena|67/100 tox|[from] psn
|upkeep
|turn|59
|inactive|sugar ovens has 270 seconds left.
|
|t:|1639841622
|move|p1a: Tsareena|Power Whip|p2a: Gourgeist
|-resisted|p2a: Gourgeist
|-damage|p2a: Gourgeist|41/100
|move|p2a: Gourgeist|Power Whip|p1a: Tsareena
|-resisted|p1a: Tsareena
|-damage|p1a: Tsareena|52/100 tox
|
|-damage|p1a: Tsareena|40/100 tox|[from] psn
|upkeep
|turn|60
|
|t:|1639841626
|switch|p1a: Frosmoth|Frosmoth, M|46/100
|move|p2a: Gourgeist|Synthesis|p2a: Gourgeist
|-heal|p2a: Gourgeist|91/100
|
|upkeep
|turn|61
|j| termiii
|inactive|sugar ovens has 270 seconds left.
|
|t:|1639841650
|switch|p2a: Audino|Audino, M|100/100
|move|p1a: Frosmoth|Quiver Dance|p1a: Frosmoth
|-boost|p1a: Frosmoth|spa|1
|-boost|p1a: Frosmoth|spd|1
|-boost|p1a: Frosmoth|spe|1
|
|upkeep
|turn|62
|
|t:|1639841654
|move|p1a: Frosmoth|Quiver Dance|p1a: Frosmoth
|-boost|p1a: Frosmoth|spa|1
|-boost|p1a: Frosmoth|spd|1
|-boost|p1a: Frosmoth|spe|1
|move|p2a: Audino|Knock Off|p1a: Frosmoth
|-damage|p1a: Frosmoth|30/100
|
|upkeep
|turn|63
|
|t:|1639841671
|move|p1a: Frosmoth|Giga Drain|p2a: Audino
|-damage|p2a: Audino|61/100
|-heal|p1a: Frosmoth|59/100|[from] drain|[of] p2a: Audino
|move|p2a: Audino|Knock Off|p1a: Frosmoth
|-damage|p1a: Frosmoth|44/100
|
|upkeep
|turn|64
|
|t:|1639841684
|move|p1a: Frosmoth|Quiver Dance|p1a: Frosmoth
|-boost|p1a: Frosmoth|spa|1
|-boost|p1a: Frosmoth|spd|1
|-boost|p1a: Frosmoth|spe|1
|move|p2a: Audino|Wish|p2a: Audino
|
|upkeep
|turn|65
|
|t:|1639841695
|move|p1a: Frosmoth|Ice Beam|p2a: Audino
|-damage|p2a: Audino|0 fnt
|faint|p2a: Audino
|
|upkeep
|
|t:|1639841699
|switch|p2a: Aggron|Aggron, M|26/100
|turn|66
|
|t:|1639841702
|move|p2a: Aggron|Protect|p2a: Aggron
|-singleturn|p2a: Aggron|Protect
|move|p1a: Frosmoth|Giga Drain|p2a: Aggron
|-activate|p2a: Aggron|move: Protect
|
|-heal|p2a: Aggron|32/100|[from] item: Leftovers
|upkeep
|turn|67
|inactive|zoowi has 270 seconds left.
|inactive|sugar ovens has 270 seconds left.
|
|t:|1639841734
|move|p2a: Aggron|Protect||[still]
|-fail|p2a: Aggron
|move|p1a: Frosmoth|Giga Drain|p2a: Aggron
|-damage|p2a: Aggron|0 fnt
|-heal|p1a: Frosmoth|63/100|[from] drain|[of] p2a: Aggron
|faint|p2a: Aggron
|
|upkeep
|c|☆zoowi|gg
|inactive|sugar ovens has 270 seconds left.
|c|☆sugar ovens|gg
|
|t:|1639841749
|switch|p2a: Quagsire|Quagsire, M|97/100
|turn|68
|
|t:|1639841752
|move|p1a: Frosmoth|Giga Drain|p2a: Quagsire
|-supereffective|p2a: Quagsire
|-damage|p2a: Quagsire|0 fnt
|-heal|p1a: Frosmoth|100/100|[from] drain|[of] p2a: Quagsire
|faint|p2a: Quagsire
|
|upkeep
|-message|sugar ovens forfeited.
|
|win|zoowi
|l|☆sugar ovens
|l| Tak Kurwa
|j| Tak Kurwa
|l| Tak Kurwa
|j|☆sugar ovens
|player|p2|sugar ovens|twins
|l| termiii
