|j|☆acluh1
|j|☆one of the bouys
|t:|1634854346
|gametype|singles
|player|p1|acluh1|sabrina|1322
|player|p2|one of the bouys|clown|1613
|teamsize|p1|6
|teamsize|p2|6
|gen|8
|tier|[Gen 8] PU
|rated|
|rule|Sleep Clause Mod: Limit one foe put to sleep
|rule|Species Clause: Limit one of each Pokémon
|rule|OHKO Clause: OHKO moves are banned
|rule|Evasion Moves Clause: Evasion moves are banned
|rule|Endless Battle Clause: Forcing endless battles is banned
|rule|HP Percentage Mod: HP is shown in percentages
|rule|Dynamax Clause: You cannot dynamax
|clearpoke
|poke|p1|Charizard, M|
|poke|p1|Gigalith, F|
|poke|p1|Archeops, M|
|poke|p1|Weezing, M|
|poke|p1|Tsareena, F|
|poke|p1|Articuno-Galar|
|poke|p2|Flapple, M|
|poke|p2|Frosmoth, M|
|poke|p2|Gigalith, M|
|poke|p2|Weezing, M|
|poke|p2|Persian-Alola, M|
|poke|p2|Golbat, M|
|teampreview
|inactive|Battle timer is ON: inactive players will automatically lose when time's up. (requested by acluh1)
|
|t:|1634854363
|start
|switch|p1a: Panama|Articuno-Galar|100/100
|switch|p2a: Persian|Persian-Alola, M|100/100
|turn|1
|
|t:|1634854366
|move|p2a: Persian|Knock Off|p1a: Panama
|-supereffective|p1a: Panama
|-damage|p1a: Panama|42/100
|-enditem|p1a: Panama|Choice Scarf|[from] move: Knock Off|[of] p2a: Persian
|move|p1a: Panama|U-turn|p2a: Persian
|-supereffective|p2a: Persian
|-damage|p2a: Persian|80/100
|
|t:|1634854373
|switch|p1a: Yo Mama|Weezing, M|100/100|[from]move: U-turn
|
|upkeep
|turn|2
|
|t:|1634854394
|switch|p2a: Frosmoth|Frosmoth, M|100/100
|move|p1a: Yo Mama|Sludge Wave|p2a: Frosmoth
|-damage|p2a: Frosmoth|84/100
|
|upkeep
|turn|3
|
|t:|1634854399
|move|p2a: Frosmoth|Ice Beam|p1a: Yo Mama
|-damage|p1a: Yo Mama|48/100
|move|p1a: Yo Mama|Toxic|p2a: Frosmoth
|-status|p2a: Frosmoth|tox
|
|-damage|p2a: Frosmoth|78/100 tox|[from] psn
|upkeep
|turn|4
|
|t:|1634854405
|switch|p2a: Flapple|Flapple, M|100/100
|switch|p1a: DIAMONDS|Gigalith, F, shiny|100/100
|-weather|Sandstorm|[from] ability: Sand Stream|[of] p1a: DIAMONDS
|
|-weather|Sandstorm|[upkeep]
|-damage|p2a: Flapple|94/100|[from] Sandstorm
|upkeep
|turn|5
|
|t:|1634854420
|switch|p1a: Belgium|Charizard, M, shiny|100/100
|move|p2a: Flapple|Grav Apple|p1a: Belgium
|-resisted|p1a: Belgium
|-damage|p1a: Belgium|72/100
|-unboost|p1a: Belgium|def|1
|-damage|p2a: Flapple|84/100|[from] item: Life Orb
|
|-weather|Sandstorm|[upkeep]
|-damage|p1a: Belgium|66/100|[from] Sandstorm
|-damage|p2a: Flapple|78/100|[from] Sandstorm
|upkeep
|turn|6
|
|t:|1634854425
|move|p2a: Flapple|Sucker Punch|p1a: Belgium
|-damage|p1a: Belgium|0 fnt
|faint|p1a: Belgium
|-damage|p2a: Flapple|68/100|[from] item: Life Orb
|
|-weather|Sandstorm|[upkeep]
|-damage|p2a: Flapple|62/100|[from] Sandstorm
|upkeep
|
|t:|1634854430
|switch|p1a: Ball Crusher|Tsareena, F, shiny|100/100
|turn|7
|
|t:|1634854438
|switch|p2a: Weezing|Weezing, M|100/100
|-ability|p2a: Weezing|Neutralizing Gas
|move|p1a: Ball Crusher|High Jump Kick|p2a: Weezing
|-resisted|p2a: Weezing
|-damage|p2a: Weezing|85/100
|-damage|p1a: Ball Crusher|84/100|[from] item: Rocky Helmet|[of] p2a: Weezing
|
|-weather|Sandstorm|[upkeep]
|-damage|p1a: Ball Crusher|78/100|[from] Sandstorm
|-damage|p2a: Weezing|79/100|[from] Sandstorm
|upkeep
|turn|8
|
|t:|1634854441
|move|p1a: Ball Crusher|Knock Off|p2a: Weezing
|-damage|p2a: Weezing|55/100
|-damage|p1a: Ball Crusher|61/100|[from] item: Rocky Helmet|[of] p2a: Weezing
|-enditem|p2a: Weezing|Rocky Helmet|[from] move: Knock Off|[of] p1a: Ball Crusher
|move|p2a: Weezing|Toxic Spikes|p1a: Ball Crusher
|-sidestart|p1: acluh1|move: Toxic Spikes
|
|-weather|none
|upkeep
|turn|9
|
|t:|1634854446
|move|p1a: Ball Crusher|Rapid Spin|p2a: Weezing
|-damage|p2a: Weezing|42/100
|-boost|p1a: Ball Crusher|spe|1
|-sideend|p1: acluh1|Toxic Spikes|[from] move: Rapid Spin|[of] p1a: Ball Crusher
|move|p2a: Weezing|Will-O-Wisp|p1a: Ball Crusher|[miss]
|-miss|p2a: Weezing|p1a: Ball Crusher
|
|upkeep
|turn|10
|
|t:|1634854456
|switch|p1a: Panama|Articuno-Galar|42/100
|move|p2a: Weezing|Toxic Spikes|p1a: Panama
|-sidestart|p1: acluh1|move: Toxic Spikes
|
|upkeep
|turn|11
|
|t:|1634854462
|-end|p2a: Weezing|ability: Neutralizing Gas
|switch|p2a: Gigalith|Gigalith, M|100/100
|-weather|Sandstorm|[from] ability: Sand Stream|[of] p2a: Gigalith
|move|p1a: Panama|Air Slash|p2a: Gigalith
|-resisted|p2a: Gigalith
|-damage|p2a: Gigalith|91/100
|
|-weather|Sandstorm|[upkeep]
|-damage|p1a: Panama|36/100|[from] Sandstorm
|-heal|p2a: Gigalith|97/100|[from] item: Leftovers
|upkeep
|turn|12
|
|t:|1634854467
|switch|p1a: Yo Mama|Weezing, M|48/100
|move|p2a: Gigalith|Rock Blast|p1a: Yo Mama
|-damage|p1a: Yo Mama|40/100
|-damage|p1a: Yo Mama|31/100
|-hitcount|p1a: Yo Mama|2
|
|-weather|Sandstorm|[upkeep]
|-damage|p1a: Yo Mama|25/100|[from] Sandstorm
|-heal|p2a: Gigalith|100/100|[from] item: Leftovers
|upkeep
|turn|13
|
|t:|1634854474
|switch|p2a: Frosmoth|Frosmoth, M|78/100 tox
|move|p1a: Yo Mama|Toxic|p2a: Frosmoth
|-fail|p2a: Frosmoth|tox
|
|-weather|Sandstorm|[upkeep]
|-damage|p2a: Frosmoth|72/100 tox|[from] Sandstorm
|-damage|p1a: Yo Mama|19/100|[from] Sandstorm
|-damage|p2a: Frosmoth|66/100 tox|[from] psn
|upkeep
|turn|14
|
|t:|1634854482
|move|p2a: Frosmoth|Giga Drain|p1a: Yo Mama
|-resisted|p1a: Yo Mama
|-damage|p1a: Yo Mama|2/100
|-heal|p2a: Frosmoth|75/100 tox|[from] drain|[of] p1a: Yo Mama
|move|p1a: Yo Mama|Pain Split|p2a: Frosmoth
|-sethp|p2a: Frosmoth|39/100 tox|[from] move: Pain Split|[silent]
|-sethp|p1a: Yo Mama|36/100|[from] move: Pain Split
|
|-weather|Sandstorm|[upkeep]
|-damage|p2a: Frosmoth|32/100 tox|[from] Sandstorm
|-damage|p1a: Yo Mama|30/100|[from] Sandstorm
|-damage|p2a: Frosmoth|20/100 tox|[from] psn
|upkeep
|turn|15
|
|t:|1634854497
|move|p2a: Frosmoth|Ice Beam|p1a: Yo Mama
|-damage|p1a: Yo Mama|0 fnt
|faint|p1a: Yo Mama
|
|-weather|none
|-damage|p2a: Frosmoth|2/100 tox|[from] psn
|upkeep
|
|t:|1634854503
|switch|p1a: Panama|Articuno-Galar|36/100
|turn|16
|
|t:|1634854505
|switch|p2a: Gigalith|Gigalith, M|100/100
|-weather|Sandstorm|[from] ability: Sand Stream|[of] p2a: Gigalith
|move|p1a: Panama|U-turn|p2a: Gigalith
|-damage|p2a: Gigalith|91/100
|
|t:|1634854510
|switch|p1a: Ball Crusher|Tsareena, F, shiny|61/100|[from]move: U-turn
|
|-weather|Sandstorm|[upkeep]
|-damage|p1a: Ball Crusher|55/100|[from] Sandstorm
|-heal|p2a: Gigalith|97/100|[from] item: Leftovers
|upkeep
|turn|17
|
|t:|1634854517
|switch|p2a: Golbat|Golbat, M|100/100
|move|p1a: Ball Crusher|Power Whip|p2a: Golbat
|-resisted|p2a: Golbat
|-damage|p2a: Golbat|88/100
|
|-weather|Sandstorm|[upkeep]
|-damage|p2a: Golbat|82/100|[from] Sandstorm
|-damage|p1a: Ball Crusher|49/100|[from] Sandstorm
|upkeep
|turn|18
|
|t:|1634854526
|switch|p1a: DIAMONDS|Gigalith, F, shiny|100/100
|-status|p1a: DIAMONDS|psn
|move|p2a: Golbat|Brave Bird|p1a: DIAMONDS
|-resisted|p1a: DIAMONDS
|-crit|p1a: DIAMONDS
|-damage|p1a: DIAMONDS|83/100 psn
|-damage|p2a: Golbat|76/100|[from] Recoil
|
|-weather|Sandstorm|[upkeep]
|-damage|p2a: Golbat|70/100|[from] Sandstorm
|-heal|p1a: DIAMONDS|89/100 psn|[from] item: Leftovers
|-damage|p1a: DIAMONDS|77/100 psn|[from] psn
|upkeep
|turn|19
|
|t:|1634854533
|move|p2a: Golbat|Roost|p2a: Golbat
|-heal|p2a: Golbat|100/100
|-singleturn|p2a: Golbat|move: Roost
|move|p1a: DIAMONDS|Stone Edge|p2a: Golbat
|-damage|p2a: Golbat|66/100
|
|-weather|Sandstorm|[upkeep]
|-damage|p2a: Golbat|60/100|[from] Sandstorm
|-heal|p1a: DIAMONDS|83/100 psn|[from] item: Leftovers
|-damage|p1a: DIAMONDS|71/100 psn|[from] psn
|upkeep
|turn|20
|
|t:|1634854546
|switch|p2a: Persian|Persian-Alola, M|80/100
|move|p1a: DIAMONDS|Stone Edge|p2a: Persian
|-damage|p2a: Persian|48/100
|
|-weather|none
|-heal|p1a: DIAMONDS|77/100 psn|[from] item: Leftovers
|-damage|p1a: DIAMONDS|64/100 psn|[from] psn
|upkeep
|turn|21
|
|t:|1634854553
|move|p2a: Persian|Foul Play|p1a: DIAMONDS
|-damage|p1a: DIAMONDS|32/100 psn
|move|p1a: DIAMONDS|Stone Edge|p2a: Persian
|-damage|p2a: Persian|12/100
|
|-heal|p1a: DIAMONDS|38/100 psn|[from] item: Leftovers
|-damage|p1a: DIAMONDS|26/100 psn|[from] psn
|upkeep
|turn|22
|
|t:|1634854557
|move|p2a: Persian|Foul Play|p1a: DIAMONDS
|-damage|p1a: DIAMONDS|0 fnt
|faint|p1a: DIAMONDS
|
|upkeep
|
|t:|1634854565
|switch|p1a: Ball Crusher|Tsareena, F, shiny|49/100
|turn|23
|
|t:|1634854567
|move|p2a: Persian|Foul Play|p1a: Ball Crusher
|-damage|p1a: Ball Crusher|0 fnt
|faint|p1a: Ball Crusher
|
|upkeep
|
|t:|1634854571
|switch|p1a: Switzerland|Archeops, M, shiny|100/100
|turn|24
|
|t:|1634854575
|move|p2a: Persian|Foul Play|p1a: Switzerland
|-damage|p1a: Switzerland|12/100
|move|p1a: Switzerland|U-turn|p2a: Persian
|-supereffective|p2a: Persian
|-damage|p2a: Persian|0 fnt
|faint|p2a: Persian
|
|t:|1634854577
|switch|p1a: Panama|Articuno-Galar|36/100|[from]move: U-turn
|
|upkeep
|
|t:|1634854580
|switch|p2a: Gigalith|Gigalith, M|97/100
|-weather|Sandstorm|[from] ability: Sand Stream|[of] p2a: Gigalith
|turn|25
|
|t:|1634854583
|move|p1a: Panama|Freezing Glare|p2a: Gigalith
|-damage|p2a: Gigalith|69/100
|move|p2a: Gigalith|Rock Blast|p1a: Panama|[miss]
|-miss|p2a: Gigalith|p1a: Panama
|
|-weather|Sandstorm|[upkeep]
|-damage|p1a: Panama|29/100|[from] Sandstorm
|-heal|p2a: Gigalith|76/100|[from] item: Leftovers
|upkeep
|turn|26
|
|t:|1634854586
|move|p1a: Panama|Freezing Glare|p2a: Gigalith
|-damage|p2a: Gigalith|48/100
|-status|p2a: Gigalith|frz
|cant|p2a: Gigalith|frz
|
|-weather|Sandstorm|[upkeep]
|-damage|p1a: Panama|23/100|[from] Sandstorm
|-heal|p2a: Gigalith|55/100 frz|[from] item: Leftovers
|upkeep
|turn|27
|
|t:|1634854589
|move|p1a: Panama|Freezing Glare|p2a: Gigalith
|-damage|p2a: Gigalith|28/100 frz
|cant|p2a: Gigalith|frz
|
|-weather|Sandstorm|[upkeep]
|-damage|p1a: Panama|17/100|[from] Sandstorm
|-heal|p2a: Gigalith|34/100 frz|[from] item: Leftovers
|upkeep
|turn|28
|
|t:|1634854591
|move|p1a: Panama|Freezing Glare|p2a: Gigalith
|-damage|p2a: Gigalith|7/100 frz
|cant|p2a: Gigalith|frz
|
|-weather|Sandstorm|[upkeep]
|-damage|p1a: Panama|11/100|[from] Sandstorm
|-heal|p2a: Gigalith|13/100 frz|[from] item: Leftovers
|upkeep
|turn|29
|
|t:|1634854593
|move|p1a: Panama|Freezing Glare|p2a: Gigalith
|-damage|p2a: Gigalith|0 fnt
|faint|p2a: Gigalith
|
|-weather|none
|upkeep
|
|t:|1634854598
|switch|p2a: Flapple|Flapple, M|62/100
|turn|30
|
|t:|1634854601
|move|p2a: Flapple|Sucker Punch|p1a: Panama
|-supereffective|p1a: Panama
|-damage|p1a: Panama|0 fnt
|faint|p1a: Panama
|-damage|p2a: Flapple|52/100|[from] item: Life Orb
|
|upkeep
|
|t:|1634854606
|switch|p1a: Switzerland|Archeops, M, shiny|12/100
|turn|31
|
|t:|1634854617
|move|p1a: Switzerland|Stone Edge|p2a: Flapple
|-damage|p2a: Flapple|0 fnt
|faint|p2a: Flapple
|
|upkeep
|
|t:|1634854624
|switch|p2a: Golbat|Golbat, M|60/100
|turn|32
|
|t:|1634854627
|move|p1a: Switzerland|Stone Edge|p2a: Golbat
|-supereffective|p2a: Golbat
|-damage|p2a: Golbat|0 fnt
|faint|p2a: Golbat
|
|upkeep
|
|t:|1634854629
|switch|p2a: Weezing|Weezing, M|42/100
|-ability|p2a: Weezing|Neutralizing Gas
|turn|33
|
|t:|1634854631
|move|p1a: Switzerland|Stone Edge|p2a: Weezing
|-damage|p2a: Weezing|0 fnt
|faint|p2a: Weezing
|-end|p2a: Weezing|ability: Neutralizing Gas
|
|upkeep
|
|t:|1634854633
|switch|p2a: Frosmoth|Frosmoth, M|2/100 tox
|turn|34
|
|t:|1634854635
|move|p1a: Switzerland|Stone Edge|p2a: Frosmoth
|-supereffective|p2a: Frosmoth
|-damage|p2a: Frosmoth|0 fnt
|faint|p2a: Frosmoth
|
|win|acluh1
|raw|acluh1's rating: 1322 &rarr; <strong>1356</strong><br />(+34 for winning)
|raw|one of the bouys's rating: 1613 &rarr; <strong>1579</strong><br />(-34 for losing)
|c|☆acluh1|gg
|l|☆one of the bouys
||Ladder isn't responding, score probably updated but might not have (Request timeout).
