|html|<div class="broadcast-blue"><strong>[Gen 8] PU is currently suspecting Vanilluxe! For information on how to participate check out the <a href="https://www.smogon.com/forums/threads/np-ss-pu-stage-10-ice-cream-vanilluxe-suspect-test.3705646/">suspect thread</a>.</strong></div>
|j|☆TheLucasGaming
|j|☆Haffling
|t:|1659984520
|gametype|singles
|player|p1|TheLucasGaming|caitlin-masters|
|player|p2|Haffling|cyrus|
|teamsize|p1|6
|teamsize|p2|6
|gen|8
|tier|[Gen 8] PU
|rated|Tournament battle
|rule|Sleep Clause Mod: Limit one foe put to sleep
|rule|Species Clause: Limit one of each Pokémon
|rule|OHKO Clause: OHKO moves are banned
|rule|Evasion Items Clause: Evasion items are banned
|rule|Evasion Moves Clause: Evasion moves are banned
|rule|Endless Battle Clause: Forcing endless battles is banned
|rule|HP Percentage Mod: HP is shown in percentages
|rule|Dynamax Clause: You cannot dynamax
|clearpoke
|poke|p1|Accelgor, M|
|poke|p1|Articuno-Galar|
|poke|p1|Charizard, M|
|poke|p1|Eldegoss, F|
|poke|p1|Trevenant, M|
|poke|p1|Jellicent, F|
|poke|p2|Sneasel, F|
|poke|p2|Palossand, M|
|poke|p2|Lanturn, F|
|poke|p2|Weezing, M|
|poke|p2|Eldegoss, F|
|poke|p2|Scyther, M|
|teampreview
|inactive|Battle timer is ON: inactive players will automatically lose when time's up. (requested by TheLucasGaming)
|j| Kython
|c|☆TheLucasGaming|gl
|j| LordCube02
|c|☆Haffling|u2
|
|t:|1659984533
|start
|switch|p1a: Accelgor|Accelgor, M, shiny|100/100
|switch|p2a: Lanturn|Lanturn, F|100/100
|turn|1
|
|t:|1659984542
|move|p1a: Accelgor|Toxic Spikes|p2a: Lanturn
|-sidestart|p2: Haffling|move: Toxic Spikes
|move|p2a: Lanturn|Volt Switch|p1a: Accelgor
|-damage|p1a: Accelgor|72/100
|
|t:|1659984548
|switch|p2a: Weezing|Weezing, M|100/100|[from]move: Volt Switch
|-ability|p2a: Weezing|Neutralizing Gas
|-sideend|p2: Haffling|move: Toxic Spikes|[of] p2a: Weezing
|
|upkeep
|turn|2
|
|t:|1659984553
|move|p1a: Accelgor|Spikes|p2a: Weezing
|-sidestart|p2: Haffling|Spikes
|move|p2a: Weezing|Flamethrower|p1a: Accelgor
|-supereffective|p1a: Accelgor
|-damage|p1a: Accelgor|20/100
|
|upkeep
|turn|3
|j| Spamton GG Spamton
|
|t:|1659984557
|move|p1a: Accelgor|U-turn|p2a: Weezing
|-resisted|p2a: Weezing
|-damage|p2a: Weezing|95/100
|
|t:|1659984558
|switch|p1a: Charizard|Charizard, M|100/100|[from]move: U-turn
|move|p2a: Weezing|Toxic Spikes|p1a: Charizard
|-sidestart|p1: TheLucasGaming|move: Toxic Spikes
|
|-heal|p2a: Weezing|100/100|[from] item: Black Sludge
|upkeep
|turn|4
|
|t:|1659984566
|-end|p2a: Weezing|ability: Neutralizing Gas
|switch|p2a: Lanturn|Lanturn, F|100/100
|-damage|p2a: Lanturn|88/100|[from] Spikes
|move|p1a: Charizard|Substitute|p1a: Charizard
|-start|p1a: Charizard|Substitute
|-damage|p1a: Charizard|75/100
|
|-heal|p2a: Lanturn|94/100|[from] item: Leftovers
|upkeep
|turn|5
|c| Spamton GG Spamton|GO GOG OGGOGOGOGOGOG
|inactive|TheLucasGaming has 120 seconds left.
|
|t:|1659984624
|move|p1a: Charizard|Fire Punch|p2a: Lanturn
|-resisted|p2a: Lanturn
|-damage|p2a: Lanturn|79/100
|move|p2a: Lanturn|Volt Switch|p1a: Charizard
|-supereffective|p1a: Charizard
|-end|p1a: Charizard|Substitute
|
|t:|1659984629
|switch|p2a: Sneasel|Sneasel, F|100/100|[from]move: Volt Switch
|-damage|p2a: Sneasel|88/100|[from] Spikes
|
|upkeep
|turn|6
|
|t:|1659984637
|switch|p1a: Accelgor|Accelgor, M, shiny|20/100
|-status|p1a: Accelgor|psn
|move|p2a: Sneasel|Knock Off|p1a: Accelgor
|-damage|p1a: Accelgor|0 fnt
|-enditem|p1a: Accelgor|Focus Sash|[from] move: Knock Off|[of] p2a: Sneasel
|faint|p1a: Accelgor
|
|upkeep
|
|t:|1659984646
|switch|p1a: Jellicent|Jellicent, F|100/100
|-status|p1a: Jellicent|psn
|turn|7
|
|t:|1659984654
|move|p2a: Sneasel|Knock Off|p1a: Jellicent
|-supereffective|p1a: Jellicent
|-damage|p1a: Jellicent|0 fnt
|-enditem|p1a: Jellicent|Leftovers|[from] move: Knock Off|[of] p2a: Sneasel
|faint|p1a: Jellicent
|
|upkeep
|
|t:|1659984661
|switch|p1a: Eldegoss|Eldegoss, F|100/100
|turn|8
|
|t:|1659984666
|move|p2a: Sneasel|Knock Off|p1a: Eldegoss
|-damage|p1a: Eldegoss|33/100
|-enditem|p1a: Eldegoss|Heavy-Duty Boots|[from] move: Knock Off|[of] p2a: Sneasel
|move|p1a: Eldegoss|Rapid Spin|p2a: Sneasel
|-damage|p2a: Sneasel|76/100
|-boost|p1a: Eldegoss|spe|1
|-sideend|p1: TheLucasGaming|Toxic Spikes|[from] move: Rapid Spin|[of] p1a: Eldegoss
|
|upkeep
|turn|9
|inactive|TheLucasGaming has 120 seconds left.
|
|t:|1659984682
|switch|p1a: Charizard|Charizard, M|75/100
|move|p2a: Sneasel|Knock Off|p1a: Charizard
|-damage|p1a: Charizard|0 fnt
|-enditem|p1a: Charizard|Salac Berry|[from] move: Knock Off|[of] p2a: Sneasel
|faint|p1a: Charizard
|
|upkeep
|
|t:|1659984686
|switch|p1a: Eldegoss|Eldegoss, F|66/100
|turn|10
|
|t:|1659984695
|switch|p2a: Lanturn|Lanturn, F|79/100
|-damage|p2a: Lanturn|67/100|[from] Spikes
|move|p1a: Eldegoss|Giga Drain|p2a: Lanturn
|-supereffective|p2a: Lanturn
|-damage|p2a: Lanturn|35/100
|-heal|p1a: Eldegoss|87/100|[from] drain|[of] p2a: Lanturn
|
|-heal|p2a: Lanturn|41/100|[from] item: Leftovers
|upkeep
|turn|11
|
|t:|1659984700
|move|p2a: Lanturn|Toxic|p1a: Eldegoss
|-status|p1a: Eldegoss|tox
|move|p1a: Eldegoss|Rapid Spin|p2a: Lanturn
|-damage|p2a: Lanturn|34/100
|-boost|p1a: Eldegoss|spe|1
|
|-heal|p2a: Lanturn|40/100|[from] item: Leftovers
|-damage|p1a: Eldegoss|80/100 tox|[from] psn
|upkeep
|turn|12
|
|t:|1659984706
|move|p1a: Eldegoss|Aromatherapy|p1a: Eldegoss
|-activate|p1a: Eldegoss|move: Aromatherapy
|-curestatus|p1a: Eldegoss|tox|[msg]
|move|p2a: Lanturn|Volt Switch|p1a: Eldegoss
|-resisted|p1a: Eldegoss
|-damage|p1a: Eldegoss|74/100
|
|t:|1659984711
|switch|p2a: Sneasel|Sneasel, F|76/100|[from]move: Volt Switch
|-damage|p2a: Sneasel|63/100|[from] Spikes
|
|upkeep
|turn|13
|
|t:|1659984716
|move|p2a: Sneasel|Triple Axel|p1a: Eldegoss
|-supereffective|p1a: Eldegoss
|-damage|p1a: Eldegoss|46/100
|-supereffective|p1a: Eldegoss
|-damage|p1a: Eldegoss|0 fnt
|faint|p1a: Eldegoss
|-hitcount|p1: Eldegoss|2
|
|upkeep
|
|t:|1659984719
|switch|p1a: Trevenant|Trevenant, M|100/100
|turn|14
|c|☆TheLucasGaming|gg
|j| oliver123boom
|c|☆Haffling|i still need to land them
|
|t:|1659984734
|move|p2a: Sneasel|Triple Axel|p1a: Trevenant
|-supereffective|p1a: Trevenant
|-damage|p1a: Trevenant|73/100
|-supereffective|p1a: Trevenant
|-damage|p1a: Trevenant|18/100
|-supereffective|p1a: Trevenant
|-damage|p1a: Trevenant|0 fnt
|faint|p1a: Trevenant
|-hitcount|p1: Trevenant|3
|
|upkeep
|l| Spamton GG Spamton
|
|t:|1659984741
|switch|p1a: Articuno|Articuno-Galar|100/100
|turn|15
|
|t:|1659984744
|move|p2a: Sneasel|Triple Axel|p1a: Articuno
|-supereffective|p1a: Articuno
|-damage|p1a: Articuno|83/100
|-supereffective|p1a: Articuno
|-damage|p1a: Articuno|49/100
|-hitcount|p1a: Articuno|2
|move|p1a: Articuno|Hurricane|p2a: Sneasel|[miss]
|-miss|p1a: Articuno|p2a: Sneasel
|
|upkeep
|turn|16
|c|☆TheLucasGaming|:/
|l| oliver123boom
|-message|TheLucasGaming forfeited.
|
|win|Haffling
|n|☆TheLucasGaming|thelucasgaming
|n|☆Haffling|haffling
|n| Kython|kython
|n| LordCube02|lordcube02
