|j|☆Firulin
|j|☆teenage bream
|t:|1623358188
|gametype|singles
|player|p1|Firulin|102|1454
|player|p2|teenage bream|1|1573
|teamsize|p1|6
|teamsize|p2|6
|gen|8
|tier|[Gen 8] PU
|rated|
|rule|Sleep Clause Mod: Limit one foe put to sleep
|rule|Species Clause: Limit one of each Pokémon
|rule|OHKO Clause: OHKO moves are banned
|rule|Evasion Moves Clause: Evasion moves are banned
|rule|Endless Battle Clause: Forcing endless battles is banned
|rule|HP Percentage Mod: HP is shown in percentages
|rule|Dynamax Clause: You cannot dynamax
|clearpoke
|poke|p1|Aromatisse, F|
|poke|p1|Gigalith, M|
|poke|p1|Scrafty, F|
|poke|p1|Palossand, M|
|poke|p1|Whimsicott, M|
|poke|p1|Vespiquen, F|
|poke|p2|Gigalith, M|
|poke|p2|Eldegoss, M|
|poke|p2|Accelgor, F|
|poke|p2|Aromatisse, M|
|poke|p2|Stunfisk-Galar, M|
|poke|p2|Boltund, F|
|teampreview
|
|t:|1623358219
|start
|switch|p1a: Scrafty|Scrafty, F|100/100
|switch|p2a: Accelgor|Accelgor, F|100/100
|-ability|p1a: Scrafty|Intimidate|boost
|-unboost|p2a: Accelgor|atk|1
|turn|1
|
|t:|1623358226
|switch|p1a: Gigalith|Gigalith, M|100/100
|-weather|Sandstorm|[from] ability: Sand Stream|[of] p1a: Gigalith
|move|p2a: Accelgor|Knock Off|p1a: Gigalith
|-damage|p1a: Gigalith|93/100
|-enditem|p1a: Gigalith|Leftovers|[from] move: Knock Off|[of] p2a: Accelgor
|
|-weather|Sandstorm|[upkeep]
|-damage|p2a: Accelgor|94/100|[from] Sandstorm
|upkeep
|turn|2
|
|t:|1623358230
|move|p2a: Accelgor|U-turn|p1a: Gigalith
|-damage|p1a: Gigalith|83/100
|
|t:|1623358233
|switch|p2a: Stunfisk|Stunfisk-Galar, M|100/100|[from]move: U-turn
|move|p1a: Gigalith|Stone Edge|p2a: Stunfisk
|-resisted|p2a: Stunfisk
|-damage|p2a: Stunfisk|91/100
|
|-weather|Sandstorm|[upkeep]
|-heal|p2a: Stunfisk|97/100|[from] item: Leftovers
|upkeep
|turn|3
|
|t:|1623358249
|switch|p1a: Whimsicott|Whimsicott, M|100/100
|move|p2a: Stunfisk|Earthquake|p1a: Whimsicott
|-resisted|p1a: Whimsicott
|-damage|p1a: Whimsicott|84/100
|
|-weather|Sandstorm|[upkeep]
|-damage|p1a: Whimsicott|77/100|[from] Sandstorm
|-heal|p1a: Whimsicott|84/100|[from] item: Leftovers
|-heal|p2a: Stunfisk|100/100|[from] item: Leftovers
|upkeep
|turn|4
|
|t:|1623358255
|switch|p2a: Eldegoss|Eldegoss, M|100/100
|move|p1a: Whimsicott|Leech Seed|p2a: Eldegoss
|-immune|p2a: Eldegoss
|
|-weather|Sandstorm|[upkeep]
|-damage|p1a: Whimsicott|77/100|[from] Sandstorm
|-damage|p2a: Eldegoss|94/100|[from] Sandstorm
|-heal|p1a: Whimsicott|84/100|[from] item: Leftovers
|upkeep
|turn|5
|
|t:|1623358260
|switch|p1a: Vespiquen|Vespiquen, F|100/100
|-ability|p1a: Vespiquen|Pressure
|move|p2a: Eldegoss|Pollen Puff|p1a: Vespiquen
|-resisted|p1a: Vespiquen
|-damage|p1a: Vespiquen|88/100
|
|-weather|none
|upkeep
|turn|6
|
|t:|1623358268
|move|p2a: Eldegoss|Sleep Powder|p1a: Vespiquen
|-status|p1a: Vespiquen|slp|[from] move: Sleep Powder
|cant|p1a: Vespiquen|slp
|
|upkeep
|turn|7
|
|t:|1623358273
|switch|p2a: Accelgor|Accelgor, F|94/100
|cant|p1a: Vespiquen|slp
|
|upkeep
|turn|8
|
|t:|1623358276
|switch|p1a: Gigalith|Gigalith, M|83/100
|-weather|Sandstorm|[from] ability: Sand Stream|[of] p1a: Gigalith
|move|p2a: Accelgor|Knock Off|p1a: Gigalith
|-damage|p1a: Gigalith|75/100
|
|-weather|Sandstorm|[upkeep]
|-damage|p2a: Accelgor|88/100|[from] Sandstorm
|upkeep
|turn|9
|
|t:|1623358279
|move|p2a: Accelgor|U-turn|p1a: Gigalith
|-damage|p1a: Gigalith|63/100
|
|t:|1623358284
|switch|p2a: Stunfisk|Stunfisk-Galar, M|100/100|[from]move: U-turn
|move|p1a: Gigalith|Stealth Rock|p2a: Stunfisk
|-sidestart|p2: teenage bream|move: Stealth Rock
|
|-weather|Sandstorm|[upkeep]
|upkeep
|turn|10
|
|t:|1623358298
|switch|p1a: Vespiquen|Vespiquen, F|88/100 slp
|-ability|p1a: Vespiquen|Pressure
|move|p2a: Stunfisk|Snap Trap|p1a: Vespiquen
|-resisted|p1a: Vespiquen
|-damage|p1a: Vespiquen|87/100 slp
|-activate|p1a: Vespiquen|move: Snap Trap|[of] p2a: Stunfisk
|
|-weather|Sandstorm|[upkeep]
|-damage|p1a: Vespiquen|80/100 slp|[from] Sandstorm
|-damage|p1a: Vespiquen|68/100 slp|[from] move: Snap Trap|[partiallytrapped]
|upkeep
|turn|11
|
|t:|1623358306
|-curestatus|p1a: Vespiquen|slp|[msg]
|move|p1a: Vespiquen|Attack Order|p2a: Stunfisk
|-resisted|p2a: Stunfisk
|-damage|p2a: Stunfisk|89/100
|move|p2a: Stunfisk|Stone Edge|p1a: Vespiquen
|-supereffective|p1a: Vespiquen
|-damage|p1a: Vespiquen|0 fnt
|faint|p1a: Vespiquen
|
|-weather|Sandstorm|[upkeep]
|-heal|p2a: Stunfisk|96/100|[from] item: Leftovers
|upkeep
|
|t:|1623358315
|switch|p1a: Palossand|Palossand, M|100/100
|turn|12
|
|t:|1623358318
|switch|p2a: Eldegoss|Eldegoss, M|100/100
|move|p1a: Palossand|Scorching Sands|p2a: Eldegoss
|-resisted|p2a: Eldegoss
|-damage|p2a: Eldegoss|87/100
|
|-weather|none
|upkeep
|turn|13
|
|t:|1623358326
|switch|p1a: Whimsicott|Whimsicott, M|84/100
|move|p2a: Eldegoss|Rapid Spin|p1a: Whimsicott
|-damage|p1a: Whimsicott|79/100
|-boost|p2a: Eldegoss|spe|1
|-sideend|p2: teenage bream|Stealth Rock|[from] move: Rapid Spin|[of] p2a: Eldegoss
|
|-heal|p1a: Whimsicott|85/100|[from] item: Leftovers
|upkeep
|turn|14
|
|t:|1623358332
|move|p1a: Whimsicott|Substitute|p1a: Whimsicott
|-start|p1a: Whimsicott|Substitute
|-damage|p1a: Whimsicott|60/100
|move|p2a: Eldegoss|Pollen Puff|p1a: Whimsicott
|-end|p1a: Whimsicott|Substitute
|
|-heal|p1a: Whimsicott|66/100|[from] item: Leftovers
|upkeep
|turn|15
|
|t:|1623358339
|move|p2a: Eldegoss|Pollen Puff|p1a: Whimsicott
|-damage|p1a: Whimsicott|33/100
|move|p1a: Whimsicott|Moonblast|p2a: Eldegoss
|-damage|p2a: Eldegoss|57/100
|-unboost|p2a: Eldegoss|spa|1
|
|-heal|p1a: Whimsicott|39/100|[from] item: Leftovers
|upkeep
|turn|16
|
|t:|1623358349
|switch|p2a: Gigalith|Gigalith, M|100/100
|-weather|Sandstorm|[from] ability: Sand Stream|[of] p2a: Gigalith
|switch|p1a: Gigalith|Gigalith, M|63/100
|
|-weather|Sandstorm|[upkeep]
|upkeep
|turn|17
|
|t:|1623358353
|move|p1a: Gigalith|Toxic|p2a: Gigalith
|-status|p2a: Gigalith|tox
|move|p2a: Gigalith|Sand Tomb|p1a: Gigalith
|-supereffective|p1a: Gigalith
|-damage|p1a: Gigalith|48/100
|-activate|p1a: Gigalith|move: Sand Tomb|[of] p2a: Gigalith
|
|-weather|Sandstorm|[upkeep]
|-damage|p2a: Gigalith|94/100 tox|[from] psn
|-damage|p1a: Gigalith|36/100|[from] move: Sand Tomb|[partiallytrapped]
|upkeep
|turn|18
|
|t:|1623358360
|move|p2a: Gigalith|Rock Blast|p1a: Gigalith
|-damage|p1a: Gigalith|28/100
|-crit|p1a: Gigalith
|-damage|p1a: Gigalith|16/100
|-hitcount|p1a: Gigalith|2
|move|p1a: Gigalith|Stealth Rock|p2a: Gigalith
|-sidestart|p2: teenage bream|move: Stealth Rock
|
|-weather|Sandstorm|[upkeep]
|-heal|p2a: Gigalith|100/100 tox|[from] item: Leftovers
|-damage|p2a: Gigalith|88/100 tox|[from] psn
|-damage|p1a: Gigalith|3/100|[from] move: Sand Tomb|[partiallytrapped]
|upkeep
|turn|19
|c|☆Firulin|what is this idiocy
|
|t:|1623358371
|move|p2a: Gigalith|Stealth Rock|p1a: Gigalith
|-sidestart|p1: Firulin|move: Stealth Rock
|move|p1a: Gigalith|Earthquake|p2a: Gigalith
|-supereffective|p2a: Gigalith
|-damage|p2a: Gigalith|44/100 tox
|
|-weather|Sandstorm|[upkeep]
|-heal|p2a: Gigalith|50/100 tox|[from] item: Leftovers
|-damage|p2a: Gigalith|32/100 tox|[from] psn
|-damage|p1a: Gigalith|0 fnt|[from] move: Sand Tomb|[partiallytrapped]
|faint|p1a: Gigalith
|upkeep
|
|t:|1623358391
|switch|p1a: Scrafty|Scrafty, F|100/100
|-damage|p1a: Scrafty|95/100|[from] Stealth Rock
|-ability|p1a: Scrafty|Intimidate|boost
|-unboost|p2a: Gigalith|atk|1
|turn|20
|
|t:|1623358394
|switch|p2a: Aromatisse|Aromatisse, M|100/100
|move|p1a: Scrafty|Substitute|p1a: Scrafty
|-start|p1a: Scrafty|Substitute
|-damage|p1a: Scrafty|70/100
|
|-weather|none
|-heal|p1a: Scrafty|76/100|[from] item: Leftovers
|upkeep
|turn|21
|
|t:|1623358397
|move|p1a: Scrafty|Knock Off|p2a: Aromatisse
|-resisted|p2a: Aromatisse
|-damage|p2a: Aromatisse|89/100
|-enditem|p2a: Aromatisse|Heavy-Duty Boots|[from] move: Knock Off|[of] p1a: Scrafty
|move|p2a: Aromatisse|Moonblast|p1a: Scrafty
|-supereffective|p1a: Scrafty
|-end|p1a: Scrafty|Substitute
|
|-heal|p1a: Scrafty|82/100|[from] item: Leftovers
|upkeep
|turn|22
|
|t:|1623358405
|switch|p1a: Aromatisse|Aromatisse, F|100/100
|-damage|p1a: Aromatisse|88/100|[from] Stealth Rock
|move|p2a: Aromatisse|Moonblast|p1a: Aromatisse
|-damage|p1a: Aromatisse|67/100
|
|-heal|p1a: Aromatisse|73/100|[from] item: Leftovers
|upkeep
|turn|23
|
|t:|1623358414
|switch|p2a: Eldegoss|Eldegoss, M|91/100
|move|p1a: Aromatisse|Wish|p1a: Aromatisse
|
|-heal|p1a: Aromatisse|79/100|[from] item: Leftovers
|upkeep
|turn|24
|
|t:|1623358423
|switch|p1a: Whimsicott|Whimsicott, M|39/100
|-damage|p1a: Whimsicott|26/100|[from] Stealth Rock
|move|p2a: Eldegoss|Rapid Spin|p1a: Whimsicott
|-damage|p1a: Whimsicott|21/100
|-boost|p2a: Eldegoss|spe|1
|-sideend|p2: teenage bream|Stealth Rock|[from] move: Rapid Spin|[of] p2a: Eldegoss
|
|-heal|p1a: Whimsicott|83/100|[from] move: Wish|[wisher] Aromatisse
|-heal|p1a: Whimsicott|89/100|[from] item: Leftovers
|upkeep
|turn|25
|
|t:|1623358449
|switch|p1a: Scrafty|Scrafty, F|82/100
|-damage|p1a: Scrafty|76/100|[from] Stealth Rock
|-ability|p1a: Scrafty|Intimidate|boost
|-unboost|p2a: Eldegoss|atk|1
|move|p2a: Eldegoss|Pollen Puff|p1a: Scrafty
|-damage|p1a: Scrafty|54/100
|
|-heal|p1a: Scrafty|60/100|[from] item: Leftovers
|upkeep
|turn|26
|
|t:|1623358458
|move|p2a: Eldegoss|Sleep Powder|p1a: Scrafty
|-status|p1a: Scrafty|slp|[from] move: Sleep Powder
|cant|p1a: Scrafty|slp
|
|-heal|p1a: Scrafty|66/100 slp|[from] item: Leftovers
|upkeep
|turn|27
|
|t:|1623358470
|switch|p2a: Aromatisse|Aromatisse, M|89/100
|switch|p1a: Palossand|Palossand, M|100/100
|-damage|p1a: Palossand|94/100|[from] Stealth Rock
|
|-heal|p1a: Palossand|100/100|[from] item: Leftovers
|upkeep
|turn|28
|
|t:|1623358474
|switch|p2a: Eldegoss|Eldegoss, M|100/100
|move|p1a: Palossand|Toxic|p2a: Eldegoss
|-status|p2a: Eldegoss|tox
|
|-damage|p2a: Eldegoss|94/100 tox|[from] psn
|upkeep
|turn|29
|
|t:|1623358485
|move|p2a: Eldegoss|Leaf Storm|p1a: Palossand
|-supereffective|p1a: Palossand
|-damage|p1a: Palossand|0 fnt
|-unboost|p2a: Eldegoss|spa|2
|faint|p1a: Palossand
|
|-damage|p2a: Eldegoss|82/100 tox|[from] psn
|upkeep
|
|t:|1623358496
|switch|p1a: Aromatisse|Aromatisse, F|79/100
|-damage|p1a: Aromatisse|67/100|[from] Stealth Rock
|turn|30
|
|t:|1623358498
|switch|p2a: Stunfisk|Stunfisk-Galar, M|96/100
|move|p1a: Aromatisse|Heal Bell|p1a: Aromatisse
|-activate|p1a: Aromatisse|move: Heal Bell
|-curestatus|p1: Scrafty|slp|[msg]
|
|-heal|p2a: Stunfisk|100/100|[from] item: Leftovers
|-heal|p1a: Aromatisse|73/100|[from] item: Leftovers
|upkeep
|turn|31
|c|☆Firulin|wtf is wrong with you people
|c|☆teenage bream|:(
|
|t:|1623358508
|switch|p1a: Scrafty|Scrafty, F|66/100
|-damage|p1a: Scrafty|60/100|[from] Stealth Rock
|-ability|p1a: Scrafty|Intimidate|boost
|-unboost|p2a: Stunfisk|atk|1
|move|p2a: Stunfisk|Snap Trap|p1a: Scrafty
|-damage|p1a: Scrafty|56/100
|-activate|p1a: Scrafty|move: Snap Trap|[of] p2a: Stunfisk
|
|-heal|p1a: Scrafty|62/100|[from] item: Leftovers
|-damage|p1a: Scrafty|49/100|[from] move: Snap Trap|[partiallytrapped]
|upkeep
|turn|32
|
|t:|1623358516
|switch|p2a: Aromatisse|Aromatisse, M|89/100
|move|p1a: Scrafty|Drain Punch|p2a: Aromatisse
|-resisted|p2a: Aromatisse
|-damage|p2a: Aromatisse|80/100
|-heal|p1a: Scrafty|55/100|[from] drain|[of] p2a: Aromatisse
|
|-heal|p1a: Scrafty|61/100|[from] item: Leftovers
|-end|p1a: Scrafty|Snap Trap|[partiallytrapped]|[silent]
|upkeep
|turn|33
|
|t:|1623358519
|switch|p1a: Aromatisse|Aromatisse, F|73/100
|-damage|p1a: Aromatisse|60/100|[from] Stealth Rock
|move|p2a: Aromatisse|Moonblast|p1a: Aromatisse
|-damage|p1a: Aromatisse|39/100
|
|-heal|p1a: Aromatisse|46/100|[from] item: Leftovers
|upkeep
|turn|34
|
|t:|1623358528
|switch|p2a: Accelgor|Accelgor, F|88/100
|move|p1a: Aromatisse|Wish|p1a: Aromatisse
|
|-heal|p1a: Aromatisse|52/100|[from] item: Leftovers
|upkeep
|turn|35
|
|t:|1623358536
|move|p1a: Aromatisse|Protect|p1a: Aromatisse
|-singleturn|p1a: Aromatisse|Protect
|move|p2a: Accelgor|Spikes|p1a: Aromatisse
|-sidestart|p1: Firulin|Spikes
|
|-heal|p1a: Aromatisse|100/100|[from] move: Wish|[wisher] Aromatisse
|upkeep
|turn|36
|
|t:|1623358544
|move|p2a: Accelgor|Spikes|p1a: Aromatisse
|-sidestart|p1: Firulin|Spikes
|move|p1a: Aromatisse|Moonblast|p2a: Accelgor
|-damage|p2a: Accelgor|40/100
|
|upkeep
|turn|37
|
|t:|1623358548
|move|p2a: Accelgor|U-turn|p1a: Aromatisse
|-resisted|p1a: Aromatisse
|-damage|p1a: Aromatisse|91/100
|
|t:|1623358550
|switch|p2a: Stunfisk|Stunfisk-Galar, M|100/100|[from]move: U-turn
|move|p1a: Aromatisse|Moonblast|p2a: Stunfisk
|-resisted|p2a: Stunfisk
|-damage|p2a: Stunfisk|88/100
|
|-heal|p2a: Stunfisk|94/100|[from] item: Leftovers
|-heal|p1a: Aromatisse|97/100|[from] item: Leftovers
|upkeep
|turn|38
|
|t:|1623358561
|switch|p1a: Whimsicott|Whimsicott, M|89/100
|-damage|p1a: Whimsicott|77/100|[from] Stealth Rock
|-damage|p1a: Whimsicott|60/100|[from] Spikes
|move|p2a: Stunfisk|Snap Trap|p1a: Whimsicott
|-resisted|p1a: Whimsicott
|-damage|p1a: Whimsicott|56/100
|-activate|p1a: Whimsicott|move: Snap Trap|[of] p2a: Stunfisk
|
|-heal|p1a: Whimsicott|63/100|[from] item: Leftovers
|-heal|p2a: Stunfisk|99/100|[from] item: Leftovers
|-damage|p1a: Whimsicott|50/100|[from] move: Snap Trap|[partiallytrapped]
|upkeep
|turn|39
|
|t:|1623358564
|move|p1a: Whimsicott|Leech Seed|p2a: Stunfisk
|-start|p2a: Stunfisk|move: Leech Seed
|move|p2a: Stunfisk|Earthquake|p1a: Whimsicott
|-resisted|p1a: Whimsicott
|-damage|p1a: Whimsicott|33/100
|
|-heal|p1a: Whimsicott|39/100|[from] item: Leftovers
|-heal|p2a: Stunfisk|100/100|[from] item: Leftovers
|-damage|p2a: Stunfisk|88/100|[from] Leech Seed|[of] p1a: Whimsicott
|-heal|p1a: Whimsicott|55/100|[silent]
|-damage|p1a: Whimsicott|43/100|[from] move: Snap Trap|[partiallytrapped]
|upkeep
|turn|40
|
|t:|1623358578
|switch|p2a: Accelgor|Accelgor, F|40/100
|move|p1a: Whimsicott|Defog|p2a: Accelgor
|-unboost|p2a: Accelgor|evasion|1
|-sideend|p1: Firulin|Spikes|[from] move: Defog|[of] p1a: Whimsicott
|-sideend|p1: Firulin|Stealth Rock|[from] move: Defog|[of] p1a: Whimsicott
|
|-heal|p1a: Whimsicott|49/100|[from] item: Leftovers
|-end|p1a: Whimsicott|Snap Trap|[partiallytrapped]|[silent]
|upkeep
|turn|41
|
|t:|1623358585
|switch|p1a: Aromatisse|Aromatisse, F|97/100
|move|p2a: Accelgor|Knock Off|p1a: Aromatisse
|-resisted|p1a: Aromatisse
|-damage|p1a: Aromatisse|87/100
|-enditem|p1a: Aromatisse|Leftovers|[from] move: Knock Off|[of] p2a: Accelgor
|
|upkeep
|turn|42
|
|t:|1623358588
|move|p2a: Accelgor|U-turn|p1a: Aromatisse
|-resisted|p1a: Aromatisse
|-damage|p1a: Aromatisse|78/100
|
|t:|1623358598
|switch|p2a: Aromatisse|Aromatisse, M|80/100|[from]move: U-turn
|move|p1a: Aromatisse|Moonblast|p2a: Aromatisse
|-damage|p2a: Aromatisse|48/100
|
|upkeep
|turn|43
|j| PUnyTest
|
|t:|1623358629
|move|p1a: Aromatisse|Wish|p1a: Aromatisse
|move|p2a: Aromatisse|Wish|p2a: Aromatisse
|
|upkeep
|turn|44
|
|t:|1623358637
|switch|p1a: Whimsicott|Whimsicott, M|49/100
|move|p2a: Aromatisse|Heal Bell|p2a: Aromatisse
|-activate|p2a: Aromatisse|move: Heal Bell
|-curestatus|p2: Gigalith|tox|[msg]
|-curestatus|p2: Eldegoss|tox|[msg]
|
|-heal|p1a: Whimsicott|100/100|[from] move: Wish|[wisher] Aromatisse
|-heal|p2a: Aromatisse|98/100|[from] move: Wish|[wisher] Aromatisse
|upkeep
|turn|45
|
|t:|1623358646
|switch|p2a: Eldegoss|Eldegoss, M|100/100
|move|p1a: Whimsicott|Leech Seed|p2a: Eldegoss
|-immune|p2a: Eldegoss
|
|upkeep
|turn|46
|
|t:|1623358654
|move|p1a: Whimsicott|Moonblast|p2a: Eldegoss
|-damage|p2a: Eldegoss|73/100
|move|p2a: Eldegoss|Pollen Puff|p1a: Whimsicott
|-damage|p1a: Whimsicott|68/100
|
|-heal|p1a: Whimsicott|74/100|[from] item: Leftovers
|upkeep
|turn|47
|
|t:|1623358657
|move|p1a: Whimsicott|Moonblast|p2a: Eldegoss
|-damage|p2a: Eldegoss|44/100
|-unboost|p2a: Eldegoss|spa|1
|move|p2a: Eldegoss|Pollen Puff|p1a: Whimsicott
|-damage|p1a: Whimsicott|51/100
|
|-heal|p1a: Whimsicott|58/100|[from] item: Leftovers
|upkeep
|turn|48
|
|t:|1623358664
|switch|p2a: Stunfisk|Stunfisk-Galar, M|88/100
|move|p1a: Whimsicott|Moonblast|p2a: Stunfisk
|-resisted|p2a: Stunfisk
|-damage|p2a: Stunfisk|78/100
|
|-heal|p1a: Whimsicott|64/100|[from] item: Leftovers
|-heal|p2a: Stunfisk|84/100|[from] item: Leftovers
|upkeep
|turn|49
|
|t:|1623358672
|switch|p2a: Eldegoss|Eldegoss, M|78/100
|move|p1a: Whimsicott|Leech Seed|p2a: Eldegoss
|-immune|p2a: Eldegoss
|
|-heal|p1a: Whimsicott|70/100|[from] item: Leftovers
|upkeep
|turn|50
|
|t:|1623358684
|move|p1a: Whimsicott|Moonblast|p2a: Eldegoss
|-damage|p2a: Eldegoss|49/100
|move|p2a: Eldegoss|Pollen Puff|p1a: Whimsicott
|-damage|p1a: Whimsicott|34/100
|
|-heal|p1a: Whimsicott|40/100|[from] item: Leftovers
|upkeep
|turn|51
|
|t:|1623358697
|switch|p1a: Aromatisse|Aromatisse, F|78/100
|move|p2a: Eldegoss|Pollen Puff|p1a: Aromatisse
|-resisted|p1a: Aromatisse
|-damage|p1a: Aromatisse|70/100
|
|upkeep
|turn|52
|
|t:|1623358703
|switch|p1a: Whimsicott|Whimsicott, M|40/100
|move|p2a: Eldegoss|Sleep Powder|p1a: Whimsicott
|-immune|p1a: Whimsicott
|
|-heal|p1a: Whimsicott|46/100|[from] item: Leftovers
|upkeep
|turn|53
|
|t:|1623358715
|switch|p2a: Stunfisk|Stunfisk-Galar, M|84/100
|move|p1a: Whimsicott|Moonblast|p2a: Stunfisk
|-resisted|p2a: Stunfisk
|-damage|p2a: Stunfisk|73/100
|
|-heal|p1a: Whimsicott|52/100|[from] item: Leftovers
|-heal|p2a: Stunfisk|79/100|[from] item: Leftovers
|upkeep
|turn|54
|
|t:|1623358720
|move|p1a: Whimsicott|Leech Seed|p2a: Stunfisk
|-start|p2a: Stunfisk|move: Leech Seed
|move|p2a: Stunfisk|Yawn|p1a: Whimsicott
|-start|p1a: Whimsicott|move: Yawn|[of] p2a: Stunfisk
|
|-heal|p1a: Whimsicott|59/100|[from] item: Leftovers
|-heal|p2a: Stunfisk|85/100|[from] item: Leftovers
|-damage|p2a: Stunfisk|73/100|[from] Leech Seed|[of] p1a: Whimsicott
|-heal|p1a: Whimsicott|75/100|[silent]
|upkeep
|turn|55
|
|t:|1623358729
|switch|p1a: Aromatisse|Aromatisse, F|70/100
|switch|p2a: Gigalith|Gigalith, M|32/100
|-weather|Sandstorm|[from] ability: Sand Stream|[of] p2a: Gigalith
|
|-weather|Sandstorm|[upkeep]
|-damage|p1a: Aromatisse|64/100|[from] Sandstorm
|-heal|p2a: Gigalith|38/100|[from] item: Leftovers
|upkeep
|turn|56
|
|t:|1623358736
|switch|p1a: Scrafty|Scrafty, F|61/100
|-ability|p1a: Scrafty|Intimidate|boost
|-unboost|p2a: Gigalith|atk|1
|move|p2a: Gigalith|Stealth Rock|p1a: Scrafty
|-sidestart|p1: Firulin|move: Stealth Rock
|
|-weather|Sandstorm|[upkeep]
|-damage|p1a: Scrafty|55/100|[from] Sandstorm
|-heal|p1a: Scrafty|61/100|[from] item: Leftovers
|-heal|p2a: Gigalith|44/100|[from] item: Leftovers
|upkeep
|turn|57
|
|t:|1623358741
|switch|p2a: Aromatisse|Aromatisse, M|98/100
|move|p1a: Scrafty|Drain Punch|p2a: Aromatisse
|-resisted|p2a: Aromatisse
|-damage|p2a: Aromatisse|90/100
|-heal|p1a: Scrafty|66/100|[from] drain|[of] p2a: Aromatisse
|
|-weather|Sandstorm|[upkeep]
|-damage|p1a: Scrafty|60/100|[from] Sandstorm
|-damage|p2a: Aromatisse|84/100|[from] Sandstorm
|-heal|p1a: Scrafty|66/100|[from] item: Leftovers
|upkeep
|turn|58
|
|t:|1623358744
|switch|p1a: Aromatisse|Aromatisse, F|64/100
|-damage|p1a: Aromatisse|52/100|[from] Stealth Rock
|move|p2a: Aromatisse|Moonblast|p1a: Aromatisse
|-damage|p1a: Aromatisse|31/100
|-unboost|p1a: Aromatisse|spa|1
|
|-weather|Sandstorm|[upkeep]
|-damage|p1a: Aromatisse|25/100|[from] Sandstorm
|-damage|p2a: Aromatisse|78/100|[from] Sandstorm
|upkeep
|turn|59
|
|t:|1623358748
|move|p1a: Aromatisse|Wish|p1a: Aromatisse
|move|p2a: Aromatisse|Moonblast|p1a: Aromatisse
|-damage|p1a: Aromatisse|5/100
|-unboost|p1a: Aromatisse|spa|1
|
|-weather|none
|upkeep
|turn|60
|
|t:|1623358754
|switch|p2a: Gigalith|Gigalith, M|44/100
|-weather|Sandstorm|[from] ability: Sand Stream|[of] p2a: Gigalith
|move|p1a: Aromatisse|Protect||[still]
|-fail|p1a: Aromatisse
|
|-weather|Sandstorm|[upkeep]
|-damage|p1a: Aromatisse|0 fnt|[from] Sandstorm
|faint|p1a: Aromatisse
|-heal|p2a: Gigalith|50/100|[from] item: Leftovers
|upkeep
|c|☆Firulin|god damn 4 year olds
|c|☆Firulin|every time
|c|☆teenage bream|lol
|c|☆teenage bream|fume
|c|☆Firulin|yes
|c|☆Firulin|"fume"
|inactive|Battle timer is ON: inactive players will automatically lose when time's up. (requested by teenage bream)
|inactive|Firulin has 120 seconds left.
|inactive|Firulin has 90 seconds left.
|inactive|Firulin has 60 seconds left.
|
|t:|1623358889
|switch|p1a: Scrafty|Scrafty, F|66/100
|-damage|p1a: Scrafty|60/100|[from] Stealth Rock
|-ability|p1a: Scrafty|Intimidate|boost
|-unboost|p2a: Gigalith|atk|1
|turn|61
|
|t:|1623358896
|switch|p2a: Aromatisse|Aromatisse, M|78/100
|move|p1a: Scrafty|Knock Off|p2a: Aromatisse
|-resisted|p2a: Aromatisse
|-damage|p2a: Aromatisse|70/100
|
|-weather|Sandstorm|[upkeep]
|-damage|p1a: Scrafty|54/100|[from] Sandstorm
|-damage|p2a: Aromatisse|64/100|[from] Sandstorm
|-heal|p1a: Scrafty|60/100|[from] item: Leftovers
|upkeep
|turn|62
|inactive|Firulin has 120 seconds left.
|c|☆Firulin|i hope someone forcefully castrates you
|-message|Firulin forfeited.
|
|win|teenage bream
|c|☆teenage bream|very rude
|l|☆Firulin
|raw|Firulin's rating: 1454 &rarr; <strong>1441</strong><br />(-13 for losing)
|raw|teenage bream's rating: 1573 &rarr; <strong>1586</strong><br />(+13 for winning)
