|j|☆Pave Low
|j|☆GammaGoGamma
|inactive|Battle timer is ON: inactive players will automatically lose when time's up.
|t:|1666431152
|gametype|singles
|player|p1|Pave Low|backers|
|player|p2|GammaGoGamma|burglar|
|teamsize|p1|6
|teamsize|p2|6
|gen|8
|tier|[Gen 8] PU
|rated|Tournament battle
|rule|Sleep Clause Mod: Limit one foe put to sleep
|rule|Species Clause: Limit one of each Pokémon
|rule|OHKO Clause: OHKO moves are banned
|rule|Evasion Items Clause: Evasion items are banned
|rule|Evasion Moves Clause: Evasion moves are banned
|rule|Endless Battle Clause: Forcing endless battles is banned
|rule|HP Percentage Mod: HP is shown in percentages
|rule|Dynamax Clause: You cannot dynamax
|clearpoke
|poke|p1|Ribombee, M|
|poke|p1|Jellicent, F|
|poke|p1|Sandaconda, F|
|poke|p1|Perrserker, F|
|poke|p1|Charizard, F|
|poke|p1|Audino, M|
|poke|p2|Frosmoth, F|
|poke|p2|Charizard, M|
|poke|p2|Sandaconda, M|
|poke|p2|Lycanroc, M|
|poke|p2|Whimsicott, F|
|poke|p2|Wishiwashi, M|
|teampreview
|j|*Lady Monita ☽
|j| P-HubProdigy
|
|t:|1666431165
|start
|switch|p1a: Perrserker|Perrserker, F|100/100
|switch|p2a: Sandaconda|Sandaconda, M|100/100
|turn|1
|
|t:|1666431171
|move|p2a: Sandaconda|Stealth Rock|p1a: Perrserker
|-sidestart|p1: Pave Low|move: Stealth Rock
|move|p1a: Perrserker|Seed Bomb|p2a: Sandaconda
|-supereffective|p2a: Sandaconda
|-damage|p2a: Sandaconda|50/100
|
|upkeep
|turn|2
|
|t:|1666431176
|move|p2a: Sandaconda|Earthquake|p1a: Perrserker
|-supereffective|p1a: Perrserker
|-damage|p1a: Perrserker|15/100
|move|p1a: Perrserker|Seed Bomb|p2a: Sandaconda
|-supereffective|p2a: Sandaconda
|-damage|p2a: Sandaconda|0 fnt
|faint|p2a: Sandaconda
|
|upkeep
|inactive|GammaGoGamma has 120 seconds left.
|
|t:|1666431206
|switch|p2a: Frosmoth|Frosmoth, F|100/100
|turn|3
|
|t:|1666431210
|switch|p1a: Audino|Audino, M|100/100
|move|p2a: Frosmoth|Quiver Dance|p2a: Frosmoth
|-boost|p2a: Frosmoth|spa|1
|-boost|p2a: Frosmoth|spd|1
|-boost|p2a: Frosmoth|spe|1
|
|upkeep
|turn|4
|
|t:|1666431213
|move|p2a: Frosmoth|Substitute|p2a: Frosmoth
|-start|p2a: Frosmoth|Substitute
|-damage|p2a: Frosmoth|76/100
|move|p1a: Audino|Toxic||[still]
|-fail|p1a: Audino
|
|upkeep
|turn|5
|
|t:|1666431219
|switch|p1a: Charizard|Charizard, F, shiny|100/100
|move|p2a: Frosmoth|Quiver Dance|p2a: Frosmoth
|-boost|p2a: Frosmoth|spa|1
|-boost|p2a: Frosmoth|spd|1
|-boost|p2a: Frosmoth|spe|1
|
|upkeep
|turn|6
|
|t:|1666431221
|move|p2a: Frosmoth|Ice Beam|p1a: Charizard
|-damage|p1a: Charizard|5/100
|move|p1a: Charizard|Mystical Fire|p2a: Frosmoth
|-supereffective|p2a: Frosmoth
|-end|p2a: Frosmoth|Substitute
|
|upkeep
|turn|7
|
|t:|1666431228
|move|p2a: Frosmoth|Ice Beam|p1a: Charizard
|-damage|p1a: Charizard|0 fnt
|faint|p1a: Charizard
|
|upkeep
|
|t:|1666431242
|switch|p1a: Jellicent|Jellicent, F|100/100
|-damage|p1a: Jellicent|88/100|[from] Stealth Rock
|turn|8
|
|t:|1666431245
|move|p2a: Frosmoth|Substitute|p2a: Frosmoth
|-start|p2a: Frosmoth|Substitute
|-damage|p2a: Frosmoth|51/100
|move|p1a: Jellicent|Trick||[still]
|-fail|p1a: Jellicent
|
|upkeep
|turn|9
|c|☆Pave Low|ah gg
|c|☆Pave Low|i have nothing
|-message|Pave Low forfeited.
|
|win|GammaGoGamma
|n|☆Pave Low|pavelow
|n|☆GammaGoGamma|gammagogamma
|n|*Lady Monita ☽|ladymonita
|n| P-HubProdigy|phubprodigy
|l|*Lady Monita ☽
|l|☆Pave Low
