|html|<div class="broadcast-blue"><strong>[Gen 8] PU is currently suspecting Vanilluxe! For information on how to participate check out the <a href="https://www.smogon.com/forums/threads/np-ss-pu-stage-10-ice-cream-vanilluxe-suspect-test.3705646/">suspect thread</a>.</strong></div>
|j|☆BrapBlaster
|j|☆PULT4C1 zoowi
|t:|1660527058
|gametype|singles
|player|p1|BrapBlaster|marshal|1167
|player|p2|PULT4C1 zoowi|burglar-gen2|1218
|teamsize|p1|6
|teamsize|p2|6
|gen|8
|tier|[Gen 8] PU
|rated|
|rule|Sleep Clause Mod: Limit one foe put to sleep
|rule|Species Clause: Limit one of each Pokémon
|rule|OHKO Clause: OHKO moves are banned
|rule|Evasion Items Clause: Evasion items are banned
|rule|Evasion Moves Clause: Evasion moves are banned
|rule|Endless Battle Clause: Forcing endless battles is banned
|rule|HP Percentage Mod: HP is shown in percentages
|rule|Dynamax Clause: You cannot dynamax
|clearpoke
|poke|p1|Basculin, F|
|poke|p1|Scrafty, F|
|poke|p1|Jellicent, F|
|poke|p1|Eldegoss, F|
|poke|p1|Charizard, M|
|poke|p1|Regirock|
|poke|p2|Silvally-*|
|poke|p2|Gallade, M|
|poke|p2|Scrafty, F|
|poke|p2|Jolteon, F|
|poke|p2|Coalossal, M|
|poke|p2|Poliwrath, M|
|teampreview
|inactive|Battle timer is ON: inactive players will automatically lose when time's up. (requested by BrapBlaster)
|
|t:|1660527094
|start
|switch|p1a: Eldegoss|Eldegoss, F|100/100
|switch|p2a: Jolteon|Jolteon, F|100/100
|turn|1
|
|t:|1660527101
|move|p2a: Jolteon|Volt Switch|p1a: Eldegoss
|-resisted|p1a: Eldegoss
|-damage|p1a: Eldegoss|82/100
|
|t:|1660527106
|switch|p2a: Scrafty|Scrafty, F|100/100|[from]move: Volt Switch
|move|p1a: Eldegoss|Sleep Powder|p2a: Scrafty|[miss]
|-miss|p1a: Eldegoss|p2a: Scrafty
|
|upkeep
|turn|2
|
|t:|1660527112
|switch|p1a: Charizard|Charizard, M|100/100
|move|p2a: Scrafty|Knock Off|p1a: Charizard
|-damage|p1a: Charizard|55/100
|-enditem|p1a: Charizard|Heavy-Duty Boots|[from] move: Knock Off|[of] p2a: Scrafty
|
|upkeep
|turn|3
|
|t:|1660527117
|switch|p2a: Coalossal|Coalossal, M|100/100
|move|p1a: Charizard|Roost|p1a: Charizard
|-heal|p1a: Charizard|100/100
|-singleturn|p1a: Charizard|move: Roost
|
|upkeep
|turn|4
|
|t:|1660527127
|switch|p1a: Regirock|Regirock|100/100
|move|p2a: Coalossal|Stealth Rock|p1a: Regirock
|-sidestart|p1: BrapBlaster|move: Stealth Rock
|
|upkeep
|turn|5
|
|t:|1660527133
|switch|p2a: Gallade|Gallade, M|100/100
|move|p1a: Regirock|Rock Blast|p2a: Gallade
|-resisted|p2a: Gallade
|-damage|p2a: Gallade|93/100
|-resisted|p2a: Gallade
|-damage|p2a: Gallade|85/100
|-resisted|p2a: Gallade
|-damage|p2a: Gallade|77/100
|-hitcount|p2a: Gallade|3
|
|upkeep
|turn|6
|
|t:|1660527138
|move|p2a: Gallade|Close Combat|p1a: Regirock
|-supereffective|p1a: Regirock
|-damage|p1a: Regirock|14/100
|-unboost|p2a: Gallade|def|1
|-unboost|p2a: Gallade|spd|1
|-damage|p2a: Gallade|67/100|[from] item: Life Orb
|move|p1a: Regirock|Thunder Wave|p2a: Gallade
|-status|p2a: Gallade|par
|
|-heal|p1a: Regirock|20/100|[from] item: Leftovers
|upkeep
|turn|7
|
|t:|1660527143
|switch|p1a: Charizard|Charizard, M|100/100
|-damage|p1a: Charizard|51/100|[from] Stealth Rock
|move|p2a: Gallade|Knock Off|p1a: Charizard
|-damage|p1a: Charizard|5/100
|-damage|p2a: Gallade|58/100 par|[from] item: Life Orb
|
|upkeep
|turn|8
|
|t:|1660527150
|cant|p2a: Gallade|par
|move|p1a: Charizard|Roost|p1a: Charizard
|-heal|p1a: Charizard|55/100
|-singleturn|p1a: Charizard|move: Roost
|
|upkeep
|turn|9
|
|t:|1660527154
|switch|p2a: Coalossal|Coalossal, M|100/100
|move|p1a: Charizard|Air Slash|p2a: Coalossal
|-resisted|p2a: Coalossal
|-damage|p2a: Coalossal|86/100
|
|upkeep
|turn|10
|
|t:|1660527160
|move|p1a: Charizard|Roost|p1a: Charizard
|-heal|p1a: Charizard|100/100
|-singleturn|p1a: Charizard|move: Roost
|move|p2a: Coalossal|Flamethrower|p1a: Charizard
|-resisted|p1a: Charizard
|-damage|p1a: Charizard|84/100
|
|upkeep
|turn|11
|
|t:|1660527163
|move|p1a: Charizard|Defog|p2a: Coalossal
|-unboost|p2a: Coalossal|evasion|1
|-sideend|p1: BrapBlaster|Stealth Rock|[from] move: Defog|[of] p1a: Charizard
|move|p2a: Coalossal|Rock Blast|p1a: Charizard
|-supereffective|p1a: Charizard
|-damage|p1a: Charizard|43/100
|-supereffective|p1a: Charizard
|-damage|p1a: Charizard|0 fnt
|faint|p1a: Charizard
|-hitcount|p1: Charizard|2
|
|upkeep
|
|t:|1660527167
|switch|p1a: Basculin|Basculin, F|100/100
|turn|12
|
|t:|1660527176
|switch|p2a: Poliwrath|Poliwrath, M|100/100
|move|p1a: Basculin|Superpower|p2a: Poliwrath
|-damage|p2a: Poliwrath|54/100
|-unboost|p1a: Basculin|atk|1
|-unboost|p1a: Basculin|def|1
|
|upkeep
|turn|13
|
|t:|1660527180
|switch|p1a: Jellicent|Jellicent, F|100/100
|move|p2a: Poliwrath|Darkest Lariat|p1a: Jellicent
|-supereffective|p1a: Jellicent
|-damage|p1a: Jellicent|27/100
|
|upkeep
|turn|14
|
|t:|1660527185
|switch|p1a: Eldegoss|Eldegoss, F|100/100
|move|p2a: Poliwrath|Darkest Lariat|p1a: Eldegoss
|-damage|p1a: Eldegoss|71/100
|
|upkeep
|turn|15
|
|t:|1660527189
|switch|p2a: Gallade|Gallade, M|58/100 par
|move|p1a: Eldegoss|Giga Drain|p2a: Gallade
|-damage|p2a: Gallade|34/100 par
|-heal|p1a: Eldegoss|81/100|[from] drain|[of] p2a: Gallade
|
|upkeep
|turn|16
|
|t:|1660527193
|move|p1a: Eldegoss|Giga Drain|p2a: Gallade
|-damage|p2a: Gallade|11/100 par
|-heal|p1a: Eldegoss|91/100|[from] drain|[of] p2a: Gallade
|move|p2a: Gallade|Close Combat|p1a: Eldegoss
|-damage|p1a: Eldegoss|0 fnt
|-unboost|p2a: Gallade|def|1
|-unboost|p2a: Gallade|spd|1
|faint|p1a: Eldegoss
|-damage|p2a: Gallade|1/100 par|[from] item: Life Orb
|
|upkeep
|
|t:|1660527197
|switch|p1a: Jellicent|Jellicent, F|27/100
|turn|17
|
|t:|1660527205
|move|p2a: Gallade|Shadow Sneak|p1a: Jellicent
|-supereffective|p1a: Jellicent
|-damage|p1a: Jellicent|0 fnt
|faint|p1a: Jellicent
|-damage|p2a: Gallade|0 fnt|[from] item: Life Orb
|faint|p2a: Gallade
|
|upkeep
|
|t:|1660527210
|switch|p2a: Jolteon|Jolteon, F|100/100
|switch|p1a: Basculin|Basculin, F|100/100
|turn|18
|
|t:|1660527213
|switch|p2a: Poliwrath|Poliwrath, M|54/100
|move|p1a: Basculin|Aqua Jet|p2a: Poliwrath
|-heal|p2a: Poliwrath|79/100|[from] ability: Water Absorb|[of] p1a: Basculin
|
|upkeep
|turn|19
|
|t:|1660527217
|switch|p1a: Regirock|Regirock|20/100
|move|p2a: Poliwrath|Close Combat|p1a: Regirock
|-supereffective|p1a: Regirock
|-damage|p1a: Regirock|0 fnt
|-unboost|p2a: Poliwrath|def|1
|-unboost|p2a: Poliwrath|spd|1
|faint|p1a: Regirock
|
|upkeep
|
|t:|1660527221
|switch|p1a: Basculin|Basculin, F|100/100
|turn|20
|
|t:|1660527226
|switch|p2a: Silvally|Silvally-Ghost|100/100
|move|p1a: Basculin|Superpower|p2a: Silvally
|-immune|p2a: Silvally
|
|upkeep
|turn|21
|
|t:|1660527229
|switch|p1a: Scrafty|Scrafty, F|100/100
|switch|p2a: Poliwrath|Poliwrath, M|79/100
|
|upkeep
|turn|22
|
|t:|1660527231
|switch|p1a: Basculin|Basculin, F|100/100
|move|p2a: Poliwrath|Close Combat|p1a: Basculin
|-damage|p1a: Basculin|0 fnt
|-unboost|p2a: Poliwrath|def|1
|-unboost|p2a: Poliwrath|spd|1
|faint|p1a: Basculin
|
|upkeep
|
|t:|1660527233
|switch|p1a: Scrafty|Scrafty, F|100/100
|turn|23
|
|t:|1660527236
|move|p1a: Scrafty|Dragon Dance|p1a: Scrafty
|-boost|p1a: Scrafty|atk|1
|-boost|p1a: Scrafty|spe|1
|move|p2a: Poliwrath|Close Combat|p1a: Scrafty
|-supereffective|p1a: Scrafty
|-damage|p1a: Scrafty|0 fnt
|-unboost|p2a: Poliwrath|def|1
|-unboost|p2a: Poliwrath|spd|1
|faint|p1a: Scrafty
|
|win|PULT4C1 zoowi
|raw|BrapBlaster's rating: 1167 &rarr; <strong>1146</strong><br />(-21 for losing)
|raw|PULT4C1 zoowi's rating: 1218 &rarr; <strong>1239</strong><br />(+21 for winning)
|l|☆BrapBlaster
|c|☆PULT4C1 zoowi|mmm
|c|☆PULT4C1 zoowi|that ones a flex
