|j|☆wbl imo
|j|☆Automagico
|player|p1|wbl imo|ilima|1322
|player|p2|Automagico|52|1353
|teamsize|p1|6
|teamsize|p2|6
|gametype|singles
|gen|8
|tier|[Gen 8] PU
|rated|
|clearpoke
|poke|p1|Orbeetle, M|
|poke|p1|Grookey, F|
|poke|p1|Thievul, F|
|poke|p1|Klinklang|
|poke|p1|Lilligant, F|
|poke|p1|Swoobat, F|
|poke|p2|Ludicolo, M|
|poke|p2|Golduck, M|
|poke|p2|Drednaw, F|
|poke|p2|Solrock|
|poke|p2|Meowstic, M|
|poke|p2|Beartic, F|
|rule|Sleep Clause Mod: Limit one foe put to sleep
|rule|Species Clause: Limit one of each Pokémon
|rule|OHKO Clause: OHKO moves are banned
|rule|Evasion Moves Clause: Evasion moves are banned
|rule|Endless Battle Clause: Forcing endless battles is banned
|rule|HP Percentage Mod: HP is shown in percentages
|rule|Dynamax Clause: You cannot dynamax
|teampreview
|
|start
|switch|p1a: Orbeetle|Orbeetle, M|100/100
|switch|p2a: Solrock|Solrock|100/100
|-item|p2a: Solrock|Damp Rock|[from] ability: Frisk|[of] p1a: Orbeetle|[identify]
|turn|1
|inactive|Battle timer is ON: inactive players will automatically lose when time's up. (requested by Automagico)
|
|move|p1a: Orbeetle|Reflect|p1a: Orbeetle
|-sidestart|p1: wbl imo|Reflect
|move|p2a: Solrock|Stealth Rock|p1a: Orbeetle
|-sidestart|p1: wbl imo|move: Stealth Rock
|
|upkeep
|turn|2
|
|move|p1a: Orbeetle|Sticky Web|p2a: Solrock
|-sidestart|p2: Automagico|move: Sticky Web
|move|p2a: Solrock|Rain Dance|p2a: Solrock
|-weather|RainDance
|
|-weather|RainDance|[upkeep]
|upkeep
|turn|3
|
|move|p1a: Orbeetle|Light Screen|p1a: Orbeetle
|-sidestart|p1: wbl imo|move: Light Screen
|move|p2a: Solrock|Explosion|p1a: Orbeetle
|-damage|p1a: Orbeetle|72/100
|faint|p2a: Solrock
|
|-weather|RainDance|[upkeep]
|upkeep
|
|switch|p2a: Drednaw|Drednaw, F|100/100
|-activate|p2a: Drednaw|move: Sticky Web
|-unboost|p2a: Drednaw|spe|1
|turn|4
|
|move|p2a: Drednaw|Swords Dance|p2a: Drednaw
|-boost|p2a: Drednaw|atk|2
|move|p1a: Orbeetle|U-turn|p2a: Drednaw
|-damage|p2a: Drednaw|87/100
|
|switch|p1a: Grookey|Grookey, F|100/100|[from]move: U-turn
|-damage|p1a: Grookey|88/100|[from] Stealth Rock
|-fieldstart|move: Grassy Terrain|[from] ability: Grassy Surge|[of] p1a: Grookey
|
|-weather|RainDance|[upkeep]
|-heal|p2a: Drednaw|93/100|[from] Grassy Terrain
|-heal|p1a: Grookey|94/100|[from] Grassy Terrain
|upkeep
|turn|5
|
|move|p1a: Grookey|Grassy Glide|p2a: Drednaw
|-supereffective|p2a: Drednaw
|-damage|p2a: Drednaw|0 fnt
|faint|p2a: Drednaw
|
|-weather|RainDance|[upkeep]
|-heal|p1a: Grookey|100/100|[from] Grassy Terrain
|upkeep
|
|switch|p2a: Ludicolo|Ludicolo, M|100/100
|-activate|p2a: Ludicolo|move: Sticky Web
|-unboost|p2a: Ludicolo|spe|1
|turn|6
|
|switch|p1a: Orbeetle|Orbeetle, M|72/100
|-damage|p1a: Orbeetle|48/100|[from] Stealth Rock
|-item|p2a: Ludicolo|Life Orb|[from] ability: Frisk|[of] p1a: Orbeetle|[identify]
|move|p2a: Ludicolo|Ice Beam|p1a: Orbeetle
|-crit|p1a: Orbeetle
|-damage|p1a: Orbeetle|1/100
|-damage|p2a: Ludicolo|91/100|[from] item: Life Orb
|
|-weather|RainDance|[upkeep]
|-heal|p2a: Ludicolo|97/100|[from] Grassy Terrain
|-heal|p1a: Orbeetle|8/100|[from] Grassy Terrain
|upkeep
|turn|7
|
|move|p2a: Ludicolo|Ice Beam|p1a: Orbeetle
|-damage|p1a: Orbeetle|0 fnt
|-damage|p2a: Ludicolo|87/100|[from] item: Life Orb
|faint|p1a: Orbeetle
|
|-weather|RainDance|[upkeep]
|-heal|p2a: Ludicolo|93/100|[from] Grassy Terrain
|upkeep
|
|switch|p1a: Lilligant|Lilligant, F|100/100
|-damage|p1a: Lilligant|88/100|[from] Stealth Rock
|-enditem|p1a: Lilligant|Grassy Seed
|-boost|p1a: Lilligant|def|1|[from] item: Grassy Seed
|turn|8
|
|move|p2a: Ludicolo|Ice Beam|p1a: Lilligant
|-supereffective|p1a: Lilligant
|-damage|p1a: Lilligant|34/100
|-damage|p2a: Ludicolo|83/100|[from] item: Life Orb
|move|p1a: Lilligant|Quiver Dance|p1a: Lilligant
|-boost|p1a: Lilligant|spa|1
|-boost|p1a: Lilligant|spd|1
|-boost|p1a: Lilligant|spe|1
|
|-weather|RainDance|[upkeep]
|-heal|p1a: Lilligant|40/100|[from] Grassy Terrain
|-heal|p2a: Ludicolo|89/100|[from] Grassy Terrain
|-fieldend|move: Grassy Terrain
|-sideend|p1: wbl imo|Reflect
|upkeep
|turn|9
|
|move|p1a: Lilligant|Giga Drain|p2a: Ludicolo
|-damage|p2a: Ludicolo|27/100
|-heal|p1a: Lilligant|73/100|[from] drain|[of] p2a: Ludicolo
|move|p2a: Ludicolo|Ice Beam|p1a: Lilligant
|-supereffective|p1a: Lilligant
|-damage|p1a: Lilligant|37/100
|-damage|p2a: Ludicolo|17/100|[from] item: Life Orb
|
|-weather|none
|upkeep
|turn|10
|
|move|p1a: Lilligant|Giga Drain|p2a: Ludicolo
|-damage|p2a: Ludicolo|0 fnt
|-heal|p1a: Lilligant|46/100|[from] drain|[of] p2a: Ludicolo
|faint|p2a: Ludicolo
|
|-sideend|p1: wbl imo|move: Light Screen
|upkeep
|
|switch|p2a: Meowstic|Meowstic, M|100/100
|-activate|p2a: Meowstic|move: Sticky Web
|-unboost|p2a: Meowstic|spe|1
|turn|11
|
|move|p2a: Meowstic|Light Screen|p2a: Meowstic
|-sidestart|p2: Automagico|move: Light Screen
|move|p1a: Lilligant|Giga Drain|p2a: Meowstic
|-damage|p2a: Meowstic|69/100
|-heal|p1a: Lilligant|66/100|[from] drain|[of] p2a: Meowstic
|
|upkeep
|turn|12
|
|move|p2a: Meowstic|Rain Dance|p2a: Meowstic
|-weather|RainDance
|move|p1a: Lilligant|Giga Drain|p2a: Meowstic
|-damage|p2a: Meowstic|37/100
|-heal|p1a: Lilligant|86/100|[from] drain|[of] p2a: Meowstic
|
|-weather|RainDance|[upkeep]
|upkeep
|turn|13
|
|switch|p2a: Beartic|Beartic, F|100/100
|move|p1a: Lilligant|Quiver Dance|p1a: Lilligant
|-boost|p1a: Lilligant|spa|1
|-boost|p1a: Lilligant|spd|1
|-boost|p1a: Lilligant|spe|1
|
|-weather|RainDance|[upkeep]
|upkeep
|turn|14
|
|move|p1a: Lilligant|Giga Drain|p2a: Beartic
|-damage|p2a: Beartic|60/100
|-heal|p1a: Lilligant|100/100|[from] drain|[of] p2a: Beartic
|move|p2a: Beartic|Icicle Crash|p1a: Lilligant
|-supereffective|p1a: Lilligant
|-damage|p1a: Lilligant|2/100
|
|-weather|RainDance|[upkeep]
|upkeep
|turn|15
|
|move|p2a: Beartic|Aqua Jet|p1a: Lilligant
|-resisted|p1a: Lilligant
|-damage|p1a: Lilligant|0 fnt
|faint|p1a: Lilligant
|
|-weather|RainDance|[upkeep]
|-sideend|p2: Automagico|move: Light Screen
|upkeep
|
|switch|p1a: Grookey|Grookey, F|100/100
|-damage|p1a: Grookey|88/100|[from] Stealth Rock
|-fieldstart|move: Grassy Terrain|[from] ability: Grassy Surge|[of] p1a: Grookey
|turn|16
|
|move|p1a: Grookey|Grassy Glide|p2a: Beartic
|-damage|p2a: Beartic|19/100
|move|p2a: Beartic|Icicle Crash|p1a: Grookey
|-supereffective|p1a: Grookey
|-damage|p1a: Grookey|0 fnt
|faint|p1a: Grookey
|
|-weather|RainDance|[upkeep]
|-heal|p2a: Beartic|25/100|[from] Grassy Terrain
|upkeep
|
|switch|p1a: Thievul|Thievul, F|100/100
|-damage|p1a: Thievul|88/100|[from] Stealth Rock
|-enditem|p1a: Thievul|Grassy Seed
|-boost|p1a: Thievul|def|1|[from] item: Grassy Seed
|turn|17
|
|move|p1a: Thievul|Dark Pulse|p2a: Beartic
|-damage|p2a: Beartic|0 fnt
|faint|p2a: Beartic
|
|-weather|RainDance|[upkeep]
|-heal|p1a: Thievul|94/100|[from] Grassy Terrain
|upkeep
|
|switch|p2a: Golduck|Golduck, M|100/100
|-activate|p2a: Golduck|move: Sticky Web
|-unboost|p2a: Golduck|spe|1
|turn|18
|
|move|p1a: Thievul|Dark Pulse|p2a: Golduck
|-damage|p2a: Golduck|56/100
|cant|p2a: Golduck|flinch
|
|-weather|RainDance|[upkeep]
|-heal|p1a: Thievul|99/100|[from] Grassy Terrain
|-heal|p2a: Golduck|62/100|[from] Grassy Terrain
|upkeep
|turn|19
|
|move|p1a: Thievul|Dark Pulse|p2a: Golduck
|-damage|p2a: Golduck|14/100
|cant|p2a: Golduck|flinch
|
|-weather|none
|-heal|p1a: Thievul|100/100|[from] Grassy Terrain
|-heal|p2a: Golduck|20/100|[from] Grassy Terrain
|upkeep
|turn|20
|-message|Automagico forfeited.
|
|win|wbl imo
|l|☆Automagico
|raw|wbl imo's rating: 1322 &rarr; <strong>1344</strong><br />(+22 for winning)
|raw|Automagico's rating: 1353 &rarr; <strong>1331</strong><br />(-22 for losing)
