|raw|<div class="broadcast-blue"><strong>This battle is required to be public due to a player having a name starting with 'pult4s3'.</div>
|j|☆PULT4S3 Prod
|j|☆Kingston9629
|t:|1661961436
|gametype|singles
|player|p1|PULT4S3 Prod|falkner-gen2|1496
|player|p2|Kingston9629|102|1511
|teamsize|p1|6
|teamsize|p2|6
|gen|8
|tier|[Gen 8] PU
|rated|
|rule|Sleep Clause Mod: Limit one foe put to sleep
|rule|Species Clause: Limit one of each Pokémon
|rule|OHKO Clause: OHKO moves are banned
|rule|Evasion Items Clause: Evasion items are banned
|rule|Evasion Moves Clause: Evasion moves are banned
|rule|Endless Battle Clause: Forcing endless battles is banned
|rule|HP Percentage Mod: HP is shown in percentages
|rule|Dynamax Clause: You cannot dynamax
|clearpoke
|poke|p1|Wishiwashi, M|
|poke|p1|Scyther, F|
|poke|p1|Togedemaru, M|
|poke|p1|Sandaconda, F|
|poke|p1|Charizard, M|
|poke|p1|Regirock|
|poke|p2|Audino, M|
|poke|p2|Ferroseed, M|
|poke|p2|Cofagrigus, M|
|poke|p2|Eldegoss, F|
|poke|p2|Quagsire, M|
|poke|p2|Gigalith, M|
|teampreview
|c|☆Kingston9629|gl hf
|inactive|Battle timer is ON: inactive players will automatically lose when time's up. (requested by PULT4S3 Prod)
|c|☆PULT4S3 Prod|gl
|c|☆Kingston9629|bro
|c|☆Kingston9629|do you wanna play through the nightmare again
|c|☆Kingston9629|like do you just wanna tie
|c|☆PULT4S3 Prod|i need point
|inactive|Kingston9629 has 120 seconds left.
|c|☆PULT4S3 Prod|for rult
|c|☆PULT4S3 Prod|sry
|c|☆Kingston9629|I have more points
|c|☆PULT4S3 Prod|pult*
|c|☆Kingston9629|you will literally gain points
|c|☆PULT4S3 Prod|play
|c|☆Kingston9629|even if we tie
|c|☆PULT4S3 Prod|or ff
|inactive|Kingston9629 has 90 seconds left.
|c|☆PULT4S3 Prod|if u dont care about ur point
|l|☆Kingston9629
|inactive|Kingston9629 disconnected and has a minute to reconnect!
|player|p2|
|j|☆Kingston9629
|inactive|Kingston9629 reconnected and has 60 seconds left.
|player|p2|Kingston9629|102
|c|☆Kingston9629|I care my guy
|c|☆PULT4S3 Prod|then play !
|c|☆PULT4S3 Prod|gl
|c|☆Kingston9629|but you literally will gain points
|c|☆Kingston9629|even if we tie
|
|t:|1661961561
|start
|switch|p1a: Wishiwashi|Wishiwashi, M|100/100
|switch|p2a: Audino|Audino, M|100/100
|-formechange|p1a: Wishiwashi|Wishiwashi-School||[from] ability: Schooling
|turn|1
|
|t:|1661961564
|move|p2a: Audino|Knock Off|p1a: Wishiwashi
|-damage|p1a: Wishiwashi|90/100
|-enditem|p1a: Wishiwashi|Leftovers|[from] move: Knock Off|[of] p2a: Audino
|move|p1a: Wishiwashi|Scald|p2a: Audino
|-damage|p2a: Audino|77/100
|
|upkeep
|turn|2
|c|☆Kingston9629|but ok man
|c|☆Kingston9629|you do you
|
|t:|1661961570
|move|p2a: Audino|Knock Off|p1a: Wishiwashi
|-damage|p1a: Wishiwashi|82/100
|move|p1a: Wishiwashi|Scald|p2a: Audino
|-damage|p2a: Audino|53/100
|-status|p2a: Audino|brn
|
|-damage|p2a: Audino|47/100 brn|[from] brn
|upkeep
|turn|3
|
|t:|1661961573
|switch|p2a: Eldegoss|Eldegoss, F|100/100
|move|p1a: Wishiwashi|U-turn|p2a: Eldegoss
|-supereffective|p2a: Eldegoss
|-damage|p2a: Eldegoss|62/100
|
|t:|1661961576
|switch|p1a: Scyther|Scyther, F|100/100|[from]move: U-turn
|
|upkeep
|turn|4
|
|t:|1661961589
|switch|p2a: Cofagrigus|Cofagrigus, M|100/100
|move|p1a: Scyther|Knock Off|p2a: Cofagrigus
|-supereffective|p2a: Cofagrigus
|-damage|p2a: Cofagrigus|65/100
|-activate|p2a: Cofagrigus|ability: Mummy|Technician|[of] p1a: Scyther
|-enditem|p2a: Cofagrigus|Chesto Berry|[from] move: Knock Off|[of] p1a: Scyther
|
|upkeep
|turn|5
|
|t:|1661961592
|move|p1a: Scyther|U-turn|p2a: Cofagrigus
|-resisted|p2a: Cofagrigus
|-damage|p2a: Cofagrigus|57/100
|
|t:|1661961594
|switch|p1a: Charizard|Charizard, M|100/100|[from]move: U-turn
|move|p2a: Cofagrigus|Toxic Spikes|p1a: Charizard
|-sidestart|p1: PULT4S3 Prod|move: Toxic Spikes
|
|upkeep
|turn|6
|
|t:|1661961599
|switch|p2a: Gigalith|Gigalith, M|100/100
|-weather|Sandstorm|[from] ability: Sand Stream|[of] p2a: Gigalith
|move|p1a: Charizard|Defog|p2a: Gigalith
|-unboost|p2a: Gigalith|evasion|1
|-sideend|p1: PULT4S3 Prod|Toxic Spikes|[from] move: Defog|[of] p1a: Charizard
|
|-weather|Sandstorm|[upkeep]
|-damage|p1a: Charizard|94/100|[from] Sandstorm
|upkeep
|turn|7
|
|t:|1661961605
|switch|p1a: Regirock|Regirock|100/100
|move|p2a: Gigalith|Stealth Rock|p1a: Regirock
|-sidestart|p1: PULT4S3 Prod|move: Stealth Rock
|
|-weather|Sandstorm|[upkeep]
|upkeep
|turn|8
|
|t:|1661961608
|switch|p2a: Quagsire|Quagsire, M|100/100
|move|p1a: Regirock|Stealth Rock|p2a: Quagsire
|-sidestart|p2: Kingston9629|move: Stealth Rock
|
|-weather|Sandstorm|[upkeep]
|upkeep
|turn|9
|
|t:|1661961611
|switch|p1a: Wishiwashi|Wishiwashi, M|82/100
|-damage|p1a: Wishiwashi|70/100|[from] Stealth Rock
|-formechange|p1a: Wishiwashi|Wishiwashi-School||[from] ability: Schooling
|move|p2a: Quagsire|Toxic|p1a: Wishiwashi
|-status|p1a: Wishiwashi|tox
|
|-weather|Sandstorm|[upkeep]
|-damage|p1a: Wishiwashi|64/100 tox|[from] Sandstorm
|-damage|p1a: Wishiwashi|58/100 tox|[from] psn
|upkeep
|turn|10
|
|t:|1661961615
|switch|p2a: Eldegoss|Eldegoss, F|96/100
|move|p1a: Wishiwashi|Rest|p1a: Wishiwashi
|-status|p1a: Wishiwashi|slp|[from] move: Rest
|-heal|p1a: Wishiwashi|100/100 slp|[silent]
|
|-weather|none
|upkeep
|turn|11
|
|t:|1661961620
|switch|p1a: Scyther|Scyther, F|100/100
|move|p2a: Eldegoss|Leech Seed|p1a: Scyther
|-start|p1a: Scyther|move: Leech Seed
|
|-damage|p1a: Scyther|88/100|[from] Leech Seed|[of] p2a: Eldegoss
|-heal|p2a: Eldegoss|100/100|[silent]
|upkeep
|turn|12
|
|t:|1661961623
|switch|p2a: Cofagrigus|Cofagrigus, M|57/100
|-damage|p2a: Cofagrigus|44/100|[from] Stealth Rock
|move|p1a: Scyther|U-turn|p2a: Cofagrigus
|-resisted|p2a: Cofagrigus
|-damage|p2a: Cofagrigus|34/100
|-activate|p2a: Cofagrigus|ability: Mummy|Technician|[of] p1a: Scyther
|
|t:|1661961626
|switch|p1a: Charizard|Charizard, M|94/100|[from]move: U-turn
|
|upkeep
|turn|13
|
|t:|1661961632
|switch|p2a: Gigalith|Gigalith, M|100/100
|-damage|p2a: Gigalith|88/100|[from] Stealth Rock
|-weather|Sandstorm|[from] ability: Sand Stream|[of] p2a: Gigalith
|move|p1a: Charizard|Flamethrower|p2a: Gigalith
|-resisted|p2a: Gigalith
|-damage|p2a: Gigalith|79/100
|
|-weather|Sandstorm|[upkeep]
|-damage|p1a: Charizard|88/100|[from] Sandstorm
|-heal|p2a: Gigalith|86/100|[from] item: Leftovers
|upkeep
|turn|14
|
|t:|1661961640
|switch|p1a: Regirock|Regirock|100/100
|-damage|p1a: Regirock|88/100|[from] Stealth Rock
|switch|p2a: Ferroseed|Ferroseed, M|100/100
|-damage|p2a: Ferroseed|94/100|[from] Stealth Rock
|
|-weather|Sandstorm|[upkeep]
|-heal|p1a: Regirock|94/100|[from] item: Leftovers
|upkeep
|turn|15
|
|t:|1661961645
|switch|p2a: Quagsire|Quagsire, M|100/100
|move|p1a: Regirock|Body Press|p2a: Quagsire
|-damage|p2a: Quagsire|73/100
|
|-weather|Sandstorm|[upkeep]
|-heal|p1a: Regirock|99/100|[from] item: Leftovers
|upkeep
|turn|16
|
|t:|1661961651
|switch|p1a: Wishiwashi|Wishiwashi, M|100/100 slp
|-damage|p1a: Wishiwashi|88/100 slp|[from] Stealth Rock
|-formechange|p1a: Wishiwashi|Wishiwashi-School||[from] ability: Schooling
|move|p2a: Quagsire|Earthquake|p1a: Wishiwashi
|-damage|p1a: Wishiwashi|69/100 slp
|
|-weather|Sandstorm|[upkeep]
|-damage|p1a: Wishiwashi|63/100 slp|[from] Sandstorm
|upkeep
|turn|17
|
|t:|1661961655
|switch|p2a: Eldegoss|Eldegoss, F|100/100
|cant|p1a: Wishiwashi|slp
|move|p1a: Wishiwashi|Sleep Talk|p1a: Wishiwashi
|move|p1a: Wishiwashi|Rest||[from]move: Sleep Talk|[still]
|-fail|p1a: Wishiwashi
|
|-weather|none
|upkeep
|turn|18
|
|t:|1661961661
|switch|p1a: Togedemaru|Togedemaru, M|100/100
|move|p2a: Eldegoss|Sleep Powder|p1a: Togedemaru
|-status|p1a: Togedemaru|slp|[from] move: Sleep Powder
|
|upkeep
|turn|19
|
|t:|1661961666
|switch|p1a: Scyther|Scyther, F|88/100
|move|p2a: Eldegoss|Rapid Spin|p1a: Scyther
|-damage|p1a: Scyther|79/100
|-boost|p2a: Eldegoss|spe|1
|-sideend|p2: Kingston9629|Stealth Rock|[from] move: Rapid Spin|[of] p2a: Eldegoss
|
|upkeep
|turn|20
|
|t:|1661961672
|switch|p2a: Ferroseed|Ferroseed, M|94/100
|move|p1a: Scyther|Knock Off|p2a: Ferroseed
|-damage|p2a: Ferroseed|77/100
|-damage|p1a: Scyther|66/100|[from] ability: Iron Barbs|[of] p2a: Ferroseed
|-enditem|p2a: Ferroseed|Eviolite|[from] move: Knock Off|[of] p1a: Scyther
|
|upkeep
|turn|21
|
|t:|1661961677
|move|p1a: Scyther|U-turn|p2a: Ferroseed
|-crit|p2a: Ferroseed
|-damage|p2a: Ferroseed|31/100
|-damage|p1a: Scyther|54/100|[from] ability: Iron Barbs|[of] p2a: Ferroseed
|
|t:|1661961680
|switch|p1a: Charizard|Charizard, M|88/100|[from]move: U-turn
|move|p2a: Ferroseed|Leech Seed|p1a: Charizard|[miss]
|-miss|p2a: Ferroseed|p1a: Charizard
|
|upkeep
|turn|22
|
|t:|1661961688
|switch|p1a: Regirock|Regirock|99/100
|-damage|p1a: Regirock|88/100|[from] Stealth Rock
|switch|p2a: Gigalith|Gigalith, M|86/100
|-weather|Sandstorm|[from] ability: Sand Stream|[of] p2a: Gigalith
|
|-weather|Sandstorm|[upkeep]
|-heal|p1a: Regirock|94/100|[from] item: Leftovers
|-heal|p2a: Gigalith|92/100|[from] item: Leftovers
|upkeep
|turn|23
|
|t:|1661961692
|switch|p2a: Quagsire|Quagsire, M|73/100
|move|p1a: Regirock|Stealth Rock|p2a: Quagsire
|-sidestart|p2: Kingston9629|move: Stealth Rock
|
|-weather|Sandstorm|[upkeep]
|-heal|p1a: Regirock|99/100|[from] item: Leftovers
|upkeep
|turn|24
|
|t:|1661961700
|switch|p1a: Sandaconda|Sandaconda, F|100/100
|-damage|p1a: Sandaconda|94/100|[from] Stealth Rock
|switch|p2a: Ferroseed|Ferroseed, M|31/100
|-damage|p2a: Ferroseed|25/100|[from] Stealth Rock
|
|-weather|Sandstorm|[upkeep]
|-heal|p1a: Sandaconda|100/100|[from] item: Leftovers
|upkeep
|turn|25
|
|t:|1661961706
|switch|p2a: Eldegoss|Eldegoss, F|100/100
|move|p1a: Sandaconda|Earthquake|p2a: Eldegoss
|-resisted|p2a: Eldegoss
|-crit|p2a: Eldegoss
|-damage|p2a: Eldegoss|77/100
|
|-weather|Sandstorm|[upkeep]
|-damage|p2a: Eldegoss|71/100|[from] Sandstorm
|upkeep
|turn|26
|
|t:|1661961710
|switch|p1a: Scyther|Scyther, F|54/100
|move|p2a: Eldegoss|Leech Seed|p1a: Scyther
|-start|p1a: Scyther|move: Leech Seed
|
|-weather|none
|-damage|p1a: Scyther|41/100|[from] Leech Seed|[of] p2a: Eldegoss
|-heal|p2a: Eldegoss|81/100|[silent]
|upkeep
|turn|27
|
|t:|1661961715
|switch|p2a: Ferroseed|Ferroseed, M|25/100
|-damage|p2a: Ferroseed|19/100|[from] Stealth Rock
|move|p1a: Scyther|U-turn|p2a: Ferroseed
|-damage|p2a: Ferroseed|0 fnt
|-damage|p1a: Scyther|29/100|[from] ability: Iron Barbs|[of] p2a: Ferroseed
|faint|p2a: Ferroseed
|j| Haffling
|
|t:|1661961722
|switch|p1a: Charizard|Charizard, M|88/100|[from]move: U-turn
|
|upkeep
|c|☆Kingston9629|bro you honestly have scope lens
|c|☆Kingston9629|on every mon
|
|t:|1661961730
|switch|p2a: Audino|Audino, M|80/100 brn
|turn|28
|
|t:|1661961740
|switch|p1a: Wishiwashi|Wishiwashi, M|63/100 slp
|-damage|p1a: Wishiwashi|50/100 slp|[from] Stealth Rock
|-formechange|p1a: Wishiwashi|Wishiwashi-School||[from] ability: Schooling
|move|p2a: Audino|Knock Off|p1a: Wishiwashi
|-damage|p1a: Wishiwashi|47/100 slp
|
|-damage|p2a: Audino|74/100 brn|[from] brn
|upkeep
|turn|29
|
|t:|1661961743
|switch|p2a: Eldegoss|Eldegoss, F|100/100
|cant|p1a: Wishiwashi|slp
|move|p1a: Wishiwashi|Sleep Talk|p1a: Wishiwashi
|move|p1a: Wishiwashi|U-turn|p2a: Eldegoss|[from]move: Sleep Talk
|-supereffective|p2a: Eldegoss
|-damage|p2a: Eldegoss|68/100
|
|t:|1661961745
|switch|p1a: Scyther|Scyther, F|29/100|[from]move: U-turn
|
|upkeep
|turn|30
|
|t:|1661961750
|switch|p2a: Audino|Audino, M|100/100 brn
|move|p1a: Scyther|Roost|p1a: Scyther
|-heal|p1a: Scyther|79/100
|-singleturn|p1a: Scyther|move: Roost
|
|-damage|p2a: Audino|94/100 brn|[from] brn
|upkeep
|turn|31
|
|t:|1661961753
|move|p1a: Scyther|U-turn|p2a: Audino
|-damage|p2a: Audino|63/100 brn
|
|t:|1661961754
|switch|p1a: Wishiwashi|Wishiwashi, M|47/100 slp|[from]move: U-turn
|-damage|p1a: Wishiwashi|35/100 slp|[from] Stealth Rock
|-formechange|p1a: Wishiwashi|Wishiwashi-School||[from] ability: Schooling
|move|p2a: Audino|Knock Off|p1a: Wishiwashi
|-damage|p1a: Wishiwashi|31/100 slp
|
|-damage|p2a: Audino|57/100 brn|[from] brn
|upkeep
|turn|32
|
|t:|1661961758
|switch|p2a: Eldegoss|Eldegoss, F|100/100
|-curestatus|p1a: Wishiwashi|slp|[msg]
|move|p1a: Wishiwashi|Rest|p1a: Wishiwashi
|-status|p1a: Wishiwashi|slp|[from] move: Rest
|-heal|p1a: Wishiwashi|100/100 slp|[silent]
|
|upkeep
|turn|33
|
|t:|1661961761
|switch|p1a: Charizard|Charizard, M|88/100
|move|p2a: Eldegoss|Leech Seed|p1a: Charizard
|-start|p1a: Charizard|move: Leech Seed
|
|-damage|p1a: Charizard|76/100|[from] Leech Seed|[of] p2a: Eldegoss
|upkeep
|turn|34
|
|t:|1661961767
|switch|p1a: Scyther|Scyther, F|79/100
|move|p2a: Eldegoss|Rapid Spin|p1a: Scyther
|-damage|p1a: Scyther|70/100
|-boost|p2a: Eldegoss|spe|1
|-sideend|p2: Kingston9629|Stealth Rock|[from] move: Rapid Spin|[of] p2a: Eldegoss
|
|upkeep
|turn|35
|
|t:|1661961773
|switch|p2a: Gigalith|Gigalith, M|92/100
|-weather|Sandstorm|[from] ability: Sand Stream|[of] p2a: Gigalith
|move|p1a: Scyther|Knock Off|p2a: Gigalith
|-damage|p2a: Gigalith|71/100
|-enditem|p2a: Gigalith|Leftovers|[from] move: Knock Off|[of] p1a: Scyther
|
|-weather|Sandstorm|[upkeep]
|-damage|p1a: Scyther|64/100|[from] Sandstorm
|upkeep
|turn|36
|
|t:|1661961778
|move|p1a: Scyther|U-turn|p2a: Gigalith
|-damage|p2a: Gigalith|47/100
|
|t:|1661961780
|switch|p1a: Regirock|Regirock|99/100|[from]move: U-turn
|-damage|p1a: Regirock|88/100|[from] Stealth Rock
|move|p2a: Gigalith|Stealth Rock||[still]
|-fail|p2a: Gigalith
|
|-weather|Sandstorm|[upkeep]
|-heal|p1a: Regirock|94/100|[from] item: Leftovers
|upkeep
|turn|37
|
|t:|1661961787
|switch|p2a: Cofagrigus|Cofagrigus, M|34/100
|move|p1a: Regirock|Stealth Rock|p2a: Cofagrigus
|-sidestart|p2: Kingston9629|move: Stealth Rock
|
|-weather|Sandstorm|[upkeep]
|-damage|p2a: Cofagrigus|28/100|[from] Sandstorm
|-heal|p1a: Regirock|99/100|[from] item: Leftovers
|upkeep
|turn|38
|
|t:|1661961792
|switch|p1a: Charizard|Charizard, M|76/100
|move|p2a: Cofagrigus|Rest|p2a: Cofagrigus
|-status|p2a: Cofagrigus|slp|[from] move: Rest
|-heal|p2a: Cofagrigus|100/100 slp|[silent]
|
|-weather|Sandstorm|[upkeep]
|-damage|p1a: Charizard|70/100|[from] Sandstorm
|-damage|p2a: Cofagrigus|94/100 slp|[from] Sandstorm
|upkeep
|turn|39
|
|t:|1661961797
|switch|p2a: Audino|Audino, M|90/100 brn
|move|p1a: Charizard|Flamethrower|p2a: Audino
|-damage|p2a: Audino|66/100 brn
|
|-weather|none
|-damage|p2a: Audino|60/100 brn|[from] brn
|upkeep
|turn|40
|
|t:|1661961801
|switch|p1a: Wishiwashi|Wishiwashi, M|100/100 slp
|-damage|p1a: Wishiwashi|88/100 slp|[from] Stealth Rock
|-formechange|p1a: Wishiwashi|Wishiwashi-School||[from] ability: Schooling
|move|p2a: Audino|Wish|p2a: Audino
|
|-damage|p2a: Audino|54/100 brn|[from] brn
|upkeep
|turn|41
|
|t:|1661961807
|switch|p2a: Eldegoss|Eldegoss, F|100/100
|cant|p1a: Wishiwashi|slp
|move|p1a: Wishiwashi|Sleep Talk|p1a: Wishiwashi
|move|p1a: Wishiwashi|Rest||[from]move: Sleep Talk|[still]
|-fail|p1a: Wishiwashi
|
|upkeep
|turn|42
|
|t:|1661961812
|switch|p2a: Quagsire|Quagsire, M|73/100
|switch|p1a: Scyther|Scyther, F|64/100
|
|upkeep
|turn|43
|
|t:|1661961816
|move|p1a: Scyther|Knock Off|p2a: Quagsire
|-damage|p2a: Quagsire|53/100
|-enditem|p2a: Quagsire|Heavy-Duty Boots|[from] move: Knock Off|[of] p1a: Scyther
|move|p2a: Quagsire|Recover|p2a: Quagsire
|-heal|p2a: Quagsire|100/100
|
|upkeep
|turn|44
|
|t:|1661961819
|move|p1a: Scyther|U-turn|p2a: Quagsire
|-damage|p2a: Quagsire|79/100
|
|t:|1661961821
|switch|p1a: Wishiwashi|Wishiwashi, M|88/100 slp|[from]move: U-turn
|-damage|p1a: Wishiwashi|76/100 slp|[from] Stealth Rock
|-formechange|p1a: Wishiwashi|Wishiwashi-School||[from] ability: Schooling
|move|p2a: Quagsire|Earthquake|p1a: Wishiwashi
|-damage|p1a: Wishiwashi|55/100 slp
|
|upkeep
|turn|45
|
|t:|1661961825
|move|p2a: Quagsire|Earthquake|p1a: Wishiwashi
|-damage|p1a: Wishiwashi|33/100 slp
|cant|p1a: Wishiwashi|slp
|move|p1a: Wishiwashi|Sleep Talk|p1a: Wishiwashi
|move|p1a: Wishiwashi|Rest||[from]move: Sleep Talk|[still]
|-fail|p1a: Wishiwashi
|
|upkeep
|turn|46
|
|t:|1661961829
|switch|p2a: Eldegoss|Eldegoss, F|100/100
|-curestatus|p1a: Wishiwashi|slp|[msg]
|move|p1a: Wishiwashi|Rest|p1a: Wishiwashi
|-status|p1a: Wishiwashi|slp|[from] move: Rest
|-heal|p1a: Wishiwashi|100/100 slp|[silent]
|
|upkeep
|turn|47
|
|t:|1661961832
|switch|p2a: Quagsire|Quagsire, M|79/100
|-damage|p2a: Quagsire|73/100|[from] Stealth Rock
|switch|p1a: Scyther|Scyther, F|64/100
|
|upkeep
|turn|48
|
|t:|1661961836
|move|p1a: Scyther|U-turn|p2a: Quagsire
|-damage|p2a: Quagsire|50/100
|
|t:|1661961838
|switch|p1a: Wishiwashi|Wishiwashi, M|100/100 slp|[from]move: U-turn
|-damage|p1a: Wishiwashi|88/100 slp|[from] Stealth Rock
|-formechange|p1a: Wishiwashi|Wishiwashi-School||[from] ability: Schooling
|move|p2a: Quagsire|Earthquake|p1a: Wishiwashi
|-damage|p1a: Wishiwashi|66/100 slp
|
|upkeep
|turn|49
|
|t:|1661961842
|move|p2a: Quagsire|Recover|p2a: Quagsire
|-heal|p2a: Quagsire|100/100
|cant|p1a: Wishiwashi|slp
|move|p1a: Wishiwashi|Sleep Talk|p1a: Wishiwashi
|move|p1a: Wishiwashi|U-turn|p2a: Quagsire|[from]move: Sleep Talk
|-damage|p2a: Quagsire|87/100
|
|t:|1661961847
|switch|p1a: Scyther|Scyther, F|64/100|[from]move: U-turn
|
|upkeep
|turn|50
|
|t:|1661961851
|move|p1a: Scyther|Dual Wingbeat|p2a: Quagsire
|-damage|p2a: Quagsire|67/100
|-damage|p2a: Quagsire|48/100
|-hitcount|p2a: Quagsire|2
|move|p2a: Quagsire|Scald|p1a: Scyther
|-damage|p1a: Scyther|37/100
|-status|p1a: Scyther|brn
|
|-damage|p1a: Scyther|31/100 brn|[from] brn
|upkeep
|turn|51
|
|t:|1661961855
|move|p1a: Scyther|Roost|p1a: Scyther
|-heal|p1a: Scyther|81/100 brn
|-singleturn|p1a: Scyther|move: Roost
|move|p2a: Quagsire|Recover|p2a: Quagsire
|-heal|p2a: Quagsire|98/100
|
|-damage|p1a: Scyther|75/100 brn|[from] brn
|upkeep
|turn|52
|
|t:|1661961865
|move|p1a: Scyther|Dual Wingbeat|p2a: Quagsire
|-damage|p2a: Quagsire|88/100
|-damage|p2a: Quagsire|77/100
|-hitcount|p2a: Quagsire|2
|move|p2a: Quagsire|Earthquake|p1a: Scyther
|-immune|p1a: Scyther
|
|-damage|p1a: Scyther|69/100 brn|[from] brn
|upkeep
|turn|53
|
|t:|1661961868
|move|p1a: Scyther|Knock Off|p2a: Quagsire
|-damage|p2a: Quagsire|70/100
|move|p2a: Quagsire|Recover|p2a: Quagsire
|-heal|p2a: Quagsire|100/100
|
|-damage|p1a: Scyther|63/100 brn|[from] brn
|upkeep
|turn|54
|
|t:|1661961871
|move|p1a: Scyther|Roost|p1a: Scyther
|-heal|p1a: Scyther|100/100 brn
|-singleturn|p1a: Scyther|move: Roost
|move|p2a: Quagsire|Scald|p1a: Scyther
|-damage|p1a: Scyther|77/100 brn
|
|-damage|p1a: Scyther|71/100 brn|[from] brn
|upkeep
|turn|55
|
|t:|1661961875
|move|p1a: Scyther|Knock Off|p2a: Quagsire
|-damage|p2a: Quagsire|93/100
|move|p2a: Quagsire|Earthquake|p1a: Scyther
|-immune|p1a: Scyther
|
|-damage|p1a: Scyther|65/100 brn|[from] brn
|upkeep
|turn|56
|
|t:|1661961879
|move|p1a: Scyther|Dual Wingbeat|p2a: Quagsire
|-damage|p2a: Quagsire|84/100
|-damage|p2a: Quagsire|74/100
|-hitcount|p2a: Quagsire|2
|move|p2a: Quagsire|Scald|p1a: Scyther
|-damage|p1a: Scyther|38/100 brn
|
|-damage|p1a: Scyther|31/100 brn|[from] brn
|upkeep
|turn|57
|
|t:|1661961889
|move|p1a: Scyther|Roost|p1a: Scyther
|-heal|p1a: Scyther|82/100 brn
|-singleturn|p1a: Scyther|move: Roost
|move|p2a: Quagsire|Scald|p1a: Scyther
|-damage|p1a: Scyther|57/100 brn
|
|-damage|p1a: Scyther|51/100 brn|[from] brn
|upkeep
|turn|58
|
|t:|1661961892
|move|p1a: Scyther|Roost|p1a: Scyther
|-heal|p1a: Scyther|100/100 brn
|-singleturn|p1a: Scyther|move: Roost
|move|p2a: Quagsire|Scald|p1a: Scyther
|-crit|p1a: Scyther
|-damage|p1a: Scyther|61/100 brn
|
|-damage|p1a: Scyther|55/100 brn|[from] brn
|upkeep
|turn|59
|
|t:|1661961897
|move|p1a: Scyther|Roost|p1a: Scyther
|-heal|p1a: Scyther|100/100 brn
|-singleturn|p1a: Scyther|move: Roost
|move|p2a: Quagsire|Scald|p1a: Scyther
|-damage|p1a: Scyther|73/100 brn
|
|-damage|p1a: Scyther|67/100 brn|[from] brn
|upkeep
|turn|60
|
|t:|1661961900
|move|p1a: Scyther|Dual Wingbeat|p2a: Quagsire
|-damage|p2a: Quagsire|63/100
|-damage|p2a: Quagsire|53/100
|-hitcount|p2a: Quagsire|2
|move|p2a: Quagsire|Scald|p1a: Scyther
|-damage|p1a: Scyther|40/100 brn
|
|-damage|p1a: Scyther|34/100 brn|[from] brn
|upkeep
|turn|61
|
|t:|1661961905
|move|p1a: Scyther|Roost|p1a: Scyther
|-heal|p1a: Scyther|84/100 brn
|-singleturn|p1a: Scyther|move: Roost
|move|p2a: Quagsire|Scald|p1a: Scyther
|-damage|p1a: Scyther|59/100 brn
|
|-damage|p1a: Scyther|53/100 brn|[from] brn
|upkeep
|turn|62
|
|t:|1661961908
|move|p1a: Scyther|U-turn|p2a: Quagsire
|-damage|p2a: Quagsire|41/100
|
|t:|1661961911
|switch|p1a: Wishiwashi|Wishiwashi, M|66/100 slp|[from]move: U-turn
|-damage|p1a: Wishiwashi|54/100 slp|[from] Stealth Rock
|-formechange|p1a: Wishiwashi|Wishiwashi-School||[from] ability: Schooling
|move|p2a: Quagsire|Scald|p1a: Wishiwashi
|-resisted|p1a: Wishiwashi
|-damage|p1a: Wishiwashi|47/100 slp
|
|upkeep
|turn|63
|
|t:|1661961915
|switch|p2a: Eldegoss|Eldegoss, F|100/100
|cant|p1a: Wishiwashi|slp
|move|p1a: Wishiwashi|Sleep Talk|p1a: Wishiwashi
|move|p1a: Wishiwashi|Rest||[from]move: Sleep Talk|[still]
|-fail|p1a: Wishiwashi
|
|upkeep
|turn|64
|
|t:|1661961920
|switch|p1a: Charizard|Charizard, M|70/100
|move|p2a: Eldegoss|Leech Seed|p1a: Charizard
|-start|p1a: Charizard|move: Leech Seed
|
|-damage|p1a: Charizard|58/100|[from] Leech Seed|[of] p2a: Eldegoss
|upkeep
|turn|65
|
|t:|1661961925
|switch|p1a: Scyther|Scyther, F|53/100 brn
|switch|p2a: Quagsire|Quagsire, M|41/100
|-damage|p2a: Quagsire|35/100|[from] Stealth Rock
|
|-damage|p1a: Scyther|47/100 brn|[from] brn
|upkeep
|turn|66
|
|t:|1661961929
|move|p1a: Scyther|Roost|p1a: Scyther
|-heal|p1a: Scyther|97/100 brn
|-singleturn|p1a: Scyther|move: Roost
|move|p2a: Quagsire|Recover|p2a: Quagsire
|-heal|p2a: Quagsire|85/100
|
|-damage|p1a: Scyther|91/100 brn|[from] brn
|upkeep
|turn|67
|
|t:|1661961934
|move|p1a: Scyther|U-turn|p2a: Quagsire
|-damage|p2a: Quagsire|73/100
|
|t:|1661961935
|switch|p1a: Wishiwashi|Wishiwashi, M|47/100 slp|[from]move: U-turn
|-damage|p1a: Wishiwashi|35/100 slp|[from] Stealth Rock
|-formechange|p1a: Wishiwashi|Wishiwashi-School||[from] ability: Schooling
|move|p2a: Quagsire|Scald|p1a: Wishiwashi
|-resisted|p1a: Wishiwashi
|-damage|p1a: Wishiwashi|27/100 slp
|
|upkeep
|turn|68
|
|t:|1661961939
|switch|p2a: Eldegoss|Eldegoss, F|100/100
|-curestatus|p1a: Wishiwashi|slp|[msg]
|move|p1a: Wishiwashi|Rest|p1a: Wishiwashi
|-status|p1a: Wishiwashi|slp|[from] move: Rest
|-heal|p1a: Wishiwashi|100/100 slp|[silent]
|
|upkeep
|turn|69
|
|t:|1661961943
|move|p2a: Eldegoss|Giga Drain|p1a: Wishiwashi
|-supereffective|p1a: Wishiwashi
|-damage|p1a: Wishiwashi|60/100 slp
|cant|p1a: Wishiwashi|slp
|move|p1a: Wishiwashi|Sleep Talk|p1a: Wishiwashi
|move|p1a: Wishiwashi|U-turn|p2a: Eldegoss|[from]move: Sleep Talk
|-supereffective|p2a: Eldegoss
|-damage|p2a: Eldegoss|65/100
|
|t:|1661961947
|switch|p1a: Scyther|Scyther, F|91/100 brn|[from]move: U-turn
|
|-damage|p1a: Scyther|85/100 brn|[from] brn
|upkeep
|turn|70
|
|t:|1661961952
|switch|p2a: Quagsire|Quagsire, M|73/100
|-damage|p2a: Quagsire|67/100|[from] Stealth Rock
|move|p1a: Scyther|Dual Wingbeat|p2a: Quagsire
|-damage|p2a: Quagsire|57/100
|-damage|p2a: Quagsire|47/100
|-hitcount|p2a: Quagsire|2
|
|-damage|p1a: Scyther|79/100 brn|[from] brn
|upkeep
|turn|71
|
|t:|1661961955
|move|p1a: Scyther|U-turn|p2a: Quagsire
|-damage|p2a: Quagsire|36/100
|
|t:|1661961957
|switch|p1a: Charizard|Charizard, M|58/100|[from]move: U-turn
|move|p2a: Quagsire|Recover|p2a: Quagsire
|-heal|p2a: Quagsire|86/100
|
|upkeep
|turn|72
|
|t:|1661961961
|switch|p2a: Audino|Audino, M|87/100 brn
|move|p1a: Charizard|Toxic||[still]
|-fail|p1a: Charizard
|
|-damage|p2a: Audino|81/100 brn|[from] brn
|upkeep
|turn|73
|
|t:|1661961966
|switch|p1a: Togedemaru|Togedemaru, M|100/100 slp
|move|p2a: Audino|Wish|p2a: Audino
|
|-damage|p2a: Audino|75/100 brn|[from] brn
|upkeep
|turn|74
|
|t:|1661961971
|switch|p1a: Regirock|Regirock|99/100
|-damage|p1a: Regirock|87/100|[from] Stealth Rock
|switch|p2a: Gigalith|Gigalith, M|47/100
|-damage|p2a: Gigalith|35/100|[from] Stealth Rock
|-weather|Sandstorm|[from] ability: Sand Stream|[of] p2a: Gigalith
|
|-weather|Sandstorm|[upkeep]
|-heal|p2a: Gigalith|90/100|[from] move: Wish|[wisher] Audino
|-heal|p1a: Regirock|93/100|[from] item: Leftovers
|upkeep
|turn|75
|
|t:|1661961977
|switch|p2a: Eldegoss|Eldegoss, F|99/100
|move|p1a: Regirock|Iron Defense|p1a: Regirock
|-boost|p1a: Regirock|def|2
|
|-weather|Sandstorm|[upkeep]
|-damage|p2a: Eldegoss|92/100|[from] Sandstorm
|-heal|p1a: Regirock|99/100|[from] item: Leftovers
|upkeep
|turn|76
|
|t:|1661961982
|switch|p2a: Cofagrigus|Cofagrigus, M|94/100 slp
|-damage|p2a: Cofagrigus|82/100 slp|[from] Stealth Rock
|move|p1a: Regirock|Body Press|p2a: Cofagrigus
|-immune|p2a: Cofagrigus
|
|-weather|Sandstorm|[upkeep]
|-damage|p2a: Cofagrigus|75/100 slp|[from] Sandstorm
|-heal|p1a: Regirock|100/100|[from] item: Leftovers
|upkeep
|turn|77
|
|t:|1661961985
|move|p1a: Regirock|Rock Blast|p2a: Cofagrigus
|-damage|p2a: Cofagrigus|70/100 slp
|-damage|p2a: Cofagrigus|65/100 slp
|-damage|p2a: Cofagrigus|59/100 slp
|-damage|p2a: Cofagrigus|54/100 slp
|-hitcount|p2a: Cofagrigus|4
|cant|p2a: Cofagrigus|slp
|
|-weather|Sandstorm|[upkeep]
|-damage|p2a: Cofagrigus|48/100 slp|[from] Sandstorm
|upkeep
|turn|78
|
|t:|1661961989
|move|p1a: Regirock|Rock Blast|p2a: Cofagrigus
|-damage|p2a: Cofagrigus|43/100 slp
|-damage|p2a: Cofagrigus|38/100 slp
|-damage|p2a: Cofagrigus|32/100 slp
|-hitcount|p2a: Cofagrigus|3
|cant|p2a: Cofagrigus|slp
|
|-weather|none
|upkeep
|turn|79
|
|t:|1661961992
|switch|p1a: Charizard|Charizard, M|58/100
|-curestatus|p2a: Cofagrigus|slp|[msg]
|move|p2a: Cofagrigus|Rest|p2a: Cofagrigus
|-status|p2a: Cofagrigus|slp|[from] move: Rest
|-heal|p2a: Cofagrigus|100/100 slp|[silent]
|
|upkeep
|turn|80
|
|t:|1661961997
|switch|p2a: Audino|Audino, M|100/100 brn
|move|p1a: Charizard|Roost|p1a: Charizard
|-heal|p1a: Charizard|100/100
|-singleturn|p1a: Charizard|move: Roost
|
|-damage|p2a: Audino|94/100 brn|[from] brn
|upkeep
|turn|81
|
|t:|1661962001
|switch|p1a: Togedemaru|Togedemaru, M|100/100 slp
|move|p2a: Audino|Knock Off|p1a: Togedemaru
|-damage|p1a: Togedemaru|89/100 slp
|-damage|p2a: Audino|82/100 brn|[from] ability: Iron Barbs|[of] p1a: Togedemaru
|-enditem|p1a: Togedemaru|Heavy-Duty Boots|[from] move: Knock Off|[of] p2a: Audino
|
|-damage|p2a: Audino|76/100 brn|[from] brn
|upkeep
|turn|82
|
|t:|1661962011
|switch|p2a: Quagsire|Quagsire, M|86/100
|-damage|p2a: Quagsire|80/100|[from] Stealth Rock
|cant|p1a: Togedemaru|slp
|
|upkeep
|turn|83
|
|t:|1661962014
|switch|p1a: Scyther|Scyther, F|79/100 brn
|move|p2a: Quagsire|Scald|p1a: Scyther
|-damage|p1a: Scyther|53/100 brn
|
|-damage|p1a: Scyther|47/100 brn|[from] brn
|upkeep
|turn|84
|
|t:|1661962019
|move|p1a: Scyther|Roost|p1a: Scyther
|-heal|p1a: Scyther|97/100 brn
|-singleturn|p1a: Scyther|move: Roost
|move|p2a: Quagsire|Scald|p1a: Scyther
|-damage|p1a: Scyther|72/100 brn
|
|-damage|p1a: Scyther|66/100 brn|[from] brn
|upkeep
|turn|85
|
|t:|1661962022
|move|p1a: Scyther|Dual Wingbeat|p2a: Quagsire
|-damage|p2a: Quagsire|70/100
|-damage|p2a: Quagsire|61/100
|-hitcount|p2a: Quagsire|2
|move|p2a: Quagsire|Scald|p1a: Scyther
|-damage|p1a: Scyther|39/100 brn
|
|-damage|p1a: Scyther|33/100 brn|[from] brn
|upkeep
|turn|86
|
|t:|1661962025
|move|p1a: Scyther|Roost|p1a: Scyther
|-heal|p1a: Scyther|83/100 brn
|-singleturn|p1a: Scyther|move: Roost
|move|p2a: Quagsire|Earthquake|p1a: Scyther
|-resisted|p1a: Scyther
|-damage|p1a: Scyther|60/100 brn
|
|-damage|p1a: Scyther|54/100 brn|[from] brn
|upkeep
|turn|87
|
|t:|1661962028
|move|p1a: Scyther|Dual Wingbeat|p2a: Quagsire
|-damage|p2a: Quagsire|52/100
|-damage|p2a: Quagsire|43/100
|-hitcount|p2a: Quagsire|2
|move|p2a: Quagsire|Recover|p2a: Quagsire
|-heal|p2a: Quagsire|93/100
|
|-damage|p1a: Scyther|48/100 brn|[from] brn
|upkeep
|turn|88
|
|t:|1661962031
|move|p1a: Scyther|Roost|p1a: Scyther
|-heal|p1a: Scyther|98/100 brn
|-singleturn|p1a: Scyther|move: Roost
|move|p2a: Quagsire|Scald|p1a: Scyther
|-damage|p1a: Scyther|75/100 brn
|
|-damage|p1a: Scyther|68/100 brn|[from] brn
|upkeep
|turn|89
|
|t:|1661962036
|move|p1a: Scyther|U-turn|p2a: Quagsire
|-damage|p2a: Quagsire|81/100
|
|t:|1661962038
|switch|p1a: Sandaconda|Sandaconda, F|100/100|[from]move: U-turn
|-damage|p1a: Sandaconda|94/100|[from] Stealth Rock
|move|p2a: Quagsire|Scald|p1a: Sandaconda
|-supereffective|p1a: Sandaconda
|-damage|p1a: Sandaconda|60/100
|-status|p1a: Sandaconda|brn
|
|-heal|p1a: Sandaconda|66/100 brn|[from] item: Leftovers
|-damage|p1a: Sandaconda|60/100 brn|[from] brn
|upkeep
|turn|90
|
|t:|1661962042
|switch|p2a: Eldegoss|Eldegoss, F|100/100
|move|p1a: Sandaconda|Rest|p1a: Sandaconda
|-status|p1a: Sandaconda|slp|[from] move: Rest
|-heal|p1a: Sandaconda|100/100 slp|[silent]
|
|upkeep
|turn|91
|
|t:|1661962045
|switch|p1a: Charizard|Charizard, M|100/100
|move|p2a: Eldegoss|Leech Seed|p1a: Charizard
|-start|p1a: Charizard|move: Leech Seed
|
|-damage|p1a: Charizard|88/100|[from] Leech Seed|[of] p2a: Eldegoss
|upkeep
|turn|92
|
|t:|1661962049
|switch|p1a: Togedemaru|Togedemaru, M|89/100 slp
|-damage|p1a: Togedemaru|83/100 slp|[from] Stealth Rock
|move|p2a: Eldegoss|Rapid Spin|p1a: Togedemaru
|-resisted|p1a: Togedemaru
|-damage|p1a: Togedemaru|78/100 slp
|-boost|p2a: Eldegoss|spe|1
|-damage|p2a: Eldegoss|88/100|[from] ability: Iron Barbs|[of] p1a: Togedemaru
|-sideend|p2: Kingston9629|Stealth Rock|[from] move: Rapid Spin|[of] p2a: Eldegoss
|
|upkeep
|turn|93
|
|t:|1661962053
|move|p2a: Eldegoss|Leech Seed|p1a: Togedemaru|[miss]
|-miss|p2a: Eldegoss|p1a: Togedemaru
|-curestatus|p1a: Togedemaru|slp|[msg]
|move|p1a: Togedemaru|U-turn|p2a: Eldegoss
|-supereffective|p2a: Eldegoss
|-damage|p2a: Eldegoss|62/100
|
|t:|1661962056
|switch|p1a: Charizard|Charizard, M|88/100|[from]move: U-turn
|
|upkeep
|turn|94
|
|t:|1661962058
|switch|p2a: Audino|Audino, M|100/100 brn
|move|p1a: Charizard|Defog|p2a: Audino
|-unboost|p2a: Audino|evasion|1
|-sideend|p1: PULT4S3 Prod|Stealth Rock|[from] move: Defog|[of] p1a: Charizard
|
|-damage|p2a: Audino|94/100 brn|[from] brn
|upkeep
|turn|95
|
|t:|1661962068
|switch|p1a: Wishiwashi|Wishiwashi, M|60/100 slp
|-formechange|p1a: Wishiwashi|Wishiwashi-School||[from] ability: Schooling
|move|p2a: Audino|Wish|p2a: Audino
|
|-damage|p2a: Audino|88/100 brn|[from] brn
|upkeep
|turn|96
|
|t:|1661962070
|switch|p2a: Eldegoss|Eldegoss, F|96/100
|cant|p1a: Wishiwashi|slp
|move|p1a: Wishiwashi|Sleep Talk|p1a: Wishiwashi
|move|p1a: Wishiwashi|Scald|p2a: Eldegoss|[from]move: Sleep Talk
|-resisted|p2a: Eldegoss
|-damage|p2a: Eldegoss|80/100
|
|-heal|p2a: Eldegoss|100/100|[from] move: Wish|[wisher] Audino
|upkeep
|turn|97
|
|t:|1661962073
|switch|p1a: Scyther|Scyther, F|68/100 brn
|move|p2a: Eldegoss|Giga Drain|p1a: Scyther
|-resisted|p1a: Scyther
|-damage|p1a: Scyther|61/100 brn
|
|-damage|p1a: Scyther|55/100 brn|[from] brn
|upkeep
|turn|98
|
|t:|1661962076
|move|p1a: Scyther|U-turn|p2a: Eldegoss
|-supereffective|p2a: Eldegoss
|-damage|p2a: Eldegoss|75/100
|
|t:|1661962077
|switch|p1a: Charizard|Charizard, M|88/100|[from]move: U-turn
|move|p2a: Eldegoss|Leech Seed|p1a: Charizard
|-start|p1a: Charizard|move: Leech Seed
|
|-damage|p1a: Charizard|76/100|[from] Leech Seed|[of] p2a: Eldegoss
|-heal|p2a: Eldegoss|89/100|[silent]
|upkeep
|turn|99
|
|t:|1661962080
|switch|p1a: Scyther|Scyther, F|55/100 brn
|switch|p2a: Gigalith|Gigalith, M|90/100
|-weather|Sandstorm|[from] ability: Sand Stream|[of] p2a: Gigalith
|
|-weather|Sandstorm|[upkeep]
|-damage|p1a: Scyther|49/100 brn|[from] Sandstorm
|-damage|p1a: Scyther|42/100 brn|[from] brn
|upkeep
|turn|100
|
|t:|1661962084
|move|p1a: Scyther|U-turn|p2a: Gigalith
|-damage|p2a: Gigalith|78/100
|
|t:|1661962086
|switch|p1a: Regirock|Regirock|100/100|[from]move: U-turn
|move|p2a: Gigalith|Stealth Rock|p1a: Regirock
|-sidestart|p1: PULT4S3 Prod|move: Stealth Rock
|
|-weather|Sandstorm|[upkeep]
|upkeep
|turn|101
|
|t:|1661962099
|switch|p2a: Quagsire|Quagsire, M|81/100
|move|p1a: Regirock|Stealth Rock|p2a: Quagsire
|-sidestart|p2: Kingston9629|move: Stealth Rock
|
|-weather|Sandstorm|[upkeep]
|upkeep
|turn|102
|
|t:|1661962106
|switch|p1a: Scyther|Scyther, F|42/100 brn
|move|p2a: Quagsire|Earthquake|p1a: Scyther
|-immune|p1a: Scyther
|
|-weather|Sandstorm|[upkeep]
|-damage|p1a: Scyther|36/100 brn|[from] Sandstorm
|-damage|p1a: Scyther|30/100 brn|[from] brn
|upkeep
|turn|103
|
|t:|1661962110
|move|p1a: Scyther|Roost|p1a: Scyther
|-heal|p1a: Scyther|81/100 brn
|-singleturn|p1a: Scyther|move: Roost
|move|p2a: Quagsire|Scald|p1a: Scyther
|-damage|p1a: Scyther|54/100 brn
|
|-weather|none
|-damage|p1a: Scyther|48/100 brn|[from] brn
|upkeep
|turn|104
|
|t:|1661962115
|move|p1a: Scyther|Roost|p1a: Scyther
|-heal|p1a: Scyther|98/100 brn
|-singleturn|p1a: Scyther|move: Roost
|move|p2a: Quagsire|Scald|p1a: Scyther
|-damage|p1a: Scyther|73/100 brn
|
|-damage|p1a: Scyther|67/100 brn|[from] brn
|upkeep
|turn|105
|
|t:|1661962118
|move|p1a: Scyther|U-turn|p2a: Quagsire
|-crit|p2a: Quagsire
|-damage|p2a: Quagsire|65/100
|
|t:|1661962119
|switch|p1a: Sandaconda|Sandaconda, F|100/100 slp|[from]move: U-turn
|-damage|p1a: Sandaconda|94/100 slp|[from] Stealth Rock
|move|p2a: Quagsire|Scald|p1a: Sandaconda
|-supereffective|p1a: Sandaconda
|-damage|p1a: Sandaconda|59/100 slp
|
|-activate|p1a: Sandaconda|ability: Shed Skin
|-curestatus|p1a: Sandaconda|slp|[msg]
|-heal|p1a: Sandaconda|65/100|[from] item: Leftovers
|upkeep
|turn|106
|
|t:|1661962124
|switch|p2a: Eldegoss|Eldegoss, F|100/100
|move|p1a: Sandaconda|Coil|p1a: Sandaconda
|-boost|p1a: Sandaconda|atk|1
|-boost|p1a: Sandaconda|def|1
|-boost|p1a: Sandaconda|accuracy|1
|
|-heal|p1a: Sandaconda|71/100|[from] item: Leftovers
|upkeep
|turn|107
|
|t:|1661962132
|switch|p1a: Togedemaru|Togedemaru, M|78/100
|-damage|p1a: Togedemaru|72/100|[from] Stealth Rock
|move|p2a: Eldegoss|Giga Drain|p1a: Togedemaru
|-resisted|p1a: Togedemaru
|-damage|p1a: Togedemaru|64/100
|
|upkeep
|turn|108
|
|t:|1661962137
|move|p1a: Togedemaru|Wish|p1a: Togedemaru
|move|p2a: Eldegoss|Rapid Spin|p1a: Togedemaru
|-resisted|p1a: Togedemaru
|-damage|p1a: Togedemaru|59/100
|-boost|p2a: Eldegoss|spe|1
|-damage|p2a: Eldegoss|88/100|[from] ability: Iron Barbs|[of] p1a: Togedemaru
|-sideend|p2: Kingston9629|Stealth Rock|[from] move: Rapid Spin|[of] p2a: Eldegoss
|
|upkeep
|turn|109
|
|t:|1661962142
|move|p2a: Eldegoss|Leech Seed|p1a: Togedemaru
|-start|p1a: Togedemaru|move: Leech Seed
|move|p1a: Togedemaru|U-turn|p2a: Eldegoss
|-supereffective|p2a: Eldegoss
|-damage|p2a: Eldegoss|62/100
|
|t:|1661962144
|switch|p1a: Wishiwashi|Wishiwashi, M|60/100 slp|[from]move: U-turn
|-damage|p1a: Wishiwashi|47/100 slp|[from] Stealth Rock
|-formechange|p1a: Wishiwashi|Wishiwashi-School||[from] ability: Schooling
|
|-heal|p1a: Wishiwashi|100/100 slp|[from] move: Wish|[wisher] Togedemaru
|upkeep
|turn|110
|
|t:|1661962148
|move|p2a: Eldegoss|Giga Drain|p1a: Wishiwashi
|-supereffective|p1a: Wishiwashi
|-damage|p1a: Wishiwashi|61/100 slp
|-heal|p2a: Eldegoss|80/100|[from] drain|[of] p1a: Wishiwashi
|-curestatus|p1a: Wishiwashi|slp|[msg]
|move|p1a: Wishiwashi|U-turn|p2a: Eldegoss
|-supereffective|p2a: Eldegoss
|-damage|p2a: Eldegoss|42/100
|
|t:|1661962151
|switch|p1a: Scyther|Scyther, F|67/100 brn|[from]move: U-turn
|
|-damage|p1a: Scyther|61/100 brn|[from] brn
|upkeep
|turn|111
|
|t:|1661962155
|switch|p2a: Quagsire|Quagsire, M|65/100
|move|p1a: Scyther|U-turn|p2a: Quagsire
|-damage|p2a: Quagsire|53/100
|
|t:|1661962159
|switch|p1a: Wishiwashi|Wishiwashi, M|61/100|[from]move: U-turn
|-damage|p1a: Wishiwashi|49/100|[from] Stealth Rock
|-formechange|p1a: Wishiwashi|Wishiwashi-School||[from] ability: Schooling
|
|upkeep
|turn|112
|
|t:|1661962163
|switch|p2a: Eldegoss|Eldegoss, F|75/100
|move|p1a: Wishiwashi|Scald|p2a: Eldegoss
|-resisted|p2a: Eldegoss
|-damage|p2a: Eldegoss|59/100
|
|upkeep
|turn|113
|
|t:|1661962166
|move|p2a: Eldegoss|Sleep Powder|p1a: Wishiwashi
|-status|p1a: Wishiwashi|slp|[from] move: Sleep Powder
|cant|p1a: Wishiwashi|slp
|
|upkeep
|turn|114
|
|t:|1661962169
|switch|p1a: Togedemaru|Togedemaru, M|59/100
|-damage|p1a: Togedemaru|53/100|[from] Stealth Rock
|move|p2a: Eldegoss|Giga Drain|p1a: Togedemaru
|-resisted|p1a: Togedemaru
|-damage|p1a: Togedemaru|43/100
|-heal|p2a: Eldegoss|64/100|[from] drain|[of] p1a: Togedemaru
|
|upkeep
|turn|115
|
|t:|1661962172
|switch|p2a: Quagsire|Quagsire, M|53/100
|move|p1a: Togedemaru|Wish|p1a: Togedemaru
|
|upkeep
|turn|116
|
|t:|1661962177
|move|p1a: Togedemaru|Spiky Shield|p1a: Togedemaru
|-singleturn|p1a: Togedemaru|move: Protect
|move|p2a: Quagsire|Recover|p2a: Quagsire
|-heal|p2a: Quagsire|100/100
|
|-heal|p1a: Togedemaru|93/100|[from] move: Wish|[wisher] Togedemaru
|upkeep
|turn|117
|
|t:|1661962182
|move|p1a: Togedemaru|U-turn|p2a: Quagsire
|-damage|p2a: Quagsire|89/100
|
|t:|1661962184
|switch|p1a: Sandaconda|Sandaconda, F|71/100|[from]move: U-turn
|-damage|p1a: Sandaconda|65/100|[from] Stealth Rock
|move|p2a: Quagsire|Scald|p1a: Sandaconda
|-supereffective|p1a: Sandaconda
|-crit|p1a: Sandaconda
|-damage|p1a: Sandaconda|6/100
|
|-heal|p1a: Sandaconda|12/100|[from] item: Leftovers
|upkeep
|turn|118
|
|t:|1661962193
|switch|p2a: Audino|Audino, M|100/100 brn
|move|p1a: Sandaconda|Rest|p1a: Sandaconda
|-status|p1a: Sandaconda|slp|[from] move: Rest
|-heal|p1a: Sandaconda|100/100 slp|[silent]
|
|-activate|p1a: Sandaconda|ability: Shed Skin
|-curestatus|p1a: Sandaconda|slp|[msg]
|-damage|p2a: Audino|94/100 brn|[from] brn
|upkeep
|turn|119
|
|t:|1661962197
|switch|p1a: Togedemaru|Togedemaru, M|93/100
|-damage|p1a: Togedemaru|87/100|[from] Stealth Rock
|move|p2a: Audino|Knock Off|p1a: Togedemaru
|-damage|p1a: Togedemaru|80/100
|-damage|p2a: Audino|82/100 brn|[from] ability: Iron Barbs|[of] p1a: Togedemaru
|
|-damage|p2a: Audino|76/100 brn|[from] brn
|upkeep
|turn|120
|
|t:|1661962203
|switch|p2a: Quagsire|Quagsire, M|89/100
|move|p1a: Togedemaru|Wish|p1a: Togedemaru
|
|upkeep
|turn|121
|
|t:|1661962206
|move|p1a: Togedemaru|U-turn|p2a: Quagsire
|-damage|p2a: Quagsire|76/100
|
|t:|1661962208
|switch|p1a: Wishiwashi|Wishiwashi, M|49/100 slp|[from]move: U-turn
|-damage|p1a: Wishiwashi|36/100 slp|[from] Stealth Rock
|-formechange|p1a: Wishiwashi|Wishiwashi-School||[from] ability: Schooling
|move|p2a: Quagsire|Earthquake|p1a: Wishiwashi
|-damage|p1a: Wishiwashi|16/100 slp
|
|-heal|p1a: Wishiwashi|73/100 slp|[from] move: Wish|[wisher] Togedemaru
|upkeep
|turn|122
|
|t:|1661962211
|switch|p2a: Eldegoss|Eldegoss, F|98/100
|-curestatus|p1a: Wishiwashi|slp|[msg]
|move|p1a: Wishiwashi|Sleep Talk||[still]
|-fail|p1a: Wishiwashi
|
|upkeep
|turn|123
|
|t:|1661962215
|switch|p1a: Scyther|Scyther, F|61/100 brn
|move|p2a: Eldegoss|Leech Seed|p1a: Scyther
|-start|p1a: Scyther|move: Leech Seed
|
|-damage|p1a: Scyther|49/100 brn|[from] Leech Seed|[of] p2a: Eldegoss
|-heal|p2a: Eldegoss|100/100|[silent]
|-damage|p1a: Scyther|42/100 brn|[from] brn
|upkeep
|turn|124
|
|t:|1661962220
|move|p1a: Scyther|U-turn|p2a: Eldegoss
|-supereffective|p2a: Eldegoss
|-crit|p2a: Eldegoss
|-damage|p2a: Eldegoss|59/100
|
|t:|1661962223
|switch|p1a: Charizard|Charizard, M|76/100|[from]move: U-turn
|move|p2a: Eldegoss|Rapid Spin|p1a: Charizard
|-damage|p1a: Charizard|69/100
|-boost|p2a: Eldegoss|spe|1
|
|upkeep
|turn|125
|
|t:|1661962232
|switch|p2a: Gigalith|Gigalith, M|78/100
|-weather|Sandstorm|[from] ability: Sand Stream|[of] p2a: Gigalith
|move|p1a: Charizard|Defog|p2a: Gigalith
|-unboost|p2a: Gigalith|evasion|1
|-sideend|p1: PULT4S3 Prod|Stealth Rock|[from] move: Defog|[of] p1a: Charizard
|
|-weather|Sandstorm|[upkeep]
|-damage|p1a: Charizard|63/100|[from] Sandstorm
|upkeep
|turn|126
|
|t:|1661962236
|switch|p1a: Regirock|Regirock|100/100
|move|p2a: Gigalith|Stealth Rock|p1a: Regirock
|-sidestart|p1: PULT4S3 Prod|move: Stealth Rock
|
|-weather|Sandstorm|[upkeep]
|upkeep
|turn|127
|
|t:|1661962239
|switch|p2a: Cofagrigus|Cofagrigus, M|100/100 slp
|move|p1a: Regirock|Stealth Rock|p2a: Cofagrigus
|-sidestart|p2: Kingston9629|move: Stealth Rock
|
|-weather|Sandstorm|[upkeep]
|-damage|p2a: Cofagrigus|94/100 slp|[from] Sandstorm
|upkeep
|turn|128
|
|t:|1661962246
|switch|p1a: Charizard|Charizard, M|63/100
|cant|p2a: Cofagrigus|slp
|
|-weather|Sandstorm|[upkeep]
|-damage|p1a: Charizard|57/100|[from] Sandstorm
|-damage|p2a: Cofagrigus|88/100 slp|[from] Sandstorm
|upkeep
|turn|129
|
|t:|1661962251
|switch|p2a: Audino|Audino, M|100/100 brn
|move|p1a: Charizard|Flamethrower|p2a: Audino
|-damage|p2a: Audino|78/100 brn
|
|-weather|none
|-damage|p2a: Audino|72/100 brn|[from] brn
|upkeep
|turn|130
|
|t:|1661962256
|switch|p1a: Togedemaru|Togedemaru, M|80/100
|-damage|p1a: Togedemaru|74/100|[from] Stealth Rock
|move|p2a: Audino|Knock Off|p1a: Togedemaru
|-damage|p1a: Togedemaru|67/100
|-damage|p2a: Audino|59/100 brn|[from] ability: Iron Barbs|[of] p1a: Togedemaru
|
|-damage|p2a: Audino|53/100 brn|[from] brn
|upkeep
|turn|131
|
|t:|1661962259
|switch|p2a: Quagsire|Quagsire, M|76/100
|-damage|p2a: Quagsire|70/100|[from] Stealth Rock
|move|p1a: Togedemaru|Wish|p1a: Togedemaru
|
|upkeep
|turn|132
|
|t:|1661962266
|switch|p2a: Eldegoss|Eldegoss, F|92/100
|move|p1a: Togedemaru|U-turn|p2a: Eldegoss
|-supereffective|p2a: Eldegoss
|-damage|p2a: Eldegoss|67/100
|
|t:|1661962269
|switch|p1a: Scyther|Scyther, F|42/100 brn|[from]move: U-turn
|
|-heal|p1a: Scyther|100/100 brn|[from] move: Wish|[wisher] Togedemaru
|-damage|p1a: Scyther|94/100 brn|[from] brn
|upkeep
|turn|133
|
|t:|1661962273
|move|p1a: Scyther|Dual Wingbeat|p2a: Eldegoss
|-supereffective|p2a: Eldegoss
|-damage|p2a: Eldegoss|44/100
|-supereffective|p2a: Eldegoss
|-damage|p2a: Eldegoss|21/100
|-hitcount|p2a: Eldegoss|2
|move|p2a: Eldegoss|Rapid Spin|p1a: Scyther
|-damage|p1a: Scyther|86/100 brn
|-boost|p2a: Eldegoss|spe|1
|-sideend|p2: Kingston9629|Stealth Rock|[from] move: Rapid Spin|[of] p2a: Eldegoss
|
|-damage|p1a: Scyther|80/100 brn|[from] brn
|upkeep
|turn|134
|
|t:|1661962278
|switch|p2a: Cofagrigus|Cofagrigus, M|88/100 slp
|move|p1a: Scyther|U-turn|p2a: Cofagrigus
|-resisted|p2a: Cofagrigus
|-damage|p2a: Cofagrigus|83/100 slp
|-activate|p2a: Cofagrigus|ability: Mummy|Technician|[of] p1a: Scyther
|
|t:|1661962280
|switch|p1a: Regirock|Regirock|100/100|[from]move: U-turn
|-damage|p1a: Regirock|88/100|[from] Stealth Rock
|
|-heal|p1a: Regirock|94/100|[from] item: Leftovers
|upkeep
|turn|135
|
|t:|1661962283
|move|p1a: Regirock|Stealth Rock|p2a: Cofagrigus
|-sidestart|p2: Kingston9629|move: Stealth Rock
|cant|p2a: Cofagrigus|slp
|
|-heal|p1a: Regirock|99/100|[from] item: Leftovers
|upkeep
|turn|136
|
|t:|1661962289
|switch|p1a: Charizard|Charizard, M|57/100
|-curestatus|p2a: Cofagrigus|slp|[msg]
|move|p2a: Cofagrigus|Iron Defense|p2a: Cofagrigus
|-boost|p2a: Cofagrigus|def|2
|
|upkeep
|turn|137
|
|t:|1661962294
|switch|p2a: Audino|Audino, M|86/100 brn
|move|p1a: Charizard|Flamethrower|p2a: Audino
|-damage|p2a: Audino|63/100 brn
|
|-damage|p2a: Audino|57/100 brn|[from] brn
|upkeep
|turn|138
|
|t:|1661962297
|switch|p1a: Togedemaru|Togedemaru, M|67/100
|-damage|p1a: Togedemaru|61/100|[from] Stealth Rock
|move|p2a: Audino|Knock Off|p1a: Togedemaru
|-damage|p1a: Togedemaru|53/100
|-damage|p2a: Audino|44/100 brn|[from] ability: Iron Barbs|[of] p1a: Togedemaru
|
|-damage|p2a: Audino|38/100 brn|[from] brn
|upkeep
|turn|139
|
|t:|1661962303
|switch|p2a: Eldegoss|Eldegoss, F|55/100
|move|p1a: Togedemaru|Wish|p1a: Togedemaru
|
|upkeep
|turn|140
|
|t:|1661962308
|move|p1a: Togedemaru|Iron Head|p2a: Eldegoss
|-damage|p2a: Eldegoss|34/100
|move|p2a: Eldegoss|Sleep Powder|p1a: Togedemaru
|-status|p1a: Togedemaru|slp|[from] move: Sleep Powder
|
|-heal|p1a: Togedemaru|100/100 slp|[from] move: Wish|[wisher] Togedemaru
|upkeep
|turn|141
|
|t:|1661962312
|cant|p1a: Togedemaru|slp
|move|p2a: Eldegoss|Leech Seed|p1a: Togedemaru
|-start|p1a: Togedemaru|move: Leech Seed
|
|-damage|p1a: Togedemaru|88/100 slp|[from] Leech Seed|[of] p2a: Eldegoss
|-heal|p2a: Eldegoss|47/100|[silent]
|upkeep
|turn|142
|
|t:|1661962314
|switch|p2a: Quagsire|Quagsire, M|70/100
|-damage|p2a: Quagsire|64/100|[from] Stealth Rock
|cant|p1a: Togedemaru|slp
|
|-damage|p1a: Togedemaru|76/100 slp|[from] Leech Seed|[of] p2a: Quagsire
|-heal|p2a: Quagsire|75/100|[silent]
|upkeep
|turn|143
|
|t:|1661962318
|switch|p1a: Scyther|Scyther, F|80/100 brn
|move|p2a: Quagsire|Earthquake|p1a: Scyther
|-immune|p1a: Scyther
|
|-damage|p1a: Scyther|74/100 brn|[from] brn
|upkeep
|turn|144
|
|t:|1661962321
|move|p1a: Scyther|U-turn|p2a: Quagsire
|-damage|p2a: Quagsire|63/100
|
|t:|1661962324
|switch|p1a: Sandaconda|Sandaconda, F|100/100|[from]move: U-turn
|-damage|p1a: Sandaconda|94/100|[from] Stealth Rock
|move|p2a: Quagsire|Scald|p1a: Sandaconda
|-supereffective|p1a: Sandaconda
|-damage|p1a: Sandaconda|56/100
|
|-heal|p1a: Sandaconda|62/100|[from] item: Leftovers
|upkeep
|turn|145
|
|t:|1661962331
|switch|p1a: Scyther|Scyther, F|74/100 brn
|switch|p2a: Cofagrigus|Cofagrigus, M|83/100
|-damage|p2a: Cofagrigus|71/100|[from] Stealth Rock
|
|-damage|p1a: Scyther|68/100 brn|[from] brn
|upkeep
|turn|146
|
|t:|1661962336
|move|p1a: Scyther|U-turn|p2a: Cofagrigus
|-resisted|p2a: Cofagrigus
|-damage|p2a: Cofagrigus|66/100
|-activate|p2a: Cofagrigus|ability: Mummy|Technician|[of] p1a: Scyther
|
|t:|1661962338
|switch|p1a: Charizard|Charizard, M|57/100|[from]move: U-turn
|move|p2a: Cofagrigus|Body Press|p1a: Charizard
|-resisted|p1a: Charizard
|-damage|p1a: Charizard|38/100
|
|upkeep
|turn|147
|
|t:|1661962341
|switch|p2a: Gigalith|Gigalith, M|78/100
|-damage|p2a: Gigalith|65/100|[from] Stealth Rock
|-weather|Sandstorm|[from] ability: Sand Stream|[of] p2a: Gigalith
|move|p1a: Charizard|Roost|p1a: Charizard
|-heal|p1a: Charizard|88/100
|-singleturn|p1a: Charizard|move: Roost
|
|-weather|Sandstorm|[upkeep]
|-damage|p1a: Charizard|82/100|[from] Sandstorm
|upkeep
|turn|148
|
|t:|1661962347
|switch|p1a: Sandaconda|Sandaconda, F|62/100
|-damage|p1a: Sandaconda|56/100|[from] Stealth Rock
|move|p2a: Gigalith|Earthquake|p1a: Sandaconda
|-damage|p1a: Sandaconda|32/100
|
|-weather|Sandstorm|[upkeep]
|-heal|p1a: Sandaconda|38/100|[from] item: Leftovers
|upkeep
|turn|149
|
|t:|1661962351
|switch|p2a: Eldegoss|Eldegoss, F|80/100
|move|p1a: Sandaconda|Rest|p1a: Sandaconda
|-status|p1a: Sandaconda|slp|[from] move: Rest
|-heal|p1a: Sandaconda|100/100 slp|[silent]
|
|-weather|Sandstorm|[upkeep]
|-damage|p2a: Eldegoss|74/100|[from] Sandstorm
|-activate|p1a: Sandaconda|ability: Shed Skin
|-curestatus|p1a: Sandaconda|slp|[msg]
|upkeep
|turn|150
|
|t:|1661962358
|switch|p1a: Charizard|Charizard, M|82/100
|move|p2a: Eldegoss|Rapid Spin|p1a: Charizard
|-damage|p1a: Charizard|75/100
|-boost|p2a: Eldegoss|spe|1
|-sideend|p2: Kingston9629|Stealth Rock|[from] move: Rapid Spin|[of] p2a: Eldegoss
|
|-weather|Sandstorm|[upkeep]
|-damage|p1a: Charizard|69/100|[from] Sandstorm
|-damage|p2a: Eldegoss|68/100|[from] Sandstorm
|upkeep
|turn|151
|
|t:|1661962362
|switch|p2a: Audino|Audino, M|71/100 brn
|move|p1a: Charizard|Defog|p2a: Audino
|-unboost|p2a: Audino|evasion|1
|-sideend|p1: PULT4S3 Prod|Stealth Rock|[from] move: Defog|[of] p1a: Charizard
|
|-weather|none
|-damage|p2a: Audino|65/100 brn|[from] brn
|upkeep
|turn|152
|
|t:|1661962368
|switch|p1a: Wishiwashi|Wishiwashi, M|73/100
|-formechange|p1a: Wishiwashi|Wishiwashi-School||[from] ability: Schooling
|switch|p2a: Cofagrigus|Cofagrigus, M|66/100
|
|upkeep
|turn|153
|
|t:|1661962371
|switch|p2a: Eldegoss|Eldegoss, F|100/100
|move|p1a: Wishiwashi|Scald|p2a: Eldegoss
|-resisted|p2a: Eldegoss
|-damage|p2a: Eldegoss|85/100
|
|upkeep
|turn|154
|
|t:|1661962382
|switch|p1a: Togedemaru|Togedemaru, M|76/100 slp
|move|p2a: Eldegoss|Leech Seed|p1a: Togedemaru|[miss]
|-miss|p2a: Eldegoss|p1a: Togedemaru
|
|upkeep
|turn|155
|
|t:|1661962393
|switch|p2a: Quagsire|Quagsire, M|63/100
|-curestatus|p1a: Togedemaru|slp|[msg]
|move|p1a: Togedemaru|Iron Head|p2a: Quagsire
|-resisted|p2a: Quagsire
|-damage|p2a: Quagsire|54/100
|
|upkeep
|turn|156
|
|t:|1661962397
|move|p1a: Togedemaru|U-turn|p2a: Quagsire
|-damage|p2a: Quagsire|44/100
|
|t:|1661962399
|switch|p1a: Wishiwashi|Wishiwashi, M|73/100|[from]move: U-turn
|-formechange|p1a: Wishiwashi|Wishiwashi-School||[from] ability: Schooling
|move|p2a: Quagsire|Recover|p2a: Quagsire
|-heal|p2a: Quagsire|94/100
|
|upkeep
|turn|157
|
|t:|1661962412
|switch|p2a: Eldegoss|Eldegoss, F|100/100
|move|p1a: Wishiwashi|Scald|p2a: Eldegoss
|-resisted|p2a: Eldegoss
|-damage|p2a: Eldegoss|83/100
|
|upkeep
|turn|158
|
|t:|1661962418
|switch|p1a: Togedemaru|Togedemaru, M|76/100
|move|p2a: Eldegoss|Giga Drain|p1a: Togedemaru
|-resisted|p1a: Togedemaru
|-damage|p1a: Togedemaru|66/100
|-heal|p2a: Eldegoss|88/100|[from] drain|[of] p1a: Togedemaru
|
|upkeep
|turn|159
|
|t:|1661962423
|switch|p2a: Cofagrigus|Cofagrigus, M|66/100
|move|p1a: Togedemaru|Wish|p1a: Togedemaru
|
|upkeep
|turn|160
|
|t:|1661962430
|move|p1a: Togedemaru|U-turn|p2a: Cofagrigus
|-resisted|p2a: Cofagrigus
|-damage|p2a: Cofagrigus|61/100
|-activate|p2a: Cofagrigus|ability: Mummy|Iron Barbs|[of] p1a: Togedemaru
|
|t:|1661962431
|switch|p1a: Charizard|Charizard, M|69/100|[from]move: U-turn
|move|p2a: Cofagrigus|Toxic Spikes|p1a: Charizard
|-sidestart|p1: PULT4S3 Prod|move: Toxic Spikes
|
|-heal|p1a: Charizard|100/100|[from] move: Wish|[wisher] Togedemaru
|upkeep
|turn|161
|
|t:|1661962435
|switch|p2a: Audino|Audino, M|98/100 brn
|move|p1a: Charizard|Defog|p2a: Audino
|-unboost|p2a: Audino|evasion|1
|-sideend|p1: PULT4S3 Prod|Toxic Spikes|[from] move: Defog|[of] p1a: Charizard
|
|-damage|p2a: Audino|92/100 brn|[from] brn
|upkeep
|turn|162
|
|t:|1661962441
|switch|p1a: Wishiwashi|Wishiwashi, M|73/100
|-formechange|p1a: Wishiwashi|Wishiwashi-School||[from] ability: Schooling
|move|p2a: Audino|Wish|p2a: Audino
|
|-damage|p2a: Audino|86/100 brn|[from] brn
|upkeep
|turn|163
|
|t:|1661962445
|switch|p2a: Cofagrigus|Cofagrigus, M|61/100
|move|p1a: Wishiwashi|U-turn|p2a: Cofagrigus
|-resisted|p2a: Cofagrigus
|-damage|p2a: Cofagrigus|55/100
|
|t:|1661962447
|switch|p1a: Charizard|Charizard, M|100/100|[from]move: U-turn
|
|-heal|p2a: Cofagrigus|100/100|[from] move: Wish|[wisher] Audino
|upkeep
|turn|164
|
|t:|1661962450
|switch|p2a: Gigalith|Gigalith, M|65/100
|-weather|Sandstorm|[from] ability: Sand Stream|[of] p2a: Gigalith
|move|p1a: Charizard|Flamethrower|p2a: Gigalith
|-resisted|p2a: Gigalith
|-damage|p2a: Gigalith|56/100
|-status|p2a: Gigalith|brn
|
|-weather|Sandstorm|[upkeep]
|-damage|p1a: Charizard|94/100|[from] Sandstorm
|-damage|p2a: Gigalith|50/100 brn|[from] brn
|upkeep
|turn|165
|
|t:|1661962454
|switch|p1a: Regirock|Regirock|99/100
|move|p2a: Gigalith|Stealth Rock|p1a: Regirock
|-sidestart|p1: PULT4S3 Prod|move: Stealth Rock
|
|-weather|Sandstorm|[upkeep]
|-heal|p1a: Regirock|100/100|[from] item: Leftovers
|-damage|p2a: Gigalith|44/100 brn|[from] brn
|upkeep
|turn|166
|
|t:|1661962460
|switch|p2a: Cofagrigus|Cofagrigus, M|100/100
|move|p1a: Regirock|Stealth Rock|p2a: Cofagrigus
|-sidestart|p2: Kingston9629|move: Stealth Rock
|
|-weather|Sandstorm|[upkeep]
|-damage|p2a: Cofagrigus|94/100|[from] Sandstorm
|upkeep
|turn|167
|
|t:|1661962464
|switch|p1a: Charizard|Charizard, M|94/100
|move|p2a: Cofagrigus|Body Press|p1a: Charizard
|-resisted|p1a: Charizard
|-damage|p1a: Charizard|75/100
|
|-weather|Sandstorm|[upkeep]
|-damage|p1a: Charizard|69/100|[from] Sandstorm
|-damage|p2a: Cofagrigus|88/100|[from] Sandstorm
|upkeep
|turn|168
|
|t:|1661962467
|move|p1a: Charizard|Flamethrower|p2a: Cofagrigus
|-damage|p2a: Cofagrigus|56/100
|move|p2a: Cofagrigus|Iron Defense|p2a: Cofagrigus
|-boost|p2a: Cofagrigus|def|2
|
|-weather|none
|upkeep
|turn|169
|
|t:|1661962471
|move|p1a: Charizard|Flamethrower|p2a: Cofagrigus
|-damage|p2a: Cofagrigus|25/100
|move|p2a: Cofagrigus|Body Press|p1a: Charizard
|-resisted|p1a: Charizard
|-damage|p1a: Charizard|29/100
|
|upkeep
|turn|170
|
|t:|1661962476
|switch|p2a: Audino|Audino, M|100/100 brn
|move|p1a: Charizard|Flamethrower|p2a: Audino
|-damage|p2a: Audino|68/100 brn
|
|-damage|p2a: Audino|62/100 brn|[from] brn
|upkeep
|turn|171
|
|t:|1661962484
|move|p1a: Charizard|Flamethrower|p2a: Audino
|-damage|p2a: Audino|27/100 brn
|move|p2a: Audino|Knock Off|p1a: Charizard
|-damage|p1a: Charizard|21/100
|-enditem|p1a: Charizard|Heavy-Duty Boots|[from] move: Knock Off|[of] p2a: Audino
|
|-damage|p2a: Audino|20/100 brn|[from] brn
|upkeep
|turn|172
|
|t:|1661962489
|switch|p2a: Quagsire|Quagsire, M|94/100
|-damage|p2a: Quagsire|88/100|[from] Stealth Rock
|move|p1a: Charizard|Flamethrower|p2a: Quagsire
|-resisted|p2a: Quagsire
|-damage|p2a: Quagsire|58/100
|
|upkeep
|turn|173
|
|t:|1661962496
|move|p1a: Charizard|Toxic|p2a: Quagsire
|-status|p2a: Quagsire|tox
|move|p2a: Quagsire|Recover|p2a: Quagsire
|-heal|p2a: Quagsire|100/100 tox
|
|-damage|p2a: Quagsire|94/100 tox|[from] psn
|upkeep
|turn|174
|
|t:|1661962499
|move|p1a: Charizard|Flamethrower|p2a: Quagsire
|-resisted|p2a: Quagsire
|-damage|p2a: Quagsire|63/100 tox
|move|p2a: Quagsire|Scald|p1a: Charizard
|-supereffective|p1a: Charizard
|-damage|p1a: Charizard|0 fnt
|faint|p1a: Charizard
|
|-damage|p2a: Quagsire|51/100 tox|[from] psn
|upkeep
|
|t:|1661962513
|switch|p1a: Scyther|Scyther, F|68/100 brn
|turn|175
|
|t:|1661962521
|move|p1a: Scyther|U-turn|p2a: Quagsire
|-damage|p2a: Quagsire|39/100 tox
|
|t:|1661962524
|switch|p1a: Wishiwashi|Wishiwashi, M|73/100|[from]move: U-turn
|-damage|p1a: Wishiwashi|61/100|[from] Stealth Rock
|-formechange|p1a: Wishiwashi|Wishiwashi-School||[from] ability: Schooling
|move|p2a: Quagsire|Recover|p2a: Quagsire
|-heal|p2a: Quagsire|89/100 tox
|
|-damage|p2a: Quagsire|71/100 tox|[from] psn
|upkeep
|turn|176
|
|t:|1661962526
|switch|p2a: Eldegoss|Eldegoss, F|100/100
|move|p1a: Wishiwashi|U-turn|p2a: Eldegoss
|-supereffective|p2a: Eldegoss
|-damage|p2a: Eldegoss|65/100
|
|t:|1661962531
|switch|p1a: Scyther|Scyther, F|68/100 brn|[from]move: U-turn
|
|-damage|p1a: Scyther|62/100 brn|[from] brn
|upkeep
|turn|177
|
|t:|1661962534
|move|p1a: Scyther|Dual Wingbeat|p2a: Eldegoss|[miss]
|-miss|p1a: Scyther|p2a: Eldegoss
|move|p2a: Eldegoss|Leech Seed|p1a: Scyther
|-start|p1a: Scyther|move: Leech Seed
|
|-damage|p1a: Scyther|49/100 brn|[from] Leech Seed|[of] p2a: Eldegoss
|-heal|p2a: Eldegoss|75/100|[silent]
|-damage|p1a: Scyther|43/100 brn|[from] brn
|upkeep
|turn|178
|
|t:|1661962537
|switch|p2a: Audino|Audino, M|54/100 brn
|move|p1a: Scyther|U-turn|p2a: Audino
|-damage|p2a: Audino|39/100 brn
|
|t:|1661962539
|switch|p1a: Regirock|Regirock|100/100|[from]move: U-turn
|-damage|p1a: Regirock|88/100|[from] Stealth Rock
|
|-heal|p1a: Regirock|94/100|[from] item: Leftovers
|-damage|p2a: Audino|32/100 brn|[from] brn
|upkeep
|turn|179
|
|t:|1661962544
|switch|p2a: Cofagrigus|Cofagrigus, M|25/100
|-damage|p2a: Cofagrigus|12/100|[from] Stealth Rock
|move|p1a: Regirock|Iron Defense|p1a: Regirock
|-boost|p1a: Regirock|def|2
|
|-heal|p1a: Regirock|99/100|[from] item: Leftovers
|upkeep
|turn|180
|
|t:|1661962547
|move|p1a: Regirock|Rock Blast|p2a: Cofagrigus
|-damage|p2a: Cofagrigus|7/100
|-damage|p2a: Cofagrigus|1/100
|-hitcount|p2a: Cofagrigus|2
|move|p2a: Cofagrigus|Rest|p2a: Cofagrigus
|-status|p2a: Cofagrigus|slp|[from] move: Rest
|-heal|p2a: Cofagrigus|100/100 slp|[silent]
|
|-heal|p1a: Regirock|100/100|[from] item: Leftovers
|upkeep
|turn|181
|
|t:|1661962556
|switch|p1a: Wishiwashi|Wishiwashi, M|61/100
|-damage|p1a: Wishiwashi|48/100|[from] Stealth Rock
|-formechange|p1a: Wishiwashi|Wishiwashi-School||[from] ability: Schooling
|cant|p2a: Cofagrigus|slp
|
|upkeep
|turn|182
|
|t:|1661962563
|switch|p2a: Eldegoss|Eldegoss, F|100/100
|move|p1a: Wishiwashi|Scald|p2a: Eldegoss
|-resisted|p2a: Eldegoss
|-damage|p2a: Eldegoss|85/100
|-status|p2a: Eldegoss|brn
|
|-damage|p2a: Eldegoss|79/100 brn|[from] brn
|upkeep
|turn|183
|
|t:|1661962569
|switch|p1a: Scyther|Scyther, F|43/100 brn
|move|p2a: Eldegoss|Giga Drain|p1a: Scyther
|-resisted|p1a: Scyther
|-damage|p1a: Scyther|36/100 brn
|-heal|p2a: Eldegoss|82/100 brn|[from] drain|[of] p1a: Scyther
|
|-damage|p1a: Scyther|30/100 brn|[from] brn
|-damage|p2a: Eldegoss|76/100 brn|[from] brn
|upkeep
|turn|184
|
|t:|1661962572
|move|p1a: Scyther|Roost|p1a: Scyther
|-heal|p1a: Scyther|80/100 brn
|-singleturn|p1a: Scyther|move: Roost
|move|p2a: Eldegoss|Rapid Spin|p1a: Scyther
|-crit|p1a: Scyther
|-damage|p1a: Scyther|73/100 brn
|-boost|p2a: Eldegoss|spe|1
|-sideend|p2: Kingston9629|Stealth Rock|[from] move: Rapid Spin|[of] p2a: Eldegoss
|
|-damage|p1a: Scyther|67/100 brn|[from] brn
|-damage|p2a: Eldegoss|70/100 brn|[from] brn
|upkeep
|turn|185
|
|t:|1661962575
|switch|p2a: Audino|Audino, M|66/100 brn
|move|p1a: Scyther|U-turn|p2a: Audino
|-damage|p2a: Audino|50/100 brn
|
|t:|1661962581
|switch|p1a: Togedemaru|Togedemaru, M|66/100|[from]move: U-turn
|-damage|p1a: Togedemaru|60/100|[from] Stealth Rock
|
|-damage|p2a: Audino|43/100 brn|[from] brn
|upkeep
|turn|186
|
|t:|1661962585
|move|p1a: Togedemaru|Wish|p1a: Togedemaru
|move|p2a: Audino|Heal Bell|p2a: Audino
|-activate|p2a: Audino|move: Heal Bell
|-curestatus|p2a: Audino|brn|[msg]
|-curestatus|p2: Cofagrigus|slp|[msg]
|-curestatus|p2: Gigalith|brn|[msg]
|-curestatus|p2: Eldegoss|brn|[msg]
|-curestatus|p2: Quagsire|tox|[msg]
|
|upkeep
|turn|187
|
|t:|1661962592
|switch|p2a: Cofagrigus|Cofagrigus, M|100/100
|move|p1a: Togedemaru|U-turn|p2a: Cofagrigus
|-resisted|p2a: Cofagrigus
|-damage|p2a: Cofagrigus|95/100
|-activate|p2a: Cofagrigus|ability: Mummy|Iron Barbs|[of] p1a: Togedemaru
|
|t:|1661962594
|switch|p1a: Wishiwashi|Wishiwashi, M|48/100|[from]move: U-turn
|-damage|p1a: Wishiwashi|36/100|[from] Stealth Rock
|-formechange|p1a: Wishiwashi|Wishiwashi-School||[from] ability: Schooling
|
|-heal|p1a: Wishiwashi|93/100|[from] move: Wish|[wisher] Togedemaru
|upkeep
|turn|188
|
|t:|1661962598
|switch|p2a: Eldegoss|Eldegoss, F|100/100
|move|p1a: Wishiwashi|Scald|p2a: Eldegoss
|-resisted|p2a: Eldegoss
|-damage|p2a: Eldegoss|85/100
|-status|p2a: Eldegoss|brn
|
|-damage|p2a: Eldegoss|79/100 brn|[from] brn
|upkeep
|turn|189
|
|t:|1661962604
|move|p2a: Eldegoss|Leech Seed|p1a: Wishiwashi
|-start|p1a: Wishiwashi|move: Leech Seed
|move|p1a: Wishiwashi|U-turn|p2a: Eldegoss
|-supereffective|p2a: Eldegoss
|-damage|p2a: Eldegoss|45/100 brn
|
|t:|1661962607
|switch|p1a: Scyther|Scyther, F|67/100 brn|[from]move: U-turn
|
|-damage|p1a: Scyther|61/100 brn|[from] brn
|-damage|p2a: Eldegoss|39/100 brn|[from] brn
|upkeep
|turn|190
|
|t:|1661962613
|switch|p2a: Audino|Audino, M|77/100
|move|p1a: Scyther|U-turn|p2a: Audino
|-damage|p2a: Audino|61/100
|
|t:|1661962616
|switch|p1a: Togedemaru|Togedemaru, M|60/100|[from]move: U-turn
|-damage|p1a: Togedemaru|54/100|[from] Stealth Rock
|
|upkeep
|turn|191
|
|t:|1661962620
|switch|p2a: Quagsire|Quagsire, M|71/100
|move|p1a: Togedemaru|Wish|p1a: Togedemaru
|
|upkeep
|turn|192
|
|t:|1661962624
|move|p1a: Togedemaru|U-turn|p2a: Quagsire
|-damage|p2a: Quagsire|60/100
|
|t:|1661962626
|switch|p1a: Wishiwashi|Wishiwashi, M|93/100|[from]move: U-turn
|-damage|p1a: Wishiwashi|81/100|[from] Stealth Rock
|-formechange|p1a: Wishiwashi|Wishiwashi-School||[from] ability: Schooling
|move|p2a: Quagsire|Toxic|p1a: Wishiwashi|[miss]
|-miss|p2a: Quagsire|p1a: Wishiwashi
|
|-heal|p1a: Wishiwashi|100/100|[from] move: Wish|[wisher] Togedemaru
|upkeep
|turn|193
|
|t:|1661962631
|switch|p2a: Eldegoss|Eldegoss, F|72/100 brn
|move|p1a: Wishiwashi|U-turn|p2a: Eldegoss
|-supereffective|p2a: Eldegoss
|-damage|p2a: Eldegoss|38/100 brn
|
|t:|1661962634
|switch|p1a: Scyther|Scyther, F|61/100 brn|[from]move: U-turn
|
|-damage|p1a: Scyther|55/100 brn|[from] brn
|-damage|p2a: Eldegoss|32/100 brn|[from] brn
|upkeep
|turn|194
|
|t:|1661962637
|switch|p2a: Audino|Audino, M|94/100
|move|p1a: Scyther|U-turn|p2a: Audino
|-damage|p2a: Audino|80/100
|
|t:|1661962640
|switch|p1a: Togedemaru|Togedemaru, M|54/100|[from]move: U-turn
|-damage|p1a: Togedemaru|48/100|[from] Stealth Rock
|
|upkeep
|turn|195
|
|t:|1661962642
|switch|p2a: Quagsire|Quagsire, M|60/100
|move|p1a: Togedemaru|Wish|p1a: Togedemaru
|
|upkeep
|turn|196
|
|t:|1661962646
|move|p1a: Togedemaru|Spiky Shield|p1a: Togedemaru
|-singleturn|p1a: Togedemaru|move: Protect
|move|p2a: Quagsire|Recover|p2a: Quagsire
|-heal|p2a: Quagsire|100/100
|
|-heal|p1a: Togedemaru|98/100|[from] move: Wish|[wisher] Togedemaru
|upkeep
|turn|197
|
|t:|1661962649
|move|p1a: Togedemaru|U-turn|p2a: Quagsire
|-damage|p2a: Quagsire|89/100
|
|t:|1661962652
|switch|p1a: Wishiwashi|Wishiwashi, M|100/100|[from]move: U-turn
|-damage|p1a: Wishiwashi|88/100|[from] Stealth Rock
|-formechange|p1a: Wishiwashi|Wishiwashi-School||[from] ability: Schooling
|move|p2a: Quagsire|Earthquake|p1a: Wishiwashi
|-damage|p1a: Wishiwashi|68/100
|
|upkeep
|turn|198
|
|t:|1661962655
|switch|p2a: Audino|Audino, M|100/100
|move|p1a: Wishiwashi|U-turn|p2a: Audino
|-damage|p2a: Audino|80/100
|
|t:|1661962658
|switch|p1a: Togedemaru|Togedemaru, M|98/100|[from]move: U-turn
|-damage|p1a: Togedemaru|92/100|[from] Stealth Rock
|
|upkeep
|turn|199
|
|t:|1661962660
|switch|p2a: Cofagrigus|Cofagrigus, M|95/100
|move|p1a: Togedemaru|Iron Head|p2a: Cofagrigus
|-damage|p2a: Cofagrigus|78/100
|-activate|p2a: Cofagrigus|ability: Mummy|Iron Barbs|[of] p1a: Togedemaru
|
|upkeep
|turn|200
|
|t:|1661962666
|move|p1a: Togedemaru|U-turn|p2a: Cofagrigus
|-resisted|p2a: Cofagrigus
|-damage|p2a: Cofagrigus|74/100
|
|t:|1661962668
|switch|p1a: Wishiwashi|Wishiwashi, M|68/100|[from]move: U-turn
|-damage|p1a: Wishiwashi|55/100|[from] Stealth Rock
|-formechange|p1a: Wishiwashi|Wishiwashi-School||[from] ability: Schooling
|move|p2a: Cofagrigus|Body Press|p1a: Wishiwashi
|-damage|p1a: Wishiwashi|34/100
|
|upkeep
|turn|201
|
|t:|1661962674
|switch|p2a: Eldegoss|Eldegoss, F|66/100 brn
|move|p1a: Wishiwashi|Rest|p1a: Wishiwashi
|-status|p1a: Wishiwashi|slp|[from] move: Rest
|-heal|p1a: Wishiwashi|100/100 slp|[silent]
|
|-damage|p2a: Eldegoss|59/100 brn|[from] brn
|upkeep
|turn|202
|
|t:|1661962678
|switch|p1a: Togedemaru|Togedemaru, M|92/100
|-damage|p1a: Togedemaru|86/100|[from] Stealth Rock
|move|p2a: Eldegoss|Leech Seed|p1a: Togedemaru
|-start|p1a: Togedemaru|move: Leech Seed
|
|-damage|p1a: Togedemaru|74/100|[from] Leech Seed|[of] p2a: Eldegoss
|-heal|p2a: Eldegoss|72/100 brn|[silent]
|-damage|p2a: Eldegoss|66/100 brn|[from] brn
|upkeep
|turn|203
|
|t:|1661962680
|switch|p2a: Cofagrigus|Cofagrigus, M|74/100
|move|p1a: Togedemaru|U-turn|p2a: Cofagrigus
|-resisted|p2a: Cofagrigus
|-damage|p2a: Cofagrigus|69/100
|-activate|p2a: Cofagrigus|ability: Mummy|Iron Barbs|[of] p1a: Togedemaru
|
|t:|1661962682
|switch|p1a: Wishiwashi|Wishiwashi, M|100/100 slp|[from]move: U-turn
|-damage|p1a: Wishiwashi|88/100 slp|[from] Stealth Rock
|-formechange|p1a: Wishiwashi|Wishiwashi-School||[from] ability: Schooling
|
|upkeep
|turn|204
|
|t:|1661962686
|switch|p2a: Eldegoss|Eldegoss, F|99/100 brn
|cant|p1a: Wishiwashi|slp
|move|p1a: Wishiwashi|Sleep Talk|p1a: Wishiwashi
|move|p1a: Wishiwashi|U-turn|p2a: Eldegoss|[from]move: Sleep Talk
|-supereffective|p2a: Eldegoss
|-damage|p2a: Eldegoss|67/100 brn
|
|t:|1661962689
|switch|p1a: Scyther|Scyther, F|55/100 brn|[from]move: U-turn
|
|-damage|p1a: Scyther|49/100 brn|[from] brn
|-damage|p2a: Eldegoss|60/100 brn|[from] brn
|upkeep
|turn|205
|
|t:|1661962693
|switch|p2a: Audino|Audino, M|100/100
|move|p1a: Scyther|U-turn|p2a: Audino
|-damage|p2a: Audino|86/100
|
|t:|1661962695
|switch|p1a: Togedemaru|Togedemaru, M|74/100|[from]move: U-turn
|-damage|p1a: Togedemaru|68/100|[from] Stealth Rock
|
|upkeep
|turn|206
|
|t:|1661962697
|switch|p2a: Cofagrigus|Cofagrigus, M|69/100
|move|p1a: Togedemaru|Wish|p1a: Togedemaru
|
|upkeep
|turn|207
|
|t:|1661962703
|move|p1a: Togedemaru|U-turn|p2a: Cofagrigus
|-resisted|p2a: Cofagrigus
|-damage|p2a: Cofagrigus|65/100
|-activate|p2a: Cofagrigus|ability: Mummy|Iron Barbs|[of] p1a: Togedemaru
|
|t:|1661962705
|switch|p1a: Wishiwashi|Wishiwashi, M|88/100 slp|[from]move: U-turn
|-damage|p1a: Wishiwashi|76/100 slp|[from] Stealth Rock
|-formechange|p1a: Wishiwashi|Wishiwashi-School||[from] ability: Schooling
|move|p2a: Cofagrigus|Toxic Spikes|p1a: Wishiwashi
|-sidestart|p1: PULT4S3 Prod|move: Toxic Spikes
|
|-heal|p1a: Wishiwashi|100/100 slp|[from] move: Wish|[wisher] Togedemaru
|upkeep
|turn|208
|
|t:|1661962712
|switch|p2a: Eldegoss|Eldegoss, F|94/100 brn
|cant|p1a: Wishiwashi|slp
|move|p1a: Wishiwashi|Sleep Talk|p1a: Wishiwashi
|move|p1a: Wishiwashi|Scald|p2a: Eldegoss|[from]move: Sleep Talk
|-resisted|p2a: Eldegoss
|-damage|p2a: Eldegoss|76/100 brn
|
|-damage|p2a: Eldegoss|70/100 brn|[from] brn
|upkeep
|turn|209
|
|t:|1661962716
|move|p2a: Eldegoss|Rapid Spin|p1a: Wishiwashi
|-damage|p1a: Wishiwashi|98/100 slp
|-boost|p2a: Eldegoss|spe|1
|-curestatus|p1a: Wishiwashi|slp|[msg]
|move|p1a: Wishiwashi|U-turn|p2a: Eldegoss
|-supereffective|p2a: Eldegoss
|-damage|p2a: Eldegoss|34/100 brn
|
|t:|1661962718
|switch|p1a: Scyther|Scyther, F|49/100 brn|[from]move: U-turn
|
|-damage|p1a: Scyther|43/100 brn|[from] brn
|-damage|p2a: Eldegoss|27/100 brn|[from] brn
|upkeep
|turn|210
|
|t:|1661962721
|switch|p2a: Audino|Audino, M|100/100
|move|p1a: Scyther|Knock Off|p2a: Audino
|-crit|p2a: Audino
|-damage|p2a: Audino|80/100
|-enditem|p2a: Audino|Heavy-Duty Boots|[from] move: Knock Off|[of] p1a: Scyther
|
|-damage|p1a: Scyther|37/100 brn|[from] brn
|upkeep
|turn|211
|
|t:|1661962725
|move|p1a: Scyther|U-turn|p2a: Audino
|-damage|p2a: Audino|66/100
|
|t:|1661962727
|switch|p1a: Wishiwashi|Wishiwashi, M|98/100|[from]move: U-turn
|-damage|p1a: Wishiwashi|86/100|[from] Stealth Rock
|-status|p1a: Wishiwashi|psn
|-formechange|p1a: Wishiwashi|Wishiwashi-School||[from] ability: Schooling
|move|p2a: Audino|Knock Off|p1a: Wishiwashi
|-damage|p1a: Wishiwashi|79/100 psn
|
|-damage|p1a: Wishiwashi|67/100 psn|[from] psn
|upkeep
|turn|212
|
|t:|1661962733
|move|p2a: Audino|Wish|p2a: Audino
|move|p1a: Wishiwashi|Rest|p1a: Wishiwashi
|-status|p1a: Wishiwashi|slp|[from] move: Rest
|-heal|p1a: Wishiwashi|100/100 slp|[silent]
|
|upkeep
|turn|213
|
|t:|1661962737
|switch|p2a: Eldegoss|Eldegoss, F|61/100 brn
|cant|p1a: Wishiwashi|slp
|move|p1a: Wishiwashi|Sleep Talk|p1a: Wishiwashi
|move|p1a: Wishiwashi|Rest||[from]move: Sleep Talk|[still]
|-fail|p1a: Wishiwashi
|
|-heal|p2a: Eldegoss|100/100 brn|[from] move: Wish|[wisher] Audino
|-damage|p2a: Eldegoss|94/100 brn|[from] brn
|upkeep
|turn|214
|
|t:|1661962741
|move|p2a: Eldegoss|Giga Drain|p1a: Wishiwashi
|-supereffective|p1a: Wishiwashi
|-damage|p1a: Wishiwashi|65/100 slp
|-heal|p2a: Eldegoss|100/100 brn|[from] drain|[of] p1a: Wishiwashi
|cant|p1a: Wishiwashi|slp
|move|p1a: Wishiwashi|Sleep Talk|p1a: Wishiwashi
|move|p1a: Wishiwashi|U-turn|p2a: Eldegoss|[from]move: Sleep Talk
|-supereffective|p2a: Eldegoss
|-damage|p2a: Eldegoss|67/100 brn
|
|t:|1661962744
|switch|p1a: Scyther|Scyther, F|37/100 brn|[from]move: U-turn
|
|-damage|p1a: Scyther|31/100 brn|[from] brn
|-damage|p2a: Eldegoss|61/100 brn|[from] brn
|upkeep
|turn|215
|inactive|Kingston9629 has 120 seconds left.
|inactive|Kingston9629 has 90 seconds left.
|inactive|Kingston9629 has 60 seconds left.
|
|t:|1661962859
|switch|p2a: Audino|Audino, M|99/100
|move|p1a: Scyther|Roost|p1a: Scyther
|-heal|p1a: Scyther|81/100 brn
|-singleturn|p1a: Scyther|move: Roost
|
|-damage|p1a: Scyther|75/100 brn|[from] brn
|upkeep
|turn|216
|
|t:|1661962863
|move|p1a: Scyther|U-turn|p2a: Audino
|-crit|p2a: Audino
|-damage|p2a: Audino|77/100
|
|t:|1661962867
|switch|p1a: Togedemaru|Togedemaru, M|68/100|[from]move: U-turn
|-damage|p1a: Togedemaru|62/100|[from] Stealth Rock
|move|p2a: Audino|Knock Off|p1a: Togedemaru
|-damage|p1a: Togedemaru|48/100
|-damage|p2a: Audino|64/100|[from] ability: Iron Barbs|[of] p1a: Togedemaru
|
|upkeep
|turn|217
|
|t:|1661962870
|switch|p2a: Cofagrigus|Cofagrigus, M|65/100
|move|p1a: Togedemaru|Wish|p1a: Togedemaru
|
|upkeep
|turn|218
|
|t:|1661962874
|move|p1a: Togedemaru|U-turn|p2a: Cofagrigus
|-resisted|p2a: Cofagrigus
|-damage|p2a: Cofagrigus|60/100
|-activate|p2a: Cofagrigus|ability: Mummy|Iron Barbs|[of] p1a: Togedemaru
|l| Haffling
|
|t:|1661962876
|switch|p1a: Wishiwashi|Wishiwashi, M|65/100 slp|[from]move: U-turn
|-damage|p1a: Wishiwashi|53/100 slp|[from] Stealth Rock
|-formechange|p1a: Wishiwashi|Wishiwashi-School||[from] ability: Schooling
|move|p2a: Cofagrigus|Toxic Spikes|p1a: Wishiwashi
|-sidestart|p1: PULT4S3 Prod|move: Toxic Spikes
|
|-heal|p1a: Wishiwashi|100/100 slp|[from] move: Wish|[wisher] Togedemaru
|upkeep
|turn|219
|
|t:|1661962880
|switch|p2a: Eldegoss|Eldegoss, F|94/100 brn
|-curestatus|p1a: Wishiwashi|slp|[msg]
|move|p1a: Wishiwashi|Scald|p2a: Eldegoss
|-resisted|p2a: Eldegoss
|-damage|p2a: Eldegoss|78/100 brn
|
|-damage|p2a: Eldegoss|72/100 brn|[from] brn
|upkeep
|turn|220
|
|t:|1661962884
|switch|p2a: Audino|Audino, M|97/100
|move|p1a: Wishiwashi|U-turn|p2a: Audino
|-damage|p2a: Audino|77/100
|
|t:|1661962886
|switch|p1a: Togedemaru|Togedemaru, M|48/100|[from]move: U-turn
|-damage|p1a: Togedemaru|42/100|[from] Stealth Rock
|
|upkeep
|turn|221
|
|t:|1661962891
|switch|p2a: Cofagrigus|Cofagrigus, M|60/100
|move|p1a: Togedemaru|U-turn|p2a: Cofagrigus
|-resisted|p2a: Cofagrigus
|-damage|p2a: Cofagrigus|56/100
|-activate|p2a: Cofagrigus|ability: Mummy|Iron Barbs|[of] p1a: Togedemaru
|
|t:|1661962893
|switch|p1a: Wishiwashi|Wishiwashi, M|100/100|[from]move: U-turn
|-damage|p1a: Wishiwashi|88/100|[from] Stealth Rock
|-status|p1a: Wishiwashi|tox
|-formechange|p1a: Wishiwashi|Wishiwashi-School||[from] ability: Schooling
|
|-damage|p1a: Wishiwashi|82/100 tox|[from] psn
|upkeep
|turn|222
|
|t:|1661962900
|switch|p2a: Audino|Audino, M|100/100
|move|p1a: Wishiwashi|U-turn|p2a: Audino
|-crit|p2a: Audino
|-damage|p2a: Audino|73/100
|
|t:|1661962902
|switch|p1a: Togedemaru|Togedemaru, M|42/100|[from]move: U-turn
|-damage|p1a: Togedemaru|36/100|[from] Stealth Rock
|
|upkeep
|turn|223
|
|t:|1661962908
|switch|p2a: Cofagrigus|Cofagrigus, M|56/100
|move|p1a: Togedemaru|Iron Head|p2a: Cofagrigus
|-damage|p2a: Cofagrigus|40/100
|-activate|p2a: Cofagrigus|ability: Mummy|Iron Barbs|[of] p1a: Togedemaru
|
|upkeep
|turn|224
|
|t:|1661962914
|move|p1a: Togedemaru|U-turn|p2a: Cofagrigus
|-resisted|p2a: Cofagrigus
|-damage|p2a: Cofagrigus|35/100
|
|t:|1661962916
|switch|p1a: Sandaconda|Sandaconda, F|100/100|[from]move: U-turn
|-damage|p1a: Sandaconda|94/100|[from] Stealth Rock
|-status|p1a: Sandaconda|tox
|move|p2a: Cofagrigus|Rest|p2a: Cofagrigus
|-status|p2a: Cofagrigus|slp|[from] move: Rest
|-heal|p2a: Cofagrigus|100/100 slp|[silent]
|
|-heal|p1a: Sandaconda|100/100 tox|[from] item: Leftovers
|-damage|p1a: Sandaconda|94/100 tox|[from] psn
|upkeep
|turn|225
|
|t:|1661962924
|switch|p2a: Eldegoss|Eldegoss, F|100/100 brn
|move|p1a: Sandaconda|Coil|p1a: Sandaconda
|-boost|p1a: Sandaconda|atk|1
|-boost|p1a: Sandaconda|def|1
|-boost|p1a: Sandaconda|accuracy|1
|
|-heal|p1a: Sandaconda|100/100 tox|[from] item: Leftovers
|-damage|p1a: Sandaconda|88/100 tox|[from] psn
|-damage|p2a: Eldegoss|94/100 brn|[from] brn
|upkeep
|turn|226
|
|t:|1661962927
|move|p1a: Sandaconda|Stone Edge|p2a: Eldegoss
|-damage|p2a: Eldegoss|66/100 brn
|move|p2a: Eldegoss|Giga Drain|p1a: Sandaconda
|-supereffective|p1a: Sandaconda
|-damage|p1a: Sandaconda|47/100 tox
|-heal|p2a: Eldegoss|88/100 brn|[from] drain|[of] p1a: Sandaconda
|
|-activate|p1a: Sandaconda|ability: Shed Skin
|-curestatus|p1a: Sandaconda|tox|[msg]
|-heal|p1a: Sandaconda|53/100|[from] item: Leftovers
|-damage|p2a: Eldegoss|82/100 brn|[from] brn
|upkeep
|turn|227
|
|t:|1661962935
|move|p1a: Sandaconda|Coil|p1a: Sandaconda
|-boost|p1a: Sandaconda|atk|1
|-boost|p1a: Sandaconda|def|1
|-boost|p1a: Sandaconda|accuracy|1
|move|p2a: Eldegoss|Giga Drain|p1a: Sandaconda
|-supereffective|p1a: Sandaconda
|-damage|p1a: Sandaconda|7/100
|-heal|p2a: Eldegoss|100/100 brn|[from] drain|[of] p1a: Sandaconda
|
|-heal|p1a: Sandaconda|13/100|[from] item: Leftovers
|-damage|p2a: Eldegoss|94/100 brn|[from] brn
|upkeep
|turn|228
|
|t:|1661962938
|move|p1a: Sandaconda|Rest|p1a: Sandaconda
|-status|p1a: Sandaconda|slp|[from] move: Rest
|-heal|p1a: Sandaconda|100/100 slp|[silent]
|move|p2a: Eldegoss|Leech Seed|p1a: Sandaconda
|-start|p1a: Sandaconda|move: Leech Seed
|
|-damage|p1a: Sandaconda|88/100 slp|[from] Leech Seed|[of] p2a: Eldegoss
|-heal|p2a: Eldegoss|100/100 brn|[silent]
|-damage|p2a: Eldegoss|94/100 brn|[from] brn
|upkeep
|turn|229
|
|t:|1661962943
|switch|p1a: Scyther|Scyther, F|75/100 brn
|move|p2a: Eldegoss|Giga Drain|p1a: Scyther
|-resisted|p1a: Scyther
|-damage|p1a: Scyther|67/100 brn
|-heal|p2a: Eldegoss|98/100 brn|[from] drain|[of] p1a: Scyther
|
|-damage|p1a: Scyther|61/100 brn|[from] brn
|-damage|p2a: Eldegoss|92/100 brn|[from] brn
|upkeep
|turn|230
|
|t:|1661962949
|switch|p1a: Sandaconda|Sandaconda, F|88/100 slp
|-damage|p1a: Sandaconda|82/100 slp|[from] Stealth Rock
|switch|p2a: Cofagrigus|Cofagrigus, M|100/100 slp
|
|-heal|p1a: Sandaconda|88/100 slp|[from] item: Leftovers
|upkeep
|turn|231
|
|t:|1661962952
|cant|p1a: Sandaconda|slp
|cant|p2a: Cofagrigus|slp
|
|-heal|p1a: Sandaconda|94/100 slp|[from] item: Leftovers
|upkeep
|turn|232
|
|t:|1661962954
|cant|p1a: Sandaconda|slp
|cant|p2a: Cofagrigus|slp
|
|-heal|p1a: Sandaconda|99/100 slp|[from] item: Leftovers
|upkeep
|turn|233
|
|t:|1661962956
|-curestatus|p1a: Sandaconda|slp|[msg]
|move|p1a: Sandaconda|Coil|p1a: Sandaconda
|-boost|p1a: Sandaconda|atk|1
|-boost|p1a: Sandaconda|def|1
|-boost|p1a: Sandaconda|accuracy|1
|-curestatus|p2a: Cofagrigus|slp|[msg]
|move|p2a: Cofagrigus|Iron Defense|p2a: Cofagrigus
|-boost|p2a: Cofagrigus|def|2
|
|-heal|p1a: Sandaconda|100/100|[from] item: Leftovers
|upkeep
|turn|234
|
|t:|1661962958
|move|p1a: Sandaconda|Coil|p1a: Sandaconda
|-boost|p1a: Sandaconda|atk|1
|-boost|p1a: Sandaconda|def|1
|-boost|p1a: Sandaconda|accuracy|1
|move|p2a: Cofagrigus|Iron Defense|p2a: Cofagrigus
|-boost|p2a: Cofagrigus|def|2
|
|upkeep
|turn|235
|
|t:|1661962961
|move|p1a: Sandaconda|Coil|p1a: Sandaconda
|-boost|p1a: Sandaconda|atk|1
|-boost|p1a: Sandaconda|def|1
|-boost|p1a: Sandaconda|accuracy|1
|move|p2a: Cofagrigus|Iron Defense|p2a: Cofagrigus
|-boost|p2a: Cofagrigus|def|2
|
|upkeep
|turn|236
|
|t:|1661962963
|move|p1a: Sandaconda|Coil|p1a: Sandaconda
|-boost|p1a: Sandaconda|atk|1
|-boost|p1a: Sandaconda|def|1
|-boost|p1a: Sandaconda|accuracy|1
|move|p2a: Cofagrigus|Body Press|p1a: Sandaconda
|-damage|p1a: Sandaconda|71/100
|
|-heal|p1a: Sandaconda|77/100|[from] item: Leftovers
|upkeep
|turn|237
|
|t:|1661962965
|move|p1a: Sandaconda|Coil|p1a: Sandaconda
|-boost|p1a: Sandaconda|atk|1
|-boost|p1a: Sandaconda|def|1
|-boost|p1a: Sandaconda|accuracy|1
|move|p2a: Cofagrigus|Body Press|p1a: Sandaconda
|-damage|p1a: Sandaconda|52/100
|
|-heal|p1a: Sandaconda|58/100|[from] item: Leftovers
|upkeep
|turn|238
|
|t:|1661962967
|move|p1a: Sandaconda|Coil|p1a: Sandaconda
|-boost|p1a: Sandaconda|atk|1
|-boost|p1a: Sandaconda|def|1
|-boost|p1a: Sandaconda|accuracy|1
|move|p2a: Cofagrigus|Body Press|p1a: Sandaconda
|-damage|p1a: Sandaconda|34/100
|
|-heal|p1a: Sandaconda|40/100|[from] item: Leftovers
|upkeep
|turn|239
|
|t:|1661962969
|move|p1a: Sandaconda|Rest|p1a: Sandaconda
|-status|p1a: Sandaconda|slp|[from] move: Rest
|-heal|p1a: Sandaconda|100/100 slp|[silent]
|move|p2a: Cofagrigus|Body Press|p1a: Sandaconda
|-damage|p1a: Sandaconda|75/100 slp
|
|-activate|p1a: Sandaconda|ability: Shed Skin
|-curestatus|p1a: Sandaconda|slp|[msg]
|-heal|p1a: Sandaconda|81/100|[from] item: Leftovers
|upkeep
|turn|240
|
|t:|1661962971
|move|p1a: Sandaconda|Stone Edge|p2a: Cofagrigus
|-damage|p2a: Cofagrigus|86/100
|move|p2a: Cofagrigus|Body Press|p1a: Sandaconda
|-damage|p1a: Sandaconda|57/100
|
|-heal|p1a: Sandaconda|63/100|[from] item: Leftovers
|upkeep
|turn|241
|
|t:|1661962974
|move|p1a: Sandaconda|Earthquake|p2a: Cofagrigus
|-damage|p2a: Cofagrigus|64/100
|move|p2a: Cofagrigus|Body Press|p1a: Sandaconda
|-damage|p1a: Sandaconda|40/100
|
|-heal|p1a: Sandaconda|46/100|[from] item: Leftovers
|upkeep
|turn|242
|
|t:|1661962976
|move|p1a: Sandaconda|Rest|p1a: Sandaconda
|-status|p1a: Sandaconda|slp|[from] move: Rest
|-heal|p1a: Sandaconda|100/100 slp|[silent]
|move|p2a: Cofagrigus|Body Press|p1a: Sandaconda
|-damage|p1a: Sandaconda|74/100 slp
|
|-heal|p1a: Sandaconda|80/100 slp|[from] item: Leftovers
|upkeep
|turn|243
|
|t:|1661962979
|cant|p1a: Sandaconda|slp
|move|p2a: Cofagrigus|Body Press|p1a: Sandaconda
|-damage|p1a: Sandaconda|54/100 slp
|
|-heal|p1a: Sandaconda|60/100 slp|[from] item: Leftovers
|upkeep
|turn|244
|
|t:|1661962982
|cant|p1a: Sandaconda|slp
|move|p2a: Cofagrigus|Body Press|p1a: Sandaconda
|-damage|p1a: Sandaconda|36/100 slp
|
|-heal|p1a: Sandaconda|42/100 slp|[from] item: Leftovers
|upkeep
|turn|245
|
|t:|1661962984
|-curestatus|p1a: Sandaconda|slp|[msg]
|move|p1a: Sandaconda|Rest|p1a: Sandaconda
|-status|p1a: Sandaconda|slp|[from] move: Rest
|-heal|p1a: Sandaconda|100/100 slp|[silent]
|move|p2a: Cofagrigus|Body Press|p1a: Sandaconda
|-damage|p1a: Sandaconda|75/100 slp
|
|-heal|p1a: Sandaconda|81/100 slp|[from] item: Leftovers
|upkeep
|turn|246
|
|t:|1661962990
|cant|p1a: Sandaconda|slp
|move|p2a: Cofagrigus|Toxic Spikes||[still]
|-fail|p2a: Cofagrigus
|
|-heal|p1a: Sandaconda|87/100 slp|[from] item: Leftovers
|upkeep
|turn|247
|
|t:|1661962993
|cant|p1a: Sandaconda|slp
|move|p2a: Cofagrigus|Toxic Spikes||[still]
|-fail|p2a: Cofagrigus
|
|-heal|p1a: Sandaconda|93/100 slp|[from] item: Leftovers
|upkeep
|turn|248
|
|t:|1661962996
|-curestatus|p1a: Sandaconda|slp|[msg]
|move|p1a: Sandaconda|Earthquake|p2a: Cofagrigus
|-damage|p2a: Cofagrigus|42/100
|move|p2a: Cofagrigus|Toxic Spikes||[still]
|-fail|p2a: Cofagrigus
|
|-heal|p1a: Sandaconda|99/100|[from] item: Leftovers
|upkeep
|turn|249
|
|t:|1661963001
|move|p1a: Sandaconda|Stone Edge|p2a: Cofagrigus
|-damage|p2a: Cofagrigus|27/100
|move|p2a: Cofagrigus|Rest|p2a: Cofagrigus
|-status|p2a: Cofagrigus|slp|[from] move: Rest
|-heal|p2a: Cofagrigus|100/100 slp|[silent]
|
|-heal|p1a: Sandaconda|100/100|[from] item: Leftovers
|upkeep
|turn|250
|
|t:|1661963010
|move|p1a: Sandaconda|Coil|p1a: Sandaconda
|-boost|p1a: Sandaconda|atk|0
|-boost|p1a: Sandaconda|def|0
|-boost|p1a: Sandaconda|accuracy|0
|cant|p2a: Cofagrigus|slp
|
|upkeep
|turn|251
|
|t:|1661963016
|move|p1a: Sandaconda|Coil|p1a: Sandaconda
|-boost|p1a: Sandaconda|atk|0
|-boost|p1a: Sandaconda|def|0
|-boost|p1a: Sandaconda|accuracy|0
|cant|p2a: Cofagrigus|slp
|
|upkeep
|turn|252
|
|t:|1661963019
|move|p1a: Sandaconda|Earthquake|p2a: Cofagrigus
|-damage|p2a: Cofagrigus|80/100 slp
|-curestatus|p2a: Cofagrigus|slp|[msg]
|move|p2a: Cofagrigus|Toxic Spikes||[still]
|-fail|p2a: Cofagrigus
|
|upkeep
|turn|253
|
|t:|1661963021
|move|p1a: Sandaconda|Earthquake|p2a: Cofagrigus
|-damage|p2a: Cofagrigus|57/100
|move|p2a: Cofagrigus|Toxic Spikes||[still]
|-fail|p2a: Cofagrigus
|
|upkeep
|turn|254
|
|t:|1661963023
|move|p1a: Sandaconda|Earthquake|p2a: Cofagrigus
|-damage|p2a: Cofagrigus|34/100
|move|p2a: Cofagrigus|Iron Defense|p2a: Cofagrigus
|-boost|p2a: Cofagrigus|def|0
|
|upkeep
|turn|255
|
|t:|1661963026
|move|p1a: Sandaconda|Stone Edge|p2a: Cofagrigus
|-damage|p2a: Cofagrigus|19/100
|move|p2a: Cofagrigus|Rest|p2a: Cofagrigus
|-status|p2a: Cofagrigus|slp|[from] move: Rest
|-heal|p2a: Cofagrigus|100/100 slp|[silent]
|
|upkeep
|turn|256
|
|t:|1661963030
|move|p1a: Sandaconda|Earthquake|p2a: Cofagrigus
|-damage|p2a: Cofagrigus|80/100 slp
|cant|p2a: Cofagrigus|slp
|
|upkeep
|turn|257
|inactive|Kingston9629 has 120 seconds left.
|
|t:|1661963038
|move|p1a: Sandaconda|Earthquake|p2a: Cofagrigus
|-damage|p2a: Cofagrigus|56/100 slp
|cant|p2a: Cofagrigus|slp
|
|upkeep
|turn|258
|
|t:|1661963040
|move|p1a: Sandaconda|Earthquake|p2a: Cofagrigus
|-damage|p2a: Cofagrigus|36/100 slp
|-curestatus|p2a: Cofagrigus|slp|[msg]
|move|p2a: Cofagrigus|Toxic Spikes||[still]
|-fail|p2a: Cofagrigus
|
|upkeep
|turn|259
|j| Haffling
|inactive|Kingston9629 has 120 seconds left.
|
|t:|1661963059
|move|p1a: Sandaconda|Stone Edge|p2a: Cofagrigus
|-crit|p2a: Cofagrigus
|-damage|p2a: Cofagrigus|0 fnt
|faint|p2a: Cofagrigus
|
|upkeep
|
|t:|1661963064
|switch|p2a: Quagsire|Quagsire, M|89/100
|turn|260
|
|t:|1661963069
|switch|p1a: Wishiwashi|Wishiwashi, M|82/100 tox
|-damage|p1a: Wishiwashi|70/100 tox|[from] Stealth Rock
|-formechange|p1a: Wishiwashi|Wishiwashi-School||[from] ability: Schooling
|move|p2a: Quagsire|Toxic|p1a: Wishiwashi
|-fail|p1a: Wishiwashi|tox
|
|-damage|p1a: Wishiwashi|64/100 tox|[from] psn
|upkeep
|turn|261
|
|t:|1661963075
|switch|p2a: Audino|Audino, M|100/100
|move|p1a: Wishiwashi|U-turn|p2a: Audino
|-damage|p2a: Audino|80/100
|
|t:|1661963077
|switch|p1a: Togedemaru|Togedemaru, M|36/100|[from]move: U-turn
|-damage|p1a: Togedemaru|30/100|[from] Stealth Rock
|
|upkeep
|turn|262
|
|t:|1661963087
|move|p1a: Togedemaru|Wish|p1a: Togedemaru
|move|p2a: Audino|Wish|p2a: Audino
|
|upkeep
|turn|263
|
|t:|1661963091
|move|p1a: Togedemaru|Iron Head|p2a: Audino
|-damage|p2a: Audino|57/100
|move|p2a: Audino|Knock Off|p1a: Togedemaru
|-damage|p1a: Togedemaru|15/100
|-damage|p2a: Audino|44/100|[from] ability: Iron Barbs|[of] p1a: Togedemaru
|
|-heal|p2a: Audino|94/100|[from] move: Wish|[wisher] Audino
|-heal|p1a: Togedemaru|65/100|[from] move: Wish|[wisher] Togedemaru
|upkeep
|turn|264
|
|t:|1661963096
|switch|p2a: Quagsire|Quagsire, M|89/100
|move|p1a: Togedemaru|Iron Head|p2a: Quagsire
|-resisted|p2a: Quagsire
|-damage|p2a: Quagsire|81/100
|
|upkeep
|turn|265
|
|t:|1661963107
|move|p1a: Togedemaru|U-turn|p2a: Quagsire
|-damage|p2a: Quagsire|69/100
|
|t:|1661963112
|switch|p1a: Wishiwashi|Wishiwashi, M|64/100 tox|[from]move: U-turn
|-damage|p1a: Wishiwashi|51/100 tox|[from] Stealth Rock
|-formechange|p1a: Wishiwashi|Wishiwashi-School||[from] ability: Schooling
|move|p2a: Quagsire|Earthquake|p1a: Wishiwashi
|-damage|p1a: Wishiwashi|28/100 tox
|
|-damage|p1a: Wishiwashi|22/100 tox|[from] psn
|-formechange|p1a: Wishiwashi|Wishiwashi||[from] ability: Schooling
|upkeep
|turn|266
|
|t:|1661963131
|switch|p2a: Eldegoss|Eldegoss, F|100/100 brn
|move|p1a: Wishiwashi|Rest|p1a: Wishiwashi
|-status|p1a: Wishiwashi|slp|[from] move: Rest
|-heal|p1a: Wishiwashi|100/100 slp|[silent]
|
|-damage|p2a: Eldegoss|94/100 brn|[from] brn
|-formechange|p1a: Wishiwashi|Wishiwashi-School||[from] ability: Schooling
|upkeep
|turn|267
|
|t:|1661963135
|switch|p1a: Sandaconda|Sandaconda, F|100/100
|-damage|p1a: Sandaconda|94/100|[from] Stealth Rock
|-status|p1a: Sandaconda|tox
|move|p2a: Eldegoss|Rapid Spin|p1a: Sandaconda
|-damage|p1a: Sandaconda|92/100 tox
|-boost|p2a: Eldegoss|spe|1
|
|-heal|p1a: Sandaconda|98/100 tox|[from] item: Leftovers
|-damage|p1a: Sandaconda|92/100 tox|[from] psn
|-damage|p2a: Eldegoss|88/100 brn|[from] brn
|upkeep
|turn|268
|
|t:|1661963141
|switch|p1a: Scyther|Scyther, F|61/100 brn
|move|p2a: Eldegoss|Giga Drain|p1a: Scyther
|-resisted|p1a: Scyther
|-damage|p1a: Scyther|54/100 brn
|-heal|p2a: Eldegoss|92/100 brn|[from] drain|[of] p1a: Scyther
|
|-damage|p1a: Scyther|47/100 brn|[from] brn
|-damage|p2a: Eldegoss|85/100 brn|[from] brn
|upkeep
|turn|269
|
|t:|1661963145
|switch|p1a: Sandaconda|Sandaconda, F|92/100 tox
|-damage|p1a: Sandaconda|86/100 tox|[from] Stealth Rock
|move|p2a: Eldegoss|Rapid Spin|p1a: Sandaconda
|-damage|p1a: Sandaconda|84/100 tox
|-boost|p2a: Eldegoss|spe|1
|
|-activate|p1a: Sandaconda|ability: Shed Skin
|-curestatus|p1a: Sandaconda|tox|[msg]
|-heal|p1a: Sandaconda|90/100|[from] item: Leftovers
|-damage|p2a: Eldegoss|79/100 brn|[from] brn
|upkeep
|turn|270
|
|t:|1661963153
|switch|p2a: Audino|Audino, M|100/100
|move|p1a: Sandaconda|Coil|p1a: Sandaconda
|-boost|p1a: Sandaconda|atk|1
|-boost|p1a: Sandaconda|def|1
|-boost|p1a: Sandaconda|accuracy|1
|
|-heal|p1a: Sandaconda|96/100|[from] item: Leftovers
|upkeep
|turn|271
|
|t:|1661963157
|switch|p1a: Wishiwashi|Wishiwashi, M|100/100 slp
|-damage|p1a: Wishiwashi|88/100 slp|[from] Stealth Rock
|-formechange|p1a: Wishiwashi|Wishiwashi-School||[from] ability: Schooling
|move|p2a: Audino|Knock Off|p1a: Wishiwashi
|-damage|p1a: Wishiwashi|82/100 slp
|
|upkeep
|turn|272
|
|t:|1661963162
|move|p2a: Audino|Wish|p2a: Audino
|cant|p1a: Wishiwashi|slp
|
|upkeep
|turn|273
|inactive|Kingston9629 has 90 seconds left.
|
|t:|1661963179
|move|p2a: Audino|Knock Off|p1a: Wishiwashi
|-damage|p1a: Wishiwashi|75/100 slp
|cant|p1a: Wishiwashi|slp
|move|p1a: Wishiwashi|Sleep Talk|p1a: Wishiwashi
|move|p1a: Wishiwashi|Rest||[from]move: Sleep Talk|[still]
|-fail|p1a: Wishiwashi
|
|upkeep
|turn|274
|
|t:|1661963183
|move|p2a: Audino|Knock Off|p1a: Wishiwashi
|-damage|p1a: Wishiwashi|68/100 slp
|-curestatus|p1a: Wishiwashi|slp|[msg]
|move|p1a: Wishiwashi|Scald|p2a: Audino
|-damage|p2a: Audino|76/100
|
|upkeep
|turn|275
|
|t:|1661963186
|switch|p2a: Eldegoss|Eldegoss, F|100/100 brn
|move|p1a: Wishiwashi|Scald|p2a: Eldegoss
|-resisted|p2a: Eldegoss
|-damage|p2a: Eldegoss|83/100 brn
|
|-damage|p2a: Eldegoss|77/100 brn|[from] brn
|upkeep
|turn|276
|
|t:|1661963189
|switch|p2a: Audino|Audino, M|100/100
|move|p1a: Wishiwashi|Rest|p1a: Wishiwashi
|-status|p1a: Wishiwashi|slp|[from] move: Rest
|-heal|p1a: Wishiwashi|100/100 slp|[silent]
|
|upkeep
|turn|277
|
|t:|1661963196
|switch|p2a: Eldegoss|Eldegoss, F|100/100 brn
|cant|p1a: Wishiwashi|slp
|
|-damage|p2a: Eldegoss|94/100 brn|[from] brn
|upkeep
|turn|278
|
|t:|1661963200
|switch|p2a: Audino|Audino, M|100/100
|switch|p1a: Sandaconda|Sandaconda, F|96/100
|-damage|p1a: Sandaconda|90/100|[from] Stealth Rock
|-status|p1a: Sandaconda|tox
|
|-heal|p1a: Sandaconda|96/100 tox|[from] item: Leftovers
|-damage|p1a: Sandaconda|90/100 tox|[from] psn
|upkeep
|turn|279
|
|t:|1661963204
|switch|p1a: Wishiwashi|Wishiwashi, M|100/100 slp
|-damage|p1a: Wishiwashi|88/100 slp|[from] Stealth Rock
|-formechange|p1a: Wishiwashi|Wishiwashi-School||[from] ability: Schooling
|move|p2a: Audino|Knock Off|p1a: Wishiwashi
|-damage|p1a: Wishiwashi|81/100 slp
|
|upkeep
|turn|280
|
|t:|1661963207
|switch|p2a: Eldegoss|Eldegoss, F|100/100 brn
|cant|p1a: Wishiwashi|slp
|
|-damage|p2a: Eldegoss|94/100 brn|[from] brn
|upkeep
|turn|281
|
|t:|1661963209
|switch|p2a: Audino|Audino, M|100/100
|-curestatus|p1a: Wishiwashi|slp|[msg]
|move|p1a: Wishiwashi|U-turn|p2a: Audino
|-damage|p2a: Audino|79/100
|
|t:|1661963214
|switch|p1a: Regirock|Regirock|100/100|[from]move: U-turn
|-damage|p1a: Regirock|88/100|[from] Stealth Rock
|-status|p1a: Regirock|tox
|
|-heal|p1a: Regirock|94/100 tox|[from] item: Leftovers
|-damage|p1a: Regirock|88/100 tox|[from] psn
|upkeep
|turn|282
|
|t:|1661963221
|move|p1a: Regirock|Body Press|p2a: Audino
|-supereffective|p2a: Audino
|-damage|p2a: Audino|4/100
|move|p2a: Audino|Knock Off|p1a: Regirock
|-damage|p1a: Regirock|82/100 tox
|-enditem|p1a: Regirock|Leftovers|[from] move: Knock Off|[of] p2a: Audino
|
|-damage|p1a: Regirock|70/100 tox|[from] psn
|upkeep
|turn|283
|
|t:|1661963225
|switch|p2a: Quagsire|Quagsire, M|69/100
|move|p1a: Regirock|Stealth Rock|p2a: Quagsire
|-sidestart|p2: Kingston9629|move: Stealth Rock
|
|-damage|p1a: Regirock|52/100 tox|[from] psn
|upkeep
|turn|284
|
|t:|1661963230
|switch|p1a: Scyther|Scyther, F|47/100 brn
|switch|p2a: Eldegoss|Eldegoss, F|100/100 brn
|
|-damage|p1a: Scyther|41/100 brn|[from] brn
|-damage|p2a: Eldegoss|94/100 brn|[from] brn
|upkeep
|turn|285
|
|t:|1661963234
|move|p1a: Scyther|Dual Wingbeat|p2a: Eldegoss
|-supereffective|p2a: Eldegoss
|-damage|p2a: Eldegoss|71/100 brn
|-supereffective|p2a: Eldegoss
|-damage|p2a: Eldegoss|48/100 brn
|-hitcount|p2a: Eldegoss|2
|move|p2a: Eldegoss|Rapid Spin|p1a: Scyther
|-damage|p1a: Scyther|36/100 brn
|-boost|p2a: Eldegoss|spe|1
|-sideend|p2: Kingston9629|Stealth Rock|[from] move: Rapid Spin|[of] p2a: Eldegoss
|
|-damage|p1a: Scyther|30/100 brn|[from] brn
|-damage|p2a: Eldegoss|42/100 brn|[from] brn
|upkeep
|turn|286
|
|t:|1661963241
|switch|p2a: Audino|Audino, M|37/100
|move|p1a: Scyther|Dual Wingbeat|p2a: Audino
|-damage|p2a: Audino|25/100
|-damage|p2a: Audino|11/100
|-hitcount|p2a: Audino|2
|
|-damage|p1a: Scyther|24/100 brn|[from] brn
|upkeep
|turn|287
|
|t:|1661963246
|switch|p2a: Quagsire|Quagsire, M|69/100
|move|p1a: Scyther|Roost|p1a: Scyther
|-heal|p1a: Scyther|75/100 brn
|-singleturn|p1a: Scyther|move: Roost
|
|-damage|p1a: Scyther|68/100 brn|[from] brn
|upkeep
|turn|288
|
|t:|1661963250
|switch|p2a: Audino|Audino, M|44/100
|move|p1a: Scyther|U-turn|p2a: Audino
|-damage|p2a: Audino|28/100
|
|t:|1661963252
|switch|p1a: Regirock|Regirock|52/100 tox|[from]move: U-turn
|-damage|p1a: Regirock|39/100 tox|[from] Stealth Rock
|
|-damage|p1a: Regirock|33/100 tox|[from] psn
|upkeep
|turn|289
|inactive|Kingston9629 has 120 seconds left.
|
|t:|1661963258
|switch|p2a: Quagsire|Quagsire, M|69/100
|move|p1a: Regirock|Body Press|p2a: Quagsire
|-damage|p2a: Quagsire|43/100
|
|-damage|p1a: Regirock|21/100 tox|[from] psn
|upkeep
|turn|290
|
|t:|1661963262
|move|p1a: Regirock|Stealth Rock|p2a: Quagsire
|-sidestart|p2: Kingston9629|move: Stealth Rock
|move|p2a: Quagsire|Recover|p2a: Quagsire
|-heal|p2a: Quagsire|93/100
|
|-damage|p1a: Regirock|3/100 tox|[from] psn
|upkeep
|turn|291
|
|t:|1661963266
|switch|p1a: Wishiwashi|Wishiwashi, M|81/100
|-damage|p1a: Wishiwashi|68/100|[from] Stealth Rock
|-status|p1a: Wishiwashi|tox
|-formechange|p1a: Wishiwashi|Wishiwashi-School||[from] ability: Schooling
|move|p2a: Quagsire|Toxic|p1a: Wishiwashi
|-fail|p1a: Wishiwashi|tox
|
|-damage|p1a: Wishiwashi|62/100 tox|[from] psn
|upkeep
|turn|292
|
|t:|1661963271
|switch|p2a: Eldegoss|Eldegoss, F|75/100 brn
|move|p1a: Wishiwashi|Scald|p2a: Eldegoss
|-resisted|p2a: Eldegoss
|-damage|p2a: Eldegoss|59/100 brn
|
|-damage|p1a: Wishiwashi|50/100 tox|[from] psn
|-damage|p2a: Eldegoss|52/100 brn|[from] brn
|upkeep
|turn|293
|
|t:|1661963277
|switch|p1a: Togedemaru|Togedemaru, M|65/100
|-damage|p1a: Togedemaru|59/100|[from] Stealth Rock
|move|p2a: Eldegoss|Rapid Spin|p1a: Togedemaru
|-resisted|p1a: Togedemaru
|-damage|p1a: Togedemaru|56/100
|-boost|p2a: Eldegoss|spe|1
|-damage|p2a: Eldegoss|40/100 brn|[from] ability: Iron Barbs|[of] p1a: Togedemaru
|-sideend|p2: Kingston9629|Stealth Rock|[from] move: Rapid Spin|[of] p2a: Eldegoss
|
|-damage|p2a: Eldegoss|34/100 brn|[from] brn
|upkeep
|turn|294
|
|t:|1661963282
|switch|p2a: Audino|Audino, M|61/100
|move|p1a: Togedemaru|Wish|p1a: Togedemaru
|
|upkeep
|turn|295
|
|t:|1661963294
|switch|p2a: Eldegoss|Eldegoss, F|67/100 brn
|move|p1a: Togedemaru|Iron Head|p2a: Eldegoss
|-damage|p2a: Eldegoss|44/100 brn
|
|-heal|p1a: Togedemaru|100/100|[from] move: Wish|[wisher] Togedemaru
|-damage|p2a: Eldegoss|38/100 brn|[from] brn
|upkeep
|turn|296
|inactive|Kingston9629 has 120 seconds left.
|
|t:|1661963300
|switch|p2a: Audino|Audino, M|94/100
|move|p1a: Togedemaru|Iron Head|p2a: Audino
|-damage|p2a: Audino|67/100
|
|upkeep
|turn|297
|
|t:|1661963304
|move|p1a: Togedemaru|Iron Head|p2a: Audino
|-damage|p2a: Audino|40/100
|cant|p2a: Audino|flinch
|
|upkeep
|turn|298
|
|t:|1661963308
|switch|p2a: Quagsire|Quagsire, M|93/100
|move|p1a: Togedemaru|Iron Head|p2a: Quagsire
|-resisted|p2a: Quagsire
|-damage|p2a: Quagsire|84/100
|
|upkeep
|turn|299
|
|t:|1661963311
|switch|p2a: Audino|Audino, M|73/100
|move|p1a: Togedemaru|U-turn|p2a: Audino
|-damage|p2a: Audino|58/100
|
|t:|1661963317
|switch|p1a: Wishiwashi|Wishiwashi, M|50/100 tox|[from]move: U-turn
|-damage|p1a: Wishiwashi|38/100 tox|[from] Stealth Rock
|-formechange|p1a: Wishiwashi|Wishiwashi-School||[from] ability: Schooling
|
|-damage|p1a: Wishiwashi|32/100 tox|[from] psn
|upkeep
|turn|300
|j| El Vasto Lorde
|
|t:|1661963323
|switch|p2a: Eldegoss|Eldegoss, F|71/100 brn
|move|p1a: Wishiwashi|Rest|p1a: Wishiwashi
|-status|p1a: Wishiwashi|slp|[from] move: Rest
|-heal|p1a: Wishiwashi|100/100 slp|[silent]
|
|-damage|p2a: Eldegoss|65/100 brn|[from] brn
|upkeep
|turn|301
|inactive|Kingston9629 has 120 seconds left.
|
|t:|1661963338
|switch|p2a: Audino|Audino, M|91/100
|switch|p1a: Sandaconda|Sandaconda, F|90/100 tox
|-damage|p1a: Sandaconda|84/100 tox|[from] Stealth Rock
|
|-heal|p1a: Sandaconda|90/100 tox|[from] item: Leftovers
|-damage|p1a: Sandaconda|84/100 tox|[from] psn
|upkeep
|turn|302
|
|t:|1661963343
|switch|p1a: Togedemaru|Togedemaru, M|100/100
|-damage|p1a: Togedemaru|95/100|[from] Stealth Rock
|move|p2a: Audino|Knock Off|p1a: Togedemaru
|-damage|p1a: Togedemaru|80/100
|-damage|p2a: Audino|78/100|[from] ability: Iron Barbs|[of] p1a: Togedemaru
|
|upkeep
|turn|303
|inactive|Kingston9629 has 120 seconds left.
|l| Haffling
|
|t:|1661963354
|switch|p2a: Eldegoss|Eldegoss, F|98/100 brn
|move|p1a: Togedemaru|Iron Head|p2a: Eldegoss
|-damage|p2a: Eldegoss|76/100 brn
|
|-damage|p2a: Eldegoss|70/100 brn|[from] brn
|upkeep
|turn|304
|
|t:|1661963358
|switch|p2a: Audino|Audino, M|100/100
|move|p1a: Togedemaru|U-turn|p2a: Audino
|-damage|p2a: Audino|85/100
|
|t:|1661963361
|switch|p1a: Wishiwashi|Wishiwashi, M|100/100 slp|[from]move: U-turn
|-damage|p1a: Wishiwashi|88/100 slp|[from] Stealth Rock
|-formechange|p1a: Wishiwashi|Wishiwashi-School||[from] ability: Schooling
|
|upkeep
|turn|305
|inactive|Kingston9629 has 120 seconds left.
|
|t:|1661963367
|switch|p2a: Eldegoss|Eldegoss, F|100/100 brn
|cant|p1a: Wishiwashi|slp
|
|-damage|p2a: Eldegoss|94/100 brn|[from] brn
|upkeep
|turn|306
|
|t:|1661963370
|switch|p2a: Audino|Audino, M|100/100
|cant|p1a: Wishiwashi|slp
|
|upkeep
|turn|307
|
|t:|1661963373
|switch|p2a: Eldegoss|Eldegoss, F|100/100 brn
|-curestatus|p1a: Wishiwashi|slp|[msg]
|move|p1a: Wishiwashi|U-turn|p2a: Eldegoss
|-supereffective|p2a: Eldegoss
|-damage|p2a: Eldegoss|63/100 brn
|
|t:|1661963376
|switch|p1a: Togedemaru|Togedemaru, M|80/100|[from]move: U-turn
|-damage|p1a: Togedemaru|74/100|[from] Stealth Rock
|
|-damage|p2a: Eldegoss|57/100 brn|[from] brn
|upkeep
|turn|308
|
|t:|1661963379
|switch|p2a: Audino|Audino, M|100/100
|move|p1a: Togedemaru|U-turn|p2a: Audino
|-damage|p2a: Audino|84/100
|
|t:|1661963381
|switch|p1a: Wishiwashi|Wishiwashi, M|88/100|[from]move: U-turn
|-damage|p1a: Wishiwashi|76/100|[from] Stealth Rock
|-status|p1a: Wishiwashi|tox
|-formechange|p1a: Wishiwashi|Wishiwashi-School||[from] ability: Schooling
|
|-damage|p1a: Wishiwashi|70/100 tox|[from] psn
|upkeep
|turn|309
|
|t:|1661963385
|switch|p2a: Eldegoss|Eldegoss, F|91/100 brn
|move|p1a: Wishiwashi|Scald|p2a: Eldegoss
|-resisted|p2a: Eldegoss
|-damage|p2a: Eldegoss|74/100 brn
|
|-damage|p1a: Wishiwashi|57/100 tox|[from] psn
|-damage|p2a: Eldegoss|67/100 brn|[from] brn
|upkeep
|turn|310
|
|t:|1661963389
|move|p2a: Eldegoss|Giga Drain|p1a: Wishiwashi
|-supereffective|p1a: Wishiwashi
|-damage|p1a: Wishiwashi|19/100 tox
|-heal|p2a: Eldegoss|85/100 brn|[from] drain|[of] p1a: Wishiwashi
|move|p1a: Wishiwashi|Rest|p1a: Wishiwashi
|-status|p1a: Wishiwashi|slp|[from] move: Rest
|-heal|p1a: Wishiwashi|100/100 slp|[silent]
|
|-damage|p2a: Eldegoss|79/100 brn|[from] brn
|upkeep
|turn|311
|j| Haffling
|
|t:|1661963393
|switch|p2a: Audino|Audino, M|100/100
|cant|p1a: Wishiwashi|slp
|
|upkeep
|turn|312
|
|t:|1661963396
|switch|p2a: Eldegoss|Eldegoss, F|100/100 brn
|cant|p1a: Wishiwashi|slp
|
|-damage|p2a: Eldegoss|94/100 brn|[from] brn
|upkeep
|turn|313
|
|t:|1661963399
|switch|p2a: Audino|Audino, M|100/100
|-curestatus|p1a: Wishiwashi|slp|[msg]
|move|p1a: Wishiwashi|Scald|p2a: Audino
|-damage|p2a: Audino|78/100
|-status|p2a: Audino|brn
|
|-damage|p2a: Audino|71/100 brn|[from] brn
|upkeep
|turn|314
|
|t:|1661963403
|switch|p2a: Eldegoss|Eldegoss, F|100/100 brn
|move|p1a: Wishiwashi|U-turn|p2a: Eldegoss
|-supereffective|p2a: Eldegoss
|-crit|p2a: Eldegoss
|-damage|p2a: Eldegoss|50/100 brn
|l| Haffling
|
|t:|1661963406
|switch|p1a: Scyther|Scyther, F|68/100 brn|[from]move: U-turn
|
|-damage|p1a: Scyther|62/100 brn|[from] brn
|-damage|p2a: Eldegoss|44/100 brn|[from] brn
|upkeep
|turn|315
|j| Haffling
|j| Mercedes 450 SLC
|
|t:|1661963414
|switch|p2a: Audino|Audino, M|100/100 brn
|move|p1a: Scyther|U-turn|p2a: Audino
|-damage|p2a: Audino|85/100 brn
|
|t:|1661963417
|switch|p1a: Togedemaru|Togedemaru, M|74/100|[from]move: U-turn
|-damage|p1a: Togedemaru|68/100|[from] Stealth Rock
|
|-damage|p2a: Audino|79/100 brn|[from] brn
|upkeep
|turn|316
|
|t:|1661963425
|move|p1a: Togedemaru|Iron Head|p2a: Audino
|-damage|p2a: Audino|55/100 brn
|move|p2a: Audino|Heal Bell|p2a: Audino
|-activate|p2a: Audino|move: Heal Bell
|-curestatus|p2a: Audino|brn|[msg]
|-curestatus|p2: Eldegoss|brn|[msg]
|
|upkeep
|turn|317
|
|t:|1661963431
|switch|p2a: Eldegoss|Eldegoss, F|77/100
|move|p1a: Togedemaru|U-turn|p2a: Eldegoss
|-supereffective|p2a: Eldegoss
|-damage|p2a: Eldegoss|52/100
|
|t:|1661963434
|switch|p1a: Wishiwashi|Wishiwashi, M|100/100|[from]move: U-turn
|-damage|p1a: Wishiwashi|88/100|[from] Stealth Rock
|-status|p1a: Wishiwashi|tox
|-formechange|p1a: Wishiwashi|Wishiwashi-School||[from] ability: Schooling
|
|-damage|p1a: Wishiwashi|82/100 tox|[from] psn
|upkeep
|turn|318
|
|t:|1661963437
|switch|p2a: Audino|Audino, M|89/100
|move|p1a: Wishiwashi|Scald|p2a: Audino
|-damage|p2a: Audino|63/100
|-status|p2a: Audino|brn
|
|-damage|p1a: Wishiwashi|70/100 tox|[from] psn
|-damage|p2a: Audino|57/100 brn|[from] brn
|upkeep
|turn|319
|
|t:|1661963441
|move|p2a: Audino|Wish|p2a: Audino
|move|p1a: Wishiwashi|Scald|p2a: Audino
|-damage|p2a: Audino|33/100 brn
|
|-damage|p1a: Wishiwashi|51/100 tox|[from] psn
|-damage|p2a: Audino|27/100 brn|[from] brn
|upkeep
|turn|320
|
|t:|1661963446
|move|p2a: Audino|Protect|p2a: Audino
|-singleturn|p2a: Audino|Protect
|move|p1a: Wishiwashi|Rest|p1a: Wishiwashi
|-status|p1a: Wishiwashi|slp|[from] move: Rest
|-heal|p1a: Wishiwashi|100/100 slp|[silent]
|
|-heal|p2a: Audino|77/100 brn|[from] move: Wish|[wisher] Audino
|-damage|p2a: Audino|71/100 brn|[from] brn
|upkeep
|turn|321
|l| El Vasto Lorde
|
|t:|1661963450
|switch|p2a: Eldegoss|Eldegoss, F|86/100
|cant|p1a: Wishiwashi|slp
|
|upkeep
|turn|322
|
|t:|1661963453
|switch|p2a: Audino|Audino, M|100/100 brn
|cant|p1a: Wishiwashi|slp
|
|-damage|p2a: Audino|94/100 brn|[from] brn
|upkeep
|turn|323
|
|t:|1661963457
|move|p2a: Audino|Protect|p2a: Audino
|-singleturn|p2a: Audino|Protect
|-curestatus|p1a: Wishiwashi|slp|[msg]
|move|p1a: Wishiwashi|U-turn|p2a: Audino
|-activate|p2a: Audino|move: Protect
|
|-damage|p2a: Audino|88/100 brn|[from] brn
|upkeep
|turn|324
|
|t:|1661963461
|move|p2a: Audino|Knock Off|p1a: Wishiwashi
|-damage|p1a: Wishiwashi|97/100
|move|p1a: Wishiwashi|Scald|p2a: Audino
|-damage|p2a: Audino|63/100 brn
|
|-damage|p2a: Audino|57/100 brn|[from] brn
|upkeep
|turn|325
|
|t:|1661963464
|switch|p2a: Eldegoss|Eldegoss, F|100/100
|move|p1a: Wishiwashi|U-turn|p2a: Eldegoss
|-supereffective|p2a: Eldegoss
|-damage|p2a: Eldegoss|62/100
|
|t:|1661963466
|switch|p1a: Scyther|Scyther, F|62/100 brn|[from]move: U-turn
|
|-damage|p1a: Scyther|56/100 brn|[from] brn
|upkeep
|turn|326
|
|t:|1661963470
|switch|p2a: Audino|Audino, M|90/100 brn
|move|p1a: Scyther|Dual Wingbeat|p2a: Audino
|-damage|p2a: Audino|78/100 brn
|-damage|p2a: Audino|64/100 brn
|-hitcount|p2a: Audino|2
|
|-damage|p1a: Scyther|50/100 brn|[from] brn
|-damage|p2a: Audino|58/100 brn|[from] brn
|upkeep
|turn|327
|
|t:|1661963479
|move|p1a: Scyther|U-turn|p2a: Audino
|-damage|p2a: Audino|43/100 brn
|
|t:|1661963482
|switch|p1a: Togedemaru|Togedemaru, M|68/100|[from]move: U-turn
|-damage|p1a: Togedemaru|62/100|[from] Stealth Rock
|move|p2a: Audino|Wish|p2a: Audino
|
|-damage|p2a: Audino|37/100 brn|[from] brn
|upkeep
|turn|328
|
|t:|1661963486
|switch|p2a: Gigalith|Gigalith, M|44/100
|-weather|Sandstorm|[from] ability: Sand Stream|[of] p2a: Gigalith
|move|p1a: Togedemaru|Wish|p1a: Togedemaru
|
|-weather|Sandstorm|[upkeep]
|-heal|p2a: Gigalith|99/100|[from] move: Wish|[wisher] Audino
|upkeep
|turn|329
|
|t:|1661963491
|switch|p2a: Eldegoss|Eldegoss, F|96/100
|move|p1a: Togedemaru|U-turn|p2a: Eldegoss
|-supereffective|p2a: Eldegoss
|-damage|p2a: Eldegoss|70/100
|
|t:|1661963497
|switch|p1a: Sandaconda|Sandaconda, F|84/100 tox|[from]move: U-turn
|-damage|p1a: Sandaconda|78/100 tox|[from] Stealth Rock
|
|-weather|Sandstorm|[upkeep]
|-damage|p2a: Eldegoss|64/100|[from] Sandstorm
|-heal|p1a: Sandaconda|100/100 tox|[from] move: Wish|[wisher] Togedemaru
|-damage|p1a: Sandaconda|94/100 tox|[from] psn
|upkeep
|turn|330
|
|t:|1661963505
|move|p1a: Sandaconda|Coil|p1a: Sandaconda
|-boost|p1a: Sandaconda|atk|1
|-boost|p1a: Sandaconda|def|1
|-boost|p1a: Sandaconda|accuracy|1
|move|p2a: Eldegoss|Giga Drain|p1a: Sandaconda
|-supereffective|p1a: Sandaconda
|-damage|p1a: Sandaconda|51/100 tox
|-heal|p2a: Eldegoss|87/100|[from] drain|[of] p1a: Sandaconda
|
|-weather|Sandstorm|[upkeep]
|-damage|p2a: Eldegoss|81/100|[from] Sandstorm
|-heal|p1a: Sandaconda|57/100 tox|[from] item: Leftovers
|-damage|p1a: Sandaconda|45/100 tox|[from] psn
|upkeep
|turn|331
|
|t:|1661963514
|move|p1a: Sandaconda|Rest|p1a: Sandaconda
|-status|p1a: Sandaconda|slp|[from] move: Rest
|-heal|p1a: Sandaconda|100/100 slp|[silent]
|move|p2a: Eldegoss|Giga Drain|p1a: Sandaconda
|-supereffective|p1a: Sandaconda
|-crit|p1a: Sandaconda
|-damage|p1a: Sandaconda|38/100 slp
|-heal|p2a: Eldegoss|100/100|[from] drain|[of] p1a: Sandaconda
|
|-weather|Sandstorm|[upkeep]
|-damage|p2a: Eldegoss|94/100|[from] Sandstorm
|-activate|p1a: Sandaconda|ability: Shed Skin
|-curestatus|p1a: Sandaconda|slp|[msg]
|-heal|p1a: Sandaconda|44/100|[from] item: Leftovers
|upkeep
|turn|332
|
|t:|1661963519
|move|p1a: Sandaconda|Rest|p1a: Sandaconda
|-status|p1a: Sandaconda|slp|[from] move: Rest
|-heal|p1a: Sandaconda|100/100 slp|[silent]
|move|p2a: Eldegoss|Leech Seed|p1a: Sandaconda|[miss]
|-miss|p2a: Eldegoss|p1a: Sandaconda
|
|-weather|none
|upkeep
|turn|333
|
|t:|1661963527
|switch|p2a: Audino|Audino, M|70/100 brn
|cant|p1a: Sandaconda|slp
|
|-activate|p1a: Sandaconda|ability: Shed Skin
|-curestatus|p1a: Sandaconda|slp|[msg]
|-damage|p2a: Audino|64/100 brn|[from] brn
|upkeep
|turn|334
|
|t:|1661963535
|move|p1a: Sandaconda|Earthquake|p2a: Audino
|-damage|p2a: Audino|14/100 brn
|move|p2a: Audino|Knock Off|p1a: Sandaconda
|-damage|p1a: Sandaconda|97/100
|-enditem|p1a: Sandaconda|Leftovers|[from] move: Knock Off|[of] p2a: Audino
|
|-damage|p2a: Audino|8/100 brn|[from] brn
|upkeep
|turn|335
|
|t:|1661963541
|switch|p2a: Quagsire|Quagsire, M|84/100
|move|p1a: Sandaconda|Coil|p1a: Sandaconda
|-boost|p1a: Sandaconda|atk|1
|-boost|p1a: Sandaconda|def|1
|-boost|p1a: Sandaconda|accuracy|1
|
|upkeep
|turn|336
|
|t:|1661963543
|move|p1a: Sandaconda|Coil|p1a: Sandaconda
|-boost|p1a: Sandaconda|atk|1
|-boost|p1a: Sandaconda|def|1
|-boost|p1a: Sandaconda|accuracy|1
|move|p2a: Quagsire|Toxic|p1a: Sandaconda
|-status|p1a: Sandaconda|tox
|
|-damage|p1a: Sandaconda|91/100 tox|[from] psn
|upkeep
|turn|337
|
|t:|1661963547
|move|p1a: Sandaconda|Coil|p1a: Sandaconda
|-boost|p1a: Sandaconda|atk|1
|-boost|p1a: Sandaconda|def|1
|-boost|p1a: Sandaconda|accuracy|1
|move|p2a: Quagsire|Toxic|p1a: Sandaconda
|-fail|p1a: Sandaconda|tox
|
|-damage|p1a: Sandaconda|79/100 tox|[from] psn
|upkeep
|turn|338
|
|t:|1661963550
|move|p1a: Sandaconda|Earthquake|p2a: Quagsire
|-damage|p2a: Quagsire|58/100
|move|p2a: Quagsire|Earthquake|p1a: Sandaconda
|-damage|p1a: Sandaconda|56/100 tox
|
|-activate|p1a: Sandaconda|ability: Shed Skin
|-curestatus|p1a: Sandaconda|tox|[msg]
|upkeep
|turn|339
|
|t:|1661963554
|move|p1a: Sandaconda|Coil|p1a: Sandaconda
|-boost|p1a: Sandaconda|atk|1
|-boost|p1a: Sandaconda|def|1
|-boost|p1a: Sandaconda|accuracy|1
|move|p2a: Quagsire|Toxic|p1a: Sandaconda
|-status|p1a: Sandaconda|tox
|
|-activate|p1a: Sandaconda|ability: Shed Skin
|-curestatus|p1a: Sandaconda|tox|[msg]
|upkeep
|turn|340
|
|t:|1661963558
|move|p1a: Sandaconda|Coil|p1a: Sandaconda
|-boost|p1a: Sandaconda|atk|1
|-boost|p1a: Sandaconda|def|1
|-boost|p1a: Sandaconda|accuracy|1
|move|p2a: Quagsire|Toxic|p1a: Sandaconda
|-status|p1a: Sandaconda|tox
|
|-activate|p1a: Sandaconda|ability: Shed Skin
|-curestatus|p1a: Sandaconda|tox|[msg]
|upkeep
|turn|341
|
|t:|1661963564
|switch|p1a: Togedemaru|Togedemaru, M|62/100
|-damage|p1a: Togedemaru|56/100|[from] Stealth Rock
|move|p2a: Quagsire|Recover|p2a: Quagsire
|-heal|p2a: Quagsire|100/100
|
|upkeep
|turn|342
|
|t:|1661963568
|switch|p2a: Audino|Audino, M|41/100 brn
|move|p1a: Togedemaru|U-turn|p2a: Audino
|-damage|p2a: Audino|26/100 brn
|
|t:|1661963571
|switch|p1a: Wishiwashi|Wishiwashi, M|97/100|[from]move: U-turn
|-damage|p1a: Wishiwashi|85/100|[from] Stealth Rock
|-status|p1a: Wishiwashi|tox
|-formechange|p1a: Wishiwashi|Wishiwashi-School||[from] ability: Schooling
|
|-damage|p1a: Wishiwashi|79/100 tox|[from] psn
|-damage|p2a: Audino|20/100 brn|[from] brn
|upkeep
|turn|343
|
|t:|1661963580
|switch|p2a: Eldegoss|Eldegoss, F|100/100
|move|p1a: Wishiwashi|Scald|p2a: Eldegoss
|-resisted|p2a: Eldegoss
|-damage|p2a: Eldegoss|84/100
|-status|p2a: Eldegoss|brn
|
|-damage|p1a: Wishiwashi|67/100 tox|[from] psn
|-damage|p2a: Eldegoss|78/100 brn|[from] brn
|upkeep
|turn|344
|
|t:|1661963584
|move|p2a: Eldegoss|Rapid Spin|p1a: Wishiwashi
|-damage|p1a: Wishiwashi|64/100 tox
|-boost|p2a: Eldegoss|spe|1
|move|p1a: Wishiwashi|U-turn|p2a: Eldegoss
|-supereffective|p2a: Eldegoss
|-damage|p2a: Eldegoss|42/100 brn
|
|t:|1661963587
|switch|p1a: Scyther|Scyther, F|50/100 brn|[from]move: U-turn
|
|-damage|p1a: Scyther|44/100 brn|[from] brn
|-damage|p2a: Eldegoss|36/100 brn|[from] brn
|upkeep
|turn|345
|l| Haffling
|
|t:|1661963595
|switch|p2a: Audino|Audino, M|53/100 brn
|move|p1a: Scyther|Dual Wingbeat|p2a: Audino
|-damage|p2a: Audino|40/100 brn
|-damage|p2a: Audino|26/100 brn
|-hitcount|p2a: Audino|2
|
|-damage|p1a: Scyther|38/100 brn|[from] brn
|-damage|p2a: Audino|20/100 brn|[from] brn
|upkeep
|turn|346
|
|t:|1661963603
|switch|p2a: Quagsire|Quagsire, M|100/100
|move|p1a: Scyther|Knock Off|p2a: Quagsire
|-damage|p2a: Quagsire|93/100
|
|-damage|p1a: Scyther|32/100 brn|[from] brn
|upkeep
|turn|347
|j| Haffling
|
|t:|1661963616
|switch|p2a: Audino|Audino, M|53/100 brn
|move|p1a: Scyther|U-turn|p2a: Audino
|-damage|p2a: Audino|39/100 brn
|
|t:|1661963619
|switch|p1a: Wishiwashi|Wishiwashi, M|64/100 tox|[from]move: U-turn
|-damage|p1a: Wishiwashi|52/100 tox|[from] Stealth Rock
|-formechange|p1a: Wishiwashi|Wishiwashi-School||[from] ability: Schooling
|
|-damage|p1a: Wishiwashi|46/100 tox|[from] psn
|-damage|p2a: Audino|33/100 brn|[from] brn
|upkeep
|turn|348
|
|t:|1661963623
|switch|p2a: Eldegoss|Eldegoss, F|69/100 brn
|move|p1a: Wishiwashi|Rest|p1a: Wishiwashi
|-status|p1a: Wishiwashi|slp|[from] move: Rest
|-heal|p1a: Wishiwashi|100/100 slp|[silent]
|
|-damage|p2a: Eldegoss|63/100 brn|[from] brn
|upkeep
|turn|349
|
|t:|1661963626
|switch|p2a: Audino|Audino, M|66/100 brn
|cant|p1a: Wishiwashi|slp
|move|p1a: Wishiwashi|Sleep Talk|p1a: Wishiwashi
|move|p1a: Wishiwashi|Scald|p2a: Audino|[from]move: Sleep Talk
|-damage|p2a: Audino|41/100 brn
|
|-damage|p2a: Audino|35/100 brn|[from] brn
|upkeep
|turn|350
|
|t:|1661963631
|move|p2a: Audino|Wish|p2a: Audino
|cant|p1a: Wishiwashi|slp
|move|p1a: Wishiwashi|Sleep Talk|p1a: Wishiwashi
|move|p1a: Wishiwashi|Rest||[from]move: Sleep Talk|[still]
|-fail|p1a: Wishiwashi
|
|-damage|p2a: Audino|29/100 brn|[from] brn
|upkeep
|turn|351
|
|t:|1661963635
|move|p2a: Audino|Protect|p2a: Audino
|-singleturn|p2a: Audino|Protect
|-curestatus|p1a: Wishiwashi|slp|[msg]
|move|p1a: Wishiwashi|Scald|p2a: Audino
|-activate|p2a: Audino|move: Protect
|
|-heal|p2a: Audino|79/100 brn|[from] move: Wish|[wisher] Audino
|-damage|p2a: Audino|73/100 brn|[from] brn
|upkeep
|turn|352
|
|t:|1661963639
|switch|p2a: Eldegoss|Eldegoss, F|96/100 brn
|move|p1a: Wishiwashi|Scald|p2a: Eldegoss
|-resisted|p2a: Eldegoss
|-damage|p2a: Eldegoss|80/100 brn
|
|-damage|p2a: Eldegoss|74/100 brn|[from] brn
|upkeep
|turn|353
|
|t:|1661963644
|move|p2a: Eldegoss|Sleep Powder|p1a: Wishiwashi
|-status|p1a: Wishiwashi|slp|[from] move: Sleep Powder
|cant|p1a: Wishiwashi|slp
|
|-damage|p2a: Eldegoss|67/100 brn|[from] brn
|upkeep
|turn|354
|
|t:|1661963647
|switch|p2a: Gigalith|Gigalith, M|99/100
|-weather|Sandstorm|[from] ability: Sand Stream|[of] p2a: Gigalith
|cant|p1a: Wishiwashi|slp
|
|-weather|Sandstorm|[upkeep]
|-damage|p1a: Wishiwashi|94/100 slp|[from] Sandstorm
|upkeep
|turn|355
|
|t:|1661963650
|move|p2a: Gigalith|Protect|p2a: Gigalith
|-singleturn|p2a: Gigalith|Protect
|-curestatus|p1a: Wishiwashi|slp|[msg]
|move|p1a: Wishiwashi|Scald|p2a: Gigalith
|-activate|p2a: Gigalith|move: Protect
|
|-weather|Sandstorm|[upkeep]
|-damage|p1a: Wishiwashi|88/100|[from] Sandstorm
|upkeep
|turn|356
|
|t:|1661963656
|switch|p2a: Audino|Audino, M|100/100 brn
|move|p1a: Wishiwashi|Scald|p2a: Audino
|-damage|p2a: Audino|75/100 brn
|
|-weather|Sandstorm|[upkeep]
|-damage|p2a: Audino|69/100 brn|[from] Sandstorm
|-damage|p1a: Wishiwashi|82/100|[from] Sandstorm
|-damage|p2a: Audino|63/100 brn|[from] brn
|upkeep
|turn|357
|
|t:|1661963680
|switch|p2a: Eldegoss|Eldegoss, F|100/100 brn
|move|p1a: Wishiwashi|U-turn|p2a: Eldegoss
|-supereffective|p2a: Eldegoss
|-damage|p2a: Eldegoss|67/100 brn
|
|t:|1661963683
|switch|p1a: Togedemaru|Togedemaru, M|56/100|[from]move: U-turn
|-damage|p1a: Togedemaru|50/100|[from] Stealth Rock
|
|-weather|Sandstorm|[upkeep]
|-damage|p2a: Eldegoss|60/100 brn|[from] Sandstorm
|-damage|p2a: Eldegoss|54/100 brn|[from] brn
|upkeep
|turn|358
|
|t:|1661963687
|switch|p2a: Audino|Audino, M|96/100 brn
|move|p1a: Togedemaru|Iron Head|p2a: Audino
|-damage|p2a: Audino|70/100 brn
|
|-weather|none
|-damage|p2a: Audino|63/100 brn|[from] brn
|upkeep
|turn|359
|l| Haffling
|
|t:|1661963695
|switch|p2a: Eldegoss|Eldegoss, F|88/100 brn
|move|p1a: Togedemaru|Iron Head|p2a: Eldegoss
|-damage|p2a: Eldegoss|63/100 brn
|
|-damage|p2a: Eldegoss|57/100 brn|[from] brn
|upkeep
|turn|360
|
|t:|1661963699
|switch|p2a: Audino|Audino, M|97/100 brn
|move|p1a: Togedemaru|Wish|p1a: Togedemaru
|
|-damage|p2a: Audino|90/100 brn|[from] brn
|upkeep
|turn|361
|
|t:|1661963705
|move|p1a: Togedemaru|Iron Head|p2a: Audino
|-damage|p2a: Audino|67/100 brn
|move|p2a: Audino|Knock Off|p1a: Togedemaru
|-damage|p1a: Togedemaru|43/100
|-damage|p2a: Audino|55/100 brn|[from] ability: Iron Barbs|[of] p1a: Togedemaru
|
|-heal|p1a: Togedemaru|93/100|[from] move: Wish|[wisher] Togedemaru
|-damage|p2a: Audino|49/100 brn|[from] brn
|upkeep
|turn|362
|j| Haffling
|
|t:|1661963710
|switch|p2a: Eldegoss|Eldegoss, F|91/100 brn
|move|p1a: Togedemaru|U-turn|p2a: Eldegoss
|-supereffective|p2a: Eldegoss
|-damage|p2a: Eldegoss|63/100 brn
|
|t:|1661963715
|switch|p1a: Wishiwashi|Wishiwashi, M|82/100|[from]move: U-turn
|-damage|p1a: Wishiwashi|70/100|[from] Stealth Rock
|-status|p1a: Wishiwashi|tox
|-formechange|p1a: Wishiwashi|Wishiwashi-School||[from] ability: Schooling
|
|-damage|p1a: Wishiwashi|64/100 tox|[from] psn
|-damage|p2a: Eldegoss|57/100 brn|[from] brn
|upkeep
|turn|363
|
|t:|1661963722
|switch|p2a: Audino|Audino, M|82/100 brn
|move|p1a: Wishiwashi|U-turn|p2a: Audino
|-damage|p2a: Audino|60/100 brn
|
|t:|1661963725
|switch|p1a: Togedemaru|Togedemaru, M|93/100|[from]move: U-turn
|-damage|p1a: Togedemaru|87/100|[from] Stealth Rock
|
|-damage|p2a: Audino|54/100 brn|[from] brn
|upkeep
|turn|364
|
|t:|1661963729
|switch|p2a: Eldegoss|Eldegoss, F|90/100 brn
|move|p1a: Togedemaru|U-turn|p2a: Eldegoss
|-supereffective|p2a: Eldegoss
|-damage|p2a: Eldegoss|63/100 brn
|
|t:|1661963733
|switch|p1a: Sandaconda|Sandaconda, F|56/100|[from]move: U-turn
|-damage|p1a: Sandaconda|50/100|[from] Stealth Rock
|-status|p1a: Sandaconda|tox
|
|-damage|p1a: Sandaconda|44/100 tox|[from] psn
|-damage|p2a: Eldegoss|57/100 brn|[from] brn
|upkeep
|turn|365
|
|t:|1661963740
|switch|p2a: Audino|Audino, M|87/100 brn
|move|p1a: Sandaconda|Rest|p1a: Sandaconda
|-status|p1a: Sandaconda|slp|[from] move: Rest
|-heal|p1a: Sandaconda|100/100 slp|[silent]
|
|-damage|p2a: Audino|81/100 brn|[from] brn
|upkeep
|turn|366
|
|t:|1661963745
|cant|p1a: Sandaconda|slp
|move|p2a: Audino|Knock Off|p1a: Sandaconda
|-damage|p1a: Sandaconda|97/100 slp
|
|-damage|p2a: Audino|75/100 brn|[from] brn
|upkeep
|turn|367
|
|t:|1661963748
|cant|p1a: Sandaconda|slp
|move|p2a: Audino|Knock Off|p1a: Sandaconda
|-damage|p1a: Sandaconda|93/100 slp
|
|-damage|p2a: Audino|69/100 brn|[from] brn
|upkeep
|turn|368
|
|t:|1661963753
|-curestatus|p1a: Sandaconda|slp|[msg]
|move|p1a: Sandaconda|Coil|p1a: Sandaconda
|-boost|p1a: Sandaconda|atk|1
|-boost|p1a: Sandaconda|def|1
|-boost|p1a: Sandaconda|accuracy|1
|move|p2a: Audino|Knock Off|p1a: Sandaconda
|-damage|p1a: Sandaconda|91/100
|
|-damage|p2a: Audino|63/100 brn|[from] brn
|upkeep
|turn|369
|
|t:|1661963757
|switch|p2a: Quagsire|Quagsire, M|93/100
|move|p1a: Sandaconda|Coil|p1a: Sandaconda
|-boost|p1a: Sandaconda|atk|1
|-boost|p1a: Sandaconda|def|1
|-boost|p1a: Sandaconda|accuracy|1
|
|upkeep
|turn|370
|
|t:|1661963765
|move|p1a: Sandaconda|Earthquake|p2a: Quagsire
|-damage|p2a: Quagsire|69/100
|move|p2a: Quagsire|Toxic|p1a: Sandaconda
|-status|p1a: Sandaconda|tox
|
|-activate|p1a: Sandaconda|ability: Shed Skin
|-curestatus|p1a: Sandaconda|tox|[msg]
|upkeep
|turn|371
|
|t:|1661963769
|switch|p1a: Wishiwashi|Wishiwashi, M|64/100 tox
|-damage|p1a: Wishiwashi|51/100 tox|[from] Stealth Rock
|-formechange|p1a: Wishiwashi|Wishiwashi-School||[from] ability: Schooling
|switch|p2a: Eldegoss|Eldegoss, F|91/100 brn
|
|-damage|p1a: Wishiwashi|45/100 tox|[from] psn
|-damage|p2a: Eldegoss|84/100 brn|[from] brn
|upkeep
|turn|372
|
|t:|1661963775
|switch|p2a: Audino|Audino, M|96/100 brn
|move|p1a: Wishiwashi|Rest|p1a: Wishiwashi
|-status|p1a: Wishiwashi|slp|[from] move: Rest
|-heal|p1a: Wishiwashi|100/100 slp|[silent]
|
|-damage|p2a: Audino|90/100 brn|[from] brn
|upkeep
|turn|373
|
|t:|1661963779
|switch|p2a: Gigalith|Gigalith, M|99/100
|-weather|Sandstorm|[from] ability: Sand Stream|[of] p2a: Gigalith
|cant|p1a: Wishiwashi|slp
|
|-weather|Sandstorm|[upkeep]
|-damage|p1a: Wishiwashi|94/100 slp|[from] Sandstorm
|upkeep
|turn|374
|
|t:|1661963786
|cant|p1a: Wishiwashi|slp
|move|p2a: Gigalith|Rock Blast|p1a: Wishiwashi
|-damage|p1a: Wishiwashi|86/100 slp
|-damage|p1a: Wishiwashi|78/100 slp
|-damage|p1a: Wishiwashi|70/100 slp
|-hitcount|p1a: Wishiwashi|3
|
|-weather|Sandstorm|[upkeep]
|-damage|p1a: Wishiwashi|64/100 slp|[from] Sandstorm
|upkeep
|turn|375
|
|t:|1661963800
|switch|p1a: Sandaconda|Sandaconda, F|91/100
|-damage|p1a: Sandaconda|85/100|[from] Stealth Rock
|-status|p1a: Sandaconda|tox
|move|p2a: Gigalith|Protect||[still]
|-fail|p2a: Gigalith
|
|-weather|Sandstorm|[upkeep]
|-activate|p1a: Sandaconda|ability: Shed Skin
|-curestatus|p1a: Sandaconda|tox|[msg]
|upkeep
|turn|376
|
|t:|1661963808
|switch|p2a: Quagsire|Quagsire, M|69/100
|move|p1a: Sandaconda|Coil|p1a: Sandaconda
|-boost|p1a: Sandaconda|atk|1
|-boost|p1a: Sandaconda|def|1
|-boost|p1a: Sandaconda|accuracy|1
|
|-weather|Sandstorm|[upkeep]
|upkeep
|turn|377
|
|t:|1661963812
|move|p1a: Sandaconda|Earthquake|p2a: Quagsire
|-damage|p2a: Quagsire|43/100
|move|p2a: Quagsire|Toxic|p1a: Sandaconda
|-status|p1a: Sandaconda|tox
|
|-weather|none
|-damage|p1a: Sandaconda|79/100 tox|[from] psn
|upkeep
|turn|378
|
|t:|1661963820
|switch|p1a: Wishiwashi|Wishiwashi, M|64/100 slp
|-damage|p1a: Wishiwashi|52/100 slp|[from] Stealth Rock
|-formechange|p1a: Wishiwashi|Wishiwashi-School||[from] ability: Schooling
|move|p2a: Quagsire|Recover|p2a: Quagsire
|-heal|p2a: Quagsire|93/100
|
|upkeep
|turn|379
|
|t:|1661963830
|switch|p2a: Audino|Audino, M|100/100 brn
|-curestatus|p1a: Wishiwashi|slp|[msg]
|move|p1a: Wishiwashi|Rest|p1a: Wishiwashi
|-status|p1a: Wishiwashi|slp|[from] move: Rest
|-heal|p1a: Wishiwashi|100/100 slp|[silent]
|
|-damage|p2a: Audino|94/100 brn|[from] brn
|upkeep
|turn|380
|
|t:|1661963834
|switch|p2a: Gigalith|Gigalith, M|99/100
|-weather|Sandstorm|[from] ability: Sand Stream|[of] p2a: Gigalith
|cant|p1a: Wishiwashi|slp
|
|-weather|Sandstorm|[upkeep]
|-damage|p1a: Wishiwashi|94/100 slp|[from] Sandstorm
|upkeep
|turn|381
|
|t:|1661963840
|cant|p1a: Wishiwashi|slp
|move|p2a: Gigalith|Rock Blast|p1a: Wishiwashi
|-damage|p1a: Wishiwashi|87/100 slp
|-damage|p1a: Wishiwashi|78/100 slp
|-hitcount|p1a: Wishiwashi|2
|
|-weather|Sandstorm|[upkeep]
|-damage|p1a: Wishiwashi|72/100 slp|[from] Sandstorm
|upkeep
|turn|382
|
|t:|1661963843
|switch|p2a: Audino|Audino, M|100/100 brn
|-curestatus|p1a: Wishiwashi|slp|[msg]
|move|p1a: Wishiwashi|U-turn|p2a: Audino
|-damage|p2a: Audino|79/100 brn
|
|t:|1661963847
|switch|p1a: Togedemaru|Togedemaru, M|87/100|[from]move: U-turn
|-damage|p1a: Togedemaru|81/100|[from] Stealth Rock
|
|-weather|Sandstorm|[upkeep]
|-damage|p2a: Audino|73/100 brn|[from] Sandstorm
|-damage|p2a: Audino|67/100 brn|[from] brn
|upkeep
|turn|383
|
|t:|1661963852
|switch|p2a: Eldegoss|Eldegoss, F|100/100 brn
|move|p1a: Togedemaru|U-turn|p2a: Eldegoss
|-supereffective|p2a: Eldegoss
|-damage|p2a: Eldegoss|76/100 brn
|
|t:|1661963857
|switch|p1a: Sandaconda|Sandaconda, F|79/100 tox|[from]move: U-turn
|-damage|p1a: Sandaconda|73/100 tox|[from] Stealth Rock
|
|-weather|Sandstorm|[upkeep]
|-damage|p2a: Eldegoss|70/100 brn|[from] Sandstorm
|-activate|p1a: Sandaconda|ability: Shed Skin
|-curestatus|p1a: Sandaconda|tox|[msg]
|-damage|p2a: Eldegoss|64/100 brn|[from] brn
|upkeep
|turn|384
|l| Mercedes 450 SLC
|inactive|Kingston9629 has 120 seconds left.
|j| Mercedes 450 SLC
|
|t:|1661963895
|switch|p2a: Audino|Audino, M|99/100 brn
|move|p1a: Sandaconda|Coil|p1a: Sandaconda
|-boost|p1a: Sandaconda|atk|1
|-boost|p1a: Sandaconda|def|1
|-boost|p1a: Sandaconda|accuracy|1
|
|-weather|none
|-damage|p2a: Audino|94/100 brn|[from] brn
|upkeep
|turn|385
|
|t:|1661963904
|move|p1a: Sandaconda|Stone Edge|p2a: Audino
|-damage|p2a: Audino|59/100 brn
|move|p2a: Audino|Knock Off|p1a: Sandaconda
|-damage|p1a: Sandaconda|71/100
|
|-damage|p2a: Audino|53/100 brn|[from] brn
|upkeep
|turn|386
|
|t:|1661963912
|switch|p1a: Wishiwashi|Wishiwashi, M|72/100
|-damage|p1a: Wishiwashi|60/100|[from] Stealth Rock
|-status|p1a: Wishiwashi|tox
|-formechange|p1a: Wishiwashi|Wishiwashi-School||[from] ability: Schooling
|switch|p2a: Eldegoss|Eldegoss, F|97/100 brn
|
|-damage|p1a: Wishiwashi|54/100 tox|[from] psn
|-damage|p2a: Eldegoss|91/100 brn|[from] brn
|upkeep
|turn|387
|
|t:|1661963916
|switch|p2a: Audino|Audino, M|86/100 brn
|move|p1a: Wishiwashi|Rest|p1a: Wishiwashi
|-status|p1a: Wishiwashi|slp|[from] move: Rest
|-heal|p1a: Wishiwashi|100/100 slp|[silent]
|
|-damage|p2a: Audino|80/100 brn|[from] brn
|upkeep
|turn|388
|
|t:|1661963927
|switch|p2a: Gigalith|Gigalith, M|99/100
|-weather|Sandstorm|[from] ability: Sand Stream|[of] p2a: Gigalith
|cant|p1a: Wishiwashi|slp
|
|-weather|Sandstorm|[upkeep]
|-damage|p1a: Wishiwashi|94/100 slp|[from] Sandstorm
|upkeep
|turn|389
|
|t:|1661963931
|switch|p1a: Sandaconda|Sandaconda, F|71/100
|-damage|p1a: Sandaconda|65/100|[from] Stealth Rock
|-status|p1a: Sandaconda|tox
|move|p2a: Gigalith|Rock Blast|p1a: Sandaconda
|-resisted|p1a: Sandaconda
|-damage|p1a: Sandaconda|60/100 tox
|-resisted|p1a: Sandaconda
|-damage|p1a: Sandaconda|56/100 tox
|-hitcount|p1a: Sandaconda|2
|
|-weather|Sandstorm|[upkeep]
|-activate|p1a: Sandaconda|ability: Shed Skin
|-curestatus|p1a: Sandaconda|tox|[msg]
|upkeep
|turn|390
|
|t:|1661963943
|switch|p2a: Quagsire|Quagsire, M|93/100
|move|p1a: Sandaconda|Coil|p1a: Sandaconda
|-boost|p1a: Sandaconda|atk|1
|-boost|p1a: Sandaconda|def|1
|-boost|p1a: Sandaconda|accuracy|1
|
|-weather|Sandstorm|[upkeep]
|upkeep
|turn|391
|
|t:|1661963946
|move|p1a: Sandaconda|Rest|p1a: Sandaconda
|-status|p1a: Sandaconda|slp|[from] move: Rest
|-heal|p1a: Sandaconda|100/100 slp|[silent]
|move|p2a: Quagsire|Scald|p1a: Sandaconda
|-supereffective|p1a: Sandaconda
|-damage|p1a: Sandaconda|64/100 slp
|
|-weather|Sandstorm|[upkeep]
|upkeep
|turn|392
|
|t:|1661963962
|switch|p2a: Audino|Audino, M|100/100 brn
|cant|p1a: Sandaconda|slp
|
|-weather|none
|-damage|p2a: Audino|94/100 brn|[from] brn
|upkeep
|turn|393
|inactive|Kingston9629 has 90 seconds left.
|
|t:|1661963971
|cant|p1a: Sandaconda|slp
|move|p2a: Audino|Knock Off|p1a: Sandaconda
|-damage|p1a: Sandaconda|61/100 slp
|
|-damage|p2a: Audino|88/100 brn|[from] brn
|upkeep
|turn|394
|
|t:|1661963976
|switch|p2a: Quagsire|Quagsire, M|93/100
|-curestatus|p1a: Sandaconda|slp|[msg]
|move|p1a: Sandaconda|Rest|p1a: Sandaconda
|-status|p1a: Sandaconda|slp|[from] move: Rest
|-heal|p1a: Sandaconda|100/100 slp|[silent]
|
|upkeep
|turn|395
|inactive|Kingston9629 has 90 seconds left.
|
|t:|1661964004
|switch|p2a: Eldegoss|Eldegoss, F|100/100 brn
|cant|p1a: Sandaconda|slp
|
|-damage|p2a: Eldegoss|94/100 brn|[from] brn
|upkeep
|turn|396
|
|t:|1661964008
|cant|p1a: Sandaconda|slp
|move|p2a: Eldegoss|Rapid Spin|p1a: Sandaconda
|-damage|p1a: Sandaconda|99/100 slp
|-boost|p2a: Eldegoss|spe|1
|
|-damage|p2a: Eldegoss|88/100 brn|[from] brn
|upkeep
|turn|397
|
|t:|1661964017
|switch|p1a: Scyther|Scyther, F|32/100 brn
|move|p2a: Eldegoss|Rapid Spin|p1a: Scyther
|-damage|p1a: Scyther|28/100 brn
|-boost|p2a: Eldegoss|spe|1
|
|-damage|p1a: Scyther|21/100 brn|[from] brn
|-damage|p2a: Eldegoss|82/100 brn|[from] brn
|upkeep
|turn|398
|
|t:|1661964037
|switch|p2a: Audino|Audino, M|100/100 brn
|move|p1a: Scyther|Dual Wingbeat|p2a: Audino|[miss]
|-miss|p1a: Scyther|p2a: Audino
|
|-damage|p1a: Scyther|15/100 brn|[from] brn
|-damage|p2a: Audino|94/100 brn|[from] brn
|upkeep
|turn|399
|inactive|Kingston9629 has 60 seconds left.
|
|t:|1661964066
|switch|p1a: Togedemaru|Togedemaru, M|81/100
|-damage|p1a: Togedemaru|75/100|[from] Stealth Rock
|move|p2a: Audino|Knock Off|p1a: Togedemaru
|-damage|p1a: Togedemaru|68/100
|-damage|p2a: Audino|82/100 brn|[from] ability: Iron Barbs|[of] p1a: Togedemaru
|
|-damage|p2a: Audino|76/100 brn|[from] brn
|upkeep
|turn|400
|
|t:|1661964072
|switch|p2a: Eldegoss|Eldegoss, F|100/100 brn
|move|p1a: Togedemaru|U-turn|p2a: Eldegoss
|-supereffective|p2a: Eldegoss
|-damage|p2a: Eldegoss|75/100 brn
|
|t:|1661964075
|switch|p1a: Wishiwashi|Wishiwashi, M|94/100 slp|[from]move: U-turn
|-damage|p1a: Wishiwashi|82/100 slp|[from] Stealth Rock
|-formechange|p1a: Wishiwashi|Wishiwashi-School||[from] ability: Schooling
|
|-damage|p2a: Eldegoss|68/100 brn|[from] brn
|upkeep
|turn|401
|
|t:|1661964090
|switch|p2a: Audino|Audino, M|100/100 brn
|cant|p1a: Wishiwashi|slp
|
|-damage|p2a: Audino|94/100 brn|[from] brn
|upkeep
|turn|402
|
|t:|1661964094
|switch|p2a: Eldegoss|Eldegoss, F|100/100 brn
|-curestatus|p1a: Wishiwashi|slp|[msg]
|move|p1a: Wishiwashi|Scald|p2a: Eldegoss
|-resisted|p2a: Eldegoss
|-damage|p2a: Eldegoss|84/100 brn
|
|-damage|p2a: Eldegoss|77/100 brn|[from] brn
|upkeep
|turn|403
|
|t:|1661964097
|switch|p2a: Audino|Audino, M|100/100 brn
|move|p1a: Wishiwashi|Scald|p2a: Audino
|-crit|p2a: Audino
|-damage|p2a: Audino|67/100 brn
|
|-damage|p2a: Audino|60/100 brn|[from] brn
|upkeep
|turn|404
|
|t:|1661964100
|switch|p2a: Eldegoss|Eldegoss, F|100/100 brn
|move|p1a: Wishiwashi|U-turn|p2a: Eldegoss
|-supereffective|p2a: Eldegoss
|-damage|p2a: Eldegoss|67/100 brn
|
|t:|1661964104
|switch|p1a: Sandaconda|Sandaconda, F|99/100 slp|[from]move: U-turn
|-damage|p1a: Sandaconda|93/100 slp|[from] Stealth Rock
|
|-activate|p1a: Sandaconda|ability: Shed Skin
|-curestatus|p1a: Sandaconda|slp|[msg]
|-damage|p2a: Eldegoss|61/100 brn|[from] brn
|upkeep
|turn|405
|
|t:|1661964108
|move|p1a: Sandaconda|Coil|p1a: Sandaconda
|-boost|p1a: Sandaconda|atk|1
|-boost|p1a: Sandaconda|def|1
|-boost|p1a: Sandaconda|accuracy|1
|move|p2a: Eldegoss|Sleep Powder|p1a: Sandaconda
|-status|p1a: Sandaconda|slp|[from] move: Sleep Powder
|
|-damage|p2a: Eldegoss|55/100 brn|[from] brn
|upkeep
|turn|406
|
|t:|1661964112
|switch|p2a: Quagsire|Quagsire, M|93/100
|cant|p1a: Sandaconda|slp
|
|upkeep
|turn|407
|
|t:|1661964117
|-curestatus|p1a: Sandaconda|slp|[msg]
|move|p1a: Sandaconda|Coil|p1a: Sandaconda
|-boost|p1a: Sandaconda|atk|1
|-boost|p1a: Sandaconda|def|1
|-boost|p1a: Sandaconda|accuracy|1
|move|p2a: Quagsire|Earthquake|p1a: Sandaconda
|-damage|p1a: Sandaconda|69/100
|
|upkeep
|turn|408
|
|t:|1661964124
|move|p1a: Sandaconda|Coil|p1a: Sandaconda
|-boost|p1a: Sandaconda|atk|1
|-boost|p1a: Sandaconda|def|1
|-boost|p1a: Sandaconda|accuracy|1
|move|p2a: Quagsire|Toxic|p1a: Sandaconda|[miss]
|-miss|p2a: Quagsire|p1a: Sandaconda
|
|upkeep
|turn|409
|
|t:|1661964130
|move|p1a: Sandaconda|Rest|p1a: Sandaconda
|-status|p1a: Sandaconda|slp|[from] move: Rest
|-heal|p1a: Sandaconda|100/100 slp|[silent]
|move|p2a: Quagsire|Toxic||[still]
|-fail|p2a: Quagsire
|
|-activate|p1a: Sandaconda|ability: Shed Skin
|-curestatus|p1a: Sandaconda|slp|[msg]
|upkeep
|turn|410
|
|t:|1661964135
|move|p1a: Sandaconda|Coil|p1a: Sandaconda
|-boost|p1a: Sandaconda|atk|1
|-boost|p1a: Sandaconda|def|1
|-boost|p1a: Sandaconda|accuracy|1
|move|p2a: Quagsire|Toxic|p1a: Sandaconda
|-status|p1a: Sandaconda|tox
|
|-damage|p1a: Sandaconda|94/100 tox|[from] psn
|upkeep
|turn|411
|
|t:|1661964141
|move|p1a: Sandaconda|Earthquake|p2a: Quagsire
|-damage|p2a: Quagsire|65/100
|move|p2a: Quagsire|Earthquake|p1a: Sandaconda
|-damage|p1a: Sandaconda|74/100 tox
|
|-activate|p1a: Sandaconda|ability: Shed Skin
|-curestatus|p1a: Sandaconda|tox|[msg]
|upkeep
|turn|412
|
|t:|1661964145
|switch|p2a: Eldegoss|Eldegoss, F|88/100 brn
|move|p1a: Sandaconda|Coil|p1a: Sandaconda
|-boost|p1a: Sandaconda|atk|1
|-boost|p1a: Sandaconda|def|1
|-boost|p1a: Sandaconda|accuracy|1
|
|-damage|p2a: Eldegoss|82/100 brn|[from] brn
|upkeep
|turn|413
|
|t:|1661964150
|switch|p2a: Quagsire|Quagsire, M|65/100
|move|p1a: Sandaconda|Rest|p1a: Sandaconda
|-status|p1a: Sandaconda|slp|[from] move: Rest
|-heal|p1a: Sandaconda|100/100 slp|[silent]
|
|-activate|p1a: Sandaconda|ability: Shed Skin
|-curestatus|p1a: Sandaconda|slp|[msg]
|upkeep
|turn|414
|
|t:|1661964155
|switch|p2a: Eldegoss|Eldegoss, F|100/100 brn
|move|p1a: Sandaconda|Coil|p1a: Sandaconda
|-boost|p1a: Sandaconda|atk|1
|-boost|p1a: Sandaconda|def|1
|-boost|p1a: Sandaconda|accuracy|1
|
|-damage|p2a: Eldegoss|94/100 brn|[from] brn
|upkeep
|turn|415
|
|t:|1661964159
|switch|p2a: Quagsire|Quagsire, M|65/100
|move|p1a: Sandaconda|Coil|p1a: Sandaconda
|-boost|p1a: Sandaconda|atk|0
|-boost|p1a: Sandaconda|def|0
|-boost|p1a: Sandaconda|accuracy|0
|
|upkeep
|turn|416
|
|t:|1661964163
|move|p1a: Sandaconda|Stone Edge|p2a: Quagsire|[miss]
|-miss|p1a: Sandaconda|p2a: Quagsire
|move|p2a: Quagsire|Scald|p1a: Sandaconda
|-supereffective|p1a: Sandaconda
|-crit|p1a: Sandaconda
|-damage|p1a: Sandaconda|47/100
|
|upkeep
|turn|417
|
|t:|1661964166
|switch|p2a: Eldegoss|Eldegoss, F|100/100 brn
|move|p1a: Sandaconda|Stone Edge|p2a: Eldegoss
|-crit|p2a: Eldegoss
|-damage|p2a: Eldegoss|0 fnt
|faint|p2a: Eldegoss
|
|upkeep
|
|t:|1661964178
|switch|p2a: Quagsire|Quagsire, M|65/100
|turn|418
|
|t:|1661964181
|move|p1a: Sandaconda|Rest|p1a: Sandaconda
|-status|p1a: Sandaconda|slp|[from] move: Rest
|-heal|p1a: Sandaconda|100/100 slp|[silent]
|move|p2a: Quagsire|Recover|p2a: Quagsire
|-heal|p2a: Quagsire|100/100
|
|-activate|p1a: Sandaconda|ability: Shed Skin
|-curestatus|p1a: Sandaconda|slp|[msg]
|upkeep
|turn|419
|
|t:|1661964186
|move|p1a: Sandaconda|Earthquake|p2a: Quagsire
|-damage|p2a: Quagsire|77/100
|move|p2a: Quagsire|Toxic|p1a: Sandaconda
|-status|p1a: Sandaconda|tox
|
|-activate|p1a: Sandaconda|ability: Shed Skin
|-curestatus|p1a: Sandaconda|tox|[msg]
|upkeep
|turn|420
|
|t:|1661964193
|move|p1a: Sandaconda|Earthquake|p2a: Quagsire
|-damage|p2a: Quagsire|49/100
|move|p2a: Quagsire|Toxic|p1a: Sandaconda
|-status|p1a: Sandaconda|tox
|
|-damage|p1a: Sandaconda|94/100 tox|[from] psn
|upkeep
|turn|421
|l| Mercedes 450 SLC
|
|t:|1661964197
|switch|p2a: Audino|Audino, M|94/100 brn
|move|p1a: Sandaconda|Coil|p1a: Sandaconda
|-boost|p1a: Sandaconda|atk|0
|-boost|p1a: Sandaconda|def|0
|-boost|p1a: Sandaconda|accuracy|0
|
|-damage|p1a: Sandaconda|82/100 tox|[from] psn
|-damage|p2a: Audino|88/100 brn|[from] brn
|upkeep
|turn|422
|
|t:|1661964200
|move|p1a: Sandaconda|Coil|p1a: Sandaconda
|-boost|p1a: Sandaconda|atk|0
|-boost|p1a: Sandaconda|def|0
|-boost|p1a: Sandaconda|accuracy|0
|move|p2a: Audino|Wish|p2a: Audino
|
|-damage|p1a: Sandaconda|64/100 tox|[from] psn
|-damage|p2a: Audino|81/100 brn|[from] brn
|upkeep
|turn|423
|
|t:|1661964202
|switch|p2a: Quagsire|Quagsire, M|49/100
|move|p1a: Sandaconda|Rest|p1a: Sandaconda
|-status|p1a: Sandaconda|slp|[from] move: Rest
|-heal|p1a: Sandaconda|100/100 slp|[silent]
|
|-heal|p2a: Quagsire|100/100|[from] move: Wish|[wisher] Audino
|-activate|p1a: Sandaconda|ability: Shed Skin
|-curestatus|p1a: Sandaconda|slp|[msg]
|upkeep
|turn|424
|
|t:|1661964209
|switch|p2a: Gigalith|Gigalith, M|99/100
|-weather|Sandstorm|[from] ability: Sand Stream|[of] p2a: Gigalith
|-activate|p1a: Sandaconda|move: Struggle
|move|p1a: Sandaconda|Struggle|p2a: Gigalith
|-damage|p2a: Gigalith|67/100
|-damage|p1a: Sandaconda|75/100|[from] recoil
|
|-weather|Sandstorm|[upkeep]
|upkeep
|turn|425
|
|t:|1661964213
|move|p2a: Gigalith|Protect|p2a: Gigalith
|-singleturn|p2a: Gigalith|Protect
|-activate|p1a: Sandaconda|move: Struggle
|move|p1a: Sandaconda|Struggle|p2a: Gigalith
|-activate|p2a: Gigalith|move: Protect
|
|-weather|Sandstorm|[upkeep]
|upkeep
|turn|426
|
|t:|1661964221
|-activate|p1a: Sandaconda|move: Struggle
|move|p1a: Sandaconda|Struggle|p2a: Gigalith
|-damage|p2a: Gigalith|31/100
|-damage|p1a: Sandaconda|50/100|[from] recoil
|move|p2a: Gigalith|Earthquake|p1a: Sandaconda
|-damage|p1a: Sandaconda|45/100
|
|-weather|Sandstorm|[upkeep]
|upkeep
|turn|427
|
|t:|1661964231
|switch|p2a: Quagsire|Quagsire, M|100/100
|-activate|p1a: Sandaconda|move: Struggle
|move|p1a: Sandaconda|Struggle|p2a: Quagsire
|-damage|p2a: Quagsire|92/100
|-damage|p1a: Sandaconda|20/100|[from] recoil
|
|-weather|Sandstorm|[upkeep]
|upkeep
|turn|428
|j| Mercedes 450 SLC
|
|t:|1661964240
|-activate|p1a: Sandaconda|move: Struggle
|move|p1a: Sandaconda|Struggle|p2a: Quagsire
|-damage|p2a: Quagsire|83/100
|-damage|p1a: Sandaconda|0 fnt|[from] recoil
|faint|p1a: Sandaconda
|move|p2a: Quagsire|Toxic|p1: Sandaconda|[notarget]
|-fail|p2a: Quagsire
|
|-weather|none
|upkeep
|
|t:|1661964245
|switch|p1a: Scyther|Scyther, F|15/100 brn
|turn|429
|
|t:|1661964249
|switch|p2a: Audino|Audino, M|100/100 brn
|move|p1a: Scyther|Knock Off|p2a: Audino
|-damage|p2a: Audino|91/100 brn
|
|-damage|p1a: Scyther|9/100 brn|[from] brn
|-damage|p2a: Audino|85/100 brn|[from] brn
|upkeep
|turn|430
|
|t:|1661964254
|switch|p1a: Togedemaru|Togedemaru, M|68/100
|-damage|p1a: Togedemaru|62/100|[from] Stealth Rock
|move|p2a: Audino|Wish|p2a: Audino
|
|-damage|p2a: Audino|79/100 brn|[from] brn
|upkeep
|turn|431
|
|t:|1661964263
|switch|p2a: Quagsire|Quagsire, M|83/100
|move|p1a: Togedemaru|Iron Head|p2a: Quagsire
|-resisted|p2a: Quagsire
|-damage|p2a: Quagsire|74/100
|
|-heal|p2a: Quagsire|100/100|[from] move: Wish|[wisher] Audino
|upkeep
|turn|432
|
|t:|1661964266
|switch|p2a: Audino|Audino, M|100/100 brn
|move|p1a: Togedemaru|Spiky Shield||[still]
|-fail|p1a: Togedemaru
|
|-damage|p2a: Audino|94/100 brn|[from] brn
|upkeep
|turn|433
|
|t:|1661964273
|switch|p2a: Quagsire|Quagsire, M|100/100
|move|p1a: Togedemaru|Wish|p1a: Togedemaru
|
|upkeep
|turn|434
|
|t:|1661964277
|switch|p2a: Audino|Audino, M|100/100 brn
|move|p1a: Togedemaru|U-turn|p2a: Audino
|-damage|p2a: Audino|85/100 brn
|
|t:|1661964280
|switch|p1a: Scyther|Scyther, F|9/100 brn|[from]move: U-turn
|
|-heal|p1a: Scyther|69/100 brn|[from] move: Wish|[wisher] Togedemaru
|-damage|p1a: Scyther|63/100 brn|[from] brn
|-damage|p2a: Audino|79/100 brn|[from] brn
|upkeep
|turn|435
|
|t:|1661964286
|move|p1a: Scyther|Knock Off|p2a: Audino
|-damage|p2a: Audino|70/100 brn
|move|p2a: Audino|Wish|p2a: Audino
|
|-damage|p1a: Scyther|57/100 brn|[from] brn
|-damage|p2a: Audino|64/100 brn|[from] brn
|upkeep
|turn|436
|
|t:|1661964289
|switch|p2a: Gigalith|Gigalith, M|31/100
|-weather|Sandstorm|[from] ability: Sand Stream|[of] p2a: Gigalith
|move|p1a: Scyther|Knock Off|p2a: Gigalith
|-damage|p2a: Gigalith|24/100
|
|-weather|Sandstorm|[upkeep]
|-damage|p1a: Scyther|51/100 brn|[from] Sandstorm
|-heal|p2a: Gigalith|79/100|[from] move: Wish|[wisher] Audino
|-damage|p1a: Scyther|45/100 brn|[from] brn
|upkeep
|turn|437
|
|t:|1661964305
|switch|p1a: Wishiwashi|Wishiwashi, M|82/100
|-damage|p1a: Wishiwashi|70/100|[from] Stealth Rock
|-status|p1a: Wishiwashi|tox
|-formechange|p1a: Wishiwashi|Wishiwashi-School||[from] ability: Schooling
|move|p2a: Gigalith|Earthquake|p1a: Wishiwashi
|-damage|p1a: Wishiwashi|49/100 tox
|
|-weather|Sandstorm|[upkeep]
|-damage|p1a: Wishiwashi|42/100 tox|[from] Sandstorm
|-damage|p1a: Wishiwashi|36/100 tox|[from] psn
|upkeep
|turn|438
|inactive|Kingston9629 has 60 seconds left.
|
|t:|1661964313
|move|p2a: Gigalith|Protect|p2a: Gigalith
|-singleturn|p2a: Gigalith|Protect
|move|p1a: Wishiwashi|Rest|p1a: Wishiwashi
|-status|p1a: Wishiwashi|slp|[from] move: Rest
|-heal|p1a: Wishiwashi|100/100 slp|[silent]
|
|-weather|Sandstorm|[upkeep]
|-damage|p1a: Wishiwashi|94/100 slp|[from] Sandstorm
|upkeep
|turn|439
|
|t:|1661964316
|switch|p2a: Audino|Audino, M|97/100 brn
|cant|p1a: Wishiwashi|slp
|
|-weather|Sandstorm|[upkeep]
|-damage|p2a: Audino|91/100 brn|[from] Sandstorm
|-damage|p1a: Wishiwashi|88/100 slp|[from] Sandstorm
|-damage|p2a: Audino|85/100 brn|[from] brn
|upkeep
|turn|440
|l| Mercedes 450 SLC
|inactive|Kingston9629 has 60 seconds left.
|
|t:|1661964324
|move|p2a: Audino|Knock Off|p1a: Wishiwashi
|-damage|p1a: Wishiwashi|84/100 slp
|cant|p1a: Wishiwashi|slp
|
|-weather|none
|-damage|p2a: Audino|79/100 brn|[from] brn
|upkeep
|turn|441
|j| Mercedes 450 SLC
|inactive|Kingston9629 has 60 seconds left.
|
|t:|1661964329
|move|p2a: Audino|Protect|p2a: Audino
|-singleturn|p2a: Audino|Protect
|-curestatus|p1a: Wishiwashi|slp|[msg]
|move|p1a: Wishiwashi|U-turn|p2a: Audino
|-activate|p2a: Audino|move: Protect
|
|-damage|p2a: Audino|73/100 brn|[from] brn
|upkeep
|turn|442
|
|t:|1661964334
|move|p2a: Audino|Wish|p2a: Audino
|move|p1a: Wishiwashi|U-turn|p2a: Audino
|-damage|p2a: Audino|53/100 brn
|
|t:|1661964338
|switch|p1a: Togedemaru|Togedemaru, M|62/100|[from]move: U-turn
|-damage|p1a: Togedemaru|56/100|[from] Stealth Rock
|
|-damage|p2a: Audino|47/100 brn|[from] brn
|upkeep
|turn|443
|l| Mercedes 450 SLC
|inactive|Kingston9629 has 60 seconds left.
|
|t:|1661964353
|switch|p2a: Gigalith|Gigalith, M|79/100
|-weather|Sandstorm|[from] ability: Sand Stream|[of] p2a: Gigalith
|move|p1a: Togedemaru|Spiky Shield||[still]
|-fail|p1a: Togedemaru
|
|-weather|Sandstorm|[upkeep]
|-heal|p2a: Gigalith|100/100|[from] move: Wish|[wisher] Audino
|upkeep
|turn|444
|
|t:|1661964366
|switch|p2a: Quagsire|Quagsire, M|100/100
|move|p1a: Togedemaru|Iron Head|p2a: Quagsire
|-resisted|p2a: Quagsire
|-damage|p2a: Quagsire|92/100
|
|-weather|Sandstorm|[upkeep]
|upkeep
|turn|445
|
|t:|1661964370
|switch|p2a: Audino|Audino, M|80/100 brn
|move|p1a: Togedemaru|Iron Head|p2a: Audino
|-crit|p2a: Audino
|-damage|p2a: Audino|44/100 brn
|
|-weather|Sandstorm|[upkeep]
|-damage|p2a: Audino|38/100 brn|[from] Sandstorm
|-damage|p2a: Audino|32/100 brn|[from] brn
|upkeep
|turn|446
|
|t:|1661964375
|switch|p2a: Quagsire|Quagsire, M|92/100
|move|p1a: Togedemaru|Iron Head|p2a: Quagsire
|-resisted|p2a: Quagsire
|-damage|p2a: Quagsire|82/100
|
|-weather|Sandstorm|[upkeep]
|upkeep
|turn|447
|
|t:|1661964378
|switch|p2a: Audino|Audino, M|65/100 brn
|move|p1a: Togedemaru|Iron Head|p2a: Audino
|-damage|p2a: Audino|40/100 brn
|
|-weather|none
|-damage|p2a: Audino|34/100 brn|[from] brn
|upkeep
|turn|448
|
|t:|1661964382
|switch|p2a: Quagsire|Quagsire, M|82/100
|move|p1a: Togedemaru|U-turn|p2a: Quagsire
|-damage|p2a: Quagsire|72/100
|
|t:|1661964383
|switch|p1a: Scyther|Scyther, F|45/100 brn|[from]move: U-turn
|
|-damage|p1a: Scyther|39/100 brn|[from] brn
|upkeep
|turn|449
|
|t:|1661964392
|switch|p2a: Audino|Audino, M|67/100 brn
|move|p1a: Scyther|Dual Wingbeat|p2a: Audino|[miss]
|-miss|p1a: Scyther|p2a: Audino
|
|-damage|p1a: Scyther|33/100 brn|[from] brn
|-damage|p2a: Audino|61/100 brn|[from] brn
|upkeep
|turn|450
|c|☆PULT4S3 Prod|gg
|c|☆Kingston9629|gg
|c|☆PULT4S3 Prod|the two hit
|c|☆PULT4S3 Prod|rockblast
|c|☆PULT4S3 Prod|vs cofag
|c|☆PULT4S3 Prod|make u win this shit
|c|☆Kingston9629|lmao
|-message|PULT4S3 Prod forfeited.
|
|win|Kingston9629
|raw|PULT4S3 Prod's rating: 1496 &rarr; <strong>1477</strong><br />(-19 for losing)
|raw|Kingston9629's rating: 1511 &rarr; <strong>1530</strong><br />(+19 for winning)
|l|☆PULT4S3 Prod
|c|☆Kingston9629|keep crying
|l|☆Kingston9629
