|j|☆CART0L4
|j|☆Nocterem
|t:|1652316472
|gametype|singles
|player|p1|CART0L4|riley|1247
|player|p2|Nocterem|blue|1328
|teamsize|p1|6
|teamsize|p2|6
|gen|8
|tier|[Gen 8] PU
|rated|
|rule|Sleep Clause Mod: Limit one foe put to sleep
|rule|Species Clause: Limit one of each Pokémon
|rule|OHKO Clause: OHKO moves are banned
|rule|Evasion Moves Clause: Evasion moves are banned
|rule|Endless Battle Clause: Forcing endless battles is banned
|rule|HP Percentage Mod: HP is shown in percentages
|rule|Dynamax Clause: You cannot dynamax
|clearpoke
|poke|p1|Hattrem, F|
|poke|p1|Palossand, M|
|poke|p1|Whimsicott, F|
|poke|p1|Charizard, M|
|poke|p1|Skuntank, F|
|poke|p1|Vikavolt, M|
|poke|p2|Malamar, F|
|poke|p2|Rotom-Fan|
|poke|p2|Leafeon, M|
|poke|p2|Pyukumuku, F|
|poke|p2|Silvally-*|
|poke|p2|Cofagrigus, M|
|teampreview
|
|t:|1652316492
|start
|switch|p1a: Vikavolt|Vikavolt, M, shiny|100/100
|switch|p2a: Silvally|Silvally-Fire, shiny|100/100
|turn|1
|
|t:|1652316506
|switch|p1a: Palossand|Palossand, M|100/100
|move|p2a: Silvally|Swords Dance|p2a: Silvally
|-boost|p2a: Silvally|atk|2
|
|upkeep
|turn|2
|
|t:|1652316514
|switch|p2a: Rotom|Rotom-Fan, shiny|100/100
|move|p1a: Palossand|Earth Power|p2a: Rotom
|-immune|p2a: Rotom
|
|upkeep
|turn|3
|
|t:|1652316554
|move|p2a: Rotom|Air Slash|p1a: Palossand
|-damage|p1a: Palossand|67/100
|move|p1a: Palossand|Shadow Ball|p2a: Rotom
|-damage|p2a: Rotom|63/100
|
|upkeep
|turn|4
|inactive|Battle timer is ON: inactive players will automatically lose when time's up. (requested by Nocterem)
|
|t:|1652316574
|switch|p2a: Leafeon|Leafeon, M, shiny|100/100
|switch|p1a: Skuntank|Skuntank, F, shiny|100/100
|
|upkeep
|turn|5
|
|t:|1652316593
|switch|p2a: Pyukumuku|Pyukumuku, F|100/100
|move|p1a: Skuntank|Poison Jab|p2a: Pyukumuku
|-damage|p2a: Pyukumuku|68/100
|
|-heal|p2a: Pyukumuku|74/100|[from] item: Leftovers
|upkeep
|turn|6
|
|t:|1652316603
|move|p1a: Skuntank|Toxic|p2a: Pyukumuku
|-status|p2a: Pyukumuku|tox
|move|p2a: Pyukumuku|Counter||[still]
|-fail|p2a: Pyukumuku
|
|-heal|p2a: Pyukumuku|80/100 tox|[from] item: Leftovers
|-damage|p2a: Pyukumuku|74/100 tox|[from] psn
|upkeep
|turn|7
|
|t:|1652316613
|move|p1a: Skuntank|Poison Jab|p2a: Pyukumuku
|-damage|p2a: Pyukumuku|46/100 tox
|move|p2a: Pyukumuku|Recover|p2a: Pyukumuku
|-heal|p2a: Pyukumuku|96/100 tox
|
|-heal|p2a: Pyukumuku|100/100 tox|[from] item: Leftovers
|-damage|p2a: Pyukumuku|88/100 tox|[from] psn
|upkeep
|turn|8
|
|t:|1652316623
|move|p1a: Skuntank|Toxic|p2a: Pyukumuku
|-fail|p2a: Pyukumuku|tox
|move|p2a: Pyukumuku|Counter||[still]
|-fail|p2a: Pyukumuku
|
|-heal|p2a: Pyukumuku|94/100 tox|[from] item: Leftovers
|-damage|p2a: Pyukumuku|76/100 tox|[from] psn
|upkeep
|turn|9
|
|t:|1652316633
|switch|p2a: Malamar|Malamar, F|100/100
|move|p1a: Skuntank|Toxic|p2a: Malamar
|-status|p2a: Malamar|tox
|
|-damage|p2a: Malamar|94/100 tox|[from] psn
|upkeep
|turn|10
|
|t:|1652316651
|move|p1a: Skuntank|Sucker Punch|p2a: Malamar
|-damage|p2a: Malamar|65/100 tox
|move|p2a: Malamar|Superpower|p1a: Skuntank
|-damage|p1a: Skuntank|62/100
|-boost|p2a: Malamar|atk|1
|-boost|p2a: Malamar|def|1
|
|-heal|p1a: Skuntank|68/100|[from] item: Black Sludge
|-damage|p2a: Malamar|53/100 tox|[from] psn
|upkeep
|turn|11
|
|t:|1652316663
|switch|p1a: Palossand|Palossand, M|67/100
|move|p2a: Malamar|Knock Off|p1a: Palossand
|-supereffective|p1a: Palossand
|-damage|p1a: Palossand|0 fnt
|-enditem|p1a: Palossand|Custap Berry|[from] move: Knock Off|[of] p2a: Malamar
|faint|p1a: Palossand
|
|-damage|p2a: Malamar|34/100 tox|[from] psn
|upkeep
|
|t:|1652316674
|switch|p1a: Whimsicott|Whimsicott, F|100/100
|turn|12
|
|t:|1652316688
|move|p1a: Whimsicott|Protect|p1a: Whimsicott
|-singleturn|p1a: Whimsicott|Protect
|move|p2a: Malamar|Psycho Cut|p1a: Whimsicott
|-activate|p1a: Whimsicott|move: Protect
|
|-damage|p2a: Malamar|10/100 tox|[from] psn
|upkeep
|turn|13
|
|t:|1652316701
|move|p1a: Whimsicott|Substitute|p1a: Whimsicott
|-start|p1a: Whimsicott|Substitute
|-damage|p1a: Whimsicott|76/100
|move|p2a: Malamar|Knock Off|p1a: Whimsicott
|-resisted|p1a: Whimsicott
|-end|p1a: Whimsicott|Substitute
|
|-heal|p1a: Whimsicott|82/100|[from] item: Leftovers
|-damage|p2a: Malamar|0 fnt|[from] psn
|faint|p2a: Malamar
|upkeep
|
|t:|1652316705
|switch|p2a: Silvally|Silvally-Fire, shiny|100/100
|turn|14
|
|t:|1652316720
|move|p1a: Whimsicott|Leech Seed|p2a: Silvally
|-start|p2a: Silvally|move: Leech Seed
|move|p2a: Silvally|Swords Dance|p2a: Silvally
|-boost|p2a: Silvally|atk|2
|
|-heal|p1a: Whimsicott|88/100|[from] item: Leftovers
|-damage|p2a: Silvally|88/100|[from] Leech Seed|[of] p1a: Whimsicott
|-heal|p1a: Whimsicott|100/100|[silent]
|upkeep
|turn|15
|
|t:|1652316730
|switch|p2a: Leafeon|Leafeon, M, shiny|100/100
|move|p1a: Whimsicott|Substitute|p1a: Whimsicott
|-start|p1a: Whimsicott|Substitute
|-damage|p1a: Whimsicott|76/100
|
|-heal|p1a: Whimsicott|82/100|[from] item: Leftovers
|upkeep
|turn|16
|
|t:|1652316741
|move|p2a: Leafeon|Heal Bell|p2a: Leafeon
|-activate|p2a: Leafeon|move: Heal Bell
|-curestatus|p2: Pyukumuku|tox|[msg]
|move|p1a: Whimsicott|U-turn|p2a: Leafeon
|-supereffective|p2a: Leafeon
|-damage|p2a: Leafeon|79/100
|
|t:|1652316756
|switch|p1a: Skuntank|Skuntank, F, shiny|68/100|[from]move: U-turn
|
|-heal|p2a: Leafeon|85/100|[from] item: Leftovers
|-heal|p1a: Skuntank|74/100|[from] item: Black Sludge
|upkeep
|turn|17
|
|t:|1652316769
|switch|p2a: Rotom|Rotom-Fan, shiny|63/100
|move|p1a: Skuntank|Toxic|p2a: Rotom
|-status|p2a: Rotom|tox
|
|-heal|p1a: Skuntank|80/100|[from] item: Black Sludge
|-damage|p2a: Rotom|57/100 tox|[from] psn
|upkeep
|turn|18
|
|t:|1652316791
|move|p2a: Rotom|Volt Switch|p1a: Skuntank
|-damage|p1a: Skuntank|40/100
|
|t:|1652316799
|switch|p2a: Cofagrigus|Cofagrigus, M, shiny|100/100|[from]move: Volt Switch
|move|p1a: Skuntank|Poison Jab|p2a: Cofagrigus
|-resisted|p2a: Cofagrigus
|-damage|p2a: Cofagrigus|85/100
|-status|p2a: Cofagrigus|psn
|-activate|p2a: Cofagrigus|ability: Mummy|Aftermath|[of] p1a: Skuntank
|
|-heal|p1a: Skuntank|46/100|[from] item: Black Sludge
|-heal|p2a: Cofagrigus|92/100 psn|[from] item: Leftovers
|-damage|p2a: Cofagrigus|79/100 psn|[from] psn
|upkeep
|turn|19
|inactive|CART0L4 has 120 seconds left.
|
|t:|1652316830
|switch|p2a: Rotom|Rotom-Fan, shiny|57/100 tox
|move|p1a: Skuntank|Poison Jab|p2a: Rotom
|-damage|p2a: Rotom|25/100 tox
|
|-heal|p1a: Skuntank|52/100|[from] item: Black Sludge
|-damage|p2a: Rotom|19/100 tox|[from] psn
|upkeep
|turn|20
|
|t:|1652316840
|move|p1a: Skuntank|Sucker Punch||[still]
|-fail|p1a: Skuntank
|move|p2a: Rotom|Will-O-Wisp|p1a: Skuntank|[miss]
|-miss|p2a: Rotom|p1a: Skuntank
|
|-heal|p1a: Skuntank|58/100|[from] item: Black Sludge
|-damage|p2a: Rotom|6/100 tox|[from] psn
|upkeep
|turn|21
|inactive|CART0L4 has 120 seconds left.
|
|t:|1652316850
|move|p1a: Skuntank|Sucker Punch|p2a: Rotom
|-damage|p2a: Rotom|0 fnt
|faint|p2a: Rotom
|
|-heal|p1a: Skuntank|64/100|[from] item: Black Sludge
|upkeep
|
|t:|1652316855
|switch|p2a: Silvally|Silvally-Fire, shiny|88/100
|turn|22
|inactive|CART0L4 has 120 seconds left.
|
|t:|1652316868
|move|p2a: Silvally|Multi-Attack|p1a: Skuntank
|-damage|p1a: Skuntank|12/100
|move|p1a: Skuntank|Toxic|p2a: Silvally
|-status|p2a: Silvally|tox
|
|-heal|p1a: Skuntank|18/100|[from] item: Black Sludge
|-damage|p2a: Silvally|82/100 tox|[from] psn
|upkeep
|turn|23
|inactive|CART0L4 has 120 seconds left.
|
|t:|1652316883
|switch|p2a: Leafeon|Leafeon, M, shiny|85/100
|move|p1a: Skuntank|Sucker Punch||[still]
|-fail|p1a: Skuntank
|
|-heal|p2a: Leafeon|91/100|[from] item: Leftovers
|-heal|p1a: Skuntank|24/100|[from] item: Black Sludge
|upkeep
|turn|24
|
|t:|1652316892
|move|p2a: Leafeon|Leaf Blade|p1a: Skuntank
|-resisted|p1a: Skuntank
|-damage|p1a: Skuntank|5/100
|-activate|p1a: Skuntank|ability: Mummy|Chlorophyll|[of] p2a: Leafeon
|move|p1a: Skuntank|Poison Jab|p2a: Leafeon
|-supereffective|p2a: Leafeon
|-damage|p2a: Leafeon|26/100
|
|-heal|p2a: Leafeon|32/100|[from] item: Leftovers
|-heal|p1a: Skuntank|11/100|[from] item: Black Sludge
|upkeep
|turn|25
|inactive|CART0L4 has 120 seconds left.
|
|t:|1652316930
|move|p2a: Leafeon|Heal Bell|p2a: Leafeon
|-activate|p2a: Leafeon|move: Heal Bell
|-curestatus|p2: Silvally|tox|[msg]
|-curestatus|p2: Cofagrigus|psn|[msg]
|move|p1a: Skuntank|Poison Jab|p2a: Leafeon
|-supereffective|p2a: Leafeon
|-damage|p2a: Leafeon|0 fnt
|faint|p2a: Leafeon
|
|-heal|p1a: Skuntank|17/100|[from] item: Black Sludge
|upkeep
|
|t:|1652316939
|switch|p2a: Silvally|Silvally-Fire, shiny|82/100
|turn|26
|
|t:|1652316949
|move|p2a: Silvally|Flame Charge|p1a: Skuntank
|-damage|p1a: Skuntank|0 fnt
|-boost|p2a: Silvally|spe|1
|faint|p1a: Skuntank
|
|upkeep
|
|t:|1652316962
|switch|p1a: Hattrem|Hattrem, F|100/100
|turn|27
|
|t:|1652316968
|move|p2a: Silvally|Swords Dance|p2a: Silvally
|-boost|p2a: Silvally|atk|2
|move|p1a: Hattrem|Nuzzle|p2a: Silvally
|-damage|p2a: Silvally|80/100
|-status|p2a: Silvally|par
|
|upkeep
|turn|28
|
|t:|1652316989
|move|p2a: Silvally|Flame Charge|p1a: Hattrem
|-damage|p1a: Hattrem|66/100
|-boost|p2a: Silvally|spe|1
|move|p1a: Hattrem|Mystical Fire|p2a: Silvally
|-resisted|p2a: Silvally
|-damage|p2a: Silvally|71/100 par
|-unboost|p2a: Silvally|spa|1
|
|upkeep
|turn|29
|
|t:|1652317002
|switch|p1a: Charizard|Charizard, M|100/100
|move|p2a: Silvally|Flame Charge|p1a: Charizard
|-resisted|p1a: Charizard
|-damage|p1a: Charizard|69/100
|-boost|p2a: Silvally|spe|1
|
|upkeep
|turn|30
|inactive|CART0L4 has 90 seconds left.
|
|t:|1652317028
|switch|p1a: Hattrem|Hattrem, F|66/100
|cant|p2a: Silvally|par
|
|upkeep
|turn|31
|
|t:|1652317034
|move|p2a: Silvally|Multi-Attack|p1a: Hattrem
|-damage|p1a: Hattrem|0 fnt
|faint|p1a: Hattrem
|
|upkeep
|
|t:|1652317062
|switch|p1a: Whimsicott|Whimsicott, F|82/100
|turn|32
|
|t:|1652317067
|move|p1a: Whimsicott|Substitute|p1a: Whimsicott
|-start|p1a: Whimsicott|Substitute
|-damage|p1a: Whimsicott|57/100
|cant|p2a: Silvally|par
|
|-heal|p1a: Whimsicott|63/100|[from] item: Leftovers
|upkeep
|turn|33
|
|t:|1652317078
|move|p1a: Whimsicott|Leech Seed|p2a: Silvally
|-start|p2a: Silvally|move: Leech Seed
|move|p2a: Silvally|Flame Charge|p1a: Whimsicott
|-supereffective|p1a: Whimsicott
|-end|p1a: Whimsicott|Substitute
|-boost|p2a: Silvally|spe|1
|
|-heal|p1a: Whimsicott|70/100|[from] item: Leftovers
|-damage|p2a: Silvally|59/100 par|[from] Leech Seed|[of] p1a: Whimsicott
|-heal|p1a: Whimsicott|82/100|[silent]
|upkeep
|turn|34
|
|t:|1652317090
|switch|p2a: Pyukumuku|Pyukumuku, F|76/100
|move|p1a: Whimsicott|Substitute|p1a: Whimsicott
|-start|p1a: Whimsicott|Substitute
|-damage|p1a: Whimsicott|57/100
|
|-heal|p1a: Whimsicott|64/100|[from] item: Leftovers
|-heal|p2a: Pyukumuku|82/100|[from] item: Leftovers
|upkeep
|turn|35
|
|t:|1652317110
|move|p1a: Whimsicott|Leech Seed|p2a: Pyukumuku
|-start|p2a: Pyukumuku|move: Leech Seed
|move|p2a: Pyukumuku|Counter||[still]
|-fail|p2a: Pyukumuku
|
|-heal|p1a: Whimsicott|70/100|[from] item: Leftovers
|-heal|p2a: Pyukumuku|88/100|[from] item: Leftovers
|-damage|p2a: Pyukumuku|76/100|[from] Leech Seed|[of] p1a: Whimsicott
|-heal|p1a: Whimsicott|82/100|[silent]
|upkeep
|turn|36
|inactive|CART0L4 has 60 seconds left.
|
|t:|1652317131
|switch|p2a: Silvally|Silvally-Fire, shiny|59/100 par
|move|p1a: Whimsicott|Leech Seed|p2a: Silvally
|-start|p2a: Silvally|move: Leech Seed
|
|-heal|p1a: Whimsicott|88/100|[from] item: Leftovers
|-damage|p2a: Silvally|46/100 par|[from] Leech Seed|[of] p1a: Whimsicott
|-heal|p1a: Whimsicott|100/100|[silent]
|upkeep
|turn|37
|inactive|CART0L4 has 60 seconds left.
|
|t:|1652317147
|switch|p2a: Pyukumuku|Pyukumuku, F|76/100
|move|p1a: Whimsicott|Protect||[still]
|-fail|p1a: Whimsicott
|
|-heal|p2a: Pyukumuku|82/100|[from] item: Leftovers
|upkeep
|turn|38
|
|t:|1652317156
|move|p1a: Whimsicott|Leech Seed|p2a: Pyukumuku
|-start|p2a: Pyukumuku|move: Leech Seed
|move|p2a: Pyukumuku|Mirror Coat||[still]
|-fail|p2a: Pyukumuku
|
|-heal|p2a: Pyukumuku|88/100|[from] item: Leftovers
|-damage|p2a: Pyukumuku|76/100|[from] Leech Seed|[of] p1a: Whimsicott
|upkeep
|turn|39
|
|t:|1652317166
|switch|p2a: Cofagrigus|Cofagrigus, M, shiny|79/100
|move|p1a: Whimsicott|U-turn|p2a: Cofagrigus
|-resisted|p2a: Cofagrigus
|-damage|p2a: Cofagrigus|75/100
|-activate|p2a: Cofagrigus|ability: Mummy|Prankster|[of] p1a: Whimsicott
|
|t:|1652317175
|switch|p1a: Vikavolt|Vikavolt, M, shiny|100/100|[from]move: U-turn
|
|-heal|p2a: Cofagrigus|81/100|[from] item: Leftovers
|upkeep
|turn|40
|
|t:|1652317186
|move|p1a: Vikavolt|Volt Switch|p2a: Cofagrigus
|-damage|p2a: Cofagrigus|33/100
|
|t:|1652317195
|switch|p1a: Whimsicott|Whimsicott, F|100/100|[from]move: Volt Switch
|move|p2a: Cofagrigus|Night Shade|p1a: Whimsicott
|-damage|p1a: Whimsicott|70/100
|
|-heal|p1a: Whimsicott|76/100|[from] item: Leftovers
|-heal|p2a: Cofagrigus|40/100|[from] item: Leftovers
|upkeep
|turn|41
|
|t:|1652317208
|move|p1a: Whimsicott|Leech Seed|p2a: Cofagrigus
|-start|p2a: Cofagrigus|move: Leech Seed
|move|p2a: Cofagrigus|Rest|p2a: Cofagrigus
|-status|p2a: Cofagrigus|slp|[from] move: Rest
|-heal|p2a: Cofagrigus|100/100 slp|[silent]
|
|-heal|p1a: Whimsicott|82/100|[from] item: Leftovers
|-damage|p2a: Cofagrigus|88/100 slp|[from] Leech Seed|[of] p1a: Whimsicott
|-heal|p1a: Whimsicott|94/100|[silent]
|upkeep
|turn|42
|
|t:|1652317221
|switch|p1a: Charizard|Charizard, M|69/100
|switch|p2a: Silvally|Silvally-Fire, shiny|46/100 par
|
|upkeep
|turn|43
|
|t:|1652317229
|switch|p2a: Pyukumuku|Pyukumuku, F|76/100
|move|p1a: Charizard|Belly Drum|p1a: Charizard
|-damage|p1a: Charizard|19/100
|-setboost|p1a: Charizard|atk|6|[from] move: Belly Drum
|-enditem|p1a: Charizard|Sitrus Berry|[eat]
|-heal|p1a: Charizard|44/100|[from] item: Sitrus Berry
|
|-heal|p2a: Pyukumuku|82/100|[from] item: Leftovers
|upkeep
|turn|44
|
|t:|1652317240
|move|p1a: Charizard|Acrobatics|p2a: Pyukumuku
|-damage|p2a: Pyukumuku|44/100
|move|p2a: Pyukumuku|Recover|p2a: Pyukumuku
|-heal|p2a: Pyukumuku|94/100
|
|-heal|p2a: Pyukumuku|99/100|[from] item: Leftovers
|upkeep
|turn|45
|
|t:|1652317254
|switch|p1a: Vikavolt|Vikavolt, M, shiny|100/100
|move|p2a: Pyukumuku|Toxic|p1a: Vikavolt
|-status|p1a: Vikavolt|tox
|
|-heal|p2a: Pyukumuku|100/100|[from] item: Leftovers
|-damage|p1a: Vikavolt|94/100 tox|[from] psn
|upkeep
|turn|46
|
|t:|1652317263
|move|p1a: Vikavolt|Volt Switch|p2a: Pyukumuku
|-supereffective|p2a: Pyukumuku
|-damage|p2a: Pyukumuku|5/100
|
|t:|1652317268
|switch|p1a: Charizard|Charizard, M|44/100|[from]move: Volt Switch
|move|p2a: Pyukumuku|Mirror Coat|p1a: Charizard
|-damage|p1a: Charizard|0 fnt
|faint|p1a: Charizard
|
|-heal|p2a: Pyukumuku|11/100|[from] item: Leftovers
|upkeep
|
|t:|1652317283
|switch|p1a: Vikavolt|Vikavolt, M, shiny|94/100 tox
|turn|47
|
|t:|1652317289
|move|p1a: Vikavolt|Volt Switch|p2a: Pyukumuku
|-supereffective|p2a: Pyukumuku
|-damage|p2a: Pyukumuku|0 fnt
|faint|p2a: Pyukumuku
|
|t:|1652317294
|switch|p1a: Whimsicott|Whimsicott, F|94/100|[from]move: Volt Switch
|
|-heal|p1a: Whimsicott|100/100|[from] item: Leftovers
|upkeep
|
|t:|1652317295
|switch|p2a: Silvally|Silvally-Fire, shiny|46/100 par
|turn|48
|
|t:|1652317305
|move|p1a: Whimsicott|Substitute|p1a: Whimsicott
|-start|p1a: Whimsicott|Substitute
|-damage|p1a: Whimsicott|76/100
|move|p2a: Silvally|Multi-Attack|p1a: Whimsicott
|-supereffective|p1a: Whimsicott
|-end|p1a: Whimsicott|Substitute
|
|-heal|p1a: Whimsicott|82/100|[from] item: Leftovers
|upkeep
|turn|49
|
|t:|1652317315
|move|p1a: Whimsicott|Substitute|p1a: Whimsicott
|-start|p1a: Whimsicott|Substitute
|-damage|p1a: Whimsicott|57/100
|move|p2a: Silvally|Multi-Attack|p1a: Whimsicott
|-supereffective|p1a: Whimsicott
|-end|p1a: Whimsicott|Substitute
|
|-heal|p1a: Whimsicott|63/100|[from] item: Leftovers
|upkeep
|turn|50
|
|t:|1652317325
|move|p1a: Whimsicott|Substitute|p1a: Whimsicott
|-start|p1a: Whimsicott|Substitute
|-damage|p1a: Whimsicott|39/100
|move|p2a: Silvally|Multi-Attack|p1a: Whimsicott
|-supereffective|p1a: Whimsicott
|-end|p1a: Whimsicott|Substitute
|
|-heal|p1a: Whimsicott|45/100|[from] item: Leftovers
|upkeep
|turn|51
|
|t:|1652317337
|move|p1a: Whimsicott|Substitute|p1a: Whimsicott
|-start|p1a: Whimsicott|Substitute
|-damage|p1a: Whimsicott|20/100
|move|p2a: Silvally|Multi-Attack|p1a: Whimsicott
|-supereffective|p1a: Whimsicott
|-end|p1a: Whimsicott|Substitute
|
|-heal|p1a: Whimsicott|26/100|[from] item: Leftovers
|upkeep
|turn|52
|
|t:|1652317349
|move|p1a: Whimsicott|Substitute|p1a: Whimsicott
|-start|p1a: Whimsicott|Substitute
|-damage|p1a: Whimsicott|1/100
|move|p2a: Silvally|Flame Charge|p1a: Whimsicott
|-supereffective|p1a: Whimsicott
|-end|p1a: Whimsicott|Substitute
|-boost|p2a: Silvally|spe|1
|
|-heal|p1a: Whimsicott|8/100|[from] item: Leftovers
|upkeep
|turn|53
|
|t:|1652317360
|move|p1a: Whimsicott|Leech Seed|p2a: Silvally
|-start|p2a: Silvally|move: Leech Seed
|move|p2a: Silvally|Multi-Attack|p1a: Whimsicott
|-supereffective|p1a: Whimsicott
|-damage|p1a: Whimsicott|0 fnt
|faint|p1a: Whimsicott
|
|upkeep
|
|t:|1652317368
|switch|p1a: Vikavolt|Vikavolt, M, shiny|94/100 tox
|turn|54
|
|t:|1652317379
|move|p2a: Silvally|Multi-Attack|p1a: Vikavolt
|-supereffective|p1a: Vikavolt
|-damage|p1a: Vikavolt|0 fnt
|faint|p1a: Vikavolt
|
|win|Nocterem
|raw|CART0L4's rating: 1247 &rarr; <strong>1228</strong><br />(-19 for losing)
|raw|Nocterem's rating: 1328 &rarr; <strong>1343</strong><br />(+15 for winning)
|l|☆CART0L4
