|j|☆uult5 somalia
|j|☆xitrxA
|player|p1|uult5 somalia|emmet|1476
|player|p2|xitrxA|swimmerm-gen3rs|1553
|teamsize|p1|6
|teamsize|p2|6
|gametype|singles
|gen|8
|tier|[Gen 8] PU
|rated|
|clearpoke
|poke|p1|Heatmor, M|
|poke|p1|Bellossom, F|
|poke|p1|Crustle, M|
|poke|p1|Falinks|
|poke|p1|Linoone-Galar, M|
|poke|p1|Pikachu, F|
|poke|p2|Thwackey, F|
|poke|p2|Stunfisk, F|
|poke|p2|Type: Null|
|poke|p2|Musharna, M|
|poke|p2|Mr. Rime, M|
|poke|p2|Falinks|
|rule|Sleep Clause Mod: Limit one foe put to sleep
|rule|Species Clause: Limit one of each Pokémon
|rule|OHKO Clause: OHKO moves are banned
|rule|Evasion Moves Clause: Evasion moves are banned
|rule|Endless Battle Clause: Forcing endless battles is banned
|rule|HP Percentage Mod: HP is shown in percentages
|rule|Dynamax Clause: You cannot dynamax
|teampreview
|inactive|Battle timer is ON: inactive players will automatically lose when time's up. (requested by uult5 somalia)
|c|☆xitrxA|hf
|j| Erin Silver
|inactive|uult5 somalia has 120 seconds left.
|
|start
|switch|p1a: EVIL CRAB|Crustle, M|100/100
|switch|p2a: Thwackey|Thwackey, F|100/100
|-fieldstart|move: Grassy Terrain|[from] ability: Grassy Surge|[of] p2a: Thwackey
|turn|1
|
|move|p2a: Thwackey|Grassy Glide|p1a: EVIL CRAB
|-damage|p1a: EVIL CRAB|42/100
|-ability|p1a: EVIL CRAB|Weak Armor|boost
|-unboost|p1a: EVIL CRAB|def|1
|-boost|p1a: EVIL CRAB|spe|2
|move|p1a: EVIL CRAB|Stealth Rock|p2a: Thwackey
|-sidestart|p2: xitrxA|move: Stealth Rock
|
|-heal|p1a: EVIL CRAB|49/100|[from] Grassy Terrain
|upkeep
|turn|2
|
|switch|p2a: Type: Null|Type: Null|100/100
|-damage|p2a: Type: Null|88/100|[from] Stealth Rock
|move|p1a: EVIL CRAB|Spikes|p2a: Type: Null
|-sidestart|p2: xitrxA|Spikes
|
|-heal|p1a: EVIL CRAB|55/100|[from] Grassy Terrain
|-heal|p2a: Type: Null|94/100|[from] Grassy Terrain
|upkeep
|turn|3
|
|move|p1a: EVIL CRAB|Spikes|p2a: Type: Null
|-sidestart|p2: xitrxA|Spikes
|move|p2a: Type: Null|Toxic|p1a: EVIL CRAB
|-status|p1a: EVIL CRAB|tox
|
|-heal|p1a: EVIL CRAB|61/100 tox|[from] Grassy Terrain
|-heal|p2a: Type: Null|99/100|[from] Grassy Terrain
|-damage|p1a: EVIL CRAB|55/100 tox|[from] psn
|upkeep
|turn|4
|
|move|p1a: EVIL CRAB|Rock Blast|p2a: Type: Null
|-damage|p2a: Type: Null|93/100
|-damage|p2a: Type: Null|85/100
|-hitcount|p2a: Type: Null|2
|move|p2a: Type: Null|U-turn|p1a: EVIL CRAB
|-damage|p1a: EVIL CRAB|32/100 tox
|-ability|p1a: EVIL CRAB|Weak Armor|boost
|-unboost|p1a: EVIL CRAB|def|1
|-boost|p1a: EVIL CRAB|spe|2
|
|switch|p2a: Falinks|Falinks|100/100|[from]move: U-turn
|-damage|p2a: Falinks|84/100|[from] Spikes
|-damage|p2a: Falinks|78/100|[from] Stealth Rock
|
|-heal|p1a: EVIL CRAB|38/100 tox|[from] Grassy Terrain
|-heal|p2a: Falinks|84/100|[from] Grassy Terrain
|-damage|p1a: EVIL CRAB|26/100 tox|[from] psn
|upkeep
|turn|5
|
|move|p2a: Falinks|First Impression|p1a: EVIL CRAB
|-damage|p1a: EVIL CRAB|0 fnt
|-damage|p2a: Falinks|74/100|[from] item: Life Orb
|faint|p1a: EVIL CRAB
|
|-heal|p2a: Falinks|80/100|[from] Grassy Terrain
|-fieldend|move: Grassy Terrain
|upkeep
|inactive|uult5 somalia has 120 seconds left.
|
|switch|p1a: EVIL WORM|Falinks|100/100
|turn|6
|inactive|uult5 somalia has 120 seconds left.
|
|move|p2a: Falinks|Close Combat|p1a: EVIL WORM
|-damage|p1a: EVIL WORM|13/100
|-unboost|p2a: Falinks|def|1
|-unboost|p2a: Falinks|spd|1
|-damage|p2a: Falinks|70/100|[from] item: Life Orb
|move|p1a: EVIL WORM|No Retreat|p1a: EVIL WORM
|-boost|p1a: EVIL WORM|atk|1
|-boost|p1a: EVIL WORM|def|1
|-boost|p1a: EVIL WORM|spa|1
|-boost|p1a: EVIL WORM|spd|1
|-boost|p1a: EVIL WORM|spe|1
|-start|p1a: EVIL WORM|move: No Retreat
|
|upkeep
|turn|7
|
|switch|p2a: Stunfisk|Stunfisk, F|100/100
|-damage|p2a: Stunfisk|84/100|[from] Spikes
|-damage|p2a: Stunfisk|78/100|[from] Stealth Rock
|move|p1a: EVIL WORM|Close Combat|p2a: Stunfisk
|-damage|p2a: Stunfisk|7/100
|-unboost|p1a: EVIL WORM|def|1
|-unboost|p1a: EVIL WORM|spd|1
|-damage|p1a: EVIL WORM|0 fnt|[from] item: Rocky Helmet|[of] p2a: Stunfisk
|faint|p1a: EVIL WORM
|
|upkeep
|inactive|uult5 somalia has 120 seconds left.
|
|switch|p1a: EVIL BADGER|Linoone-Galar, M|100/100
|turn|8
|
|move|p1a: EVIL BADGER|Knock Off|p2a: Stunfisk
|-damage|p2a: Stunfisk|0 fnt
|-damage|p1a: EVIL BADGER|84/100|[from] item: Rocky Helmet|[of] p2a: Stunfisk
|-status|p1a: EVIL BADGER|par|[from] ability: Static|[of] p2a: Stunfisk
|-enditem|p2a: Stunfisk|Rocky Helmet|[from] move: Knock Off|[of] p1a: EVIL BADGER
|faint|p2a: Stunfisk
|
|upkeep
|inactive|xitrxA has 120 seconds left.
|
|switch|p2a: Falinks|Falinks|70/100
|-damage|p2a: Falinks|53/100|[from] Spikes
|-damage|p2a: Falinks|47/100|[from] Stealth Rock
|turn|9
|inactive|uult5 somalia has 120 seconds left.
|inactive|uult5 somalia has 90 seconds left.
|
|switch|p1a: EVIL CREEP|Heatmor, M, shiny|100/100
|move|p2a: Falinks|First Impression|p1a: EVIL CREEP
|-resisted|p1a: EVIL CREEP
|-crit|p1a: EVIL CREEP
|-damage|p1a: EVIL CREEP|60/100
|-damage|p2a: Falinks|37/100|[from] item: Life Orb
|
|upkeep
|turn|10
|inactive|uult5 somalia has 90 seconds left.
|inactive|xitrxA has 120 seconds left.
|
|switch|p2a: Type: Null|Type: Null|85/100
|-damage|p2a: Type: Null|69/100|[from] Spikes
|-damage|p2a: Type: Null|56/100|[from] Stealth Rock
|move|p1a: EVIL CREEP|Fire Lash|p2a: Type: Null
|-damage|p2a: Type: Null|34/100
|-unboost|p2a: Type: Null|def|1
|
|upkeep
|turn|11
|inactive|uult5 somalia has 90 seconds left.
|
|move|p1a: EVIL CREEP|Taunt|p2a: Type: Null
|-start|p2a: Type: Null|move: Taunt
|cant|p2a: Type: Null|move: Taunt|Rest
|
|upkeep
|turn|12
|
|move|p1a: EVIL CREEP|Fire Lash|p2a: Type: Null
|-damage|p2a: Type: Null|0 fnt
|faint|p2a: Type: Null
|
|upkeep
|
|switch|p2a: Mr. Rime|Mr. Rime, M|100/100
|turn|13
|inactive|uult5 somalia has 90 seconds left.
|inactive|uult5 somalia has 60 seconds left.
|
|move|p2a: Mr. Rime|Rapid Spin|p1a: EVIL CREEP
|-damage|p1a: EVIL CREEP|49/100
|-boost|p2a: Mr. Rime|spe|1
|-sideend|p2: xitrxA|Spikes|[from] move: Rapid Spin|[of] p2a: Mr. Rime
|-sideend|p2: xitrxA|Stealth Rock|[from] move: Rapid Spin|[of] p2a: Mr. Rime
|move|p1a: EVIL CREEP|Fire Lash|p2a: Mr. Rime
|-supereffective|p2a: Mr. Rime
|-damage|p2a: Mr. Rime|0 fnt
|faint|p2a: Mr. Rime
|
|upkeep
|
|switch|p2a: Thwackey|Thwackey, F|100/100
|-fieldstart|move: Grassy Terrain|[from] ability: Grassy Surge|[of] p2a: Thwackey
|turn|14
|inactive|uult5 somalia has 30 seconds left.
|
|move|p2a: Thwackey|Knock Off|p1a: EVIL CREEP
|-damage|p1a: EVIL CREEP|0 fnt
|-enditem|p1a: EVIL CREEP|Heavy-Duty Boots|[from] move: Knock Off|[of] p2a: Thwackey
|faint|p1a: EVIL CREEP
|
|upkeep
|inactive|uult5 somalia has 30 seconds left this turn.
|
|switch|p1a: EVIL WITCH|Bellossom, F, shiny|100/100
|turn|15
|
|move|p2a: Thwackey|Knock Off|p1a: EVIL WITCH
|-damage|p1a: EVIL WITCH|56/100
|-enditem|p1a: EVIL WITCH|Lum Berry|[from] move: Knock Off|[of] p2a: Thwackey
|move|p1a: EVIL WITCH|Sludge Bomb|p2a: Thwackey
|-supereffective|p2a: Thwackey
|-damage|p2a: Thwackey|0 fnt
|faint|p2a: Thwackey
|
|-heal|p1a: EVIL WITCH|62/100|[from] Grassy Terrain
|upkeep
|
|switch|p2a: Falinks|Falinks|37/100
|turn|16
|inactive|uult5 somalia has 30 seconds left.
|inactive|xitrxA has 120 seconds left.
|
|move|p2a: Falinks|Close Combat|p1a: EVIL WITCH
|-damage|p1a: EVIL WITCH|0 fnt
|-unboost|p2a: Falinks|def|1
|-unboost|p2a: Falinks|spd|1
|-damage|p2a: Falinks|27/100|[from] item: Life Orb
|faint|p1a: EVIL WITCH
|
|-heal|p2a: Falinks|33/100|[from] Grassy Terrain
|upkeep
|inactive|uult5 somalia has 30 seconds left.
|inactive|uult5 somalia has 20 seconds left.
|inactive|uult5 somalia has 15 seconds left.
|
|switch|p1a: EVIL RAT|Pikachu, F|100/100
|turn|17
|inactive|uult5 somalia has 25 seconds left this turn.
|inactive|uult5 somalia has 20 seconds left.
|inactive|uult5 somalia has 15 seconds left.
|
|switch|p2a: Musharna|Musharna, M|100/100
|-enditem|p2a: Musharna|Grassy Seed
|-boost|p2a: Musharna|def|1|[from] item: Grassy Seed
|move|p1a: EVIL RAT|Volt Switch|p2a: Musharna
|-damage|p2a: Musharna|78/100
|inactive|uult5 somalia has 20 seconds left this turn.
|
|switch|p1a: EVIL BADGER|Linoone-Galar, M|84/100 par|[from]move: Volt Switch
|
|-heal|p1a: EVIL BADGER|90/100 par|[from] Grassy Terrain
|-heal|p2a: Musharna|84/100|[from] Grassy Terrain
|upkeep
|turn|18
|inactive|uult5 somalia has 30 seconds left this turn.
|inactive|uult5 somalia has 20 seconds left.
|
|move|p1a: EVIL BADGER|Parting Shot|p2a: Musharna
|-unboost|p2a: Musharna|atk|1
|-unboost|p2a: Musharna|spa|1
|inactive|uult5 somalia has 25 seconds left this turn.
|
|switch|p1a: EVIL RAT|Pikachu, F|100/100|[from]move: Parting Shot
|move|p2a: Musharna|Moonblast|p1a: EVIL RAT
|-damage|p1a: EVIL RAT|51/100
|
|-heal|p1a: EVIL RAT|57/100|[from] Grassy Terrain
|-heal|p2a: Musharna|90/100|[from] Grassy Terrain
|-fieldend|move: Grassy Terrain
|upkeep
|turn|19
|inactive|uult5 somalia has 30 seconds left.
|
|move|p1a: EVIL RAT|Fake Out|p2a: Musharna
|-damage|p2a: Musharna|82/100
|cant|p2a: Musharna|flinch
|
|upkeep
|turn|20
|
|move|p1a: EVIL RAT|Volt Switch|p2a: Musharna
|-damage|p2a: Musharna|60/100
|
|switch|p1a: EVIL BADGER|Linoone-Galar, M|90/100 par|[from]move: Volt Switch
|move|p2a: Musharna|Moonblast|p1a: EVIL BADGER
|-supereffective|p1a: EVIL BADGER
|-damage|p1a: EVIL BADGER|33/100 par
|
|upkeep
|turn|21
|
|cant|p1a: EVIL BADGER|par
|move|p2a: Musharna|Moonlight|p2a: Musharna
|-heal|p2a: Musharna|100/100
|
|upkeep
|turn|22
|c|☆uult5 somalia|csfvih'grbjnebg
|c|☆uult5 somalia|i[4bt4h
|c|☆uult5 somalia|omtr
|c|☆uult5 somalia|rnhy
|c|☆uult5 somalia|mv4nh6k[
|c|☆uult5 somalia|5nyj
|c|☆uult5 somalia|b5
|c|☆xitrxA|what did you click
|c|☆uult5 somalia|i hate this game
|inactive|uult5 somalia has 30 seconds left.
|c|☆uult5 somalia|I HATE IT
|c|☆uult5 somalia|taunt
|c|☆uult5 somalia|im done
|c|☆xitrxA|ohh
|c|☆uult5 somalia|im so fuckiing done
|c|☆xitrxA|thats huge
|c|☆uult5 somalia|dude
|inactive|uult5 somalia has 20 seconds left.
|inactive|uult5 somalia has 15 seconds left.
|c|☆xitrxA|lost last game of hax as well
|-message|uult5 somalia forfeited.
|
|win|xitrxA
|inactive|uult5 somalia has 20 seconds left this turn.
|l|☆uult5 somalia
|l| Erin Silver
||Ladder (probably) updated, but score could not be retrieved (Request timeout).
