|j|☆zSpxdes
|j|☆HJAD
|player|p1|zSpxdes|drake-gen3|
|player|p2|HJAD|lance-gen2|
|teamsize|p1|6
|teamsize|p2|6
|gametype|singles
|gen|8
|tier|[Gen 8] PU
|clearpoke
|poke|p1|Fraxure, F|
|poke|p1|Manectric, F|
|poke|p1|Type: Null|
|poke|p1|Mareanie, M|
|poke|p1|Silvally-*|
|poke|p1|Mawile, F|
|poke|p2|Stonjourner, F|
|poke|p2|Roselia, F|
|poke|p2|Lapras, F|
|poke|p2|Silvally-*|
|poke|p2|Gastly, M|
|poke|p2|Machoke, M|
|rule|Sleep Clause Mod: Limit one foe put to sleep
|rule|Species Clause: Limit one of each Pokémon
|rule|OHKO Clause: OHKO moves are banned
|rule|Evasion Moves Clause: Evasion moves are banned
|rule|Endless Battle Clause: Forcing endless battles is banned
|rule|HP Percentage Mod: HP is shown in percentages
|rule|Dynamax Clause: You cannot dynamax
|teampreview
|c|☆zSpxdes|hf
|c|☆HJAD|u2 bro
|j| Lambovino
|j| Horodro
|c| Lambovino|LGI ZS
|c| Horodro|go zs
|j| Neon Genesis Eva
|j| Lobissa
|j| Arlac
|n| lulu qlf|neongenesiseva
|j| uhuhuhu7
|j| CaptMicrowave
|j| MeMeBigBooi
|j| bot167
|j| nieces pieces
|c| nieces pieces|HBAD SMELLS
|c| MeMeBigBooi|my nibba why you usin gastly
|j| wild drud
|c|☆HJAD|if dibs says its good
|c|☆HJAD|i trust him
|
|start
|switch|p1a: Manectric|Manectric, F|100/100
|switch|p2a: Silvally|Silvally-Ground|100/100
|turn|1
|c| bot167|gastly makes me get spook!
|c| nieces pieces|why you usin machoke
|c|☆HJAD|won me the championship!
|
|switch|p1a: Silvally|Silvally-Flying|100/100
|move|p2a: Silvally|U-turn|p1a: Silvally
|-resisted|p1a: Silvally
|-damage|p1a: Silvally|92/100
|c| nieces pieces|throh is real
|
|switch|p2a: Lapras|Lapras, F|100/100|[from]move: U-turn
|
|upkeep
|turn|2
|
|move|p1a: Silvally|Parting Shot|p2a: Lapras
|-unboost|p2a: Lapras|atk|1
|-unboost|p2a: Lapras|spa|1
|
|switch|p1a: Type: Null|Type: Null|100/100|[from]move: Parting Shot
|move|p2a: Lapras|Freeze-Dry|p1a: Type: Null
|-damage|p1a: Type: Null|88/100
|
|upkeep
|turn|3
|c| MeMeBigBooi|Sawk more like suck
|
|move|p2a: Lapras|Freeze-Dry|p1a: Type: Null
|-damage|p1a: Type: Null|73/100
|move|p1a: Type: Null|U-turn|p2a: Lapras
|-damage|p2a: Lapras|84/100
|j| Prof.Otaku
|
|switch|p1a: Manectric|Manectric, F|100/100|[from]move: U-turn
|
|upkeep
|turn|4
|
|switch|p2a: Silvally|Silvally-Ground|100/100
|move|p1a: Manectric|Overheat|p2a: Silvally
|-damage|p2a: Silvally|46/100
|-unboost|p1a: Manectric|spa|2
|
|upkeep
|turn|5
|
|switch|p1a: Silvally|Silvally-Flying|92/100
|move|p2a: Silvally|U-turn|p1a: Silvally
|-resisted|p1a: Silvally
|-damage|p1a: Silvally|84/100
|l| Lambovino
|
|switch|p2a: Lapras|Lapras, F|84/100|[from]move: U-turn
|
|upkeep
|turn|6
|j| royesk
|
|move|p1a: Silvally|Parting Shot|p2a: Lapras
|-unboost|p2a: Lapras|atk|1
|-unboost|p2a: Lapras|spa|1
|
|switch|p1a: Type: Null|Type: Null|73/100|[from]move: Parting Shot
|move|p2a: Lapras|Freeze-Dry|p1a: Type: Null
|-damage|p1a: Type: Null|60/100
|
|upkeep
|turn|7
|
|move|p2a: Lapras|Freeze-Dry|p1a: Type: Null
|-damage|p1a: Type: Null|48/100
|move|p1a: Type: Null|U-turn|p2a: Lapras
|-damage|p2a: Lapras|68/100
|
|switch|p1a: Manectric|Manectric, F|100/100|[from]move: U-turn
|
|upkeep
|turn|8
|
|switch|p2a: Silvally|Silvally-Ground|46/100
|move|p1a: Manectric|Volt Switch|p2a: Silvally
|-immune|p2a: Silvally
|
|upkeep
|turn|9
|
|switch|p1a: Silvally|Silvally-Flying|84/100
|move|p2a: Silvally|U-turn|p1a: Silvally
|-resisted|p1a: Silvally
|-damage|p1a: Silvally|76/100
|
|switch|p2a: Lapras|Lapras, F|68/100|[from]move: U-turn
|
|upkeep
|turn|10
|
|move|p1a: Silvally|Parting Shot|p2a: Lapras
|-unboost|p2a: Lapras|atk|1
|-unboost|p2a: Lapras|spa|1
|j| Hibike Euphie
|
|switch|p1a: Type: Null|Type: Null|48/100|[from]move: Parting Shot
|move|p2a: Lapras|Hydro Pump|p1a: Type: Null
|-damage|p1a: Type: Null|27/100
|
|upkeep
|turn|11
|j| Urusius
|
|switch|p2a: Stonjourner|Stonjourner, F|100/100
|move|p1a: Type: Null|Rest|p1a: Type: Null
|-status|p1a: Type: Null|slp|[from] move: Rest
|-heal|p1a: Type: Null|100/100 slp|[silent]
|
|upkeep
|turn|12
|c| MeMeBigBooi|Get pumped
|j| tlenit1
|l| uhuhuhu7
|j| uhuhuhu7
|n| Horodro@!|horodro
|
|switch|p1a: Mareanie|Mareanie, M|100/100
|move|p2a: Stonjourner|Stealth Rock|p1a: Mareanie
|-sidestart|p1: zSpxdes|move: Stealth Rock
|
|upkeep
|turn|13
|
|switch|p2a: Lapras|Lapras, F|68/100
|switch|p1a: Manectric|Manectric, F|100/100
|-damage|p1a: Manectric|88/100|[from] Stealth Rock
|
|upkeep
|turn|14
|
|switch|p2a: Machoke|Machoke, M|100/100
|move|p1a: Manectric|Overheat|p2a: Machoke
|-damage|p2a: Machoke|56/100
|-unboost|p1a: Manectric|spa|2
|
|upkeep
|turn|15
|
|switch|p1a: Silvally|Silvally-Flying|76/100
|-damage|p1a: Silvally|51/100|[from] Stealth Rock
|switch|p2a: Lapras|Lapras, F|68/100
|
|upkeep
|turn|16
|c| MeMeBigBooi|Machoke me
|
|move|p1a: Silvally|Parting Shot|p2a: Lapras
|-unboost|p2a: Lapras|atk|1
|-unboost|p2a: Lapras|spa|1
|
|switch|p1a: Type: Null|Type: Null|100/100 slp|[from]move: Parting Shot
|-damage|p1a: Type: Null|88/100 slp|[from] Stealth Rock
|move|p2a: Lapras|Freeze-Dry|p1a: Type: Null
|-damage|p1a: Type: Null|74/100 slp
|
|upkeep
|turn|17
|
|switch|p2a: Machoke|Machoke, M|56/100
|cant|p1a: Type: Null|slp
|move|p1a: Type: Null|Sleep Talk|p1a: Type: Null
|move|p1a: Type: Null|Crush Claw|p2a: Machoke|[from]Sleep Talk
|-damage|p2a: Machoke|40/100
|-unboost|p2a: Machoke|def|1
|
|upkeep
|turn|18
|
|switch|p1a: Silvally|Silvally-Flying|51/100
|-damage|p1a: Silvally|26/100|[from] Stealth Rock
|move|p2a: Machoke|Dynamic Punch|p1a: Silvally
|-resisted|p1a: Silvally
|-damage|p1a: Silvally|10/100
|-start|p1a: Silvally|confusion
|
|upkeep
|turn|19
|
|switch|p2a: Stonjourner|Stonjourner, F|100/100
|-activate|p1a: Silvally|confusion
|move|p1a: Silvally|Defog|p2a: Stonjourner
|-unboost|p2a: Stonjourner|evasion|1
|-sideend|p1: zSpxdes|Stealth Rock|[from] move: Defog|[of] p1a: Silvally
|
|upkeep
|turn|20
|
|-activate|p1a: Silvally|confusion
|move|p1a: Silvally|Thunderbolt|p2a: Stonjourner
|-damage|p2a: Stonjourner|18/100
|move|p2a: Stonjourner|Stealth Rock|p1a: Silvally
|-sidestart|p1: zSpxdes|move: Stealth Rock
|
|-heal|p2a: Stonjourner|25/100|[from] item: Leftovers
|upkeep
|turn|21
|
|-end|p1a: Silvally|confusion
|move|p1a: Silvally|Defog|p2a: Stonjourner
|-unboost|p2a: Stonjourner|evasion|1
|-sideend|p1: zSpxdes|Stealth Rock|[from] move: Defog|[of] p1a: Silvally
|move|p2a: Stonjourner|Heat Crash|p1a: Silvally
|-damage|p1a: Silvally|0 fnt
|faint|p1a: Silvally
|
|-heal|p2a: Stonjourner|31/100|[from] item: Leftovers
|upkeep
|j| zoowi
|
|switch|p1a: Fraxure|Fraxure, F|100/100
|-ability|p1a: Fraxure|Mold Breaker
|turn|22
|
|move|p1a: Fraxure|Superpower|p2a: Stonjourner
|-supereffective|p2a: Stonjourner
|-damage|p2a: Stonjourner|0 fnt
|-unboost|p1a: Fraxure|atk|1
|-unboost|p1a: Fraxure|def|1
|faint|p2a: Stonjourner
|
|upkeep
|
|switch|p2a: Silvally|Silvally-Ground|46/100
|turn|23
|
|switch|p1a: Type: Null|Type: Null|74/100 slp
|move|p2a: Silvally|Multi-Attack|p1a: Type: Null
|-damage|p1a: Type: Null|50/100 slp
|
|upkeep
|turn|24
|
|move|p2a: Silvally|U-turn|p1a: Type: Null
|-damage|p1a: Type: Null|40/100 slp
|
|switch|p2a: Roselia|Roselia, F|100/100|[from]move: U-turn
|cant|p1a: Type: Null|slp
|move|p1a: Type: Null|Sleep Talk|p1a: Type: Null
|move|p1a: Type: Null|Rest|p1a: Type: Null|[from]Sleep Talk
|-fail|p1a: Type: Null
|
|upkeep
|turn|25
|
|move|p2a: Roselia|Spikes|p1a: Type: Null
|-sidestart|p1: zSpxdes|Spikes
|-curestatus|p1a: Type: Null|slp|[msg]
|move|p1a: Type: Null|U-turn|p2a: Roselia
|-damage|p2a: Roselia|74/100
|
|switch|p1a: Mawile|Mawile, F|100/100|[from]move: U-turn
|-damage|p1a: Mawile|88/100|[from] Spikes
|
|upkeep
|turn|26
|
|move|p2a: Roselia|Sleep Powder|p1a: Mawile
|-status|p1a: Mawile|slp|[from] move: Sleep Powder
|cant|p1a: Mawile|slp
|
|upkeep
|turn|27
|
|switch|p2a: Silvally|Silvally-Ground|46/100
|-curestatus|p1a: Mawile|slp|[msg]
|move|p1a: Mawile|Iron Head|p2a: Silvally
|-damage|p2a: Silvally|0 fnt
|faint|p2a: Silvally
|
|upkeep
|c|☆zSpxdes|mb
|
|switch|p2a: Lapras|Lapras, F|68/100
|turn|28
|
|move|p2a: Lapras|Hydro Pump|p1a: Mawile
|-damage|p1a: Mawile|0 fnt
|faint|p1a: Mawile
|
|upkeep
|
|switch|p1a: Manectric|Manectric, F|88/100
|-damage|p1a: Manectric|76/100|[from] Spikes
|turn|29
|c| MeMeBigBooi|Bruh why they'd allow mega mawile in this tier
|
|switch|p2a: Machoke|Machoke, M|40/100
|move|p1a: Manectric|Volt Switch|p2a: Machoke
|-damage|p2a: Machoke|6/100
|
|switch|p1a: Fraxure|Fraxure, F|100/100|[from]move: Volt Switch
|-damage|p1a: Fraxure|88/100|[from] Spikes
|-ability|p1a: Fraxure|Mold Breaker
|
|upkeep
|turn|30
|
|move|p1a: Fraxure|Poison Jab|p2a: Machoke
|-damage|p2a: Machoke|0 fnt
|faint|p2a: Machoke
|
|upkeep
|l| MeMeBigBooi
|
|switch|p2a: Gastly|Gastly, M|100/100
|turn|31
|
|switch|p1a: Type: Null|Type: Null|40/100
|-damage|p1a: Type: Null|28/100|[from] Spikes
|move|p2a: Gastly|Sludge Wave|p1a: Type: Null
|-damage|p1a: Type: Null|11/100
|-status|p1a: Type: Null|psn
|
|-damage|p1a: Type: Null|0 fnt|[from] psn
|faint|p1a: Type: Null
|upkeep
|
|switch|p1a: Mareanie|Mareanie, M|100/100
|-damage|p1a: Mareanie|88/100|[from] Spikes
|turn|32
|j| Tithonia Trance
|
|switch|p1a: Manectric|Manectric, F|76/100
|-damage|p1a: Manectric|63/100|[from] Spikes
|move|p2a: Gastly|Sludge Wave|p1a: Manectric
|-damage|p1a: Manectric|0 fnt
|faint|p1a: Manectric
|
|upkeep
|l| Hibike Euphie
|
|switch|p1a: Mareanie|Mareanie, M|100/100
|-damage|p1a: Mareanie|88/100|[from] Spikes
|turn|33
|j|+Union Caboche
|
|switch|p2a: Roselia|Roselia, F|74/100
|move|p1a: Mareanie|Toxic|p2a: Roselia
|-immune|p2a: Roselia
|
|upkeep
|turn|34
|
|move|p2a: Roselia|Sleep Powder|p1a: Mareanie
|-status|p1a: Mareanie|slp|[from] move: Sleep Powder
|cant|p1a: Mareanie|slp
|
|upkeep
|turn|35
|
|move|p2a: Roselia|Sludge Bomb|p1a: Mareanie
|-resisted|p1a: Mareanie
|-damage|p1a: Mareanie|63/100 slp
|cant|p1a: Mareanie|slp
|
|upkeep
|turn|36
|
|move|p2a: Roselia|Spikes|p1a: Mareanie
|-sidestart|p1: zSpxdes|Spikes
|cant|p1a: Mareanie|slp
|
|upkeep
|turn|37
|
|switch|p1a: Fraxure|Fraxure, F|88/100
|-damage|p1a: Fraxure|72/100|[from] Spikes
|-ability|p1a: Fraxure|Mold Breaker
|move|p2a: Roselia|Spikes|p1a: Fraxure
|-sidestart|p1: zSpxdes|Spikes
|
|upkeep
|turn|38
|
|move|p1a: Fraxure|Outrage|p2a: Roselia
|-damage|p2a: Roselia|0 fnt
|faint|p2a: Roselia
|
|upkeep
|
|switch|p2a: Gastly|Gastly, M|100/100
|turn|39
|
|move|p2a: Gastly|Sludge Wave|p1a: Fraxure
|-damage|p1a: Fraxure|0 fnt
|faint|p1a: Fraxure
|
|upkeep
|
|switch|p1a: Mareanie|Mareanie, M|96/100 slp
|-damage|p1a: Mareanie|71/100 slp|[from] Spikes
|turn|40
|
|switch|p2a: Lapras|Lapras, F|68/100
|-curestatus|p1a: Mareanie|slp|[msg]
|move|p1a: Mareanie|Toxic|p2a: Lapras
|-status|p2a: Lapras|tox
|
|-damage|p2a: Lapras|62/100 tox|[from] psn
|upkeep
|turn|41
|
|move|p2a: Lapras|Freeze-Dry|p1a: Mareanie
|-supereffective|p1a: Mareanie
|-damage|p1a: Mareanie|0 fnt
|faint|p1a: Mareanie
|
|win|HJAD
|c|☆zSpxdes|gg
|c|☆HJAD|gg
|l| lulu qlf
|l| Tithonia Trance
|l| zoowi
|l| royesk
|l|☆HJAD
|l| nieces pieces
|l| Urusius
|l| Arlac
|l| tlenit1
|l| Lobissa
|l| Prof.Otaku
|j| Lambovino
