|j|☆Joke sets
|j|☆QiYU5
|t:|1660917102
|gametype|singles
|player|p1|Joke sets|1|1321
|player|p2|QiYU5|drayden|1494
|teamsize|p1|6
|teamsize|p2|6
|gen|8
|tier|[Gen 8] PU
|rated|
|rule|Sleep Clause Mod: Limit one foe put to sleep
|rule|Species Clause: Limit one of each Pokémon
|rule|OHKO Clause: OHKO moves are banned
|rule|Evasion Items Clause: Evasion items are banned
|rule|Evasion Moves Clause: Evasion moves are banned
|rule|Endless Battle Clause: Forcing endless battles is banned
|rule|HP Percentage Mod: HP is shown in percentages
|rule|Dynamax Clause: You cannot dynamax
|clearpoke
|poke|p1|Sandaconda, M|
|poke|p1|Wishiwashi, M|
|poke|p1|Scyther, F|
|poke|p1|Mr. Rime, M|
|poke|p1|Magneton|
|poke|p1|Natu, M|
|poke|p2|Silvally-*|
|poke|p2|Turtonator, F|
|poke|p2|Kabutops, F|
|poke|p2|Accelgor, F|
|poke|p2|Sneasel, F|
|poke|p2|Doublade, M|
|teampreview
|l|☆QiYU5
|player|p2|
|inactive|Battle timer is ON: inactive players will automatically lose when time's up. (requested by Joke sets)
|j|☆QiYU5
|inactive|QiYU5 reconnected and has 150 seconds left.
|player|p2|QiYU5|drayden
|
|t:|1660917128
|start
|switch|p1a: Magneton|Magneton|100/100
|switch|p2a: 全世界的舞铲阶级都站起来|Kabutops, F|100/100
|turn|1
|inactive|QiYU5 has 120 seconds left.
|
|t:|1660917174
|move|p1a: Magneton|Volt Switch|p2a: 全世界的舞铲阶级都站起来
|-supereffective|p2a: 全世界的舞铲阶级都站起来
|-enditem|p2a: 全世界的舞铲阶级都站起来|Focus Sash
|-damage|p2a: 全世界的舞铲阶级都站起来|1/100
|
|t:|1660917183
|switch|p1a: Natu|Natu, M|100/100|[from]move: Volt Switch
|move|p2a: 全世界的舞铲阶级都站起来|Knock Off|p1a: Natu
|-supereffective|p1a: Natu
|-damage|p1a: Natu|0 fnt
|-enditem|p1a: Natu|Heavy-Duty Boots|[from] move: Knock Off|[of] p2a: 全世界的舞铲阶级都站起来
|faint|p1a: Natu
|
|upkeep
|
|t:|1660917192
|switch|p1a: Scyther|Scyther, F|100/100
|turn|2
|inactive|QiYU5 has 120 seconds left.
|
|t:|1660917208
|switch|p2a: 女人只会影响我拔剑的速度|Doublade, M|100/100
|move|p1a: Scyther|U-turn|p2a: 女人只会影响我拔剑的速度
|-resisted|p2a: 女人只会影响我拔剑的速度
|-damage|p2a: 女人只会影响我拔剑的速度|94/100
|
|t:|1660917219
|switch|p1a: Magneton|Magneton|100/100|[from]move: U-turn
|
|upkeep
|turn|3
|inactive|QiYU5 has 120 seconds left.
|
|t:|1660917227
|move|p1a: Magneton|Volt Switch|p2a: 女人只会影响我拔剑的速度
|-damage|p2a: 女人只会影响我拔剑的速度|33/100
|
|t:|1660917231
|switch|p1a: Wishiwashi|Wishiwashi, M|100/100|[from]move: Volt Switch
|-formechange|p1a: Wishiwashi|Wishiwashi-School||[from] ability: Schooling
|move|p2a: 女人只会影响我拔剑的速度|Close Combat|p1a: Wishiwashi
|-damage|p1a: Wishiwashi|63/100
|-unboost|p2a: 女人只会影响我拔剑的速度|def|1
|-unboost|p2a: 女人只会影响我拔剑的速度|spd|1
|
|-heal|p1a: Wishiwashi|69/100|[from] item: Leftovers
|upkeep
|turn|4
|
|t:|1660917247
|move|p2a: 女人只会影响我拔剑的速度|Close Combat|p1a: Wishiwashi
|-damage|p1a: Wishiwashi|31/100
|-unboost|p2a: 女人只会影响我拔剑的速度|def|1
|-unboost|p2a: 女人只会影响我拔剑的速度|spd|1
|move|p1a: Wishiwashi|Scald|p2a: 女人只会影响我拔剑的速度
|-damage|p2a: 女人只会影响我拔剑的速度|0 fnt
|faint|p2a: 女人只会影响我拔剑的速度
|
|-heal|p1a: Wishiwashi|37/100|[from] item: Leftovers
|upkeep
|inactive|QiYU5 has 120 seconds left.
|j| Axeward
|
|t:|1660917292
|switch|p2a: 全世界的舞铲阶级都站起来|Kabutops, F|1/100
|turn|5
|
|t:|1660917296
|move|p2a: 全世界的舞铲阶级都站起来|Stealth Rock|p1a: Wishiwashi
|-sidestart|p1: Joke sets|move: Stealth Rock
|move|p1a: Wishiwashi|Rest|p1a: Wishiwashi
|-status|p1a: Wishiwashi|slp|[from] move: Rest
|-heal|p1a: Wishiwashi|100/100 slp|[silent]
|
|upkeep
|turn|6
|
|t:|1660917310
|move|p2a: 全世界的舞铲阶级都站起来|Knock Off|p1a: Wishiwashi
|-damage|p1a: Wishiwashi|68/100 slp
|-enditem|p1a: Wishiwashi|Leftovers|[from] move: Knock Off|[of] p2a: 全世界的舞铲阶级都站起来
|cant|p1a: Wishiwashi|slp
|move|p1a: Wishiwashi|Sleep Talk|p1a: Wishiwashi
|move|p1a: Wishiwashi|Rest||[from]move: Sleep Talk|[still]
|-fail|p1a: Wishiwashi
|
|upkeep
|turn|7
|
|t:|1660917318
|move|p2a: 全世界的舞铲阶级都站起来|Waterfall|p1a: Wishiwashi
|-resisted|p1a: Wishiwashi
|-damage|p1a: Wishiwashi|48/100 slp
|cant|p1a: Wishiwashi|slp
|cant|p1a: Wishiwashi|flinch
|
|upkeep
|turn|8
|inactive|QiYU5 has 120 seconds left.
|
|t:|1660917328
|move|p2a: 全世界的舞铲阶级都站起来|Waterfall|p1a: Wishiwashi
|-resisted|p1a: Wishiwashi
|-damage|p1a: Wishiwashi|27/100 slp
|-curestatus|p1a: Wishiwashi|slp|[msg]
|move|p1a: Wishiwashi|Rest|p1a: Wishiwashi
|-status|p1a: Wishiwashi|slp|[from] move: Rest
|-heal|p1a: Wishiwashi|100/100 slp|[silent]
|
|upkeep
|turn|9
|
|t:|1660917336
|move|p2a: 全世界的舞铲阶级都站起来|Waterfall|p1a: Wishiwashi
|-resisted|p1a: Wishiwashi
|-damage|p1a: Wishiwashi|82/100 slp
|cant|p1a: Wishiwashi|slp
|move|p1a: Wishiwashi|Sleep Talk|p1a: Wishiwashi
|move|p1a: Wishiwashi|U-turn|p2a: 全世界的舞铲阶级都站起来|[from]move: Sleep Talk
|-damage|p2a: 全世界的舞铲阶级都站起来|0 fnt
|faint|p2a: 全世界的舞铲阶级都站起来
|
|t:|1660917344
|switch|p1a: Mr. Rime|Mr. Rime, M|100/100|[from]move: U-turn
|
|upkeep
|
|t:|1660917356
|switch|p2a: 想唱就唱吧唱的响亮|Accelgor, F|100/100
|turn|10
|
|t:|1660917360
|move|p2a: 想唱就唱吧唱的响亮|Bug Buzz|p1a: Mr. Rime
|-supereffective|p1a: Mr. Rime
|-damage|p1a: Mr. Rime|14/100
|-enditem|p2a: 想唱就唱吧唱的响亮|Throat Spray
|-boost|p2a: 想唱就唱吧唱的响亮|spa|1|[from] item: Throat Spray
|move|p1a: Mr. Rime|Rapid Spin|p2a: 想唱就唱吧唱的响亮
|-damage|p2a: 想唱就唱吧唱的响亮|82/100
|-boost|p1a: Mr. Rime|spe|1
|-sideend|p1: Joke sets|Stealth Rock|[from] move: Rapid Spin|[of] p1a: Mr. Rime
|
|upkeep
|turn|11
|
|t:|1660917368
|move|p2a: 想唱就唱吧唱的响亮|Bug Buzz|p1a: Mr. Rime
|-supereffective|p1a: Mr. Rime
|-damage|p1a: Mr. Rime|0 fnt
|faint|p1a: Mr. Rime
|
|upkeep
|
|t:|1660917374
|switch|p1a: Scyther|Scyther, F|100/100
|turn|12
|
|t:|1660917385
|move|p2a: 想唱就唱吧唱的响亮|Sludge Bomb|p1a: Scyther
|-damage|p1a: Scyther|34/100
|move|p1a: Scyther|Dual Wingbeat|p2a: 想唱就唱吧唱的响亮
|-supereffective|p2a: 想唱就唱吧唱的响亮
|-damage|p2a: 想唱就唱吧唱的响亮|0 fnt
|faint|p2a: 想唱就唱吧唱的响亮
|-hitcount|p2: 想唱就唱吧唱的响亮|1
|
|upkeep
|
|t:|1660917403
|switch|p2a: 三拳打死镇关西|Sneasel, F|100/100
|turn|13
|
|t:|1660917407
|move|p2a: 三拳打死镇关西|Knock Off|p1a: Scyther
|-damage|p1a: Scyther|0 fnt
|-enditem|p1a: Scyther|Choice Band|[from] move: Knock Off|[of] p2a: 三拳打死镇关西
|faint|p1a: Scyther
|
|upkeep
|
|t:|1660917415
|switch|p1a: Wishiwashi|Wishiwashi, M|82/100 slp
|-formechange|p1a: Wishiwashi|Wishiwashi-School||[from] ability: Schooling
|turn|14
|
|t:|1660917427
|switch|p2a: 如果我是Dj你会爱我吗|Silvally-Grass|100/100
|cant|p1a: Wishiwashi|slp
|move|p1a: Wishiwashi|Sleep Talk|p1a: Wishiwashi
|move|p1a: Wishiwashi|Scald|p2a: 如果我是Dj你会爱我吗|[from]move: Sleep Talk
|-resisted|p2a: 如果我是Dj你会爱我吗
|-damage|p2a: 如果我是Dj你会爱我吗|82/100
|-status|p2a: 如果我是Dj你会爱我吗|brn
|
|-damage|p2a: 如果我是Dj你会爱我吗|76/100 brn|[from] brn
|upkeep
|turn|15
|
|t:|1660917437
|move|p2a: 如果我是Dj你会爱我吗|Swords Dance|p2a: 如果我是Dj你会爱我吗
|-boost|p2a: 如果我是Dj你会爱我吗|atk|2
|-curestatus|p1a: Wishiwashi|slp|[msg]
|move|p1a: Wishiwashi|U-turn|p2a: 如果我是Dj你会爱我吗
|-supereffective|p2a: 如果我是Dj你会爱我吗
|-damage|p2a: 如果我是Dj你会爱我吗|33/100 brn
|
|t:|1660917444
|switch|p1a: Magneton|Magneton|100/100|[from]move: U-turn
|
|-damage|p2a: 如果我是Dj你会爱我吗|27/100 brn|[from] brn
|upkeep
|turn|16
|
|t:|1660917449
|move|p2a: 如果我是Dj你会爱我吗|Flame Charge|p1a: Magneton
|-supereffective|p1a: Magneton
|-damage|p1a: Magneton|59/100
|-boost|p2a: 如果我是Dj你会爱我吗|spe|1
|move|p1a: Magneton|Volt Switch|p2a: 如果我是Dj你会爱我吗
|-resisted|p2a: 如果我是Dj你会爱我吗
|-damage|p2a: 如果我是Dj你会爱我吗|0 fnt
|faint|p2a: 如果我是Dj你会爱我吗
|
|t:|1660917460
|switch|p1a: Sandaconda|Sandaconda, M|100/100|[from]move: Volt Switch
|
|upkeep
|
|t:|1660917464
|switch|p2a: 三拳打死镇关西|Sneasel, F|100/100
|turn|17
|
|t:|1660917467
|switch|p1a: Wishiwashi|Wishiwashi, M|82/100
|-formechange|p1a: Wishiwashi|Wishiwashi-School||[from] ability: Schooling
|move|p2a: 三拳打死镇关西|Swords Dance|p2a: 三拳打死镇关西
|-boost|p2a: 三拳打死镇关西|atk|2
|
|upkeep
|turn|18
|
|t:|1660917475
|move|p2a: 三拳打死镇关西|Knock Off|p1a: Wishiwashi
|-damage|p1a: Wishiwashi|30/100
|move|p1a: Wishiwashi|Scald|p2a: 三拳打死镇关西
|-damage|p2a: 三拳打死镇关西|40/100
|-status|p2a: 三拳打死镇关西|brn
|
|-damage|p2a: 三拳打死镇关西|34/100 brn|[from] brn
|upkeep
|turn|19
|
|t:|1660917484
|move|p2a: 三拳打死镇关西|Knock Off|p1a: Wishiwashi
|-damage|p1a: Wishiwashi|5/100
|move|p1a: Wishiwashi|Rest|p1a: Wishiwashi
|-status|p1a: Wishiwashi|slp|[from] move: Rest
|-heal|p1a: Wishiwashi|100/100 slp|[silent]
|
|-damage|p2a: 三拳打死镇关西|28/100 brn|[from] brn
|upkeep
|turn|20
|
|t:|1660917492
|switch|p2a: 你的背包让我走的好缓慢|Turtonator, F|100/100
|cant|p1a: Wishiwashi|slp
|move|p1a: Wishiwashi|Sleep Talk|p1a: Wishiwashi
|move|p1a: Wishiwashi|U-turn|p2a: 你的背包让我走的好缓慢|[from]move: Sleep Talk
|-resisted|p2a: 你的背包让我走的好缓慢
|-damage|p2a: 你的背包让我走的好缓慢|90/100
|
|t:|1660917499
|switch|p1a: Sandaconda|Sandaconda, M|100/100|[from]move: U-turn
|
|upkeep
|turn|21
|
|t:|1660917505
|move|p1a: Sandaconda|Earthquake|p2a: 你的背包让我走的好缓慢
|-supereffective|p2a: 你的背包让我走的好缓慢
|-damage|p2a: 你的背包让我走的好缓慢|0 fnt
|faint|p2a: 你的背包让我走的好缓慢
|-damage|p1a: Sandaconda|91/100|[from] item: Life Orb
|
|upkeep
|-message|QiYU5 forfeited.
|
|win|Joke sets
|raw|Joke sets's rating: 1321 &rarr; <strong>1349</strong><br />(+28 for winning)
|raw|QiYU5's rating: 1464 &rarr; <strong>1436</strong><br />(-28 for losing)
|l|☆QiYU5
