|j|☆Adidon't
|j|☆Toxicidad fuera
|t:|1618616771
|gametype|singles
|player|p1|Adidon't|swimmer-gen4dp|1420
|player|p2|Toxicidad fuera|argenta|1436
|teamsize|p1|6
|teamsize|p2|6
|gen|8
|tier|[Gen 8] PU
|rated|
|clearpoke
|poke|p1|Pyukumuku, M|
|poke|p1|Audino, M|
|poke|p1|Palossand, M|
|poke|p1|Guzzlord|
|poke|p1|Articuno|
|poke|p1|Weezing, M|
|poke|p2|Thwackey, M|
|poke|p2|Thievul, F|
|poke|p2|Gourgeist-*, M|
|poke|p2|Garbodor, F|
|poke|p2|Regirock|
|poke|p2|Xatu, M|
|rule|Sleep Clause Mod: Limit one foe put to sleep
|rule|Species Clause: Limit one of each Pokémon
|rule|OHKO Clause: OHKO moves are banned
|rule|Evasion Moves Clause: Evasion moves are banned
|rule|Endless Battle Clause: Forcing endless battles is banned
|rule|HP Percentage Mod: HP is shown in percentages
|rule|Dynamax Clause: You cannot dynamax
|teampreview
|
|t:|1618616806
|start
|switch|p1a: Audino|Audino, M|100/100
|switch|p2a: Thwackey|Thwackey, M|100/100
|-fieldstart|move: Grassy Terrain|[from] ability: Grassy Surge|[of] p2a: Thwackey
|turn|1
|
|t:|1618616816
|switch|p1a: Weezing|Weezing, M|100/100
|move|p2a: Thwackey|Knock Off|p1a: Weezing
|-damage|p1a: Weezing|80/100
|-enditem|p1a: Weezing|Black Sludge|[from] move: Knock Off|[of] p2a: Thwackey
|-damage|p2a: Thwackey|91/100|[from] item: Life Orb
|
|-heal|p2a: Thwackey|97/100|[from] Grassy Terrain
|upkeep
|turn|2
|
|t:|1618616824
|switch|p2a: Xatu|Xatu, M|100/100
|move|p1a: Weezing|Sludge Bomb|p2a: Xatu
|-damage|p2a: Xatu|62/100
|-status|p2a: Xatu|psn
|
|-damage|p2a: Xatu|49/100 psn|[from] psn
|upkeep
|turn|3
|
|t:|1618616835
|switch|p1a: Articuno|Articuno|100/100
|-ability|p1a: Articuno|Pressure
|move|p2a: Xatu|Roost|p2a: Xatu
|-heal|p2a: Xatu|99/100 psn
|-singleturn|p2a: Xatu|move: Roost
|
|-heal|p2a: Xatu|100/100 psn|[from] Grassy Terrain
|-damage|p2a: Xatu|88/100 psn|[from] psn
|upkeep
|turn|4
|
|t:|1618616851
|switch|p2a: Garbodor|Garbodor, F|100/100
|move|p1a: Articuno|Defog|p2a: Garbodor
|-unboost|p2a: Garbodor|evasion|1
|-fieldend|move: Grassy Terrain
|
|upkeep
|turn|5
|
|t:|1618616864
|switch|p1a: Palossand|Palossand, M|100/100
|move|p2a: Garbodor|Spikes|p1a: Palossand
|-sidestart|p1: Adidon't|Spikes
|
|upkeep
|turn|6
|
|t:|1618616876
|switch|p2a: Thwackey|Thwackey, M|97/100
|-fieldstart|move: Grassy Terrain|[from] ability: Grassy Surge|[of] p2a: Thwackey
|move|p1a: Palossand|Stealth Rock|p2a: Thwackey
|-sidestart|p2: Toxicidad fuera|move: Stealth Rock
|
|-heal|p2a: Thwackey|100/100|[from] Grassy Terrain
|upkeep
|turn|7
|
|t:|1618616885
|switch|p1a: Weezing|Weezing, M|80/100
|move|p2a: Thwackey|Knock Off|p1a: Weezing
|-damage|p1a: Weezing|65/100
|-damage|p2a: Thwackey|91/100|[from] item: Life Orb
|
|-heal|p2a: Thwackey|97/100|[from] Grassy Terrain
|upkeep
|turn|8
|
|t:|1618616899
|switch|p2a: Garbodor|Garbodor, F|100/100
|-damage|p2a: Garbodor|88/100|[from] Stealth Rock
|move|p1a: Weezing|Pain Split|p2a: Garbodor
|-sethp|p2a: Garbodor|74/100|[from] move: Pain Split|[silent]
|-sethp|p1a: Weezing|80/100|[from] move: Pain Split
|
|-heal|p2a: Garbodor|80/100|[from] Grassy Terrain
|-heal|p2a: Garbodor|86/100|[from] item: Black Sludge
|upkeep
|turn|9
|j| Ill Leave
|
|t:|1618616911
|move|p2a: Garbodor|Spikes|p1a: Weezing
|-sidestart|p1: Adidon't|Spikes
|move|p1a: Weezing|Toxic Spikes|p2a: Garbodor
|-sidestart|p2: Toxicidad fuera|move: Toxic Spikes
|
|-heal|p2a: Garbodor|92/100|[from] Grassy Terrain
|-heal|p2a: Garbodor|98/100|[from] item: Black Sludge
|upkeep
|turn|10
|
|t:|1618616920
|move|p2a: Garbodor|Spikes|p1a: Weezing
|-sidestart|p1: Adidon't|Spikes
|move|p1a: Weezing|Toxic Spikes|p2a: Garbodor
|-sidestart|p2: Toxicidad fuera|move: Toxic Spikes
|
|-heal|p2a: Garbodor|100/100|[from] Grassy Terrain
|-fieldend|move: Grassy Terrain
|upkeep
|turn|11
|
|t:|1618616925
|switch|p2a: Xatu|Xatu, M|88/100 psn
|move|p1a: Weezing|Will-O-Wisp|p2a: Xatu
|move|p2a: Xatu|Will-O-Wisp|p1a: Weezing|[from]ability: Magic Bounce
|-status|p1a: Weezing|brn
|
|-damage|p2a: Xatu|76/100 psn|[from] psn
|-damage|p1a: Weezing|74/100 brn|[from] brn
|upkeep
|turn|12
|
|t:|1618616932
|switch|p2a: Garbodor|Garbodor, F|100/100
|-sideend|p2: Toxicidad fuera|move: Toxic Spikes|[of] p2a: Garbodor
|-damage|p2a: Garbodor|88/100|[from] Stealth Rock
|switch|p1a: Articuno|Articuno|100/100
|-ability|p1a: Articuno|Pressure
|
|-heal|p2a: Garbodor|94/100|[from] item: Black Sludge
|upkeep
|turn|13
|
|t:|1618616942
|move|p1a: Articuno|Freeze-Dry|p2a: Garbodor
|-damage|p2a: Garbodor|76/100
|move|p2a: Garbodor|Gunk Shot|p1a: Articuno
|-damage|p1a: Articuno|66/100
|-status|p1a: Articuno|psn
|
|-heal|p2a: Garbodor|82/100|[from] item: Black Sludge
|-damage|p1a: Articuno|54/100 psn|[from] psn
|upkeep
|turn|14
|
|t:|1618616960
|switch|p2a: Gourgeist|Gourgeist-Small, M|100/100
|-damage|p2a: Gourgeist|88/100|[from] Stealth Rock
|-item|p1a: Articuno|Heavy-Duty Boots|[from] ability: Frisk|[of] p2a: Gourgeist|[identify]
|move|p1a: Articuno|Roost|p1a: Articuno
|-heal|p1a: Articuno|100/100 psn
|-singleturn|p1a: Articuno|move: Roost
|
|-damage|p1a: Articuno|88/100 psn|[from] psn
|upkeep
|turn|15
|
|t:|1618616974
|switch|p1a: Audino|Audino, M|100/100
|move|p2a: Gourgeist|Poltergeist|p1a: Audino
|-immune|p1a: Audino
|
|upkeep
|turn|16
|
|t:|1618616987
|switch|p2a: Regirock|Regirock|100/100
|-damage|p2a: Regirock|88/100|[from] Stealth Rock
|move|p1a: Audino|Knock Off|p2a: Regirock
|-damage|p2a: Regirock|82/100
|-enditem|p2a: Regirock|Leftovers|[from] move: Knock Off|[of] p1a: Audino
|
|upkeep
|turn|17
|
|t:|1618617000
|move|p1a: Audino|Protect|p1a: Audino
|-singleturn|p1a: Audino|Protect
|move|p2a: Regirock|Toxic|p1a: Audino
|-activate|p1a: Audino|move: Protect
|
|upkeep
|turn|18
|
|t:|1618617012
|move|p2a: Regirock|Stealth Rock|p1a: Audino
|-sidestart|p1: Adidon't|move: Stealth Rock
|move|p1a: Audino|Heal Bell|p1a: Audino
|-activate|p1a: Audino|move: Heal Bell
|-curestatus|p1: Weezing|brn|[msg]
|-curestatus|p1: Articuno|psn|[msg]
|
|upkeep
|turn|19
|
|t:|1618617026
|switch|p1a: Palossand|Palossand, M|100/100
|-damage|p1a: Palossand|94/100|[from] Stealth Rock
|-damage|p1a: Palossand|69/100|[from] Spikes
|move|p2a: Regirock|Toxic|p1a: Palossand
|-status|p1a: Palossand|tox
|
|-damage|p1a: Palossand|63/100 tox|[from] psn
|upkeep
|turn|20
|
|t:|1618617039
|switch|p2a: Thwackey|Thwackey, M|97/100
|-damage|p2a: Thwackey|84/100|[from] Stealth Rock
|-fieldstart|move: Grassy Terrain|[from] ability: Grassy Surge|[of] p2a: Thwackey
|move|p1a: Palossand|Shadow Ball|p2a: Thwackey
|-damage|p2a: Thwackey|36/100
|
|-heal|p2a: Thwackey|42/100|[from] Grassy Terrain
|-heal|p1a: Palossand|69/100 tox|[from] Grassy Terrain
|-damage|p1a: Palossand|57/100 tox|[from] psn
|upkeep
|turn|21
|
|t:|1618617058
|switch|p2a: Xatu|Xatu, M|76/100 psn
|switch|p1a: Articuno|Articuno|88/100
|-ability|p1a: Articuno|Pressure
|
|-damage|p2a: Xatu|64/100 psn|[from] psn
|upkeep
|turn|22
|
|t:|1618617078
|switch|p2a: Regirock|Regirock|82/100
|-damage|p2a: Regirock|70/100|[from] Stealth Rock
|move|p1a: Articuno|Defog|p2a: Regirock
|-fail|p2a: Regirock|unboost|[from] ability: Clear Body|[of] p2a: Regirock
|-sideend|p2: Toxicidad fuera|Stealth Rock|[from] move: Defog|[of] p1a: Articuno
|-sideend|p1: Adidon't|Spikes|[from] move: Defog|[of] p1a: Articuno
|-sideend|p1: Adidon't|Stealth Rock|[from] move: Defog|[of] p1a: Articuno
|-fieldend|move: Grassy Terrain
|
|upkeep
|turn|23
|
|t:|1618617088
|switch|p1a: Weezing|Weezing, M|74/100
|move|p2a: Regirock|Stealth Rock|p1a: Weezing
|-sidestart|p1: Adidon't|move: Stealth Rock
|
|upkeep
|turn|24
|
|t:|1618617097
|switch|p2a: Xatu|Xatu, M|64/100 psn
|move|p1a: Weezing|Sludge Bomb|p2a: Xatu
|-damage|p2a: Xatu|23/100 psn
|
|-damage|p2a: Xatu|11/100 psn|[from] psn
|upkeep
|turn|25
|
|t:|1618617112
|move|p2a: Xatu|Roost|p2a: Xatu
|-heal|p2a: Xatu|61/100 psn
|-singleturn|p2a: Xatu|move: Roost
|move|p1a: Weezing|Sludge Bomb|p2a: Xatu
|-damage|p2a: Xatu|25/100 psn
|
|-damage|p2a: Xatu|13/100 psn|[from] psn
|upkeep
|turn|26
|
|t:|1618617132
|switch|p1a: Audino|Audino, M|100/100
|move|p2a: Xatu|Roost|p2a: Xatu
|-heal|p2a: Xatu|63/100 psn
|-singleturn|p2a: Xatu|move: Roost
|
|-damage|p2a: Xatu|50/100 psn|[from] psn
|upkeep
|turn|27
|
|t:|1618617141
|move|p2a: Xatu|Roost|p2a: Xatu
|-heal|p2a: Xatu|100/100 psn
|-singleturn|p2a: Xatu|move: Roost
|move|p1a: Audino|Knock Off|p2a: Xatu
|-supereffective|p2a: Xatu
|-crit|p2a: Xatu
|-damage|p2a: Xatu|60/100 psn
|-enditem|p2a: Xatu|Heavy-Duty Boots|[from] move: Knock Off|[of] p1a: Audino
|
|-damage|p2a: Xatu|48/100 psn|[from] psn
|upkeep
|turn|28
|
|t:|1618617152
|move|p2a: Xatu|Roost|p2a: Xatu
|-heal|p2a: Xatu|98/100 psn
|-singleturn|p2a: Xatu|move: Roost
|move|p1a: Audino|Heal Bell|p1a: Audino
|-activate|p1a: Audino|move: Heal Bell
|-curestatus|p1: Palossand|tox|[msg]
|
|-damage|p2a: Xatu|86/100 psn|[from] psn
|upkeep
|turn|29
|
|t:|1618617158
|switch|p2a: Gourgeist|Gourgeist-Small, M|88/100
|-item|p1a: Audino|Heavy-Duty Boots|[from] ability: Frisk|[of] p2a: Gourgeist|[identify]
|move|p1a: Audino|Wish|p1a: Audino
|
|upkeep
|turn|30
|
|t:|1618617170
|switch|p1a: Weezing|Weezing, M|74/100
|-damage|p1a: Weezing|62/100|[from] Stealth Rock
|move|p2a: Gourgeist|Power Whip|p1a: Weezing
|-resisted|p1a: Weezing
|-damage|p1a: Weezing|39/100
|
|-heal|p1a: Weezing|100/100|[from] move: Wish|[wisher] Audino
|upkeep
|turn|31
|
|t:|1618617186
|switch|p2a: Xatu|Xatu, M|86/100 psn
|move|p1a: Weezing|Sludge Bomb|p2a: Xatu
|-damage|p2a: Xatu|50/100 psn
|
|-damage|p2a: Xatu|38/100 psn|[from] psn
|upkeep
|turn|32
|
|t:|1618617195
|switch|p1a: Guzzlord|Guzzlord|100/100
|move|p2a: Xatu|Roost|p2a: Xatu
|-heal|p2a: Xatu|88/100 psn
|-singleturn|p2a: Xatu|move: Roost
|
|-damage|p2a: Xatu|76/100 psn|[from] psn
|upkeep
|turn|33
|
|t:|1618617207
|move|p2a: Xatu|Thunder Wave|p1a: Guzzlord|[miss]
|-miss|p2a: Xatu|p1a: Guzzlord
|move|p1a: Guzzlord|Dragon Tail|p2a: Xatu|[miss]
|-miss|p1a: Guzzlord|p2a: Xatu
|
|-damage|p2a: Xatu|64/100 psn|[from] psn
|upkeep
|turn|34
|
|t:|1618617219
|move|p2a: Xatu|Roost|p2a: Xatu
|-heal|p2a: Xatu|100/100 psn
|-singleturn|p2a: Xatu|move: Roost
|move|p1a: Guzzlord|Dragon Tail|p2a: Xatu
|-damage|p2a: Xatu|78/100 psn
|drag|p2a: Thievul|Thievul, F|100/100
|
|upkeep
|turn|35
|
|t:|1618617242
|switch|p2a: Regirock|Regirock|70/100
|move|p1a: Guzzlord|Knock Off|p2a: Regirock
|-damage|p2a: Regirock|58/100
|
|upkeep
|turn|36
|
|t:|1618617298
|switch|p1a: Weezing|Weezing, M|100/100
|-damage|p1a: Weezing|88/100|[from] Stealth Rock
|move|p2a: Regirock|Toxic|p1a: Weezing
|-immune|p1a: Weezing
|
|upkeep
|turn|37
|inactive|Battle timer is ON: inactive players will automatically lose when time's up. (requested by Toxicidad fuera)
|
|t:|1618617313
|switch|p1a: Audino|Audino, M|100/100
|switch|p2a: Xatu|Xatu, M|78/100 psn
|
|-damage|p2a: Xatu|66/100 psn|[from] psn
|upkeep
|turn|38
|
|t:|1618617338
|switch|p2a: Regirock|Regirock|58/100
|move|p1a: Audino|Wish|p1a: Audino
|
|upkeep
|turn|39
|
|t:|1618617344
|switch|p1a: Palossand|Palossand, M|57/100
|-damage|p1a: Palossand|51/100|[from] Stealth Rock
|move|p2a: Regirock|Toxic|p1a: Palossand
|-status|p1a: Palossand|tox
|
|-heal|p1a: Palossand|100/100 tox|[from] move: Wish|[wisher] Audino
|-damage|p1a: Palossand|94/100 tox|[from] psn
|upkeep
|turn|40
|
|t:|1618617357
|switch|p2a: Thievul|Thievul, F|100/100
|move|p1a: Palossand|Shadow Ball|p2a: Thievul
|-resisted|p2a: Thievul
|-damage|p2a: Thievul|81/100
|
|-damage|p1a: Palossand|82/100 tox|[from] psn
|upkeep
|turn|41
|
|t:|1618617369
|switch|p2a: Thwackey|Thwackey, M|42/100
|-fieldstart|move: Grassy Terrain|[from] ability: Grassy Surge|[of] p2a: Thwackey
|switch|p1a: Guzzlord|Guzzlord|100/100
|
|-heal|p2a: Thwackey|48/100|[from] Grassy Terrain
|upkeep
|turn|42
|
|t:|1618617375
|move|p2a: Thwackey|U-turn|p1a: Guzzlord
|-supereffective|p1a: Guzzlord
|-damage|p1a: Guzzlord|50/100
|-damage|p2a: Thwackey|38/100|[from] item: Life Orb
|
|t:|1618617379
|switch|p2a: Regirock|Regirock|58/100|[from]move: U-turn
|move|p1a: Guzzlord|Dragon Tail|p2a: Regirock
|-damage|p2a: Regirock|48/100
|drag|p2a: Gourgeist|Gourgeist-Small, M|88/100
|-item|p1a: Guzzlord|Heavy-Duty Boots|[from] ability: Frisk|[of] p2a: Gourgeist|[identify]
|
|-heal|p2a: Gourgeist|94/100|[from] Grassy Terrain
|-heal|p1a: Guzzlord|57/100|[from] Grassy Terrain
|upkeep
|turn|43
|
|t:|1618617390
|move|p2a: Gourgeist|Power Whip|p1a: Guzzlord
|-resisted|p1a: Guzzlord
|-damage|p1a: Guzzlord|16/100
|move|p1a: Guzzlord|Rest|p1a: Guzzlord
|-status|p1a: Guzzlord|slp|[from] move: Rest
|-heal|p1a: Guzzlord|100/100 slp|[silent]
|
|-heal|p2a: Gourgeist|99/100|[from] Grassy Terrain
|upkeep
|turn|44
|
|t:|1618617399
|switch|p2a: Thievul|Thievul, F|81/100
|-enditem|p2a: Thievul|Grassy Seed
|-boost|p2a: Thievul|def|1|[from] item: Grassy Seed
|cant|p1a: Guzzlord|slp
|move|p1a: Guzzlord|Sleep Talk|p1a: Guzzlord
|move|p1a: Guzzlord|Dragon Tail|p2a: Thievul|[from]move: Sleep Talk|[miss]
|-miss|p1a: Guzzlord|p2a: Thievul
|
|-heal|p2a: Thievul|87/100|[from] Grassy Terrain
|upkeep
|turn|45
|
|t:|1618617410
|switch|p2a: Regirock|Regirock|48/100
|cant|p1a: Guzzlord|slp
|move|p1a: Guzzlord|Sleep Talk|p1a: Guzzlord
|move|p1a: Guzzlord|Rest||[from]move: Sleep Talk|[still]
|-fail|p1a: Guzzlord
|
|-heal|p2a: Regirock|54/100|[from] Grassy Terrain
|-fieldend|move: Grassy Terrain
|upkeep
|turn|46
|
|t:|1618617422
|switch|p1a: Weezing|Weezing, M|88/100
|-damage|p1a: Weezing|76/100|[from] Stealth Rock
|move|p2a: Regirock|Body Press|p1a: Weezing
|-resisted|p1a: Weezing
|-damage|p1a: Weezing|61/100
|
|upkeep
|turn|47
|
|t:|1618617433
|switch|p2a: Xatu|Xatu, M|66/100 psn
|move|p1a: Weezing|Will-O-Wisp|p2a: Xatu
|move|p2a: Xatu|Will-O-Wisp|p1a: Weezing|[from]ability: Magic Bounce
|-status|p1a: Weezing|brn
|
|-damage|p2a: Xatu|53/100 psn|[from] psn
|-damage|p1a: Weezing|55/100 brn|[from] brn
|upkeep
|turn|48
|
|t:|1618617442
|switch|p2a: Gourgeist|Gourgeist-Small, M|99/100
|switch|p1a: Audino|Audino, M|100/100
|
|upkeep
|turn|49
|
|t:|1618617450
|move|p2a: Gourgeist|Power Whip|p1a: Audino|[miss]
|-miss|p2a: Gourgeist|p1a: Audino
|move|p1a: Audino|Heal Bell|p1a: Audino
|-activate|p1a: Audino|move: Heal Bell
|-curestatus|p1: Palossand|tox|[msg]
|-curestatus|p1: Guzzlord|slp|[msg]
|-curestatus|p1: Weezing|brn|[msg]
|
|upkeep
|turn|50
|
|t:|1618617466
|switch|p2a: Regirock|Regirock|54/100
|move|p1a: Audino|Wish|p1a: Audino
|
|upkeep
|turn|51
|
|t:|1618617474
|switch|p2a: Thievul|Thievul, F|87/100
|switch|p1a: Weezing|Weezing, M|55/100
|-damage|p1a: Weezing|43/100|[from] Stealth Rock
|
|-heal|p1a: Weezing|100/100|[from] move: Wish|[wisher] Audino
|upkeep
|turn|52
|
|t:|1618617496
|switch|p2a: Regirock|Regirock|54/100
|switch|p1a: Guzzlord|Guzzlord|100/100
|
|upkeep
|turn|53
|
|t:|1618617511
|switch|p1a: Palossand|Palossand, M|82/100
|-damage|p1a: Palossand|76/100|[from] Stealth Rock
|move|p2a: Regirock|Body Press|p1a: Palossand
|-immune|p1a: Palossand
|
|upkeep
|turn|54
|
|t:|1618617529
|move|p2a: Regirock|Toxic|p1a: Palossand
|-status|p1a: Palossand|tox
|move|p1a: Palossand|Stealth Rock|p2a: Regirock
|-sidestart|p2: Toxicidad fuera|move: Stealth Rock
|
|-damage|p1a: Palossand|70/100 tox|[from] psn
|upkeep
|turn|55
|
|t:|1618617536
|switch|p2a: Thievul|Thievul, F|87/100
|-damage|p2a: Thievul|75/100|[from] Stealth Rock
|move|p1a: Palossand|Shore Up|p1a: Palossand
|-heal|p1a: Palossand|100/100 tox
|
|-damage|p1a: Palossand|88/100 tox|[from] psn
|upkeep
|turn|56
|
|t:|1618617561
|switch|p2a: Thwackey|Thwackey, M|38/100
|-damage|p2a: Thwackey|26/100|[from] Stealth Rock
|-fieldstart|move: Grassy Terrain|[from] ability: Grassy Surge|[of] p2a: Thwackey
|switch|p1a: Guzzlord|Guzzlord|100/100
|
|-heal|p2a: Thwackey|32/100|[from] Grassy Terrain
|upkeep
|turn|57
|
|t:|1618617572
|move|p2a: Thwackey|U-turn|p1a: Guzzlord
|-supereffective|p1a: Guzzlord
|-damage|p1a: Guzzlord|57/100
|-damage|p2a: Thwackey|22/100|[from] item: Life Orb
|
|t:|1618617581
|switch|p2a: Regirock|Regirock|54/100|[from]move: U-turn
|-damage|p2a: Regirock|41/100|[from] Stealth Rock
|move|p1a: Guzzlord|Dragon Tail|p2a: Regirock|[miss]
|-miss|p1a: Guzzlord|p2a: Regirock
|
|-heal|p1a: Guzzlord|63/100|[from] Grassy Terrain
|-heal|p2a: Regirock|47/100|[from] Grassy Terrain
|upkeep
|turn|58
|l| Ill Leave
|
|t:|1618617592
|switch|p1a: Weezing|Weezing, M|100/100
|-damage|p1a: Weezing|88/100|[from] Stealth Rock
|switch|p2a: Gourgeist|Gourgeist-Small, M|99/100
|-damage|p2a: Gourgeist|88/100|[from] Stealth Rock
|
|-heal|p2a: Gourgeist|94/100|[from] Grassy Terrain
|upkeep
|turn|59
|
|t:|1618617602
|switch|p2a: Xatu|Xatu, M|53/100 psn
|-damage|p2a: Xatu|29/100 psn|[from] Stealth Rock
|move|p1a: Weezing|Will-O-Wisp|p2a: Xatu
|move|p2a: Xatu|Will-O-Wisp|p1a: Weezing|[from]ability: Magic Bounce
|-status|p1a: Weezing|brn
|
|-damage|p2a: Xatu|16/100 psn|[from] psn
|-damage|p1a: Weezing|82/100 brn|[from] brn
|upkeep
|turn|60
|
|t:|1618617608
|move|p2a: Xatu|Roost|p2a: Xatu
|-heal|p2a: Xatu|66/100 psn
|-singleturn|p2a: Xatu|move: Roost
|move|p1a: Weezing|Sludge Bomb|p2a: Xatu
|-damage|p2a: Xatu|28/100 psn
|
|-heal|p2a: Xatu|34/100 psn|[from] Grassy Terrain
|-fieldend|move: Grassy Terrain
|-damage|p2a: Xatu|22/100 psn|[from] psn
|-damage|p1a: Weezing|76/100 brn|[from] brn
|upkeep
|turn|61
|
|t:|1618617617
|switch|p1a: Audino|Audino, M|100/100
|move|p2a: Xatu|Roost|p2a: Xatu
|-heal|p2a: Xatu|72/100 psn
|-singleturn|p2a: Xatu|move: Roost
|
|-damage|p2a: Xatu|60/100 psn|[from] psn
|upkeep
|turn|62
|
|t:|1618617630
|move|p2a: Xatu|Roost|p2a: Xatu
|-heal|p2a: Xatu|100/100 psn
|-singleturn|p2a: Xatu|move: Roost
|move|p1a: Audino|Heal Bell|p1a: Audino
|-activate|p1a: Audino|move: Heal Bell
|-curestatus|p1: Palossand|tox|[msg]
|-curestatus|p1: Weezing|brn|[msg]
|
|-damage|p2a: Xatu|88/100 psn|[from] psn
|upkeep
|turn|63
|
|t:|1618617642
|move|p2a: Xatu|Thunder Wave|p1a: Audino
|-status|p1a: Audino|par
|move|p1a: Audino|Wish|p1a: Audino
|
|-damage|p2a: Xatu|76/100 psn|[from] psn
|upkeep
|turn|64
|
|t:|1618617658
|switch|p2a: Gourgeist|Gourgeist-Small, M|94/100
|-damage|p2a: Gourgeist|81/100|[from] Stealth Rock
|-item|p1a: Audino|Heavy-Duty Boots|[from] ability: Frisk|[of] p2a: Gourgeist|[identify]
|switch|p1a: Guzzlord|Guzzlord|63/100
|
|-heal|p1a: Guzzlord|98/100|[from] move: Wish|[wisher] Audino
|upkeep
|turn|65
|
|t:|1618617682
|switch|p2a: Regirock|Regirock|47/100
|-damage|p2a: Regirock|35/100|[from] Stealth Rock
|move|p1a: Guzzlord|Dragon Tail|p2a: Regirock
|-damage|p2a: Regirock|25/100
|drag|p2a: Thievul|Thievul, F|75/100
|-damage|p2a: Thievul|62/100|[from] Stealth Rock
|
|upkeep
|turn|66
|
|t:|1618617694
|move|p2a: Thievul|Dark Pulse|p1a: Guzzlord
|-resisted|p1a: Guzzlord
|-damage|p1a: Guzzlord|87/100
|move|p1a: Guzzlord|Dragon Tail|p2a: Thievul
|-damage|p2a: Thievul|19/100
|drag|p2a: Thwackey|Thwackey, M|22/100
|-damage|p2a: Thwackey|9/100|[from] Stealth Rock
|-fieldstart|move: Grassy Terrain|[from] ability: Grassy Surge|[of] p2a: Thwackey
|
|-heal|p2a: Thwackey|15/100|[from] Grassy Terrain
|-heal|p1a: Guzzlord|93/100|[from] Grassy Terrain
|upkeep
|turn|67
|
|t:|1618617706
|switch|p2a: Regirock|Regirock|25/100
|-damage|p2a: Regirock|13/100|[from] Stealth Rock
|move|p1a: Guzzlord|Dragon Tail|p2a: Regirock
|-damage|p2a: Regirock|2/100
|drag|p2a: Garbodor|Garbodor, F|82/100
|-damage|p2a: Garbodor|70/100|[from] Stealth Rock
|
|-heal|p2a: Garbodor|76/100|[from] Grassy Terrain
|-heal|p2a: Garbodor|82/100|[from] item: Black Sludge
|-heal|p1a: Guzzlord|99/100|[from] Grassy Terrain
|upkeep
|turn|68
|
|t:|1618617731
|switch|p1a: Pyukumuku|Pyukumuku, M|100/100
|move|p2a: Garbodor|Gunk Shot|p1a: Pyukumuku|[miss]
|-miss|p2a: Garbodor|p1a: Pyukumuku
|
|-heal|p2a: Garbodor|88/100|[from] Grassy Terrain
|-heal|p2a: Garbodor|94/100|[from] item: Black Sludge
|upkeep
|turn|69
|
|t:|1618617743
|switch|p2a: Xatu|Xatu, M|76/100 psn
|-damage|p2a: Xatu|51/100 psn|[from] Stealth Rock
|move|p1a: Pyukumuku|Block|p2a: Xatu
|move|p2a: Xatu|Block|p1a: Pyukumuku|[from]ability: Magic Bounce
|-activate|p1a: Pyukumuku|trapped
|
|-damage|p2a: Xatu|39/100 psn|[from] psn
|upkeep
|turn|70
|
|t:|1618617752
|move|p2a: Xatu|Roost|p2a: Xatu
|-heal|p2a: Xatu|89/100 psn
|-singleturn|p2a: Xatu|move: Roost
|move|p1a: Pyukumuku|Spite|p2a: Xatu
|move|p2a: Xatu|Spite|p1a: Pyukumuku|[from]ability: Magic Bounce
|-activate|p1a: Pyukumuku|move: Spite|Spite|4
|
|-heal|p2a: Xatu|95/100 psn|[from] Grassy Terrain
|-fieldend|move: Grassy Terrain
|-damage|p2a: Xatu|83/100 psn|[from] psn
|upkeep
|turn|71
|c|☆Adidon't|lmao
|c|☆Adidon't|i trapped myseld
|
|t:|1618617770
|move|p2a: Xatu|Thunder Wave|p1a: Pyukumuku
|-status|p1a: Pyukumuku|par
|move|p1a: Pyukumuku|Block|p2a: Xatu
|move|p2a: Xatu|Block||[from]ability: Magic Bounce|[still]
|-fail|p2a: Xatu
|
|-damage|p2a: Xatu|70/100 psn|[from] psn
|upkeep
|turn|72
|
|t:|1618617776
|move|p2a: Xatu|Psychic|p1a: Pyukumuku
|-damage|p1a: Pyukumuku|78/100 par
|move|p1a: Pyukumuku|Block|p2a: Xatu
|move|p2a: Xatu|Block||[from]ability: Magic Bounce|[still]
|-fail|p2a: Xatu
|
|-damage|p2a: Xatu|58/100 psn|[from] psn
|upkeep
|turn|73
|
|t:|1618617786
|move|p2a: Xatu|Psychic|p1a: Pyukumuku
|-damage|p1a: Pyukumuku|56/100 par
|move|p1a: Pyukumuku|Block|p2a: Xatu
|move|p2a: Xatu|Block||[from]ability: Magic Bounce|[still]
|-fail|p2a: Xatu
|
|-damage|p2a: Xatu|46/100 psn|[from] psn
|upkeep
|turn|74
|
|t:|1618617794
|move|p2a: Xatu|Roost|p2a: Xatu
|-heal|p2a: Xatu|96/100 psn
|-singleturn|p2a: Xatu|move: Roost
|cant|p1a: Pyukumuku|par
|
|-damage|p2a: Xatu|83/100 psn|[from] psn
|upkeep
|turn|75
|
|t:|1618617802
|move|p2a: Xatu|Psychic|p1a: Pyukumuku
|-damage|p1a: Pyukumuku|31/100 par
|move|p1a: Pyukumuku|Recover|p1a: Pyukumuku
|-heal|p1a: Pyukumuku|81/100 par
|
|-damage|p2a: Xatu|71/100 psn|[from] psn
|upkeep
|turn|76
|
|t:|1618617815
|move|p2a: Xatu|Psychic|p1a: Pyukumuku
|-damage|p1a: Pyukumuku|59/100 par
|move|p1a: Pyukumuku|Recover|p1a: Pyukumuku
|-heal|p1a: Pyukumuku|100/100 par
|
|-damage|p2a: Xatu|59/100 psn|[from] psn
|upkeep
|turn|77
|
|t:|1618617824
|move|p2a: Xatu|Psychic|p1a: Pyukumuku
|-damage|p1a: Pyukumuku|79/100 par
|move|p1a: Pyukumuku|Block|p2a: Xatu
|move|p2a: Xatu|Block||[from]ability: Magic Bounce|[still]
|-fail|p2a: Xatu
|
|-damage|p2a: Xatu|47/100 psn|[from] psn
|upkeep
|turn|78
|
|t:|1618617853
|move|p2a: Xatu|Roost|p2a: Xatu
|-heal|p2a: Xatu|97/100 psn
|-singleturn|p2a: Xatu|move: Roost
|move|p1a: Pyukumuku|Recover|p1a: Pyukumuku
|-heal|p1a: Pyukumuku|100/100 par
|
|-damage|p2a: Xatu|84/100 psn|[from] psn
|upkeep
|turn|79
|
|t:|1618617867
|move|p2a: Xatu|Psychic|p1a: Pyukumuku
|-damage|p1a: Pyukumuku|75/100 par
|move|p1a: Pyukumuku|Block|p2a: Xatu
|move|p2a: Xatu|Block||[from]ability: Magic Bounce|[still]
|-fail|p2a: Xatu
|
|-damage|p2a: Xatu|72/100 psn|[from] psn
|upkeep
|turn|80
|
|t:|1618617879
|move|p2a: Xatu|Psychic|p1a: Pyukumuku
|-damage|p1a: Pyukumuku|52/100 par
|move|p1a: Pyukumuku|Block|p2a: Xatu
|move|p2a: Xatu|Block||[from]ability: Magic Bounce|[still]
|-fail|p2a: Xatu
|
|-damage|p2a: Xatu|60/100 psn|[from] psn
|upkeep
|turn|81
|
|t:|1618617889
|move|p2a: Xatu|Psychic|p1a: Pyukumuku
|-damage|p1a: Pyukumuku|28/100 par
|move|p1a: Pyukumuku|Recover|p1a: Pyukumuku
|-heal|p1a: Pyukumuku|78/100 par
|
|-damage|p2a: Xatu|48/100 psn|[from] psn
|upkeep
|turn|82
|
|t:|1618617899
|move|p2a: Xatu|Psychic|p1a: Pyukumuku
|-damage|p1a: Pyukumuku|54/100 par
|cant|p1a: Pyukumuku|par
|
|-damage|p2a: Xatu|35/100 psn|[from] psn
|upkeep
|turn|83
|
|t:|1618617907
|move|p2a: Xatu|Psychic|p1a: Pyukumuku
|-damage|p1a: Pyukumuku|31/100 par
|move|p1a: Pyukumuku|Recover|p1a: Pyukumuku
|-heal|p1a: Pyukumuku|81/100 par
|
|-damage|p2a: Xatu|23/100 psn|[from] psn
|upkeep
|turn|84
|
|t:|1618617934
|move|p2a: Xatu|Roost|p2a: Xatu
|-heal|p2a: Xatu|73/100 psn
|-singleturn|p2a: Xatu|move: Roost
|move|p1a: Pyukumuku|Recover|p1a: Pyukumuku
|-heal|p1a: Pyukumuku|100/100 par
|
|-damage|p2a: Xatu|61/100 psn|[from] psn
|upkeep
|turn|85
|inactive|Adidon't has 120 seconds left.
|
|t:|1618617966
|move|p2a: Xatu|Psychic|p1a: Pyukumuku
|-damage|p1a: Pyukumuku|79/100 par
|move|p1a: Pyukumuku|Toxic|p2a: Xatu
|move|p2a: Xatu|Toxic||[from]ability: Magic Bounce|[still]
|-fail|p2a: Xatu
|
|-damage|p2a: Xatu|48/100 psn|[from] psn
|upkeep
|turn|86
|
|t:|1618617972
|move|p2a: Xatu|Roost|p2a: Xatu
|-heal|p2a: Xatu|98/100 psn
|-singleturn|p2a: Xatu|move: Roost
|move|p1a: Pyukumuku|Toxic|p2a: Xatu
|move|p2a: Xatu|Toxic||[from]ability: Magic Bounce|[still]
|-fail|p2a: Xatu
|
|-damage|p2a: Xatu|86/100 psn|[from] psn
|upkeep
|turn|87
|
|t:|1618617983
|move|p2a: Xatu|Psychic|p1a: Pyukumuku
|-damage|p1a: Pyukumuku|56/100 par
|move|p1a: Pyukumuku|Toxic|p2a: Xatu
|move|p2a: Xatu|Toxic||[from]ability: Magic Bounce|[still]
|-fail|p2a: Xatu
|
|-damage|p2a: Xatu|74/100 psn|[from] psn
|upkeep
|turn|88
|
|t:|1618617996
|move|p2a: Xatu|Psychic|p1a: Pyukumuku
|-damage|p1a: Pyukumuku|32/100 par
|move|p1a: Pyukumuku|Recover|p1a: Pyukumuku
|-heal|p1a: Pyukumuku|82/100 par
|
|-damage|p2a: Xatu|62/100 psn|[from] psn
|upkeep
|turn|89
|
|t:|1618618012
|move|p2a: Xatu|Psychic|p1a: Pyukumuku
|-damage|p1a: Pyukumuku|58/100 par
|move|p1a: Pyukumuku|Recover|p1a: Pyukumuku
|-heal|p1a: Pyukumuku|100/100 par
|
|-damage|p2a: Xatu|49/100 psn|[from] psn
|upkeep
|turn|90
|
|t:|1618618025
|move|p2a: Xatu|Roost|p2a: Xatu
|-heal|p2a: Xatu|99/100 psn
|-singleturn|p2a: Xatu|move: Roost
|move|p1a: Pyukumuku|Toxic|p2a: Xatu
|move|p2a: Xatu|Toxic|p1a: Pyukumuku|[from]ability: Magic Bounce|[miss]
|-miss|p2a: Xatu|p1a: Pyukumuku
|
|-damage|p2a: Xatu|87/100 psn|[from] psn
|upkeep
|turn|91
|j| A Very Gay Girl
|inactive|Adidon't has 90 seconds left.
|
|t:|1618618062
|move|p2a: Xatu|Psychic|p1a: Pyukumuku
|-damage|p1a: Pyukumuku|78/100 par
|move|p1a: Pyukumuku|Toxic|p2a: Xatu
|move|p2a: Xatu|Toxic||[from]ability: Magic Bounce|[still]
|-fail|p2a: Xatu
|
|-damage|p2a: Xatu|75/100 psn|[from] psn
|upkeep
|turn|92
|
|t:|1618618071
|move|p2a: Xatu|Psychic|p1a: Pyukumuku
|-damage|p1a: Pyukumuku|56/100 par
|move|p1a: Pyukumuku|Toxic|p2a: Xatu
|move|p2a: Xatu|Toxic||[from]ability: Magic Bounce|[still]
|-fail|p2a: Xatu
|
|-damage|p2a: Xatu|62/100 psn|[from] psn
|upkeep
|turn|93
|inactive|Adidon't has 90 seconds left.
|
|t:|1618618082
|move|p2a: Xatu|Heat Wave|p1a: Pyukumuku
|-resisted|p1a: Pyukumuku
|-damage|p1a: Pyukumuku|48/100 par
|move|p1a: Pyukumuku|Recover|p1a: Pyukumuku
|-heal|p1a: Pyukumuku|98/100 par
|
|-damage|p2a: Xatu|50/100 psn|[from] psn
|upkeep
|turn|94
|inactive|Adidon't has 90 seconds left.
|
|t:|1618618094
|move|p2a: Xatu|Heat Wave|p1a: Pyukumuku
|-resisted|p1a: Pyukumuku
|-damage|p1a: Pyukumuku|90/100 par
|move|p1a: Pyukumuku|Spite|p2a: Xatu
|move|p2a: Xatu|Spite|p1a: Pyukumuku|[from]ability: Magic Bounce
|-activate|p1a: Pyukumuku|move: Spite|Spite|4
|
|-damage|p2a: Xatu|38/100 psn|[from] psn
|upkeep
|turn|95
|inactive|Adidon't has 90 seconds left.
|
|t:|1618618110
|move|p2a: Xatu|Heat Wave|p1a: Pyukumuku
|-resisted|p1a: Pyukumuku
|-damage|p1a: Pyukumuku|82/100 par
|move|p1a: Pyukumuku|Toxic|p2a: Xatu
|move|p2a: Xatu|Toxic||[from]ability: Magic Bounce|[still]
|-fail|p2a: Xatu
|
|-damage|p2a: Xatu|26/100 psn|[from] psn
|upkeep
|turn|96
|
|t:|1618618124
|move|p2a: Xatu|Heat Wave|p1a: Pyukumuku
|-resisted|p1a: Pyukumuku
|-damage|p1a: Pyukumuku|73/100 par
|cant|p1a: Pyukumuku|par
|
|-damage|p2a: Xatu|13/100 psn|[from] psn
|upkeep
|turn|97
|
|t:|1618618133
|move|p2a: Xatu|Heat Wave|p1a: Pyukumuku
|-resisted|p1a: Pyukumuku
|-damage|p1a: Pyukumuku|65/100 par
|move|p1a: Pyukumuku|Recover|p1a: Pyukumuku
|-heal|p1a: Pyukumuku|100/100 par
|
|-damage|p2a: Xatu|1/100 psn|[from] psn
|upkeep
|turn|98
|c|☆Adidon't|how tf did pyukumuku outstalled xatu
|inactive|Adidon't has 60 seconds left.
|
|t:|1618618164
|move|p2a: Xatu|Heat Wave|p1a: Pyukumuku
|-resisted|p1a: Pyukumuku
|-damage|p1a: Pyukumuku|93/100 par
|move|p1a: Pyukumuku|Toxic|p2a: Xatu
|move|p2a: Xatu|Toxic||[from]ability: Magic Bounce|[still]
|-fail|p2a: Xatu
|
|-damage|p2a: Xatu|0 fnt|[from] psn
|faint|p2a: Xatu
|upkeep
|
|t:|1618618168
|switch|p2a: Gourgeist|Gourgeist-Small, M|81/100
|-damage|p2a: Gourgeist|69/100|[from] Stealth Rock
|-item|p1a: Pyukumuku|Heavy-Duty Boots|[from] ability: Frisk|[of] p2a: Gourgeist|[identify]
|turn|99
|inactive|Adidon't has 60 seconds left.
|
|t:|1618618187
|switch|p1a: Weezing|Weezing, M|76/100
|-damage|p1a: Weezing|64/100|[from] Stealth Rock
|move|p2a: Gourgeist|Power Whip|p1a: Weezing
|-resisted|p1a: Weezing
|-damage|p1a: Weezing|40/100
|
|upkeep
|turn|100
|c| A Very Gay Girl|how come the xatu didnt just switch out?
|
|t:|1618618196
|switch|p2a: Regirock|Regirock|2/100
|-damage|p2a: Regirock|0 fnt|[from] Stealth Rock
|faint|p2a: Regirock
|move|p1a: Weezing|Toxic Spikes|p2: Regirock
|-sidestart|p2: Toxicidad fuera|move: Toxic Spikes
|
|upkeep
|
|t:|1618618208
|switch|p2a: Garbodor|Garbodor, F|94/100
|-damage|p2a: Garbodor|82/100|[from] Stealth Rock
|-sideend|p2: Toxicidad fuera|move: Toxic Spikes|[of] p2a: Garbodor
|turn|101
|inactive|Adidon't has 60 seconds left.
|j| tttnnnttn
|
|t:|1618618225
|move|p2a: Garbodor|Spikes|p1a: Weezing
|-sidestart|p1: Adidon't|Spikes
|move|p1a: Weezing|Pain Split|p2a: Garbodor
|-sethp|p2a: Garbodor|59/100|[from] move: Pain Split|[silent]
|-sethp|p1a: Weezing|65/100|[from] move: Pain Split
|
|-heal|p2a: Garbodor|65/100|[from] item: Black Sludge
|upkeep
|turn|102
|
|t:|1618618233
|move|p2a: Garbodor|Spikes|p1a: Weezing
|-sidestart|p1: Adidon't|Spikes
|move|p1a: Weezing|Will-O-Wisp|p2a: Garbodor
|-status|p2a: Garbodor|brn
|
|-heal|p2a: Garbodor|71/100 brn|[from] item: Black Sludge
|-damage|p2a: Garbodor|65/100 brn|[from] brn
|upkeep
|turn|103
|inactive|Adidon't has 30 seconds left.
|
|t:|1618618264
|switch|p1a: Audino|Audino, M|100/100 par
|move|p2a: Garbodor|Spikes|p1a: Audino
|-sidestart|p1: Adidon't|Spikes
|
|-heal|p2a: Garbodor|71/100 brn|[from] item: Black Sludge
|-damage|p2a: Garbodor|65/100 brn|[from] brn
|upkeep
|turn|104
|inactive|Adidon't has 30 seconds left this turn.
|
|t:|1618618271
|move|p2a: Garbodor|Pain Split|p1a: Audino
|-sethp|p1a: Audino|79/100 par|[from] move: Pain Split|[silent]
|-sethp|p2a: Garbodor|89/100 brn|[from] move: Pain Split
|move|p1a: Audino|Wish|p1a: Audino
|
|-heal|p2a: Garbodor|95/100 brn|[from] item: Black Sludge
|-damage|p2a: Garbodor|89/100 brn|[from] brn
|upkeep
|turn|105
|inactive|Adidon't has 30 seconds left this turn.
|
|t:|1618618281
|switch|p2a: Thievul|Thievul, F|19/100
|-damage|p2a: Thievul|7/100|[from] Stealth Rock
|switch|p1a: Articuno|Articuno|88/100
|-ability|p1a: Articuno|Pressure
|
|-heal|p1a: Articuno|100/100|[from] move: Wish|[wisher] Audino
|upkeep
|turn|106
|inactive|Adidon't has 30 seconds left.
|
|t:|1618618291
|move|p2a: Thievul|Burning Jealousy|p1a: Articuno
|-supereffective|p1a: Articuno
|-damage|p1a: Articuno|76/100
|move|p1a: Articuno|Freeze-Dry|p2a: Thievul
|-damage|p2a: Thievul|0 fnt
|faint|p2a: Thievul
|
|upkeep
|
|t:|1618618303
|switch|p2a: Garbodor|Garbodor, F|89/100 brn
|-damage|p2a: Garbodor|77/100 brn|[from] Stealth Rock
|turn|107
|
|t:|1618618308
|move|p1a: Articuno|Defog|p2a: Garbodor
|-unboost|p2a: Garbodor|evasion|1
|-sideend|p2: Toxicidad fuera|Stealth Rock|[from] move: Defog|[of] p1a: Articuno
|-sideend|p1: Adidon't|Spikes|[from] move: Defog|[of] p1a: Articuno
|-sideend|p1: Adidon't|Stealth Rock|[from] move: Defog|[of] p1a: Articuno
|move|p2a: Garbodor|Gunk Shot|p1a: Articuno
|-damage|p1a: Articuno|59/100
|-status|p1a: Articuno|psn
|
|-heal|p2a: Garbodor|83/100 brn|[from] item: Black Sludge
|-damage|p1a: Articuno|47/100 psn|[from] psn
|-damage|p2a: Garbodor|77/100 brn|[from] brn
|upkeep
|turn|108
|
|t:|1618618319
|switch|p2a: Thwackey|Thwackey, M|15/100
|-fieldstart|move: Grassy Terrain|[from] ability: Grassy Surge|[of] p2a: Thwackey
|move|p1a: Articuno|Roost|p1a: Articuno
|-heal|p1a: Articuno|97/100 psn
|-singleturn|p1a: Articuno|move: Roost
|
|-heal|p2a: Thwackey|21/100|[from] Grassy Terrain
|-heal|p1a: Articuno|100/100 psn|[from] Grassy Terrain
|-damage|p1a: Articuno|88/100 psn|[from] psn
|upkeep
|turn|109
|
|t:|1618618324
|switch|p2a: Garbodor|Garbodor, F|77/100 brn
|move|p1a: Articuno|Freeze-Dry|p2a: Garbodor
|-damage|p2a: Garbodor|58/100 brn
|
|-heal|p2a: Garbodor|65/100 brn|[from] Grassy Terrain
|-heal|p2a: Garbodor|71/100 brn|[from] item: Black Sludge
|-damage|p1a: Articuno|75/100 psn|[from] psn
|-damage|p2a: Garbodor|65/100 brn|[from] brn
|upkeep
|turn|110
|
|t:|1618618333
|switch|p1a: Audino|Audino, M|100/100 par
|move|p2a: Garbodor|Spikes|p1a: Audino
|-sidestart|p1: Adidon't|Spikes
|
|-heal|p2a: Garbodor|71/100 brn|[from] Grassy Terrain
|-heal|p2a: Garbodor|77/100 brn|[from] item: Black Sludge
|-damage|p2a: Garbodor|71/100 brn|[from] brn
|upkeep
|turn|111
|l| A Very Gay Girl
|
|t:|1618618342
|switch|p2a: Gourgeist|Gourgeist-Small, M|69/100
|-item|p1a: Audino|Heavy-Duty Boots|[from] ability: Frisk|[of] p2a: Gourgeist|[identify]
|move|p1a: Audino|Wish|p1a: Audino
|
|-heal|p2a: Gourgeist|75/100|[from] Grassy Terrain
|upkeep
|turn|112
|j|+Tone
|
|t:|1618618350
|switch|p1a: Weezing|Weezing, M|65/100
|move|p2a: Gourgeist|Power Whip|p1a: Weezing
|-resisted|p1a: Weezing
|-damage|p1a: Weezing|33/100
|
|-heal|p1a: Weezing|95/100|[from] move: Wish|[wisher] Audino
|-heal|p2a: Gourgeist|81/100|[from] Grassy Terrain
|-fieldend|move: Grassy Terrain
|upkeep
|turn|113
|-message|Toxicidad fuera forfeited.
|
|win|Adidon't
|raw|Adidon&apos;t's rating: 1420 &rarr; <strong>1441</strong><br />(+21 for winning)
|raw|Toxicidad fuera's rating: 1436 &rarr; <strong>1415</strong><br />(-21 for losing)
|l|☆Toxicidad fuera
