|j|☆Byds
|j|☆yassy slay
|t:|1654162599
|gametype|singles
|player|p1|Byds|lady-gen4|1363
|player|p2|yassy slay|102|1604
|teamsize|p1|6
|teamsize|p2|6
|gen|8
|tier|[Gen 8] PU
|rated|
|rule|Sleep Clause Mod: Limit one foe put to sleep
|rule|Species Clause: Limit one of each Pokémon
|rule|OHKO Clause: OHKO moves are banned
|rule|Evasion Moves Clause: Evasion moves are banned
|rule|Endless Battle Clause: Forcing endless battles is banned
|rule|HP Percentage Mod: HP is shown in percentages
|rule|Dynamax Clause: You cannot dynamax
|clearpoke
|poke|p1|Perrserker, F|
|poke|p1|Jellicent, F|
|poke|p1|Charizard, M|
|poke|p1|Scrafty, F|
|poke|p1|Sandaconda, F|
|poke|p1|Vikavolt, F|
|poke|p2|Dubwool, F|
|poke|p2|Palossand, F|
|poke|p2|Eldegoss, F|
|poke|p2|Miltank, F|
|poke|p2|Musharna, M|
|poke|p2|Rotom-Fan|
|teampreview
|
|t:|1654162676
|start
|switch|p1a: Sandaconda|Sandaconda, F|100/100
|switch|p2a: Miltank|Miltank, F|100/100
|turn|1
|
|t:|1654162683
|switch|p2a: Dubwool|Dubwool, F|100/100
|move|p1a: Sandaconda|Stealth Rock|p2a: Dubwool
|-sidestart|p2: yassy slay|move: Stealth Rock
|
|upkeep
|turn|2
|
|t:|1654162689
|move|p2a: Dubwool|Copycat|p2a: Dubwool
|move|p2a: Dubwool|Stealth Rock|p1a: Sandaconda|[from]move: Copycat
|-sidestart|p1: Byds|move: Stealth Rock
|move|p1a: Sandaconda|Glare|p2a: Dubwool
|-status|p2a: Dubwool|par
|
|upkeep
|turn|3
|
|t:|1654162699
|switch|p1a: Scrafty|Scrafty, F|100/100
|-damage|p1a: Scrafty|95/100|[from] Stealth Rock
|move|p2a: Dubwool|Copycat|p2a: Dubwool
|move|p2a: Dubwool|Glare|p1a: Scrafty|[from]move: Copycat
|-status|p1a: Scrafty|par
|
|-heal|p1a: Scrafty|100/100 par|[from] item: Leftovers
|upkeep
|turn|4
|
|t:|1654162708
|cant|p2a: Dubwool|par
|move|p1a: Scrafty|Knock Off|p2a: Dubwool
|-damage|p2a: Dubwool|89/100 par
|-enditem|p2a: Dubwool|Leftovers|[from] move: Knock Off|[of] p1a: Scrafty
|
|upkeep
|turn|5
|
|t:|1654162714
|move|p2a: Dubwool|Copycat|p2a: Dubwool
|move|p2a: Dubwool|Knock Off|p1a: Scrafty|[from]move: Copycat
|-resisted|p1a: Scrafty
|-damage|p1a: Scrafty|96/100 par
|-enditem|p1a: Scrafty|Leftovers|[from] move: Knock Off|[of] p2a: Dubwool
|move|p1a: Scrafty|Drain Punch|p2a: Dubwool
|-supereffective|p2a: Dubwool
|-damage|p2a: Dubwool|71/100 par
|-heal|p1a: Scrafty|100/100 par|[from] drain|[of] p2a: Dubwool
|
|upkeep
|turn|6
|
|t:|1654162726
|cant|p2a: Dubwool|par
|cant|p1a: Scrafty|par
|
|upkeep
|turn|7
|
|t:|1654162731
|cant|p2a: Dubwool|par
|move|p1a: Scrafty|Bulk Up|p1a: Scrafty
|-boost|p1a: Scrafty|atk|1
|-boost|p1a: Scrafty|def|1
|
|-activate|p1a: Scrafty|ability: Shed Skin
|-curestatus|p1a: Scrafty|par|[msg]
|upkeep
|turn|8
|
|t:|1654162738
|move|p1a: Scrafty|Drain Punch|p2a: Dubwool
|-supereffective|p2a: Dubwool
|-damage|p2a: Dubwool|45/100 par
|move|p2a: Dubwool|Copycat|p2a: Dubwool
|move|p2a: Dubwool|Drain Punch|p1a: Scrafty|[from]move: Copycat
|-supereffective|p1a: Scrafty
|-damage|p1a: Scrafty|84/100
|-heal|p2a: Dubwool|53/100 par|[from] drain|[of] p1a: Scrafty
|
|upkeep
|turn|9
|
|t:|1654162751
|switch|p2a: Rotom|Rotom-Fan|100/100
|move|p1a: Scrafty|Knock Off|p2a: Rotom
|-damage|p2a: Rotom|37/100
|-enditem|p2a: Rotom|Heavy-Duty Boots|[from] move: Knock Off|[of] p1a: Scrafty
|
|upkeep
|turn|10
|
|t:|1654162758
|move|p2a: Rotom|Air Slash|p1a: Scrafty
|-supereffective|p1a: Scrafty
|-damage|p1a: Scrafty|39/100
|cant|p1a: Scrafty|flinch
|
|upkeep
|turn|11
|
|t:|1654162799
|switch|p1a: Vikavolt|Vikavolt, F|100/100
|move|p2a: Rotom|Air Slash|p1a: Vikavolt
|-damage|p1a: Vikavolt|58/100
|
|upkeep
|turn|12
|
|t:|1654162814
|switch|p2a: Palossand|Palossand, F|100/100
|-damage|p2a: Palossand|94/100|[from] Stealth Rock
|move|p1a: Vikavolt|Volt Switch|p2a: Palossand
|-immune|p2a: Palossand
|
|upkeep
|turn|13
|
|t:|1654162835
|switch|p2a: Miltank|Miltank, F|100/100
|move|p1a: Vikavolt|Roost|p1a: Vikavolt
|-heal|p1a: Vikavolt|100/100
|-singleturn|p1a: Vikavolt|move: Roost
|
|upkeep
|turn|14
|
|t:|1654162841
|move|p2a: Miltank|Double-Edge|p1a: Vikavolt
|-damage|p1a: Vikavolt|57/100
|-damage|p2a: Miltank|85/100|[from] Recoil
|move|p1a: Vikavolt|Volt Switch|p2a: Miltank
|-damage|p2a: Miltank|24/100
|
|t:|1654162851
|switch|p1a: Sandaconda|Sandaconda, F|100/100|[from]move: Volt Switch
|-damage|p1a: Sandaconda|94/100|[from] Stealth Rock
|
|upkeep
|turn|15
|
|t:|1654162857
|move|p2a: Miltank|Milk Drink|p2a: Miltank
|-heal|p2a: Miltank|74/100
|move|p1a: Sandaconda|Earthquake|p2a: Miltank
|-damage|p2a: Miltank|39/100
|
|upkeep
|turn|16
|
|t:|1654162865
|switch|p2a: Musharna|Musharna, M|100/100
|move|p1a: Sandaconda|Glare|p2a: Musharna
|-status|p2a: Musharna|par
|-activate|p2a: Musharna|ability: Synchronize
|-status|p1a: Sandaconda|par
|
|upkeep
|turn|17
|
|t:|1654162874
|switch|p1a: Jellicent|Jellicent, F|100/100
|move|p2a: Musharna|Heal Bell|p2a: Musharna
|-activate|p2a: Musharna|move: Heal Bell
|-curestatus|p2a: Musharna|par|[msg]
|-curestatus|p2: Dubwool|par|[msg]
|
|upkeep
|turn|18
|
|t:|1654162882
|switch|p2a: Eldegoss|Eldegoss, F|100/100
|move|p1a: Jellicent|Will-O-Wisp|p2a: Eldegoss
|-status|p2a: Eldegoss|brn
|
|-damage|p2a: Eldegoss|94/100 brn|[from] brn
|upkeep
|turn|19
|
|t:|1654162894
|move|p2a: Eldegoss|Sleep Powder|p1a: Jellicent|[miss]
|-miss|p2a: Eldegoss|p1a: Jellicent
|move|p1a: Jellicent|Taunt|p2a: Eldegoss
|-start|p2a: Eldegoss|move: Taunt
|
|-damage|p2a: Eldegoss|88/100 brn|[from] brn
|upkeep
|turn|20
|
|t:|1654162905
|switch|p1a: Charizard|Charizard, M|100/100
|move|p2a: Eldegoss|Giga Drain|p1a: Charizard
|-resisted|p1a: Charizard
|-damage|p1a: Charizard|91/100
|-heal|p2a: Eldegoss|92/100 brn|[from] drain|[of] p1a: Charizard
|
|-damage|p2a: Eldegoss|86/100 brn|[from] brn
|upkeep
|turn|21
|
|t:|1654162913
|switch|p2a: Musharna|Musharna, M|100/100
|move|p1a: Charizard|Hurricane|p2a: Musharna
|-damage|p2a: Musharna|70/100
|
|upkeep
|turn|22
|
|t:|1654162931
|switch|p1a: Vikavolt|Vikavolt, F|57/100
|move|p2a: Musharna|Psyshock|p1a: Vikavolt
|-damage|p1a: Vikavolt|27/100
|
|upkeep
|turn|23
|
|t:|1654162946
|switch|p2a: Palossand|Palossand, F|94/100
|-damage|p2a: Palossand|88/100|[from] Stealth Rock
|move|p1a: Vikavolt|Roost|p1a: Vikavolt
|-heal|p1a: Vikavolt|77/100
|-singleturn|p1a: Vikavolt|move: Roost
|
|upkeep
|turn|24
|j| EnigmaticZ
|
|t:|1654162966
|move|p1a: Vikavolt|Bug Buzz|p2a: Palossand
|-resisted|p2a: Palossand
|-damage|p2a: Palossand|55/100
|move|p2a: Palossand|Shadow Ball|p1a: Vikavolt
|-damage|p1a: Vikavolt|29/100
|-unboost|p1a: Vikavolt|spd|1
|
|upkeep
|turn|25
|
|t:|1654162993
|switch|p1a: Scrafty|Scrafty, F|39/100
|-damage|p1a: Scrafty|33/100|[from] Stealth Rock
|move|p2a: Palossand|Shadow Ball|p1a: Scrafty
|-resisted|p1a: Scrafty
|-damage|p1a: Scrafty|19/100
|
|upkeep
|turn|26
|
|t:|1654163001
|move|p1a: Scrafty|Rest|p1a: Scrafty
|-status|p1a: Scrafty|slp|[from] move: Rest
|-heal|p1a: Scrafty|100/100 slp|[silent]
|move|p2a: Palossand|Earth Power|p1a: Scrafty
|-damage|p1a: Scrafty|71/100 slp
|
|upkeep
|turn|27
|
|t:|1654163009
|cant|p1a: Scrafty|slp
|move|p2a: Palossand|Earth Power|p1a: Scrafty
|-damage|p1a: Scrafty|43/100 slp
|-unboost|p1a: Scrafty|spd|1
|
|upkeep
|turn|28
|
|t:|1654163022
|switch|p1a: Charizard|Charizard, M|91/100
|move|p2a: Palossand|Earth Power|p1a: Charizard
|-immune|p1a: Charizard
|
|upkeep
|turn|29
|
|t:|1654163028
|switch|p2a: Musharna|Musharna, M|70/100
|move|p1a: Charizard|Hurricane|p2a: Musharna|[miss]
|-miss|p1a: Charizard|p2a: Musharna
|
|upkeep
|turn|30
|
|t:|1654163057
|switch|p1a: Perrserker|Perrserker, F|100/100
|-damage|p1a: Perrserker|94/100|[from] Stealth Rock
|move|p2a: Musharna|Moonlight|p2a: Musharna
|-heal|p2a: Musharna|100/100
|
|upkeep
|turn|31
|
|t:|1654163066
|switch|p2a: Dubwool|Dubwool, F|53/100
|-damage|p2a: Dubwool|41/100|[from] Stealth Rock
|move|p1a: Perrserker|Iron Head|p2a: Dubwool
|-damage|p2a: Dubwool|6/100
|
|upkeep
|turn|32
|
|t:|1654163077
|switch|p1a: Sandaconda|Sandaconda, F|94/100 par
|-damage|p1a: Sandaconda|88/100 par|[from] Stealth Rock
|move|p2a: Dubwool|Rest|p2a: Dubwool
|-status|p2a: Dubwool|slp|[from] move: Rest
|-heal|p2a: Dubwool|100/100 slp|[silent]
|
|upkeep
|turn|33
|
|t:|1654163096
|switch|p1a: Scrafty|Scrafty, F|43/100 slp
|-damage|p1a: Scrafty|37/100 slp|[from] Stealth Rock
|cant|p2a: Dubwool|slp
|move|p2a: Dubwool|Sleep Talk|p2a: Dubwool
|move|p2a: Dubwool|Body Press|p1a: Scrafty|[from]move: Sleep Talk
|-supereffective|p1a: Scrafty
|-damage|p1a: Scrafty|0 fnt
|faint|p1a: Scrafty
|
|upkeep
|
|t:|1654163113
|switch|p1a: Vikavolt|Vikavolt, F|29/100
|turn|34
|
|t:|1654163120
|switch|p2a: Palossand|Palossand, F|55/100
|-damage|p2a: Palossand|48/100|[from] Stealth Rock
|move|p1a: Vikavolt|Volt Switch|p2a: Palossand
|-immune|p2a: Palossand
|
|upkeep
|turn|35
|
|t:|1654163140
|move|p1a: Vikavolt|Bug Buzz|p2a: Palossand
|-resisted|p2a: Palossand
|-damage|p2a: Palossand|17/100
|move|p2a: Palossand|Shore Up|p2a: Palossand
|-heal|p2a: Palossand|67/100
|
|upkeep
|turn|36
|
|t:|1654163150
|move|p1a: Vikavolt|Roost|p1a: Vikavolt
|-heal|p1a: Vikavolt|79/100
|-singleturn|p1a: Vikavolt|move: Roost
|move|p2a: Palossand|Shore Up|p2a: Palossand
|-heal|p2a: Palossand|100/100
|
|upkeep
|turn|37
|
|t:|1654163162
|switch|p1a: Jellicent|Jellicent, F|100/100
|move|p2a: Palossand|Shadow Ball|p1a: Jellicent
|-supereffective|p1a: Jellicent
|-damage|p1a: Jellicent|37/100
|
|upkeep
|turn|38
|
|t:|1654163177
|switch|p2a: Eldegoss|Eldegoss, F|100/100 brn
|move|p1a: Jellicent|Hex|p2a: Eldegoss
|-damage|p2a: Eldegoss|63/100 brn
|
|-damage|p2a: Eldegoss|57/100 brn|[from] brn
|upkeep
|turn|39
|
|t:|1654163189
|switch|p1a: Vikavolt|Vikavolt, F|79/100
|move|p2a: Eldegoss|Sleep Powder|p1a: Vikavolt
|-status|p1a: Vikavolt|slp|[from] move: Sleep Powder
|
|-damage|p2a: Eldegoss|51/100 brn|[from] brn
|upkeep
|turn|40
|
|t:|1654163196
|switch|p2a: Palossand|Palossand, F|100/100
|-damage|p2a: Palossand|94/100|[from] Stealth Rock
|switch|p1a: Charizard|Charizard, M|91/100
|
|upkeep
|turn|41
|
|t:|1654163202
|switch|p2a: Musharna|Musharna, M|100/100
|move|p1a: Charizard|Hurricane|p2a: Musharna
|-damage|p2a: Musharna|71/100
|-start|p2a: Musharna|confusion
|
|upkeep
|turn|42
|
|t:|1654163212
|switch|p1a: Jellicent|Jellicent, F|37/100
|-activate|p2a: Musharna|confusion
|move|p2a: Musharna|Moonlight|p2a: Musharna
|-heal|p2a: Musharna|100/100
|
|upkeep
|turn|43
|
|t:|1654163222
|move|p1a: Jellicent|Recover|p1a: Jellicent
|-heal|p1a: Jellicent|87/100
|-activate|p2a: Musharna|confusion
|move|p2a: Musharna|Calm Mind|p2a: Musharna
|-boost|p2a: Musharna|spa|1
|-boost|p2a: Musharna|spd|1
|
|upkeep
|turn|44
|
|t:|1654163228
|move|p1a: Jellicent|Taunt|p2a: Musharna
|-start|p2a: Musharna|move: Taunt
|-activate|p2a: Musharna|confusion
|move|p2a: Musharna|Psyshock|p1a: Jellicent
|-damage|p1a: Jellicent|52/100
|
|upkeep
|turn|45
|
|t:|1654163235
|move|p1a: Jellicent|Will-O-Wisp|p2a: Musharna
|-status|p2a: Musharna|brn
|-activate|p2a: Musharna|ability: Synchronize
|-status|p1a: Jellicent|brn
|-end|p2a: Musharna|confusion
|move|p2a: Musharna|Psyshock|p1a: Jellicent
|-damage|p1a: Jellicent|20/100 brn
|
|-damage|p1a: Jellicent|14/100 brn|[from] brn
|-damage|p2a: Musharna|94/100 brn|[from] brn
|upkeep
|turn|46
|
|t:|1654163246
|move|p1a: Jellicent|Recover|p1a: Jellicent
|-heal|p1a: Jellicent|64/100 brn
|move|p2a: Musharna|Psyshock|p1a: Jellicent
|-damage|p1a: Jellicent|29/100 brn
|
|-damage|p1a: Jellicent|23/100 brn|[from] brn
|-damage|p2a: Musharna|88/100 brn|[from] brn
|-end|p2a: Musharna|move: Taunt
|upkeep
|turn|47
|
|t:|1654163256
|move|p1a: Jellicent|Recover|p1a: Jellicent
|-heal|p1a: Jellicent|73/100 brn
|move|p2a: Musharna|Calm Mind|p2a: Musharna
|-boost|p2a: Musharna|spa|1
|-boost|p2a: Musharna|spd|1
|
|-damage|p1a: Jellicent|67/100 brn|[from] brn
|-damage|p2a: Musharna|82/100 brn|[from] brn
|upkeep
|turn|48
|
|t:|1654163265
|move|p1a: Jellicent|Taunt|p2a: Musharna
|-start|p2a: Musharna|move: Taunt
|move|p2a: Musharna|Psyshock|p1a: Jellicent
|-damage|p1a: Jellicent|23/100 brn
|
|-damage|p1a: Jellicent|17/100 brn|[from] brn
|-damage|p2a: Musharna|76/100 brn|[from] brn
|upkeep
|turn|49
|
|t:|1654163272
|move|p1a: Jellicent|Hex|p2a: Musharna
|-supereffective|p2a: Musharna
|-damage|p2a: Musharna|52/100 brn
|move|p2a: Musharna|Psyshock|p1a: Jellicent
|-damage|p1a: Jellicent|0 fnt
|faint|p1a: Jellicent
|
|-damage|p2a: Musharna|46/100 brn|[from] brn
|upkeep
|
|t:|1654163284
|switch|p1a: Perrserker|Perrserker, F|94/100
|-damage|p1a: Perrserker|88/100|[from] Stealth Rock
|turn|50
|
|t:|1654163292
|switch|p2a: Dubwool|Dubwool, F|100/100 slp
|-damage|p2a: Dubwool|88/100 slp|[from] Stealth Rock
|move|p1a: Perrserker|U-turn|p2a: Dubwool
|-crit|p2a: Dubwool
|-damage|p2a: Dubwool|70/100 slp
|
|t:|1654163298
|switch|p1a: Charizard|Charizard, M|91/100|[from]move: U-turn
|
|upkeep
|turn|51
|
|t:|1654163307
|switch|p2a: Rotom|Rotom-Fan|37/100
|-damage|p2a: Rotom|12/100|[from] Stealth Rock
|move|p1a: Charizard|Fire Blast|p2a: Rotom
|-damage|p2a: Rotom|0 fnt
|faint|p2a: Rotom
|
|upkeep
|
|t:|1654163311
|switch|p2a: Musharna|Musharna, M|46/100 brn
|turn|52
|
|t:|1654163319
|switch|p1a: Perrserker|Perrserker, F|88/100
|-damage|p1a: Perrserker|82/100|[from] Stealth Rock
|move|p2a: Musharna|Moonlight|p2a: Musharna
|-heal|p2a: Musharna|96/100 brn
|
|-damage|p2a: Musharna|90/100 brn|[from] brn
|upkeep
|turn|53
|
|t:|1654163339
|switch|p2a: Miltank|Miltank, F|39/100
|move|p1a: Perrserker|Close Combat|p2a: Miltank
|-supereffective|p2a: Miltank
|-damage|p2a: Miltank|0 fnt
|-unboost|p1a: Perrserker|def|1
|-unboost|p1a: Perrserker|spd|1
|faint|p2a: Miltank
|
|upkeep
|
|t:|1654163343
|switch|p2a: Palossand|Palossand, F|94/100
|-damage|p2a: Palossand|88/100|[from] Stealth Rock
|turn|54
|
|t:|1654163365
|switch|p1a: Sandaconda|Sandaconda, F|88/100 par
|-damage|p1a: Sandaconda|82/100 par|[from] Stealth Rock
|move|p2a: Palossand|Shadow Ball|p1a: Sandaconda
|-damage|p1a: Sandaconda|32/100 par
|-unboost|p1a: Sandaconda|spd|1
|
|upkeep
|turn|55
|
|t:|1654163374
|move|p2a: Palossand|Shadow Ball|p1a: Sandaconda
|-damage|p1a: Sandaconda|0 fnt
|faint|p1a: Sandaconda
|
|upkeep
|
|t:|1654163378
|switch|p1a: Charizard|Charizard, M|91/100
|turn|56
|
|t:|1654163388
|switch|p2a: Musharna|Musharna, M|90/100 brn
|move|p1a: Charizard|Fire Blast|p2a: Musharna
|-damage|p2a: Musharna|63/100 brn
|
|-damage|p2a: Musharna|57/100 brn|[from] brn
|upkeep
|turn|57
|
|t:|1654163397
|switch|p1a: Vikavolt|Vikavolt, F|79/100 slp
|move|p2a: Musharna|Heal Bell|p2a: Musharna
|-activate|p2a: Musharna|move: Heal Bell
|-curestatus|p2a: Musharna|brn|[msg]
|-curestatus|p2: Dubwool|slp|[msg]
|-curestatus|p2: Eldegoss|brn|[msg]
|
|upkeep
|turn|58
|
|t:|1654163405
|switch|p2a: Palossand|Palossand, F|88/100
|-damage|p2a: Palossand|82/100|[from] Stealth Rock
|cant|p1a: Vikavolt|slp
|
|upkeep
|turn|59
|
|t:|1654163416
|switch|p1a: Charizard|Charizard, M|91/100
|move|p2a: Palossand|Shadow Ball|p1a: Charizard
|-damage|p1a: Charizard|38/100
|
|upkeep
|turn|60
|
|t:|1654163422
|move|p1a: Charizard|Roost|p1a: Charizard
|-heal|p1a: Charizard|88/100
|-singleturn|p1a: Charizard|move: Roost
|move|p2a: Palossand|Shadow Ball|p1a: Charizard
|-damage|p1a: Charizard|42/100
|
|upkeep
|turn|61
|
|t:|1654163429
|move|p1a: Charizard|Fire Blast|p2a: Palossand
|-damage|p2a: Palossand|22/100
|move|p2a: Palossand|Shadow Ball|p1a: Charizard
|-damage|p1a: Charizard|0 fnt
|faint|p1a: Charizard
|
|upkeep
|
|t:|1654163440
|switch|p1a: Perrserker|Perrserker, F|82/100
|-damage|p1a: Perrserker|76/100|[from] Stealth Rock
|turn|62
|
|t:|1654163444
|switch|p2a: Dubwool|Dubwool, F|70/100
|-damage|p2a: Dubwool|58/100|[from] Stealth Rock
|move|p1a: Perrserker|Iron Head|p2a: Dubwool
|-damage|p2a: Dubwool|25/100
|
|upkeep
|turn|63
|
|t:|1654163460
|switch|p1a: Vikavolt|Vikavolt, F|79/100 slp
|move|p2a: Dubwool|Rest|p2a: Dubwool
|-status|p2a: Dubwool|slp|[from] move: Rest
|-heal|p2a: Dubwool|100/100 slp|[silent]
|
|upkeep
|turn|64
|
|t:|1654163483
|cant|p2a: Dubwool|slp
|move|p2a: Dubwool|Sleep Talk|p2a: Dubwool
|move|p2a: Dubwool|Rest||[from]move: Sleep Talk|[still]
|-fail|p2a: Dubwool
|-curestatus|p1a: Vikavolt|slp|[msg]
|move|p1a: Vikavolt|Bug Buzz|p2a: Dubwool
|-damage|p2a: Dubwool|40/100 slp
|
|upkeep
|turn|65
|
|t:|1654163499
|switch|p2a: Musharna|Musharna, M|57/100
|move|p1a: Vikavolt|Bug Buzz|p2a: Musharna
|-supereffective|p2a: Musharna
|-damage|p2a: Musharna|0 fnt
|faint|p2a: Musharna
|
|upkeep
|
|t:|1654163501
|switch|p2a: Eldegoss|Eldegoss, F|84/100
|turn|66
|
|t:|1654163516
|switch|p1a: Perrserker|Perrserker, F|76/100
|-damage|p1a: Perrserker|70/100|[from] Stealth Rock
|move|p2a: Eldegoss|Sleep Powder|p1a: Perrserker
|-status|p1a: Perrserker|slp|[from] move: Sleep Powder
|
|upkeep
|turn|67
|
|t:|1654163529
|cant|p1a: Perrserker|slp
|move|p2a: Eldegoss|Rapid Spin|p1a: Perrserker
|-resisted|p1a: Perrserker
|-damage|p1a: Perrserker|66/100 slp
|-boost|p2a: Eldegoss|spe|1
|-sideend|p2: yassy slay|Stealth Rock|[from] move: Rapid Spin|[of] p2a: Eldegoss
|
|upkeep
|turn|68
|
|t:|1654163536
|move|p2a: Eldegoss|Leaf Storm|p1a: Perrserker|[miss]
|-miss|p2a: Eldegoss|p1a: Perrserker
|-curestatus|p1a: Perrserker|slp|[msg]
|move|p1a: Perrserker|U-turn|p2a: Eldegoss
|-supereffective|p2a: Eldegoss
|-damage|p2a: Eldegoss|9/100
|
|t:|1654163542
|switch|p1a: Vikavolt|Vikavolt, F|79/100|[from]move: U-turn
|
|upkeep
|turn|69
|
|t:|1654163546
|move|p2a: Eldegoss|Sleep Powder|p1a: Vikavolt|[miss]
|-miss|p2a: Eldegoss|p1a: Vikavolt
|move|p1a: Vikavolt|Volt Switch|p2a: Eldegoss
|-resisted|p2a: Eldegoss
|-damage|p2a: Eldegoss|0 fnt
|faint|p2a: Eldegoss
|
|t:|1654163552
|switch|p1a: Perrserker|Perrserker, F|66/100|[from]move: Volt Switch
|-damage|p1a: Perrserker|60/100|[from] Stealth Rock
|
|upkeep
|
|t:|1654163555
|switch|p2a: Dubwool|Dubwool, F|40/100 slp
|turn|70
|
|t:|1654163561
|cant|p2a: Dubwool|slp
|move|p2a: Dubwool|Sleep Talk|p2a: Dubwool
|move|p2a: Dubwool|Rest||[from]move: Sleep Talk|[still]
|-fail|p2a: Dubwool
|move|p1a: Perrserker|U-turn|p2a: Dubwool
|-damage|p2a: Dubwool|26/100 slp
|
|t:|1654163567
|switch|p1a: Vikavolt|Vikavolt, F|79/100|[from]move: U-turn
|
|upkeep
|turn|71
|
|t:|1654163571
|-curestatus|p2a: Dubwool|slp|[msg]
|move|p2a: Dubwool|Copycat|p2a: Dubwool
|move|p2a: Dubwool|U-turn|p1a: Vikavolt|[from]move: Copycat
|-damage|p1a: Vikavolt|65/100
|
|t:|1654163576
|switch|p2a: Palossand|Palossand, F|22/100|[from]move: U-turn
|move|p1a: Vikavolt|Bug Buzz|p2a: Palossand
|-resisted|p2a: Palossand
|-damage|p2a: Palossand|0 fnt
|faint|p2a: Palossand
|
|upkeep
|
|t:|1654163578
|switch|p2a: Dubwool|Dubwool, F|26/100
|turn|72
|
|t:|1654163585
|move|p2a: Dubwool|Body Press|p1a: Vikavolt
|-resisted|p1a: Vikavolt
|-damage|p1a: Vikavolt|51/100
|move|p1a: Vikavolt|Volt Switch|p2a: Dubwool
|-crit|p2a: Dubwool
|-damage|p2a: Dubwool|0 fnt
|faint|p2a: Dubwool
|
|win|Byds
|raw|Byds's rating: 1363 &rarr; <strong>1395</strong><br />(+32 for winning)
|raw|yassy slay's rating: 1604 &rarr; <strong>1572</strong><br />(-32 for losing)
|c|☆yassy slay|GG
|c|☆Byds|gg
|l|☆yassy slay
