|raw|<div class="broadcast-blue"><strong>This battle is required to be public due to a player having a name starting with 'pult4t2'.</div>
|j|☆ImHighGoEzOnMe
|j|☆PULT4T2 Carminable
|t:|1661511806
|gametype|singles
|player|p1|ImHighGoEzOnMe|169|1465
|player|p2|PULT4T2 Carminable|265|1527
|teamsize|p1|6
|teamsize|p2|6
|gen|8
|tier|[Gen 8] PU
|rated|
|rule|Sleep Clause Mod: Limit one foe put to sleep
|rule|Species Clause: Limit one of each Pokémon
|rule|OHKO Clause: OHKO moves are banned
|rule|Evasion Items Clause: Evasion items are banned
|rule|Evasion Moves Clause: Evasion moves are banned
|rule|Endless Battle Clause: Forcing endless battles is banned
|rule|HP Percentage Mod: HP is shown in percentages
|rule|Dynamax Clause: You cannot dynamax
|clearpoke
|poke|p1|Gigalith, F|
|poke|p1|Mesprit|
|poke|p1|Persian-Alola, M|
|poke|p1|Magmortar, M|
|poke|p1|Pinsir, F|
|poke|p1|Unfezant, F|
|poke|p2|Golduck, F|
|poke|p2|Kangaskhan, F|
|poke|p2|Aromatisse, F|
|poke|p2|Doublade, F|
|poke|p2|Gigalith, F|
|poke|p2|Charizard, F|
|teampreview
|inactive|Battle timer is ON: inactive players will automatically lose when time's up. (requested by PULT4T2 Carminable)
|
|t:|1661511827
|start
|switch|p1a: Persian|Persian-Alola, M|100/100
|switch|p2a: Golduck|Golduck, F|100/100
|-ability|p2a: Golduck|Cloud Nine
|turn|1
|
|t:|1661511832
|move|p1a: Persian|Beat Up|p2a: Golduck
|-damage|p2a: Golduck|89/100
|-damage|p2a: Golduck|73/100
|-damage|p2a: Golduck|53/100
|-damage|p2a: Golduck|36/100
|-damage|p2a: Golduck|16/100
|-damage|p2a: Golduck|0 fnt
|faint|p2a: Golduck
|-hitcount|p2: Golduck|6
|
|upkeep
|
|t:|1661511844
|switch|p2a: Aromatisse|Aromatisse, F|100/100
|turn|2
|
|t:|1661511855
|switch|p1a: Mesprit|Mesprit|100/100
|move|p2a: Aromatisse|Moonblast|p1a: Mesprit
|-damage|p1a: Mesprit|66/100
|
|upkeep
|turn|3
|
|t:|1661511858
|move|p1a: Mesprit|Future Sight|p2a: Aromatisse
|-start|p1a: Mesprit|move: Future Sight
|move|p2a: Aromatisse|Moonblast|p1a: Mesprit
|-damage|p1a: Mesprit|33/100
|-unboost|p1a: Mesprit|spa|1
|
|upkeep
|turn|4
|
|t:|1661511861
|move|p1a: Mesprit|U-turn|p2a: Aromatisse
|-resisted|p2a: Aromatisse
|-damage|p2a: Aromatisse|93/100
|-damage|p1a: Mesprit|23/100|[from] item: Life Orb
|
|t:|1661511863
|switch|p1a: Magmortar|Magmortar, M|100/100|[from]move: U-turn
|move|p2a: Aromatisse|Moonblast|p1a: Magmortar
|-resisted|p1a: Magmortar
|-damage|p1a: Magmortar|80/100
|
|-heal|p2a: Aromatisse|99/100|[from] item: Leftovers
|upkeep
|turn|5
|
|t:|1661511872
|move|p2a: Aromatisse|Protect|p2a: Aromatisse
|-singleturn|p2a: Aromatisse|Protect
|move|p1a: Magmortar|Fire Blast|p2a: Aromatisse
|-activate|p2a: Aromatisse|move: Protect
|
|-end|p2a: Aromatisse|move: Future Sight
|-damage|p2a: Aromatisse|46/100
|-heal|p2a: Aromatisse|52/100|[from] item: Leftovers
|upkeep
|turn|6
|
|t:|1661511881
|switch|p2a: Gigalith|Gigalith, F|100/100
|-weather|Sandstorm|[from] ability: Sand Stream|[of] p2a: Gigalith
|move|p1a: Magmortar|Fire Blast|p2a: Gigalith
|-resisted|p2a: Gigalith
|-damage|p2a: Gigalith|87/100
|
|-weather|Sandstorm|[upkeep]
|-damage|p1a: Magmortar|74/100|[from] Sandstorm
|-heal|p2a: Gigalith|93/100|[from] item: Leftovers
|upkeep
|turn|7
|
|t:|1661511887
|switch|p1a: Gigalith|Gigalith, F|100/100
|move|p2a: Gigalith|Stealth Rock|p1a: Gigalith
|-sidestart|p1: ImHighGoEzOnMe|move: Stealth Rock
|
|-weather|Sandstorm|[upkeep]
|-heal|p2a: Gigalith|99/100|[from] item: Leftovers
|upkeep
|turn|8
|
|t:|1661511895
|switch|p2a: Aromatisse|Aromatisse, F|52/100
|move|p1a: Gigalith|Toxic|p2a: Aromatisse
|-status|p2a: Aromatisse|tox
|
|-weather|Sandstorm|[upkeep]
|-damage|p2a: Aromatisse|46/100 tox|[from] Sandstorm
|-heal|p2a: Aromatisse|52/100 tox|[from] item: Leftovers
|-damage|p2a: Aromatisse|46/100 tox|[from] psn
|upkeep
|turn|9
|
|t:|1661511899
|move|p2a: Aromatisse|Wish|p2a: Aromatisse
|move|p1a: Gigalith|Stone Edge|p2a: Aromatisse
|-crit|p2a: Aromatisse
|-damage|p2a: Aromatisse|0 fnt
|faint|p2a: Aromatisse
|
|-weather|Sandstorm|[upkeep]
|upkeep
|
|t:|1661511905
|switch|p2a: Doublade|Doublade, F|100/100
|turn|10
|
|t:|1661511914
|switch|p1a: Persian|Persian-Alola, M|100/100
|-damage|p1a: Persian|88/100|[from] Stealth Rock
|move|p2a: Doublade|Swords Dance|p2a: Doublade
|-boost|p2a: Doublade|atk|2
|
|-weather|none
|upkeep
|turn|11
|
|t:|1661511920
|move|p1a: Persian|Beat Up|p2a: Doublade
|-supereffective|p2a: Doublade
|-damage|p2a: Doublade|89/100
|-supereffective|p2a: Doublade
|-damage|p2a: Doublade|73/100
|-supereffective|p2a: Doublade
|-damage|p2a: Doublade|59/100
|-supereffective|p2a: Doublade
|-damage|p2a: Doublade|46/100
|-supereffective|p2a: Doublade
|-damage|p2a: Doublade|28/100
|-supereffective|p2a: Doublade
|-damage|p2a: Doublade|12/100
|-hitcount|p2a: Doublade|6
|move|p2a: Doublade|Close Combat|p1a: Persian
|-supereffective|p1a: Persian
|-damage|p1a: Persian|0 fnt
|-unboost|p2a: Doublade|def|1
|-unboost|p2a: Doublade|spd|1
|faint|p1a: Persian
|
|upkeep
|
|t:|1661511936
|switch|p1a: Unfezant|Unfezant, F|100/100
|turn|12
|
|t:|1661511940
|switch|p2a: Gigalith|Gigalith, F|99/100
|-weather|Sandstorm|[from] ability: Sand Stream|[of] p2a: Gigalith
|move|p1a: Unfezant|Brave Bird|p2a: Gigalith
|-resisted|p2a: Gigalith
|-damage|p2a: Gigalith|81/100
|-damage|p1a: Unfezant|94/100|[from] Recoil
|
|-weather|Sandstorm|[upkeep]
|-damage|p1a: Unfezant|88/100|[from] Sandstorm
|-heal|p2a: Gigalith|87/100|[from] item: Leftovers
|upkeep
|turn|13
|
|t:|1661511949
|move|p1a: Unfezant|U-turn|p2a: Gigalith
|-damage|p2a: Gigalith|73/100
|
|t:|1661511953
|switch|p1a: Gigalith|Gigalith, F|100/100|[from]move: U-turn
|-damage|p1a: Gigalith|88/100|[from] Stealth Rock
|move|p2a: Gigalith|Rock Blast|p1a: Gigalith
|-damage|p1a: Gigalith|82/100
|-damage|p1a: Gigalith|74/100
|-hitcount|p1a: Gigalith|2
|
|-weather|Sandstorm|[upkeep]
|-heal|p2a: Gigalith|79/100|[from] item: Leftovers
|-heal|p1a: Gigalith|80/100|[from] item: Leftovers
|upkeep
|turn|14
|
|t:|1661511965
|switch|p2a: Kangaskhan|Kangaskhan, F|100/100
|move|p1a: Gigalith|Stealth Rock|p2a: Kangaskhan
|-sidestart|p2: PULT4T2 Carminable|move: Stealth Rock
|
|-weather|Sandstorm|[upkeep]
|-damage|p2a: Kangaskhan|95/100|[from] Sandstorm
|-heal|p1a: Gigalith|87/100|[from] item: Leftovers
|upkeep
|turn|15
|
|t:|1661511970
|move|p2a: Kangaskhan|Earthquake|p1a: Gigalith
|-supereffective|p1a: Gigalith
|-damage|p1a: Gigalith|49/100
|move|p1a: Gigalith|Body Press|p2a: Kangaskhan
|-supereffective|p2a: Kangaskhan
|-damage|p2a: Kangaskhan|27/100
|
|-weather|Sandstorm|[upkeep]
|-damage|p2a: Kangaskhan|21/100|[from] Sandstorm
|-heal|p1a: Gigalith|55/100|[from] item: Leftovers
|upkeep
|turn|16
|
|t:|1661511978
|switch|p1a: Unfezant|Unfezant, F|88/100
|move|p2a: Kangaskhan|Earthquake|p1a: Unfezant
|-immune|p1a: Unfezant
|
|-weather|none
|upkeep
|turn|17
|
|t:|1661511993
|switch|p2a: Gigalith|Gigalith, F|79/100
|-damage|p2a: Gigalith|67/100|[from] Stealth Rock
|-weather|Sandstorm|[from] ability: Sand Stream|[of] p2a: Gigalith
|move|p1a: Unfezant|Brave Bird|p2a: Gigalith
|-resisted|p2a: Gigalith
|-crit|p2a: Gigalith
|-damage|p2a: Gigalith|41/100
|-damage|p1a: Unfezant|79/100|[from] Recoil
|
|-weather|Sandstorm|[upkeep]
|-damage|p1a: Unfezant|73/100|[from] Sandstorm
|-heal|p2a: Gigalith|48/100|[from] item: Leftovers
|upkeep
|turn|18
|
|t:|1661512011
|move|p1a: Unfezant|U-turn|p2a: Gigalith
|-crit|p2a: Gigalith
|-damage|p2a: Gigalith|26/100
|
|t:|1661512013
|switch|p1a: Gigalith|Gigalith, F|55/100|[from]move: U-turn
|-damage|p1a: Gigalith|42/100|[from] Stealth Rock
|move|p2a: Gigalith|Earthquake|p1a: Gigalith
|-supereffective|p1a: Gigalith
|-damage|p1a: Gigalith|5/100
|
|-weather|Sandstorm|[upkeep]
|-heal|p2a: Gigalith|32/100|[from] item: Leftovers
|-heal|p1a: Gigalith|11/100|[from] item: Leftovers
|upkeep
|turn|19
|
|t:|1661512021
|move|p2a: Gigalith|Earthquake|p1a: Gigalith
|-supereffective|p1a: Gigalith
|-damage|p1a: Gigalith|0 fnt
|faint|p1a: Gigalith
|
|-weather|Sandstorm|[upkeep]
|-heal|p2a: Gigalith|38/100|[from] item: Leftovers
|upkeep
|
|t:|1661512032
|switch|p1a: Mesprit|Mesprit|23/100
|-damage|p1a: Mesprit|11/100|[from] Stealth Rock
|turn|20
|
|t:|1661512054
|move|p2a: Gigalith|Protect|p2a: Gigalith
|-singleturn|p2a: Gigalith|Protect
|move|p1a: Mesprit|Psyshock|p2a: Gigalith
|-activate|p2a: Gigalith|move: Protect
|
|-weather|Sandstorm|[upkeep]
|-damage|p1a: Mesprit|5/100|[from] Sandstorm
|-heal|p2a: Gigalith|44/100|[from] item: Leftovers
|upkeep
|turn|21
|
|t:|1661512069
|switch|p2a: Doublade|Doublade, F|12/100
|-damage|p2a: Doublade|6/100|[from] Stealth Rock
|move|p1a: Mesprit|Psyshock|p2a: Doublade
|-resisted|p2a: Doublade
|-damage|p2a: Doublade|0 fnt
|faint|p2a: Doublade
|-damage|p1a: Mesprit|0 fnt|[from] item: Life Orb
|faint|p1a: Mesprit
|
|-weather|none
|upkeep
|
|t:|1661512081
|switch|p1a: Unfezant|Unfezant, F|73/100
|switch|p2a: Kangaskhan|Kangaskhan, F|21/100
|-damage|p2a: Kangaskhan|9/100|[from] Stealth Rock
|turn|22
|
|t:|1661512088
|move|p2a: Kangaskhan|Fake Out|p1a: Unfezant
|-damage|p1a: Unfezant|49/100
|cant|p1a: Unfezant|flinch
|
|upkeep
|turn|23
|
|t:|1661512093
|move|p1a: Unfezant|U-turn|p2a: Kangaskhan
|-damage|p2a: Kangaskhan|0 fnt
|faint|p2a: Kangaskhan
|
|t:|1661512103
|switch|p1a: Magmortar|Magmortar, M|74/100|[from]move: U-turn
|
|upkeep
|
|t:|1661512113
|switch|p2a: Gigalith|Gigalith, F|44/100
|-damage|p2a: Gigalith|32/100|[from] Stealth Rock
|-weather|Sandstorm|[from] ability: Sand Stream|[of] p2a: Gigalith
|turn|24
|
|t:|1661512121
|move|p2a: Gigalith|Protect|p2a: Gigalith
|-singleturn|p2a: Gigalith|Protect
|move|p1a: Magmortar|Scorching Sands|p2a: Gigalith
|-activate|p2a: Gigalith|move: Protect
|
|-weather|Sandstorm|[upkeep]
|-damage|p1a: Magmortar|68/100|[from] Sandstorm
|-heal|p2a: Gigalith|38/100|[from] item: Leftovers
|upkeep
|turn|25
|
|t:|1661512130
|move|p1a: Magmortar|Focus Blast|p2a: Gigalith
|-supereffective|p2a: Gigalith
|-damage|p2a: Gigalith|0 fnt
|faint|p2a: Gigalith
|
|-weather|Sandstorm|[upkeep]
|-damage|p1a: Magmortar|61/100|[from] Sandstorm
|upkeep
|
|t:|1661512133
|switch|p2a: Charizard|Charizard, F|100/100
|turn|26
|
|t:|1661512136
|move|p2a: Charizard|Toxic|p1a: Magmortar
|-status|p1a: Magmortar|tox
|move|p1a: Magmortar|Weather Ball|p2a: Charizard
|-supereffective|p2a: Charizard
|-damage|p2a: Charizard|0 fnt
|faint|p2a: Charizard
|
|win|ImHighGoEzOnMe
|raw|ImHighGoEzOnMe's rating: 1465 &rarr; <strong>1489</strong><br />(+24 for winning)
|raw|PULT4T2 Carminable's rating: 1527 &rarr; <strong>1503</strong><br />(-24 for losing)
|l|☆PULT4T2 Carminable
||Ladder isn't responding, score probably updated but might not have (Request timeout).
