|raw|<div class="broadcast-blue"><strong>This battle is required to be public due to a player having a name starting with 'pult4t2'.</div>
|j|☆PULT4T2 Redemption
|j|☆mifdxddd
|t:|1661680898
|gametype|singles
|player|p1|PULT4T2 Redemption|#redemption|1568
|player|p2|mifdxddd|preschooler|1261
|teamsize|p1|6
|teamsize|p2|6
|gen|8
|tier|[Gen 8] PU
|rated|
|rule|Sleep Clause Mod: Limit one foe put to sleep
|rule|Species Clause: Limit one of each Pokémon
|rule|OHKO Clause: OHKO moves are banned
|rule|Evasion Items Clause: Evasion items are banned
|rule|Evasion Moves Clause: Evasion moves are banned
|rule|Endless Battle Clause: Forcing endless battles is banned
|rule|HP Percentage Mod: HP is shown in percentages
|rule|Dynamax Clause: You cannot dynamax
|clearpoke
|poke|p1|Jolteon, F|
|poke|p1|Scyther, M|
|poke|p1|Basculin, F|
|poke|p1|Eldegoss, F|
|poke|p1|Gigalith, M|
|poke|p1|Weezing, M|
|poke|p2|Aggron, F|
|poke|p2|Malamar, F|
|poke|p2|Ribombee, M|
|poke|p2|Lapras, F|
|poke|p2|Whimsicott, M|
|poke|p2|Quagsire, M|
|teampreview
|
|t:|1661680915
|start
|switch|p1a: Weezing|Weezing, M|100/100
|switch|p2a: Ribombee|Ribombee, M|100/100
|-ability|p1a: Weezing|Neutralizing Gas
|turn|1
|inactive|Battle timer is ON: inactive players will automatically lose when time's up. (requested by PULT4T2 Redemption)
|
|t:|1661680923
|-end|p1a: Weezing|ability: Neutralizing Gas
|switch|p1a: Gigalith|Gigalith, M|100/100
|-weather|Sandstorm|[from] ability: Sand Stream|[of] p1a: Gigalith
|move|p2a: Ribombee|U-turn|p1a: Gigalith
|-damage|p1a: Gigalith|90/100
|j| mange tes tartines
|j| Carmin
|
|t:|1661680928
|switch|p2a: Malamar|Malamar, F|100/100|[from]move: U-turn
|
|-weather|Sandstorm|[upkeep]
|-damage|p2a: Malamar|94/100|[from] Sandstorm
|-heal|p1a: Gigalith|96/100|[from] item: Leftovers
|upkeep
|turn|2
|
|t:|1661680934
|move|p1a: Gigalith|Protect|p1a: Gigalith
|-singleturn|p1a: Gigalith|Protect
|move|p2a: Malamar|Block|p1a: Gigalith
|-activate|p1a: Gigalith|trapped
|
|-weather|Sandstorm|[upkeep]
|-damage|p2a: Malamar|88/100|[from] Sandstorm
|-heal|p1a: Gigalith|100/100|[from] item: Leftovers
|upkeep
|turn|3
|
|t:|1661680939
|move|p2a: Malamar|Acupressure|p2a: Malamar
|-boost|p2a: Malamar|def|2
|move|p1a: Gigalith|Toxic|p2a: Malamar
|-status|p2a: Malamar|tox
|
|-weather|Sandstorm|[upkeep]
|-damage|p2a: Malamar|82/100 tox|[from] Sandstorm
|-damage|p2a: Malamar|76/100 tox|[from] psn
|upkeep
|turn|4
|
|t:|1661680943
|move|p2a: Malamar|Acupressure|p2a: Malamar
|-boost|p2a: Malamar|def|2
|move|p1a: Gigalith|Stealth Rock|p2a: Malamar
|-sidestart|p2: mifdxddd|move: Stealth Rock
|
|-weather|Sandstorm|[upkeep]
|-damage|p2a: Malamar|70/100 tox|[from] Sandstorm
|-damage|p2a: Malamar|58/100 tox|[from] psn
|upkeep
|turn|5
|j| Royal1604
|
|t:|1661680949
|move|p2a: Malamar|Rest|p2a: Malamar
|-status|p2a: Malamar|slp|[from] move: Rest
|-heal|p2a: Malamar|100/100 slp|[silent]
|-enditem|p2a: Malamar|Chesto Berry|[eat]
|-curestatus|p2a: Malamar|slp|[msg]
|move|p1a: Gigalith|Rock Blast|p2a: Malamar
|-damage|p2a: Malamar|98/100
|-damage|p2a: Malamar|95/100
|-damage|p2a: Malamar|92/100
|-hitcount|p2a: Malamar|3
|
|-weather|none
|upkeep
|turn|6
|
|t:|1661680954
|move|p2a: Malamar|Acupressure|p2a: Malamar
|-boost|p2a: Malamar|atk|2
|move|p1a: Gigalith|Toxic|p2a: Malamar
|-status|p2a: Malamar|tox
|
|-damage|p2a: Malamar|86/100 tox|[from] psn
|upkeep
|turn|7
|
|t:|1661680969
|move|p2a: Malamar|Acupressure|p2a: Malamar
|-boost|p2a: Malamar|evasion|2
|move|p1a: Gigalith|Rock Blast|p2a: Malamar
|-damage|p2a: Malamar|83/100 tox
|-damage|p2a: Malamar|79/100 tox
|-damage|p2a: Malamar|76/100 tox
|-hitcount|p2a: Malamar|3
|
|-damage|p2a: Malamar|64/100 tox|[from] psn
|upkeep
|turn|8
|j| Volcaronium
|j| Run3 El pollito
|
|t:|1661680978
|move|p2a: Malamar|Rest|p2a: Malamar
|-status|p2a: Malamar|slp|[from] move: Rest
|-heal|p2a: Malamar|100/100 slp|[silent]
|move|p1a: Gigalith|Rock Blast|p2a: Malamar
|-damage|p2a: Malamar|97/100 slp
|-damage|p2a: Malamar|94/100 slp
|-hitcount|p2a: Malamar|2
|
|upkeep
|turn|9
|
|t:|1661680986
|cant|p2a: Malamar|slp
|move|p1a: Gigalith|Stealth Rock||[still]
|-fail|p1a: Gigalith
|
|upkeep
|turn|10
|
|t:|1661680988
|cant|p2a: Malamar|slp
|move|p1a: Gigalith|Stealth Rock||[still]
|-fail|p1a: Gigalith
|
|upkeep
|turn|11
|
|t:|1661680992
|-curestatus|p2a: Malamar|slp|[msg]
|move|p2a: Malamar|Acupressure|p2a: Malamar
|-boost|p2a: Malamar|accuracy|2
|move|p1a: Gigalith|Toxic|p2a: Malamar
|-status|p2a: Malamar|tox
|
|-damage|p2a: Malamar|88/100 tox|[from] psn
|upkeep
|turn|12
|
|t:|1661681000
|move|p2a: Malamar|Acupressure|p2a: Malamar
|-boost|p2a: Malamar|spd|2
|move|p1a: Gigalith|Rock Blast|p2a: Malamar
|-damage|p2a: Malamar|85/100 tox
|-damage|p2a: Malamar|82/100 tox
|-hitcount|p2a: Malamar|2
|
|-damage|p2a: Malamar|70/100 tox|[from] psn
|upkeep
|turn|13
|
|t:|1661681003
|move|p2a: Malamar|Acupressure|p2a: Malamar
|-boost|p2a: Malamar|spe|2
|move|p1a: Gigalith|Rock Blast|p2a: Malamar
|-damage|p2a: Malamar|66/100 tox
|-damage|p2a: Malamar|63/100 tox
|-damage|p2a: Malamar|60/100 tox
|-hitcount|p2a: Malamar|3
|
|-damage|p2a: Malamar|42/100 tox|[from] psn
|upkeep
|turn|14
|
|t:|1661681006
|move|p2a: Malamar|Rest|p2a: Malamar
|-status|p2a: Malamar|slp|[from] move: Rest
|-heal|p2a: Malamar|100/100 slp|[silent]
|move|p1a: Gigalith|Rock Blast|p2a: Malamar
|-damage|p2a: Malamar|97/100 slp
|-damage|p2a: Malamar|95/100 slp
|-hitcount|p2a: Malamar|2
|
|upkeep
|turn|15
|
|t:|1661681011
|cant|p2a: Malamar|slp
|move|p1a: Gigalith|Stealth Rock||[still]
|-fail|p1a: Gigalith
|
|upkeep
|turn|16
|
|t:|1661681014
|cant|p2a: Malamar|slp
|move|p1a: Gigalith|Stealth Rock||[still]
|-fail|p1a: Gigalith
|
|upkeep
|turn|17
|
|t:|1661681018
|-curestatus|p2a: Malamar|slp|[msg]
|move|p2a: Malamar|Acupressure|p2a: Malamar
|-boost|p2a: Malamar|evasion|2
|move|p1a: Gigalith|Toxic|p2a: Malamar|[miss]
|-miss|p1a: Gigalith|p2a: Malamar
|
|upkeep
|turn|18
|
|t:|1661681023
|move|p2a: Malamar|Acupressure|p2a: Malamar
|-boost|p2a: Malamar|def|2
|move|p1a: Gigalith|Toxic|p2a: Malamar|[miss]
|-miss|p1a: Gigalith|p2a: Malamar
|
|upkeep
|turn|19
|
|t:|1661681026
|move|p2a: Malamar|Acupressure|p2a: Malamar
|-boost|p2a: Malamar|spe|2
|move|p1a: Gigalith|Toxic|p2a: Malamar
|-status|p2a: Malamar|tox
|
|-damage|p2a: Malamar|89/100 tox|[from] psn
|upkeep
|turn|20
|
|t:|1661681030
|move|p1a: Gigalith|Protect|p1a: Gigalith
|-singleturn|p1a: Gigalith|Protect
|move|p2a: Malamar|Acupressure|p2a: Malamar
|-boost|p2a: Malamar|evasion|2
|
|-damage|p2a: Malamar|76/100 tox|[from] psn
|upkeep
|turn|21
|
|t:|1661681034
|move|p1a: Gigalith|Protect||[still]
|-fail|p1a: Gigalith
|move|p2a: Malamar|Rest|p2a: Malamar
|-status|p2a: Malamar|slp|[from] move: Rest
|-heal|p2a: Malamar|100/100 slp|[silent]
|
|upkeep
|turn|22
|
|t:|1661681036
|cant|p2a: Malamar|slp
|move|p1a: Gigalith|Stealth Rock||[still]
|-fail|p1a: Gigalith
|
|upkeep
|turn|23
|
|t:|1661681039
|cant|p2a: Malamar|slp
|move|p1a: Gigalith|Stealth Rock||[still]
|-fail|p1a: Gigalith
|
|upkeep
|turn|24
|
|t:|1661681041
|-curestatus|p2a: Malamar|slp|[msg]
|move|p2a: Malamar|Acupressure|p2a: Malamar
|-boost|p2a: Malamar|spa|2
|move|p1a: Gigalith|Toxic|p2a: Malamar
|-status|p2a: Malamar|tox
|
|-damage|p2a: Malamar|94/100 tox|[from] psn
|upkeep
|turn|25
|
|t:|1661681050
|move|p2a: Malamar|Acupressure|p2a: Malamar
|-boost|p2a: Malamar|spa|2
|move|p1a: Gigalith|Rock Blast|p2a: Malamar|[miss]
|-miss|p1a: Gigalith|p2a: Malamar
|
|-damage|p2a: Malamar|82/100 tox|[from] psn
|upkeep
|turn|26
|
|t:|1661681057
|move|p2a: Malamar|Acupressure|p2a: Malamar
|-boost|p2a: Malamar|atk|2
|move|p1a: Gigalith|Rock Blast|p2a: Malamar|[miss]
|-miss|p1a: Gigalith|p2a: Malamar
|
|-damage|p2a: Malamar|64/100 tox|[from] psn
|upkeep
|turn|27
|
|t:|1661681060
|move|p1a: Gigalith|Protect|p1a: Gigalith
|-singleturn|p1a: Gigalith|Protect
|move|p2a: Malamar|Rest|p2a: Malamar
|-status|p2a: Malamar|slp|[from] move: Rest
|-heal|p2a: Malamar|100/100 slp|[silent]
|
|upkeep
|turn|28
|
|t:|1661681063
|cant|p2a: Malamar|slp
|move|p1a: Gigalith|Stealth Rock||[still]
|-fail|p1a: Gigalith
|
|upkeep
|turn|29
|
|t:|1661681067
|cant|p2a: Malamar|slp
|move|p1a: Gigalith|Stealth Rock||[still]
|-fail|p1a: Gigalith
|
|upkeep
|turn|30
|
|t:|1661681070
|-curestatus|p2a: Malamar|slp|[msg]
|move|p2a: Malamar|Acupressure|p2a: Malamar
|-boost|p2a: Malamar|spa|2
|move|p1a: Gigalith|Toxic|p2a: Malamar|[miss]
|-miss|p1a: Gigalith|p2a: Malamar
|
|upkeep
|turn|31
|
|t:|1661681076
|move|p2a: Malamar|Acupressure|p2a: Malamar
|-boost|p2a: Malamar|accuracy|2
|move|p1a: Gigalith|Toxic|p2a: Malamar|[miss]
|-miss|p1a: Gigalith|p2a: Malamar
|
|upkeep
|turn|32
|
|t:|1661681080
|move|p2a: Malamar|Acupressure|p2a: Malamar
|-boost|p2a: Malamar|spd|2
|move|p1a: Gigalith|Stealth Rock||[still]
|-fail|p1a: Gigalith
|
|upkeep
|turn|33
|
|t:|1661681084
|move|p2a: Malamar|Acupressure|p2a: Malamar
|-boost|p2a: Malamar|accuracy|2
|move|p1a: Gigalith|Stealth Rock||[still]
|-fail|p1a: Gigalith
|
|upkeep
|turn|34
|
|t:|1661681087
|move|p2a: Malamar|Acupressure|p2a: Malamar
|-boost|p2a: Malamar|atk|2
|move|p1a: Gigalith|Toxic|p2a: Malamar
|-status|p2a: Malamar|tox
|
|-damage|p2a: Malamar|94/100 tox|[from] psn
|upkeep
|turn|35
|
|t:|1661681092
|move|p2a: Malamar|Acupressure|p2a: Malamar
|-boost|p2a: Malamar|spe|2
|move|p1a: Gigalith|Stealth Rock||[still]
|-fail|p1a: Gigalith
|
|-damage|p2a: Malamar|82/100 tox|[from] psn
|upkeep
|turn|36
|
|t:|1661681096
|move|p1a: Gigalith|Protect|p1a: Gigalith
|-singleturn|p1a: Gigalith|Protect
|move|p2a: Malamar|Acupressure|p2a: Malamar
|-boost|p2a: Malamar|spd|2
|
|-damage|p2a: Malamar|64/100 tox|[from] psn
|upkeep
|turn|37
|j| Cono de la Correze
|
|t:|1661681104
|move|p2a: Malamar|Rest|p2a: Malamar
|-status|p2a: Malamar|slp|[from] move: Rest
|-heal|p2a: Malamar|100/100 slp|[silent]
|move|p1a: Gigalith|Stealth Rock||[still]
|-fail|p1a: Gigalith
|
|upkeep
|turn|38
|
|t:|1661681109
|cant|p2a: Malamar|slp
|move|p1a: Gigalith|Stealth Rock||[still]
|-fail|p1a: Gigalith
|
|upkeep
|turn|39
|
|t:|1661681115
|move|p1a: Gigalith|Protect|p1a: Gigalith
|-singleturn|p1a: Gigalith|Protect
|cant|p2a: Malamar|slp
|
|upkeep
|turn|40
|
|t:|1661681121
|-curestatus|p2a: Malamar|slp|[msg]
|move|p2a: Malamar|Stored Power|p1a: Gigalith
|-damage|p1a: Gigalith|0 fnt
|faint|p1a: Gigalith
|
|upkeep
|
|t:|1661681130
|switch|p1a: Scyther|Scyther, M|100/100
|turn|41
|
|t:|1661681135
|move|p2a: Malamar|Stored Power|p1a: Scyther
|-damage|p1a: Scyther|0 fnt
|faint|p1a: Scyther
|
|upkeep
|-message|PULT4T2 Redemption forfeited.
|
|win|mifdxddd
|raw|PULT4T2 Redemption's rating: 1568 &rarr; <strong>1534</strong><br />(-34 for losing)
|raw|mifdxddd's rating: 1261 &rarr; <strong>1304</strong><br />(+43 for winning)
|l|☆PULT4T2 Redemption
|l| mange tes tartines
|l| Carmin
|l| Cono de la Correze
||Ladder isn't responding, score probably updated but might not have (Request timeout).
|l| Volcaronium
|j| Volcaronium
|l| Volcaronium
|l| Run3 El pollito
|l| Royal1604
