|j|☆kuroganekuro
|j|☆one of the bouys
|t:|1634242708
|gametype|singles
|player|p1|kuroganekuro|firebreather|1454
|player|p2|one of the bouys|clown|1634
|teamsize|p1|6
|teamsize|p2|6
|gen|8
|tier|[Gen 8] PU
|rated|
|rule|Sleep Clause Mod: Limit one foe put to sleep
|rule|Species Clause: Limit one of each Pokémon
|rule|OHKO Clause: OHKO moves are banned
|rule|Evasion Moves Clause: Evasion moves are banned
|rule|Endless Battle Clause: Forcing endless battles is banned
|rule|HP Percentage Mod: HP is shown in percentages
|rule|Dynamax Clause: You cannot dynamax
|clearpoke
|poke|p1|Beartic, M|
|poke|p1|Golduck, F|
|poke|p1|Kabutops, F|
|poke|p1|Drampa, M|
|poke|p1|Lanturn, M|
|poke|p1|Ludicolo, F|
|poke|p2|Flapple, M|
|poke|p2|Frosmoth, M|
|poke|p2|Gigalith, M|
|poke|p2|Weezing, F|
|poke|p2|Thwackey, F|
|poke|p2|Persian-Alola, M|
|teampreview
|
|t:|1634242723
|start
|switch|p1a: Drampa|Drampa, M|100/100
|switch|p2a: Persian|Persian-Alola, M|100/100
|turn|1
|
|t:|1634242729
|move|p2a: Persian|Switcheroo|p1a: Drampa
|-activate|p2a: Persian|move: Trick|[of] p1a: Drampa
|-item|p1a: Drampa|Choice Scarf|[from] move: Switcheroo
|-item|p2a: Persian|Choice Specs|[from] move: Switcheroo
|move|p1a: Drampa|Draco Meteor|p2a: Persian
|-damage|p2a: Persian|0 fnt
|-unboost|p1a: Drampa|spa|2
|faint|p2a: Persian
|
|upkeep
|
|t:|1634242734
|switch|p2a: Frosmoth|Frosmoth, M|100/100
|turn|2
|
|t:|1634242741
|switch|p1a: Lanturn|Lanturn, M|100/100
|move|p2a: Frosmoth|Quiver Dance|p2a: Frosmoth
|-boost|p2a: Frosmoth|spa|1
|-boost|p2a: Frosmoth|spd|1
|-boost|p2a: Frosmoth|spe|1
|
|upkeep
|turn|3
|
|t:|1634242750
|move|p2a: Frosmoth|Substitute|p2a: Frosmoth
|-start|p2a: Frosmoth|Substitute
|-damage|p2a: Frosmoth|76/100
|move|p1a: Lanturn|Rain Dance|p1a: Lanturn
|-weather|RainDance
|
|-weather|RainDance|[upkeep]
|upkeep
|turn|4
|
|t:|1634242756
|move|p2a: Frosmoth|Quiver Dance|p2a: Frosmoth
|-boost|p2a: Frosmoth|spa|1
|-boost|p2a: Frosmoth|spd|1
|-boost|p2a: Frosmoth|spe|1
|move|p1a: Lanturn|Volt Switch|p2a: Frosmoth
|-crit|p2a: Frosmoth
|-activate|p2a: Frosmoth|move: Substitute|[damage]
|
|t:|1634242763
|switch|p1a: Beartic|Beartic, M|100/100|[from]move: Volt Switch
|
|-weather|RainDance|[upkeep]
|upkeep
|turn|5
|
|t:|1634242772
|move|p2a: Frosmoth|Giga Drain|p1a: Beartic
|-damage|p1a: Beartic|42/100
|-heal|p2a: Frosmoth|100/100|[from] drain|[of] p1a: Beartic
|move|p1a: Beartic|Icicle Spear|p2a: Frosmoth
|-resisted|p2a: Frosmoth
|-end|p2a: Frosmoth|Substitute
|-resisted|p2a: Frosmoth
|-damage|p2a: Frosmoth|82/100
|-resisted|p2a: Frosmoth
|-damage|p2a: Frosmoth|62/100
|-hitcount|p2a: Frosmoth|3
|
|-weather|RainDance|[upkeep]
|upkeep
|turn|6
|
|t:|1634242790
|switch|p1a: Ludicolo|Ludicolo, F|100/100
|move|p2a: Frosmoth|Giga Drain|p1a: Ludicolo
|-damage|p1a: Ludicolo|51/100
|-heal|p2a: Frosmoth|86/100|[from] drain|[of] p1a: Ludicolo
|
|-weather|RainDance|[upkeep]
|upkeep
|turn|7
|
|t:|1634242800
|move|p2a: Frosmoth|Quiver Dance|p2a: Frosmoth
|-boost|p2a: Frosmoth|spa|1
|-boost|p2a: Frosmoth|spd|1
|-boost|p2a: Frosmoth|spe|1
|move|p1a: Ludicolo|Weather Ball|p2a: Frosmoth
|-damage|p2a: Frosmoth|66/100
|-damage|p1a: Ludicolo|41/100|[from] item: Life Orb
|
|-weather|RainDance|[upkeep]
|upkeep
|turn|8
|
|t:|1634242817
|move|p2a: Frosmoth|Giga Drain|p1a: Ludicolo
|-damage|p1a: Ludicolo|0 fnt
|-heal|p2a: Frosmoth|85/100|[from] drain|[of] p1a: Ludicolo
|faint|p1a: Ludicolo
|
|-weather|RainDance|[upkeep]
|upkeep
|
|t:|1634242825
|switch|p1a: Kabutops|Kabutops, F|100/100
|turn|9
|
|t:|1634242828
|move|p2a: Frosmoth|Giga Drain|p1a: Kabutops
|-supereffective|p1a: Kabutops
|-damage|p1a: Kabutops|0 fnt
|-heal|p2a: Frosmoth|100/100|[from] drain|[of] p1a: Kabutops
|faint|p1a: Kabutops
|
|-weather|RainDance|[upkeep]
|upkeep
|
|t:|1634242835
|switch|p1a: Drampa|Drampa, M|100/100
|turn|10
|
|t:|1634242840
|move|p2a: Frosmoth|Ice Beam|p1a: Drampa
|-supereffective|p1a: Drampa
|-damage|p1a: Drampa|0 fnt
|faint|p1a: Drampa
|
|-weather|none
|upkeep
|-message|kuroganekuro forfeited.
|
|win|one of the bouys
|raw|kuroganekuro's rating: 1454 &rarr; <strong>1444</strong><br />(-10 for losing)
|raw|one of the bouys's rating: 1634 &rarr; <strong>1644</strong><br />(+10 for winning)
|l|☆kuroganekuro
