|j|☆HennyHahn
|j|☆kingqueso141
|t:|1650987671
|gametype|singles
|player|p1|HennyHahn|doubleteam|1439
|player|p2|kingqueso141|rosa|1337
|teamsize|p1|6
|teamsize|p2|6
|gen|8
|tier|[Gen 8] PU
|rated|
|rule|Sleep Clause Mod: Limit one foe put to sleep
|rule|Species Clause: Limit one of each Pokémon
|rule|OHKO Clause: OHKO moves are banned
|rule|Evasion Moves Clause: Evasion moves are banned
|rule|Endless Battle Clause: Forcing endless battles is banned
|rule|HP Percentage Mod: HP is shown in percentages
|rule|Dynamax Clause: You cannot dynamax
|clearpoke
|poke|p1|Wishiwashi, M|
|poke|p1|Ribombee, F|
|poke|p1|Regirock|
|poke|p1|Aromatisse, F|
|poke|p1|Eldegoss, M|
|poke|p1|Charizard, M|
|poke|p2|Charizard, M|
|poke|p2|Sneasel, F|
|poke|p2|Articuno-Galar|
|poke|p2|Regirock|
|poke|p2|Lanturn, F|
|poke|p2|Tangela, M|
|teampreview
|
|t:|1650987692
|start
|switch|p1a: Der Opportunist|Wishiwashi, M, shiny|100/100
|switch|p2a: Regirock|Regirock|100/100
|-formechange|p1a: Der Opportunist|Wishiwashi-School||[from] ability: Schooling
|turn|1
|inactive|Battle timer is ON: inactive players will automatically lose when time's up. (requested by HennyHahn)
|
|t:|1650987707
|switch|p2a: Lanturn|Lanturn, F|100/100
|move|p1a: Der Opportunist|Flip Turn|p2a: Lanturn
|-resisted|p2a: Lanturn
|-damage|p2a: Lanturn|74/100
|
|t:|1650987713
|switch|p1a: Der Star|Eldegoss, M|100/100|[from]move: Flip Turn
|
|-heal|p2a: Lanturn|81/100|[from] item: Leftovers
|upkeep
|turn|2
|
|t:|1650987720
|move|p2a: Lanturn|Volt Switch|p1a: Der Star
|-resisted|p1a: Der Star
|-damage|p1a: Der Star|93/100
|
|t:|1650987724
|switch|p2a: Charizard|Charizard, M|100/100|[from]move: Volt Switch
|move|p1a: Der Star|Leech Seed|p2a: Charizard
|-start|p2a: Charizard|move: Leech Seed
|
|-heal|p1a: Der Star|99/100|[from] item: Leftovers
|-damage|p2a: Charizard|88/100|[from] Leech Seed|[of] p1a: Der Star
|-heal|p1a: Der Star|100/100|[silent]
|upkeep
|turn|3
|
|t:|1650987730
|switch|p1a: Der Programmierer|Regirock, shiny|100/100
|move|p2a: Charizard|Toxic|p1a: Der Programmierer|[miss]
|-miss|p2a: Charizard|p1a: Der Programmierer
|
|-damage|p2a: Charizard|76/100|[from] Leech Seed|[of] p1a: Der Programmierer
|upkeep
|turn|4
|
|t:|1650987735
|switch|p2a: Tangela|Tangela, M|100/100
|move|p1a: Der Programmierer|Stealth Rock|p2a: Tangela
|-sidestart|p2: kingqueso141|move: Stealth Rock
|
|upkeep
|turn|5
|
|t:|1650987742
|switch|p1a: Der Star|Eldegoss, M|100/100
|move|p2a: Tangela|Knock Off|p1a: Der Star
|-damage|p1a: Der Star|86/100
|-enditem|p1a: Der Star|Leftovers|[from] move: Knock Off|[of] p2a: Tangela
|
|upkeep
|turn|6
|
|t:|1650987757
|switch|p2a: Charizard|Charizard, M|76/100
|switch|p1a: Brauch ne Form :c|Charizard, M|100/100
|
|upkeep
|turn|7
|
|t:|1650987766
|move|p2a: Charizard|Defog|p1a: Brauch ne Form :c
|-unboost|p1a: Brauch ne Form :c|evasion|1
|-sideend|p2: kingqueso141|Stealth Rock|[from] move: Defog|[of] p2a: Charizard
|move|p1a: Brauch ne Form :c|Toxic|p2a: Charizard|[miss]
|-miss|p1a: Brauch ne Form :c|p2a: Charizard
|
|upkeep
|turn|8
|
|t:|1650987775
|move|p2a: Charizard|Toxic|p1a: Brauch ne Form :c
|-status|p1a: Brauch ne Form :c|tox
|move|p1a: Brauch ne Form :c|Toxic|p2a: Charizard|[miss]
|-miss|p1a: Brauch ne Form :c|p2a: Charizard
|
|-damage|p1a: Brauch ne Form :c|94/100 tox|[from] psn
|upkeep
|turn|9
|
|t:|1650987781
|switch|p2a: Regirock|Regirock|100/100
|move|p1a: Brauch ne Form :c|Toxic|p2a: Regirock
|-status|p2a: Regirock|tox
|
|-damage|p1a: Brauch ne Form :c|82/100 tox|[from] psn
|-damage|p2a: Regirock|94/100 tox|[from] psn
|upkeep
|turn|10
|
|t:|1650987792
|switch|p1a: Der Star|Eldegoss, M|100/100
|move|p2a: Regirock|Body Press|p1a: Der Star
|-damage|p1a: Der Star|51/100
|
|-heal|p2a: Regirock|100/100 tox|[from] item: Leftovers
|-damage|p2a: Regirock|88/100 tox|[from] psn
|upkeep
|turn|11
|
|t:|1650987800
|move|p1a: Der Star|Leech Seed|p2a: Regirock
|-start|p2a: Regirock|move: Leech Seed
|move|p2a: Regirock|Body Press|p1a: Der Star
|-damage|p1a: Der Star|3/100
|
|-heal|p2a: Regirock|94/100 tox|[from] item: Leftovers
|-damage|p2a: Regirock|82/100 tox|[from] Leech Seed|[of] p1a: Der Star
|-heal|p1a: Der Star|17/100|[silent]
|-damage|p2a: Regirock|64/100 tox|[from] psn
|upkeep
|turn|12
|
|t:|1650987818
|switch|p1a: Die Geile|Aromatisse, F, shiny|100/100
|move|p2a: Regirock|Rock Blast|p1a: Die Geile
|-damage|p1a: Die Geile|90/100
|-damage|p1a: Die Geile|81/100
|-hitcount|p1a: Die Geile|2
|
|-heal|p2a: Regirock|70/100 tox|[from] item: Leftovers
|-heal|p1a: Die Geile|87/100|[from] item: Leftovers
|-damage|p2a: Regirock|58/100 tox|[from] Leech Seed|[of] p1a: Die Geile
|-heal|p1a: Die Geile|99/100|[silent]
|-damage|p2a: Regirock|33/100 tox|[from] psn
|upkeep
|turn|13
|
|t:|1650987833
|switch|p2a: Articuno|Articuno-Galar|100/100
|move|p1a: Die Geile|Toxic|p2a: Articuno|[miss]
|-miss|p1a: Die Geile|p2a: Articuno
|
|-heal|p1a: Die Geile|100/100|[from] item: Leftovers
|upkeep
|turn|14
|
|t:|1650987845
|move|p2a: Articuno|Psyshock|p1a: Die Geile
|-damage|p1a: Die Geile|29/100
|move|p1a: Die Geile|Toxic|p2a: Articuno|[miss]
|-miss|p1a: Die Geile|p2a: Articuno
|
|-heal|p1a: Die Geile|35/100|[from] item: Leftovers
|upkeep
|turn|15
|c|☆kingqueso141|wtf is with toxic this game
|
|t:|1650987857
|move|p1a: Die Geile|Protect|p1a: Die Geile
|-singleturn|p1a: Die Geile|Protect
|move|p2a: Articuno|Psyshock|p1a: Die Geile
|-activate|p1a: Die Geile|move: Protect
|
|-heal|p1a: Die Geile|41/100|[from] item: Leftovers
|upkeep
|turn|16
|c|☆HennyHahn|i dont know xD
|
|t:|1650987864
|switch|p1a: Der Programmierer|Regirock, shiny|100/100
|move|p2a: Articuno|Psyshock|p1a: Der Programmierer
|-damage|p1a: Der Programmierer|74/100
|
|-heal|p1a: Der Programmierer|80/100|[from] item: Leftovers
|upkeep
|turn|17
|
|t:|1650987877
|switch|p2a: Tangela|Tangela, M|100/100
|move|p1a: Der Programmierer|Body Press|p2a: Tangela
|-damage|p2a: Tangela|82/100
|
|-heal|p1a: Der Programmierer|86/100|[from] item: Leftovers
|upkeep
|turn|18
|
|t:|1650987884
|switch|p2a: Charizard|Charizard, M|76/100
|switch|p1a: Der Star|Eldegoss, M|50/100
|
|upkeep
|turn|19
|
|t:|1650987893
|switch|p1a: Der Programmierer|Regirock, shiny|86/100
|move|p2a: Charizard|Toxic|p1a: Der Programmierer
|-status|p1a: Der Programmierer|tox
|
|-heal|p1a: Der Programmierer|92/100 tox|[from] item: Leftovers
|-damage|p1a: Der Programmierer|86/100 tox|[from] psn
|upkeep
|turn|20
|
|t:|1650987898
|switch|p2a: Lanturn|Lanturn, F|81/100
|move|p1a: Der Programmierer|Stealth Rock|p2a: Lanturn
|-sidestart|p2: kingqueso141|move: Stealth Rock
|
|-heal|p2a: Lanturn|87/100|[from] item: Leftovers
|-heal|p1a: Der Programmierer|92/100 tox|[from] item: Leftovers
|-damage|p1a: Der Programmierer|80/100 tox|[from] psn
|upkeep
|turn|21
|
|t:|1650987905
|switch|p1a: Der Star|Eldegoss, M|83/100
|move|p2a: Lanturn|Scald|p1a: Der Star
|-resisted|p1a: Der Star
|-damage|p1a: Der Star|76/100
|
|-heal|p2a: Lanturn|93/100|[from] item: Leftovers
|upkeep
|turn|22
|
|t:|1650987915
|move|p2a: Lanturn|Volt Switch|p1a: Der Star
|-resisted|p1a: Der Star
|-damage|p1a: Der Star|70/100
|
|t:|1650987919
|switch|p2a: Sneasel|Sneasel, F|100/100|[from]move: Volt Switch
|-damage|p2a: Sneasel|76/100|[from] Stealth Rock
|move|p1a: Der Star|Aromatherapy|p1a: Der Star
|-activate|p1a: Der Star|move: Aromatherapy
|-curestatus|p1: Der Programmierer|tox|[msg]
|-curestatus|p1: Brauch ne Form :c|tox|[msg]
|
|upkeep
|turn|23
|
|t:|1650987948
|switch|p1a: Der Programmierer|Regirock, shiny|80/100
|move|p2a: Sneasel|Swords Dance|p2a: Sneasel
|-boost|p2a: Sneasel|atk|2
|
|-heal|p1a: Der Programmierer|86/100|[from] item: Leftovers
|upkeep
|turn|24
|
|t:|1650987975
|switch|p2a: Tangela|Tangela, M|100/100
|-damage|p2a: Tangela|88/100|[from] Stealth Rock
|move|p1a: Der Programmierer|Body Press|p2a: Tangela
|-damage|p2a: Tangela|68/100
|
|-heal|p1a: Der Programmierer|92/100|[from] item: Leftovers
|upkeep
|turn|25
|
|t:|1650987984
|switch|p2a: Charizard|Charizard, M|76/100
|switch|p1a: Die Geile|Aromatisse, F, shiny|41/100
|
|-heal|p1a: Die Geile|47/100|[from] item: Leftovers
|upkeep
|turn|26
|
|t:|1650987992
|move|p2a: Charizard|Defog|p1a: Die Geile
|-unboost|p1a: Die Geile|evasion|1
|-sideend|p2: kingqueso141|Stealth Rock|[from] move: Defog|[of] p2a: Charizard
|move|p1a: Die Geile|Toxic|p2a: Charizard
|-status|p2a: Charizard|tox
|
|-heal|p1a: Die Geile|53/100|[from] item: Leftovers
|-damage|p2a: Charizard|70/100 tox|[from] psn
|upkeep
|turn|27
|
|t:|1650988001
|switch|p2a: Articuno|Articuno-Galar|100/100
|move|p1a: Die Geile|Wish|p1a: Die Geile
|
|-heal|p1a: Die Geile|59/100|[from] item: Leftovers
|upkeep
|turn|28
|
|t:|1650988015
|switch|p1a: Der Programmierer|Regirock, shiny|92/100
|move|p2a: Articuno|Freezing Glare|p1a: Der Programmierer
|-damage|p1a: Der Programmierer|27/100
|
|-heal|p1a: Der Programmierer|83/100|[from] move: Wish|[wisher] Die Geile
|-heal|p1a: Der Programmierer|89/100|[from] item: Leftovers
|upkeep
|turn|29
|
|t:|1650988024
|move|p2a: Articuno|Freezing Glare|p1a: Der Programmierer
|-damage|p1a: Der Programmierer|21/100
|move|p1a: Der Programmierer|Rock Slide|p2a: Articuno
|-supereffective|p2a: Articuno
|-damage|p2a: Articuno|38/100
|
|-heal|p1a: Der Programmierer|27/100|[from] item: Leftovers
|upkeep
|turn|30
|
|t:|1650988034
|switch|p1a: Der Star|Eldegoss, M|100/100
|move|p2a: Articuno|Freezing Glare|p1a: Der Star
|-damage|p1a: Der Star|59/100
|
|upkeep
|turn|31
|
|t:|1650988044
|switch|p2a: Sneasel|Sneasel, F|76/100
|move|p1a: Der Star|Leech Seed|p2a: Sneasel
|-start|p2a: Sneasel|move: Leech Seed
|
|-damage|p2a: Sneasel|63/100|[from] Leech Seed|[of] p1a: Der Star
|-heal|p1a: Der Star|68/100|[silent]
|upkeep
|turn|32
|
|t:|1650988064
|switch|p1a: Die Geile|Aromatisse, F, shiny|59/100
|move|p2a: Sneasel|Triple Axel|p1a: Die Geile
|-damage|p1a: Die Geile|46/100
|-damage|p1a: Die Geile|21/100
|-damage|p1a: Die Geile|0 fnt
|faint|p1a: Die Geile
|-hitcount|p1: Die Geile|3
|-damage|p2a: Sneasel|53/100|[from] item: Life Orb
|
|upkeep
|
|t:|1650988076
|switch|p1a: Das Hähnchen|Ribombee, F, shiny|100/100
|turn|33
|
|t:|1650988089
|switch|p2a: Lanturn|Lanturn, F|93/100
|move|p1a: Das Hähnchen|Moonblast|p2a: Lanturn
|-damage|p2a: Lanturn|62/100
|
|-heal|p2a: Lanturn|68/100|[from] item: Leftovers
|upkeep
|turn|34
|
|t:|1650988103
|move|p1a: Das Hähnchen|U-turn|p2a: Lanturn
|-damage|p2a: Lanturn|53/100
|
|t:|1650988109
|switch|p1a: Der Star|Eldegoss, M|100/100|[from]move: U-turn
|move|p2a: Lanturn|Heal Bell|p2a: Lanturn
|-activate|p2a: Lanturn|move: Heal Bell
|-curestatus|p2: Regirock|tox|[msg]
|-curestatus|p2: Charizard|tox|[msg]
|
|-heal|p2a: Lanturn|59/100|[from] item: Leftovers
|upkeep
|turn|35
|
|t:|1650988117
|move|p2a: Lanturn|Volt Switch|p1a: Der Star
|-resisted|p1a: Der Star
|-damage|p1a: Der Star|94/100
|
|t:|1650988121
|switch|p2a: Articuno|Articuno-Galar|38/100|[from]move: Volt Switch
|move|p1a: Der Star|Leech Seed|p2a: Articuno
|-start|p2a: Articuno|move: Leech Seed
|
|-damage|p2a: Articuno|26/100|[from] Leech Seed|[of] p1a: Der Star
|-heal|p1a: Der Star|100/100|[silent]
|upkeep
|turn|36
|
|t:|1650988131
|move|p2a: Articuno|Air Slash|p1a: Der Star
|-supereffective|p1a: Der Star
|-damage|p1a: Der Star|26/100
|cant|p1a: Der Star|flinch
|
|-damage|p2a: Articuno|13/100|[from] Leech Seed|[of] p1a: Der Star
|-heal|p1a: Der Star|38/100|[silent]
|upkeep
|turn|37
|
|t:|1650988140
|switch|p1a: Brauch ne Form :c|Charizard, M|82/100
|move|p2a: Articuno|Air Slash|p1a: Brauch ne Form :c
|-damage|p1a: Brauch ne Form :c|38/100
|
|-damage|p2a: Articuno|1/100|[from] Leech Seed|[of] p1a: Brauch ne Form :c
|-heal|p1a: Brauch ne Form :c|50/100|[silent]
|upkeep
|turn|38
|
|t:|1650988150
|move|p2a: Articuno|Air Slash|p1a: Brauch ne Form :c
|-crit|p1a: Brauch ne Form :c
|-damage|p1a: Brauch ne Form :c|0 fnt
|faint|p1a: Brauch ne Form :c
|
|upkeep
|
|t:|1650988156
|switch|p1a: Das Hähnchen|Ribombee, F, shiny|100/100
|turn|39
|
|t:|1650988160
|move|p1a: Das Hähnchen|Moonblast|p2a: Articuno
|-damage|p2a: Articuno|0 fnt
|faint|p2a: Articuno
|
|upkeep
|
|t:|1650988164
|switch|p2a: Charizard|Charizard, M|70/100
|turn|40
|
|t:|1650988178
|switch|p2a: Lanturn|Lanturn, F|59/100
|move|p1a: Das Hähnchen|U-turn|p2a: Lanturn
|-damage|p2a: Lanturn|45/100
|
|t:|1650988187
|switch|p1a: Der Star|Eldegoss, M|71/100|[from]move: U-turn
|
|-heal|p2a: Lanturn|51/100|[from] item: Leftovers
|upkeep
|turn|41
|
|t:|1650988193
|move|p2a: Lanturn|Toxic|p1a: Der Star
|-status|p1a: Der Star|tox
|move|p1a: Der Star|Leech Seed|p2a: Lanturn
|-start|p2a: Lanturn|move: Leech Seed
|
|-heal|p2a: Lanturn|57/100|[from] item: Leftovers
|-damage|p2a: Lanturn|45/100|[from] Leech Seed|[of] p1a: Der Star
|-heal|p1a: Der Star|87/100 tox|[silent]
|-damage|p1a: Der Star|81/100 tox|[from] psn
|upkeep
|turn|42
|
|t:|1650988200
|move|p2a: Lanturn|Volt Switch|p1a: Der Star
|-resisted|p1a: Der Star
|-damage|p1a: Der Star|74/100 tox
|
|t:|1650988203
|switch|p2a: Sneasel|Sneasel, F|53/100|[from]move: Volt Switch
|move|p1a: Der Star|Leech Seed|p2a: Sneasel
|-start|p2a: Sneasel|move: Leech Seed
|
|-damage|p2a: Sneasel|41/100|[from] Leech Seed|[of] p1a: Der Star
|-heal|p1a: Der Star|83/100 tox|[silent]
|-damage|p1a: Der Star|71/100 tox|[from] psn
|upkeep
|turn|43
|
|t:|1650988213
|switch|p1a: Der Opportunist|Wishiwashi, M, shiny|100/100
|-formechange|p1a: Der Opportunist|Wishiwashi-School||[from] ability: Schooling
|move|p2a: Sneasel|Triple Axel|p1a: Der Opportunist
|-resisted|p1a: Der Opportunist
|-damage|p1a: Der Opportunist|95/100
|-resisted|p1a: Der Opportunist
|-damage|p1a: Der Opportunist|85/100
|-resisted|p1a: Der Opportunist
|-damage|p1a: Der Opportunist|70/100
|-hitcount|p1a: Der Opportunist|3
|-damage|p2a: Sneasel|31/100|[from] item: Life Orb
|
|-damage|p2a: Sneasel|19/100|[from] Leech Seed|[of] p1a: Der Opportunist
|-heal|p1a: Der Opportunist|81/100|[silent]
|upkeep
|turn|44
|
|t:|1650988226
|switch|p1a: Der Star|Eldegoss, M|100/100 tox
|move|p2a: Sneasel|Knock Off|p1a: Der Star
|-damage|p1a: Der Star|59/100 tox
|-damage|p2a: Sneasel|9/100|[from] item: Life Orb
|
|-damage|p2a: Sneasel|0 fnt|[from] Leech Seed|[of] p1a: Der Star
|-heal|p1a: Der Star|65/100 tox|[silent]
|faint|p2a: Sneasel
|-damage|p1a: Der Star|59/100 tox|[from] psn
|upkeep
|
|t:|1650988229
|switch|p2a: Charizard|Charizard, M|70/100
|turn|45
|
|t:|1650988238
|move|p2a: Charizard|Toxic|p1a: Der Star
|-fail|p1a: Der Star|tox
|move|p1a: Der Star|Leech Seed|p2a: Charizard|[miss]
|-miss|p1a: Der Star|p2a: Charizard
|
|-damage|p1a: Der Star|46/100 tox|[from] psn
|upkeep
|turn|46
|
|t:|1650988247
|switch|p1a: Das Hähnchen|Ribombee, F, shiny|100/100
|move|p2a: Charizard|Toxic|p1a: Das Hähnchen
|-status|p1a: Das Hähnchen|tox
|
|-damage|p1a: Das Hähnchen|94/100 tox|[from] psn
|upkeep
|turn|47
|
|t:|1650988255
|move|p1a: Das Hähnchen|U-turn|p2a: Charizard
|-resisted|p2a: Charizard
|-damage|p2a: Charizard|66/100
|
|t:|1650988258
|switch|p1a: Der Opportunist|Wishiwashi, M, shiny|81/100|[from]move: U-turn
|-formechange|p1a: Der Opportunist|Wishiwashi-School||[from] ability: Schooling
|move|p2a: Charizard|Flamethrower|p1a: Der Opportunist
|-resisted|p1a: Der Opportunist
|-damage|p1a: Der Opportunist|65/100
|
|upkeep
|turn|48
|
|t:|1650988271
|switch|p2a: Tangela|Tangela, M|100/100
|move|p1a: Der Opportunist|Flip Turn|p2a: Tangela
|-resisted|p2a: Tangela
|-damage|p2a: Tangela|89/100
|
|t:|1650988283
|switch|p1a: Das Hähnchen|Ribombee, F, shiny|94/100 tox|[from]move: Flip Turn
|
|-damage|p1a: Das Hähnchen|88/100 tox|[from] psn
|upkeep
|turn|49
|
|t:|1650988295
|move|p1a: Das Hähnchen|U-turn|p2a: Tangela
|-supereffective|p2a: Tangela
|-damage|p2a: Tangela|76/100
|
|t:|1650988299
|switch|p1a: Der Star|Eldegoss, M|80/100 tox|[from]move: U-turn
|move|p2a: Tangela|Knock Off|p1a: Der Star
|-damage|p1a: Der Star|70/100 tox
|
|-damage|p1a: Der Star|63/100 tox|[from] psn
|upkeep
|turn|50
|
|t:|1650988314
|switch|p1a: Das Hähnchen|Ribombee, F, shiny|88/100 tox
|switch|p2a: Lanturn|Lanturn, F|45/100
|
|-heal|p2a: Lanturn|51/100|[from] item: Leftovers
|-damage|p1a: Das Hähnchen|82/100 tox|[from] psn
|upkeep
|turn|51
|
|t:|1650988327
|move|p1a: Das Hähnchen|Moonblast|p2a: Lanturn
|-damage|p2a: Lanturn|20/100
|move|p2a: Lanturn|Volt Switch|p1a: Das Hähnchen
|-damage|p1a: Das Hähnchen|51/100 tox
|
|t:|1650988334
|switch|p2a: Charizard|Charizard, M|66/100|[from]move: Volt Switch
|
|-damage|p1a: Das Hähnchen|38/100 tox|[from] psn
|upkeep
|turn|52
|
|t:|1650988337
|move|p1a: Das Hähnchen|U-turn|p2a: Charizard
|-resisted|p2a: Charizard
|-damage|p2a: Charizard|62/100
|
|t:|1650988342
|switch|p1a: Der Programmierer|Regirock, shiny|27/100|[from]move: U-turn
|move|p2a: Charizard|Roost|p2a: Charizard
|-heal|p2a: Charizard|100/100
|-singleturn|p2a: Charizard|move: Roost
|
|-heal|p1a: Der Programmierer|33/100|[from] item: Leftovers
|upkeep
|turn|53
|
|t:|1650988356
|switch|p2a: Tangela|Tangela, M|100/100
|move|p1a: Der Programmierer|Stealth Rock|p2a: Tangela
|-sidestart|p2: kingqueso141|move: Stealth Rock
|
|-heal|p1a: Der Programmierer|39/100|[from] item: Leftovers
|upkeep
|turn|54
|j| Belindas Dad
|
|t:|1650988372
|switch|p2a: Charizard|Charizard, M|100/100
|switch|p1a: Der Star|Eldegoss, M|97/100 tox
|
|-damage|p1a: Der Star|91/100 tox|[from] psn
|upkeep
|turn|55
|
|t:|1650988376
|move|p2a: Charizard|Flamethrower|p1a: Der Star
|-supereffective|p1a: Der Star
|-crit|p1a: Der Star
|-damage|p1a: Der Star|16/100 tox
|move|p1a: Der Star|Aromatherapy|p1a: Der Star
|-activate|p1a: Der Star|move: Aromatherapy
|-curestatus|p1a: Der Star|tox|[msg]
|-curestatus|p1: Das Hähnchen|tox|[msg]
|
|upkeep
|turn|56
|
|t:|1650988384
|switch|p1a: Der Programmierer|Regirock, shiny|39/100
|move|p2a: Charizard|Toxic|p1a: Der Programmierer
|-status|p1a: Der Programmierer|tox
|
|-heal|p1a: Der Programmierer|45/100 tox|[from] item: Leftovers
|-damage|p1a: Der Programmierer|39/100 tox|[from] psn
|upkeep
|turn|57
|
|t:|1650988395
|switch|p2a: Regirock|Regirock|33/100
|-damage|p2a: Regirock|21/100|[from] Stealth Rock
|switch|p1a: Der Opportunist|Wishiwashi, M, shiny|65/100
|-formechange|p1a: Der Opportunist|Wishiwashi-School||[from] ability: Schooling
|
|-heal|p2a: Regirock|27/100|[from] item: Leftovers
|upkeep
|turn|58
|
|t:|1650988404
|move|p2a: Regirock|Body Press|p1a: Der Opportunist
|-crit|p1a: Der Opportunist
|-damage|p1a: Der Opportunist|11/100
|move|p1a: Der Opportunist|Flip Turn|p2a: Regirock
|-supereffective|p2a: Regirock
|-damage|p2a: Regirock|0 fnt
|faint|p2a: Regirock
|
|t:|1650988413
|switch|p1a: Das Hähnchen|Ribombee, F, shiny|38/100|[from]move: Flip Turn
|
|upkeep
|l| Belindas Dad
|
|t:|1650988417
|switch|p2a: Charizard|Charizard, M|100/100
|turn|59
|
|t:|1650988421
|move|p1a: Das Hähnchen|Psychic|p2a: Charizard
|-damage|p2a: Charizard|72/100
|move|p2a: Charizard|Defog|p1a: Das Hähnchen
|-unboost|p1a: Das Hähnchen|evasion|1
|-sideend|p2: kingqueso141|Stealth Rock|[from] move: Defog|[of] p2a: Charizard
|
|upkeep
|turn|60
|
|t:|1650988430
|move|p1a: Das Hähnchen|U-turn|p2a: Charizard
|-resisted|p2a: Charizard
|-damage|p2a: Charizard|68/100
|
|t:|1650988435
|switch|p1a: Der Opportunist|Wishiwashi, M, shiny|11/100|[from]move: U-turn
|move|p2a: Charizard|Toxic|p1a: Der Opportunist
|-status|p1a: Der Opportunist|tox
|
|-damage|p1a: Der Opportunist|5/100 tox|[from] psn
|upkeep
|turn|61
|
|t:|1650988443
|move|p2a: Charizard|Roost|p2a: Charizard
|-heal|p2a: Charizard|100/100
|-singleturn|p2a: Charizard|move: Roost
|move|p1a: Der Opportunist|Ice Beam|p2a: Charizard
|-resisted|p2a: Charizard
|-damage|p2a: Charizard|96/100
|
|-damage|p1a: Der Opportunist|0 fnt|[from] psn
|faint|p1a: Der Opportunist
|upkeep
|
|t:|1650988451
|switch|p1a: Der Programmierer|Regirock, shiny|39/100 tox
|turn|62
|
|t:|1650988464
|switch|p2a: Tangela|Tangela, M|100/100
|switch|p1a: Das Hähnchen|Ribombee, F, shiny|38/100
|
|upkeep
|turn|63
|
|t:|1650988470
|switch|p2a: Lanturn|Lanturn, F|20/100
|move|p1a: Das Hähnchen|Psychic|p2a: Lanturn
|-damage|p2a: Lanturn|2/100
|
|-heal|p2a: Lanturn|9/100|[from] item: Leftovers
|upkeep
|turn|64
|
|t:|1650988483
|move|p1a: Das Hähnchen|Moonblast|p2a: Lanturn
|-damage|p2a: Lanturn|0 fnt
|faint|p2a: Lanturn
|
|upkeep
|
|t:|1650988488
|switch|p2a: Charizard|Charizard, M|96/100
|turn|65
|
|t:|1650988493
|move|p1a: Das Hähnchen|Moonblast|p2a: Charizard
|-resisted|p2a: Charizard
|-damage|p2a: Charizard|76/100
|move|p2a: Charizard|Flamethrower|p1a: Das Hähnchen
|-supereffective|p1a: Das Hähnchen
|-damage|p1a: Das Hähnchen|0 fnt
|faint|p1a: Das Hähnchen
|
|upkeep
|
|t:|1650988497
|switch|p1a: Der Programmierer|Regirock, shiny|39/100 tox
|turn|66
|
|t:|1650988504
|switch|p2a: Tangela|Tangela, M|100/100
|move|p1a: Der Programmierer|Rock Slide|p2a: Tangela|[miss]
|-miss|p1a: Der Programmierer|p2a: Tangela
|
|-heal|p1a: Der Programmierer|45/100 tox|[from] item: Leftovers
|-damage|p1a: Der Programmierer|39/100 tox|[from] psn
|upkeep
|turn|67
|
|t:|1650988510
|switch|p1a: Der Star|Eldegoss, M|49/100
|move|p2a: Tangela|Knock Off|p1a: Der Star
|-damage|p1a: Der Star|39/100
|
|upkeep
|turn|68
|
|t:|1650988519
|move|p2a: Tangela|Knock Off|p1a: Der Star
|-damage|p1a: Der Star|29/100
|move|p1a: Der Star|Aromatherapy|p1a: Der Star
|-activate|p1a: Der Star|move: Aromatherapy
|-curestatus|p1: Der Programmierer|tox|[msg]
|
|upkeep
|turn|69
|
|t:|1650988524
|move|p1a: Der Star|Energy Ball|p2a: Tangela
|-resisted|p2a: Tangela
|-damage|p2a: Tangela|82/100
|move|p2a: Tangela|Knock Off|p1a: Der Star
|-damage|p1a: Der Star|18/100
|
|upkeep
|turn|70
|
|t:|1650988533
|move|p1a: Der Star|Energy Ball|p2a: Tangela
|-resisted|p2a: Tangela
|-damage|p2a: Tangela|65/100
|move|p2a: Tangela|Giga Drain|p1a: Der Star
|-resisted|p1a: Der Star
|-damage|p1a: Der Star|10/100
|-heal|p2a: Tangela|69/100|[from] drain|[of] p1a: Der Star
|
|upkeep
|turn|71
|
|t:|1650988538
|move|p1a: Der Star|Energy Ball|p2a: Tangela
|-resisted|p2a: Tangela
|-damage|p2a: Tangela|52/100
|move|p2a: Tangela|Giga Drain|p1a: Der Star
|-resisted|p1a: Der Star
|-damage|p1a: Der Star|1/100
|-heal|p2a: Tangela|56/100|[from] drain|[of] p1a: Der Star
|
|upkeep
|turn|72
|
|t:|1650988544
|move|p2a: Tangela|Giga Drain|p1a: Der Star
|-resisted|p1a: Der Star
|-damage|p1a: Der Star|0 fnt
|-heal|p2a: Tangela|56/100|[from] drain|[of] p1a: Der Star
|faint|p1a: Der Star
|
|upkeep
|
|t:|1650988546
|switch|p1a: Der Programmierer|Regirock, shiny|39/100
|turn|73
|
|t:|1650988551
|move|p2a: Tangela|Giga Drain|p1a: Der Programmierer
|-supereffective|p1a: Der Programmierer
|-damage|p1a: Der Programmierer|0 fnt
|-heal|p2a: Tangela|77/100|[from] drain|[of] p1a: Der Programmierer
|faint|p1a: Der Programmierer
|
|win|kingqueso141
|raw|HennyHahn's rating: 1439 &rarr; <strong>1413</strong><br />(-26 for losing)
|raw|kingqueso141's rating: 1337 &rarr; <strong>1363</strong><br />(+26 for winning)
|c|☆kingqueso141|gg
|c|☆HennyHahn|gg
|c|☆HennyHahn|a little too much hax
|c|☆kingqueso141|for sure. Def adding sludge bomb to tangela tho
|c|☆HennyHahn|yes
|c|☆HennyHahn|would helped you a lot
||Ladder isn't responding, score probably updated but might not have (Request timeout).
|l|☆kingqueso141
