|j|☆Magnitude Report
|j|☆yassy slay
|t:|1666807669
|gametype|singles
|player|p1|Magnitude Report|chuck|1433
|player|p2|yassy slay|clown|1704
|teamsize|p1|6
|teamsize|p2|6
|gen|8
|tier|[Gen 8] PU
|rated|
|rule|Sleep Clause Mod: Limit one foe put to sleep
|rule|Species Clause: Limit one of each Pokémon
|rule|OHKO Clause: OHKO moves are banned
|rule|Evasion Items Clause: Evasion items are banned
|rule|Evasion Moves Clause: Evasion moves are banned
|rule|Endless Battle Clause: Forcing endless battles is banned
|rule|HP Percentage Mod: HP is shown in percentages
|rule|Dynamax Clause: You cannot dynamax
|clearpoke
|poke|p1|Charizard, F|
|poke|p1|Archeops, M|
|poke|p1|Scrafty, M|
|poke|p1|Lurantis, F|
|poke|p1|Quagsire, M|
|poke|p1|Togedemaru, F|
|poke|p2|Silvally-*|
|poke|p2|Gourgeist-*, F|
|poke|p2|Comfey, M|
|poke|p2|Flapple, M|
|poke|p2|Gigalith, F|
|poke|p2|Golduck, M|
|teampreview
|c|☆Magnitude Report|gl hf
|c|☆yassy slay|u 2
|
|t:|1666807698
|start
|switch|p1a: Scrafty|Scrafty, M|100/100
|switch|p2a: Gourgeist|Gourgeist-Super, F|100/100
|-item|p1a: Scrafty|Leftovers|[from] ability: Frisk|[of] p2a: Gourgeist|[identify]
|turn|1
|
|t:|1666807708
|move|p2a: Gourgeist|Power Whip|p1a: Scrafty
|-damage|p1a: Scrafty|49/100
|move|p1a: Scrafty|Knock Off|p2a: Gourgeist
|-supereffective|p2a: Gourgeist
|-damage|p2a: Gourgeist|68/100
|
|-heal|p1a: Scrafty|55/100|[from] item: Leftovers
|upkeep
|turn|2
|
|t:|1666807718
|switch|p1a: Charizard|Charizard, F|100/100
|move|p2a: Gourgeist|Poltergeist|p1a: Charizard
|-activate|p1a: Charizard|move: Poltergeist|Heavy-Duty Boots
|-damage|p1a: Charizard|44/100
|
|upkeep
|turn|3
|
|t:|1666807726
|switch|p2a: Gigalith|Gigalith, F|100/100
|-weather|Sandstorm|[from] ability: Sand Stream|[of] p2a: Gigalith
|move|p1a: Charizard|Flamethrower|p2a: Gigalith
|-resisted|p2a: Gigalith
|-damage|p2a: Gigalith|92/100
|
|-weather|Sandstorm|[upkeep]
|-damage|p1a: Charizard|38/100|[from] Sandstorm
|-heal|p2a: Gigalith|98/100|[from] item: Leftovers
|upkeep
|turn|4
|
|t:|1666807730
|switch|p1a: Scrafty|Scrafty, M|55/100
|move|p2a: Gigalith|Stealth Rock|p1a: Scrafty
|-sidestart|p1: Magnitude Report|move: Stealth Rock
|
|-weather|Sandstorm|[upkeep]
|-damage|p1a: Scrafty|49/100|[from] Sandstorm
|-heal|p1a: Scrafty|55/100|[from] item: Leftovers
|-heal|p2a: Gigalith|100/100|[from] item: Leftovers
|upkeep
|turn|5
|
|t:|1666807738
|switch|p2a: Comfey|Comfey, M|100/100
|move|p1a: Scrafty|Knock Off|p2a: Comfey
|-resisted|p2a: Comfey
|-damage|p2a: Comfey|82/100
|-enditem|p2a: Comfey|Life Orb|[from] move: Knock Off|[of] p1a: Scrafty
|
|-weather|Sandstorm|[upkeep]
|-damage|p2a: Comfey|76/100|[from] Sandstorm
|-damage|p1a: Scrafty|49/100|[from] Sandstorm
|-heal|p1a: Scrafty|55/100|[from] item: Leftovers
|upkeep
|turn|6
|
|t:|1666807756
|switch|p2a: Golduck|Golduck, M|100/100
|-ability|p2a: Golduck|Cloud Nine
|switch|p1a: Charizard|Charizard, F|38/100
|
|-weather|Sandstorm|[upkeep]
|upkeep
|turn|7
|
|t:|1666807766
|move|p1a: Charizard|Toxic|p2a: Golduck
|-status|p2a: Golduck|tox
|move|p2a: Golduck|Scald|p1a: Charizard
|-supereffective|p1a: Charizard
|-damage|p1a: Charizard|0 fnt
|faint|p1a: Charizard
|
|-weather|none
|-damage|p2a: Golduck|94/100 tox|[from] psn
|upkeep
|
|t:|1666807771
|switch|p1a: Lurantis|Lurantis, F|100/100
|turn|8
|
|t:|1666807779
|switch|p2a: Flapple|Flapple, M|100/100
|move|p1a: Lurantis|Leaf Storm|p2a: Flapple
|-resisted|p2a: Flapple
|-damage|p2a: Flapple|81/100
|-boost|p1a: Lurantis|spa|2
|
|upkeep
|turn|9
|
|t:|1666807785
|move|p2a: Flapple|Draco Meteor|p1a: Lurantis
|-damage|p1a: Lurantis|17/100
|-unboost|p2a: Flapple|spa|2
|-damage|p2a: Flapple|71/100|[from] item: Life Orb
|move|p1a: Lurantis|Superpower|p2a: Flapple
|-damage|p2a: Flapple|28/100
|-boost|p1a: Lurantis|atk|1
|-boost|p1a: Lurantis|def|1
|
|upkeep
|turn|10
|
|t:|1666807797
|move|p2a: Flapple|Draco Meteor|p1a: Lurantis|[miss]
|-miss|p2a: Flapple|p1a: Lurantis
|move|p1a: Lurantis|Synthesis|p1a: Lurantis
|-heal|p1a: Lurantis|67/100
|
|upkeep
|turn|11
|
|t:|1666807801
|move|p2a: Flapple|U-turn|p1a: Lurantis
|-supereffective|p1a: Lurantis
|-damage|p1a: Lurantis|15/100
|-damage|p2a: Flapple|18/100|[from] item: Life Orb
|
|t:|1666807804
|switch|p2a: Gourgeist|Gourgeist-Super, F|68/100|[from]move: U-turn
|-item|p1a: Lurantis|Heavy-Duty Boots|[from] ability: Frisk|[of] p2a: Gourgeist|[identify]
|move|p1a: Lurantis|Synthesis|p1a: Lurantis
|-heal|p1a: Lurantis|65/100
|
|upkeep
|turn|12
|
|t:|1666807813
|move|p1a: Lurantis|Knock Off|p2a: Gourgeist
|-supereffective|p2a: Gourgeist
|-damage|p2a: Gourgeist|31/100
|move|p2a: Gourgeist|Poltergeist|p1a: Lurantis
|-activate|p1a: Lurantis|move: Poltergeist|Heavy-Duty Boots
|-damage|p1a: Lurantis|21/100
|
|upkeep
|turn|13
|
|t:|1666807822
|switch|p2a: Flapple|Flapple, M|18/100
|move|p1a: Lurantis|Knock Off|p2a: Flapple
|-damage|p2a: Flapple|0 fnt
|-enditem|p2a: Flapple|Life Orb|[from] move: Knock Off|[of] p1a: Lurantis
|faint|p2a: Flapple
|
|upkeep
|
|t:|1666807829
|switch|p2a: Comfey|Comfey, M|76/100
|turn|14
|
|t:|1666807832
|move|p2a: Comfey|Draining Kiss|p1a: Lurantis
|-damage|p1a: Lurantis|0 fnt
|-heal|p2a: Comfey|97/100|[from] drain|[of] p1a: Lurantis
|faint|p1a: Lurantis
|
|upkeep
|
|t:|1666807835
|switch|p1a: Togedemaru|Togedemaru, F|100/100
|-damage|p1a: Togedemaru|95/100|[from] Stealth Rock
|turn|15
|
|t:|1666807840
|switch|p2a: Silvally|Silvally-Steel|100/100
|move|p1a: Togedemaru|U-turn|p2a: Silvally
|-resisted|p2a: Silvally
|-damage|p2a: Silvally|93/100
|
|t:|1666807843
|switch|p1a: Archeops|Archeops, M|100/100|[from]move: U-turn
|
|upkeep
|turn|16
|
|t:|1666807848
|move|p1a: Archeops|Earthquake|p2a: Silvally
|-supereffective|p2a: Silvally
|-damage|p2a: Silvally|16/100
|move|p2a: Silvally|Multi-Attack|p1a: Archeops
|-supereffective|p1a: Archeops
|-damage|p1a: Archeops|0 fnt
|faint|p1a: Archeops
|
|upkeep
|
|t:|1666807853
|switch|p1a: Scrafty|Scrafty, M|55/100
|-damage|p1a: Scrafty|49/100|[from] Stealth Rock
|turn|17
|
|t:|1666807857
|move|p2a: Silvally|Multi-Attack|p1a: Scrafty
|-damage|p1a: Scrafty|3/100
|move|p1a: Scrafty|Knock Off|p2a: Silvally
|-damage|p2a: Silvally|0 fnt
|faint|p2a: Silvally
|
|-heal|p1a: Scrafty|9/100|[from] item: Leftovers
|upkeep
|
|t:|1666807862
|switch|p2a: Golduck|Golduck, M|94/100 tox
|-ability|p2a: Golduck|Cloud Nine
|turn|18
|
|t:|1666807864
|move|p2a: Golduck|Scald|p1a: Scrafty
|-damage|p1a: Scrafty|0 fnt
|faint|p1a: Scrafty
|
|-heal|p2a: Golduck|100/100 tox|[from] item: Leftovers
|-damage|p2a: Golduck|94/100 tox|[from] psn
|upkeep
|
|t:|1666807867
|switch|p1a: Quagsire|Quagsire, M|100/100
|-damage|p1a: Quagsire|94/100|[from] Stealth Rock
|turn|19
|
|t:|1666807874
|move|p2a: Golduck|Scald|p1a: Quagsire
|-damage|p1a: Quagsire|66/100
|move|p1a: Quagsire|Earthquake|p2a: Golduck
|-damage|p2a: Golduck|69/100 tox
|
|-heal|p2a: Golduck|75/100 tox|[from] item: Leftovers
|-heal|p1a: Quagsire|72/100|[from] item: Leftovers
|-damage|p2a: Golduck|63/100 tox|[from] psn
|upkeep
|turn|20
|
|t:|1666807877
|move|p2a: Golduck|Scald|p1a: Quagsire
|-damage|p1a: Quagsire|46/100
|move|p1a: Quagsire|Curse|p1a: Quagsire
|-unboost|p1a: Quagsire|spe|1
|-boost|p1a: Quagsire|atk|1
|-boost|p1a: Quagsire|def|1
|
|-heal|p2a: Golduck|69/100 tox|[from] item: Leftovers
|-heal|p1a: Quagsire|52/100|[from] item: Leftovers
|-damage|p2a: Golduck|50/100 tox|[from] psn
|upkeep
|turn|21
|
|t:|1666807884
|switch|p2a: Comfey|Comfey, M|97/100
|move|p1a: Quagsire|Recover|p1a: Quagsire
|-heal|p1a: Quagsire|100/100
|
|upkeep
|turn|22
|
|t:|1666807887
|move|p2a: Comfey|Giga Drain|p1a: Quagsire
|-supereffective|p1a: Quagsire
|-damage|p1a: Quagsire|19/100
|-heal|p2a: Comfey|100/100|[from] drain|[of] p1a: Quagsire
|move|p1a: Quagsire|Earthquake|p2a: Comfey
|-damage|p2a: Comfey|50/100
|
|-heal|p1a: Quagsire|25/100|[from] item: Leftovers
|upkeep
|turn|23
|
|t:|1666807889
|switch|p1a: Togedemaru|Togedemaru, F|95/100
|-damage|p1a: Togedemaru|89/100|[from] Stealth Rock
|move|p2a: Comfey|Draining Kiss|p1a: Togedemaru
|-resisted|p1a: Togedemaru
|-damage|p1a: Togedemaru|80/100
|-heal|p2a: Comfey|58/100|[from] drain|[of] p1a: Togedemaru
|
|-heal|p1a: Togedemaru|86/100|[from] item: Leftovers
|upkeep
|turn|24
|
|t:|1666807898
|switch|p2a: Gigalith|Gigalith, F|100/100
|-weather|Sandstorm|[from] ability: Sand Stream|[of] p2a: Gigalith
|move|p1a: Togedemaru|Iron Head|p2a: Gigalith
|-supereffective|p2a: Gigalith
|-damage|p2a: Gigalith|61/100
|
|-weather|Sandstorm|[upkeep]
|-heal|p1a: Togedemaru|92/100|[from] item: Leftovers
|-heal|p2a: Gigalith|68/100|[from] item: Leftovers
|upkeep
|turn|25
|
|t:|1666807905
|move|p1a: Togedemaru|Iron Head|p2a: Gigalith
|-supereffective|p2a: Gigalith
|-damage|p2a: Gigalith|32/100
|move|p2a: Gigalith|Earthquake|p1a: Togedemaru
|-supereffective|p1a: Togedemaru
|-damage|p1a: Togedemaru|0 fnt
|faint|p1a: Togedemaru
|
|-weather|Sandstorm|[upkeep]
|-heal|p2a: Gigalith|38/100|[from] item: Leftovers
|upkeep
|
|t:|1666807909
|switch|p1a: Quagsire|Quagsire, M|25/100
|-damage|p1a: Quagsire|19/100|[from] Stealth Rock
|turn|26
|c|☆Magnitude Report|gg this team is dope as hell
|
|t:|1666807915
|switch|p2a: Comfey|Comfey, M|58/100
|move|p1a: Quagsire|Recover|p1a: Quagsire
|-heal|p1a: Quagsire|69/100
|
|-weather|Sandstorm|[upkeep]
|-damage|p2a: Comfey|52/100|[from] Sandstorm
|-heal|p1a: Quagsire|75/100|[from] item: Leftovers
|upkeep
|turn|27
|c|☆yassy slay|gg, ty :)
|
|t:|1666807920
|move|p2a: Comfey|Giga Drain|p1a: Quagsire
|-supereffective|p1a: Quagsire
|-damage|p1a: Quagsire|0 fnt
|-heal|p2a: Comfey|100/100|[from] drain|[of] p1a: Quagsire
|faint|p1a: Quagsire
|
|win|yassy slay
|raw|Magnitude Report's rating: 1433 &rarr; <strong>1426</strong><br />(-7 for losing)
|raw|yassy slay's rating: 1704 &rarr; <strong>1711</strong><br />(+7 for winning)
|l|☆Magnitude Report
