|j|☆SandboxMode
|j|☆one of the bouys
|t:|1637279731
|gametype|singles
|player|p1|SandboxMode|lucian|1182
|player|p2|one of the bouys|clown|1515
|teamsize|p1|6
|teamsize|p2|6
|gen|8
|tier|[Gen 8] PU
|rated|
|rule|Sleep Clause Mod: Limit one foe put to sleep
|rule|Species Clause: Limit one of each Pokémon
|rule|OHKO Clause: OHKO moves are banned
|rule|Evasion Moves Clause: Evasion moves are banned
|rule|Endless Battle Clause: Forcing endless battles is banned
|rule|HP Percentage Mod: HP is shown in percentages
|rule|Dynamax Clause: You cannot dynamax
|clearpoke
|poke|p1|Ribombee, M|
|poke|p1|Jellicent, M|
|poke|p1|Sandaconda, M|
|poke|p1|Perrserker, F|
|poke|p1|Charizard, F|
|poke|p1|Audino, M|
|poke|p2|Gourgeist-*, F|
|poke|p2|Flapple, F|
|poke|p2|Lunatone|
|poke|p2|Stunfisk-Galar, F|
|poke|p2|Silvally-*|
|poke|p2|Cramorant, M|
|teampreview
|inactive|Battle timer is ON: inactive players will automatically lose when time's up. (requested by SandboxMode)
|
|t:|1637279746
|start
|switch|p1a: Jellicent|Jellicent, M|100/100
|switch|p2a: Cramorant|Cramorant, M|100/100
|turn|1
|
|t:|1637279757
|move|p2a: Cramorant|Hurricane|p1a: Jellicent|[miss]
|-miss|p2a: Cramorant|p1a: Jellicent
|move|p1a: Jellicent|Shadow Ball|p2a: Cramorant
|-damage|p2a: Cramorant|33/100
|
|upkeep
|turn|2
|
|t:|1637279763
|switch|p2a: Stunfisk|Stunfisk-Galar, F|100/100
|move|p1a: Jellicent|Shadow Ball|p2a: Stunfisk
|-damage|p2a: Stunfisk|65/100
|-unboost|p2a: Stunfisk|spd|1
|
|-heal|p2a: Stunfisk|71/100|[from] item: Leftovers
|upkeep
|turn|3
|
|t:|1637279768
|switch|p1a: Charizard|Charizard, F, shiny|100/100
|move|p2a: Stunfisk|Stealth Rock|p1a: Charizard
|-sidestart|p1: SandboxMode|move: Stealth Rock
|
|-heal|p2a: Stunfisk|77/100|[from] item: Leftovers
|upkeep
|turn|4
|
|t:|1637279773
|switch|p2a: Lunatone|Lunatone|100/100
|move|p1a: Charizard|Defog|p2a: Lunatone
|-unboost|p2a: Lunatone|evasion|1
|-sideend|p1: SandboxMode|Stealth Rock|[from] move: Defog|[of] p1a: Charizard
|
|upkeep
|turn|5
|
|t:|1637279782
|switch|p1a: Audino|Audino, M|100/100
|move|p2a: Lunatone|Power Gem|p1a: Audino
|-damage|p1a: Audino|72/100
|
|upkeep
|turn|6
|
|t:|1637279785
|move|p2a: Lunatone|Future Sight|p1a: Audino
|-start|p2a: Lunatone|move: Future Sight
|move|p1a: Audino|Toxic|p2a: Lunatone
|-status|p2a: Lunatone|tox
|
|-damage|p2a: Lunatone|94/100 tox|[from] psn
|upkeep
|turn|7
|
|t:|1637279794
|switch|p2a: Silvally|Silvally-Fairy|100/100
|move|p1a: Audino|Wish|p1a: Audino
|
|upkeep
|turn|8
|
|t:|1637279799
|move|p1a: Audino|Toxic|p2a: Silvally
|-status|p2a: Silvally|tox
|move|p2a: Silvally|Roar|p1a: Audino
|drag|p1a: Jellicent|Jellicent, M|100/100
|
|-end|p1a: Jellicent|move: Future Sight
|-damage|p1a: Jellicent|46/100
|-heal|p1a: Jellicent|100/100|[from] move: Wish|[wisher] Audino
|-damage|p2a: Silvally|94/100 tox|[from] psn
|upkeep
|turn|9
|
|t:|1637279809
|switch|p1a: Audino|Audino, M|100/100
|move|p2a: Silvally|Multi-Attack|p1a: Audino
|-damage|p1a: Audino|57/100
|
|-damage|p2a: Silvally|82/100 tox|[from] psn
|upkeep
|turn|10
|
|t:|1637279823
|switch|p2a: Stunfisk|Stunfisk-Galar, F|77/100
|move|p1a: Audino|Wish|p1a: Audino
|
|-heal|p2a: Stunfisk|83/100|[from] item: Leftovers
|upkeep
|turn|11
|
|t:|1637279830
|switch|p1a: Jellicent|Jellicent, M|100/100
|move|p2a: Stunfisk|Stealth Rock|p1a: Jellicent
|-sidestart|p1: SandboxMode|move: Stealth Rock
|
|-heal|p2a: Stunfisk|90/100|[from] item: Leftovers
|upkeep
|turn|12
|
|t:|1637279834
|move|p2a: Stunfisk|Protect|p2a: Stunfisk
|-singleturn|p2a: Stunfisk|Protect
|move|p1a: Jellicent|Hydro Pump|p2a: Stunfisk
|-activate|p2a: Stunfisk|move: Protect
|
|-heal|p2a: Stunfisk|96/100|[from] item: Leftovers
|upkeep
|turn|13
|
|t:|1637279848
|switch|p2a: Gourgeist|Gourgeist-Super, F|100/100
|-item|p1a: Jellicent|Choice Specs|[from] ability: Frisk|[of] p2a: Gourgeist|[identify]
|move|p1a: Jellicent|Hydro Pump|p2a: Gourgeist|[miss]
|-miss|p1a: Jellicent|p2a: Gourgeist
|
|upkeep
|turn|14
|
|t:|1637279857
|switch|p1a: Charizard|Charizard, F, shiny|100/100
|move|p2a: Gourgeist|Poltergeist|p1a: Charizard
|-activate|p1a: Charizard|move: Poltergeist|Heavy-Duty Boots
|-damage|p1a: Charizard|36/100
|
|upkeep
|turn|15
|
|t:|1637279864
|switch|p2a: Lunatone|Lunatone|94/100 tox
|move|p1a: Charizard|Mystical Fire|p2a: Lunatone
|-resisted|p2a: Lunatone
|-damage|p2a: Lunatone|78/100 tox
|-unboost|p2a: Lunatone|spa|1
|
|-damage|p2a: Lunatone|72/100 tox|[from] psn
|upkeep
|turn|16
|
|t:|1637279871
|switch|p1a: Audino|Audino, M|90/100
|move|p2a: Lunatone|Power Gem|p1a: Audino
|-damage|p1a: Audino|71/100
|
|-damage|p2a: Lunatone|60/100 tox|[from] psn
|upkeep
|turn|17
|
|t:|1637279878
|switch|p2a: Flapple|Flapple, F|100/100
|move|p1a: Audino|Wish|p1a: Audino
|
|upkeep
|turn|18
|
|t:|1637279884
|switch|p1a: Ribombee|Ribombee, M|100/100
|move|p2a: Flapple|Grav Apple|p1a: Ribombee
|-resisted|p1a: Ribombee
|-damage|p1a: Ribombee|23/100
|-damage|p2a: Flapple|91/100|[from] item: Life Orb
|
|-heal|p1a: Ribombee|100/100|[from] move: Wish|[wisher] Audino
|upkeep
|turn|19
|
|t:|1637279891
|switch|p2a: Stunfisk|Stunfisk-Galar, F|96/100
|move|p1a: Ribombee|U-turn|p2a: Stunfisk
|-resisted|p2a: Stunfisk
|-damage|p2a: Stunfisk|90/100
|j| StarryGazaar
|
|t:|1637279904
|switch|p1a: Sandaconda|Sandaconda, M|100/100|[from]move: U-turn
|-damage|p1a: Sandaconda|94/100|[from] Stealth Rock
|
|-heal|p2a: Stunfisk|96/100|[from] item: Leftovers
|upkeep
|turn|20
|
|t:|1637279910
|switch|p2a: Flapple|Flapple, F|91/100
|move|p1a: Sandaconda|Stone Edge|p2a: Flapple
|-damage|p2a: Flapple|49/100
|
|upkeep
|turn|21
|
|t:|1637279918
|switch|p1a: Ribombee|Ribombee, M|100/100
|move|p2a: Flapple|Grav Apple|p1a: Ribombee
|-resisted|p1a: Ribombee
|-damage|p1a: Ribombee|27/100
|-damage|p2a: Flapple|39/100|[from] item: Life Orb
|
|upkeep
|turn|22
|
|t:|1637279923
|switch|p2a: Gourgeist|Gourgeist-Super, F|100/100
|-item|p1a: Ribombee|Heavy-Duty Boots|[from] ability: Frisk|[of] p2a: Gourgeist|[identify]
|move|p1a: Ribombee|Roost|p1a: Ribombee
|-heal|p1a: Ribombee|77/100
|-singleturn|p1a: Ribombee|move: Roost
|
|upkeep
|turn|23
|l| StarryGazaar
|
|t:|1637279927
|move|p1a: Ribombee|U-turn|p2a: Gourgeist
|-damage|p2a: Gourgeist|89/100
|
|t:|1637279932
|switch|p1a: Charizard|Charizard, F, shiny|36/100|[from]move: U-turn
|move|p2a: Gourgeist|Power Whip|p1a: Charizard
|-resisted|p1a: Charizard
|-damage|p1a: Charizard|18/100
|
|upkeep
|turn|24
|
|t:|1637279937
|move|p2a: Gourgeist|Shadow Sneak|p1a: Charizard
|-damage|p1a: Charizard|0 fnt
|faint|p1a: Charizard
|
|upkeep
|
|t:|1637279945
|switch|p1a: Perrserker|Perrserker, F|100/100
|-damage|p1a: Perrserker|94/100|[from] Stealth Rock
|turn|25
|
|t:|1637279948
|move|p1a: Perrserker|Iron Head|p2a: Gourgeist
|-damage|p2a: Gourgeist|18/100
|move|p2a: Gourgeist|Poltergeist|p1a: Perrserker
|-activate|p1a: Perrserker|move: Poltergeist|Choice Band
|-damage|p1a: Perrserker|31/100
|
|upkeep
|turn|26
|
|t:|1637279955
|switch|p2a: Stunfisk|Stunfisk-Galar, F|96/100
|move|p1a: Perrserker|Iron Head|p2a: Stunfisk
|-resisted|p2a: Stunfisk
|-damage|p2a: Stunfisk|61/100
|
|-heal|p2a: Stunfisk|67/100|[from] item: Leftovers
|upkeep
|turn|27
|
|t:|1637279965
|switch|p1a: Sandaconda|Sandaconda, M|94/100
|-damage|p1a: Sandaconda|88/100|[from] Stealth Rock
|move|p2a: Stunfisk|Earthquake|p1a: Sandaconda
|-damage|p1a: Sandaconda|69/100
|
|-heal|p2a: Stunfisk|73/100|[from] item: Leftovers
|upkeep
|turn|28
|
|t:|1637279971
|switch|p2a: Silvally|Silvally-Fairy|82/100 tox
|move|p1a: Sandaconda|Stealth Rock|p2a: Silvally
|-sidestart|p2: one of the bouys|move: Stealth Rock
|
|-damage|p2a: Silvally|76/100 tox|[from] psn
|upkeep
|turn|29
|
|t:|1637279975
|move|p2a: Silvally|Multi-Attack|p1a: Sandaconda
|-damage|p1a: Sandaconda|36/100
|-damage|p2a: Silvally|60/100 tox|[from] item: Rocky Helmet|[of] p1a: Sandaconda
|move|p1a: Sandaconda|Earthquake|p2a: Silvally
|-damage|p2a: Silvally|29/100 tox
|
|-damage|p2a: Silvally|17/100 tox|[from] psn
|upkeep
|turn|30
|
|t:|1637279979
|move|p2a: Silvally|Rest|p2a: Silvally
|-status|p2a: Silvally|slp|[from] move: Rest
|-heal|p2a: Silvally|100/100 slp|[silent]
|move|p1a: Sandaconda|Rest|p1a: Sandaconda
|-status|p1a: Sandaconda|slp|[from] move: Rest
|-heal|p1a: Sandaconda|100/100 slp|[silent]
|
|upkeep
|turn|31
|
|t:|1637279987
|switch|p1a: Jellicent|Jellicent, M|100/100
|-damage|p1a: Jellicent|88/100|[from] Stealth Rock
|cant|p2a: Silvally|slp
|move|p2a: Silvally|Sleep Talk|p2a: Silvally
|move|p2a: Silvally|Multi-Attack|p1a: Jellicent|[from]move: Sleep Talk
|-damage|p1a: Jellicent|23/100
|
|upkeep
|turn|32
|
|t:|1637279993
|cant|p2a: Silvally|slp
|move|p2a: Silvally|Sleep Talk|p2a: Silvally
|move|p2a: Silvally|Roar|p1a: Jellicent|[from]move: Sleep Talk
|drag|p1a: Audino|Audino, M|100/100
|
|upkeep
|turn|33
|
|t:|1637280017
|switch|p2a: Stunfisk|Stunfisk-Galar, F|73/100
|-damage|p2a: Stunfisk|70/100|[from] Stealth Rock
|move|p1a: Audino|Wish|p1a: Audino
|
|-heal|p2a: Stunfisk|77/100|[from] item: Leftovers
|upkeep
|turn|34
|
|t:|1637280021
|move|p1a: Audino|Knock Off|p2a: Stunfisk
|-damage|p2a: Stunfisk|65/100
|-enditem|p2a: Stunfisk|Leftovers|[from] move: Knock Off|[of] p1a: Audino
|move|p2a: Stunfisk|Earthquake|p1a: Audino
|-damage|p1a: Audino|73/100
|
|-heal|p1a: Audino|100/100|[from] move: Wish|[wisher] Audino
|upkeep
|turn|35
|
|t:|1637280046
|switch|p2a: Silvally|Silvally-Fairy|100/100 slp
|-damage|p2a: Silvally|88/100 slp|[from] Stealth Rock
|move|p1a: Audino|Wish|p1a: Audino
|
|upkeep
|turn|36
|
|t:|1637280053
|switch|p1a: Sandaconda|Sandaconda, M|100/100 slp
|-damage|p1a: Sandaconda|94/100 slp|[from] Stealth Rock
|-curestatus|p2a: Silvally|slp|[msg]
|move|p2a: Silvally|Multi-Attack|p1a: Sandaconda
|-damage|p1a: Sandaconda|65/100 slp
|-damage|p2a: Silvally|72/100|[from] item: Rocky Helmet|[of] p1a: Sandaconda
|
|-heal|p1a: Sandaconda|100/100 slp|[from] move: Wish|[wisher] Audino
|upkeep
|turn|37
|
|t:|1637280068
|switch|p2a: Cramorant|Cramorant, M|33/100
|cant|p1a: Sandaconda|slp
|
|upkeep
|turn|38
|
|t:|1637280074
|switch|p1a: Audino|Audino, M|100/100
|move|p2a: Cramorant|Roost|p2a: Cramorant
|-heal|p2a: Cramorant|83/100
|-singleturn|p2a: Cramorant|move: Roost
|
|upkeep
|turn|39
|
|t:|1637280083
|switch|p2a: Silvally|Silvally-Fairy|72/100
|-damage|p2a: Silvally|59/100|[from] Stealth Rock
|switch|p1a: Jellicent|Jellicent, M|23/100
|-damage|p1a: Jellicent|10/100|[from] Stealth Rock
|
|upkeep
|turn|40
|
|t:|1637280088
|switch|p1a: Sandaconda|Sandaconda, M|100/100 slp
|-damage|p1a: Sandaconda|94/100 slp|[from] Stealth Rock
|move|p2a: Silvally|Multi-Attack|p1a: Sandaconda
|-damage|p1a: Sandaconda|62/100 slp
|-damage|p2a: Silvally|43/100|[from] item: Rocky Helmet|[of] p1a: Sandaconda
|
|-activate|p1a: Sandaconda|ability: Shed Skin
|-curestatus|p1a: Sandaconda|slp|[msg]
|upkeep
|turn|41
|
|t:|1637280096
|move|p2a: Silvally|Rest|p2a: Silvally
|-status|p2a: Silvally|slp|[from] move: Rest
|-heal|p2a: Silvally|100/100 slp|[silent]
|move|p1a: Sandaconda|Stone Edge|p2a: Silvally
|-damage|p2a: Silvally|81/100 slp
|
|upkeep
|turn|42
|
|t:|1637280100
|cant|p2a: Silvally|slp
|move|p2a: Silvally|Sleep Talk|p2a: Silvally
|move|p2a: Silvally|Roar|p1a: Sandaconda|[from]move: Sleep Talk
|drag|p1a: Audino|Audino, M|100/100
|
|upkeep
|turn|43
|
|t:|1637280103
|cant|p2a: Silvally|slp
|move|p2a: Silvally|Sleep Talk|p2a: Silvally
|move|p2a: Silvally|Rest||[from]move: Sleep Talk|[still]
|-fail|p2a: Silvally
|move|p1a: Audino|Wish|p1a: Audino
|
|upkeep
|turn|44
|
|t:|1637280110
|-curestatus|p2a: Silvally|slp|[msg]
|move|p2a: Silvally|Multi-Attack|p1a: Audino
|-damage|p1a: Audino|59/100
|move|p1a: Audino|Toxic|p2a: Silvally|[miss]
|-miss|p1a: Audino|p2a: Silvally
|
|-heal|p1a: Audino|100/100|[from] move: Wish|[wisher] Audino
|upkeep
|turn|45
|
|t:|1637280117
|move|p2a: Silvally|Multi-Attack|p1a: Audino
|-damage|p1a: Audino|59/100
|move|p1a: Audino|Toxic|p2a: Silvally
|-status|p2a: Silvally|tox
|
|-damage|p2a: Silvally|75/100 tox|[from] psn
|upkeep
|turn|46
|
|t:|1637280137
|move|p2a: Silvally|Multi-Attack|p1a: Audino
|-damage|p1a: Audino|12/100
|move|p1a: Audino|Wish|p1a: Audino
|
|-damage|p2a: Silvally|62/100 tox|[from] psn
|upkeep
|turn|47
|
|t:|1637280140
|move|p1a: Audino|Protect|p1a: Audino
|-singleturn|p1a: Audino|Protect
|move|p2a: Silvally|Roar|p1a: Audino
|drag|p1a: Sandaconda|Sandaconda, M|62/100
|-damage|p1a: Sandaconda|56/100|[from] Stealth Rock
|
|-heal|p1a: Sandaconda|100/100|[from] move: Wish|[wisher] Audino
|-damage|p2a: Silvally|44/100 tox|[from] psn
|upkeep
|turn|48
|
|t:|1637280146
|move|p2a: Silvally|Rest|p2a: Silvally
|-status|p2a: Silvally|slp|[from] move: Rest
|-heal|p2a: Silvally|100/100 slp|[silent]
|move|p1a: Sandaconda|Earthquake|p2a: Silvally
|-damage|p2a: Silvally|73/100 slp
|
|upkeep
|turn|49
|
|t:|1637280150
|switch|p1a: Audino|Audino, M|45/100
|cant|p2a: Silvally|slp
|move|p2a: Silvally|Sleep Talk|p2a: Silvally
|move|p2a: Silvally|Rest||[from]move: Sleep Talk|[still]
|-fail|p2a: Silvally
|
|upkeep
|turn|50
|
|t:|1637280158
|switch|p1a: Sandaconda|Sandaconda, M|100/100
|-damage|p1a: Sandaconda|94/100|[from] Stealth Rock
|cant|p2a: Silvally|slp
|move|p2a: Silvally|Sleep Talk|p2a: Silvally
|move|p2a: Silvally|Rest||[from]move: Sleep Talk|[still]
|-fail|p2a: Silvally
|
|upkeep
|turn|51
|
|t:|1637280167
|-curestatus|p2a: Silvally|slp|[msg]
|move|p2a: Silvally|Multi-Attack|p1a: Sandaconda
|-damage|p1a: Sandaconda|66/100
|-damage|p2a: Silvally|56/100|[from] item: Rocky Helmet|[of] p1a: Sandaconda
|move|p1a: Sandaconda|Earthquake|p2a: Silvally
|-damage|p2a: Silvally|26/100
|
|upkeep
|turn|52
|
|t:|1637280178
|switch|p1a: Audino|Audino, M|78/100
|move|p2a: Silvally|Rest|p2a: Silvally
|-status|p2a: Silvally|slp|[from] move: Rest
|-heal|p2a: Silvally|100/100 slp|[silent]
|
|upkeep
|turn|53
|
|t:|1637280182
|cant|p2a: Silvally|slp
|move|p2a: Silvally|Sleep Talk|p2a: Silvally
|move|p2a: Silvally|Rest||[from]move: Sleep Talk|[still]
|-fail|p2a: Silvally
|move|p1a: Audino|Wish|p1a: Audino
|
|upkeep
|turn|54
|
|t:|1637280186
|switch|p1a: Perrserker|Perrserker, F|31/100
|-damage|p1a: Perrserker|25/100|[from] Stealth Rock
|cant|p2a: Silvally|slp
|move|p2a: Silvally|Sleep Talk|p2a: Silvally
|move|p2a: Silvally|Roar|p1a: Perrserker|[from]move: Sleep Talk
|drag|p1a: Ribombee|Ribombee, M|77/100
|
|-heal|p1a: Ribombee|100/100|[from] move: Wish|[wisher] Audino
|upkeep
|turn|55
|
|t:|1637280197
|move|p1a: Ribombee|U-turn|p2a: Silvally
|-resisted|p2a: Silvally
|-damage|p2a: Silvally|95/100 slp
|
|t:|1637280199
|switch|p1a: Sandaconda|Sandaconda, M|66/100|[from]move: U-turn
|-damage|p1a: Sandaconda|60/100|[from] Stealth Rock
|-curestatus|p2a: Silvally|slp|[msg]
|move|p2a: Silvally|Multi-Attack|p1a: Sandaconda
|-damage|p1a: Sandaconda|28/100
|-damage|p2a: Silvally|79/100|[from] item: Rocky Helmet|[of] p1a: Sandaconda
|
|upkeep
|turn|56
|
|t:|1637280201
|move|p2a: Silvally|Multi-Attack|p1a: Sandaconda
|-damage|p1a: Sandaconda|0 fnt
|-damage|p2a: Silvally|62/100|[from] item: Rocky Helmet|[of] p1a: Sandaconda
|faint|p1a: Sandaconda
|
|upkeep
|
|t:|1637280203
|switch|p1a: Audino|Audino, M|100/100
|turn|57
|
|t:|1637280205
|move|p2a: Silvally|Multi-Attack|p1a: Audino
|-damage|p1a: Audino|56/100
|move|p1a: Audino|Wish|p1a: Audino
|
|upkeep
|turn|58
|
|t:|1637280225
|switch|p2a: Lunatone|Lunatone|60/100 tox
|-damage|p2a: Lunatone|47/100 tox|[from] Stealth Rock
|move|p1a: Audino|Toxic|p2a: Lunatone
|-fail|p2a: Lunatone|tox
|
|-heal|p1a: Audino|100/100|[from] move: Wish|[wisher] Audino
|-damage|p2a: Lunatone|41/100 tox|[from] psn
|upkeep
|turn|59
|
|t:|1637280230
|move|p2a: Lunatone|Future Sight|p1a: Audino
|-start|p2a: Lunatone|move: Future Sight
|move|p1a: Audino|Wish|p1a: Audino
|
|-damage|p2a: Lunatone|29/100 tox|[from] psn
|upkeep
|turn|60
|
|t:|1637280234
|switch|p2a: Silvally|Silvally-Fairy|62/100
|-damage|p2a: Silvally|50/100|[from] Stealth Rock
|move|p1a: Audino|Knock Off|p2a: Silvally
|-resisted|p2a: Silvally
|-damage|p2a: Silvally|46/100
|
|upkeep
|turn|61
|
|t:|1637280241
|move|p1a: Audino|Wish|p1a: Audino
|move|p2a: Silvally|Roar|p1a: Audino
|drag|p1a: Jellicent|Jellicent, M|10/100
|-damage|p1a: Jellicent|0 fnt|[from] Stealth Rock
|faint|p1a: Jellicent
|
|-hint|Future Sight did not hit because the target is fainted.
|upkeep
|
|t:|1637280246
|switch|p1a: Ribombee|Ribombee, M|100/100
|turn|62
|
|t:|1637280254
|switch|p2a: Stunfisk|Stunfisk-Galar, F|65/100
|-damage|p2a: Stunfisk|62/100|[from] Stealth Rock
|move|p1a: Ribombee|Moonblast|p2a: Stunfisk
|-resisted|p2a: Stunfisk
|-damage|p2a: Stunfisk|49/100
|
|upkeep
|turn|63
|
|t:|1637280257
|move|p1a: Ribombee|U-turn|p2a: Stunfisk
|-resisted|p2a: Stunfisk
|-damage|p2a: Stunfisk|44/100
|
|t:|1637280259
|switch|p1a: Audino|Audino, M|100/100|[from]move: U-turn
|move|p2a: Stunfisk|Stone Edge|p1a: Audino
|-damage|p1a: Audino|84/100
|
|upkeep
|turn|64
|
|t:|1637280262
|move|p1a: Audino|Wish|p1a: Audino
|move|p2a: Stunfisk|Earthquake|p1a: Audino
|-damage|p1a: Audino|56/100
|
|upkeep
|turn|65
|
|t:|1637280266
|move|p1a: Audino|Knock Off|p2a: Stunfisk
|-damage|p2a: Stunfisk|36/100
|move|p2a: Stunfisk|Earthquake|p1a: Audino
|-damage|p1a: Audino|31/100
|
|-heal|p1a: Audino|81/100|[from] move: Wish|[wisher] Audino
|upkeep
|turn|66
|
|t:|1637280278
|switch|p1a: Ribombee|Ribombee, M|100/100
|switch|p2a: Silvally|Silvally-Fairy|46/100
|-damage|p2a: Silvally|33/100|[from] Stealth Rock
|
|upkeep
|turn|67
|
|t:|1637280285
|switch|p2a: Stunfisk|Stunfisk-Galar, F|36/100
|-damage|p2a: Stunfisk|33/100|[from] Stealth Rock
|move|p1a: Ribombee|U-turn|p2a: Stunfisk
|-resisted|p2a: Stunfisk
|-damage|p2a: Stunfisk|28/100
|
|t:|1637280287
|switch|p1a: Perrserker|Perrserker, F|25/100|[from]move: U-turn
|-damage|p1a: Perrserker|19/100|[from] Stealth Rock
|
|upkeep
|turn|68
|
|t:|1637280291
|move|p2a: Stunfisk|Protect|p2a: Stunfisk
|-singleturn|p2a: Stunfisk|Protect
|move|p1a: Perrserker|Iron Head|p2a: Stunfisk
|-activate|p2a: Stunfisk|move: Protect
|
|upkeep
|turn|69
|inactive|one of the bouys has 120 seconds left.
|
|t:|1637280323
|switch|p2a: Flapple|Flapple, F|39/100
|-damage|p2a: Flapple|26/100|[from] Stealth Rock
|move|p1a: Perrserker|Iron Head|p2a: Flapple
|-damage|p2a: Flapple|0 fnt
|faint|p2a: Flapple
|
|upkeep
|
|t:|1637280324
|switch|p2a: Cramorant|Cramorant, M|83/100
|turn|70
|
|t:|1637280327
|switch|p1a: Audino|Audino, M|100/100
|move|p2a: Cramorant|Surf|p1a: Audino
|-formechange|p2a: Cramorant|Cramorant-Gulping|
|-damage|p1a: Audino|79/100
|
|upkeep
|turn|71
|
|t:|1637280330
|move|p2a: Cramorant|Hurricane|p1a: Audino
|-damage|p1a: Audino|50/100
|move|p1a: Audino|Knock Off|p2a: Cramorant
|-crit|p2a: Cramorant
|-damage|p2a: Cramorant|41/100
|-damage|p1a: Audino|25/100|[from] ability: Gulp Missile|[of] p2a: Cramorant
|-unboost|p1a: Audino|def|1
|-formechange|p2a: Cramorant|Cramorant|
|-enditem|p2a: Cramorant|Heavy-Duty Boots|[from] move: Knock Off|[of] p1a: Audino
|
|upkeep
|turn|72
|
|t:|1637280337
|switch|p1a: Perrserker|Perrserker, F|19/100
|-damage|p1a: Perrserker|13/100|[from] Stealth Rock
|move|p2a: Cramorant|Surf|p1a: Perrserker
|-formechange|p2a: Cramorant|Cramorant-Gorging|
|-damage|p1a: Perrserker|0 fnt
|faint|p1a: Perrserker
|
|upkeep
|inactive|SandboxMode has 120 seconds left.
|
|t:|1637280373
|switch|p1a: Ribombee|Ribombee, M|100/100
|turn|73
|
|t:|1637280378
|move|p1a: Ribombee|Moonblast|p2a: Cramorant
|-damage|p2a: Cramorant|0 fnt
|-damage|p1a: Ribombee|76/100|[from] ability: Gulp Missile|[of] p2a: Cramorant
|-status|p1a: Ribombee|par
|-formechange|p2a: Cramorant|Cramorant|
|faint|p2a: Cramorant
|
|upkeep
|c|☆SandboxMode|choked
|c|☆SandboxMode|gg
|c|☆one of the bouys|gg
|
|t:|1637280392
|switch|p2a: Silvally|Silvally-Fairy|33/100
|-damage|p2a: Silvally|21/100|[from] Stealth Rock
|turn|74
|
|t:|1637280396
|move|p2a: Silvally|Multi-Attack|p1a: Ribombee
|-damage|p1a: Ribombee|0 fnt
|faint|p1a: Ribombee
|
|upkeep
|
|t:|1637280399
|switch|p1a: Audino|Audino, M|58/100
|turn|75
|
|t:|1637280401
|move|p2a: Silvally|Multi-Attack|p1a: Audino
|-damage|p1a: Audino|15/100
|move|p1a: Audino|Toxic|p2a: Silvally
|-status|p2a: Silvally|tox
|
|-damage|p2a: Silvally|15/100 tox|[from] psn
|upkeep
|turn|76
|
|t:|1637280404
|move|p1a: Audino|Protect|p1a: Audino
|-singleturn|p1a: Audino|Protect
|move|p2a: Silvally|Rest|p2a: Silvally
|-status|p2a: Silvally|slp|[from] move: Rest
|-heal|p2a: Silvally|100/100 slp|[silent]
|
|upkeep
|turn|77
|
|t:|1637280406
|move|p1a: Audino|Protect|p1a: Audino
|-singleturn|p1a: Audino|Protect
|cant|p2a: Silvally|slp
|move|p2a: Silvally|Sleep Talk|p2a: Silvally
|move|p2a: Silvally|Rest||[from]move: Sleep Talk|[still]
|-fail|p2a: Silvally
|
|upkeep
|turn|78
|
|t:|1637280409
|cant|p2a: Silvally|slp
|move|p2a: Silvally|Sleep Talk|p2a: Silvally
|move|p2a: Silvally|Multi-Attack|p1a: Audino|[from]move: Sleep Talk
|-damage|p1a: Audino|0 fnt
|faint|p1a: Audino
|
|win|one of the bouys
|raw|SandboxMode's rating: 1182 &rarr; <strong>1176</strong><br />(-6 for losing)
|raw|one of the bouys's rating: 1515 &rarr; <strong>1520</strong><br />(+5 for winning)
|l|☆SandboxMode
||Ladder isn't responding, score probably updated but might not have (Request timeout).
