|j|☆yassy slay
|j|☆cafay sukray
|t:|1652788485
|gametype|singles
|player|p1|yassy slay|clown|1580
|player|p2|cafay sukray|swimmer-gen4dp|1502
|teamsize|p1|6
|teamsize|p2|6
|gen|8
|tier|[Gen 8] PU
|rated|
|rule|Sleep Clause Mod: Limit one foe put to sleep
|rule|Species Clause: Limit one of each Pokémon
|rule|OHKO Clause: OHKO moves are banned
|rule|Evasion Moves Clause: Evasion moves are banned
|rule|Endless Battle Clause: Forcing endless battles is banned
|rule|HP Percentage Mod: HP is shown in percentages
|rule|Dynamax Clause: You cannot dynamax
|clearpoke
|poke|p1|Lunatone|
|poke|p1|Scrafty, M|
|poke|p1|Aggron, F|
|poke|p1|Silvally-*|
|poke|p1|Gourgeist-*, F|
|poke|p1|Accelgor, M|
|poke|p2|Gourgeist-*, M|
|poke|p2|Regirock|
|poke|p2|Comfey, M|
|poke|p2|Charizard, F|
|poke|p2|Lurantis, M|
|poke|p2|Persian-Alola, F|
|teampreview
|
|t:|1652788500
|start
|switch|p1a: Accelgor|Accelgor, M|100/100
|switch|p2a: Regirock|Regirock|100/100
|turn|1
|c|☆cafay sukray|not accelgor xd
|
|t:|1652788505
|move|p1a: Accelgor|Toxic Spikes|p2a: Regirock
|-sidestart|p2: cafay sukray|move: Toxic Spikes
|move|p2a: Regirock|Rock Blast|p1a: Accelgor
|-supereffective|p1a: Accelgor
|-damage|p1a: Accelgor|78/100
|-supereffective|p1a: Accelgor
|-damage|p1a: Accelgor|56/100
|-supereffective|p1a: Accelgor
|-damage|p1a: Accelgor|33/100
|-hitcount|p1a: Accelgor|3
|
|upkeep
|turn|2
|
|t:|1652788524
|switch|p1a: Silvally|Silvally-Fairy|100/100
|move|p2a: Regirock|Rock Blast|p1a: Silvally
|-damage|p1a: Silvally|93/100
|-damage|p1a: Silvally|86/100
|-hitcount|p1a: Silvally|2
|
|upkeep
|turn|3
|
|t:|1652788545
|switch|p2a: Charizard|Charizard, F|100/100
|move|p1a: Silvally|Swords Dance|p1a: Silvally
|-boost|p1a: Silvally|atk|2
|
|upkeep
|turn|4
|
|t:|1652788552
|switch|p1a: Lunatone|Lunatone|100/100
|move|p2a: Charizard|Defog|p1a: Lunatone
|-unboost|p1a: Lunatone|evasion|1
|-sideend|p2: cafay sukray|Toxic Spikes|[from] move: Defog|[of] p2a: Charizard
|
|upkeep
|turn|5
|
|t:|1652788557
|switch|p2a: Regirock|Regirock|100/100
|move|p1a: Lunatone|Future Sight|p2a: Regirock
|-start|p1a: Lunatone|move: Future Sight
|
|upkeep
|turn|6
|
|t:|1652788561
|move|p1a: Lunatone|Earth Power|p2a: Regirock
|-supereffective|p2a: Regirock
|-damage|p2a: Regirock|63/100
|move|p2a: Regirock|Stealth Rock|p1a: Lunatone
|-sidestart|p1: yassy slay|move: Stealth Rock
|
|-heal|p2a: Regirock|69/100|[from] item: Leftovers
|upkeep
|turn|7
|
|t:|1652788575
|move|p1a: Lunatone|Power Gem|p2a: Regirock
|-crit|p2a: Regirock
|-damage|p2a: Regirock|30/100
|move|p2a: Regirock|Rest|p2a: Regirock
|-status|p2a: Regirock|slp|[from] move: Rest
|-heal|p2a: Regirock|100/100 slp|[silent]
|
|-end|p2a: Regirock|move: Future Sight
|-damage|p2a: Regirock|64/100 slp
|-heal|p2a: Regirock|70/100 slp|[from] item: Leftovers
|upkeep
|turn|8
|
|t:|1652788581
|switch|p2a: Lurantis|Lurantis, M|100/100
|move|p1a: Lunatone|Future Sight|p2a: Lurantis
|-start|p1a: Lunatone|move: Future Sight
|
|upkeep
|turn|9
|
|t:|1652788588
|switch|p1a: Gourgeist|Gourgeist-Super, F|100/100
|-item|p2a: Lurantis|Leftovers|[from] ability: Frisk|[of] p1a: Gourgeist|[identify]
|move|p2a: Lurantis|Leaf Storm|p1a: Gourgeist
|-resisted|p1a: Gourgeist
|-damage|p1a: Gourgeist|79/100
|-boost|p2a: Lurantis|spa|2
|
|upkeep
|turn|10
|
|t:|1652788591
|move|p1a: Gourgeist|Poltergeist|p2a: Lurantis
|-activate|p2a: Lurantis|move: Poltergeist|Leftovers
|-damage|p2a: Lurantis|58/100
|move|p2a: Lurantis|Synthesis|p2a: Lurantis
|-heal|p2a: Lurantis|100/100
|
|-end|p2a: Lurantis|move: Future Sight
|-damage|p2a: Lurantis|38/100
|-heal|p2a: Lurantis|44/100|[from] item: Leftovers
|upkeep
|turn|11
|
|t:|1652788620
|switch|p1a: Accelgor|Accelgor, M|33/100
|move|p2a: Lurantis|Synthesis|p2a: Lurantis
|-heal|p2a: Lurantis|94/100
|
|-heal|p2a: Lurantis|100/100|[from] item: Leftovers
|upkeep
|turn|12
|
|t:|1652788626
|move|p1a: Accelgor|Bug Buzz|p2a: Lurantis
|-supereffective|p2a: Lurantis
|-crit|p2a: Lurantis
|-damage|p2a: Lurantis|0 fnt
|faint|p2a: Lurantis
|
|upkeep
|c|☆cafay sukray|nooo
|c|☆cafay sukray|:(
|c|☆yassy slay|rip sorry
|c|☆cafay sukray|np
|
|t:|1652788646
|switch|p2a: Charizard|Charizard, F|100/100
|turn|13
|
|t:|1652788649
|switch|p1a: Lunatone|Lunatone|100/100
|-damage|p1a: Lunatone|88/100|[from] Stealth Rock
|move|p2a: Charizard|Toxic|p1a: Lunatone
|-status|p1a: Lunatone|tox
|
|-heal|p1a: Lunatone|94/100 tox|[from] item: Leftovers
|-damage|p1a: Lunatone|88/100 tox|[from] psn
|upkeep
|turn|14
|
|t:|1652788653
|switch|p2a: Comfey|Comfey, M|100/100
|move|p1a: Lunatone|Future Sight|p2a: Comfey
|-start|p1a: Lunatone|move: Future Sight
|
|-heal|p1a: Lunatone|94/100 tox|[from] item: Leftovers
|-damage|p1a: Lunatone|82/100 tox|[from] psn
|upkeep
|turn|15
|
|t:|1652788658
|switch|p1a: Aggron|Aggron, F|100/100
|-damage|p1a: Aggron|94/100|[from] Stealth Rock
|move|p2a: Comfey|Aromatherapy|p2a: Comfey
|-activate|p2a: Comfey|move: Aromatherapy
|-curestatus|p2: Regirock|slp|[msg]
|
|-heal|p1a: Aggron|100/100|[from] item: Leftovers
|upkeep
|turn|16
|
|t:|1652788667
|switch|p2a: Persian|Persian-Alola, F|100/100
|move|p1a: Aggron|Head Smash|p2a: Persian
|-damage|p2a: Persian|44/100
|
|-end|p2a: Persian|move: Future Sight
|-immune|p2a: Persian
|upkeep
|turn|17
|
|t:|1652788680
|move|p2a: Persian|Knock Off|p1a: Aggron
|-damage|p1a: Aggron|81/100
|-enditem|p1a: Aggron|Leftovers|[from] move: Knock Off|[of] p2a: Persian
|move|p1a: Aggron|Stealth Rock|p2a: Persian
|-sidestart|p2: cafay sukray|move: Stealth Rock
|
|upkeep
|turn|18
|
|t:|1652788701
|switch|p2a: Regirock|Regirock|70/100
|-damage|p2a: Regirock|58/100|[from] Stealth Rock
|move|p1a: Aggron|Head Smash|p2a: Regirock
|-damage|p2a: Regirock|28/100
|
|-heal|p2a: Regirock|34/100|[from] item: Leftovers
|upkeep
|turn|19
|c|☆cafay sukray|accelgor is like the perfect counter to lurantis
|
|t:|1652788744
|switch|p1a: Scrafty|Scrafty, M|100/100
|-damage|p1a: Scrafty|95/100|[from] Stealth Rock
|move|p2a: Regirock|Rock Blast|p1a: Scrafty
|-resisted|p1a: Scrafty
|-damage|p1a: Scrafty|89/100
|-resisted|p1a: Scrafty
|-damage|p1a: Scrafty|85/100
|-hitcount|p1a: Scrafty|2
|
|-heal|p1a: Scrafty|91/100|[from] item: Leftovers
|-heal|p2a: Regirock|40/100|[from] item: Leftovers
|upkeep
|turn|20
|
|t:|1652788756
|switch|p2a: Comfey|Comfey, M|100/100
|move|p1a: Scrafty|Close Combat|p2a: Comfey
|-resisted|p2a: Comfey
|-damage|p2a: Comfey|78/100
|-unboost|p1a: Scrafty|def|1
|-unboost|p1a: Scrafty|spd|1
|
|-heal|p1a: Scrafty|96/100|[from] item: Leftovers
|upkeep
|turn|21
|
|t:|1652788770
|switch|p1a: Aggron|Aggron, F|81/100
|-damage|p1a: Aggron|75/100|[from] Stealth Rock
|move|p2a: Comfey|Draining Kiss|p1a: Aggron
|-resisted|p1a: Aggron
|-crit|p1a: Aggron
|-damage|p1a: Aggron|65/100
|-heal|p2a: Comfey|87/100|[from] drain|[of] p1a: Aggron
|
|upkeep
|turn|22
|
|t:|1652788777
|switch|p2a: Regirock|Regirock|40/100
|-damage|p2a: Regirock|28/100|[from] Stealth Rock
|move|p1a: Aggron|Head Smash|p2a: Regirock
|-damage|p2a: Regirock|1/100
|
|-heal|p2a: Regirock|7/100|[from] item: Leftovers
|upkeep
|turn|23
|
|t:|1652788784
|move|p2a: Regirock|Rest|p2a: Regirock
|-status|p2a: Regirock|slp|[from] move: Rest
|-heal|p2a: Regirock|100/100 slp|[silent]
|move|p1a: Aggron|Body Press|p2a: Regirock
|-supereffective|p2a: Regirock
|-damage|p2a: Regirock|66/100 slp
|
|-heal|p2a: Regirock|72/100 slp|[from] item: Leftovers
|upkeep
|turn|24
|
|t:|1652788793
|cant|p2a: Regirock|slp
|move|p1a: Aggron|Body Press|p2a: Regirock
|-supereffective|p2a: Regirock
|-damage|p2a: Regirock|42/100 slp
|
|-heal|p2a: Regirock|48/100 slp|[from] item: Leftovers
|upkeep
|turn|25
|
|t:|1652788798
|cant|p2a: Regirock|slp
|move|p1a: Aggron|Body Press|p2a: Regirock
|-supereffective|p2a: Regirock
|-damage|p2a: Regirock|15/100 slp
|
|-heal|p2a: Regirock|21/100 slp|[from] item: Leftovers
|upkeep
|turn|26
|
|t:|1652788811
|switch|p1a: Accelgor|Accelgor, M|33/100
|-curestatus|p2a: Regirock|slp|[msg]
|move|p2a: Regirock|Rest|p2a: Regirock
|-status|p2a: Regirock|slp|[from] move: Rest
|-heal|p2a: Regirock|100/100 slp|[silent]
|
|upkeep
|turn|27
|
|t:|1652788815
|switch|p2a: Charizard|Charizard, F|100/100
|move|p1a: Accelgor|Recover|p1a: Accelgor
|-heal|p1a: Accelgor|83/100
|
|upkeep
|turn|28
|
|t:|1652788820
|switch|p1a: Lunatone|Lunatone|82/100 tox
|-damage|p1a: Lunatone|69/100 tox|[from] Stealth Rock
|move|p2a: Charizard|Flamethrower|p1a: Lunatone
|-resisted|p1a: Lunatone
|-crit|p1a: Lunatone
|-damage|p1a: Lunatone|40/100 tox
|
|-heal|p1a: Lunatone|46/100 tox|[from] item: Leftovers
|-damage|p1a: Lunatone|40/100 tox|[from] psn
|upkeep
|turn|29
|
|t:|1652788828
|move|p2a: Charizard|Flamethrower|p1a: Lunatone
|-resisted|p1a: Lunatone
|-damage|p1a: Lunatone|20/100 tox
|move|p1a: Lunatone|Moonlight|p1a: Lunatone
|-heal|p1a: Lunatone|70/100 tox
|
|-heal|p1a: Lunatone|76/100 tox|[from] item: Leftovers
|-damage|p1a: Lunatone|64/100 tox|[from] psn
|upkeep
|turn|30
|
|t:|1652788838
|switch|p2a: Comfey|Comfey, M|87/100
|move|p1a: Lunatone|Moonlight|p1a: Lunatone
|-heal|p1a: Lunatone|100/100 tox
|
|-damage|p1a: Lunatone|82/100 tox|[from] psn
|upkeep
|turn|31
|
|t:|1652788844
|switch|p1a: Accelgor|Accelgor, M|83/100
|move|p2a: Comfey|Calm Mind|p2a: Comfey
|-boost|p2a: Comfey|spa|1
|-boost|p2a: Comfey|spd|1
|
|upkeep
|turn|32
|
|t:|1652788851
|move|p1a: Accelgor|Toxic Spikes|p2a: Comfey
|-sidestart|p2: cafay sukray|move: Toxic Spikes
|move|p2a: Comfey|Calm Mind|p2a: Comfey
|-boost|p2a: Comfey|spa|1
|-boost|p2a: Comfey|spd|1
|
|upkeep
|turn|33
|
|t:|1652788855
|switch|p1a: Aggron|Aggron, F|65/100
|-damage|p1a: Aggron|59/100|[from] Stealth Rock
|move|p2a: Comfey|Draining Kiss|p1a: Aggron
|-resisted|p1a: Aggron
|-damage|p1a: Aggron|45/100
|-heal|p2a: Comfey|99/100|[from] drain|[of] p1a: Aggron
|
|upkeep
|turn|34
|
|t:|1652788861
|move|p2a: Comfey|Draining Kiss|p1a: Aggron
|-resisted|p1a: Aggron
|-damage|p1a: Aggron|30/100
|-heal|p2a: Comfey|100/100|[from] drain|[of] p1a: Aggron
|move|p1a: Aggron|Roar|p2a: Comfey
|drag|p2a: Charizard|Charizard, F|100/100
|
|upkeep
|turn|35
|
|t:|1652788871
|switch|p1a: Lunatone|Lunatone|82/100 tox
|-damage|p1a: Lunatone|69/100 tox|[from] Stealth Rock
|move|p2a: Charizard|Defog|p1a: Lunatone
|-unboost|p1a: Lunatone|evasion|1
|-sideend|p1: yassy slay|Stealth Rock|[from] move: Defog|[of] p2a: Charizard
|-sideend|p2: cafay sukray|Toxic Spikes|[from] move: Defog|[of] p2a: Charizard
|-sideend|p2: cafay sukray|Stealth Rock|[from] move: Defog|[of] p2a: Charizard
|
|-heal|p1a: Lunatone|76/100 tox|[from] item: Leftovers
|-damage|p1a: Lunatone|69/100 tox|[from] psn
|upkeep
|turn|36
|
|t:|1652788876
|switch|p2a: Comfey|Comfey, M|100/100
|move|p1a: Lunatone|Future Sight|p2a: Comfey
|-start|p1a: Lunatone|move: Future Sight
|
|-heal|p1a: Lunatone|76/100 tox|[from] item: Leftovers
|-damage|p1a: Lunatone|63/100 tox|[from] psn
|upkeep
|turn|37
|
|t:|1652788880
|switch|p1a: Silvally|Silvally-Fairy|86/100
|move|p2a: Comfey|Aromatherapy|p2a: Comfey
|-activate|p2a: Comfey|move: Aromatherapy
|-curestatus|p2: Regirock|slp|[msg]
|
|upkeep
|turn|38
|
|t:|1652788884
|switch|p2a: Charizard|Charizard, F|100/100
|move|p1a: Silvally|Swords Dance|p1a: Silvally
|-boost|p1a: Silvally|atk|2
|
|-end|p2a: Charizard|move: Future Sight
|-damage|p2a: Charizard|39/100
|upkeep
|turn|39
|
|t:|1652788888
|move|p2a: Charizard|Toxic|p1a: Silvally
|-status|p1a: Silvally|tox
|move|p1a: Silvally|Swords Dance|p1a: Silvally
|-boost|p1a: Silvally|atk|2
|
|-damage|p1a: Silvally|80/100 tox|[from] psn
|upkeep
|turn|40
|
|t:|1652788907
|move|p2a: Charizard|Roost|p2a: Charizard
|-heal|p2a: Charizard|90/100
|-singleturn|p2a: Charizard|move: Roost
|move|p1a: Silvally|Multi-Attack|p2a: Charizard
|-resisted|p2a: Charizard
|-damage|p2a: Charizard|27/100
|
|-damage|p1a: Silvally|68/100 tox|[from] psn
|upkeep
|turn|41
|
|t:|1652788920
|move|p2a: Charizard|Flamethrower|p1a: Silvally
|-damage|p1a: Silvally|24/100 tox
|move|p1a: Silvally|Rest|p1a: Silvally
|-status|p1a: Silvally|slp|[from] move: Rest
|-heal|p1a: Silvally|100/100 slp|[silent]
|
|upkeep
|turn|42
|
|t:|1652788928
|move|p2a: Charizard|Flamethrower|p1a: Silvally
|-damage|p1a: Silvally|56/100 slp
|cant|p1a: Silvally|slp
|move|p1a: Silvally|Sleep Talk|p1a: Silvally
|move|p1a: Silvally|Rest||[from]move: Sleep Talk|[still]
|-fail|p1a: Silvally
|
|upkeep
|turn|43
|
|t:|1652788932
|move|p2a: Charizard|Flamethrower|p1a: Silvally
|-damage|p1a: Silvally|10/100 slp
|cant|p1a: Silvally|slp
|move|p1a: Silvally|Sleep Talk|p1a: Silvally
|move|p1a: Silvally|Rest||[from]move: Sleep Talk|[still]
|-fail|p1a: Silvally
|
|upkeep
|turn|44
|c|☆cafay sukray|mb
|
|t:|1652788940
|switch|p1a: Lunatone|Lunatone|63/100 tox
|move|p2a: Charizard|Flamethrower|p1a: Lunatone
|-resisted|p1a: Lunatone
|-damage|p1a: Lunatone|31/100 tox
|
|-heal|p1a: Lunatone|37/100 tox|[from] item: Leftovers
|-damage|p1a: Lunatone|31/100 tox|[from] psn
|upkeep
|turn|45
|
|t:|1652788945
|move|p2a: Charizard|Flamethrower|p1a: Lunatone
|-resisted|p1a: Lunatone
|-damage|p1a: Lunatone|0 fnt
|faint|p1a: Lunatone
|
|upkeep
|c|☆cafay sukray|that was lucky
|
|t:|1652788950
|switch|p1a: Accelgor|Accelgor, M|83/100
|turn|46
|c|☆yassy slay|no worries
|
|t:|1652788959
|move|p1a: Accelgor|Knock Off|p2a: Charizard
|-damage|p2a: Charizard|11/100
|-enditem|p2a: Charizard|Heavy-Duty Boots|[from] move: Knock Off|[of] p1a: Accelgor
|move|p2a: Charizard|Flamethrower|p1a: Accelgor
|-supereffective|p1a: Accelgor
|-damage|p1a: Accelgor|0 fnt
|faint|p1a: Accelgor
|
|upkeep
|
|t:|1652788962
|switch|p1a: Gourgeist|Gourgeist-Super, F|79/100
|turn|47
|
|t:|1652788967
|switch|p2a: Persian|Persian-Alola, F|44/100
|move|p1a: Gourgeist|Shadow Sneak|p2a: Persian
|-resisted|p2a: Persian
|-crit|p2a: Persian
|-damage|p2a: Persian|31/100
|
|upkeep
|turn|48
|
|t:|1652788972
|switch|p1a: Scrafty|Scrafty, M|96/100
|move|p2a: Persian|Switcheroo|p1a: Scrafty
|-activate|p2a: Persian|move: Trick|[of] p1a: Scrafty
|-item|p1a: Scrafty|Choice Scarf|[from] move: Switcheroo
|-item|p2a: Persian|Leftovers|[from] move: Switcheroo
|
|-heal|p2a: Persian|37/100|[from] item: Leftovers
|upkeep
|turn|49
|
|t:|1652788979
|switch|p2a: Gourgeist|Gourgeist-Large, M|100/100
|-item|p1a: Scrafty|Choice Scarf|[from] ability: Frisk|[of] p2a: Gourgeist|[identify]
|move|p1a: Scrafty|Close Combat|p2a: Gourgeist
|-immune|p2a: Gourgeist
|
|upkeep
|turn|50
|
|t:|1652788984
|switch|p1a: Aggron|Aggron, F|30/100
|move|p2a: Gourgeist|Substitute|p2a: Gourgeist
|-start|p2a: Gourgeist|Substitute
|-damage|p2a: Gourgeist|76/100
|
|upkeep
|turn|51
|
|t:|1652788991
|move|p2a: Gourgeist|Giga Drain|p1a: Aggron
|-damage|p1a: Aggron|3/100
|-heal|p2a: Gourgeist|91/100|[from] drain|[of] p1a: Aggron
|move|p1a: Aggron|Roar|p2a: Gourgeist
|drag|p2a: Charizard|Charizard, F|11/100
|
|upkeep
|turn|52
|
|t:|1652788995
|move|p2a: Charizard|Flamethrower|p1a: Aggron
|-damage|p1a: Aggron|0 fnt
|faint|p1a: Aggron
|
|upkeep
|
|t:|1652789004
|switch|p1a: Gourgeist|Gourgeist-Super, F|79/100
|turn|53
|
|t:|1652789009
|switch|p2a: Regirock|Regirock|100/100
|move|p1a: Gourgeist|Shadow Sneak|p2a: Regirock
|-damage|p2a: Regirock|90/100
|
|-heal|p2a: Regirock|96/100|[from] item: Leftovers
|upkeep
|turn|54
|
|t:|1652789018
|switch|p1a: Silvally|Silvally-Fairy|10/100 slp
|move|p2a: Regirock|Stealth Rock|p1a: Silvally
|-sidestart|p1: yassy slay|move: Stealth Rock
|
|-heal|p2a: Regirock|100/100|[from] item: Leftovers
|upkeep
|turn|55
|
|t:|1652789031
|switch|p2a: Persian|Persian-Alola, F|37/100
|-curestatus|p1a: Silvally|slp|[msg]
|move|p1a: Silvally|Rest|p1a: Silvally
|-status|p1a: Silvally|slp|[from] move: Rest
|-heal|p1a: Silvally|100/100 slp|[silent]
|
|-heal|p2a: Persian|44/100|[from] item: Leftovers
|upkeep
|turn|56
|
|t:|1652789033
|move|p2a: Persian|Gunk Shot|p1a: Silvally|[miss]
|-miss|p2a: Persian|p1a: Silvally
|cant|p1a: Silvally|slp
|move|p1a: Silvally|Sleep Talk|p1a: Silvally
|move|p1a: Silvally|Swords Dance|p1a: Silvally|[from]move: Sleep Talk
|-boost|p1a: Silvally|atk|2
|
|-heal|p2a: Persian|50/100|[from] item: Leftovers
|upkeep
|turn|57
|
|t:|1652789036
|move|p2a: Persian|Gunk Shot|p1a: Silvally
|-supereffective|p1a: Silvally
|-damage|p1a: Silvally|60/100 slp
|cant|p1a: Silvally|slp
|move|p1a: Silvally|Sleep Talk|p1a: Silvally
|move|p1a: Silvally|Multi-Attack|p2a: Persian|[from]move: Sleep Talk
|-supereffective|p2a: Persian
|-damage|p2a: Persian|0 fnt
|faint|p2a: Persian
|
|upkeep
|c|☆cafay sukray|oof
|c|☆cafay sukray|I think I lose
|
|t:|1652789053
|switch|p2a: Charizard|Charizard, F|11/100
|turn|58
|c|☆yassy slay|i think d kiss will kill after fthrower
|
|t:|1652789057
|move|p2a: Charizard|Flamethrower|p1a: Silvally
|-damage|p1a: Silvally|13/100 slp
|-curestatus|p1a: Silvally|slp|[msg]
|move|p1a: Silvally|Multi-Attack|p2a: Charizard
|-resisted|p2a: Charizard
|-damage|p2a: Charizard|0 fnt
|faint|p2a: Charizard
|
|upkeep
|c|☆cafay sukray|nah
|
|t:|1652789060
|switch|p2a: Comfey|Comfey, M|100/100
|turn|59
|
|t:|1652789065
|move|p2a: Comfey|Draining Kiss|p1a: Silvally
|-damage|p1a: Silvally|0 fnt
|faint|p1a: Silvally
|
|upkeep
|c|☆cafay sukray|nvm
|
|t:|1652789070
|switch|p1a: Gourgeist|Gourgeist-Super, F|79/100
|-item|p2a: Comfey|Heavy-Duty Boots|[from] ability: Frisk|[of] p1a: Gourgeist|[identify]
|turn|60
|
|t:|1652789077
|move|p2a: Comfey|Calm Mind|p2a: Comfey
|-boost|p2a: Comfey|spa|1
|-boost|p2a: Comfey|spd|1
|move|p1a: Gourgeist|Power Whip|p2a: Comfey|[miss]
|-miss|p1a: Gourgeist|p2a: Comfey
|
|upkeep
|turn|61
|
|t:|1652789081
|move|p2a: Comfey|Calm Mind|p2a: Comfey
|-boost|p2a: Comfey|spa|1
|-boost|p2a: Comfey|spd|1
|move|p1a: Gourgeist|Power Whip|p2a: Comfey|[miss]
|-miss|p1a: Gourgeist|p2a: Comfey
|
|upkeep
|turn|62
|
|t:|1652789085
|move|p2a: Comfey|Calm Mind|p2a: Comfey
|-boost|p2a: Comfey|spa|1
|-boost|p2a: Comfey|spd|1
|move|p1a: Gourgeist|Power Whip|p2a: Comfey
|-damage|p2a: Comfey|51/100
|
|upkeep
|turn|63
|c|☆cafay sukray|:(
|
|t:|1652789098
|move|p2a: Comfey|Draining Kiss|p1a: Gourgeist
|-damage|p1a: Gourgeist|39/100
|-heal|p2a: Comfey|86/100|[from] drain|[of] p1a: Gourgeist
|move|p1a: Gourgeist|Power Whip|p2a: Comfey
|-damage|p2a: Comfey|33/100
|
|upkeep
|turn|64
|
|t:|1652789102
|move|p2a: Comfey|Draining Kiss|p1a: Gourgeist
|-damage|p1a: Gourgeist|0 fnt
|-heal|p2a: Comfey|67/100|[from] drain|[of] p1a: Gourgeist
|faint|p1a: Gourgeist
|
|upkeep
|
|t:|1652789105
|switch|p1a: Scrafty|Scrafty, M|96/100
|-damage|p1a: Scrafty|91/100|[from] Stealth Rock
|turn|65
|
|t:|1652789106
|move|p2a: Comfey|Draining Kiss|p1a: Scrafty
|-supereffective|p1a: Scrafty
|-damage|p1a: Scrafty|0 fnt
|-heal|p2a: Comfey|100/100|[from] drain|[of] p1a: Scrafty
|faint|p1a: Scrafty
|
|win|cafay sukray
|raw|yassy slay's rating: 1580 &rarr; <strong>1556</strong><br />(-24 for losing)
|raw|cafay sukray's rating: 1502 &rarr; <strong>1526</strong><br />(+24 for winning)
|c|☆yassy slay|gg
|c|☆cafay sukray|gg ig
