|raw|<div class="broadcast-blue"><strong>This battle is required to be public due to a player having a name starting with 'pult4c1'.</div>
|j|☆PULT4C1 Inder
|j|☆SchizoLab
|t:|1660577469
|gametype|singles
|player|p1|PULT4C1 Inder|lyra|1408
|player|p2|SchizoLab|266|1503
|teamsize|p1|6
|teamsize|p2|6
|gen|8
|tier|[Gen 8] PU
|rated|
|rule|Sleep Clause Mod: Limit one foe put to sleep
|rule|Species Clause: Limit one of each Pokémon
|rule|OHKO Clause: OHKO moves are banned
|rule|Evasion Items Clause: Evasion items are banned
|rule|Evasion Moves Clause: Evasion moves are banned
|rule|Endless Battle Clause: Forcing endless battles is banned
|rule|HP Percentage Mod: HP is shown in percentages
|rule|Dynamax Clause: You cannot dynamax
|clearpoke
|poke|p1|Doublade, M|
|poke|p1|Vikavolt, F|
|poke|p1|Archeops, M|
|poke|p1|Silvally-*|
|poke|p1|Turtonator, M|
|poke|p1|Druddigon, F|
|poke|p2|Abomasnow, F|
|poke|p2|Scyther, F|
|poke|p2|Rotom-Frost|
|poke|p2|Lanturn, M|
|poke|p2|Clefairy, M|
|poke|p2|Claydol|
|teampreview
|inactive|Battle timer is ON: inactive players will automatically lose when time's up. (requested by PULT4C1 Inder)
|c|☆SchizoLab|mdrr
|c|☆SchizoLab|hf
|c|☆SchizoLab|ah y'a indercringer
|c|☆SchizoLab|viens conversation toi
|c|☆SchizoLab|conv*
|c|☆SchizoLab|j'arrive
|
|t:|1660577499
|start
|switch|p1a: Druddigon|Druddigon, F|100/100
|switch|p2a: Rotom|Rotom-Frost|100/100
|-ability|p1a: Druddigon|Mold Breaker
|turn|1
|
|t:|1660577522
|move|p2a: Rotom|Volt Switch|p1a: Druddigon
|-resisted|p1a: Druddigon
|-damage|p1a: Druddigon|81/100
|
|t:|1660577523
|switch|p2a: Abomasnow|Abomasnow, F|100/100|[from]move: Volt Switch
|-weather|Hail|[from] ability: Snow Warning|[of] p2a: Abomasnow
|move|p1a: Druddigon|Stealth Rock|p2a: Abomasnow
|-sidestart|p2: SchizoLab|move: Stealth Rock
|
|-weather|Hail|[upkeep]
|-damage|p1a: Druddigon|75/100|[from] Hail
|upkeep
|turn|2
|
|t:|1660577528
|move|p2a: Abomasnow|Blizzard|p1a: Druddigon
|-supereffective|p1a: Druddigon
|-damage|p1a: Druddigon|0 fnt
|faint|p1a: Druddigon
|
|-weather|Hail|[upkeep]
|upkeep
|
|t:|1660577534
|switch|p1a: Archeops|Archeops, M|100/100
|turn|3
|
|t:|1660577541
|switch|p2a: Claydol|Claydol|100/100
|-damage|p2a: Claydol|94/100|[from] Stealth Rock
|move|p1a: Archeops|Meteor Beam||[still]
|-prepare|p1a: Archeops|Meteor Beam
|-boost|p1a: Archeops|spa|1
|-enditem|p1a: Archeops|Power Herb
|-anim|p1a: Archeops|Meteor Beam|p2a: Claydol
|-resisted|p2a: Claydol
|-damage|p2a: Claydol|59/100
|
|-weather|Hail|[upkeep]
|-damage|p1a: Archeops|94/100|[from] Hail
|-damage|p2a: Claydol|53/100|[from] Hail
|upkeep
|turn|4
|
|t:|1660577550
|move|p1a: Archeops|Air Slash|p2a: Claydol
|-damage|p2a: Claydol|8/100
|cant|p2a: Claydol|flinch
|
|-weather|Hail|[upkeep]
|-damage|p1a: Archeops|88/100|[from] Hail
|-damage|p2a: Claydol|1/100|[from] Hail
|upkeep
|turn|5
|
|t:|1660577558
|move|p1a: Archeops|Heat Wave|p2a: Claydol
|-crit|p2a: Claydol
|-damage|p2a: Claydol|0 fnt
|faint|p2a: Claydol
|
|-weather|none
|upkeep
|
|t:|1660577560
|switch|p2a: Rotom|Rotom-Frost|100/100
|-damage|p2a: Rotom|76/100|[from] Stealth Rock
|turn|6
|j| Generation10
|
|t:|1660577579
|move|p2a: Rotom|Volt Switch|p1a: Archeops
|-supereffective|p1a: Archeops
|-damage|p1a: Archeops|0 fnt
|faint|p1a: Archeops
|
|t:|1660577586
|switch|p2a: Abomasnow|Abomasnow, F|100/100|[from]move: Volt Switch
|-damage|p2a: Abomasnow|76/100|[from] Stealth Rock
|-weather|Hail|[from] ability: Snow Warning|[of] p2a: Abomasnow
|
|-weather|Hail|[upkeep]
|upkeep
|l| Generation10
|
|t:|1660577591
|switch|p1a: Silvally|Silvally-Fairy|100/100
|turn|7
|
|t:|1660577595
|move|p1a: Silvally|Flame Charge|p2a: Abomasnow
|-supereffective|p2a: Abomasnow
|-damage|p2a: Abomasnow|3/100
|-boost|p1a: Silvally|spe|1
|move|p2a: Abomasnow|Blizzard|p1a: Silvally
|-damage|p1a: Silvally|15/100
|-status|p1a: Silvally|frz
|
|-weather|Hail|[upkeep]
|-damage|p1a: Silvally|9/100 frz|[from] Hail
|upkeep
|turn|8
|
|t:|1660577601
|cant|p1a: Silvally|frz
|move|p2a: Abomasnow|Blizzard|p1a: Silvally
|-damage|p1a: Silvally|0 fnt
|faint|p1a: Silvally
|
|-weather|Hail|[upkeep]
|upkeep
|
|t:|1660577605
|switch|p1a: Doublade|Doublade, M|100/100
|turn|9
|
|t:|1660577607
|move|p1a: Doublade|Shadow Sneak|p2a: Abomasnow
|-damage|p2a: Abomasnow|0 fnt
|faint|p2a: Abomasnow
|
|-weather|Hail|[upkeep]
|-damage|p1a: Doublade|94/100|[from] Hail
|upkeep
|
|t:|1660577611
|switch|p2a: Lanturn|Lanturn, M|100/100
|-damage|p2a: Lanturn|88/100|[from] Stealth Rock
|turn|10
|
|t:|1660577616
|switch|p1a: Vikavolt|Vikavolt, F|100/100
|move|p2a: Lanturn|Scald|p1a: Vikavolt
|-damage|p1a: Vikavolt|66/100
|-status|p1a: Vikavolt|brn
|
|-weather|none
|-heal|p2a: Lanturn|94/100|[from] item: Leftovers
|-damage|p1a: Vikavolt|60/100 brn|[from] brn
|upkeep
|turn|11
|
|t:|1660577620
|move|p1a: Vikavolt|Bug Buzz|p2a: Lanturn
|-damage|p2a: Lanturn|46/100
|-enditem|p1a: Vikavolt|Throat Spray
|-boost|p1a: Vikavolt|spa|1|[from] item: Throat Spray
|move|p2a: Lanturn|Scald|p1a: Vikavolt
|-damage|p1a: Vikavolt|26/100 brn
|
|-heal|p2a: Lanturn|52/100|[from] item: Leftovers
|-damage|p1a: Vikavolt|20/100 brn|[from] brn
|upkeep
|turn|12
|
|t:|1660577635
|switch|p2a: Clefairy|Clefairy, M|100/100
|move|p1a: Vikavolt|Thunderbolt|p2a: Clefairy
|-damage|p2a: Clefairy|44/100
|-status|p2a: Clefairy|par
|
|-damage|p1a: Vikavolt|14/100 brn|[from] brn
|upkeep
|turn|13
|
|t:|1660577641
|move|p1a: Vikavolt|Thunderbolt|p2a: Clefairy
|-damage|p2a: Clefairy|0 fnt
|faint|p2a: Clefairy
|
|-damage|p1a: Vikavolt|8/100 brn|[from] brn
|upkeep
|
|t:|1660577644
|switch|p2a: Scyther|Scyther, F|100/100
|turn|14
|
|t:|1660577650
|move|p2a: Scyther|U-turn|p1a: Vikavolt
|-damage|p1a: Vikavolt|0 fnt
|faint|p1a: Vikavolt
|
|t:|1660577656
|switch|p2a: Rotom|Rotom-Frost|76/100|[from]move: U-turn
|-damage|p2a: Rotom|51/100|[from] Stealth Rock
|
|upkeep
|
|t:|1660577670
|switch|p1a: Turtonator|Turtonator, M|100/100
|turn|15
|
|t:|1660577673
|move|p2a: Rotom|Trick|p1a: Turtonator
|-activate|p2a: Rotom|move: Trick|[of] p1a: Turtonator
|-item|p1a: Turtonator|Choice Scarf|[from] move: Trick
|-item|p2a: Rotom|Heavy-Duty Boots|[from] move: Trick
|move|p1a: Turtonator|Flamethrower|p2a: Rotom
|-supereffective|p2a: Rotom
|-damage|p2a: Rotom|0 fnt
|faint|p2a: Rotom
|
|upkeep
|
|t:|1660577676
|switch|p2a: Lanturn|Lanturn, M|52/100
|-damage|p2a: Lanturn|40/100|[from] Stealth Rock
|turn|16
|
|t:|1660577679
|move|p1a: Turtonator|Flamethrower|p2a: Lanturn
|-resisted|p2a: Lanturn
|-damage|p2a: Lanturn|23/100
|move|p2a: Lanturn|Scald|p1a: Turtonator
|-damage|p1a: Turtonator|66/100
|
|-heal|p2a: Lanturn|29/100|[from] item: Leftovers
|upkeep
|turn|17
|
|t:|1660577686
|move|p1a: Turtonator|Flamethrower|p2a: Lanturn
|-resisted|p2a: Lanturn
|-damage|p2a: Lanturn|11/100
|move|p2a: Lanturn|Scald|p1a: Turtonator
|-damage|p1a: Turtonator|33/100
|
|-heal|p2a: Lanturn|17/100|[from] item: Leftovers
|upkeep
|turn|18
|j|+avarice
|
|t:|1660577693
|move|p1a: Turtonator|Flamethrower|p2a: Lanturn
|-resisted|p2a: Lanturn
|-damage|p2a: Lanturn|0 fnt
|faint|p2a: Lanturn
|
|upkeep
|
|t:|1660577695
|switch|p2a: Scyther|Scyther, F|100/100
|turn|19
|
|t:|1660577698
|move|p2a: Scyther|Dual Wingbeat|p1a: Turtonator
|-damage|p1a: Turtonator|6/100
|-damage|p1a: Turtonator|0 fnt
|faint|p1a: Turtonator
|-hitcount|p1: Turtonator|2
|
|upkeep
|
|t:|1660577702
|switch|p1a: Doublade|Doublade, M|94/100
|turn|20
|
|t:|1660577704
|move|p2a: Scyther|Knock Off|p1a: Doublade
|-supereffective|p1a: Doublade
|-damage|p1a: Doublade|63/100
|-enditem|p1a: Doublade|Eviolite|[from] move: Knock Off|[of] p2a: Scyther
|move|p1a: Doublade|Swords Dance|p1a: Doublade
|-boost|p1a: Doublade|atk|2
|
|upkeep
|turn|21
|
|t:|1660577706
|move|p2a: Scyther|Knock Off|p1a: Doublade
|-supereffective|p1a: Doublade
|-damage|p1a: Doublade|32/100
|move|p1a: Doublade|Shadow Claw|p2a: Scyther
|-damage|p2a: Scyther|0 fnt
|faint|p2a: Scyther
|
|win|PULT4C1 Inder
|raw|PULT4C1 Inder's rating: 1408 &rarr; <strong>1433</strong><br />(+25 for winning)
|raw|SchizoLab's rating: 1503 &rarr; <strong>1478</strong><br />(-25 for losing)
|c|☆SchizoLab|gg
|c|☆PULT4C1 Inder|gg
|l|+avarice
