|j|☆mefrog
|j|☆Uberfiend
|t:|1615728203
|player|p1|mefrog|veteran|1469
|player|p2|Uberfiend|pokefan-gen4|1495
|teamsize|p1|6
|teamsize|p2|6
|gametype|singles
|gen|8
|tier|[Gen 8] PU
|rated|
|clearpoke
|poke|p1|Jolteon, F|
|poke|p1|Hitmonlee, M|
|poke|p1|Pincurchin, F|
|poke|p1|Whimsicott, F|
|poke|p1|Silvally-*|
|poke|p1|Kabutops, M|
|poke|p2|Alcremie-Mint-Cream, F|
|poke|p2|Accelgor, M|
|poke|p2|Galvantula, M|
|poke|p2|Silvally-*|
|poke|p2|Hitmontop, M|
|poke|p2|Braviary, M|
|rule|Sleep Clause Mod: Limit one foe put to sleep
|rule|Species Clause: Limit one of each Pokémon
|rule|OHKO Clause: OHKO moves are banned
|rule|Evasion Moves Clause: Evasion moves are banned
|rule|Endless Battle Clause: Forcing endless battles is banned
|rule|HP Percentage Mod: HP is shown in percentages
|rule|Dynamax Clause: You cannot dynamax
|teampreview
|
|t:|1615728214
|start
|switch|p1a: Pincurchin|Pincurchin, F|100/100
|switch|p2a: Tatsumaki 🤸‍♂️|Hitmontop, M|100/100
|-fieldstart|move: Electric Terrain|[from] ability: Electric Surge|[of] p1a: Pincurchin
|turn|1
|
|t:|1615728222
|move|p2a: Tatsumaki 🤸‍♂️|Bulldoze|p1a: Pincurchin
|-supereffective|p1a: Pincurchin
|-damage|p1a: Pincurchin|54/100
|-unboost|p1a: Pincurchin|spe|1
|move|p1a: Pincurchin|Rising Voltage|p2a: Tatsumaki 🤸‍♂️
|-damage|p2a: Tatsumaki 🤸‍♂️|60/100
|
|upkeep
|turn|2
|
|t:|1615728232
|move|p2a: Tatsumaki 🤸‍♂️|Triple Axel|p1a: Pincurchin
|-damage|p1a: Pincurchin|45/100
|-damage|p1a: Pincurchin|29/100
|-damage|p1a: Pincurchin|4/100
|-hitcount|p1a: Pincurchin|3
|move|p1a: Pincurchin|Spikes|p2a: Tatsumaki 🤸‍♂️
|-sidestart|p2: Uberfiend|Spikes
|
|upkeep
|turn|3
|
|t:|1615728242
|switch|p1a: Silvally|Silvally-Poison|100/100
|move|p2a: Tatsumaki 🤸‍♂️|Rapid Spin|p1a: Silvally
|-damage|p1a: Silvally|76/100
|-boost|p2a: Tatsumaki 🤸‍♂️|spe|1
|-sideend|p2: Uberfiend|Spikes|[from] move: Rapid Spin|[of] p2a: Tatsumaki 🤸‍♂️
|
|upkeep
|turn|4
|
|t:|1615728256
|move|p2a: Tatsumaki 🤸‍♂️|Bulldoze|p1a: Silvally
|-supereffective|p1a: Silvally
|-damage|p1a: Silvally|24/100
|-unboost|p1a: Silvally|spe|1
|move|p1a: Silvally|Parting Shot|p2a: Tatsumaki 🤸‍♂️
|-unboost|p2a: Tatsumaki 🤸‍♂️|atk|1
|-unboost|p2a: Tatsumaki 🤸‍♂️|spa|1
|inactive|Battle timer is ON: inactive players will automatically lose when time's up. (requested by Uberfiend)
|
|t:|1615728279
|switch|p1a: Whimsicott|Whimsicott, F|100/100|[from]move: Parting Shot
|
|upkeep
|turn|5
|
|t:|1615728286
|switch|p2a: 👓🧣🕸|Galvantula, M|100/100
|move|p1a: Whimsicott|Moonblast|p2a: 👓🧣🕸
|-damage|p2a: 👓🧣🕸|39/100
|
|upkeep
|turn|6
|
|t:|1615728292
|move|p1a: Whimsicott|Moonblast|p2a: 👓🧣🕸
|-damage|p2a: 👓🧣🕸|0 fnt
|faint|p2a: 👓🧣🕸
|
|upkeep
|
|t:|1615728299
|switch|p2a: Silvally–Flying|Silvally-Steel|100/100
|turn|7
|
|t:|1615728311
|switch|p1a: Jolteon|Jolteon, F|100/100
|move|p2a: Silvally–Flying|Flame Charge|p1a: Jolteon
|-damage|p1a: Jolteon|71/100
|-boost|p2a: Silvally–Flying|spe|1
|
|upkeep
|turn|8
|
|t:|1615728316
|move|p2a: Silvally–Flying|Flame Charge|p1a: Jolteon
|-damage|p1a: Jolteon|41/100
|-boost|p2a: Silvally–Flying|spe|1
|move|p1a: Jolteon|Rising Voltage|p2a: Silvally–Flying
|-damage|p2a: Silvally–Flying|0 fnt
|faint|p2a: Silvally–Flying
|
|-fieldend|move: Electric Terrain
|upkeep
|
|t:|1615728325
|switch|p2a: Tatsumaki 🤸‍♂️|Hitmontop, M|60/100
|turn|9
|
|t:|1615728332
|move|p1a: Jolteon|Rising Voltage|p2a: Tatsumaki 🤸‍♂️
|-damage|p2a: Tatsumaki 🤸‍♂️|29/100
|move|p2a: Tatsumaki 🤸‍♂️|Rapid Spin|p1a: Jolteon
|-damage|p1a: Jolteon|0 fnt
|-boost|p2a: Tatsumaki 🤸‍♂️|spe|1
|faint|p1a: Jolteon
|
|upkeep
|
|t:|1615728338
|switch|p1a: Whimsicott|Whimsicott, F|100/100
|turn|10
|
|t:|1615728344
|move|p1a: Whimsicott|Moonblast|p2a: Tatsumaki 🤸‍♂️
|-supereffective|p2a: Tatsumaki 🤸‍♂️
|-crit|p2a: Tatsumaki 🤸‍♂️
|-damage|p2a: Tatsumaki 🤸‍♂️|0 fnt
|faint|p2a: Tatsumaki 🤸‍♂️
|
|upkeep
|
|t:|1615728348
|switch|p2a: Jussie smooyahh|Braviary, M|100/100
|turn|11
|
|t:|1615728359
|switch|p1a: Pincurchin|Pincurchin, F|4/100
|-fieldstart|move: Electric Terrain|[from] ability: Electric Surge|[of] p1a: Pincurchin
|move|p2a: Jussie smooyahh|Brave Bird|p1a: Pincurchin
|-resisted|p1a: Pincurchin
|-damage|p1a: Pincurchin|0 fnt
|-damage|p2a: Jussie smooyahh|99/100|[from] Recoil
|-damage|p2a: Jussie smooyahh|90/100|[from] item: Life Orb
|faint|p1a: Pincurchin
|
|upkeep
|
|t:|1615728369
|switch|p1a: Whimsicott|Whimsicott, F|100/100
|turn|12
|
|t:|1615728375
|switch|p1a: Silvally|Silvally-Poison|24/100
|move|p2a: Jussie smooyahh|Brave Bird|p1a: Silvally
|-damage|p1a: Silvally|0 fnt
|-damage|p2a: Jussie smooyahh|82/100|[from] Recoil
|-damage|p2a: Jussie smooyahh|72/100|[from] item: Life Orb
|faint|p1a: Silvally
|
|upkeep
|
|t:|1615728388
|switch|p1a: Hitmonlee|Hitmonlee, M|100/100
|-enditem|p1a: Hitmonlee|Electric Seed
|-boost|p1a: Hitmonlee|def|1|[from] item: Electric Seed
|turn|13
|
|t:|1615728395
|move|p1a: Hitmonlee|Close Combat|p2a: Jussie smooyahh
|-damage|p2a: Jussie smooyahh|3/100
|-unboost|p1a: Hitmonlee|def|1
|-unboost|p1a: Hitmonlee|spd|1
|move|p2a: Jussie smooyahh|Brave Bird|p1a: Hitmonlee
|-supereffective|p1a: Hitmonlee
|-damage|p1a: Hitmonlee|0 fnt
|-damage|p2a: Jussie smooyahh|0 fnt|[from] Recoil
|faint|p1a: Hitmonlee
|faint|p2a: Jussie smooyahh
|
|upkeep
|
|t:|1615728407
|switch|p1a: Whimsicott|Whimsicott, F|100/100
|switch|p2a: Colon Cream pie 🧁|Alcremie-Mint-Cream, F|100/100
|turn|14
|
|t:|1615728414
|move|p1a: Whimsicott|Nature Power|p2a: Colon Cream pie 🧁
|move|p1a: Whimsicott|Thunderbolt|p2a: Colon Cream pie 🧁|[from]move: Nature Power
|-damage|p2a: Colon Cream pie 🧁|75/100
|move|p2a: Colon Cream pie 🧁|Calm Mind|p2a: Colon Cream pie 🧁
|-boost|p2a: Colon Cream pie 🧁|spa|1
|-boost|p2a: Colon Cream pie 🧁|spd|1
|
|upkeep
|turn|15
|
|t:|1615728422
|move|p1a: Whimsicott|Encore|p2a: Colon Cream pie 🧁
|-block|p2a: Colon Cream pie 🧁|ability: Aroma Veil|[of] p2a: Colon Cream pie 🧁
|move|p2a: Colon Cream pie 🧁|Calm Mind|p2a: Colon Cream pie 🧁
|-boost|p2a: Colon Cream pie 🧁|spa|1
|-boost|p2a: Colon Cream pie 🧁|spd|1
|
|upkeep
|turn|16
|
|t:|1615728429
|switch|p1a: Kabutops|Kabutops, M|100/100
|move|p2a: Colon Cream pie 🧁|Draining Kiss|p1a: Kabutops
|-damage|p1a: Kabutops|35/100
|-heal|p2a: Colon Cream pie 🧁|100/100|[from] drain|[of] p1a: Kabutops
|
|upkeep
|turn|17
|
|t:|1615728434
|move|p1a: Kabutops|Stone Edge|p2a: Colon Cream pie 🧁
|-damage|p2a: Colon Cream pie 🧁|49/100
|-enditem|p2a: Colon Cream pie 🧁|Kee Berry|[eat]
|-boost|p2a: Colon Cream pie 🧁|def|1|[from] item: Kee Berry
|move|p2a: Colon Cream pie 🧁|Draining Kiss|p1a: Kabutops
|-damage|p1a: Kabutops|0 fnt
|-heal|p2a: Colon Cream pie 🧁|72/100|[from] drain|[of] p1a: Kabutops
|faint|p1a: Kabutops
|
|upkeep
|-message|mefrog forfeited.
|
|win|Uberfiend
|raw|mefrog's rating: 1469 &rarr; <strong>1450</strong><br />(-19 for losing)
|raw|Uberfiend's rating: 1495 &rarr; <strong>1514</strong><br />(+19 for winning)
|l|☆mefrog
|raw|mefrog's rating: 1469 &rarr; <strong>1451</strong><br />(-18 for losing)
|raw|Uberfiend's rating: 1496 &rarr; <strong>1514</strong><br />(+18 for winning)
|c|☆Uberfiend|H..g
