|html|<div class="broadcast-blue"><strong>[Gen 8] PU is currently suspecting Vanilluxe! For information on how to participate check out the <a href="https://www.smogon.com/forums/threads/np-ss-pu-stage-10-ice-cream-vanilluxe-suspect-test.3705646/">suspect thread</a>.</strong></div>
|j|☆Haffling
|j|☆Forwards
|t:|1659975685
|gametype|singles
|player|p1|Haffling|cyrus|
|player|p2|Forwards|saturn|
|teamsize|p1|6
|teamsize|p2|6
|gen|8
|tier|[Gen 8] PU
|rated|Tournament battle
|rule|Sleep Clause Mod: Limit one foe put to sleep
|rule|Species Clause: Limit one of each Pokémon
|rule|OHKO Clause: OHKO moves are banned
|rule|Evasion Items Clause: Evasion items are banned
|rule|Evasion Moves Clause: Evasion moves are banned
|rule|Endless Battle Clause: Forcing endless battles is banned
|rule|HP Percentage Mod: HP is shown in percentages
|rule|Dynamax Clause: You cannot dynamax
|clearpoke
|poke|p1|Audino, M|
|poke|p1|Eldegoss, M|
|poke|p1|Corsola, M|
|poke|p1|Duosion, F|
|poke|p1|Mareanie, F|
|poke|p1|Mienfoo, F|
|poke|p2|Porygon|
|poke|p2|Cofagrigus, M|
|poke|p2|Mawile, F|
|poke|p2|Uxie|
|poke|p2|Glastrier|
|poke|p2|Vikavolt, F|
|teampreview
|inactive|Battle timer is ON: inactive players will automatically lose when time's up. (requested by Forwards)
|
|t:|1659975702
|start
|switch|p1a: Corsola|Corsola, M|100/100
|switch|p2a: Uxie|Uxie|100/100
|turn|1
|
|t:|1659975705
|move|p2a: Uxie|Magic Coat|p2a: Uxie
|-singleturn|p2a: Uxie|move: Magic Coat
|move|p1a: Corsola|Stealth Rock|p2a: Uxie
|move|p2a: Uxie|Stealth Rock|p1a: Corsola|[from]Magic Coat
|-sidestart|p1: Haffling|move: Stealth Rock
|
|upkeep
|turn|2
|
|t:|1659975708
|move|p1a: Corsola|Stealth Rock|p2a: Uxie
|-sidestart|p2: Forwards|move: Stealth Rock
|move|p2a: Uxie|Trick Room|p2a: Uxie
|-fieldstart|move: Trick Room|[of] p2a: Uxie
|
|upkeep
|turn|3
|
|t:|1659975713
|switch|p2a: Mawile|Mawile, F|100/100
|-damage|p2a: Mawile|94/100|[from] Stealth Rock
|move|p1a: Corsola|Toxic|p2a: Mawile
|-immune|p2a: Mawile
|
|upkeep
|turn|4
|
|t:|1659975722
|switch|p2a: Vikavolt|Vikavolt, F|100/100
|-damage|p2a: Vikavolt|76/100|[from] Stealth Rock
|move|p1a: Corsola|Scald|p2a: Vikavolt
|-damage|p2a: Vikavolt|52/100
|
|upkeep
|turn|5
|
|t:|1659975728
|switch|p1a: Audino|Audino, M|100/100
|move|p2a: Vikavolt|Thunderbolt|p1a: Audino
|-damage|p1a: Audino|46/100
|
|upkeep
|turn|6
|
|t:|1659975731
|move|p1a: Audino|Protect|p1a: Audino
|-singleturn|p1a: Audino|Protect
|move|p2a: Vikavolt|Thunderbolt|p1a: Audino
|-activate|p1a: Audino|move: Protect
|
|-fieldend|move: Trick Room
|upkeep
|turn|7
|
|t:|1659975734
|move|p1a: Audino|Knock Off|p2a: Vikavolt
|-crit|p2a: Vikavolt
|-damage|p2a: Vikavolt|30/100
|-enditem|p2a: Vikavolt|Choice Specs|[from] move: Knock Off|[of] p1a: Audino
|move|p2a: Vikavolt|Thunderbolt|p1a: Audino
|-damage|p1a: Audino|8/100
|
|upkeep
|turn|8
|
|t:|1659975748
|move|p1a: Audino|Protect|p1a: Audino
|-singleturn|p1a: Audino|Protect
|move|p2a: Vikavolt|Volt Switch|p1a: Audino
|-activate|p1a: Audino|move: Protect
|
|upkeep
|turn|9
|
|t:|1659975756
|switch|p2a: Uxie|Uxie|100/100
|-damage|p2a: Uxie|88/100|[from] Stealth Rock
|move|p1a: Audino|Wish|p1a: Audino
|
|upkeep
|turn|10
|
|t:|1659975761
|move|p1a: Audino|Protect|p1a: Audino
|-singleturn|p1a: Audino|Protect
|move|p2a: Uxie|Trick Room|p2a: Uxie
|-fieldstart|move: Trick Room|[of] p2a: Uxie
|
|-heal|p1a: Audino|58/100|[from] move: Wish|[wisher] Audino
|upkeep
|turn|11
|
|t:|1659975768
|switch|p2a: Glastrier|Glastrier|100/100
|move|p1a: Audino|Wish|p1a: Audino
|
|upkeep
|turn|12
|
|t:|1659975773
|switch|p1a: Mareanie|Mareanie, F|100/100
|-damage|p1a: Mareanie|88/100|[from] Stealth Rock
|move|p2a: Glastrier|Swords Dance|p2a: Glastrier
|-boost|p2a: Glastrier|atk|2
|
|-heal|p1a: Mareanie|100/100|[from] move: Wish|[wisher] Audino
|upkeep
|turn|13
|
|t:|1659975775
|move|p2a: Glastrier|High Horsepower|p1a: Mareanie
|-supereffective|p1a: Mareanie
|-damage|p1a: Mareanie|0 fnt
|faint|p1a: Mareanie
|-ability|p2a: Glastrier|Chilling Neigh|boost
|-boost|p2a: Glastrier|atk|1
|
|upkeep
|
|t:|1659975786
|switch|p1a: Audino|Audino, M|91/100
|turn|14
|
|t:|1659975789
|move|p1a: Audino|Protect|p1a: Audino
|-singleturn|p1a: Audino|Protect
|move|p2a: Glastrier|Icicle Crash|p1a: Audino
|-activate|p1a: Audino|move: Protect
|
|-fieldend|move: Trick Room
|upkeep
|turn|15
|
|t:|1659975794
|move|p1a: Audino|Knock Off|p2a: Glastrier
|-damage|p2a: Glastrier|90/100
|-enditem|p2a: Glastrier|Heavy-Duty Boots|[from] move: Knock Off|[of] p1a: Audino
|move|p2a: Glastrier|Icicle Crash|p1a: Audino
|-damage|p1a: Audino|0 fnt
|faint|p1a: Audino
|-ability|p2a: Glastrier|Chilling Neigh|boost
|-boost|p2a: Glastrier|atk|1
|
|upkeep
|
|t:|1659975796
|switch|p1a: Mienfoo|Mienfoo, F, shiny|100/100
|-damage|p1a: Mienfoo|94/100|[from] Stealth Rock
|turn|16
|
|t:|1659975801
|switch|p2a: Uxie|Uxie|88/100
|-damage|p2a: Uxie|76/100|[from] Stealth Rock
|move|p1a: Mienfoo|U-turn|p2a: Uxie
|-supereffective|p2a: Uxie
|-damage|p2a: Uxie|56/100
|
|t:|1659975806
|switch|p1a: Eldegoss|Eldegoss, M|100/100|[from]move: U-turn
|
|upkeep
|turn|17
|
|t:|1659975809
|move|p1a: Eldegoss|Rapid Spin|p2a: Uxie
|-damage|p2a: Uxie|53/100
|-boost|p1a: Eldegoss|spe|1
|-sideend|p1: Haffling|Stealth Rock|[from] move: Rapid Spin|[of] p1a: Eldegoss
|move|p2a: Uxie|Trick Room|p2a: Uxie
|-fieldstart|move: Trick Room|[of] p2a: Uxie
|
|upkeep
|turn|18
|
|t:|1659975813
|switch|p2a: Vikavolt|Vikavolt, F|30/100
|-damage|p2a: Vikavolt|5/100|[from] Stealth Rock
|move|p1a: Eldegoss|Sleep Powder|p2a: Vikavolt
|-status|p2a: Vikavolt|slp|[from] move: Sleep Powder
|
|upkeep
|turn|19
|
|t:|1659975820
|switch|p2a: Glastrier|Glastrier|90/100
|-damage|p2a: Glastrier|65/100|[from] Stealth Rock
|move|p1a: Eldegoss|Grass Knot|p2a: Glastrier
|-damage|p2a: Glastrier|40/100
|
|upkeep
|turn|20
|
|t:|1659975828
|switch|p1a: Corsola|Corsola, M|100/100
|move|p2a: Glastrier|Icicle Crash|p1a: Corsola
|-resisted|p1a: Corsola
|-damage|p1a: Corsola|82/100
|
|upkeep
|turn|21
|
|t:|1659975835
|move|p2a: Glastrier|High Horsepower|p1a: Corsola
|-supereffective|p1a: Corsola
|-damage|p1a: Corsola|18/100
|move|p1a: Corsola|Toxic|p2a: Glastrier
|-status|p2a: Glastrier|tox
|
|-damage|p2a: Glastrier|34/100 tox|[from] psn
|-fieldend|move: Trick Room
|upkeep
|turn|22
|
|t:|1659975842
|switch|p1a: Mienfoo|Mienfoo, F, shiny|100/100
|move|p2a: Glastrier|Icicle Crash|p1a: Mienfoo
|-damage|p1a: Mienfoo|34/100
|
|-damage|p2a: Glastrier|22/100 tox|[from] psn
|upkeep
|turn|23
|
|t:|1659975848
|move|p1a: Mienfoo|Close Combat|p2a: Glastrier
|-supereffective|p2a: Glastrier
|-crit|p2a: Glastrier
|-damage|p2a: Glastrier|0 fnt
|-unboost|p1a: Mienfoo|def|1
|-unboost|p1a: Mienfoo|spd|1
|faint|p2a: Glastrier
|
|upkeep
|
|t:|1659975852
|switch|p2a: Uxie|Uxie|53/100
|-damage|p2a: Uxie|40/100|[from] Stealth Rock
|turn|24
|
|t:|1659975861
|move|p1a: Mienfoo|U-turn|p2a: Uxie
|-supereffective|p2a: Uxie
|-damage|p2a: Uxie|22/100
|
|t:|1659975865
|switch|p1a: Corsola|Corsola, M|52/100|[from]move: U-turn
|move|p2a: Uxie|Trick Room|p2a: Uxie
|-fieldstart|move: Trick Room|[of] p2a: Uxie
|
|upkeep
|turn|25
|
|t:|1659975877
|switch|p2a: Mawile|Mawile, F|94/100
|-damage|p2a: Mawile|88/100|[from] Stealth Rock
|move|p1a: Corsola|Recover|p1a: Corsola
|-heal|p1a: Corsola|100/100
|
|upkeep
|turn|26
|j| xxx_n3v3rs0rry_xxx
|
|t:|1659975882
|move|p2a: Mawile|Iron Head|p1a: Corsola
|-damage|p1a: Corsola|60/100
|move|p1a: Corsola|Scald|p2a: Mawile
|-damage|p2a: Mawile|47/100
|
|upkeep
|turn|27
|
|t:|1659975894
|move|p2a: Mawile|Play Rough|p1a: Corsola
|-damage|p1a: Corsola|9/100
|move|p1a: Corsola|Scald|p2a: Mawile
|-damage|p2a: Mawile|0 fnt
|faint|p2a: Mawile
|
|upkeep
|
|t:|1659975898
|switch|p2a: Cofagrigus|Cofagrigus, M|100/100
|-damage|p2a: Cofagrigus|88/100|[from] Stealth Rock
|turn|28
|
|t:|1659975906
|switch|p1a: Duosion|Duosion, F|100/100
|move|p2a: Cofagrigus|Shadow Ball|p1a: Duosion
|-supereffective|p1a: Duosion
|-damage|p1a: Duosion|37/100
|-damage|p2a: Cofagrigus|78/100|[from] item: Life Orb
|
|-fieldend|move: Trick Room
|upkeep
|turn|29
|
|t:|1659975918
|switch|p1a: Eldegoss|Eldegoss, M|100/100
|move|p2a: Cofagrigus|Nasty Plot|p2a: Cofagrigus
|-boost|p2a: Cofagrigus|spa|2
|
|upkeep
|turn|30
|
|t:|1659975921
|move|p1a: Eldegoss|Sleep Powder|p2a: Cofagrigus
|-message|Sleep Clause Mod activated.
|move|p2a: Cofagrigus|Trick Room|p2a: Cofagrigus
|-fieldstart|move: Trick Room|[of] p2a: Cofagrigus
|
|upkeep
|turn|31
|c|☆Haffling|oh yea
|c|☆Haffling|welp
|c|☆Forwards|rip
|
|t:|1659975938
|move|p2a: Cofagrigus|Shadow Ball|p1a: Eldegoss
|-damage|p1a: Eldegoss|15/100
|-damage|p2a: Cofagrigus|68/100|[from] item: Life Orb
|move|p1a: Eldegoss|Leech Seed|p2a: Cofagrigus
|-start|p2a: Cofagrigus|move: Leech Seed
|
|-damage|p2a: Cofagrigus|56/100|[from] Leech Seed|[of] p1a: Eldegoss
|-heal|p1a: Eldegoss|27/100|[silent]
|upkeep
|turn|32
|
|t:|1659975955
|switch|p1a: Duosion|Duosion, F|71/100
|move|p2a: Cofagrigus|Shadow Ball|p1a: Duosion
|-supereffective|p1a: Duosion
|-damage|p1a: Duosion|0 fnt
|faint|p1a: Duosion
|-damage|p2a: Cofagrigus|45/100|[from] item: Life Orb
|
|upkeep
|
|t:|1659975957
|switch|p1a: Eldegoss|Eldegoss, M|61/100
|turn|33
|
|t:|1659975964
|switch|p1a: Corsola|Corsola, M|42/100
|move|p2a: Cofagrigus|Shadow Ball|p1a: Corsola
|-damage|p1a: Corsola|0 fnt
|faint|p1a: Corsola
|-damage|p2a: Cofagrigus|35/100|[from] item: Life Orb
|
|upkeep
|
|t:|1659975968
|switch|p1a: Eldegoss|Eldegoss, M|94/100
|turn|34
|
|t:|1659975975
|move|p2a: Cofagrigus|Shadow Ball|p1a: Eldegoss
|-crit|p1a: Eldegoss
|-damage|p1a: Eldegoss|0 fnt
|faint|p1a: Eldegoss
|-damage|p2a: Cofagrigus|25/100|[from] item: Life Orb
|
|-fieldend|move: Trick Room
|upkeep
|c|☆Haffling|aw
|
|t:|1659975983
|switch|p1a: Mienfoo|Mienfoo, F, shiny|67/100
|turn|35
|
|t:|1659975985
|switch|p2a: Vikavolt|Vikavolt, F|5/100 slp
|-damage|p2a: Vikavolt|0 fnt|[from] Stealth Rock
|faint|p2a: Vikavolt
|move|p1a: Mienfoo|Knock Off|p2: Vikavolt|[notarget]
|-fail|p1a: Mienfoo
|
|upkeep
|
|t:|1659975991
|switch|p2a: Porygon|Porygon|100/100
|-damage|p2a: Porygon|88/100|[from] Stealth Rock
|-ability|p2a: Porygon|Regenerator|[from] ability: Trace|[of] p1a: Mienfoo
|turn|36
|
|t:|1659975995
|move|p1a: Mienfoo|Taunt|p2a: Porygon
|-start|p2a: Porygon|move: Taunt
|cant|p2a: Porygon|move: Taunt|Trick Room
|
|upkeep
|turn|37
|c| xxx_n3v3rs0rry_xxx|why'd u do that?
|
|t:|1659975998
|move|p1a: Mienfoo|Knock Off|p2a: Porygon
|-damage|p2a: Porygon|70/100
|-enditem|p2a: Porygon|Eviolite|[from] move: Knock Off|[of] p1a: Mienfoo
|move|p2a: Porygon|Ice Beam|p1a: Mienfoo
|-damage|p1a: Mienfoo|44/100
|
|upkeep
|turn|38
|
|t:|1659976017
|move|p1a: Mienfoo|U-turn|p2a: Porygon
|-damage|p2a: Porygon|50/100
|move|p2a: Porygon|Ice Beam|p1a: Mienfoo
|-damage|p1a: Mienfoo|19/100
|
|-end|p2a: Porygon|move: Taunt
|upkeep
|turn|39
|
|t:|1659976021
|move|p1a: Mienfoo|Close Combat|p2a: Porygon
|-supereffective|p2a: Porygon
|-damage|p2a: Porygon|0 fnt
|-unboost|p1a: Mienfoo|def|1
|-unboost|p1a: Mienfoo|spd|1
|faint|p2a: Porygon
|
|upkeep
|
|t:|1659976025
|switch|p2a: Uxie|Uxie|22/100
|-damage|p2a: Uxie|10/100|[from] Stealth Rock
|turn|40
|
|t:|1659976035
|move|p1a: Mienfoo|U-turn|p2a: Uxie
|-supereffective|p2a: Uxie
|-damage|p2a: Uxie|0 fnt
|faint|p2a: Uxie
|
|upkeep
|
|t:|1659976036
|switch|p2a: Cofagrigus|Cofagrigus, M|25/100
|-damage|p2a: Cofagrigus|13/100|[from] Stealth Rock
|turn|41
|
|t:|1659976039
|move|p1a: Mienfoo|Knock Off|p2a: Cofagrigus
|-supereffective|p2a: Cofagrigus
|-damage|p2a: Cofagrigus|0 fnt
|-activate|p2a: Cofagrigus|ability: Mummy|Regenerator|[of] p1a: Mienfoo
|-enditem|p2a: Cofagrigus|Life Orb|[from] move: Knock Off|[of] p1a: Mienfoo
|faint|p2a: Cofagrigus
|
|win|Haffling
|n|☆Haffling|haffling
|n|☆Forwards|forwards
|n| xxx_n3v3rs0rry_xxx|xxxn3v3rs0rryxxx
|l|☆Forwards
|c|☆Haffling|gg
