|j|☆Jewced
|j|☆yassy slay
|t:|1654167361
|gametype|singles
|player|p1|Jewced|skyla|1291
|player|p2|yassy slay|102|1608
|teamsize|p1|6
|teamsize|p2|6
|gen|8
|tier|[Gen 8] PU
|rated|
|rule|Sleep Clause Mod: Limit one foe put to sleep
|rule|Species Clause: Limit one of each Pokémon
|rule|OHKO Clause: OHKO moves are banned
|rule|Evasion Moves Clause: Evasion moves are banned
|rule|Endless Battle Clause: Forcing endless battles is banned
|rule|HP Percentage Mod: HP is shown in percentages
|rule|Dynamax Clause: You cannot dynamax
|clearpoke
|poke|p1|Grapploct, M|
|poke|p1|Comfey, F|
|poke|p1|Ferroseed, M|
|poke|p1|Gigalith, M|
|poke|p1|Sandslash, F|
|poke|p1|Poliwrath, F|
|poke|p2|Dubwool, M|
|poke|p2|Palossand, F|
|poke|p2|Eldegoss, M|
|poke|p2|Magneton|
|poke|p2|Musharna, F|
|poke|p2|Scyther, M|
|teampreview
|inactive|Battle timer is ON: inactive players will automatically lose when time's up. (requested by Jewced)
|
|t:|1654167370
|start
|switch|p1a: Grapploct|Grapploct, M|100/100
|switch|p2a: Scyther|Scyther, M|100/100
|turn|1
|
|t:|1654167377
|switch|p1a: Gigalith|Gigalith, M|100/100
|-weather|Sandstorm|[from] ability: Sand Stream|[of] p1a: Gigalith
|move|p2a: Scyther|Knock Off|p1a: Gigalith
|-damage|p1a: Gigalith|77/100
|-enditem|p1a: Gigalith|Leftovers|[from] move: Knock Off|[of] p2a: Scyther
|
|-weather|Sandstorm|[upkeep]
|-damage|p2a: Scyther|94/100|[from] Sandstorm
|upkeep
|turn|2
|
|t:|1654167379
|move|p2a: Scyther|U-turn|p1a: Gigalith
|-damage|p1a: Gigalith|53/100
|
|t:|1654167381
|switch|p2a: Dubwool|Dubwool, M|100/100|[from]move: U-turn
|move|p1a: Gigalith|Stealth Rock|p2a: Dubwool
|-sidestart|p2: yassy slay|move: Stealth Rock
|
|-weather|Sandstorm|[upkeep]
|-damage|p2a: Dubwool|94/100|[from] Sandstorm
|-heal|p2a: Dubwool|100/100|[from] item: Leftovers
|upkeep
|turn|3
|
|t:|1654167390
|move|p2a: Dubwool|Copycat|p2a: Dubwool
|move|p2a: Dubwool|Stealth Rock|p1a: Gigalith|[from]move: Copycat
|-sidestart|p1: Jewced|move: Stealth Rock
|move|p1a: Gigalith|Toxic|p2a: Dubwool|[miss]
|-miss|p1a: Gigalith|p2a: Dubwool
|
|-weather|Sandstorm|[upkeep]
|-damage|p2a: Dubwool|94/100|[from] Sandstorm
|-heal|p2a: Dubwool|100/100|[from] item: Leftovers
|upkeep
|turn|4
|
|t:|1654167395
|move|p2a: Dubwool|Copycat|p2a: Dubwool
|move|p2a: Dubwool|Toxic|p1a: Gigalith|[from]move: Copycat
|-status|p1a: Gigalith|tox
|move|p1a: Gigalith|Toxic|p2a: Dubwool
|-status|p2a: Dubwool|tox
|
|-weather|Sandstorm|[upkeep]
|-damage|p2a: Dubwool|94/100 tox|[from] Sandstorm
|-heal|p2a: Dubwool|100/100 tox|[from] item: Leftovers
|-damage|p2a: Dubwool|94/100 tox|[from] psn
|-damage|p1a: Gigalith|47/100 tox|[from] psn
|upkeep
|turn|5
|
|t:|1654167399
|switch|p1a: Comfey|Comfey, F|100/100
|-damage|p1a: Comfey|88/100|[from] Stealth Rock
|move|p2a: Dubwool|Body Press|p1a: Comfey
|-resisted|p1a: Comfey
|-damage|p1a: Comfey|77/100
|
|-weather|none
|-heal|p1a: Comfey|83/100|[from] item: Leftovers
|-heal|p2a: Dubwool|100/100 tox|[from] item: Leftovers
|-damage|p2a: Dubwool|88/100 tox|[from] psn
|upkeep
|turn|6
|
|t:|1654167406
|switch|p1a: Gigalith|Gigalith, M|47/100 tox
|-damage|p1a: Gigalith|34/100 tox|[from] Stealth Rock
|-weather|Sandstorm|[from] ability: Sand Stream|[of] p1a: Gigalith
|switch|p2a: Magneton|Magneton|100/100
|-damage|p2a: Magneton|94/100|[from] Stealth Rock
|
|-weather|Sandstorm|[upkeep]
|-damage|p1a: Gigalith|28/100 tox|[from] psn
|upkeep
|turn|7
|
|t:|1654167410
|switch|p1a: Sandslash|Sandslash, F|100/100
|move|p2a: Magneton|Flash Cannon|p1a: Sandslash
|-damage|p1a: Sandslash|3/100
|
|-weather|Sandstorm|[upkeep]
|upkeep
|turn|8
|
|t:|1654167414
|switch|p2a: Eldegoss|Eldegoss, M|100/100
|move|p1a: Sandslash|Knock Off|p2a: Eldegoss
|-damage|p2a: Eldegoss|70/100
|-enditem|p2a: Eldegoss|Heavy-Duty Boots|[from] move: Knock Off|[of] p1a: Sandslash
|
|-weather|Sandstorm|[upkeep]
|-damage|p2a: Eldegoss|63/100|[from] Sandstorm
|upkeep
|turn|9
|
|t:|1654167421
|move|p1a: Sandslash|Rapid Spin|p2a: Eldegoss
|-damage|p2a: Eldegoss|46/100
|-boost|p1a: Sandslash|spe|1
|-sideend|p1: Jewced|Stealth Rock|[from] move: Rapid Spin|[of] p1a: Sandslash
|move|p2a: Eldegoss|Giga Drain|p1a: Sandslash
|-supereffective|p1a: Sandslash
|-damage|p1a: Sandslash|0 fnt
|-heal|p2a: Eldegoss|47/100|[from] drain|[of] p1a: Sandslash
|faint|p1a: Sandslash
|
|-weather|Sandstorm|[upkeep]
|-damage|p2a: Eldegoss|41/100|[from] Sandstorm
|upkeep
|
|t:|1654167426
|switch|p1a: Grapploct|Grapploct, M|100/100
|turn|10
|
|t:|1654167436
|switch|p2a: Scyther|Scyther, M|94/100
|move|p1a: Grapploct|Octolock|p2a: Scyther
|-start|p2a: Scyther|move: Octolock|[of] p1a: Grapploct
|
|-weather|none
|-unboost|p2a: Scyther|def|1
|-unboost|p2a: Scyther|spd|1
|upkeep
|turn|11
|
|t:|1654167444
|move|p1a: Grapploct|Protect|p1a: Grapploct
|-singleturn|p1a: Grapploct|Protect
|move|p2a: Scyther|Dual Wingbeat|p1a: Grapploct
|-activate|p1a: Grapploct|move: Protect
|
|-unboost|p2a: Scyther|def|1
|-unboost|p2a: Scyther|spd|1
|upkeep
|turn|12
|
|t:|1654167450
|switch|p1a: Ferroseed|Ferroseed, M|100/100
|move|p2a: Scyther|Dual Wingbeat|p1a: Ferroseed
|-damage|p1a: Ferroseed|85/100
|-damage|p2a: Scyther|82/100|[from] ability: Iron Barbs|[of] p1a: Ferroseed
|-damage|p1a: Ferroseed|66/100
|-damage|p2a: Scyther|70/100|[from] ability: Iron Barbs|[of] p1a: Ferroseed
|-hitcount|p1a: Ferroseed|2
|
|-end|p2a: Scyther|Octolock|[partiallytrapped]|[silent]
|upkeep
|turn|13
|
|t:|1654167455
|move|p2a: Scyther|U-turn|p1a: Ferroseed
|-damage|p1a: Ferroseed|46/100
|-damage|p2a: Scyther|57/100|[from] ability: Iron Barbs|[of] p1a: Ferroseed
|
|t:|1654167456
|switch|p2a: Eldegoss|Eldegoss, M|75/100|[from]move: U-turn
|-damage|p2a: Eldegoss|62/100|[from] Stealth Rock
|move|p1a: Ferroseed|Knock Off|p2a: Eldegoss
|-damage|p2a: Eldegoss|52/100
|
|upkeep
|turn|14
|
|t:|1654167470
|switch|p1a: Grapploct|Grapploct, M|100/100
|move|p2a: Eldegoss|Rapid Spin|p1a: Grapploct
|-damage|p1a: Grapploct|95/100
|-boost|p2a: Eldegoss|spe|1
|-sideend|p2: yassy slay|Stealth Rock|[from] move: Rapid Spin|[of] p2a: Eldegoss
|
|-heal|p1a: Grapploct|100/100|[from] item: Leftovers
|upkeep
|turn|15
|
|t:|1654167476
|switch|p2a: Scyther|Scyther, M|57/100
|move|p1a: Grapploct|Soak|p2a: Scyther
|-start|p2a: Scyther|typechange|Water
|
|upkeep
|turn|16
|
|t:|1654167481
|move|p2a: Scyther|U-turn|p1a: Grapploct
|-resisted|p1a: Grapploct
|-damage|p1a: Grapploct|89/100
|
|t:|1654167483
|switch|p2a: Palossand|Palossand, F|100/100|[from]move: U-turn
|move|p1a: Grapploct|Octolock|p2a: Palossand
|-immune|p2a: Palossand
|
|-heal|p1a: Grapploct|95/100|[from] item: Leftovers
|upkeep
|turn|17
|
|t:|1654167487
|switch|p2a: Scyther|Scyther, M|57/100
|move|p1a: Grapploct|Soak|p2a: Scyther
|-start|p2a: Scyther|typechange|Water
|
|-heal|p1a: Grapploct|100/100|[from] item: Leftovers
|upkeep
|turn|18
|
|t:|1654167491
|move|p2a: Scyther|U-turn|p1a: Grapploct
|-resisted|p1a: Grapploct
|-damage|p1a: Grapploct|91/100
|
|t:|1654167492
|switch|p2a: Palossand|Palossand, F|100/100|[from]move: U-turn
|move|p1a: Grapploct|Soak|p2a: Palossand
|-start|p2a: Palossand|typechange|Water
|
|-heal|p1a: Grapploct|97/100|[from] item: Leftovers
|upkeep
|turn|19
|
|t:|1654167502
|switch|p2a: Scyther|Scyther, M|57/100
|move|p1a: Grapploct|Octolock|p2a: Scyther
|-start|p2a: Scyther|move: Octolock|[of] p1a: Grapploct
|
|-heal|p1a: Grapploct|100/100|[from] item: Leftovers
|-unboost|p2a: Scyther|def|1
|-unboost|p2a: Scyther|spd|1
|upkeep
|turn|20
|
|t:|1654167504
|move|p1a: Grapploct|Protect|p1a: Grapploct
|-singleturn|p1a: Grapploct|Protect
|move|p2a: Scyther|Dual Wingbeat|p1a: Grapploct
|-activate|p1a: Grapploct|move: Protect
|
|-unboost|p2a: Scyther|def|1
|-unboost|p2a: Scyther|spd|1
|upkeep
|turn|21
|
|t:|1654167511
|switch|p1a: Gigalith|Gigalith, M|28/100 tox
|-weather|Sandstorm|[from] ability: Sand Stream|[of] p1a: Gigalith
|move|p2a: Scyther|U-turn|p1a: Gigalith
|-damage|p1a: Gigalith|2/100 tox
|
|t:|1654167520
|switch|p2a: Palossand|Palossand, F|100/100|[from]move: U-turn
|
|-weather|Sandstorm|[upkeep]
|-damage|p1a: Gigalith|0 fnt|[from] psn
|faint|p1a: Gigalith
|upkeep
|
|t:|1654167524
|switch|p1a: Poliwrath|Poliwrath, F|100/100
|turn|22
|
|t:|1654167532
|move|p1a: Poliwrath|Belly Drum|p1a: Poliwrath
|-damage|p1a: Poliwrath|50/100
|-setboost|p1a: Poliwrath|atk|6|[from] move: Belly Drum
|move|p2a: Palossand|Earth Power|p1a: Poliwrath
|-damage|p1a: Poliwrath|0 fnt
|faint|p1a: Poliwrath
|
|-weather|Sandstorm|[upkeep]
|upkeep
|-message|Jewced forfeited.
|
|win|yassy slay
|raw|Jewced's rating: 1291 &rarr; <strong>1284</strong><br />(-7 for losing)
|raw|yassy slay's rating: 1608 &rarr; <strong>1614</strong><br />(+6 for winning)
|l|☆Jewced
