|j|☆GeneralAnnoyance
|j|☆un vigoroth
|player|p1|GeneralAnnoyance|lusamine-nihilego|1300
|player|p2|un vigoroth|swimmer-gen4dp|1244
|teamsize|p1|6
|teamsize|p2|6
|gametype|singles
|gen|8
|tier|[Gen 8] PU
|rated|
|clearpoke
|poke|p1|Heatmor, M|
|poke|p1|Mawile, F|
|poke|p1|Leafeon, M|
|poke|p1|Musharna, F|
|poke|p1|Liepard, M|
|poke|p1|Palpitoad, F|
|poke|p2|Silvally-*|
|poke|p2|Swoobat, F|
|poke|p2|Pincurchin, M|
|poke|p2|Stonjourner, M|
|poke|p2|Manectric, F|
|poke|p2|Liepard, M|
|rule|Sleep Clause Mod: Limit one foe put to sleep
|rule|Species Clause: Limit one of each Pokémon
|rule|OHKO Clause: OHKO moves are banned
|rule|Evasion Moves Clause: Evasion moves are banned
|rule|Endless Battle Clause: Forcing endless battles is banned
|rule|HP Percentage Mod: HP is shown in percentages
|rule|Dynamax Clause: You cannot dynamax
|teampreview
|
|start
|switch|p1a: Leafeon|Leafeon, M|100/100
|switch|p2a: Stonjourner|Stonjourner, M|100/100
|turn|1
|
|move|p1a: Leafeon|Leaf Blade|p2a: Stonjourner
|-supereffective|p2a: Stonjourner
|-damage|p2a: Stonjourner|39/100
|move|p2a: Stonjourner|Rock Tomb|p1a: Leafeon
|-damage|p1a: Leafeon|71/100
|-unboost|p1a: Leafeon|spe|1
|
|-heal|p1a: Leafeon|77/100|[from] item: Leftovers
|upkeep
|turn|2
|
|switch|p1a: Palpitoad|Palpitoad, F|100/100
|move|p2a: Stonjourner|Stealth Rock|p1a: Palpitoad
|-sidestart|p1: GeneralAnnoyance|move: Stealth Rock
|
|upkeep
|turn|3
|
|move|p2a: Stonjourner|Self-Destruct|p1a: Palpitoad
|-damage|p1a: Palpitoad|58/100
|faint|p2a: Stonjourner
|move|p1a: Palpitoad|Stealth Rock|p2: Stonjourner
|-sidestart|p2: un vigoroth|move: Stealth Rock
|
|upkeep
|
|switch|p2a: Liepard|Liepard, M|100/100
|-damage|p2a: Liepard|88/100|[from] Stealth Rock
|turn|4
|
|switch|p1a: Mawile|Mawile, F|100/100
|-damage|p1a: Mawile|94/100|[from] Stealth Rock
|move|p2a: Liepard|Knock Off|p1a: Mawile
|-resisted|p1a: Mawile
|-damage|p1a: Mawile|54/100
|-enditem|p1a: Mawile|Life Orb|[from] move: Knock Off|[of] p2a: Liepard
|-damage|p2a: Liepard|78/100|[from] item: Life Orb
|
|upkeep
|turn|5
|
|switch|p2a: Silvally|Silvally-Ground|100/100
|-damage|p2a: Silvally|94/100|[from] Stealth Rock
|move|p1a: Mawile|Play Rough|p2a: Silvally
|-damage|p2a: Silvally|37/100
|
|upkeep
|turn|6
|
|switch|p1a: Leafeon|Leafeon, M|77/100
|-damage|p1a: Leafeon|65/100|[from] Stealth Rock
|move|p2a: Silvally|Flame Charge|p1a: Leafeon
|-supereffective|p1a: Leafeon
|-damage|p1a: Leafeon|36/100
|-boost|p2a: Silvally|spe|1
|
|-heal|p1a: Leafeon|42/100|[from] item: Leftovers
|upkeep
|turn|7
|
|move|p2a: Silvally|Swords Dance|p2a: Silvally
|-boost|p2a: Silvally|atk|2
|move|p1a: Leafeon|Leaf Blade|p2a: Silvally
|-supereffective|p2a: Silvally
|-damage|p2a: Silvally|0 fnt
|faint|p2a: Silvally
|
|-heal|p1a: Leafeon|48/100|[from] item: Leftovers
|upkeep
|
|switch|p2a: Pincurchin|Pincurchin, M|100/100
|-damage|p2a: Pincurchin|88/100|[from] Stealth Rock
|-fieldstart|move: Electric Terrain|[from] ability: Electric Surge|[of] p2a: Pincurchin
|turn|8
|
|move|p1a: Leafeon|Leaf Blade|p2a: Pincurchin
|-damage|p2a: Pincurchin|43/100
|move|p2a: Pincurchin|Toxic Spikes|p1a: Leafeon
|-sidestart|p1: GeneralAnnoyance|move: Toxic Spikes
|
|-heal|p1a: Leafeon|54/100|[from] item: Leftovers
|upkeep
|turn|9
|j|+tjay
|
|switch|p2a: Liepard|Liepard, M|78/100
|-damage|p2a: Liepard|66/100|[from] Stealth Rock
|move|p1a: Leafeon|Knock Off|p2a: Liepard
|-resisted|p2a: Liepard
|-damage|p2a: Liepard|34/100
|-enditem|p2a: Liepard|Life Orb|[from] move: Knock Off|[of] p1a: Leafeon
|
|-heal|p1a: Leafeon|60/100|[from] item: Leftovers
|upkeep
|turn|10
|
|move|p2a: Liepard|Knock Off|p1a: Leafeon
|-damage|p1a: Leafeon|23/100
|-enditem|p1a: Leafeon|Leftovers|[from] move: Knock Off|[of] p2a: Liepard
|move|p1a: Leafeon|Leaf Blade|p2a: Liepard
|-damage|p2a: Liepard|0 fnt
|faint|p2a: Liepard
|
|upkeep
|
|switch|p2a: Swoobat|Swoobat, F|100/100
|-damage|p2a: Swoobat|76/100|[from] Stealth Rock
|-enditem|p2a: Swoobat|Electric Seed
|-boost|p2a: Swoobat|def|2|[from] item: Electric Seed
|turn|11
|
|move|p2a: Swoobat|Calm Mind|p2a: Swoobat
|-boost|p2a: Swoobat|spa|2
|-boost|p2a: Swoobat|spd|2
|move|p1a: Leafeon|Knock Off|p2a: Swoobat
|-supereffective|p2a: Swoobat
|-damage|p2a: Swoobat|47/100
|
|upkeep
|turn|12
|
|move|p2a: Swoobat|Roost|p2a: Swoobat
|-heal|p2a: Swoobat|97/100
|-singleturn|p2a: Swoobat|move: Roost
|move|p1a: Leafeon|Knock Off|p2a: Swoobat
|-supereffective|p2a: Swoobat
|-damage|p2a: Swoobat|69/100
|
|upkeep
|turn|13
|
|switch|p1a: Liepard|Liepard, M|100/100
|-damage|p1a: Liepard|88/100|[from] Stealth Rock
|-status|p1a: Liepard|psn
|move|p2a: Swoobat|Heat Wave|p1a: Liepard
|-damage|p1a: Liepard|16/100 psn
|
|-damage|p1a: Liepard|4/100 psn|[from] psn
|upkeep
|turn|14
|
|move|p1a: Liepard|Knock Off|p2a: Swoobat
|-supereffective|p2a: Swoobat
|-damage|p2a: Swoobat|35/100
|move|p2a: Swoobat|Roost|p2a: Swoobat
|-heal|p2a: Swoobat|85/100
|-singleturn|p2a: Swoobat|move: Roost
|
|-damage|p1a: Liepard|0 fnt|[from] psn
|faint|p1a: Liepard
|upkeep
|
|switch|p1a: Heatmor|Heatmor, M|100/100
|turn|15
|
|move|p2a: Swoobat|Stored Power|p1a: Heatmor
|-damage|p1a: Heatmor|0 fnt
|faint|p1a: Heatmor
|
|-fieldend|move: Electric Terrain
|upkeep
|
|switch|p1a: Musharna|Musharna, F|100/100
|-status|p1a: Musharna|psn
|-damage|p1a: Musharna|88/100 psn|[from] Stealth Rock
|turn|16
|
|move|p2a: Swoobat|Calm Mind|p2a: Swoobat
|-boost|p2a: Swoobat|spa|2
|-boost|p2a: Swoobat|spd|2
|move|p1a: Musharna|Calm Mind|p1a: Musharna
|-boost|p1a: Musharna|spa|1
|-boost|p1a: Musharna|spd|1
|
|-damage|p1a: Musharna|76/100 psn|[from] psn
|upkeep
|turn|17
|c|☆GeneralAnnoyance|ggggggggggggggg
|
|move|p2a: Swoobat|Calm Mind|p2a: Swoobat
|-boost|p2a: Swoobat|spa|2
|-boost|p2a: Swoobat|spd|2
|move|p1a: Musharna|Psychic|p2a: Swoobat
|-resisted|p2a: Swoobat
|-damage|p2a: Swoobat|75/100
|
|-damage|p1a: Musharna|63/100 psn|[from] psn
|upkeep
|turn|18
|c|☆un vigoroth|gg
|
|move|p2a: Swoobat|Roost|p2a: Swoobat
|-heal|p2a: Swoobat|100/100
|-singleturn|p2a: Swoobat|move: Roost
|move|p1a: Musharna|Moonblast|p2a: Swoobat
|-damage|p2a: Swoobat|87/100
|-unboost|p2a: Swoobat|spa|2
|
|-damage|p1a: Musharna|51/100 psn|[from] psn
|upkeep
|turn|19
|
|move|p2a: Swoobat|Stored Power|p1a: Musharna
|-resisted|p1a: Musharna
|-damage|p1a: Musharna|0 fnt
|faint|p1a: Musharna
|
|upkeep
|c|☆GeneralAnnoyance|gg
|-message|GeneralAnnoyance forfeited.
|
|win|un vigoroth
|l|☆GeneralAnnoyance
|raw|GeneralAnnoyance's rating: 1300 &rarr; <strong>1271</strong><br />(-29 for losing)
|raw|un vigoroth's rating: 1244 &rarr; <strong>1273</strong><br />(+29 for winning)
