|j|☆Steven Davis
|j|☆Uberfiend
|t:|1613767060
|player|p1|Steven Davis|steven|1375
|player|p2|Uberfiend|pokefan-gen4|1400
|teamsize|p1|6
|teamsize|p2|6
|gametype|singles
|gen|8
|tier|[Gen 8] PU
|rated|
|clearpoke
|poke|p1|Toxicroak, F|
|poke|p1|Vaporeon, F|
|poke|p1|Exeggutor-Alola, M|
|poke|p1|Sandaconda, M|
|poke|p1|Heliolisk, M|
|poke|p1|Silvally-*|
|poke|p2|Whimsicott, M|
|poke|p2|Scyther, F|
|poke|p2|Silvally-*|
|poke|p2|Garbodor, M|
|poke|p2|Gourgeist-*, M|
|poke|p2|Braviary, M|
|rule|Sleep Clause Mod: Limit one foe put to sleep
|rule|Species Clause: Limit one of each Pokémon
|rule|OHKO Clause: OHKO moves are banned
|rule|Evasion Moves Clause: Evasion moves are banned
|rule|Endless Battle Clause: Forcing endless battles is banned
|rule|HP Percentage Mod: HP is shown in percentages
|rule|Dynamax Clause: You cannot dynamax
|teampreview
|
|t:|1613767097
|start
|switch|p1a: Sandaconda|Sandaconda, M|100/100
|switch|p2a: Braviary|Braviary, M|100/100
|turn|1
|
|t:|1613767103
|move|p2a: Braviary|Brave Bird|p1a: Sandaconda
|-damage|p1a: Sandaconda|46/100
|-damage|p2a: Braviary|84/100|[from] item: Rocky Helmet|[of] p1a: Sandaconda
|-damage|p2a: Braviary|69/100|[from] Recoil
|-damage|p2a: Braviary|59/100|[from] item: Life Orb
|move|p1a: Sandaconda|Stone Edge|p2a: Braviary|[miss]
|-miss|p1a: Sandaconda|p2a: Braviary
|
|upkeep
|turn|2
|
|t:|1613767115
|switch|p1a: Vaporeon|Vaporeon, F|100/100
|move|p2a: Braviary|Brave Bird|p1a: Vaporeon
|-damage|p1a: Vaporeon|40/100
|-damage|p2a: Braviary|36/100|[from] Recoil
|-damage|p2a: Braviary|26/100|[from] item: Life Orb
|
|-heal|p1a: Vaporeon|46/100|[from] item: Leftovers
|upkeep
|turn|3
|
|t:|1613767119
|move|p1a: Vaporeon|Protect|p1a: Vaporeon
|-singleturn|p1a: Vaporeon|Protect
|move|p2a: Braviary|Roost|p2a: Braviary
|-heal|p2a: Braviary|76/100
|-singleturn|p2a: Braviary|move: Roost
|
|-heal|p1a: Vaporeon|52/100|[from] item: Leftovers
|upkeep
|turn|4
|
|t:|1613767128
|switch|p1a: Sandaconda|Sandaconda, M|46/100
|move|p2a: Braviary|Brave Bird|p1a: Sandaconda
|-damage|p1a: Sandaconda|0 fnt
|-damage|p2a: Braviary|59/100|[from] item: Rocky Helmet|[of] p1a: Sandaconda
|-damage|p2a: Braviary|46/100|[from] Recoil
|-damage|p2a: Braviary|36/100|[from] item: Life Orb
|faint|p1a: Sandaconda
|
|upkeep
|
|t:|1613767130
|switch|p1a: Heliolisk|Heliolisk, M|100/100
|turn|5
|
|t:|1613767136
|switch|p2a: Gourgeist|Gourgeist-Small, M|100/100
|-item|p1a: Heliolisk|Heavy-Duty Boots|[from] ability: Frisk|[of] p2a: Gourgeist|[identify]
|move|p1a: Heliolisk|Volt Switch|p2a: Gourgeist
|-resisted|p2a: Gourgeist
|-damage|p2a: Gourgeist|74/100
|
|t:|1613767141
|switch|p1a: Exeggutor|Exeggutor-Alola, M, shiny|100/100|[from]move: Volt Switch
|-item|p2a: Gourgeist|Choice Scarf|[from] ability: Frisk|[of] p1a: Exeggutor|[identify]
|
|upkeep
|turn|6
|
|t:|1613767145
|move|p2a: Gourgeist|Poltergeist|p1a: Exeggutor
|-activate|p1a: Exeggutor|move: Poltergeist|Choice Specs
|-damage|p1a: Exeggutor|49/100
|move|p1a: Exeggutor|Flamethrower|p2a: Gourgeist
|-supereffective|p2a: Gourgeist
|-damage|p2a: Gourgeist|0 fnt
|faint|p2a: Gourgeist
|
|upkeep
|
|t:|1613767152
|switch|p2a: Garbodor|Garbodor, M|100/100
|turn|7
|
|t:|1613767155
|move|p2a: Garbodor|Gunk Shot|p1a: Exeggutor
|-supereffective|p1a: Exeggutor
|-damage|p1a: Exeggutor|0 fnt
|-damage|p2a: Garbodor|91/100|[from] item: Life Orb
|faint|p1a: Exeggutor
|
|upkeep
|
|t:|1613767172
|switch|p1a: Heliolisk|Heliolisk, M|100/100
|turn|8
|
|t:|1613767192
|move|p1a: Heliolisk|Volt Switch|p2a: Garbodor
|-damage|p2a: Garbodor|45/100
|
|t:|1613767195
|switch|p1a: Vaporeon|Vaporeon, F|52/100|[from]move: Volt Switch
|move|p2a: Garbodor|Stomping Tantrum|p1a: Vaporeon
|-damage|p1a: Vaporeon|31/100
|-damage|p2a: Garbodor|35/100|[from] item: Life Orb
|
|-heal|p1a: Vaporeon|37/100|[from] item: Leftovers
|upkeep
|turn|9
|
|t:|1613767200
|move|p2a: Garbodor|Spikes|p1a: Vaporeon
|-sidestart|p1: Steven Davis|Spikes
|move|p1a: Vaporeon|Wish|p1a: Vaporeon
|
|-heal|p1a: Vaporeon|43/100|[from] item: Leftovers
|upkeep
|turn|10
|
|t:|1613767207
|move|p1a: Vaporeon|Protect|p1a: Vaporeon
|-singleturn|p1a: Vaporeon|Protect
|move|p2a: Garbodor|Gunk Shot|p1a: Vaporeon
|-activate|p1a: Vaporeon|move: Protect
|
|-heal|p1a: Vaporeon|93/100|[from] move: Wish|[wisher] Vaporeon
|-heal|p1a: Vaporeon|99/100|[from] item: Leftovers
|upkeep
|turn|11
|
|t:|1613767211
|move|p2a: Garbodor|Gunk Shot|p1a: Vaporeon
|-damage|p1a: Vaporeon|47/100
|-status|p1a: Vaporeon|psn
|-damage|p2a: Garbodor|25/100|[from] item: Life Orb
|move|p1a: Vaporeon|Scald|p2a: Garbodor
|-damage|p2a: Garbodor|0 fnt
|faint|p2a: Garbodor
|
|-heal|p1a: Vaporeon|53/100 psn|[from] item: Leftovers
|-damage|p1a: Vaporeon|41/100 psn|[from] psn
|upkeep
|c|☆Uberfiend|Ok
|c|☆Uberfiend|Ill open
|
|t:|1613767225
|switch|p2a: Scyther|Scyther, F|100/100
|turn|12
|
|t:|1613767229
|move|p2a: Scyther|Swords Dance|p2a: Scyther
|-boost|p2a: Scyther|atk|2
|move|p1a: Vaporeon|Scald|p2a: Scyther
|-damage|p2a: Scyther|73/100
|
|-heal|p1a: Vaporeon|47/100 psn|[from] item: Leftovers
|-damage|p1a: Vaporeon|35/100 psn|[from] psn
|upkeep
|turn|13
|
|t:|1613767235
|move|p2a: Scyther|Dual Wingbeat|p1a: Vaporeon
|-damage|p1a: Vaporeon|0 fnt
|-hitcount|p1a: Vaporeon|1
|faint|p1a: Vaporeon
|
|upkeep
|
|t:|1613767240
|switch|p1a: Heliolisk|Heliolisk, M|100/100
|turn|14
|
|t:|1613767256
|move|p2a: Scyther|Quick Attack|p1a: Heliolisk
|-damage|p1a: Heliolisk|21/100
|move|p1a: Heliolisk|Volt Switch|p2a: Scyther
|-supereffective|p2a: Scyther
|-damage|p2a: Scyther|14/100
|
|t:|1613767260
|switch|p1a: Silvally|Silvally-Steel|100/100|[from]move: Volt Switch
|-damage|p1a: Silvally|88/100|[from] Spikes
|
|upkeep
|turn|15
|
|t:|1613767272
|move|p2a: Scyther|Dual Wingbeat|p1a: Silvally
|-resisted|p1a: Silvally
|-damage|p1a: Silvally|65/100
|-resisted|p1a: Silvally
|-damage|p1a: Silvally|39/100
|-hitcount|p1a: Silvally|2
|move|p1a: Silvally|Multi-Attack|p2a: Scyther
|-damage|p2a: Scyther|0 fnt
|faint|p2a: Scyther
|
|upkeep
|
|t:|1613767278
|switch|p2a: Silvally–Flying|Silvally-Steel|100/100
|turn|16
|
|t:|1613767284
|move|p1a: Silvally|Flamethrower|p2a: Silvally–Flying
|-supereffective|p2a: Silvally–Flying
|-damage|p2a: Silvally–Flying|59/100
|-status|p2a: Silvally–Flying|brn
|move|p2a: Silvally–Flying|Flame Charge|p1a: Silvally
|-supereffective|p1a: Silvally
|-damage|p1a: Silvally|24/100
|-boost|p2a: Silvally–Flying|spe|1
|
|-damage|p2a: Silvally–Flying|53/100 brn|[from] brn
|upkeep
|turn|17
|
|t:|1613767313
|move|p2a: Silvally–Flying|Multi-Attack|p1a: Silvally
|-resisted|p1a: Silvally
|-damage|p1a: Silvally|11/100
|move|p1a: Silvally|Flamethrower|p2a: Silvally–Flying
|-supereffective|p2a: Silvally–Flying
|-damage|p2a: Silvally–Flying|13/100 brn
|
|-damage|p2a: Silvally–Flying|7/100 brn|[from] brn
|upkeep
|turn|18
|j| Eftacka33
|
|t:|1613767337
|switch|p1a: Toxicroak|Toxicroak, F|100/100
|-damage|p1a: Toxicroak|88/100|[from] Spikes
|move|p2a: Silvally–Flying|Flame Charge|p1a: Toxicroak
|-damage|p1a: Toxicroak|73/100
|-boost|p2a: Silvally–Flying|spe|1
|
|-damage|p2a: Silvally–Flying|1/100 brn|[from] brn
|upkeep
|turn|19
|
|t:|1613767349
|switch|p1a: Silvally|Silvally-Steel|11/100
|-damage|p1a: Silvally|0 fnt|[from] Spikes
|faint|p1a: Silvally
|move|p2a: Silvally–Flying|Psychic Fangs|p1: Silvally|[notarget]
|-fail|p2a: Silvally–Flying
|
|-damage|p2a: Silvally–Flying|0 fnt|[from] brn
|faint|p2a: Silvally–Flying
|upkeep
|
|t:|1613767361
|switch|p1a: Toxicroak|Toxicroak, F|73/100
|switch|p2a: Whimsicott|Whimsicott, M|100/100
|-damage|p1a: Toxicroak|60/100|[from] Spikes
|turn|20
|
|t:|1613767367
|move|p2a: Whimsicott|Moonblast|p1a: Toxicroak
|-damage|p1a: Toxicroak|0 fnt
|faint|p1a: Toxicroak
|
|upkeep
|-message|Steven Davis forfeited.
|
|win|Uberfiend
|l|☆Steven Davis
||Ladder (probably) updated, but score could not be retrieved (Request timeout).
