|j|☆lukasjoel1
|j|☆GammaGoGamma
|inactive|Battle timer is ON: inactive players will automatically lose when time's up.
|t:|1632320147
|gametype|singles
|player|p1|lukasjoel1|richboy-gen4|
|player|p2|GammaGoGamma|giovanni|
|teamsize|p1|6
|teamsize|p2|6
|gen|8
|tier|[Gen 8] PU
|rated|Tournament battle
|rule|Sleep Clause Mod: Limit one foe put to sleep
|rule|Species Clause: Limit one of each Pokémon
|rule|OHKO Clause: OHKO moves are banned
|rule|Evasion Moves Clause: Evasion moves are banned
|rule|Endless Battle Clause: Forcing endless battles is banned
|rule|HP Percentage Mod: HP is shown in percentages
|rule|Dynamax Clause: You cannot dynamax
|clearpoke
|poke|p1|Scrafty, M|
|poke|p1|Lanturn, F|
|poke|p1|Sandaconda, M|
|poke|p1|Tsareena, F|
|poke|p1|Charizard, M|
|poke|p1|Aromatisse, M|
|poke|p2|Charizard, F|
|poke|p2|Passimian, F|
|poke|p2|Sandaconda, F|
|poke|p2|Whimsicott, M|
|poke|p2|Silvally-*|
|poke|p2|Rotom|
|teampreview
|j|*Lady Monita
|j|+Niclas8201
|j| vinnydragon
|j| wesh papillon
|j| Firain
|inactive|lukasjoel1 has 120 seconds left.
|j| Putin 59
|
|t:|1632320182
|start
|switch|p1a: Lanturn|Lanturn, F|100/100
|switch|p2a: Whimsicott|Whimsicott, M, shiny|100/100
|turn|1
|
|t:|1632320188
|move|p1a: Lanturn|Protect|p1a: Lanturn
|-singleturn|p1a: Lanturn|Protect
|move|p2a: Whimsicott|Substitute|p2a: Whimsicott
|-start|p2a: Whimsicott|Substitute
|-damage|p2a: Whimsicott|75/100
|
|-heal|p2a: Whimsicott|82/100|[from] item: Leftovers
|upkeep
|turn|2
|
|t:|1632320193
|switch|p1a: Charizard|Charizard, M|100/100
|move|p2a: Whimsicott|Leech Seed|p1a: Charizard
|-start|p1a: Charizard|move: Leech Seed
|
|-heal|p2a: Whimsicott|88/100|[from] item: Leftovers
|-damage|p1a: Charizard|88/100|[from] Leech Seed|[of] p2a: Whimsicott
|-heal|p2a: Whimsicott|99/100|[silent]
|upkeep
|turn|3
|
|t:|1632320207
|move|p2a: Whimsicott|Knock Off|p1a: Charizard
|-crit|p1a: Charizard
|-damage|p1a: Charizard|57/100
|-enditem|p1a: Charizard|Heavy-Duty Boots|[from] move: Knock Off|[of] p2a: Whimsicott
|move|p1a: Charizard|Flamethrower|p2a: Whimsicott
|-supereffective|p2a: Whimsicott
|-end|p2a: Whimsicott|Substitute
|
|-heal|p2a: Whimsicott|100/100|[from] item: Leftovers
|-damage|p1a: Charizard|45/100|[from] Leech Seed|[of] p2a: Whimsicott
|upkeep
|turn|4
|
|t:|1632320214
|switch|p2a: Charizard|Charizard, F, shiny|100/100
|move|p1a: Charizard|Roost|p1a: Charizard
|-heal|p1a: Charizard|95/100
|-singleturn|p1a: Charizard|move: Roost
|
|-damage|p1a: Charizard|82/100|[from] Leech Seed|[of] p2a: Charizard
|upkeep
|turn|5
|j| GeoJumper0001
|
|t:|1632320225
|switch|p1a: Lanturn|Lanturn, F|100/100
|move|p2a: Charizard|Hurricane|p1a: Lanturn
|-resisted|p1a: Lanturn
|-damage|p1a: Lanturn|81/100
|
|-heal|p1a: Lanturn|87/100|[from] item: Leftovers
|upkeep
|turn|6
|
|t:|1632320234
|switch|p2a: Sandaconda|Sandaconda, F, shiny|100/100
|move|p1a: Lanturn|Scald|p2a: Sandaconda
|-supereffective|p2a: Sandaconda
|-damage|p2a: Sandaconda|42/100
|
|-heal|p1a: Lanturn|94/100|[from] item: Leftovers
|upkeep
|turn|7
|j| Meminger21
|l| Meminger21
|c| vinnydragon|got persona music on right now and this is hype as heck
|inactive|lukasjoel1 has 120 seconds left.
|j| Shadoon4
|
|t:|1632320280
|switch|p1a: Tsareena|Tsareena, F|100/100
|move|p2a: Sandaconda|Earthquake|p1a: Tsareena
|-resisted|p1a: Tsareena
|-damage|p1a: Tsareena|76/100
|
|upkeep
|turn|8
|
|t:|1632320288
|move|p1a: Tsareena|Knock Off|p2a: Sandaconda
|-damage|p2a: Sandaconda|22/100
|-damage|p1a: Tsareena|60/100|[from] item: Rocky Helmet|[of] p2a: Sandaconda
|-enditem|p2a: Sandaconda|Rocky Helmet|[from] move: Knock Off|[of] p1a: Tsareena
|move|p2a: Sandaconda|Glare|p1a: Tsareena
|-status|p1a: Tsareena|par
|
|upkeep
|turn|9
|
|t:|1632320295
|switch|p2a: Whimsicott|Whimsicott, M, shiny|100/100
|move|p1a: Tsareena|Power Whip|p2a: Whimsicott
|-resisted|p2a: Whimsicott
|-damage|p2a: Whimsicott|63/100
|
|-heal|p2a: Whimsicott|69/100|[from] item: Leftovers
|upkeep
|turn|10
|
|t:|1632320299
|move|p2a: Whimsicott|Substitute|p2a: Whimsicott
|-start|p2a: Whimsicott|Substitute
|-damage|p2a: Whimsicott|44/100
|move|p1a: Tsareena|U-turn|p2a: Whimsicott
|-end|p2a: Whimsicott|Substitute
|
|t:|1632320304
|switch|p1a: Charizard|Charizard, M|82/100|[from]move: U-turn
|
|-heal|p2a: Whimsicott|50/100|[from] item: Leftovers
|upkeep
|turn|11
|
|t:|1632320312
|switch|p2a: Charizard|Charizard, F, shiny|100/100
|move|p1a: Charizard|Flamethrower|p2a: Charizard
|-resisted|p2a: Charizard
|-damage|p2a: Charizard|74/100
|
|upkeep
|turn|12
|
|t:|1632320332
|switch|p1a: Lanturn|Lanturn, F|94/100
|move|p2a: Charizard|Roost|p2a: Charizard
|-heal|p2a: Charizard|100/100
|-singleturn|p2a: Charizard|move: Roost
|
|-heal|p1a: Lanturn|99/100|[from] item: Leftovers
|upkeep
|turn|13
|
|t:|1632320336
|switch|p2a: Whimsicott|Whimsicott, M, shiny|50/100
|move|p1a: Lanturn|Scald|p2a: Whimsicott
|-resisted|p2a: Whimsicott
|-damage|p2a: Whimsicott|36/100
|
|-heal|p2a: Whimsicott|42/100|[from] item: Leftovers
|-heal|p1a: Lanturn|100/100|[from] item: Leftovers
|upkeep
|turn|14
|
|t:|1632320339
|move|p2a: Whimsicott|Substitute|p2a: Whimsicott
|-start|p2a: Whimsicott|Substitute
|-damage|p2a: Whimsicott|17/100
|move|p1a: Lanturn|Volt Switch|p2a: Whimsicott
|-resisted|p2a: Whimsicott
|-activate|p2a: Whimsicott|move: Substitute|[damage]
|
|t:|1632320343
|switch|p1a: Tsareena|Tsareena, F|60/100 par|[from]move: Volt Switch
|
|-heal|p2a: Whimsicott|23/100|[from] item: Leftovers
|upkeep
|turn|15
|
|t:|1632320346
|move|p2a: Whimsicott|Moonblast|p1a: Tsareena
|-damage|p1a: Tsareena|30/100 par
|move|p1a: Tsareena|U-turn|p2a: Whimsicott
|-end|p2a: Whimsicott|Substitute
|
|t:|1632320350
|switch|p1a: Charizard|Charizard, M|82/100|[from]move: U-turn
|
|-heal|p2a: Whimsicott|29/100|[from] item: Leftovers
|upkeep
|turn|16
|
|t:|1632320361
|switch|p2a: Rotom|Rotom, shiny|100/100
|move|p1a: Charizard|Hurricane|p2a: Rotom
|-resisted|p2a: Rotom
|-damage|p2a: Rotom|58/100
|-start|p2a: Rotom|confusion
|
|upkeep
|turn|17
|
|t:|1632320374
|-activate|p2a: Rotom|confusion
|move|p2a: Rotom|Trick|p1a: Charizard
|-activate|p2a: Rotom|move: Trick|[of] p1a: Charizard
|-item|p1a: Charizard|Choice Scarf|[from] move: Trick
|-enditem|p2a: Rotom|Choice Scarf|[silent]|[from] move: Trick
|move|p1a: Charizard|Flamethrower|p2a: Rotom
|-damage|p2a: Rotom|0 fnt
|faint|p2a: Rotom
|
|upkeep
|
|t:|1632320384
|switch|p2a: Charizard|Charizard, F, shiny|100/100
|turn|18
|
|t:|1632320387
|switch|p1a: Lanturn|Lanturn, F|100/100
|switch|p2a: Whimsicott|Whimsicott, M, shiny|29/100
|
|-heal|p2a: Whimsicott|35/100|[from] item: Leftovers
|upkeep
|turn|19
|
|t:|1632320393
|move|p2a: Whimsicott|Leech Seed|p1a: Lanturn
|-start|p1a: Lanturn|move: Leech Seed
|move|p1a: Lanturn|Volt Switch|p2a: Whimsicott
|-resisted|p2a: Whimsicott
|-crit|p2a: Whimsicott
|-damage|p2a: Whimsicott|15/100
|
|t:|1632320395
|switch|p1a: Charizard|Charizard, M|82/100|[from]move: Volt Switch
|
|-heal|p2a: Whimsicott|21/100|[from] item: Leftovers
|upkeep
|turn|20
|
|t:|1632320403
|switch|p2a: Sandaconda|Sandaconda, F, shiny|22/100
|move|p1a: Charizard|Hurricane|p2a: Sandaconda|[miss]
|-miss|p1a: Charizard|p2a: Sandaconda
|
|upkeep
|turn|21
|
|t:|1632320407
|move|p1a: Charizard|Hurricane|p2a: Sandaconda|[miss]
|-miss|p1a: Charizard|p2a: Sandaconda
|move|p2a: Sandaconda|Stealth Rock|p1a: Charizard
|-sidestart|p1: lukasjoel1|move: Stealth Rock
|
|upkeep
|turn|22
|
|t:|1632320411
|move|p1a: Charizard|Hurricane|p2a: Sandaconda
|-damage|p2a: Sandaconda|0 fnt
|faint|p2a: Sandaconda
|
|upkeep
|
|t:|1632320413
|switch|p2a: Silvally|Silvally-Steel|100/100
|turn|23
|
|t:|1632320418
|switch|p1a: Sandaconda|Sandaconda, M|100/100
|-damage|p1a: Sandaconda|94/100|[from] Stealth Rock
|move|p2a: Silvally|Swords Dance|p2a: Silvally
|-boost|p2a: Silvally|atk|2
|
|upkeep
|turn|24
|
|t:|1632320420
|move|p2a: Silvally|Multi-Attack|p1a: Sandaconda
|-damage|p1a: Sandaconda|34/100
|-damage|p2a: Silvally|84/100|[from] item: Rocky Helmet|[of] p1a: Sandaconda
|move|p1a: Sandaconda|Earthquake|p2a: Silvally
|-supereffective|p2a: Silvally
|-crit|p2a: Silvally
|-damage|p2a: Silvally|0 fnt
|faint|p2a: Silvally
|
|upkeep
|
|t:|1632320430
|switch|p2a: Whimsicott|Whimsicott, M, shiny|21/100
|turn|25
|j| Luiw~!
|
|t:|1632320434
|move|p2a: Whimsicott|Moonblast|p1a: Sandaconda
|-damage|p1a: Sandaconda|0 fnt
|faint|p1a: Sandaconda
|
|-heal|p2a: Whimsicott|27/100|[from] item: Leftovers
|upkeep
|l| Firain
|
|t:|1632320453
|switch|p1a: Aromatisse|Aromatisse, M|100/100
|-damage|p1a: Aromatisse|88/100|[from] Stealth Rock
|turn|26
|j| catguy52
|
|t:|1632320458
|switch|p2a: Charizard|Charizard, F, shiny|100/100
|move|p1a: Aromatisse|Moonblast|p2a: Charizard
|-resisted|p2a: Charizard
|-damage|p2a: Charizard|79/100
|
|-heal|p1a: Aromatisse|94/100|[from] item: Leftovers
|upkeep
|turn|27
|
|t:|1632320461
|move|p2a: Charizard|Fire Blast|p1a: Aromatisse
|-damage|p1a: Aromatisse|63/100
|move|p1a: Aromatisse|Aromatherapy|p1a: Aromatisse
|-activate|p1a: Aromatisse|move: Aromatherapy
|-curestatus|p1: Tsareena|par|[msg]
|
|-heal|p1a: Aromatisse|69/100|[from] item: Leftovers
|upkeep
|turn|28
|
|t:|1632320467
|move|p2a: Charizard|Hurricane|p1a: Aromatisse
|-damage|p1a: Aromatisse|33/100
|move|p1a: Aromatisse|Wish|p1a: Aromatisse
|
|-heal|p1a: Aromatisse|39/100|[from] item: Leftovers
|upkeep
|turn|29
|l| Putin 59
|
|t:|1632320474
|move|p1a: Aromatisse|Protect|p1a: Aromatisse
|-singleturn|p1a: Aromatisse|Protect
|move|p2a: Charizard|Fire Blast|p1a: Aromatisse
|-activate|p1a: Aromatisse|move: Protect
|
|-heal|p1a: Aromatisse|89/100|[from] move: Wish|[wisher] Aromatisse
|-heal|p1a: Aromatisse|95/100|[from] item: Leftovers
|upkeep
|turn|30
|
|t:|1632320477
|move|p2a: Charizard|Hurricane|p1a: Aromatisse
|-damage|p1a: Aromatisse|61/100
|move|p1a: Aromatisse|Wish|p1a: Aromatisse
|
|-heal|p1a: Aromatisse|67/100|[from] item: Leftovers
|upkeep
|turn|31
|
|t:|1632320487
|move|p1a: Aromatisse|Protect|p1a: Aromatisse
|-singleturn|p1a: Aromatisse|Protect
|move|p2a: Charizard|Fire Blast|p1a: Aromatisse
|-activate|p1a: Aromatisse|move: Protect
|
|-heal|p1a: Aromatisse|100/100|[from] move: Wish|[wisher] Aromatisse
|upkeep
|turn|32
|
|t:|1632320489
|move|p2a: Charizard|Hurricane|p1a: Aromatisse
|-damage|p1a: Aromatisse|69/100
|move|p1a: Aromatisse|Wish|p1a: Aromatisse
|
|-heal|p1a: Aromatisse|75/100|[from] item: Leftovers
|upkeep
|turn|33
|
|t:|1632320492
|switch|p2a: Passimian|Passimian, F|100/100
|switch|p1a: Lanturn|Lanturn, F|100/100
|-damage|p1a: Lanturn|88/100|[from] Stealth Rock
|
|-heal|p1a: Lanturn|100/100|[from] move: Wish|[wisher] Aromatisse
|upkeep
|turn|34
|
|t:|1632320497
|move|p1a: Lanturn|Protect|p1a: Lanturn
|-singleturn|p1a: Lanturn|Protect
|move|p2a: Passimian|Close Combat|p1a: Lanturn
|-activate|p1a: Lanturn|move: Protect
|
|upkeep
|turn|35
|
|t:|1632320502
|switch|p1a: Aromatisse|Aromatisse, M|75/100
|-damage|p1a: Aromatisse|63/100|[from] Stealth Rock
|move|p2a: Passimian|Close Combat|p1a: Aromatisse
|-resisted|p1a: Aromatisse
|-damage|p1a: Aromatisse|17/100
|-unboost|p2a: Passimian|def|1
|-unboost|p2a: Passimian|spd|1
|
|-heal|p1a: Aromatisse|23/100|[from] item: Leftovers
|upkeep
|turn|36
|
|t:|1632320509
|move|p1a: Aromatisse|Protect|p1a: Aromatisse
|-singleturn|p1a: Aromatisse|Protect
|move|p2a: Passimian|Close Combat|p1a: Aromatisse
|-activate|p1a: Aromatisse|move: Protect
|
|-heal|p1a: Aromatisse|29/100|[from] item: Leftovers
|upkeep
|turn|37
|
|t:|1632320511
|switch|p1a: Tsareena|Tsareena, F|30/100
|move|p2a: Passimian|Close Combat|p1a: Tsareena
|-damage|p1a: Tsareena|0 fnt
|-unboost|p2a: Passimian|def|1
|-unboost|p2a: Passimian|spd|1
|faint|p1a: Tsareena
|
|upkeep
|
|t:|1632320519
|switch|p1a: Charizard|Charizard, M|82/100
|-damage|p1a: Charizard|32/100|[from] Stealth Rock
|turn|38
|
|t:|1632320525
|switch|p2a: Whimsicott|Whimsicott, M, shiny|27/100
|move|p1a: Charizard|Hurricane|p2a: Whimsicott|[miss]
|-miss|p1a: Charizard|p2a: Whimsicott
|
|-heal|p2a: Whimsicott|33/100|[from] item: Leftovers
|upkeep
|turn|39
|
|t:|1632320531
|move|p2a: Whimsicott|Leech Seed|p1a: Charizard|[miss]
|-miss|p2a: Whimsicott|p1a: Charizard
|move|p1a: Charizard|Hurricane|p2a: Whimsicott|[miss]
|-miss|p1a: Charizard|p2a: Whimsicott
|
|-heal|p2a: Whimsicott|39/100|[from] item: Leftovers
|upkeep
|turn|40
|
|t:|1632320534
|move|p2a: Whimsicott|Substitute|p2a: Whimsicott
|-start|p2a: Whimsicott|Substitute
|-damage|p2a: Whimsicott|14/100
|move|p1a: Charizard|Hurricane|p2a: Whimsicott
|-supereffective|p2a: Whimsicott
|-end|p2a: Whimsicott|Substitute
|
|-heal|p2a: Whimsicott|21/100|[from] item: Leftovers
|upkeep
|turn|41
|
|t:|1632320537
|move|p2a: Whimsicott|Leech Seed|p1a: Charizard
|-start|p1a: Charizard|move: Leech Seed
|move|p1a: Charizard|Hurricane|p2a: Whimsicott
|-supereffective|p2a: Whimsicott
|-damage|p2a: Whimsicott|0 fnt
|faint|p2a: Whimsicott
|
|upkeep
|
|t:|1632320538
|switch|p2a: Charizard|Charizard, F, shiny|79/100
|turn|42
|
|t:|1632320543
|move|p1a: Charizard|Hurricane|p2a: Charizard
|-damage|p2a: Charizard|18/100
|move|p2a: Charizard|Roost|p2a: Charizard
|-heal|p2a: Charizard|69/100
|-singleturn|p2a: Charizard|move: Roost
|
|-damage|p1a: Charizard|20/100|[from] Leech Seed|[of] p2a: Charizard
|-heal|p2a: Charizard|81/100|[silent]
|upkeep
|turn|43
|
|t:|1632320551
|move|p1a: Charizard|Hurricane|p2a: Charizard
|-damage|p2a: Charizard|16/100
|move|p2a: Charizard|Roost|p2a: Charizard
|-heal|p2a: Charizard|66/100
|-singleturn|p2a: Charizard|move: Roost
|
|-damage|p1a: Charizard|8/100|[from] Leech Seed|[of] p2a: Charizard
|-heal|p2a: Charizard|79/100|[silent]
|upkeep
|turn|44
|
|t:|1632320559
|move|p1a: Charizard|Hurricane|p2a: Charizard|[miss]
|-miss|p1a: Charizard|p2a: Charizard
|move|p2a: Charizard|Roost|p2a: Charizard
|-heal|p2a: Charizard|100/100
|-singleturn|p2a: Charizard|move: Roost
|
|-damage|p1a: Charizard|0 fnt|[from] Leech Seed|[of] p2a: Charizard
|faint|p1a: Charizard
|upkeep
|
|t:|1632320566
|switch|p1a: Lanturn|Lanturn, F|100/100
|-damage|p1a: Lanturn|88/100|[from] Stealth Rock
|turn|45
|l| vinnydragon
|
|t:|1632320571
|switch|p2a: Passimian|Passimian, F|100/100
|move|p1a: Lanturn|Scald|p2a: Passimian
|-damage|p2a: Passimian|64/100
|
|-heal|p1a: Lanturn|94/100|[from] item: Leftovers
|upkeep
|turn|46
|
|t:|1632320577
|move|p1a: Lanturn|Protect|p1a: Lanturn
|-singleturn|p1a: Lanturn|Protect
|move|p2a: Passimian|Close Combat|p1a: Lanturn
|-activate|p1a: Lanturn|move: Protect
|
|-heal|p1a: Lanturn|100/100|[from] item: Leftovers
|upkeep
|turn|47
|
|t:|1632320581
|move|p2a: Passimian|Close Combat|p1a: Lanturn
|-damage|p1a: Lanturn|12/100
|-unboost|p2a: Passimian|def|1
|-unboost|p2a: Passimian|spd|1
|move|p1a: Lanturn|Scald|p2a: Passimian
|-damage|p2a: Passimian|17/100
|-status|p2a: Passimian|brn
|
|-heal|p1a: Lanturn|19/100|[from] item: Leftovers
|-damage|p2a: Passimian|10/100 brn|[from] brn
|upkeep
|turn|48
|
|t:|1632320585
|switch|p2a: Charizard|Charizard, F, shiny|100/100
|move|p1a: Lanturn|Protect||[still]
|-fail|p1a: Lanturn
|
|-heal|p1a: Lanturn|25/100|[from] item: Leftovers
|upkeep
|turn|49
|
|t:|1632320588
|move|p1a: Lanturn|Protect|p1a: Lanturn
|-singleturn|p1a: Lanturn|Protect
|move|p2a: Charizard|Fire Blast|p1a: Lanturn
|-activate|p1a: Lanturn|move: Protect
|
|-heal|p1a: Lanturn|31/100|[from] item: Leftovers
|upkeep
|turn|50
|
|t:|1632320593
|move|p2a: Charizard|Fire Blast|p1a: Lanturn
|-resisted|p1a: Lanturn
|-damage|p1a: Lanturn|11/100
|move|p1a: Lanturn|Scald|p2a: Charizard
|-supereffective|p2a: Charizard
|-damage|p2a: Charizard|44/100
|
|-heal|p1a: Lanturn|17/100|[from] item: Leftovers
|upkeep
|turn|51
|j| SoftLithium
|
|t:|1632320598
|move|p1a: Lanturn|Protect|p1a: Lanturn
|-singleturn|p1a: Lanturn|Protect
|move|p2a: Charizard|Roost|p2a: Charizard
|-heal|p2a: Charizard|94/100
|-singleturn|p2a: Charizard|move: Roost
|
|-heal|p1a: Lanturn|23/100|[from] item: Leftovers
|upkeep
|turn|52
|
|t:|1632320602
|move|p2a: Charizard|Fire Blast|p1a: Lanturn
|-resisted|p1a: Lanturn
|-damage|p1a: Lanturn|5/100
|move|p1a: Lanturn|Scald|p2a: Charizard
|-supereffective|p2a: Charizard
|-crit|p2a: Charizard
|-damage|p2a: Charizard|5/100
|
|-heal|p1a: Lanturn|12/100|[from] item: Leftovers
|upkeep
|turn|53
|
|t:|1632320614
|move|p2a: Charizard|Roost|p2a: Charizard
|-heal|p2a: Charizard|55/100
|-singleturn|p2a: Charizard|move: Roost
|move|p1a: Lanturn|Scald|p2a: Charizard
|-supereffective|p2a: Charizard
|-damage|p2a: Charizard|0 fnt
|faint|p2a: Charizard
|
|-heal|p1a: Lanturn|18/100|[from] item: Leftovers
|upkeep
|
|t:|1632320617
|switch|p2a: Passimian|Passimian, F|10/100 brn
|turn|54
|
|t:|1632320619
|move|p1a: Lanturn|Protect|p1a: Lanturn
|-singleturn|p1a: Lanturn|Protect
|move|p2a: Passimian|Close Combat|p1a: Lanturn
|-activate|p1a: Lanturn|move: Protect
|
|-heal|p1a: Lanturn|24/100|[from] item: Leftovers
|-damage|p2a: Passimian|4/100 brn|[from] brn
|upkeep
|turn|55
|c|☆lukasjoel1|gg
|
|t:|1632320623
|move|p2a: Passimian|Close Combat|p1a: Lanturn
|-damage|p1a: Lanturn|0 fnt
|-unboost|p2a: Passimian|def|1
|-unboost|p2a: Passimian|spd|1
|faint|p1a: Lanturn
|
|-damage|p2a: Passimian|0 fnt|[from] brn
|faint|p2a: Passimian
|
|win|lukasjoel1
|upkeep
|n|☆lukasjoel1|lukasjoel1
|n|☆GammaGoGamma|gammagogamma
|n|*Lady Monita|ladymonita
|n| Niclas8201|niclas8201
|n| wesh papillon|weshpapillon
|n| GeoJumper0001|geojumper0001
|n| Shadoon4|shadoon4
|n| Luiw~!|luiw
|n| catguy52|catguy52
|n| SoftLithium|softlithium
|l|*Lady Monita
|l| SoftLithium
