|j|‽PU24hBot
|j|☆yassy slay
|t:|1655478086
|gametype|singles
|player|p1|PU24hBot|1|1347
|player|p2|yassy slay|clown|1580
|teamsize|p1|6
|teamsize|p2|6
|gen|8
|tier|[Gen 8] PU
|rated|
|rule|Sleep Clause Mod: Limit one foe put to sleep
|rule|Species Clause: Limit one of each Pokémon
|rule|OHKO Clause: OHKO moves are banned
|rule|Evasion Moves Clause: Evasion moves are banned
|rule|Endless Battle Clause: Forcing endless battles is banned
|rule|HP Percentage Mod: HP is shown in percentages
|rule|Dynamax Clause: You cannot dynamax
|clearpoke
|poke|p1|Lanturn, F|
|poke|p1|Aggron, F|
|poke|p1|Gourgeist-*, F|
|poke|p1|Sandaconda, M|
|poke|p1|Mesprit|
|poke|p1|Silvally-*|
|poke|p2|Musharna, M|
|poke|p2|Aggron, F|
|poke|p2|Charizard, M|
|poke|p2|Ribombee, F|
|poke|p2|Flapple, F|
|poke|p2|Dubwool, M|
|teampreview
|inactive|Battle timer is ON: inactive players will automatically lose when time's up. (requested by PU24hBot)
|
|t:|1655478112
|start
|switch|p1a: Gourgeist|Gourgeist-Super, F|100/100
|switch|p2a: Ribombee|Ribombee, F|100/100
|turn|1
|
|t:|1655478117
|switch|p1a: Aggron|Aggron, F|100/100
|move|p2a: Ribombee|Moonblast|p1a: Aggron
|-resisted|p1a: Aggron
|-damage|p1a: Aggron|71/100
|-unboost|p1a: Aggron|spa|1
|
|-heal|p1a: Aggron|78/100|[from] item: Leftovers
|upkeep
|turn|2
|
|t:|1655478119
|switch|p2a: Dubwool|Dubwool, M|100/100
|move|p1a: Aggron|Stealth Rock|p2a: Dubwool
|-sidestart|p2: yassy slay|move: Stealth Rock
|
|-heal|p1a: Aggron|84/100|[from] item: Leftovers
|upkeep
|turn|3
|
|t:|1655478121
|switch|p1a: Mesprit|Mesprit|100/100
|move|p2a: Dubwool|Copycat|p2a: Dubwool
|move|p2a: Dubwool|Stealth Rock|p1a: Mesprit|[from]move: Copycat
|-sidestart|p1: PU24hBot|move: Stealth Rock
|
|upkeep
|turn|4
|
|t:|1655478124
|switch|p2a: Aggron|Aggron, F|100/100
|-damage|p2a: Aggron|94/100|[from] Stealth Rock
|move|p1a: Mesprit|Psychic|p2a: Aggron
|-resisted|p2a: Aggron
|-damage|p2a: Aggron|63/100
|
|-heal|p2a: Aggron|69/100|[from] item: Leftovers
|upkeep
|turn|5
|
|t:|1655478130
|switch|p1a: Sandaconda|Sandaconda, M|100/100
|-damage|p1a: Sandaconda|94/100|[from] Stealth Rock
|move|p2a: Aggron|Head Smash|p1a: Sandaconda
|-resisted|p1a: Sandaconda
|-damage|p1a: Sandaconda|71/100
|
|-heal|p1a: Sandaconda|78/100|[from] item: Leftovers
|-heal|p2a: Aggron|75/100|[from] item: Leftovers
|upkeep
|turn|6
|
|t:|1655478137
|switch|p2a: Flapple|Flapple, F|100/100
|-damage|p2a: Flapple|88/100|[from] Stealth Rock
|move|p1a: Sandaconda|Earthquake|p2a: Flapple
|-resisted|p2a: Flapple
|-damage|p2a: Flapple|61/100
|
|-heal|p1a: Sandaconda|84/100|[from] item: Leftovers
|upkeep
|turn|7
|
|t:|1655478142
|switch|p1a: Aggron|Aggron, F|84/100
|-damage|p1a: Aggron|78/100|[from] Stealth Rock
|move|p2a: Flapple|Grav Apple|p1a: Aggron
|-damage|p1a: Aggron|55/100
|-unboost|p1a: Aggron|def|1
|
|-heal|p1a: Aggron|61/100|[from] item: Leftovers
|upkeep
|turn|8
|
|t:|1655478152
|switch|p2a: Dubwool|Dubwool, M|100/100
|-damage|p2a: Dubwool|88/100|[from] Stealth Rock
|move|p1a: Aggron|Head Smash|p2a: Dubwool
|-damage|p2a: Dubwool|67/100
|-damage|p1a: Aggron|44/100|[from] item: Rocky Helmet|[of] p2a: Dubwool
|
|-heal|p1a: Aggron|50/100|[from] item: Leftovers
|upkeep
|turn|9
|
|t:|1655478159
|switch|p1a: Sandaconda|Sandaconda, M|84/100
|-damage|p1a: Sandaconda|78/100|[from] Stealth Rock
|move|p2a: Dubwool|Body Press|p1a: Sandaconda
|-damage|p1a: Sandaconda|57/100
|
|-heal|p1a: Sandaconda|63/100|[from] item: Leftovers
|upkeep
|turn|10
|
|t:|1655478166
|switch|p2a: Ribombee|Ribombee, F|100/100
|-damage|p2a: Ribombee|76/100|[from] Stealth Rock
|move|p1a: Sandaconda|Earthquake|p2a: Ribombee
|-resisted|p2a: Ribombee
|-damage|p2a: Ribombee|39/100
|
|-heal|p1a: Sandaconda|69/100|[from] item: Leftovers
|upkeep
|turn|11
|
|t:|1655478168
|move|p2a: Ribombee|Moonblast|p1a: Sandaconda
|-damage|p1a: Sandaconda|15/100
|-unboost|p1a: Sandaconda|spa|1
|move|p1a: Sandaconda|Stone Edge|p2a: Ribombee
|-supereffective|p2a: Ribombee
|-damage|p2a: Ribombee|0 fnt
|faint|p2a: Ribombee
|
|-heal|p1a: Sandaconda|21/100|[from] item: Leftovers
|upkeep
|
|t:|1655478172
|switch|p2a: Charizard|Charizard, M|100/100
|turn|12
|
|t:|1655478176
|switch|p2a: Flapple|Flapple, F|61/100
|-damage|p2a: Flapple|48/100|[from] Stealth Rock
|switch|p1a: Lanturn|Lanturn, F|100/100
|-damage|p1a: Lanturn|88/100|[from] Stealth Rock
|
|upkeep
|turn|13
|
|t:|1655478179
|switch|p1a: Aggron|Aggron, F|50/100
|-damage|p1a: Aggron|44/100|[from] Stealth Rock
|move|p2a: Flapple|Grav Apple|p1a: Aggron
|-damage|p1a: Aggron|23/100
|-unboost|p1a: Aggron|def|1
|
|-heal|p1a: Aggron|29/100|[from] item: Leftovers
|upkeep
|turn|14
|
|t:|1655478185
|switch|p1a: Gourgeist|Gourgeist-Super, F|100/100
|-damage|p1a: Gourgeist|88/100|[from] Stealth Rock
|move|p2a: Flapple|Grav Apple|p1a: Gourgeist
|-resisted|p1a: Gourgeist
|-damage|p1a: Gourgeist|78/100
|-unboost|p1a: Gourgeist|def|1
|
|upkeep
|turn|15
|
|t:|1655478189
|move|p2a: Flapple|Substitute|p2a: Flapple
|-start|p2a: Flapple|Substitute
|-damage|p2a: Flapple|23/100
|-activate|p2a: Flapple|ability: Ripen
|-enditem|p2a: Flapple|Liechi Berry|[eat]
|-boost|p2a: Flapple|atk|2|[from] item: Liechi Berry
|move|p1a: Gourgeist|Synthesis|p1a: Gourgeist
|-heal|p1a: Gourgeist|100/100
|
|upkeep
|turn|16
|
|t:|1655478194
|switch|p1a: Sandaconda|Sandaconda, M|21/100
|-damage|p1a: Sandaconda|15/100|[from] Stealth Rock
|move|p2a: Flapple|Dragon Dance|p2a: Flapple
|-boost|p2a: Flapple|atk|1
|-boost|p2a: Flapple|spe|1
|
|-heal|p1a: Sandaconda|21/100|[from] item: Leftovers
|upkeep
|turn|17
|
|t:|1655478198
|move|p2a: Flapple|Grav Apple|p1a: Sandaconda
|-supereffective|p1a: Sandaconda
|-crit|p1a: Sandaconda
|-damage|p1a: Sandaconda|0 fnt
|faint|p1a: Sandaconda
|
|upkeep
|
|t:|1655478198
|switch|p1a: Aggron|Aggron, F|29/100
|-damage|p1a: Aggron|23/100|[from] Stealth Rock
|turn|18
|
|t:|1655478199
|move|p2a: Flapple|Grav Apple|p1a: Aggron
|-damage|p1a: Aggron|0 fnt
|faint|p1a: Aggron
|
|upkeep
|
|t:|1655478199
|switch|p1a: Lanturn|Lanturn, F|88/100
|-damage|p1a: Lanturn|76/100|[from] Stealth Rock
|turn|19
|
|t:|1655478201
|move|p2a: Flapple|Grav Apple|p1a: Lanturn
|-supereffective|p1a: Lanturn
|-damage|p1a: Lanturn|0 fnt
|faint|p1a: Lanturn
|
|upkeep
|
|t:|1655478201
|switch|p1a: Mesprit|Mesprit|100/100
|-damage|p1a: Mesprit|88/100|[from] Stealth Rock
|turn|20
|
|t:|1655478203
|move|p2a: Flapple|Grav Apple|p1a: Mesprit
|-damage|p1a: Mesprit|0 fnt
|faint|p1a: Mesprit
|
|upkeep
|
|t:|1655478203
|switch|p1a: Gourgeist|Gourgeist-Super, F|100/100
|-damage|p1a: Gourgeist|88/100|[from] Stealth Rock
|turn|21
|
|t:|1655478204
|move|p2a: Flapple|Acrobatics|p1a: Gourgeist
|-supereffective|p1a: Gourgeist
|-damage|p1a: Gourgeist|0 fnt
|faint|p1a: Gourgeist
|
|upkeep
|
|t:|1655478204
|switch|p1a: Silvally|Silvally-Fairy|100/100
|-damage|p1a: Silvally|88/100|[from] Stealth Rock
|turn|22
|
|t:|1655478206
|move|p2a: Flapple|Grav Apple|p1a: Silvally
|-damage|p1a: Silvally|0 fnt
|faint|p1a: Silvally
|
|win|yassy slay
|raw|PU24hBot's rating: 1347 &rarr; <strong>1339</strong><br />(-8 for losing)
|raw|yassy slay's rating: 1580 &rarr; <strong>1588</strong><br />(+8 for winning)
|l|‽PU24hBot
|l|☆yassy slay
||Ladder isn't responding, score probably updated but might not have (Request timeout).
