|j|☆yassy slay
|j|☆Haffling tester
|t:|1652533167
|gametype|singles
|player|p1|yassy slay|2|1587
|player|p2|Haffling tester|cyrus|1453
|teamsize|p1|6
|teamsize|p2|6
|gen|8
|tier|[Gen 8] PU
|rated|
|rule|Sleep Clause Mod: Limit one foe put to sleep
|rule|Species Clause: Limit one of each Pokémon
|rule|OHKO Clause: OHKO moves are banned
|rule|Evasion Moves Clause: Evasion moves are banned
|rule|Endless Battle Clause: Forcing endless battles is banned
|rule|HP Percentage Mod: HP is shown in percentages
|rule|Dynamax Clause: You cannot dynamax
|clearpoke
|poke|p1|Lunatone|
|poke|p1|Scrafty, F|
|poke|p1|Aggron, F|
|poke|p1|Comfey, M|
|poke|p1|Thwackey, M|
|poke|p1|Accelgor, M|
|poke|p2|Jynx, F|
|poke|p2|Eldegoss, M|
|poke|p2|Aggron, M|
|poke|p2|Silvally-*|
|poke|p2|Wishiwashi, M|
|poke|p2|Comfey, F|
|teampreview
|
|t:|1652533179
|start
|switch|p1a: Thwackey|Thwackey, M|100/100
|switch|p2a: Aggron|Aggron, M|100/100
|-fieldstart|move: Grassy Terrain|[from] ability: Grassy Surge|[of] p1a: Thwackey
|turn|1
|
|t:|1652533186
|move|p1a: Thwackey|Knock Off|p2a: Aggron
|-damage|p2a: Aggron|82/100
|-enditem|p2a: Aggron|Leftovers|[from] move: Knock Off|[of] p1a: Thwackey
|move|p2a: Aggron|Stealth Rock|p1a: Thwackey
|-sidestart|p1: yassy slay|move: Stealth Rock
|
|-heal|p2a: Aggron|89/100|[from] Grassy Terrain
|upkeep
|turn|2
|
|t:|1652533195
|move|p1a: Thwackey|U-turn|p2a: Aggron
|-resisted|p2a: Aggron
|-damage|p2a: Aggron|82/100
|
|t:|1652533199
|switch|p1a: Scrafty|Scrafty, F|100/100|[from]move: U-turn
|-damage|p1a: Scrafty|95/100|[from] Stealth Rock
|move|p2a: Aggron|Toxic|p1a: Scrafty
|-status|p1a: Scrafty|tox
|
|-heal|p1a: Scrafty|100/100 tox|[from] Grassy Terrain
|-heal|p2a: Aggron|88/100|[from] Grassy Terrain
|-damage|p1a: Scrafty|95/100 tox|[from] psn
|upkeep
|turn|3
|
|t:|1652533210
|switch|p2a: Comfey|Comfey, F|100/100
|move|p1a: Scrafty|Close Combat|p2a: Comfey
|-resisted|p2a: Comfey
|-damage|p2a: Comfey|73/100
|-unboost|p1a: Scrafty|def|1
|-unboost|p1a: Scrafty|spd|1
|
|-heal|p1a: Scrafty|100/100 tox|[from] Grassy Terrain
|-heal|p2a: Comfey|80/100|[from] Grassy Terrain
|-damage|p1a: Scrafty|89/100 tox|[from] psn
|upkeep
|turn|4
|
|t:|1652533221
|switch|p1a: Accelgor|Accelgor, M|100/100
|move|p2a: Comfey|U-turn|p1a: Accelgor
|-damage|p1a: Accelgor|90/100
|j| ii88
|
|t:|1652533231
|switch|p2a: Aggron|Aggron, M|88/100|[from]move: U-turn
|
|-heal|p1a: Accelgor|96/100|[from] Grassy Terrain
|-heal|p2a: Aggron|94/100|[from] Grassy Terrain
|upkeep
|turn|5
|
|t:|1652533245
|switch|p1a: Aggron|Aggron, F|100/100
|-damage|p1a: Aggron|94/100|[from] Stealth Rock
|move|p2a: Aggron|Heavy Slam|p1a: Aggron
|-damage|p1a: Aggron|85/100
|
|-heal|p1a: Aggron|91/100|[from] Grassy Terrain
|-heal|p2a: Aggron|100/100|[from] Grassy Terrain
|-heal|p1a: Aggron|98/100|[from] item: Leftovers
|-fieldend|move: Grassy Terrain
|upkeep
|turn|6
|
|t:|1652533252
|switch|p2a: Wishiwashi|Wishiwashi, M|100/100
|-formechange|p2a: Wishiwashi|Wishiwashi-School||[from] ability: Schooling
|move|p1a: Aggron|Stealth Rock|p2a: Wishiwashi
|-sidestart|p2: Haffling tester|move: Stealth Rock
|
|-heal|p1a: Aggron|100/100|[from] item: Leftovers
|upkeep
|turn|7
|
|t:|1652533259
|switch|p1a: Thwackey|Thwackey, M|100/100
|-damage|p1a: Thwackey|88/100|[from] Stealth Rock
|-fieldstart|move: Grassy Terrain|[from] ability: Grassy Surge|[of] p1a: Thwackey
|move|p2a: Wishiwashi|U-turn|p1a: Thwackey
|-supereffective|p1a: Thwackey
|-damage|p1a: Thwackey|47/100
|
|t:|1652533266
|switch|p2a: Silvally|Silvally-Dark|100/100|[from]move: U-turn
|-damage|p2a: Silvally|88/100|[from] Stealth Rock
|
|-heal|p2a: Silvally|94/100|[from] Grassy Terrain
|-heal|p1a: Thwackey|53/100|[from] Grassy Terrain
|upkeep
|turn|8
|
|t:|1652533272
|switch|p1a: Comfey|Comfey, M|100/100
|move|p2a: Silvally|U-turn|p1a: Comfey
|-resisted|p1a: Comfey
|-damage|p1a: Comfey|92/100
|
|t:|1652533275
|switch|p2a: Aggron|Aggron, M|100/100|[from]move: U-turn
|-damage|p2a: Aggron|94/100|[from] Stealth Rock
|
|-heal|p1a: Comfey|99/100|[from] Grassy Terrain
|-heal|p2a: Aggron|100/100|[from] Grassy Terrain
|upkeep
|turn|9
|
|t:|1652533279
|move|p1a: Comfey|U-turn|p2a: Aggron
|-resisted|p2a: Aggron
|-damage|p2a: Aggron|98/100
|
|t:|1652533283
|switch|p1a: Aggron|Aggron, F|100/100|[from]move: U-turn
|-damage|p1a: Aggron|94/100|[from] Stealth Rock
|move|p2a: Aggron|Heavy Slam|p1a: Aggron
|-damage|p1a: Aggron|85/100
|
|-heal|p2a: Aggron|100/100|[from] Grassy Terrain
|-heal|p1a: Aggron|91/100|[from] Grassy Terrain
|-heal|p1a: Aggron|98/100|[from] item: Leftovers
|upkeep
|turn|10
|
|t:|1652533292
|switch|p2a: Wishiwashi|Wishiwashi, M|100/100
|-damage|p2a: Wishiwashi|88/100|[from] Stealth Rock
|-formechange|p2a: Wishiwashi|Wishiwashi-School||[from] ability: Schooling
|move|p1a: Aggron|Head Smash|p2a: Wishiwashi
|-damage|p2a: Wishiwashi|36/100
|
|-heal|p1a: Aggron|100/100|[from] Grassy Terrain
|-heal|p2a: Wishiwashi|42/100|[from] Grassy Terrain
|-heal|p2a: Wishiwashi|48/100|[from] item: Leftovers
|upkeep
|turn|11
|
|t:|1652533300
|move|p1a: Aggron|Head Smash|p2a: Wishiwashi
|-damage|p2a: Wishiwashi|0 fnt
|faint|p2a: Wishiwashi
|
|-fieldend|move: Grassy Terrain
|upkeep
|
|t:|1652533306
|switch|p2a: Jynx|Jynx, F|100/100
|turn|12
|
|t:|1652533326
|switch|p1a: Comfey|Comfey, M|99/100
|move|p2a: Jynx|Focus Blast|p1a: Comfey
|-resisted|p1a: Comfey
|-damage|p1a: Comfey|79/100
|
|upkeep
|turn|13
|
|t:|1652533333
|switch|p2a: Aggron|Aggron, M|100/100
|-damage|p2a: Aggron|94/100|[from] Stealth Rock
|move|p1a: Comfey|U-turn|p2a: Aggron
|-resisted|p2a: Aggron
|-damage|p2a: Aggron|92/100
|
|t:|1652533339
|switch|p1a: Aggron|Aggron, F|100/100|[from]move: U-turn
|-damage|p1a: Aggron|94/100|[from] Stealth Rock
|
|-heal|p1a: Aggron|100/100|[from] item: Leftovers
|upkeep
|turn|14
|
|t:|1652533349
|move|p1a: Aggron|Body Press|p2a: Aggron
|-supereffective|p2a: Aggron
|-damage|p2a: Aggron|19/100
|move|p2a: Aggron|Heavy Slam|p1a: Aggron
|-damage|p1a: Aggron|91/100
|
|-heal|p1a: Aggron|97/100|[from] item: Leftovers
|upkeep
|turn|15
|c|☆Haffling tester|boo
|c|☆Haffling tester|boo
|
|t:|1652533365
|switch|p2a: Eldegoss|Eldegoss, M|100/100
|move|p1a: Aggron|Body Press|p2a: Eldegoss
|-damage|p2a: Eldegoss|72/100
|
|-heal|p1a: Aggron|100/100|[from] item: Leftovers
|upkeep
|turn|16
|
|t:|1652533369
|switch|p1a: Accelgor|Accelgor, M|96/100
|move|p2a: Eldegoss|Rapid Spin|p1a: Accelgor
|-damage|p1a: Accelgor|88/100
|-boost|p2a: Eldegoss|spe|1
|-sideend|p2: Haffling tester|Stealth Rock|[from] move: Rapid Spin|[of] p2a: Eldegoss
|
|upkeep
|turn|17
|
|t:|1652533374
|switch|p2a: Comfey|Comfey, F|80/100
|move|p1a: Accelgor|Toxic Spikes|p2a: Comfey
|-sidestart|p2: Haffling tester|move: Toxic Spikes
|
|upkeep
|turn|18
|
|t:|1652533381
|switch|p1a: Lunatone|Lunatone|100/100
|-damage|p1a: Lunatone|88/100|[from] Stealth Rock
|move|p2a: Comfey|U-turn|p1a: Lunatone
|-supereffective|p1a: Lunatone
|-damage|p1a: Lunatone|62/100
|
|t:|1652533385
|switch|p2a: Eldegoss|Eldegoss, M|100/100|[from]move: U-turn
|
|-heal|p1a: Lunatone|69/100|[from] item: Leftovers
|upkeep
|turn|19
|
|t:|1652533388
|move|p1a: Lunatone|Future Sight|p2a: Eldegoss
|-start|p1a: Lunatone|move: Future Sight
|move|p2a: Eldegoss|Leech Seed|p1a: Lunatone
|-start|p1a: Lunatone|move: Leech Seed
|
|-heal|p1a: Lunatone|75/100|[from] item: Leftovers
|-damage|p1a: Lunatone|62/100|[from] Leech Seed|[of] p2a: Eldegoss
|upkeep
|turn|20
|
|t:|1652533405
|switch|p1a: Scrafty|Scrafty, F|89/100 tox
|-damage|p1a: Scrafty|83/100 tox|[from] Stealth Rock
|move|p2a: Eldegoss|Rapid Spin|p1a: Scrafty
|-damage|p1a: Scrafty|76/100 tox
|-boost|p2a: Eldegoss|spe|1
|-sideend|p2: Haffling tester|Toxic Spikes|[from] move: Rapid Spin|[of] p2a: Eldegoss
|
|-activate|p1a: Scrafty|ability: Shed Skin
|-curestatus|p1a: Scrafty|tox|[msg]
|-heal|p1a: Scrafty|82/100|[from] item: Leftovers
|upkeep
|turn|21
|
|t:|1652533411
|switch|p2a: Comfey|Comfey, F|80/100
|move|p1a: Scrafty|Dragon Dance|p1a: Scrafty
|-boost|p1a: Scrafty|atk|1
|-boost|p1a: Scrafty|spe|1
|
|-end|p2a: Comfey|move: Future Sight
|-damage|p2a: Comfey|21/100
|-heal|p1a: Scrafty|88/100|[from] item: Leftovers
|upkeep
|turn|22
|
|t:|1652533414
|move|p2a: Comfey|Draining Kiss|p1a: Scrafty
|-supereffective|p1a: Scrafty
|-damage|p1a: Scrafty|0 fnt
|-heal|p2a: Comfey|79/100|[from] drain|[of] p1a: Scrafty
|faint|p1a: Scrafty
|
|upkeep
|
|t:|1652533421
|switch|p1a: Accelgor|Accelgor, M|88/100
|turn|23
|
|t:|1652533427
|move|p1a: Accelgor|Toxic Spikes|p2a: Comfey
|-sidestart|p2: Haffling tester|move: Toxic Spikes
|move|p2a: Comfey|Calm Mind|p2a: Comfey
|-boost|p2a: Comfey|spa|1
|-boost|p2a: Comfey|spd|1
|
|upkeep
|turn|24
|
|t:|1652533431
|switch|p1a: Aggron|Aggron, F|100/100
|-damage|p1a: Aggron|94/100|[from] Stealth Rock
|move|p2a: Comfey|Draining Kiss|p1a: Aggron
|-resisted|p1a: Aggron
|-damage|p1a: Aggron|77/100
|-heal|p2a: Comfey|94/100|[from] drain|[of] p1a: Aggron
|
|-heal|p1a: Aggron|83/100|[from] item: Leftovers
|upkeep
|turn|25
|
|t:|1652533436
|move|p2a: Comfey|U-turn|p1a: Aggron
|-resisted|p1a: Aggron
|-damage|p1a: Aggron|80/100
|
|t:|1652533439
|switch|p2a: Eldegoss|Eldegoss, M|100/100|[from]move: U-turn
|move|p1a: Aggron|Head Smash|p2a: Eldegoss
|-damage|p2a: Eldegoss|57/100
|
|-heal|p1a: Aggron|86/100|[from] item: Leftovers
|upkeep
|turn|26
|
|t:|1652533445
|switch|p1a: Thwackey|Thwackey, M|53/100
|-damage|p1a: Thwackey|41/100|[from] Stealth Rock
|-fieldstart|move: Grassy Terrain|[from] ability: Grassy Surge|[of] p1a: Thwackey
|move|p2a: Eldegoss|Rapid Spin|p1a: Thwackey
|-damage|p1a: Thwackey|34/100
|-boost|p2a: Eldegoss|spe|1
|-sideend|p2: Haffling tester|Toxic Spikes|[from] move: Rapid Spin|[of] p2a: Eldegoss
|
|-heal|p2a: Eldegoss|63/100|[from] Grassy Terrain
|-heal|p1a: Thwackey|40/100|[from] Grassy Terrain
|upkeep
|turn|27
|
|t:|1652533453
|switch|p2a: Silvally|Silvally-Dark|94/100
|move|p1a: Thwackey|Knock Off|p2a: Silvally
|-resisted|p2a: Silvally
|-damage|p2a: Silvally|84/100
|
|-heal|p2a: Silvally|90/100|[from] Grassy Terrain
|-heal|p1a: Thwackey|46/100|[from] Grassy Terrain
|upkeep
|turn|28
|
|t:|1652533462
|switch|p1a: Comfey|Comfey, M|79/100
|move|p2a: Silvally|U-turn|p1a: Comfey
|-resisted|p1a: Comfey
|-damage|p1a: Comfey|70/100
|
|t:|1652533464
|switch|p2a: Aggron|Aggron, M|19/100|[from]move: U-turn
|
|-heal|p1a: Comfey|76/100|[from] Grassy Terrain
|-heal|p2a: Aggron|25/100|[from] Grassy Terrain
|upkeep
|turn|29
|
|t:|1652533470
|move|p1a: Comfey|U-turn|p2a: Aggron
|-resisted|p2a: Aggron
|-damage|p2a: Aggron|22/100
|
|t:|1652533472
|switch|p1a: Aggron|Aggron, F|86/100|[from]move: U-turn
|-damage|p1a: Aggron|80/100|[from] Stealth Rock
|move|p2a: Aggron|Heavy Slam|p1a: Aggron
|-damage|p1a: Aggron|71/100
|
|-heal|p2a: Aggron|28/100|[from] Grassy Terrain
|-heal|p1a: Aggron|77/100|[from] Grassy Terrain
|-heal|p1a: Aggron|83/100|[from] item: Leftovers
|upkeep
|turn|30
|
|t:|1652533480
|switch|p2a: Eldegoss|Eldegoss, M|96/100
|move|p1a: Aggron|Body Press|p2a: Eldegoss
|-damage|p2a: Eldegoss|72/100
|
|-heal|p2a: Eldegoss|79/100|[from] Grassy Terrain
|-heal|p1a: Aggron|89/100|[from] Grassy Terrain
|-heal|p1a: Aggron|95/100|[from] item: Leftovers
|-fieldend|move: Grassy Terrain
|upkeep
|turn|31
|
|t:|1652533487
|switch|p1a: Accelgor|Accelgor, M|88/100
|move|p2a: Eldegoss|Giga Drain|p1a: Accelgor
|-resisted|p1a: Accelgor
|-damage|p1a: Accelgor|70/100
|-heal|p2a: Eldegoss|88/100|[from] drain|[of] p1a: Accelgor
|
|upkeep
|turn|32
|
|t:|1652533496
|move|p1a: Accelgor|Toxic Spikes|p2a: Eldegoss
|-sidestart|p2: Haffling tester|move: Toxic Spikes
|move|p2a: Eldegoss|Leech Seed|p1a: Accelgor
|-start|p1a: Accelgor|move: Leech Seed
|
|-damage|p1a: Accelgor|58/100|[from] Leech Seed|[of] p2a: Eldegoss
|-heal|p2a: Eldegoss|99/100|[silent]
|upkeep
|turn|33
|
|t:|1652533500
|move|p1a: Accelgor|Knock Off|p2a: Eldegoss
|-damage|p2a: Eldegoss|88/100
|-enditem|p2a: Eldegoss|Heavy-Duty Boots|[from] move: Knock Off|[of] p1a: Accelgor
|move|p2a: Eldegoss|Rapid Spin|p1a: Accelgor
|-damage|p1a: Accelgor|50/100
|-boost|p2a: Eldegoss|spe|1
|-sideend|p2: Haffling tester|Toxic Spikes|[from] move: Rapid Spin|[of] p2a: Eldegoss
|
|-damage|p1a: Accelgor|38/100|[from] Leech Seed|[of] p2a: Eldegoss
|-heal|p2a: Eldegoss|100/100|[silent]
|upkeep
|turn|34
|
|t:|1652533503
|move|p1a: Accelgor|Recover|p1a: Accelgor
|-heal|p1a: Accelgor|88/100
|move|p2a: Eldegoss|Giga Drain|p1a: Accelgor
|-resisted|p1a: Accelgor
|-damage|p1a: Accelgor|72/100
|
|-damage|p1a: Accelgor|60/100|[from] Leech Seed|[of] p2a: Eldegoss
|upkeep
|turn|35
|
|t:|1652533507
|move|p1a: Accelgor|Toxic Spikes|p2a: Eldegoss
|-sidestart|p2: Haffling tester|move: Toxic Spikes
|move|p2a: Eldegoss|Giga Drain|p1a: Accelgor
|-resisted|p1a: Accelgor
|-damage|p1a: Accelgor|42/100
|
|-damage|p1a: Accelgor|30/100|[from] Leech Seed|[of] p2a: Eldegoss
|upkeep
|turn|36
|
|t:|1652533512
|move|p1a: Accelgor|Recover|p1a: Accelgor
|-heal|p1a: Accelgor|80/100
|move|p2a: Eldegoss|Rapid Spin|p1a: Accelgor
|-damage|p1a: Accelgor|72/100
|-boost|p2a: Eldegoss|spe|1
|-sideend|p2: Haffling tester|Toxic Spikes|[from] move: Rapid Spin|[of] p2a: Eldegoss
|
|-damage|p1a: Accelgor|59/100|[from] Leech Seed|[of] p2a: Eldegoss
|upkeep
|turn|37
|
|t:|1652533516
|move|p1a: Accelgor|Bug Buzz|p2a: Eldegoss
|-supereffective|p2a: Eldegoss
|-damage|p2a: Eldegoss|43/100
|move|p2a: Eldegoss|Giga Drain|p1a: Accelgor
|-resisted|p1a: Accelgor
|-damage|p1a: Accelgor|43/100
|-heal|p2a: Eldegoss|51/100|[from] drain|[of] p1a: Accelgor
|
|-damage|p1a: Accelgor|31/100|[from] Leech Seed|[of] p2a: Eldegoss
|-heal|p2a: Eldegoss|64/100|[silent]
|upkeep
|turn|38
|
|t:|1652533523
|move|p1a: Accelgor|Recover|p1a: Accelgor
|-heal|p1a: Accelgor|81/100
|move|p2a: Eldegoss|Giga Drain|p1a: Accelgor
|-resisted|p1a: Accelgor
|-damage|p1a: Accelgor|63/100
|-heal|p2a: Eldegoss|73/100|[from] drain|[of] p1a: Accelgor
|
|-damage|p1a: Accelgor|51/100|[from] Leech Seed|[of] p2a: Eldegoss
|-heal|p2a: Eldegoss|85/100|[silent]
|upkeep
|turn|39
|
|t:|1652533533
|switch|p1a: Aggron|Aggron, F|95/100
|-damage|p1a: Aggron|89/100|[from] Stealth Rock
|move|p2a: Eldegoss|Giga Drain|p1a: Aggron
|-damage|p1a: Aggron|69/100
|-heal|p2a: Eldegoss|96/100|[from] drain|[of] p1a: Aggron
|
|-heal|p1a: Aggron|75/100|[from] item: Leftovers
|upkeep
|turn|40
|
|t:|1652533540
|move|p2a: Eldegoss|Leech Seed|p1a: Aggron
|-start|p1a: Aggron|move: Leech Seed
|move|p1a: Aggron|Stealth Rock|p2a: Eldegoss
|-sidestart|p2: Haffling tester|move: Stealth Rock
|
|-heal|p1a: Aggron|82/100|[from] item: Leftovers
|-damage|p1a: Aggron|69/100|[from] Leech Seed|[of] p2a: Eldegoss
|-heal|p2a: Eldegoss|100/100|[silent]
|upkeep
|turn|41
|
|t:|1652533543
|switch|p1a: Accelgor|Accelgor, M|51/100
|move|p2a: Eldegoss|Rapid Spin|p1a: Accelgor
|-damage|p1a: Accelgor|43/100
|-boost|p2a: Eldegoss|spe|1
|-sideend|p2: Haffling tester|Stealth Rock|[from] move: Rapid Spin|[of] p2a: Eldegoss
|
|upkeep
|turn|42
|
|t:|1652533550
|move|p2a: Eldegoss|Leech Seed|p1a: Accelgor
|-start|p1a: Accelgor|move: Leech Seed
|move|p1a: Accelgor|Recover|p1a: Accelgor
|-heal|p1a: Accelgor|93/100
|
|-damage|p1a: Accelgor|81/100|[from] Leech Seed|[of] p2a: Eldegoss
|upkeep
|turn|43
|
|t:|1652533553
|switch|p1a: Thwackey|Thwackey, M|46/100
|-damage|p1a: Thwackey|34/100|[from] Stealth Rock
|-fieldstart|move: Grassy Terrain|[from] ability: Grassy Surge|[of] p1a: Thwackey
|move|p2a: Eldegoss|Giga Drain|p1a: Thwackey
|-resisted|p1a: Thwackey
|-damage|p1a: Thwackey|17/100
|
|-heal|p1a: Thwackey|23/100|[from] Grassy Terrain
|upkeep
|turn|44
|
|t:|1652533558
|move|p1a: Thwackey|Grassy Glide|p2a: Eldegoss
|-resisted|p2a: Eldegoss
|-damage|p2a: Eldegoss|84/100
|move|p2a: Eldegoss|Giga Drain|p1a: Thwackey
|-resisted|p1a: Thwackey
|-damage|p1a: Thwackey|7/100
|-heal|p2a: Eldegoss|92/100|[from] drain|[of] p1a: Thwackey
|
|-heal|p2a: Eldegoss|98/100|[from] Grassy Terrain
|-heal|p1a: Thwackey|13/100|[from] Grassy Terrain
|upkeep
|turn|45
|
|t:|1652533562
|move|p2a: Eldegoss|Giga Drain|p1a: Thwackey
|-resisted|p1a: Thwackey
|-damage|p1a: Thwackey|0 fnt
|-heal|p2a: Eldegoss|100/100|[from] drain|[of] p1a: Thwackey
|faint|p1a: Thwackey
|
|upkeep
|j| Blouplouf
|
|t:|1652533568
|switch|p1a: Accelgor|Accelgor, M|81/100
|turn|46
|
|t:|1652533573
|move|p2a: Eldegoss|Leech Seed|p1a: Accelgor
|-start|p1a: Accelgor|move: Leech Seed
|move|p1a: Accelgor|Bug Buzz|p2a: Eldegoss
|-supereffective|p2a: Eldegoss
|-damage|p2a: Eldegoss|45/100
|
|-heal|p2a: Eldegoss|51/100|[from] Grassy Terrain
|-heal|p1a: Accelgor|87/100|[from] Grassy Terrain
|-damage|p1a: Accelgor|75/100|[from] Leech Seed|[of] p2a: Eldegoss
|-heal|p2a: Eldegoss|63/100|[silent]
|upkeep
|turn|47
|
|t:|1652533578
|move|p2a: Eldegoss|Giga Drain|p1a: Accelgor
|-resisted|p1a: Accelgor
|-damage|p1a: Accelgor|54/100
|-heal|p2a: Eldegoss|74/100|[from] drain|[of] p1a: Accelgor
|move|p1a: Accelgor|Bug Buzz|p2a: Eldegoss
|-supereffective|p2a: Eldegoss
|-damage|p2a: Eldegoss|21/100
|
|-heal|p2a: Eldegoss|28/100|[from] Grassy Terrain
|-heal|p1a: Accelgor|60/100|[from] Grassy Terrain
|-damage|p1a: Accelgor|48/100|[from] Leech Seed|[of] p2a: Eldegoss
|-heal|p2a: Eldegoss|40/100|[silent]
|-fieldend|move: Grassy Terrain
|upkeep
|turn|48
|
|t:|1652533592
|switch|p2a: Aggron|Aggron, M|28/100
|move|p1a: Accelgor|Recover|p1a: Accelgor
|-heal|p1a: Accelgor|98/100
|
|-damage|p1a: Accelgor|86/100|[from] Leech Seed|[of] p2a: Aggron
|-heal|p2a: Aggron|40/100|[silent]
|upkeep
|turn|49
|
|t:|1652533600
|switch|p1a: Aggron|Aggron, F|69/100
|-damage|p1a: Aggron|63/100|[from] Stealth Rock
|move|p2a: Aggron|Heavy Slam|p1a: Aggron
|-damage|p1a: Aggron|53/100
|
|-heal|p1a: Aggron|60/100|[from] item: Leftovers
|upkeep
|turn|50
|
|t:|1652533607
|switch|p2a: Comfey|Comfey, F|94/100
|move|p1a: Aggron|Body Press|p2a: Comfey
|-resisted|p2a: Comfey
|-damage|p2a: Comfey|75/100
|
|-heal|p1a: Aggron|66/100|[from] item: Leftovers
|upkeep
|turn|51
|
|t:|1652533613
|move|p2a: Comfey|U-turn|p1a: Aggron
|-resisted|p1a: Aggron
|-damage|p1a: Aggron|63/100
|
|t:|1652533616
|switch|p2a: Silvally|Silvally-Dark|90/100|[from]move: U-turn
|move|p1a: Aggron|Stealth Rock|p2a: Silvally
|-sidestart|p2: Haffling tester|move: Stealth Rock
|
|-heal|p1a: Aggron|69/100|[from] item: Leftovers
|upkeep
|turn|52
|
|t:|1652533621
|move|p2a: Silvally|U-turn|p1a: Aggron
|-resisted|p1a: Aggron
|-damage|p1a: Aggron|63/100
|
|t:|1652533624
|switch|p2a: Eldegoss|Eldegoss, M|73/100|[from]move: U-turn
|-damage|p2a: Eldegoss|61/100|[from] Stealth Rock
|move|p1a: Aggron|Body Press|p2a: Eldegoss
|-damage|p2a: Eldegoss|33/100
|
|-heal|p1a: Aggron|69/100|[from] item: Leftovers
|upkeep
|turn|53
|j| DJStankyJunk
|
|t:|1652533631
|switch|p2a: Aggron|Aggron, M|40/100
|-damage|p2a: Aggron|34/100|[from] Stealth Rock
|move|p1a: Aggron|Head Smash|p2a: Aggron
|-resisted|p2a: Aggron
|-damage|p2a: Aggron|16/100
|
|-heal|p1a: Aggron|75/100|[from] item: Leftovers
|upkeep
|turn|54
|
|t:|1652533636
|move|p1a: Aggron|Body Press|p2a: Aggron
|-supereffective|p2a: Aggron
|-damage|p2a: Aggron|0 fnt
|faint|p2a: Aggron
|
|-heal|p1a: Aggron|82/100|[from] item: Leftovers
|upkeep
|
|t:|1652533640
|switch|p2a: Jynx|Jynx, F|100/100
|turn|55
|
|t:|1652533644
|switch|p1a: Comfey|Comfey, M|76/100
|move|p2a: Jynx|Focus Blast|p1a: Comfey
|-resisted|p1a: Comfey
|-damage|p1a: Comfey|56/100
|
|upkeep
|turn|56
|
|t:|1652533653
|switch|p2a: Comfey|Comfey, F|75/100
|-damage|p2a: Comfey|62/100|[from] Stealth Rock
|move|p1a: Comfey|U-turn|p2a: Comfey
|-resisted|p2a: Comfey
|-damage|p2a: Comfey|57/100
|
|t:|1652533657
|switch|p1a: Aggron|Aggron, F|82/100|[from]move: U-turn
|-damage|p1a: Aggron|75/100|[from] Stealth Rock
|
|-heal|p1a: Aggron|82/100|[from] item: Leftovers
|upkeep
|turn|57
|
|t:|1652533662
|move|p2a: Comfey|Giga Drain|p1a: Aggron
|-damage|p1a: Aggron|62/100
|-heal|p2a: Comfey|68/100|[from] drain|[of] p1a: Aggron
|move|p1a: Aggron|Body Press|p2a: Comfey
|-resisted|p2a: Comfey
|-damage|p2a: Comfey|48/100
|
|-heal|p1a: Aggron|69/100|[from] item: Leftovers
|upkeep
|turn|58
|
|t:|1652533668
|move|p2a: Comfey|Giga Drain|p1a: Aggron
|-damage|p1a: Aggron|48/100
|-heal|p2a: Comfey|59/100|[from] drain|[of] p1a: Aggron
|move|p1a: Aggron|Head Smash|p2a: Comfey
|-damage|p2a: Comfey|0 fnt
|faint|p2a: Comfey
|
|-heal|p1a: Aggron|54/100|[from] item: Leftovers
|upkeep
|
|t:|1652533672
|switch|p2a: Eldegoss|Eldegoss, M|67/100
|-damage|p2a: Eldegoss|54/100|[from] Stealth Rock
|turn|59
|
|t:|1652533694
|switch|p1a: Lunatone|Lunatone|62/100
|-damage|p1a: Lunatone|50/100|[from] Stealth Rock
|move|p2a: Eldegoss|Rapid Spin|p1a: Lunatone
|-resisted|p1a: Lunatone
|-damage|p1a: Lunatone|46/100
|-boost|p2a: Eldegoss|spe|1
|-sideend|p2: Haffling tester|Stealth Rock|[from] move: Rapid Spin|[of] p2a: Eldegoss
|
|-heal|p1a: Lunatone|52/100|[from] item: Leftovers
|upkeep
|turn|60
|
|t:|1652533703
|move|p2a: Eldegoss|Leech Seed|p1a: Lunatone
|-start|p1a: Lunatone|move: Leech Seed
|move|p1a: Lunatone|Future Sight|p2a: Eldegoss
|-start|p1a: Lunatone|move: Future Sight
|
|-heal|p1a: Lunatone|58/100|[from] item: Leftovers
|-damage|p1a: Lunatone|46/100|[from] Leech Seed|[of] p2a: Eldegoss
|-heal|p2a: Eldegoss|67/100|[silent]
|upkeep
|turn|61
|
|t:|1652533724
|switch|p1a: Accelgor|Accelgor, M|86/100
|move|p2a: Eldegoss|Giga Drain|p1a: Accelgor
|-resisted|p1a: Accelgor
|-damage|p1a: Accelgor|70/100
|-heal|p2a: Eldegoss|75/100|[from] drain|[of] p1a: Accelgor
|
|upkeep
|turn|62
|
|t:|1652533727
|move|p1a: Accelgor|Bug Buzz|p2a: Eldegoss
|-supereffective|p2a: Eldegoss
|-damage|p2a: Eldegoss|23/100
|move|p2a: Eldegoss|Leech Seed|p1a: Accelgor
|-start|p1a: Accelgor|move: Leech Seed
|
|-end|p2a: Eldegoss|move: Future Sight
|-damage|p2a: Eldegoss|0 fnt
|faint|p2a: Eldegoss
|upkeep
|
|t:|1652533733
|switch|p2a: Jynx|Jynx, F|100/100
|turn|63
|c|☆Haffling tester|knock off probs kills
|
|t:|1652533796
|switch|p1a: Lunatone|Lunatone|46/100
|-damage|p1a: Lunatone|34/100|[from] Stealth Rock
|move|p2a: Jynx|Psyshock|p1a: Lunatone
|-resisted|p1a: Lunatone
|-damage|p1a: Lunatone|5/100
|
|-heal|p1a: Lunatone|11/100|[from] item: Leftovers
|upkeep
|turn|64
|
|t:|1652533803
|move|p2a: Jynx|Ice Beam|p1a: Lunatone
|-damage|p1a: Lunatone|0 fnt
|faint|p1a: Lunatone
|
|upkeep
|
|t:|1652533827
|switch|p1a: Comfey|Comfey, M|56/100
|turn|65
|
|t:|1652533830
|switch|p2a: Silvally|Silvally-Dark|90/100
|move|p1a: Comfey|U-turn|p2a: Silvally
|-supereffective|p2a: Silvally
|-damage|p2a: Silvally|70/100
|
|t:|1652533835
|switch|p1a: Accelgor|Accelgor, M|70/100|[from]move: U-turn
|
|upkeep
|turn|66
|
|t:|1652533839
|move|p1a: Accelgor|Bug Buzz|p2a: Silvally
|-supereffective|p2a: Silvally
|-damage|p2a: Silvally|7/100
|move|p2a: Silvally|Flame Charge|p1a: Accelgor
|-supereffective|p1a: Accelgor
|-damage|p1a: Accelgor|33/100
|-boost|p2a: Silvally|spe|1
|
|upkeep
|turn|67
|
|t:|1652533847
|switch|p1a: Comfey|Comfey, M|56/100
|move|p2a: Silvally|Multi-Attack|p1a: Comfey
|-resisted|p1a: Comfey
|-damage|p1a: Comfey|34/100
|
|upkeep
|turn|68
|
|t:|1652533850
|move|p1a: Comfey|Synthesis|p1a: Comfey
|-heal|p1a: Comfey|84/100
|move|p2a: Silvally|Multi-Attack|p1a: Comfey
|-resisted|p1a: Comfey
|-damage|p1a: Comfey|65/100
|
|upkeep
|turn|69
|
|t:|1652533862
|move|p2a: Silvally|Multi-Attack|p1a: Comfey
|-resisted|p1a: Comfey
|-damage|p1a: Comfey|41/100
|move|p1a: Comfey|Dazzling Gleam|p2a: Silvally
|-supereffective|p2a: Silvally
|-damage|p2a: Silvally|0 fnt
|faint|p2a: Silvally
|
|upkeep
|
|t:|1652533866
|switch|p2a: Jynx|Jynx, F|100/100
|turn|70
|
|t:|1652533877
|move|p1a: Comfey|Synthesis|p1a: Comfey
|-heal|p1a: Comfey|91/100
|move|p2a: Jynx|Ice Beam|p1a: Comfey
|-damage|p1a: Comfey|44/100
|
|upkeep
|turn|71
|
|t:|1652533882
|move|p1a: Comfey|Synthesis|p1a: Comfey
|-heal|p1a: Comfey|94/100
|move|p2a: Jynx|Ice Beam|p1a: Comfey
|-damage|p1a: Comfey|50/100
|
|upkeep
|turn|72
|
|t:|1652533884
|move|p2a: Jynx|Ice Beam|p1a: Comfey
|-damage|p1a: Comfey|6/100
|move|p1a: Comfey|U-turn|p2a: Jynx
|-supereffective|p2a: Jynx
|-crit|p2a: Jynx
|-damage|p2a: Jynx|16/100
|
|t:|1652533886
|switch|p1a: Accelgor|Accelgor, M|33/100|[from]move: U-turn
|
|upkeep
|turn|73
|
|t:|1652533888
|move|p1a: Accelgor|Knock Off|p2a: Jynx
|-supereffective|p2a: Jynx
|-damage|p2a: Jynx|0 fnt
|-enditem|p2a: Jynx|Heavy-Duty Boots|[from] move: Knock Off|[of] p1a: Accelgor
|faint|p2a: Jynx
|
|win|yassy slay
|raw|yassy slay's rating: 1587 &rarr; <strong>1600</strong><br />(+13 for winning)
|raw|Haffling tester's rating: 1453 &rarr; <strong>1440</strong><br />(-13 for losing)
|c|☆yassy slay|GG
|c|☆Haffling tester|unfort
|c|☆Haffling tester|gg
