|j|☆Everybo-D
|j|☆braden13579
|t:|1608438598
|player|p1|Everybo-D|1|1470
|player|p2|braden13579|190|1513
|teamsize|p1|6
|teamsize|p2|6
|gametype|singles
|gen|8
|tier|[Gen 8] PU
|rated|
|clearpoke
|poke|p1|Venipede, M|
|poke|p1|Jellicent, M|
|poke|p1|Whimsicott, F|
|poke|p1|Rapidash, M|
|poke|p1|Piloswine, F|
|poke|p1|Malamar, M|
|poke|p2|Sandaconda, M|
|poke|p2|Garbodor, M|
|poke|p2|Cofagrigus, M|
|poke|p2|Exploud, F|
|poke|p2|Lickilicky, F|
|poke|p2|Morpeko, F|
|rule|Sleep Clause Mod: Limit one foe put to sleep
|rule|Species Clause: Limit one of each Pokémon
|rule|OHKO Clause: OHKO moves are banned
|rule|Evasion Moves Clause: Evasion moves are banned
|rule|Endless Battle Clause: Forcing endless battles is banned
|rule|HP Percentage Mod: HP is shown in percentages
|rule|Dynamax Clause: You cannot dynamax
|teampreview
|inactive|Battle timer is ON: inactive players will automatically lose when time's up. (requested by Everybo-D)
|
|t:|1608438613
|start
|switch|p1a: Venipede|Venipede, M|100/100
|switch|p2a: Garbodor|Garbodor, M|100/100
|turn|1
|
|t:|1608438619
|move|p1a: Venipede|Spikes|p2a: Garbodor
|-sidestart|p2: braden13579|Spikes
|move|p2a: Garbodor|Spikes|p1a: Venipede
|-sidestart|p1: Everybo-D|Spikes
|
|-ability|p1a: Venipede|Speed Boost|boost
|-boost|p1a: Venipede|spe|1
|upkeep
|turn|2
|
|t:|1608438624
|move|p1a: Venipede|Spikes|p2a: Garbodor
|-sidestart|p2: braden13579|Spikes
|move|p2a: Garbodor|Spikes|p1a: Venipede
|-sidestart|p1: Everybo-D|Spikes
|
|-ability|p1a: Venipede|Speed Boost|boost
|-boost|p1a: Venipede|spe|1
|upkeep
|turn|3
|
|t:|1608438629
|move|p1a: Venipede|Spikes|p2a: Garbodor
|-sidestart|p2: braden13579|Spikes
|move|p2a: Garbodor|Spikes|p1a: Venipede
|-sidestart|p1: Everybo-D|Spikes
|
|-ability|p1a: Venipede|Speed Boost|boost
|-boost|p1a: Venipede|spe|1
|upkeep
|turn|4
|
|t:|1608438635
|move|p1a: Venipede|Toxic Spikes|p2a: Garbodor
|-sidestart|p2: braden13579|move: Toxic Spikes
|move|p2a: Garbodor|Toxic Spikes|p1a: Venipede
|-sidestart|p1: Everybo-D|move: Toxic Spikes
|
|-ability|p1a: Venipede|Speed Boost|boost
|-boost|p1a: Venipede|spe|1
|upkeep
|turn|5
|
|t:|1608438640
|move|p1a: Venipede|Poison Jab|p2a: Garbodor
|-resisted|p2a: Garbodor
|-damage|p2a: Garbodor|93/100
|-damage|p1a: Venipede|84/100|[from] item: Rocky Helmet|[of] p2a: Garbodor
|move|p2a: Garbodor|Toxic Spikes|p1a: Venipede
|-sidestart|p1: Everybo-D|move: Toxic Spikes
|
|-ability|p1a: Venipede|Speed Boost|boost
|-boost|p1a: Venipede|spe|1
|upkeep
|turn|6
|
|t:|1608438660
|move|p1a: Venipede|Endeavor|p2a: Garbodor
|-damage|p2a: Garbodor|40/100
|-damage|p1a: Venipede|68/100|[from] item: Rocky Helmet|[of] p2a: Garbodor
|move|p2a: Garbodor|Stomping Tantrum|p1a: Venipede
|-damage|p1a: Venipede|3/100
|
|-ability|p1a: Venipede|Speed Boost|boost
|-boost|p1a: Venipede|spe|1
|upkeep
|turn|7
|
|t:|1608438670
|move|p1a: Venipede|Endeavor|p2a: Garbodor
|-damage|p2a: Garbodor|2/100
|-damage|p1a: Venipede|0 fnt|[from] item: Rocky Helmet|[of] p2a: Garbodor
|faint|p1a: Venipede
|move|p2a: Garbodor|Stomping Tantrum|p1: Venipede|[notarget]
|-fail|p2a: Garbodor
|
|upkeep
|
|t:|1608438683
|switch|p1a: Whimsicott|Whimsicott, F|100/100
|-status|p1a: Whimsicott|tox
|-damage|p1a: Whimsicott|76/100 tox|[from] Spikes
|turn|8
|
|t:|1608438689
|move|p1a: Whimsicott|Moonblast|p2a: Garbodor
|-resisted|p2a: Garbodor
|-damage|p2a: Garbodor|0 fnt
|faint|p2a: Garbodor
|
|-heal|p1a: Whimsicott|82/100 tox|[from] item: Leftovers
|-damage|p1a: Whimsicott|76/100 tox|[from] psn
|upkeep
|
|t:|1608438696
|switch|p2a: Sandaconda|Sandaconda, M|100/100
|-status|p2a: Sandaconda|psn
|-damage|p2a: Sandaconda|75/100 psn|[from] Spikes
|turn|9
|
|t:|1608438707
|move|p1a: Whimsicott|Moonblast|p2a: Sandaconda
|-damage|p2a: Sandaconda|27/100 psn
|move|p2a: Sandaconda|Stealth Rock|p1a: Whimsicott
|-sidestart|p1: Everybo-D|move: Stealth Rock
|
|-heal|p1a: Whimsicott|82/100 tox|[from] item: Leftovers
|-activate|p2a: Sandaconda|ability: Shed Skin
|-curestatus|p2a: Sandaconda|psn|[msg]
|-heal|p2a: Sandaconda|33/100|[from] item: Leftovers
|-damage|p1a: Whimsicott|69/100 tox|[from] psn
|upkeep
|turn|10
|
|t:|1608438718
|move|p1a: Whimsicott|Moonblast|p2a: Sandaconda
|-damage|p2a: Sandaconda|0 fnt
|faint|p2a: Sandaconda
|
|-heal|p1a: Whimsicott|76/100 tox|[from] item: Leftovers
|-damage|p1a: Whimsicott|57/100 tox|[from] psn
|upkeep
|
|t:|1608438725
|switch|p2a: Exploud|Exploud, F|100/100
|-status|p2a: Exploud|psn
|-damage|p2a: Exploud|76/100 psn|[from] Spikes
|turn|11
|
|t:|1608438735
|move|p1a: Whimsicott|Moonblast|p2a: Exploud
|-damage|p2a: Exploud|29/100 psn
|-unboost|p2a: Exploud|spa|1
|move|p2a: Exploud|Boomburst|p1a: Whimsicott
|-damage|p1a: Whimsicott|0 fnt
|faint|p1a: Whimsicott
|
|-damage|p2a: Exploud|17/100 psn|[from] psn
|upkeep
|
|t:|1608438745
|switch|p1a: Rapidash|Rapidash, M|100/100
|turn|12
|
|t:|1608438748
|move|p1a: Rapidash|Flare Blitz|p2a: Exploud
|-damage|p2a: Exploud|0 fnt
|-damage|p1a: Rapidash|94/100|[from] Recoil
|faint|p2a: Exploud
|
|upkeep
|
|t:|1608438754
|switch|p2a: Cofagrigus|Cofagrigus, M|100/100
|-status|p2a: Cofagrigus|psn
|-damage|p2a: Cofagrigus|75/100 psn|[from] Spikes
|turn|13
|
|t:|1608438782
|switch|p1a: Piloswine|Piloswine, F|100/100
|-damage|p1a: Piloswine|88/100|[from] Stealth Rock
|-status|p1a: Piloswine|tox
|-damage|p1a: Piloswine|63/100 tox|[from] Spikes
|move|p2a: Cofagrigus|Body Press|p1a: Piloswine
|-supereffective|p1a: Piloswine
|-damage|p1a: Piloswine|16/100 tox
|
|-heal|p2a: Cofagrigus|82/100 psn|[from] item: Leftovers
|-damage|p1a: Piloswine|9/100 tox|[from] psn
|-damage|p2a: Cofagrigus|69/100 psn|[from] psn
|upkeep
|turn|14
|
|t:|1608438794
|move|p1a: Piloswine|Earthquake|p2a: Cofagrigus
|-crit|p2a: Cofagrigus
|-damage|p2a: Cofagrigus|23/100 psn
|move|p2a: Cofagrigus|Hex|p1a: Piloswine
|-damage|p1a: Piloswine|0 fnt
|faint|p1a: Piloswine
|
|-heal|p2a: Cofagrigus|29/100 psn|[from] item: Leftovers
|-damage|p2a: Cofagrigus|17/100 psn|[from] psn
|upkeep
|
|t:|1608438804
|switch|p1a: Rapidash|Rapidash, M|94/100
|turn|15
|
|t:|1608438808
|move|p1a: Rapidash|Flare Blitz|p2a: Cofagrigus
|-damage|p2a: Cofagrigus|0 fnt
|-activate|p2a: Cofagrigus|ability: Mummy|Flame Body|[of] p1a: Rapidash
|-damage|p1a: Rapidash|88/100|[from] Recoil
|faint|p2a: Cofagrigus
|
|upkeep
|
|t:|1608438815
|switch|p2a: Lickilicky|Lickilicky, F|100/100
|-status|p2a: Lickilicky|psn
|-damage|p2a: Lickilicky|75/100 psn|[from] Spikes
|turn|16
|
|t:|1608438820
|move|p1a: Rapidash|Swords Dance|p1a: Rapidash
|-boost|p1a: Rapidash|atk|2
|move|p2a: Lickilicky|Wish|p2a: Lickilicky
|
|-heal|p2a: Lickilicky|82/100 psn|[from] item: Leftovers
|-damage|p2a: Lickilicky|69/100 psn|[from] psn
|upkeep
|turn|17
|j| Ryanshoeman
|
|t:|1608438842
|move|p1a: Rapidash|Swords Dance|p1a: Rapidash
|-boost|p1a: Rapidash|atk|2
|move|p2a: Lickilicky|Knock Off|p1a: Rapidash
|-damage|p1a: Rapidash|52/100
|-activate|p1a: Rapidash|ability: Mummy|Own Tempo|[of] p2a: Lickilicky
|-enditem|p1a: Rapidash|Heavy-Duty Boots|[from] move: Knock Off|[of] p2a: Lickilicky
|
|-heal|p2a: Lickilicky|100/100 psn|[from] move: Wish|[wisher] Lickilicky
|-damage|p2a: Lickilicky|88/100 psn|[from] psn
|upkeep
|turn|18
|
|t:|1608438854
|move|p1a: Rapidash|Flare Blitz|p2a: Lickilicky
|-crit|p2a: Lickilicky
|-damage|p2a: Lickilicky|0 fnt
|-damage|p1a: Rapidash|7/100|[from] Recoil
|faint|p2a: Lickilicky
|
|upkeep
|
|t:|1608438859
|switch|p2a: Morpeko|Morpeko, F|100/100
|turn|19
|c|☆Everybo-D|Gg
|
|t:|1608438871
|move|p2a: Morpeko|Fake Out|p1a: Rapidash
|-crit|p1a: Rapidash
|-damage|p1a: Rapidash|0 fnt
|-activate|p1a: Rapidash|ability: Mummy|Hunger Switch|[of] p2a: Morpeko
|faint|p1a: Rapidash
|
|upkeep
|
|t:|1608438877
|switch|p1a: Malamar|Malamar, M|100/100
|-damage|p1a: Malamar|88/100|[from] Stealth Rock
|-status|p1a: Malamar|tox
|-damage|p1a: Malamar|63/100 tox|[from] Spikes
|turn|20
|
|t:|1608438885
|move|p2a: Morpeko|Aura Wheel|p1a: Malamar
|-damage|p1a: Malamar|13/100 tox
|-boost|p2a: Morpeko|spe|1
|move|p1a: Malamar|Superpower|p2a: Morpeko
|-supereffective|p2a: Morpeko
|-damage|p2a: Morpeko|0 fnt
|-boost|p1a: Malamar|atk|1
|-boost|p1a: Malamar|def|1
|-activate|p2a: Morpeko|ability: Mummy|Contrary|[of] p1a: Malamar
|faint|p2a: Morpeko
|
|win|Everybo-D
|raw|Everybo-D's rating: 1470 &rarr; <strong>1493</strong><br />(+23 for winning)
|raw|braden13579's rating: 1513 &rarr; <strong>1490</strong><br />(-23 for losing)
|l|☆braden13579
