|raw|<div class="broadcast-blue"><strong>This battle is required to be public due to a player having a name starting with 'pult4c1'.</div>
|j|☆PULT4C1 S1n
|j|☆Venti♡Touched♡Me
|t:|1660580843
|gametype|singles
|player|p1|PULT4C1 S1n|#ho3nconfirm3d|1441
|player|p2|Venti♡Touched♡Me|ingo|1498
|teamsize|p1|6
|teamsize|p2|6
|gen|8
|tier|[Gen 8] PU
|rated|
|rule|Sleep Clause Mod: Limit one foe put to sleep
|rule|Species Clause: Limit one of each Pokémon
|rule|OHKO Clause: OHKO moves are banned
|rule|Evasion Items Clause: Evasion items are banned
|rule|Evasion Moves Clause: Evasion moves are banned
|rule|Endless Battle Clause: Forcing endless battles is banned
|rule|HP Percentage Mod: HP is shown in percentages
|rule|Dynamax Clause: You cannot dynamax
|clearpoke
|poke|p1|Vanilluxe, M|
|poke|p1|Tangela, M|
|poke|p1|Gallade, M|
|poke|p1|Corsola, M|
|poke|p1|Togedemaru, M|
|poke|p1|Ribombee, F|
|poke|p2|Stunfisk, F|
|poke|p2|Liepard, F|
|poke|p2|Aromatisse, M|
|poke|p2|Cradily, M|
|poke|p2|Perrserker, F|
|poke|p2|Gallade, M|
|teampreview
|inactive|Battle timer is ON: inactive players will automatically lose when time's up. (requested by PULT4C1 S1n)
|
|t:|1660580868
|start
|switch|p1a: Vanilluxe|Vanilluxe, M|100/100
|switch|p2a: Perrserker|Perrserker, F|100/100
|-weather|Hail|[from] ability: Snow Warning|[of] p1a: Vanilluxe
|turn|1
|
|t:|1660580873
|switch|p1a: Corsola|Corsola, M|100/100
|move|p2a: Perrserker|Iron Head|p1a: Corsola
|-damage|p1a: Corsola|48/100
|-enditem|p1a: Corsola|Eject Button
|
|t:|1660580878
|switch|p1a: Gallade|Gallade, M|100/100
|
|-weather|Hail|[upkeep]
|-damage|p1a: Gallade|94/100|[from] Hail
|-damage|p2a: Perrserker|94/100|[from] Hail
|upkeep
|turn|2
|j|+avarice
|
|t:|1660580896
|switch|p2a: Stunfisk|Stunfisk, F|100/100
|move|p1a: Gallade|Knock Off|p2a: Stunfisk
|-damage|p2a: Stunfisk|78/100
|-enditem|p2a: Stunfisk|Leftovers|[from] move: Knock Off|[of] p1a: Gallade
|
|-weather|Hail|[upkeep]
|-damage|p1a: Gallade|88/100|[from] Hail
|-damage|p2a: Stunfisk|71/100|[from] Hail
|upkeep
|turn|3
|
|t:|1660580903
|move|p1a: Gallade|Close Combat|p2a: Stunfisk
|-damage|p2a: Stunfisk|26/100
|-unboost|p1a: Gallade|def|1
|-unboost|p1a: Gallade|spd|1
|move|p2a: Stunfisk|Discharge|p1a: Gallade
|-damage|p1a: Gallade|49/100
|-status|p1a: Gallade|par
|-enditem|p1a: Gallade|Lum Berry|[eat]
|-curestatus|p1a: Gallade|par|[msg]
|
|-weather|Hail|[upkeep]
|-damage|p1a: Gallade|43/100|[from] Hail
|-damage|p2a: Stunfisk|20/100|[from] Hail
|upkeep
|turn|4
|
|t:|1660580912
|move|p1a: Gallade|Close Combat|p2a: Stunfisk
|-damage|p2a: Stunfisk|0 fnt
|-unboost|p1a: Gallade|def|1
|-unboost|p1a: Gallade|spd|1
|-status|p1a: Gallade|par|[from] ability: Static|[of] p2a: Stunfisk
|faint|p2a: Stunfisk
|
|-weather|Hail|[upkeep]
|-damage|p1a: Gallade|37/100 par|[from] Hail
|upkeep
|
|t:|1660580925
|switch|p2a: Liepard|Liepard, F|100/100
|turn|5
|
|t:|1660580948
|switch|p1a: Tangela|Tangela, M|100/100
|move|p2a: Liepard|Knock Off|p1a: Tangela
|-damage|p1a: Tangela|78/100
|-enditem|p1a: Tangela|Eviolite|[from] move: Knock Off|[of] p2a: Liepard
|
|-weather|none
|upkeep
|turn|6
|
|t:|1660580960
|switch|p2a: Cradily|Cradily, M, shiny|100/100
|move|p1a: Tangela|Giga Drain|p2a: Cradily
|-damage|p2a: Cradily|85/100
|-heal|p1a: Tangela|87/100|[from] drain|[of] p2a: Cradily
|
|-heal|p2a: Cradily|91/100|[from] item: Leftovers
|upkeep
|turn|7
|
|t:|1660580984
|move|p1a: Tangela|Knock Off|p2a: Cradily
|-damage|p2a: Cradily|79/100
|-enditem|p2a: Cradily|Leftovers|[from] move: Knock Off|[of] p1a: Tangela
|move|p2a: Cradily|Toxic|p1a: Tangela
|-status|p1a: Tangela|tox
|
|-damage|p1a: Tangela|81/100 tox|[from] psn
|upkeep
|turn|8
|
|t:|1660580989
|switch|p1a: Vanilluxe|Vanilluxe, M|100/100
|-weather|Hail|[from] ability: Snow Warning|[of] p1a: Vanilluxe
|move|p2a: Cradily|Ancient Power|p1a: Vanilluxe
|-supereffective|p1a: Vanilluxe
|-damage|p1a: Vanilluxe|60/100
|-boost|p2a: Cradily|atk|1
|-boost|p2a: Cradily|def|1
|-boost|p2a: Cradily|spa|1
|-boost|p2a: Cradily|spd|1
|-boost|p2a: Cradily|spe|1
|
|-weather|Hail|[upkeep]
|-damage|p2a: Cradily|73/100|[from] Hail
|upkeep
|turn|9
|
|t:|1660580992
|move|p1a: Vanilluxe|Blizzard|p2a: Cradily
|-supereffective|p2a: Cradily
|-damage|p2a: Cradily|3/100
|move|p2a: Cradily|Ancient Power|p1a: Vanilluxe
|-supereffective|p1a: Vanilluxe
|-damage|p1a: Vanilluxe|0 fnt
|faint|p1a: Vanilluxe
|
|-weather|Hail|[upkeep]
|-damage|p2a: Cradily|0 fnt|[from] Hail
|faint|p2a: Cradily
|upkeep
|
|t:|1660581003
|switch|p1a: Togedemaru|Togedemaru, M|100/100
|switch|p2a: Gallade|Gallade, M|100/100
|turn|10
|
|t:|1660581018
|move|p1a: Togedemaru|U-turn|p2a: Gallade
|-damage|p2a: Gallade|62/100
|
|t:|1660581020
|switch|p1a: Tangela|Tangela, M|100/100 tox|[from]move: U-turn
|move|p2a: Gallade|Close Combat|p1a: Tangela
|-damage|p1a: Tangela|51/100 tox
|-unboost|p2a: Gallade|def|1
|-unboost|p2a: Gallade|spd|1
|
|-weather|Hail|[upkeep]
|-damage|p2a: Gallade|56/100|[from] Hail
|-damage|p1a: Tangela|45/100 tox|[from] Hail
|-damage|p1a: Tangela|39/100 tox|[from] psn
|upkeep
|turn|11
|
|t:|1660581024
|switch|p1a: Ribombee|Ribombee, F|100/100
|move|p2a: Gallade|Close Combat|p1a: Ribombee
|-resisted|p1a: Ribombee
|-damage|p1a: Ribombee|70/100
|-unboost|p2a: Gallade|def|1
|-unboost|p2a: Gallade|spd|1
|
|-weather|Hail|[upkeep]
|-damage|p2a: Gallade|50/100|[from] Hail
|-damage|p1a: Ribombee|64/100|[from] Hail
|upkeep
|turn|12
|
|t:|1660581028
|switch|p2a: Perrserker|Perrserker, F|94/100
|move|p1a: Ribombee|Moonblast|p2a: Perrserker
|-resisted|p2a: Perrserker
|-damage|p2a: Perrserker|75/100
|
|-weather|none
|upkeep
|turn|13
|
|t:|1660581034
|move|p1a: Ribombee|U-turn|p2a: Perrserker
|-resisted|p2a: Perrserker
|-damage|p2a: Perrserker|69/100
|
|t:|1660581035
|switch|p1a: Tangela|Tangela, M|72/100 tox|[from]move: U-turn
|move|p2a: Perrserker|Iron Head|p1a: Tangela
|-damage|p1a: Tangela|28/100 tox
|
|-damage|p1a: Tangela|22/100 tox|[from] psn
|upkeep
|turn|14
|
|t:|1660581039
|move|p1a: Tangela|Knock Off|p2a: Perrserker
|-damage|p2a: Perrserker|56/100
|-enditem|p2a: Perrserker|Assault Vest|[from] move: Knock Off|[of] p1a: Tangela
|move|p2a: Perrserker|Iron Head|p1a: Tangela
|-damage|p1a: Tangela|0 fnt
|faint|p1a: Tangela
|
|upkeep
|
|t:|1660581069
|switch|p1a: Togedemaru|Togedemaru, M|100/100
|turn|15
|
|t:|1660581082
|move|p1a: Togedemaru|Zing Zap|p2a: Perrserker
|-damage|p2a: Perrserker|21/100
|move|p2a: Perrserker|Close Combat|p1a: Togedemaru
|-supereffective|p1a: Togedemaru
|-damage|p1a: Togedemaru|0 fnt
|-unboost|p2a: Perrserker|def|1
|-unboost|p2a: Perrserker|spd|1
|faint|p1a: Togedemaru
|
|upkeep
|
|t:|1660581085
|switch|p1a: Ribombee|Ribombee, F|64/100
|turn|16
|
|t:|1660581089
|move|p1a: Ribombee|Moonblast|p2a: Perrserker
|-resisted|p2a: Perrserker
|-damage|p2a: Perrserker|0 fnt
|faint|p2a: Perrserker
|
|upkeep
|
|t:|1660581094
|switch|p2a: Liepard|Liepard, F|100/100
|turn|17
|
|t:|1660581102
|move|p2a: Liepard|Thunder Wave|p1a: Ribombee
|-status|p1a: Ribombee|par
|move|p1a: Ribombee|Moonblast|p2a: Liepard
|-supereffective|p2a: Liepard
|-enditem|p2a: Liepard|Focus Sash
|-damage|p2a: Liepard|1/100
|
|upkeep
|turn|18
|
|t:|1660581105
|move|p2a: Liepard|Gunk Shot|p1a: Ribombee
|-supereffective|p1a: Ribombee
|-damage|p1a: Ribombee|0 fnt
|faint|p1a: Ribombee
|
|upkeep
|
|t:|1660581108
|switch|p1a: Gallade|Gallade, M|37/100 par
|turn|19
|
|t:|1660581115
|move|p2a: Liepard|Copycat|p2a: Liepard
|move|p2a: Liepard|Gunk Shot|p1a: Gallade|[from]move: Copycat
|-damage|p1a: Gallade|0 fnt
|faint|p1a: Gallade
|
|upkeep
|
|t:|1660581129
|switch|p1a: Corsola|Corsola, M|82/100
|turn|20
|-message|PULT4C1 S1n forfeited.
|
|win|Venti♡Touched♡Me
|raw|PULT4C1 S1n's rating: 1441 &rarr; <strong>1424</strong><br />(-17 for losing)
|raw|Venti♡Touched♡Me's rating: 1498 &rarr; <strong>1515</strong><br />(+17 for winning)
|l|☆PULT4C1 S1n
|l|☆Venti♡Touched♡Me
||Ladder isn't responding, score probably updated but might not have (Request timeout).
|l|+avarice
|j| poepepel
