|j|☆Shelley_Swampert
|j|☆crunchmanneedshelp
|t:|1648779192
|gametype|singles
|player|p1|Shelley_Swampert|may-gen3rs|1160
|player|p2|crunchmanneedshelp|1|1220
|teamsize|p1|6
|teamsize|p2|6
|gen|8
|tier|[Gen 8] PU
|rated|
|rule|Sleep Clause Mod: Limit one foe put to sleep
|rule|Species Clause: Limit one of each Pokémon
|rule|OHKO Clause: OHKO moves are banned
|rule|Evasion Moves Clause: Evasion moves are banned
|rule|Endless Battle Clause: Forcing endless battles is banned
|rule|HP Percentage Mod: HP is shown in percentages
|rule|Dynamax Clause: You cannot dynamax
|clearpoke
|poke|p1|Meowstic, M|
|poke|p1|Miltank, F|
|poke|p1|Ribombee, F|
|poke|p1|Heatmor, M|
|poke|p1|Lycanroc-Midnight, F|
|poke|p1|Hitmonlee, M|
|poke|p2|Jellicent, F|
|poke|p2|Kabutops, F|
|poke|p2|Charizard, M|
|poke|p2|Ribombee, M|
|poke|p2|Sandaconda, F|
|poke|p2|Audino, M|
|teampreview
|inactive|Battle timer is ON: inactive players will automatically lose when time's up. (requested by crunchmanneedshelp)
|c|☆crunchmanneedshelp|glhf
|
|t:|1648779203
|start
|switch|p1a: Hitmonlee|Hitmonlee, M|100/100
|switch|p2a: Kabutops|Kabutops, F|100/100
|turn|1
|
|t:|1648779229
|move|p1a: Hitmonlee|Fake Out|p2a: Kabutops
|-enditem|p1a: Hitmonlee|Normal Gem|[from] gem
|-resisted|p2a: Kabutops
|-damage|p2a: Kabutops|88/100
|cant|p2a: Kabutops|flinch
|
|upkeep
|turn|2
|
|t:|1648779236
|switch|p2a: Sandaconda|Sandaconda, F|100/100
|move|p1a: Hitmonlee|Close Combat|p2a: Sandaconda
|-damage|p2a: Sandaconda|55/100
|-unboost|p1a: Hitmonlee|def|1
|-unboost|p1a: Hitmonlee|spd|1
|-damage|p1a: Hitmonlee|84/100|[from] item: Rocky Helmet|[of] p2a: Sandaconda
|
|upkeep
|turn|3
|
|t:|1648779246
|move|p1a: Hitmonlee|Knock Off|p2a: Sandaconda
|-damage|p2a: Sandaconda|32/100
|-damage|p1a: Hitmonlee|67/100|[from] item: Rocky Helmet|[of] p2a: Sandaconda
|-enditem|p2a: Sandaconda|Rocky Helmet|[from] move: Knock Off|[of] p1a: Hitmonlee
|move|p2a: Sandaconda|Earthquake|p1a: Hitmonlee
|-damage|p1a: Hitmonlee|0 fnt
|faint|p1a: Hitmonlee
|
|upkeep
|
|t:|1648779256
|switch|p1a: Anabel|Ribombee, F, shiny|100/100
|turn|4
|
|t:|1648779262
|move|p1a: Anabel|Sticky Web|p2a: Sandaconda
|-sidestart|p2: crunchmanneedshelp|move: Sticky Web
|move|p2a: Sandaconda|Glare|p1a: Anabel
|-status|p1a: Anabel|par
|
|upkeep
|turn|5
|
|t:|1648779271
|switch|p2a: Charizard|Charizard, M|100/100
|cant|p1a: Anabel|par
|
|upkeep
|turn|6
|
|t:|1648779279
|move|p2a: Charizard|Defog|p1a: Anabel
|-unboost|p1a: Anabel|evasion|1
|-sideend|p2: crunchmanneedshelp|Sticky Web|[from] move: Defog|[of] p2a: Charizard
|move|p1a: Anabel|Psychic|p2a: Charizard
|-damage|p2a: Charizard|68/100
|
|upkeep
|turn|7
|
|t:|1648779282
|move|p2a: Charizard|Fire Blast|p1a: Anabel
|-supereffective|p1a: Anabel
|-enditem|p1a: Anabel|Focus Sash
|-damage|p1a: Anabel|1/100 par
|cant|p1a: Anabel|par
|
|upkeep
|turn|8
|
|t:|1648779286
|move|p2a: Charizard|Fire Blast|p1a: Anabel
|-supereffective|p1a: Anabel
|-damage|p1a: Anabel|0 fnt
|faint|p1a: Anabel
|
|upkeep
|
|t:|1648779289
|switch|p1a: Añil|Lycanroc-Midnight, F, shiny|100/100
|turn|9
|
|t:|1648779297
|switch|p2a: Sandaconda|Sandaconda, F|32/100
|move|p1a: Añil|Rock Polish|p1a: Añil
|-boost|p1a: Añil|spe|2
|
|upkeep
|turn|10
|
|t:|1648779303
|move|p1a: Añil|Swords Dance|p1a: Añil
|-boost|p1a: Añil|atk|2
|move|p2a: Sandaconda|Earthquake|p1a: Añil
|-supereffective|p1a: Añil
|-enditem|p1a: Añil|Focus Sash
|-damage|p1a: Añil|1/100
|
|upkeep
|turn|11
|
|t:|1648779312
|move|p1a: Añil|Reversal|p2a: Sandaconda
|-damage|p2a: Sandaconda|0 fnt
|faint|p2a: Sandaconda
|
|upkeep
|
|t:|1648779318
|switch|p2a: Kabutops|Kabutops, F|88/100
|turn|12
|
|t:|1648779323
|move|p1a: Añil|Reversal|p2a: Kabutops
|-supereffective|p2a: Kabutops
|-damage|p2a: Kabutops|0 fnt
|faint|p2a: Kabutops
|
|upkeep
|
|t:|1648779324
|switch|p2a: Jellicent|Jellicent, F|100/100
|turn|13
|
|t:|1648779326
|move|p1a: Añil|Stone Edge|p2a: Jellicent
|-damage|p2a: Jellicent|0 fnt
|faint|p2a: Jellicent
|
|upkeep
|
|t:|1648779330
|switch|p2a: Audino|Audino, M|100/100
|turn|14
|
|t:|1648779333
|move|p1a: Añil|Reversal|p2a: Audino
|-supereffective|p2a: Audino
|-damage|p2a: Audino|0 fnt
|faint|p2a: Audino
|
|upkeep
|c|☆crunchmanneedshelp|gg
|-message|crunchmanneedshelp forfeited.
|
|win|Shelley_Swampert
|raw|Shelley_Swampert's rating: 1160 &rarr; <strong>1189</strong><br />(+29 for winning)
|raw|crunchmanneedshelp's rating: 1220 &rarr; <strong>1191</strong><br />(-29 for losing)
|l|☆crunchmanneedshelp
||Ladder isn't responding, score probably updated but might not have (Request timeout).
