|raw|<div class="broadcast-blue"><strong>This battle is required to be public due to a player having a name starting with 'pult4c1'.</div>
|j|☆PULT4C1 Lambo
|j|☆PULT4C1 eifo
|t:|1660559021
|gametype|singles
|player|p1|PULT4C1 Lambo|pokemonranger-gen6|1386
|player|p2|PULT4C1 eifo|youngster-gen4dp|1332
|teamsize|p1|6
|teamsize|p2|6
|gen|8
|tier|[Gen 8] PU
|rated|
|rule|Sleep Clause Mod: Limit one foe put to sleep
|rule|Species Clause: Limit one of each Pokémon
|rule|OHKO Clause: OHKO moves are banned
|rule|Evasion Items Clause: Evasion items are banned
|rule|Evasion Moves Clause: Evasion moves are banned
|rule|Endless Battle Clause: Forcing endless battles is banned
|rule|HP Percentage Mod: HP is shown in percentages
|rule|Dynamax Clause: You cannot dynamax
|clearpoke
|poke|p1|Gigalith, F|
|poke|p1|Sandslash, M|
|poke|p1|Doublade, M|
|poke|p1|Charizard, M|
|poke|p1|Vanilluxe, M|
|poke|p1|Eldegoss, M|
|poke|p2|Stoutland, F|
|poke|p2|Gigalith, M|
|poke|p2|Scyther, F|
|poke|p2|Lanturn, M|
|poke|p2|Whimsicott, F|
|poke|p2|Mesprit|
|teampreview
|c|☆PULT4C1 Lambo|hf
|c|☆PULT4C1 eifo|u2
|
|t:|1660559041
|start
|switch|p1a: Gigalith|Gigalith, F|100/100
|switch|p2a: Scyther|Scyther, F|100/100
|-weather|Sandstorm|[from] ability: Sand Stream|[of] p1a: Gigalith
|turn|1
|j| PULT4C1 riquelme
|
|t:|1660559055
|move|p1a: Gigalith|Protect|p1a: Gigalith
|-singleturn|p1a: Gigalith|Protect
|move|p2a: Scyther|U-turn|p1a: Gigalith
|-activate|p1a: Gigalith|move: Protect
|
|-weather|Sandstorm|[upkeep]
|-damage|p2a: Scyther|94/100|[from] Sandstorm
|upkeep
|turn|2
|
|t:|1660559058
|move|p2a: Scyther|U-turn|p1a: Gigalith
|-damage|p1a: Gigalith|76/100
|j| Masta of rom
|
|t:|1660559064
|switch|p2a: Whimsicott|Whimsicott, F|100/100|[from]move: U-turn
|move|p1a: Gigalith|Stealth Rock|p2a: Whimsicott
|-sidestart|p2: PULT4C1 eifo|move: Stealth Rock
|
|-weather|Sandstorm|[upkeep]
|-damage|p2a: Whimsicott|94/100|[from] Sandstorm
|-heal|p1a: Gigalith|82/100|[from] item: Leftovers
|upkeep
|turn|3
|
|t:|1660559067
|move|p1a: Gigalith|Protect|p1a: Gigalith
|-singleturn|p1a: Gigalith|Protect
|move|p2a: Whimsicott|Knock Off|p1a: Gigalith
|-activate|p1a: Gigalith|move: Protect
|
|-weather|Sandstorm|[upkeep]
|-damage|p2a: Whimsicott|88/100|[from] Sandstorm
|-heal|p1a: Gigalith|88/100|[from] item: Leftovers
|upkeep
|turn|4
|
|t:|1660559073
|switch|p1a: Charizard|Charizard, M|100/100
|move|p2a: Whimsicott|Knock Off|p1a: Charizard
|-crit|p1a: Charizard
|-damage|p1a: Charizard|69/100
|-enditem|p1a: Charizard|Heavy-Duty Boots|[from] move: Knock Off|[of] p2a: Whimsicott
|
|-weather|Sandstorm|[upkeep]
|-damage|p2a: Whimsicott|82/100|[from] Sandstorm
|-damage|p1a: Charizard|62/100|[from] Sandstorm
|upkeep
|turn|5
|
|t:|1660559076
|move|p2a: Whimsicott|U-turn|p1a: Charizard
|-resisted|p1a: Charizard
|-damage|p1a: Charizard|59/100
|
|t:|1660559079
|switch|p2a: Gigalith|Gigalith, M|100/100|[from]move: U-turn
|-damage|p2a: Gigalith|88/100|[from] Stealth Rock
|move|p1a: Charizard|Toxic|p2a: Gigalith
|-status|p2a: Gigalith|tox
|
|-weather|none
|-heal|p2a: Gigalith|94/100 tox|[from] item: Leftovers
|-damage|p2a: Gigalith|88/100 tox|[from] psn
|upkeep
|turn|6
|
|t:|1660559081
|switch|p1a: Sandslash|Sandslash, M|100/100
|move|p2a: Gigalith|Stealth Rock|p1a: Sandslash
|-sidestart|p1: PULT4C1 Lambo|move: Stealth Rock
|
|-heal|p2a: Gigalith|94/100 tox|[from] item: Leftovers
|-damage|p2a: Gigalith|82/100 tox|[from] psn
|upkeep
|turn|7
|l| Masta of rom
|inactive|Battle timer is ON: inactive players will automatically lose when time's up. (requested by PULT4C1 Lambo)
|
|t:|1660559124
|move|p1a: Sandslash|Rapid Spin|p2a: Gigalith
|-resisted|p2a: Gigalith
|-damage|p2a: Gigalith|76/100 tox
|-boost|p1a: Sandslash|spe|1
|-sideend|p1: PULT4C1 Lambo|Stealth Rock|[from] move: Rapid Spin|[of] p1a: Sandslash
|move|p2a: Gigalith|Toxic|p1a: Sandslash
|-status|p1a: Sandslash|tox
|
|-heal|p2a: Gigalith|83/100 tox|[from] item: Leftovers
|-damage|p1a: Sandslash|94/100 tox|[from] psn
|-damage|p2a: Gigalith|64/100 tox|[from] psn
|upkeep
|turn|8
|
|t:|1660559131
|switch|p2a: Whimsicott|Whimsicott, F|82/100
|move|p1a: Sandslash|Knock Off|p2a: Whimsicott
|-resisted|p2a: Whimsicott
|-damage|p2a: Whimsicott|62/100
|-enditem|p2a: Whimsicott|Heavy-Duty Boots|[from] move: Knock Off|[of] p1a: Sandslash
|
|-heal|p1a: Sandslash|100/100 tox|[from] item: Leftovers
|-damage|p1a: Sandslash|88/100 tox|[from] psn
|upkeep
|turn|9
|
|t:|1660559135
|switch|p1a: Charizard|Charizard, M|59/100
|move|p2a: Whimsicott|Defog|p1a: Charizard
|-unboost|p1a: Charizard|evasion|1
|-sideend|p2: PULT4C1 eifo|Stealth Rock|[from] move: Defog|[of] p2a: Whimsicott
|
|upkeep
|turn|10
|
|t:|1660559138
|move|p2a: Whimsicott|U-turn|p1a: Charizard
|-resisted|p1a: Charizard
|-damage|p1a: Charizard|56/100
|
|t:|1660559143
|switch|p2a: Lanturn|Lanturn, M|100/100|[from]move: U-turn
|move|p1a: Charizard|Roost|p1a: Charizard
|-heal|p1a: Charizard|100/100
|-singleturn|p1a: Charizard|move: Roost
|
|upkeep
|turn|11
|
|t:|1660559149
|switch|p1a: Eldegoss|Eldegoss, M|100/100
|move|p2a: Lanturn|Heal Bell|p2a: Lanturn
|-activate|p2a: Lanturn|move: Heal Bell
|-curestatus|p2: Gigalith|tox|[msg]
|
|upkeep
|turn|12
|
|t:|1660559156
|move|p2a: Lanturn|Volt Switch|p1a: Eldegoss
|-resisted|p1a: Eldegoss
|-damage|p1a: Eldegoss|92/100
|-enditem|p1a: Eldegoss|Eject Button
|j| PULT4C1 Inder
|j| yandaud
|
|t:|1660559178
|switch|p1a: Vanilluxe|Vanilluxe, M|100/100
|-weather|Hail|[from] ability: Snow Warning|[of] p1a: Vanilluxe
|
|-weather|Hail|[upkeep]
|-damage|p2a: Lanturn|94/100|[from] Hail
|-heal|p2a: Lanturn|100/100|[from] item: Leftovers
|upkeep
|turn|13
|
|t:|1660559193
|move|p2a: Lanturn|Protect|p2a: Lanturn
|-singleturn|p2a: Lanturn|Protect
|move|p1a: Vanilluxe|Freeze-Dry|p2a: Lanturn
|-activate|p2a: Lanturn|move: Protect
|
|-weather|Hail|[upkeep]
|-damage|p2a: Lanturn|94/100|[from] Hail
|-heal|p2a: Lanturn|100/100|[from] item: Leftovers
|upkeep
|turn|14
|
|t:|1660559203
|switch|p2a: Gigalith|Gigalith, M|64/100
|-weather|Sandstorm|[from] ability: Sand Stream|[of] p2a: Gigalith
|move|p1a: Vanilluxe|Freeze-Dry|p2a: Gigalith
|-damage|p2a: Gigalith|39/100
|
|-weather|Sandstorm|[upkeep]
|-damage|p1a: Vanilluxe|94/100|[from] Sandstorm
|-heal|p2a: Gigalith|45/100|[from] item: Leftovers
|upkeep
|turn|15
|
|t:|1660559211
|switch|p1a: Eldegoss|Eldegoss, M|100/100
|move|p2a: Gigalith|Stealth Rock|p1a: Eldegoss
|-sidestart|p1: PULT4C1 Lambo|move: Stealth Rock
|
|-weather|Sandstorm|[upkeep]
|-damage|p1a: Eldegoss|94/100|[from] Sandstorm
|-heal|p2a: Gigalith|51/100|[from] item: Leftovers
|upkeep
|turn|16
|
|t:|1660559214
|switch|p2a: Scyther|Scyther, F|94/100
|move|p1a: Eldegoss|Rapid Spin|p2a: Scyther
|-damage|p2a: Scyther|85/100
|-boost|p1a: Eldegoss|spe|1
|-sideend|p1: PULT4C1 Lambo|Stealth Rock|[from] move: Rapid Spin|[of] p1a: Eldegoss
|
|-weather|Sandstorm|[upkeep]
|-damage|p2a: Scyther|79/100|[from] Sandstorm
|-damage|p1a: Eldegoss|88/100|[from] Sandstorm
|upkeep
|turn|17
|
|t:|1660559220
|switch|p1a: Gigalith|Gigalith, F|88/100
|move|p2a: Scyther|Knock Off|p1a: Gigalith
|-damage|p1a: Gigalith|65/100
|-enditem|p1a: Gigalith|Leftovers|[from] move: Knock Off|[of] p2a: Scyther
|
|-weather|Sandstorm|[upkeep]
|-damage|p2a: Scyther|73/100|[from] Sandstorm
|upkeep
|turn|18
|
|t:|1660559224
|move|p2a: Scyther|U-turn|p1a: Gigalith
|-damage|p1a: Gigalith|43/100
|
|t:|1660559244
|switch|p2a: Stoutland|Stoutland, F|100/100|[from]move: U-turn
|move|p1a: Gigalith|Stealth Rock|p2a: Stoutland
|-sidestart|p2: PULT4C1 eifo|move: Stealth Rock
|
|-weather|none
|upkeep
|turn|19
|
|t:|1660559246
|move|p1a: Gigalith|Protect|p1a: Gigalith
|-singleturn|p1a: Gigalith|Protect
|move|p2a: Stoutland|Crunch|p1a: Gigalith
|-activate|p1a: Gigalith|move: Protect
|
|upkeep
|turn|20
|
|t:|1660559249
|switch|p1a: Eldegoss|Eldegoss, M|100/100
|move|p2a: Stoutland|Crunch|p1a: Eldegoss
|-crit|p1a: Eldegoss
|-damage|p1a: Eldegoss|44/100
|
|upkeep
|turn|21
|
|t:|1660559273
|switch|p2a: Scyther|Scyther, F|73/100
|move|p1a: Eldegoss|Leech Seed|p2a: Scyther
|-start|p2a: Scyther|move: Leech Seed
|
|-damage|p2a: Scyther|61/100|[from] Leech Seed|[of] p1a: Eldegoss
|-heal|p1a: Eldegoss|54/100|[silent]
|upkeep
|turn|22
|
|t:|1660559280
|switch|p1a: Doublade|Doublade, M|100/100
|move|p2a: Scyther|U-turn|p1a: Doublade
|-resisted|p1a: Doublade
|-damage|p1a: Doublade|97/100
|inactive|PULT4C1 eifo has 120 seconds left.
|
|t:|1660559315
|switch|p2a: Lanturn|Lanturn, M|100/100|[from]move: U-turn
|-damage|p2a: Lanturn|88/100|[from] Stealth Rock
|
|-heal|p2a: Lanturn|94/100|[from] item: Leftovers
|upkeep
|turn|23
|inactive|PULT4C1 eifo has 120 seconds left.
|
|t:|1660559327
|switch|p1a: Eldegoss|Eldegoss, M|87/100
|move|p2a: Lanturn|Volt Switch|p1a: Eldegoss
|-resisted|p1a: Eldegoss
|-damage|p1a: Eldegoss|78/100
|
|t:|1660559344
|switch|p2a: Scyther|Scyther, F|61/100|[from]move: Volt Switch
|
|upkeep
|turn|24
|j| royesk
|
|t:|1660559373
|switch|p1a: Charizard|Charizard, M|100/100
|move|p2a: Scyther|Dual Wingbeat|p1a: Charizard
|-damage|p1a: Charizard|63/100
|-damage|p1a: Charizard|23/100
|-hitcount|p1a: Charizard|2
|
|upkeep
|turn|25
|c|☆PULT4C1 Lambo|oh damn
|inactive|PULT4C1 eifo has 90 seconds left.
|
|t:|1660559407
|switch|p1a: Doublade|Doublade, M|97/100
|move|p2a: Scyther|Knock Off|p1a: Doublade
|-supereffective|p1a: Doublade
|-damage|p1a: Doublade|64/100
|-enditem|p1a: Doublade|Eviolite|[from] move: Knock Off|[of] p2a: Scyther
|
|upkeep
|turn|26
|
|t:|1660559411
|move|p1a: Doublade|Shadow Sneak|p2a: Scyther
|-damage|p2a: Scyther|29/100
|move|p2a: Scyther|U-turn|p1a: Doublade
|-resisted|p1a: Doublade
|-damage|p1a: Doublade|58/100
|inactive|PULT4C1 eifo has 90 seconds left.
|
|t:|1660559442
|switch|p2a: Lanturn|Lanturn, M|94/100|[from]move: U-turn
|-damage|p2a: Lanturn|82/100|[from] Stealth Rock
|
|-heal|p2a: Lanturn|88/100|[from] item: Leftovers
|upkeep
|turn|27
|
|t:|1660559451
|switch|p1a: Vanilluxe|Vanilluxe, M|94/100
|-weather|Hail|[from] ability: Snow Warning|[of] p1a: Vanilluxe
|move|p2a: Lanturn|Scald|p1a: Vanilluxe
|-damage|p1a: Vanilluxe|67/100
|
|-weather|Hail|[upkeep]
|-damage|p2a: Lanturn|82/100|[from] Hail
|-heal|p2a: Lanturn|88/100|[from] item: Leftovers
|upkeep
|turn|28
|
|t:|1660559456
|move|p2a: Lanturn|Protect|p2a: Lanturn
|-singleturn|p2a: Lanturn|Protect
|move|p1a: Vanilluxe|Freeze-Dry|p2a: Lanturn
|-activate|p2a: Lanturn|move: Protect
|
|-weather|Hail|[upkeep]
|-damage|p2a: Lanturn|82/100|[from] Hail
|-heal|p2a: Lanturn|88/100|[from] item: Leftovers
|upkeep
|turn|29
|inactive|PULT4C1 eifo has 90 seconds left.
|
|t:|1660559469
|move|p1a: Vanilluxe|Freeze-Dry|p2a: Lanturn
|-supereffective|p2a: Lanturn
|-damage|p2a: Lanturn|3/100
|move|p2a: Lanturn|Volt Switch|p1a: Vanilluxe
|-damage|p1a: Vanilluxe|43/100
|inactive|PULT4C1 eifo has 90 seconds left.
|
|t:|1660559475
|switch|p2a: Scyther|Scyther, F|29/100|[from]move: Volt Switch
|
|-weather|Hail|[upkeep]
|-damage|p2a: Scyther|23/100|[from] Hail
|upkeep
|turn|30
|
|t:|1660559478
|switch|p1a: Gigalith|Gigalith, F|43/100
|-weather|Sandstorm|[from] ability: Sand Stream|[of] p1a: Gigalith
|move|p2a: Scyther|Roost|p2a: Scyther
|-heal|p2a: Scyther|73/100
|-singleturn|p2a: Scyther|move: Roost
|
|-weather|Sandstorm|[upkeep]
|-damage|p2a: Scyther|67/100|[from] Sandstorm
|upkeep
|turn|31
|
|t:|1660559484
|move|p1a: Gigalith|Protect|p1a: Gigalith
|-singleturn|p1a: Gigalith|Protect
|move|p2a: Scyther|U-turn|p1a: Gigalith
|-activate|p1a: Gigalith|move: Protect
|
|-weather|Sandstorm|[upkeep]
|-damage|p2a: Scyther|61/100|[from] Sandstorm
|upkeep
|turn|32
|
|t:|1660559496
|move|p2a: Scyther|U-turn|p1a: Gigalith
|-crit|p1a: Gigalith
|-damage|p1a: Gigalith|9/100
|
|t:|1660559518
|switch|p2a: Gigalith|Gigalith, M|51/100|[from]move: U-turn
|-damage|p2a: Gigalith|39/100|[from] Stealth Rock
|move|p1a: Gigalith|Rock Blast|p2a: Gigalith|[miss]
|-miss|p1a: Gigalith|p2a: Gigalith
|
|-weather|Sandstorm|[upkeep]
|-heal|p2a: Gigalith|45/100|[from] item: Leftovers
|upkeep
|turn|33
|
|t:|1660559530
|switch|p1a: Sandslash|Sandslash, M|88/100 tox
|move|p2a: Gigalith|Stealth Rock|p1a: Sandslash
|-sidestart|p1: PULT4C1 Lambo|move: Stealth Rock
|
|-weather|Sandstorm|[upkeep]
|-heal|p1a: Sandslash|94/100 tox|[from] item: Leftovers
|-heal|p2a: Gigalith|51/100|[from] item: Leftovers
|-damage|p1a: Sandslash|88/100 tox|[from] psn
|upkeep
|turn|34
|
|t:|1660559535
|switch|p2a: Lanturn|Lanturn, M|3/100
|-damage|p2a: Lanturn|0 fnt|[from] Stealth Rock
|faint|p2a: Lanturn
|move|p1a: Sandslash|Rapid Spin|p2: Lanturn|[notarget]
|-fail|p1a: Sandslash
|
|-weather|none
|-heal|p1a: Sandslash|94/100 tox|[from] item: Leftovers
|-damage|p1a: Sandslash|82/100 tox|[from] psn
|upkeep
|inactive|PULT4C1 eifo has 90 seconds left.
|l| PULT4C1 riquelme
|c|☆PULT4C1 eifo|oh i am so stupid
|c|☆PULT4C1 eifo|thouht i was low ladder and could do multiple games at once
|inactive|PULT4C1 eifo has 60 seconds left.
|
|t:|1660559582
|switch|p2a: Scyther|Scyther, F|61/100
|turn|35
|
|t:|1660559604
|move|p2a: Scyther|Dual Wingbeat|p1a: Sandslash
|-damage|p1a: Sandslash|53/100 tox
|-damage|p1a: Sandslash|22/100 tox
|-hitcount|p1a: Sandslash|2
|move|p1a: Sandslash|Knock Off|p2a: Scyther
|-damage|p2a: Scyther|21/100
|-enditem|p2a: Scyther|Heavy-Duty Boots|[from] move: Knock Off|[of] p1a: Sandslash
|
|-heal|p1a: Sandslash|29/100 tox|[from] item: Leftovers
|-damage|p1a: Sandslash|10/100 tox|[from] psn
|upkeep
|turn|36
|inactive|PULT4C1 eifo has 60 seconds left.
|
|t:|1660559625
|move|p2a: Scyther|Dual Wingbeat|p1a: Sandslash
|-damage|p1a: Sandslash|0 fnt
|faint|p1a: Sandslash
|-hitcount|p1: Sandslash|1
|
|upkeep
|
|t:|1660559628
|switch|p1a: Doublade|Doublade, M|58/100
|-damage|p1a: Doublade|52/100|[from] Stealth Rock
|turn|37
|inactive|PULT4C1 eifo has 60 seconds left.
|
|t:|1660559646
|switch|p2a: Stoutland|Stoutland, F|100/100
|-damage|p2a: Stoutland|88/100|[from] Stealth Rock
|move|p1a: Doublade|Shadow Sneak|p2a: Stoutland
|-immune|p2a: Stoutland
|
|upkeep
|turn|38
|
|t:|1660559649
|switch|p1a: Eldegoss|Eldegoss, M|100/100
|-damage|p1a: Eldegoss|88/100|[from] Stealth Rock
|move|p2a: Stoutland|Crunch|p1a: Eldegoss
|-damage|p1a: Eldegoss|47/100
|
|upkeep
|turn|39
|
|t:|1660559661
|move|p2a: Stoutland|Crunch|p1a: Eldegoss
|-damage|p1a: Eldegoss|11/100
|move|p1a: Eldegoss|Rapid Spin|p2a: Stoutland
|-damage|p2a: Stoutland|81/100
|-boost|p1a: Eldegoss|spe|1
|-sideend|p1: PULT4C1 Lambo|Stealth Rock|[from] move: Rapid Spin|[of] p1a: Eldegoss
|
|upkeep
|turn|40
|inactive|PULT4C1 Lambo has 120 seconds left.
|
|t:|1660559702
|switch|p1a: Vanilluxe|Vanilluxe, M|43/100
|-weather|Hail|[from] ability: Snow Warning|[of] p1a: Vanilluxe
|move|p2a: Stoutland|Crunch|p1a: Vanilluxe
|-damage|p1a: Vanilluxe|0 fnt
|faint|p1a: Vanilluxe
|
|-weather|Hail|[upkeep]
|-damage|p2a: Stoutland|75/100|[from] Hail
|upkeep
|j| PULT4C1 riquelme
|
|t:|1660559712
|switch|p1a: Eldegoss|Eldegoss, M|44/100
|turn|41
|inactive|PULT4C1 eifo has 90 seconds left.
|inactive|PULT4C1 eifo has 60 seconds left.
|
|t:|1660559750
|move|p2a: Stoutland|Crunch|p1a: Eldegoss
|-damage|p1a: Eldegoss|3/100
|move|p1a: Eldegoss|Grass Knot|p2a: Stoutland
|-damage|p2a: Stoutland|43/100
|
|-weather|Hail|[upkeep]
|-damage|p2a: Stoutland|37/100|[from] Hail
|-damage|p1a: Eldegoss|0 fnt|[from] Hail
|faint|p1a: Eldegoss
|upkeep
|inactive|PULT4C1 Lambo has 120 seconds left.
|
|t:|1660559758
|switch|p1a: Charizard|Charizard, M|23/100
|turn|42
|inactive|PULT4C1 Lambo has 120 seconds left.
|inactive|PULT4C1 eifo has 60 seconds left.
|inactive|PULT4C1 Lambo has 90 seconds left.
|inactive|PULT4C1 eifo has 30 seconds left.
|j| kelelelelelel
|inactive|PULT4C1 eifo has 20 seconds left.
|
|t:|1660559828
|switch|p1a: Doublade|Doublade, M|52/100
|switch|p2a: Gigalith|Gigalith, M|51/100
|-damage|p2a: Gigalith|39/100|[from] Stealth Rock
|-weather|Sandstorm|[from] ability: Sand Stream|[of] p2a: Gigalith
|
|-weather|Sandstorm|[upkeep]
|-heal|p2a: Gigalith|45/100|[from] item: Leftovers
|upkeep
|turn|43
|inactive|PULT4C1 eifo has 30 seconds left this turn.
|inactive|PULT4C1 eifo has 20 seconds left.
|inactive|PULT4C1 eifo has 15 seconds left.
|inactive|PULT4C1 eifo has 10 seconds left.
|
|t:|1660559848
|move|p1a: Doublade|Swords Dance|p1a: Doublade
|-boost|p1a: Doublade|atk|2
|move|p2a: Gigalith|Earthquake|p1a: Doublade
|-supereffective|p1a: Doublade
|-damage|p1a: Doublade|1/100
|
|-weather|Sandstorm|[upkeep]
|-heal|p2a: Gigalith|51/100|[from] item: Leftovers
|upkeep
|turn|44
|inactive|PULT4C1 eifo has 20 seconds left this turn.
|
|t:|1660559853
|move|p1a: Doublade|Close Combat|p2a: Gigalith
|-supereffective|p2a: Gigalith
|-damage|p2a: Gigalith|0 fnt
|-unboost|p1a: Doublade|def|1
|-unboost|p1a: Doublade|spd|1
|faint|p2a: Gigalith
|
|-weather|Sandstorm|[upkeep]
|upkeep
|inactive|PULT4C1 eifo has 25 seconds left this turn.
|
|t:|1660559856
|switch|p2a: Stoutland|Stoutland, F|37/100
|-damage|p2a: Stoutland|25/100|[from] Stealth Rock
|turn|45
|
|t:|1660559862
|move|p2a: Stoutland|Crunch|p1a: Doublade
|-supereffective|p1a: Doublade
|-damage|p1a: Doublade|0 fnt
|faint|p1a: Doublade
|
|-weather|Sandstorm|[upkeep]
|upkeep
|
|t:|1660559864
|switch|p1a: Gigalith|Gigalith, F|9/100
|turn|46
|
|t:|1660559877
|move|p2a: Stoutland|Crunch|p1a: Gigalith
|-damage|p1a: Gigalith|0 fnt
|faint|p1a: Gigalith
|
|-weather|none
|upkeep
|
|t:|1660559879
|switch|p1a: Charizard|Charizard, M|23/100
|turn|47
|
|t:|1660559896
|move|p1a: Charizard|Flamethrower|p2a: Stoutland
|-damage|p2a: Stoutland|0 fnt
|faint|p2a: Stoutland
|
|upkeep
|j| Haffling
|
|t:|1660559921
|switch|p2a: Mesprit|Mesprit|100/100
|-damage|p2a: Mesprit|88/100|[from] Stealth Rock
|turn|48
|inactive|PULT4C1 Lambo has 90 seconds left.
|
|t:|1660559944
|move|p2a: Mesprit|Psychic|p1a: Charizard
|-damage|p1a: Charizard|0 fnt
|faint|p1a: Charizard
|
|win|PULT4C1 eifo
|raw|PULT4C1 Lambo's rating: 1386 &rarr; <strong>1362</strong><br />(-24 for losing)
|raw|PULT4C1 eifo's rating: 1308 &rarr; <strong>1332</strong><br />(+24 for winning)
|c|☆PULT4C1 Lambo|gg
|l| PULT4C1 riquelme
|l| royesk
