|j|☆zoowi
|j|☆Gl4ss
|t:|1639533390
|gametype|singles
|player|p1|zoowi|burglar-gen2|
|player|p2|Gl4ss|265|
|teamsize|p1|6
|teamsize|p2|6
|gen|8
|tier|[Gen 8] PU
|rated|Tournament battle
|rule|Sleep Clause Mod: Limit one foe put to sleep
|rule|Species Clause: Limit one of each Pokémon
|rule|OHKO Clause: OHKO moves are banned
|rule|Evasion Moves Clause: Evasion moves are banned
|rule|Endless Battle Clause: Forcing endless battles is banned
|rule|HP Percentage Mod: HP is shown in percentages
|rule|Dynamax Clause: You cannot dynamax
|clearpoke
|poke|p1|Carracosta, M|
|poke|p1|Silvally-*|
|poke|p1|Articuno-Galar|
|poke|p1|Centiskorch, M|
|poke|p1|Togetic, F|
|poke|p1|Magmortar, M|
|poke|p2|Vanilluxe, M|
|poke|p2|Regirock|
|poke|p2|Uxie|
|poke|p2|Lilligant, F|
|poke|p2|Absol, F|
|poke|p2|Hitmonlee, M|
|teampreview
|j| neoELVIS
|j| PokeVoyeur
|j| Swanna
|j| False God Red
|inactive|Battle timer is ON: inactive players will automatically lose when time's up. (requested by Gl4ss)
|c|☆Gl4ss|glhf
|c|☆zoowi|u2
|c|☆Gl4ss|Let's go
|
|t:|1639533436
|start
|switch|p1a: Carracosta|Carracosta, M|100/100
|switch|p2a: Regirock|Regirock|100/100
|turn|1
|
|t:|1639533443
|move|p1a: Carracosta|Shell Smash|p1a: Carracosta
|-unboost|p1a: Carracosta|def|1
|-unboost|p1a: Carracosta|spd|1
|-boost|p1a: Carracosta|atk|2
|-boost|p1a: Carracosta|spa|2
|-boost|p1a: Carracosta|spe|2
|move|p2a: Regirock|Iron Defense|p2a: Regirock
|-boost|p2a: Regirock|def|2
|
|upkeep
|turn|2
|
|t:|1639533450
|move|p1a: Carracosta|Waterfall|p2a: Regirock
|-supereffective|p2a: Regirock
|-damage|p2a: Regirock|65/100
|move|p2a: Regirock|Body Press|p1a: Carracosta
|-supereffective|p1a: Carracosta
|-ability|p1a: Carracosta|Sturdy
|-damage|p1a: Carracosta|1/100
|
|-heal|p2a: Regirock|71/100|[from] item: Leftovers
|upkeep
|turn|3
|
|t:|1639533459
|move|p1a: Carracosta|Waterfall|p2a: Regirock
|-supereffective|p2a: Regirock
|-damage|p2a: Regirock|35/100
|cant|p2a: Regirock|flinch
|
|-heal|p2a: Regirock|41/100|[from] item: Leftovers
|upkeep
|turn|4
|
|t:|1639533469
|move|p1a: Carracosta|Waterfall|p2a: Regirock
|-supereffective|p2a: Regirock
|-damage|p2a: Regirock|6/100
|move|p2a: Regirock|Rock Blast|p1a: Carracosta
|-damage|p1a: Carracosta|0 fnt
|faint|p1a: Carracosta
|-hitcount|p1: Carracosta|1
|
|-heal|p2a: Regirock|12/100|[from] item: Leftovers
|upkeep
|
|t:|1639533486
|switch|p1a: Magmortar|Magmortar, M|100/100
|turn|5
|
|t:|1639533489
|move|p1a: Magmortar|Flamethrower|p2a: Regirock
|-resisted|p2a: Regirock
|-damage|p2a: Regirock|0 fnt
|faint|p2a: Regirock
|
|upkeep
|
|t:|1639533498
|switch|p2a: Hitmonlee|Hitmonlee, M|100/100
|turn|6
|
|t:|1639533503
|move|p2a: Hitmonlee|High Jump Kick|p1a: Magmortar
|-damage|p1a: Magmortar|0 fnt
|faint|p1a: Magmortar
|
|upkeep
|
|t:|1639533508
|switch|p1a: Articuno|Articuno-Galar|100/100
|turn|7
|
|t:|1639533512
|switch|p2a: Absol|Absol, F|100/100
|-ability|p2a: Absol|Pressure
|move|p1a: Articuno|Hurricane|p2a: Absol
|-damage|p2a: Absol|0 fnt
|faint|p2a: Absol
|
|upkeep
|
|t:|1639533520
|switch|p2a: Vanilluxe|Vanilluxe, M|100/100
|-weather|Hail|[from] ability: Snow Warning|[of] p2a: Vanilluxe
|turn|8
|
|t:|1639533525
|move|p1a: Articuno|Hurricane|p2a: Vanilluxe
|-damage|p2a: Vanilluxe|0 fnt
|faint|p2a: Vanilluxe
|
|-weather|Hail|[upkeep]
|-damage|p1a: Articuno|94/100|[from] Hail
|upkeep
|
|t:|1639533533
|switch|p2a: Uxie|Uxie|100/100
|turn|9
|
|t:|1639533549
|move|p1a: Articuno|Hurricane|p2a: Uxie|[miss]
|-miss|p1a: Articuno|p2a: Uxie
|move|p2a: Uxie|Thunder Wave|p1a: Articuno
|-status|p1a: Articuno|par
|
|-weather|Hail|[upkeep]
|-damage|p2a: Uxie|94/100|[from] Hail
|-damage|p1a: Articuno|88/100 par|[from] Hail
|-heal|p2a: Uxie|100/100|[from] item: Leftovers
|upkeep
|turn|10
|
|t:|1639533559
|switch|p1a: Silvally|Silvally-Ground|100/100
|move|p2a: Uxie|Calm Mind|p2a: Uxie
|-boost|p2a: Uxie|spa|1
|-boost|p2a: Uxie|spd|1
|
|-weather|Hail|[upkeep]
|-damage|p1a: Silvally|94/100|[from] Hail
|-damage|p2a: Uxie|94/100|[from] Hail
|-heal|p2a: Uxie|100/100|[from] item: Leftovers
|upkeep
|turn|11
|
|t:|1639533567
|move|p1a: Silvally|Thunder Wave|p2a: Uxie
|-status|p2a: Uxie|par
|move|p2a: Uxie|Substitute|p2a: Uxie
|-start|p2a: Uxie|Substitute
|-damage|p2a: Uxie|76/100 par
|
|-weather|Hail|[upkeep]
|-damage|p1a: Silvally|88/100|[from] Hail
|-damage|p2a: Uxie|69/100 par|[from] Hail
|-heal|p2a: Uxie|76/100 par|[from] item: Leftovers
|upkeep
|turn|12
|
|t:|1639533576
|move|p1a: Silvally|U-turn|p2a: Uxie
|-supereffective|p2a: Uxie
|-end|p2a: Uxie|Substitute
|
|t:|1639533578
|switch|p1a: Centiskorch|Centiskorch, M|100/100|[from]move: U-turn
|cant|p2a: Uxie|par
|
|-weather|none
|-heal|p2a: Uxie|82/100 par|[from] item: Leftovers
|upkeep
|turn|13
|
|t:|1639533588
|move|p1a: Centiskorch|Fire Lash|p2a: Uxie
|-damage|p2a: Uxie|54/100 par
|-unboost|p2a: Uxie|def|1
|move|p2a: Uxie|Stored Power|p1a: Centiskorch
|-damage|p1a: Centiskorch|77/100
|
|-heal|p2a: Uxie|61/100 par|[from] item: Leftovers
|upkeep
|turn|14
|
|t:|1639533597
|move|p1a: Centiskorch|Knock Off|p2a: Uxie
|-supereffective|p2a: Uxie
|-damage|p2a: Uxie|0 fnt
|-enditem|p2a: Uxie|Leftovers|[from] move: Knock Off|[of] p1a: Centiskorch
|faint|p2a: Uxie
|
|upkeep
|
|t:|1639533603
|switch|p2a: Lilligant|Lilligant, F|100/100
|turn|15
|
|t:|1639533612
|switch|p1a: Articuno|Articuno-Galar|88/100 par
|move|p2a: Lilligant|Sleep Powder||[still]
|-fail|p2a: Lilligant
|
|upkeep
|turn|16
|
|t:|1639533617
|move|p2a: Lilligant|Quiver Dance|p2a: Lilligant
|-boost|p2a: Lilligant|spa|1
|-boost|p2a: Lilligant|spd|1
|-boost|p2a: Lilligant|spe|1
|cant|p1a: Articuno|par
|
|upkeep
|turn|17
|
|t:|1639533623
|move|p2a: Lilligant|Substitute|p2a: Lilligant
|-start|p2a: Lilligant|Substitute
|-damage|p2a: Lilligant|76/100
|move|p1a: Articuno|Psyshock|p2a: Lilligant
|-end|p2a: Lilligant|Substitute
|
|-heal|p2a: Lilligant|82/100|[from] item: Leftovers
|upkeep
|turn|18
|
|t:|1639533631
|move|p2a: Lilligant|Petal Dance|p1a: Articuno
|-resisted|p1a: Articuno
|-damage|p1a: Articuno|37/100 par
|move|p1a: Articuno|Psyshock|p2a: Lilligant
|-damage|p2a: Lilligant|0 fnt
|faint|p2a: Lilligant
|
|upkeep
|
|t:|1639533638
|switch|p2a: Hitmonlee|Hitmonlee, M|100/100
|turn|19
|
|t:|1639533640
|move|p2a: Hitmonlee|Knock Off|p1a: Articuno
|-supereffective|p1a: Articuno
|-damage|p1a: Articuno|0 fnt
|-enditem|p1a: Articuno|Choice Specs|[from] move: Knock Off|[of] p2a: Hitmonlee
|faint|p1a: Articuno
|
|upkeep
|c|☆Gl4ss|gg
|
|t:|1639533644
|switch|p1a: Togetic|Togetic, F|100/100
|turn|20
|
|t:|1639533647
|move|p2a: Hitmonlee|Knock Off|p1a: Togetic
|-resisted|p1a: Togetic
|-damage|p1a: Togetic|84/100
|-enditem|p1a: Togetic|Eviolite|[from] move: Knock Off|[of] p2a: Hitmonlee
|move|p1a: Togetic|Dazzling Gleam|p2a: Hitmonlee
|-supereffective|p2a: Hitmonlee
|-damage|p2a: Hitmonlee|21/100
|
|upkeep
|turn|21
|c|☆zoowi|gg
|
|t:|1639533654
|move|p2a: Hitmonlee|Knock Off|p1a: Togetic
|-resisted|p1a: Togetic
|-damage|p1a: Togetic|68/100
|move|p1a: Togetic|Dazzling Gleam|p2a: Hitmonlee
|-supereffective|p2a: Hitmonlee
|-damage|p2a: Hitmonlee|0 fnt
|faint|p2a: Hitmonlee
|
|win|zoowi
|n|☆zoowi|zoowi
|n|☆Gl4ss|gl4ss
|n| neoELVIS|neoelvis
|n| PokeVoyeur|pokevoyeur
|n| Swanna|swanna
|n| False God Red|falsegodred
