|j|☆they call me stick
|j|☆corey2
|t:|1621735999
|gametype|singles
|player|p1|they call me stick|170|1328
|player|p2|corey2|veteran|1363
|teamsize|p1|6
|teamsize|p2|6
|gen|8
|tier|[Gen 8] PU
|rated|
|rule|Sleep Clause Mod: Limit one foe put to sleep
|rule|Species Clause: Limit one of each Pokémon
|rule|OHKO Clause: OHKO moves are banned
|rule|Evasion Moves Clause: Evasion moves are banned
|rule|Endless Battle Clause: Forcing endless battles is banned
|rule|HP Percentage Mod: HP is shown in percentages
|rule|Dynamax Clause: You cannot dynamax
|clearpoke
|poke|p1|Scrafty, M|
|poke|p1|Silvally-*|
|poke|p1|Mesprit|
|poke|p1|Rotom|
|poke|p1|Whimsicott, M|
|poke|p1|Passimian, M|
|poke|p2|Tsareena, F|
|poke|p2|Guzzlord|
|poke|p2|Heliolisk, M|
|poke|p2|Sandaconda, F|
|poke|p2|Hitmontop, M|
|poke|p2|Ribombee, F|
|teampreview
|c|☆they call me stick|gl hf
|
|t:|1621736025
|start
|switch|p1a: Whimsicott|Whimsicott, M|100/100
|switch|p2a: Tsareena|Tsareena, F|100/100
|turn|1
|
|t:|1621736067
|move|p1a: Whimsicott|U-turn|p2a: Tsareena
|-supereffective|p2a: Tsareena
|-damage|p2a: Tsareena|75/100
|
|t:|1621736074
|switch|p1a: Silvally|Silvally-Steel|100/100|[from]move: U-turn
|move|p2a: Tsareena|U-turn|p1a: Silvally
|-resisted|p1a: Silvally
|-damage|p1a: Silvally|87/100
|
|t:|1621736102
|switch|p2a: Sandaconda|Sandaconda, F|100/100|[from]move: U-turn
|
|upkeep
|turn|2
|
|t:|1621736109
|move|p1a: Silvally|Parting Shot|p2a: Sandaconda
|-unboost|p2a: Sandaconda|atk|1
|-unboost|p2a: Sandaconda|spa|1
|
|t:|1621736128
|switch|p1a: Whimsicott|Whimsicott, M|100/100|[from]move: Parting Shot
|move|p2a: Sandaconda|Stealth Rock|p1a: Whimsicott
|-sidestart|p1: they call me stick|move: Stealth Rock
|
|upkeep
|turn|3
|
|t:|1621736139
|switch|p2a: Ribombee|Ribombee, F|100/100
|move|p1a: Whimsicott|Moonblast|p2a: Ribombee
|-damage|p2a: Ribombee|29/100
|
|-heal|p2a: Ribombee|35/100|[from] item: Leftovers
|upkeep
|turn|4
|
|t:|1621736145
|move|p1a: Whimsicott|Moonblast|p2a: Ribombee
|-damage|p2a: Ribombee|0 fnt
|faint|p2a: Ribombee
|
|upkeep
|
|t:|1621736149
|switch|p2a: Heliolisk|Heliolisk, M|100/100
|turn|5
|
|t:|1621736168
|switch|p1a: Rotom|Rotom|100/100
|-damage|p1a: Rotom|88/100|[from] Stealth Rock
|move|p2a: Heliolisk|Hyper Voice|p1a: Rotom
|-immune|p1a: Rotom
|
|upkeep
|turn|6
|
|t:|1621736173
|switch|p2a: Tsareena|Tsareena, F|75/100
|move|p1a: Rotom|Will-O-Wisp|p2a: Tsareena|[miss]
|-miss|p1a: Rotom|p2a: Tsareena
|
|upkeep
|turn|7
|
|t:|1621736179
|move|p2a: Tsareena|Power Whip|p1a: Rotom
|-damage|p1a: Rotom|0 fnt
|faint|p1a: Rotom
|
|upkeep
|
|t:|1621736187
|switch|p1a: Silvally|Silvally-Steel|87/100
|-damage|p1a: Silvally|81/100|[from] Stealth Rock
|turn|8
|
|t:|1621736205
|switch|p2a: Hitmontop|Hitmontop, M|100/100
|-ability|p2a: Hitmontop|Intimidate|boost
|-unboost|p1a: Silvally|atk|1
|move|p1a: Silvally|Multi-Attack|p2a: Hitmontop
|-damage|p2a: Hitmontop|60/100
|
|-heal|p2a: Hitmontop|66/100|[from] item: Leftovers
|upkeep
|turn|9
|
|t:|1621736214
|move|p1a: Silvally|Parting Shot|p2a: Hitmontop
|-unboost|p2a: Hitmontop|atk|1
|-unboost|p2a: Hitmontop|spa|1
|
|t:|1621736216
|switch|p1a: Mesprit|Mesprit|100/100|[from]move: Parting Shot
|-damage|p1a: Mesprit|88/100|[from] Stealth Rock
|move|p2a: Hitmontop|Triple Axel|p1a: Mesprit|[miss]
|-miss|p2a: Hitmontop|p1a: Mesprit
|
|-heal|p2a: Hitmontop|73/100|[from] item: Leftovers
|upkeep
|turn|10
|inactive|Battle timer is ON: inactive players will automatically lose when time's up. (requested by they call me stick)
|inactive|corey2 has 120 seconds left.
|inactive|corey2 has 90 seconds left.
|inactive|corey2 has 60 seconds left.
|
|t:|1621736381
|switch|p2a: Guzzlord|Guzzlord|100/100
|move|p1a: Mesprit|Stealth Rock|p2a: Guzzlord
|-sidestart|p2: corey2|move: Stealth Rock
|
|upkeep
|turn|11
|
|t:|1621736384
|move|p1a: Mesprit|Dazzling Gleam|p2a: Guzzlord
|-supereffective|p2a: Guzzlord
|-damage|p2a: Guzzlord|46/100
|move|p2a: Guzzlord|Dark Pulse|p1a: Mesprit
|-supereffective|p1a: Mesprit
|-enditem|p1a: Mesprit|Colbur Berry|[eat]
|-enditem|p1a: Mesprit|Colbur Berry|[weaken]
|-damage|p1a: Mesprit|46/100
|
|upkeep
|turn|12
|inactive|corey2 has 120 seconds left.
|
|t:|1621736401
|move|p1a: Mesprit|Dazzling Gleam|p2a: Guzzlord
|-supereffective|p2a: Guzzlord
|-damage|p2a: Guzzlord|0 fnt
|faint|p2a: Guzzlord
|
|upkeep
|
|t:|1621736404
|switch|p2a: Tsareena|Tsareena, F|75/100
|-damage|p2a: Tsareena|62/100|[from] Stealth Rock
|turn|13
|
|t:|1621736421
|switch|p1a: Silvally|Silvally-Steel|81/100
|-damage|p1a: Silvally|75/100|[from] Stealth Rock
|move|p2a: Tsareena|U-turn|p1a: Silvally
|-resisted|p1a: Silvally
|-damage|p1a: Silvally|62/100
|
|t:|1621736428
|switch|p2a: Sandaconda|Sandaconda, F|100/100|[from]move: U-turn
|-damage|p2a: Sandaconda|95/100|[from] Stealth Rock
|
|upkeep
|turn|14
|
|t:|1621736450
|move|p1a: Silvally|Parting Shot|p2a: Sandaconda
|-unboost|p2a: Sandaconda|atk|1
|-unboost|p2a: Sandaconda|spa|1
|
|t:|1621736456
|switch|p1a: Scrafty|Scrafty, M|100/100|[from]move: Parting Shot
|-damage|p1a: Scrafty|94/100|[from] Stealth Rock
|move|p2a: Sandaconda|Glare|p1a: Scrafty
|-status|p1a: Scrafty|par
|
|-activate|p1a: Scrafty|ability: Shed Skin
|-curestatus|p1a: Scrafty|par|[msg]
|-heal|p1a: Scrafty|100/100|[from] item: Leftovers
|upkeep
|turn|15
|
|t:|1621736464
|switch|p2a: Hitmontop|Hitmontop, M|73/100
|-damage|p2a: Hitmontop|66/100|[from] Stealth Rock
|-ability|p2a: Hitmontop|Intimidate|boost
|-unboost|p1a: Scrafty|atk|1
|move|p1a: Scrafty|Bulk Up|p1a: Scrafty
|-boost|p1a: Scrafty|atk|1
|-boost|p1a: Scrafty|def|1
|
|-heal|p2a: Hitmontop|73/100|[from] item: Leftovers
|upkeep
|turn|16
|
|t:|1621736470
|move|p2a: Hitmontop|Rapid Spin|p1a: Scrafty
|-damage|p1a: Scrafty|91/100
|-boost|p2a: Hitmontop|spe|1
|-sideend|p2: corey2|Stealth Rock|[from] move: Rapid Spin|[of] p2a: Hitmontop
|move|p1a: Scrafty|Bulk Up|p1a: Scrafty
|-boost|p1a: Scrafty|atk|1
|-boost|p1a: Scrafty|def|1
|
|-heal|p2a: Hitmontop|79/100|[from] item: Leftovers
|-heal|p1a: Scrafty|97/100|[from] item: Leftovers
|upkeep
|turn|17
|
|t:|1621736479
|move|p2a: Hitmontop|Bulk Up|p2a: Hitmontop
|-boost|p2a: Hitmontop|atk|1
|-boost|p2a: Hitmontop|def|1
|move|p1a: Scrafty|Drain Punch|p2a: Hitmontop
|-damage|p2a: Hitmontop|48/100
|-heal|p1a: Scrafty|100/100|[from] drain|[of] p2a: Hitmontop
|
|-heal|p2a: Hitmontop|54/100|[from] item: Leftovers
|upkeep
|turn|18
|
|t:|1621736485
|move|p2a: Hitmontop|High Jump Kick|p1a: Scrafty
|-supereffective|p1a: Scrafty
|-damage|p1a: Scrafty|16/100
|move|p1a: Scrafty|Bulk Up|p1a: Scrafty
|-boost|p1a: Scrafty|atk|1
|-boost|p1a: Scrafty|def|1
|
|-heal|p2a: Hitmontop|60/100|[from] item: Leftovers
|-heal|p1a: Scrafty|22/100|[from] item: Leftovers
|upkeep
|turn|19
|
|t:|1621736501
|switch|p1a: Mesprit|Mesprit|46/100
|-damage|p1a: Mesprit|34/100|[from] Stealth Rock
|move|p2a: Hitmontop|High Jump Kick|p1a: Mesprit|[miss]
|-miss|p2a: Hitmontop|p1a: Mesprit
|-damage|p2a: Hitmontop|10/100|[from] highjumpkick
|
|-heal|p2a: Hitmontop|17/100|[from] item: Leftovers
|upkeep
|turn|20
|
|t:|1621736506
|move|p1a: Mesprit|Psychic|p2a: Hitmontop
|-supereffective|p2a: Hitmontop
|-damage|p2a: Hitmontop|0 fnt
|faint|p2a: Hitmontop
|
|upkeep
|
|t:|1621736534
|switch|p2a: Tsareena|Tsareena, F|62/100
|turn|21
|
|t:|1621736542
|switch|p1a: Scrafty|Scrafty, M|22/100
|-damage|p1a: Scrafty|16/100|[from] Stealth Rock
|move|p2a: Tsareena|U-turn|p1a: Scrafty
|-damage|p1a: Scrafty|0 fnt
|faint|p1a: Scrafty
|
|t:|1621736546
|switch|p2a: Heliolisk|Heliolisk, M|100/100|[from]move: U-turn
|
|upkeep
|
|t:|1621736552
|switch|p1a: Passimian|Passimian, M|100/100
|-damage|p1a: Passimian|94/100|[from] Stealth Rock
|turn|22
|
|t:|1621736556
|switch|p2a: Sandaconda|Sandaconda, F|95/100
|move|p1a: Passimian|Close Combat|p2a: Sandaconda
|-damage|p2a: Sandaconda|48/100
|-unboost|p1a: Passimian|def|1
|-unboost|p1a: Passimian|spd|1
|-damage|p1a: Passimian|78/100|[from] item: Rocky Helmet|[of] p2a: Sandaconda
|
|upkeep
|turn|23
|
|t:|1621736562
|switch|p1a: Mesprit|Mesprit|34/100
|-damage|p1a: Mesprit|22/100|[from] Stealth Rock
|move|p2a: Sandaconda|Glare|p1a: Mesprit
|-status|p1a: Mesprit|par
|
|upkeep
|turn|24
|
|t:|1621736565
|move|p2a: Sandaconda|Stone Edge|p1a: Mesprit
|-damage|p1a: Mesprit|0 fnt
|faint|p1a: Mesprit
|
|upkeep
|
|t:|1621736568
|switch|p1a: Whimsicott|Whimsicott, M|100/100
|-damage|p1a: Whimsicott|88/100|[from] Stealth Rock
|turn|25
|
|t:|1621736573
|move|p1a: Whimsicott|Moonblast|p2a: Sandaconda
|-damage|p2a: Sandaconda|0 fnt
|faint|p2a: Sandaconda
|
|upkeep
|
|t:|1621736576
|switch|p2a: Heliolisk|Heliolisk, M|100/100
|turn|26
|
|t:|1621736579
|move|p1a: Whimsicott|Moonblast|p2a: Heliolisk
|-damage|p2a: Heliolisk|30/100
|move|p2a: Heliolisk|Hyper Voice|p1a: Whimsicott
|-damage|p1a: Whimsicott|0 fnt
|faint|p1a: Whimsicott
|
|upkeep
|
|t:|1621736587
|switch|p1a: Silvally|Silvally-Steel|62/100
|-damage|p1a: Silvally|56/100|[from] Stealth Rock
|turn|27
|
|t:|1621736591
|move|p2a: Heliolisk|Hyper Voice|p1a: Silvally
|-resisted|p1a: Silvally
|-damage|p1a: Silvally|24/100
|move|p1a: Silvally|Parting Shot|p2a: Heliolisk
|-unboost|p2a: Heliolisk|atk|1
|-unboost|p2a: Heliolisk|spa|1
|
|t:|1621736593
|switch|p1a: Passimian|Passimian, M|78/100|[from]move: Parting Shot
|-damage|p1a: Passimian|72/100|[from] Stealth Rock
|
|upkeep
|turn|28
|
|t:|1621736597
|move|p1a: Passimian|Close Combat|p2a: Heliolisk
|-supereffective|p2a: Heliolisk
|-damage|p2a: Heliolisk|0 fnt
|-unboost|p1a: Passimian|def|1
|-unboost|p1a: Passimian|spd|1
|faint|p2a: Heliolisk
|
|upkeep
|
|t:|1621736598
|switch|p2a: Tsareena|Tsareena, F|62/100
|turn|29
|
|t:|1621736601
|move|p1a: Passimian|Close Combat|p2a: Tsareena
|-damage|p2a: Tsareena|0 fnt
|-unboost|p1a: Passimian|def|1
|-unboost|p1a: Passimian|spd|1
|faint|p2a: Tsareena
|
|win|they call me stick
|raw|they call me stick's rating: 1328 &rarr; <strong>1351</strong><br />(+23 for winning)
|raw|corey2's rating: 1372 &rarr; <strong>1349</strong><br />(-23 for losing)
|c|☆they call me stick|gg
|c|☆corey2|gg
|l|☆corey2
