|j|☆Alarios
|j|☆bassy gay
|t:|1667925411
|gametype|singles
|player|p1|Alarios|riley|1453
|player|p2|bassy gay|169|1642
|teamsize|p1|6
|teamsize|p2|6
|gen|8
|tier|[Gen 8] PU
|rated|
|rule|Sleep Clause Mod: Limit one foe put to sleep
|rule|Species Clause: Limit one of each Pokémon
|rule|OHKO Clause: OHKO moves are banned
|rule|Evasion Items Clause: Evasion items are banned
|rule|Evasion Moves Clause: Evasion moves are banned
|rule|Endless Battle Clause: Forcing endless battles is banned
|rule|HP Percentage Mod: HP is shown in percentages
|rule|Dynamax Clause: You cannot dynamax
|clearpoke
|poke|p1|Kabutops, M|
|poke|p1|Eldegoss, M|
|poke|p1|Charizard, M|
|poke|p1|Vikavolt, M|
|poke|p1|Comfey, M|
|poke|p1|Audino, M|
|poke|p2|Gourgeist-*, M|
|poke|p2|Comfey, F|
|poke|p2|Lunatone|
|poke|p2|Togedemaru, M|
|poke|p2|Scrafty, M|
|poke|p2|Charizard, M|
|teampreview
|inactive|Battle timer is ON: inactive players will automatically lose when time's up. (requested by Alarios)
|
|t:|1667925430
|start
|switch|p1a: Kabutops|Kabutops, M|100/100
|switch|p2a: Scrafty|Scrafty, M|100/100
|turn|1
|j| Theresa_kiz
|
|t:|1667925436
|move|p1a: Kabutops|Superpower|p2a: Scrafty
|-supereffective|p2a: Scrafty
|-damage|p2a: Scrafty|20/100
|-unboost|p1a: Kabutops|atk|1
|-unboost|p1a: Kabutops|def|1
|move|p2a: Scrafty|Knock Off|p1a: Kabutops
|-damage|p1a: Kabutops|26/100
|-ability|p1a: Kabutops|Weak Armor|boost
|-unboost|p1a: Kabutops|def|1
|-boost|p1a: Kabutops|spe|2
|-enditem|p1a: Kabutops|Choice Scarf|[from] move: Knock Off|[of] p2a: Scrafty
|
|-heal|p2a: Scrafty|26/100|[from] item: Leftovers
|upkeep
|turn|2
|
|t:|1667925447
|switch|p2a: Gourgeist|Gourgeist-Super, M|100/100
|move|p1a: Kabutops|Flip Turn|p2a: Gourgeist
|-resisted|p2a: Gourgeist
|-damage|p2a: Gourgeist|93/100
|
|t:|1667925458
|switch|p1a: Charizard|Charizard, M|100/100|[from]move: Flip Turn
|
|upkeep
|turn|3
|
|t:|1667925463
|switch|p2a: Lunatone|Lunatone|100/100
|move|p1a: Charizard|Fire Blast|p2a: Lunatone|[miss]
|-miss|p1a: Charizard|p2a: Lunatone
|
|upkeep
|turn|4
|
|t:|1667925468
|switch|p1a: Eldegoss|Eldegoss, M|100/100
|move|p2a: Lunatone|Stealth Rock|p1a: Eldegoss
|-sidestart|p1: Alarios|move: Stealth Rock
|
|upkeep
|turn|5
|l| Theresa_kiz
|
|t:|1667925476
|switch|p2a: Gourgeist|Gourgeist-Super, M|93/100
|-item|p1a: Eldegoss|Assault Vest|[from] ability: Frisk|[of] p2a: Gourgeist|[identify]
|switch|p1a: Charizard|Charizard, M|100/100
|
|upkeep
|turn|6
|
|t:|1667925479
|switch|p2a: Lunatone|Lunatone|100/100
|move|p1a: Charizard|Defog|p2a: Lunatone
|-unboost|p2a: Lunatone|evasion|1
|-sideend|p1: Alarios|Stealth Rock|[from] move: Defog|[of] p1a: Charizard
|
|upkeep
|turn|7
|
|t:|1667925484
|switch|p1a: Kabutops|Kabutops, M|26/100
|move|p2a: Lunatone|Stealth Rock|p1a: Kabutops
|-sidestart|p1: Alarios|move: Stealth Rock
|
|upkeep
|turn|8
|
|t:|1667925496
|switch|p2a: Gourgeist|Gourgeist-Super, M|93/100
|move|p1a: Kabutops|Knock Off|p2a: Gourgeist
|-supereffective|p2a: Gourgeist
|-damage|p2a: Gourgeist|60/100
|
|upkeep
|turn|9
|
|t:|1667925502
|move|p1a: Kabutops|Flip Turn|p2a: Gourgeist
|-resisted|p2a: Gourgeist
|-damage|p2a: Gourgeist|47/100
|
|t:|1667925506
|switch|p1a: Charizard|Charizard, M|100/100|[from]move: Flip Turn
|move|p2a: Gourgeist|Poltergeist|p1a: Charizard
|-activate|p1a: Charizard|move: Poltergeist|Heavy-Duty Boots
|-damage|p1a: Charizard|28/100
|
|upkeep
|turn|10
|
|t:|1667925517
|switch|p2a: Lunatone|Lunatone|100/100
|move|p1a: Charizard|Defog|p2a: Lunatone
|-unboost|p2a: Lunatone|evasion|1
|-sideend|p1: Alarios|Stealth Rock|[from] move: Defog|[of] p1a: Charizard
|
|upkeep
|turn|11
|
|t:|1667925521
|move|p1a: Charizard|Roost|p1a: Charizard
|-heal|p1a: Charizard|78/100
|-singleturn|p1a: Charizard|move: Roost
|move|p2a: Lunatone|Stealth Rock|p1a: Charizard
|-sidestart|p1: Alarios|move: Stealth Rock
|
|upkeep
|turn|12
|
|t:|1667925526
|switch|p1a: Eldegoss|Eldegoss, M|100/100
|-damage|p1a: Eldegoss|88/100|[from] Stealth Rock
|move|p2a: Lunatone|Future Sight|p1a: Eldegoss
|-start|p2a: Lunatone|move: Future Sight
|
|upkeep
|turn|13
|
|t:|1667925533
|switch|p2a: Gourgeist|Gourgeist-Super, M|47/100
|-item|p1a: Eldegoss|Assault Vest|[from] ability: Frisk|[of] p2a: Gourgeist|[identify]
|move|p1a: Eldegoss|Leaf Storm|p2a: Gourgeist
|-resisted|p2a: Gourgeist
|-damage|p2a: Gourgeist|12/100
|-unboost|p1a: Eldegoss|spa|2
|
|upkeep
|turn|14
|
|t:|1667925536
|move|p2a: Gourgeist|Synthesis|p2a: Gourgeist
|-heal|p2a: Gourgeist|62/100
|move|p1a: Eldegoss|Leaf Storm|p2a: Gourgeist
|-resisted|p2a: Gourgeist
|-damage|p2a: Gourgeist|44/100
|-unboost|p1a: Eldegoss|spa|2
|
|-end|p1a: Eldegoss|move: Future Sight
|-damage|p1a: Eldegoss|60/100
|upkeep
|turn|15
|
|t:|1667925543
|switch|p1a: Audino|Audino, M|100/100
|move|p2a: Gourgeist|Synthesis|p2a: Gourgeist
|-heal|p2a: Gourgeist|93/100
|
|upkeep
|turn|16
|
|t:|1667925546
|switch|p2a: Scrafty|Scrafty, M|26/100
|move|p1a: Audino|Encore||[still]
|-fail|p1a: Audino
|
|-heal|p2a: Scrafty|32/100|[from] item: Leftovers
|upkeep
|turn|17
|
|t:|1667925554
|move|p2a: Scrafty|Knock Off|p1a: Audino
|-damage|p1a: Audino|61/100
|-enditem|p1a: Audino|Heavy-Duty Boots|[from] move: Knock Off|[of] p2a: Scrafty
|move|p1a: Audino|Knock Off|p2a: Scrafty
|-resisted|p2a: Scrafty
|-damage|p2a: Scrafty|28/100
|-enditem|p2a: Scrafty|Leftovers|[from] move: Knock Off|[of] p1a: Audino
|
|upkeep
|turn|18
|
|t:|1667925561
|switch|p1a: Comfey|Comfey, M|100/100
|-damage|p1a: Comfey|88/100|[from] Stealth Rock
|move|p2a: Scrafty|Rest|p2a: Scrafty
|-status|p2a: Scrafty|slp|[from] move: Rest
|-heal|p2a: Scrafty|100/100 slp|[silent]
|
|upkeep
|turn|19
|c|☆Alarios|Gay
|-message|Alarios forfeited.
|
|win|bassy gay
|raw|Alarios's rating: 1453 &rarr; <strong>1443</strong><br />(-10 for losing)
|raw|bassy gay's rating: 1642 &rarr; <strong>1652</strong><br />(+10 for winning)
|l|☆Alarios
|c|☆bassy gay|Tea
