|j|☆FollowTwitterAbove
|j|☆YargyTheLandPirate
|player|p1|FollowTwitterAbove|159|1355
|player|p2|YargyTheLandPirate|flannery|1096
|teamsize|p1|6
|teamsize|p2|6
|gametype|singles
|gen|8
|tier|[Gen 8] PU
|rated|
|clearpoke
|poke|p1|Pyukumuku, M|
|poke|p1|Leafeon, M|
|poke|p1|Vibrava, F|
|poke|p1|Mawile, F|
|poke|p1|Type: Null|
|poke|p1|Mr. Rime, M|
|poke|p2|Delibird, F|
|poke|p2|Grapploct, F|
|poke|p2|Leafeon, M|
|poke|p2|Dusknoir, F|
|poke|p2|Silvally-*|
|poke|p2|Meowstic-F, F|
|rule|Sleep Clause Mod: Limit one foe put to sleep
|rule|Species Clause: Limit one of each Pokémon
|rule|OHKO Clause: OHKO moves are banned
|rule|Evasion Moves Clause: Evasion moves are banned
|rule|Endless Battle Clause: Forcing endless battles is banned
|rule|HP Percentage Mod: HP is shown in percentages
|rule|Dynamax Clause: You cannot dynamax
|teampreview
|inactive|Battle timer is ON: inactive players will automatically lose when time's up. (requested by YargyTheLandPirate)
|c|☆YargyTheLandPirate|glhf
|c|☆FollowTwitterAbove|gl hf
|
|start
|switch|p1a: Mr. Rime|Mr. Rime, M, shiny|100/100
|switch|p2a: Saint Borb|Delibird, F|100/100
|turn|1
|c|☆YargyTheLandPirate|What twitter?
|
|move|p2a: Saint Borb|Fake Out|p1a: Mr. Rime
|-damage|p1a: Mr. Rime|94/100
|cant|p1a: Mr. Rime|flinch
|
|upkeep
|turn|2
|c|☆FollowTwitterAbove|check to see who's #5 on the pu ladder rn
|
|switch|p2a: Ben Shapiro|Dusknoir, F|100/100
|-ability|p2a: Ben Shapiro|Pressure
|move|p1a: Mr. Rime|Freeze-Dry|p2a: Ben Shapiro
|-damage|p2a: Ben Shapiro|84/100
|
|upkeep
|turn|3
|c|☆YargyTheLandPirate|Is it you?
|
|switch|p1a: Leafeon|Leafeon, M, shiny|100/100
|move|p2a: Ben Shapiro|Power-Up Punch|p1a: Leafeon
|-damage|p1a: Leafeon|93/100
|-boost|p2a: Ben Shapiro|atk|1
|
|-heal|p1a: Leafeon|99/100|[from] item: Leftovers
|upkeep
|turn|4
|c|☆FollowTwitterAbove|yes
|c|☆YargyTheLandPirate|That an absolute Yote man
|
|move|p1a: Leafeon|Knock Off|p2a: Ben Shapiro
|-supereffective|p2a: Ben Shapiro
|-damage|p2a: Ben Shapiro|42/100
|-enditem|p2a: Ben Shapiro|Assault Vest|[from] move: Knock Off|[of] p1a: Leafeon
|move|p2a: Ben Shapiro|Ice Punch|p1a: Leafeon
|-supereffective|p1a: Leafeon
|-damage|p1a: Leafeon|59/100
|-status|p1a: Leafeon|frz
|
|-heal|p1a: Leafeon|65/100 frz|[from] item: Leftovers
|upkeep
|turn|5
|c|☆FollowTwitterAbove|lololol
|
|switch|p1a: Pyukumuku|Pyukumuku, M|100/100
|move|p2a: Ben Shapiro|Ice Punch|p1a: Pyukumuku
|-resisted|p1a: Pyukumuku
|-crit|p1a: Pyukumuku
|-damage|p1a: Pyukumuku|88/100
|
|-heal|p1a: Pyukumuku|94/100|[from] item: Leftovers
|upkeep
|turn|6
|
|switch|p2a: Meowstic|Meowstic-F, F|100/100
|move|p1a: Pyukumuku|Toxic|p2a: Meowstic
|-status|p2a: Meowstic|tox
|
|-heal|p1a: Pyukumuku|100/100|[from] item: Leftovers
|-damage|p2a: Meowstic|94/100 tox|[from] psn
|upkeep
|turn|7
|
|switch|p1a: Mr. Rime|Mr. Rime, M, shiny|94/100
|move|p2a: Meowstic|Trick|p1a: Mr. Rime
|-activate|p2a: Meowstic|move: Trick|[of] p1a: Mr. Rime
|-item|p1a: Mr. Rime|Choice Scarf|[from] move: Trick
|-item|p2a: Meowstic|Heavy-Duty Boots|[from] move: Trick
|
|-damage|p2a: Meowstic|82/100 tox|[from] psn
|upkeep
|turn|8
|
|move|p2a: Meowstic|Trick|p1a: Mr. Rime
|-activate|p2a: Meowstic|move: Trick|[of] p1a: Mr. Rime
|-item|p1a: Mr. Rime|Heavy-Duty Boots|[from] move: Trick
|-item|p2a: Meowstic|Choice Scarf|[from] move: Trick
|move|p1a: Mr. Rime|Freeze-Dry|p2a: Meowstic
|-damage|p2a: Meowstic|43/100 tox
|
|-damage|p2a: Meowstic|24/100 tox|[from] psn
|upkeep
|turn|9
|
|switch|p2a: Ben Shapiro|Dusknoir, F|42/100
|-ability|p2a: Ben Shapiro|Pressure
|move|p1a: Mr. Rime|Slack Off|p1a: Mr. Rime
|-heal|p1a: Mr. Rime|100/100
|
|upkeep
|turn|10
|
|switch|p1a: Pyukumuku|Pyukumuku, M|100/100
|move|p2a: Ben Shapiro|Shadow Sneak|p1a: Pyukumuku
|-damage|p1a: Pyukumuku|88/100
|
|-heal|p1a: Pyukumuku|94/100|[from] item: Leftovers
|upkeep
|turn|11
|
|switch|p2a: Smoke Leafeon|Leafeon, M|100/100
|move|p1a: Pyukumuku|Toxic|p2a: Smoke Leafeon|[miss]
|-miss|p1a: Pyukumuku|p2a: Smoke Leafeon
|
|-heal|p1a: Pyukumuku|99/100|[from] item: Leftovers
|upkeep
|turn|12
|
|move|p2a: Smoke Leafeon|Knock Off|p1a: Pyukumuku
|-damage|p1a: Pyukumuku|77/100
|-enditem|p1a: Pyukumuku|Leftovers|[from] move: Knock Off|[of] p2a: Smoke Leafeon
|move|p1a: Pyukumuku|Toxic|p2a: Smoke Leafeon|[miss]
|-miss|p1a: Pyukumuku|p2a: Smoke Leafeon
|
|upkeep
|turn|13
|
|switch|p2a: Meowstic|Meowstic-F, F|24/100 tox
|switch|p1a: Mawile|Mawile, F, shiny|100/100
|-ability|p1a: Mawile|Intimidate|boost
|-unboost|p2a: Meowstic|atk|1
|-ability|p2a: Meowstic|Competitive
|-boost|p2a: Meowstic|spa|2
|
|-damage|p2a: Meowstic|18/100 tox|[from] psn
|upkeep
|turn|14
|
|switch|p2a: Smoke Leafeon|Leafeon, M|100/100
|move|p1a: Mawile|Protect||[still]
|-fail|p1a: Mawile
|
|upkeep
|turn|15
|
|move|p2a: Smoke Leafeon|Knock Off|p1a: Mawile
|-resisted|p1a: Mawile
|-crit|p1a: Mawile
|-damage|p1a: Mawile|77/100
|-enditem|p1a: Mawile|Leftovers|[from] move: Knock Off|[of] p2a: Smoke Leafeon
|move|p1a: Mawile|Play Rough|p2a: Smoke Leafeon
|-damage|p2a: Smoke Leafeon|80/100
|
|-heal|p2a: Smoke Leafeon|86/100|[from] item: Leftovers
|upkeep
|turn|16
|
|move|p2a: Smoke Leafeon|Wish|p2a: Smoke Leafeon
|move|p1a: Mawile|Knock Off|p2a: Smoke Leafeon
|-damage|p2a: Smoke Leafeon|69/100
|-enditem|p2a: Smoke Leafeon|Leftovers|[from] move: Knock Off|[of] p1a: Mawile
|
|upkeep
|turn|17
|
|switch|p2a: Ben Shapiro|Dusknoir, F|42/100
|-ability|p2a: Ben Shapiro|Pressure
|move|p1a: Mawile|Stealth Rock|p2a: Ben Shapiro
|-sidestart|p2: YargyTheLandPirate|move: Stealth Rock
|
|-heal|p2a: Ben Shapiro|99/100|[from] move: Wish|[wisher] Smoke Leafeon
|upkeep
|turn|18
|
|switch|p1a: Pyukumuku|Pyukumuku, M|77/100
|move|p2a: Ben Shapiro|Power-Up Punch|p1a: Pyukumuku
|-damage|p1a: Pyukumuku|69/100
|-boost|p2a: Ben Shapiro|atk|1
|
|upkeep
|turn|19
|
|move|p2a: Ben Shapiro|Thunder Punch|p1a: Pyukumuku
|-supereffective|p1a: Pyukumuku
|-damage|p1a: Pyukumuku|38/100
|move|p1a: Pyukumuku|Recover|p1a: Pyukumuku
|-heal|p1a: Pyukumuku|88/100
|
|upkeep
|turn|20
|
|switch|p2a: Smoke Leafeon|Leafeon, M|69/100
|-damage|p2a: Smoke Leafeon|57/100|[from] Stealth Rock
|move|p1a: Pyukumuku|Toxic|p2a: Smoke Leafeon
|-status|p2a: Smoke Leafeon|tox
|
|-damage|p2a: Smoke Leafeon|51/100 tox|[from] psn
|upkeep
|turn|21
|
|switch|p1a: Leafeon|Leafeon, M, shiny|65/100 frz
|move|p2a: Smoke Leafeon|Heal Bell|p2a: Smoke Leafeon
|-activate|p2a: Smoke Leafeon|move: Heal Bell
|-curestatus|p2a: Smoke Leafeon|tox|[msg]
|-curestatus|p2: Meowstic|tox|[msg]
|
|-heal|p1a: Leafeon|71/100 frz|[from] item: Leftovers
|upkeep
|turn|22
|
|switch|p1a: Mr. Rime|Mr. Rime, M, shiny|100/100
|move|p2a: Smoke Leafeon|Knock Off|p1a: Mr. Rime
|-supereffective|p1a: Mr. Rime
|-damage|p1a: Mr. Rime|27/100
|-enditem|p1a: Mr. Rime|Heavy-Duty Boots|[from] move: Knock Off|[of] p2a: Smoke Leafeon
|
|upkeep
|turn|23
|
|switch|p2a: Ben Shapiro|Dusknoir, F|99/100
|-damage|p2a: Ben Shapiro|87/100|[from] Stealth Rock
|-ability|p2a: Ben Shapiro|Pressure
|switch|p1a: Leafeon|Leafeon, M, shiny|71/100 frz
|
|-heal|p1a: Leafeon|77/100 frz|[from] item: Leftovers
|upkeep
|turn|24
|
|-curestatus|p1a: Leafeon|frz|[msg]
|move|p1a: Leafeon|Knock Off|p2a: Ben Shapiro
|-supereffective|p2a: Ben Shapiro
|-damage|p2a: Ben Shapiro|58/100
|move|p2a: Ben Shapiro|Ice Punch|p1a: Leafeon
|-supereffective|p1a: Leafeon
|-damage|p1a: Leafeon|46/100
|
|-heal|p1a: Leafeon|52/100|[from] item: Leftovers
|upkeep
|turn|25
|
|move|p1a: Leafeon|Wish|p1a: Leafeon
|move|p2a: Ben Shapiro|Ice Punch|p1a: Leafeon
|-supereffective|p1a: Leafeon
|-damage|p1a: Leafeon|24/100
|
|-heal|p1a: Leafeon|30/100|[from] item: Leftovers
|upkeep
|turn|26
|
|switch|p2a: Meowstic|Meowstic-F, F|18/100
|-damage|p2a: Meowstic|6/100|[from] Stealth Rock
|move|p1a: Leafeon|Protect||[still]
|-fail|p1a: Leafeon
|
|-heal|p1a: Leafeon|80/100|[from] move: Wish|[wisher] Leafeon
|-heal|p1a: Leafeon|86/100|[from] item: Leftovers
|upkeep
|turn|27
|
|move|p1a: Leafeon|Protect|p1a: Leafeon
|-singleturn|p1a: Leafeon|Protect
|move|p2a: Meowstic|Trick|p1a: Leafeon
|-activate|p1a: Leafeon|move: Protect
|
|-heal|p1a: Leafeon|92/100|[from] item: Leftovers
|upkeep
|turn|28
|
|switch|p1a: Mr. Rime|Mr. Rime, M, shiny|27/100
|move|p2a: Meowstic|Trick|p1a: Mr. Rime
|-activate|p2a: Meowstic|move: Trick|[of] p1a: Mr. Rime
|-item|p1a: Mr. Rime|Choice Scarf|[from] move: Trick
|-enditem|p2a: Meowstic|Choice Scarf|[silent]|[from] move: Trick
|
|upkeep
|turn|29
|
|switch|p2a: Ben Shapiro|Dusknoir, F|58/100
|-damage|p2a: Ben Shapiro|46/100|[from] Stealth Rock
|-ability|p2a: Ben Shapiro|Pressure
|move|p1a: Mr. Rime|Slack Off|p1a: Mr. Rime
|-heal|p1a: Mr. Rime|77/100
|
|upkeep
|turn|30
|
|switch|p1a: Pyukumuku|Pyukumuku, M|88/100
|move|p2a: Ben Shapiro|Thunder Punch|p1a: Pyukumuku
|-supereffective|p1a: Pyukumuku
|-damage|p1a: Pyukumuku|59/100
|
|upkeep
|turn|31
|
|move|p2a: Ben Shapiro|Thunder Punch|p1a: Pyukumuku
|-supereffective|p1a: Pyukumuku
|-damage|p1a: Pyukumuku|30/100
|move|p1a: Pyukumuku|Recover|p1a: Pyukumuku
|-heal|p1a: Pyukumuku|80/100
|
|upkeep
|turn|32
|
|move|p2a: Ben Shapiro|Thunder Punch|p1a: Pyukumuku
|-supereffective|p1a: Pyukumuku
|-damage|p1a: Pyukumuku|50/100
|-status|p1a: Pyukumuku|par
|move|p1a: Pyukumuku|Toxic|p2a: Ben Shapiro
|-status|p2a: Ben Shapiro|tox
|
|-damage|p2a: Ben Shapiro|40/100 tox|[from] psn
|upkeep
|turn|33
|
|switch|p1a: Leafeon|Leafeon, M, shiny|92/100
|move|p2a: Ben Shapiro|Thunder Punch|p1a: Leafeon
|-resisted|p1a: Leafeon
|-crit|p1a: Leafeon
|-damage|p1a: Leafeon|82/100
|
|-heal|p1a: Leafeon|88/100|[from] item: Leftovers
|-damage|p2a: Ben Shapiro|28/100 tox|[from] psn
|upkeep
|turn|34
|
|switch|p2a: Silvally-Piss|Silvally-Electric|100/100
|-damage|p2a: Silvally-Piss|88/100|[from] Stealth Rock
|move|p1a: Leafeon|Heal Bell|p1a: Leafeon
|-activate|p1a: Leafeon|move: Heal Bell
|-curestatus|p1: Pyukumuku|par|[msg]
|
|-heal|p1a: Leafeon|94/100|[from] item: Leftovers
|upkeep
|turn|35
|
|switch|p1a: Vibrava|Vibrava, F, shiny|100/100
|move|p2a: Silvally-Piss|Defog|p1a: Vibrava
|-unboost|p1a: Vibrava|evasion|1
|-sideend|p2: YargyTheLandPirate|Stealth Rock|[from] move: Defog|[of] p2a: Silvally-Piss
|
|upkeep
|turn|36
|
|switch|p2a: Smoke Leafeon|Leafeon, M|51/100
|switch|p1a: Type: Null|Type: Null, shiny|100/100
|
|upkeep
|turn|37
|
|switch|p1a: Mawile|Mawile, F, shiny|77/100
|-ability|p1a: Mawile|Intimidate|boost
|-unboost|p2a: Smoke Leafeon|atk|1
|move|p2a: Smoke Leafeon|Knock Off|p1a: Mawile
|-resisted|p1a: Mawile
|-damage|p1a: Mawile|71/100
|
|upkeep
|turn|38
|
|move|p2a: Smoke Leafeon|Wish|p2a: Smoke Leafeon
|move|p1a: Mawile|Stealth Rock|p2a: Smoke Leafeon
|-sidestart|p2: YargyTheLandPirate|move: Stealth Rock
|
|upkeep
|turn|39
|
|move|p2a: Smoke Leafeon|Knock Off|p1a: Mawile
|-resisted|p1a: Mawile
|-damage|p1a: Mawile|64/100
|move|p1a: Mawile|Knock Off|p2a: Smoke Leafeon
|-damage|p2a: Smoke Leafeon|40/100
|
|-heal|p2a: Smoke Leafeon|90/100|[from] move: Wish|[wisher] Smoke Leafeon
|upkeep
|turn|40
|
|switch|p1a: Leafeon|Leafeon, M, shiny|94/100
|move|p2a: Smoke Leafeon|Wish|p2a: Smoke Leafeon
|
|-heal|p1a: Leafeon|99/100|[from] item: Leftovers
|upkeep
|turn|41
|
|move|p1a: Leafeon|Knock Off|p2a: Smoke Leafeon
|-damage|p2a: Smoke Leafeon|76/100
|move|p2a: Smoke Leafeon|Knock Off|p1a: Leafeon
|-damage|p1a: Leafeon|86/100
|-enditem|p1a: Leafeon|Leftovers|[from] move: Knock Off|[of] p2a: Smoke Leafeon
|
|-heal|p2a: Smoke Leafeon|100/100|[from] move: Wish|[wisher] Smoke Leafeon
|upkeep
|turn|42
|
|move|p1a: Leafeon|Wish|p1a: Leafeon
|move|p2a: Smoke Leafeon|Wish|p2a: Smoke Leafeon
|
|upkeep
|turn|43
|
|switch|p2a: Silvally-Piss|Silvally-Electric|88/100
|-damage|p2a: Silvally-Piss|76/100|[from] Stealth Rock
|move|p1a: Leafeon|Knock Off|p2a: Silvally-Piss
|-damage|p2a: Silvally-Piss|59/100
|
|-heal|p1a: Leafeon|100/100|[from] move: Wish|[wisher] Leafeon
|-heal|p2a: Silvally-Piss|100/100|[from] move: Wish|[wisher] Smoke Leafeon
|upkeep
|turn|44
|
|switch|p1a: Type: Null|Type: Null, shiny|100/100
|move|p2a: Silvally-Piss|Defog|p1a: Type: Null
|-unboost|p1a: Type: Null|evasion|1
|-sideend|p2: YargyTheLandPirate|Stealth Rock|[from] move: Defog|[of] p2a: Silvally-Piss
|
|upkeep
|turn|45
|c|☆YargyTheLandPirate|How are we at turn 44 with 0 mons dead?
|
|switch|p2a: Smoke Leafeon|Leafeon, M|100/100
|switch|p1a: Mr. Rime|Mr. Rime, M, shiny|77/100
|
|upkeep
|turn|46
|
|switch|p2a: Ben Shapiro|Dusknoir, F|28/100 tox
|-ability|p2a: Ben Shapiro|Pressure
|move|p1a: Mr. Rime|Slack Off|p1a: Mr. Rime
|-heal|p1a: Mr. Rime|100/100
|
|-damage|p2a: Ben Shapiro|22/100 tox|[from] psn
|upkeep
|turn|47
|
|switch|p1a: Leafeon|Leafeon, M, shiny|100/100
|move|p2a: Ben Shapiro|Shadow Sneak|p1a: Leafeon
|-damage|p1a: Leafeon|89/100
|
|-damage|p2a: Ben Shapiro|9/100 tox|[from] psn
|upkeep
|turn|48
|
|move|p2a: Ben Shapiro|Shadow Sneak|p1a: Leafeon
|-damage|p1a: Leafeon|76/100
|move|p1a: Leafeon|Wish|p1a: Leafeon
|
|-damage|p2a: Ben Shapiro|0 fnt|[from] psn
|faint|p2a: Ben Shapiro
|upkeep
|
|switch|p2a: Saint Borb|Delibird, F|100/100
|turn|49
|
|switch|p1a: Mawile|Mawile, F, shiny|64/100
|-ability|p1a: Mawile|Intimidate|boost
|-unboost|p2a: Saint Borb|atk|1
|move|p2a: Saint Borb|Fake Out|p1a: Mawile
|-resisted|p1a: Mawile
|-damage|p1a: Mawile|62/100
|
|-heal|p1a: Mawile|100/100|[from] move: Wish|[wisher] Leafeon
|upkeep
|turn|50
|
|move|p2a: Saint Borb|Spikes|p1a: Mawile
|-sidestart|p1: FollowTwitterAbove|Spikes
|move|p1a: Mawile|Knock Off|p2a: Saint Borb
|-damage|p2a: Saint Borb|59/100
|-enditem|p2a: Saint Borb|Focus Sash|[from] move: Knock Off|[of] p1a: Mawile
|
|upkeep
|turn|51
|
|move|p1a: Mawile|Play Rough|p2a: Saint Borb
|-damage|p2a: Saint Borb|2/100
|move|p2a: Saint Borb|Counter|p1a: Mawile
|-damage|p1a: Mawile|0 fnt
|faint|p1a: Mawile
|
|upkeep
|
|switch|p1a: Mr. Rime|Mr. Rime, M, shiny|100/100
|-damage|p1a: Mr. Rime|88/100|[from] Spikes
|turn|52
|
|move|p1a: Mr. Rime|Rapid Spin|p2a: Saint Borb
|-damage|p2a: Saint Borb|0 fnt
|-boost|p1a: Mr. Rime|spe|1
|-sideend|p1: FollowTwitterAbove|Spikes|[from] move: Rapid Spin|[of] p1a: Mr. Rime
|faint|p2a: Saint Borb
|
|upkeep
|
|switch|p2a: Zoidberg|Grapploct, F|100/100
|turn|53
|
|switch|p1a: Vibrava|Vibrava, F, shiny|100/100
|move|p2a: Zoidberg|Octolock|p1a: Vibrava
|-start|p1a: Vibrava|move: Octolock|[of] p2a: Zoidberg
|
|-unboost|p1a: Vibrava|def|1
|-unboost|p1a: Vibrava|spd|1
|upkeep
|turn|54
|
|move|p2a: Zoidberg|Protect|p2a: Zoidberg
|-singleturn|p2a: Zoidberg|Protect
|move|p1a: Vibrava|Toxic|p2a: Zoidberg
|-activate|p2a: Zoidberg|move: Protect
|
|-unboost|p1a: Vibrava|def|1
|-unboost|p1a: Vibrava|spd|1
|upkeep
|turn|55
|
|move|p1a: Vibrava|Toxic|p2a: Zoidberg
|-status|p2a: Zoidberg|tox
|move|p2a: Zoidberg|Drain Punch|p1a: Vibrava
|-damage|p1a: Vibrava|2/100
|
|-damage|p2a: Zoidberg|94/100 tox|[from] psn
|-unboost|p1a: Vibrava|def|1
|-unboost|p1a: Vibrava|spd|1
|upkeep
|turn|56
|
|move|p1a: Vibrava|Earthquake|p2a: Zoidberg
|-damage|p2a: Zoidberg|67/100 tox
|move|p2a: Zoidberg|Drain Punch|p1a: Vibrava
|-damage|p1a: Vibrava|0 fnt
|-heal|p2a: Zoidberg|68/100 tox|[from] drain|[of] p1a: Vibrava
|faint|p1a: Vibrava
|
|-heal|p2a: Zoidberg|74/100 tox|[from] item: Leftovers
|-damage|p2a: Zoidberg|62/100 tox|[from] psn
|upkeep
|
|switch|p1a: Mr. Rime|Mr. Rime, M, shiny|88/100
|turn|57
|
|switch|p2a: Meowstic|Meowstic-F, F|6/100
|move|p1a: Mr. Rime|Freeze-Dry|p2a: Meowstic
|-damage|p2a: Meowstic|0 fnt
|faint|p2a: Meowstic
|
|upkeep
|
|switch|p2a: Smoke Leafeon|Leafeon, M|100/100
|turn|58
|
|move|p1a: Mr. Rime|Freeze-Dry|p2a: Smoke Leafeon
|-supereffective|p2a: Smoke Leafeon
|-damage|p2a: Smoke Leafeon|26/100
|move|p2a: Smoke Leafeon|Knock Off|p1a: Mr. Rime
|-supereffective|p1a: Mr. Rime
|-damage|p1a: Mr. Rime|10/100
|-enditem|p1a: Mr. Rime|Choice Scarf|[from] move: Knock Off|[of] p2a: Smoke Leafeon
|
|upkeep
|turn|59
|
|move|p2a: Smoke Leafeon|Knock Off|p1a: Mr. Rime
|-supereffective|p1a: Mr. Rime
|-damage|p1a: Mr. Rime|0 fnt
|faint|p1a: Mr. Rime
|
|upkeep
|
|switch|p1a: Type: Null|Type: Null, shiny|100/100
|turn|60
|
|move|p2a: Smoke Leafeon|Knock Off|p1a: Type: Null
|-damage|p1a: Type: Null|82/100
|-enditem|p1a: Type: Null|Eviolite|[from] move: Knock Off|[of] p2a: Smoke Leafeon
|move|p1a: Type: Null|Swords Dance|p1a: Type: Null
|-boost|p1a: Type: Null|atk|2
|
|upkeep
|turn|61
|
|move|p2a: Smoke Leafeon|Wish|p2a: Smoke Leafeon
|move|p1a: Type: Null|Facade|p2a: Smoke Leafeon
|-damage|p2a: Smoke Leafeon|0 fnt
|faint|p2a: Smoke Leafeon
|
|upkeep
|
|switch|p2a: Zoidberg|Grapploct, F|62/100 tox
|turn|62
|
|switch|p1a: Pyukumuku|Pyukumuku, M|50/100
|move|p2a: Zoidberg|Octolock|p1a: Pyukumuku
|-start|p1a: Pyukumuku|move: Octolock|[of] p2a: Zoidberg
|
|-heal|p2a: Zoidberg|100/100 tox|[from] move: Wish|[wisher] Smoke Leafeon
|-damage|p2a: Zoidberg|94/100 tox|[from] psn
|-unboost|p1a: Pyukumuku|def|1
|-unboost|p1a: Pyukumuku|spd|1
|upkeep
|turn|63
|
|move|p2a: Zoidberg|Drain Punch|p1a: Pyukumuku
|-damage|p1a: Pyukumuku|10/100
|-heal|p2a: Zoidberg|100/100 tox|[from] drain|[of] p1a: Pyukumuku
|move|p1a: Pyukumuku|Recover|p1a: Pyukumuku
|-heal|p1a: Pyukumuku|60/100
|
|-damage|p2a: Zoidberg|88/100 tox|[from] psn
|-unboost|p1a: Pyukumuku|def|1
|-unboost|p1a: Pyukumuku|spd|1
|upkeep
|turn|64
|
|move|p2a: Zoidberg|Drain Punch|p1a: Pyukumuku
|-damage|p1a: Pyukumuku|9/100
|-heal|p2a: Zoidberg|100/100 tox|[from] drain|[of] p1a: Pyukumuku
|move|p1a: Pyukumuku|Recover|p1a: Pyukumuku
|-heal|p1a: Pyukumuku|59/100
|
|-damage|p2a: Zoidberg|82/100 tox|[from] psn
|-unboost|p1a: Pyukumuku|def|1
|-unboost|p1a: Pyukumuku|spd|1
|upkeep
|turn|65
|
|move|p2a: Zoidberg|Drain Punch|p1a: Pyukumuku
|-damage|p1a: Pyukumuku|0 fnt
|-heal|p2a: Zoidberg|100/100 tox|[from] drain|[of] p1a: Pyukumuku
|faint|p1a: Pyukumuku
|
|-damage|p2a: Zoidberg|76/100 tox|[from] psn
|upkeep
|
|switch|p1a: Leafeon|Leafeon, M, shiny|76/100
|turn|66
|
|move|p1a: Leafeon|Protect|p1a: Leafeon
|-singleturn|p1a: Leafeon|Protect
|move|p2a: Zoidberg|Octolock|p1a: Leafeon
|-activate|p1a: Leafeon|move: Protect
|
|-heal|p2a: Zoidberg|82/100 tox|[from] item: Leftovers
|-damage|p2a: Zoidberg|52/100 tox|[from] psn
|upkeep
|turn|67
|
|move|p1a: Leafeon|Wish|p1a: Leafeon
|move|p2a: Zoidberg|Octolock|p1a: Leafeon
|-start|p1a: Leafeon|move: Octolock|[of] p2a: Zoidberg
|
|-heal|p2a: Zoidberg|58/100 tox|[from] item: Leftovers
|-damage|p2a: Zoidberg|22/100 tox|[from] psn
|-unboost|p1a: Leafeon|def|1
|-unboost|p1a: Leafeon|spd|1
|upkeep
|turn|68
|
|switch|p2a: Silvally-Piss|Silvally-Electric|100/100
|move|p1a: Leafeon|Protect||[still]
|-fail|p1a: Leafeon
|
|-heal|p1a: Leafeon|100/100|[from] move: Wish|[wisher] Leafeon
|-end|p1a: Leafeon|Octolock|[partiallytrapped]|[silent]
|upkeep
|turn|69
|
|move|p2a: Silvally-Piss|Swords Dance|p2a: Silvally-Piss
|-boost|p2a: Silvally-Piss|atk|2
|move|p1a: Leafeon|Wish|p1a: Leafeon
|
|upkeep
|turn|70
|
|switch|p1a: Type: Null|Type: Null, shiny|82/100
|move|p2a: Silvally-Piss|Swords Dance|p2a: Silvally-Piss
|-boost|p2a: Silvally-Piss|atk|2
|
|-heal|p1a: Type: Null|100/100|[from] move: Wish|[wisher] Leafeon
|upkeep
|turn|71
|
|move|p2a: Silvally-Piss|Multi-Attack|p1a: Type: Null
|-damage|p1a: Type: Null|0 fnt
|faint|p1a: Type: Null
|
|upkeep
|
|switch|p1a: Leafeon|Leafeon, M, shiny|100/100
|turn|72
|
|move|p2a: Silvally-Piss|Flame Charge|p1a: Leafeon
|-supereffective|p1a: Leafeon
|-damage|p1a: Leafeon|44/100
|-boost|p2a: Silvally-Piss|spe|1
|move|p1a: Leafeon|Wish|p1a: Leafeon
|
|upkeep
|turn|73
|-message|FollowTwitterAbove forfeited.
|
|win|YargyTheLandPirate
|l|☆FollowTwitterAbove
|raw|FollowTwitterAbove's rating: 1365 &rarr; <strong>1332</strong><br />(-33 for losing)
|raw|YargyTheLandPirate's rating: 1096 &rarr; <strong>1139</strong><br />(+43 for winning)
