|j|☆xDarkcrafterHDx
|j|☆Allejo 07
|t:|1638365317
|gametype|singles
|player|p1|xDarkcrafterHDx|hilbert|1317
|player|p2|Allejo 07|li|1427
|teamsize|p1|6
|teamsize|p2|6
|gen|8
|tier|[Gen 8] PU
|rated|
|rule|Sleep Clause Mod: Limit one foe put to sleep
|rule|Species Clause: Limit one of each Pokémon
|rule|OHKO Clause: OHKO moves are banned
|rule|Evasion Moves Clause: Evasion moves are banned
|rule|Endless Battle Clause: Forcing endless battles is banned
|rule|HP Percentage Mod: HP is shown in percentages
|rule|Dynamax Clause: You cannot dynamax
|clearpoke
|poke|p1|Absol, F|
|poke|p1|Thwackey, F|
|poke|p1|Charizard, F|
|poke|p1|Togedemaru, F|
|poke|p1|Jellicent, M|
|poke|p1|Hitmontop, M|
|poke|p2|Wishiwashi, F|
|poke|p2|Sandaconda, M|
|poke|p2|Togedemaru, F|
|poke|p2|Silvally-*|
|poke|p2|Articuno-Galar|
|poke|p2|Ribombee, M|
|teampreview
|inactive|Battle timer is ON: inactive players will automatically lose when time's up. (requested by xDarkcrafterHDx)
|
|t:|1638365340
|start
|switch|p1a: Thwackey|Thwackey, F|100/100
|switch|p2a: Articuno|Articuno-Galar|100/100
|-fieldstart|move: Grassy Terrain|[from] ability: Grassy Surge|[of] p1a: Thwackey
|turn|1
|
|t:|1638365349
|switch|p1a: Togedemaru|Togedemaru, F|100/100
|move|p2a: Articuno|Future Sight|p1a: Togedemaru
|-start|p2a: Articuno|move: Future Sight
|
|upkeep
|turn|2
|
|t:|1638365355
|switch|p2a: Sandaconda|Sandaconda, M|100/100
|move|p1a: Togedemaru|Toxic|p2a: Sandaconda
|-status|p2a: Sandaconda|tox
|
|-activate|p2a: Sandaconda|ability: Shed Skin
|-curestatus|p2a: Sandaconda|tox|[msg]
|upkeep
|turn|3
|
|t:|1638365361
|move|p1a: Togedemaru|Spiky Shield|p1a: Togedemaru
|-singleturn|p1a: Togedemaru|move: Protect
|move|p2a: Sandaconda|Stealth Rock|p1a: Togedemaru
|-sidestart|p1: xDarkcrafterHDx|move: Stealth Rock
|
|-end|p1a: Togedemaru|move: Future Sight
|-resisted|p1a: Togedemaru
|-damage|p1a: Togedemaru|73/100
|-heal|p1a: Togedemaru|79/100|[from] Grassy Terrain
|-heal|p1a: Togedemaru|85/100|[from] item: Leftovers
|upkeep
|turn|4
|
|t:|1638365378
|move|p1a: Togedemaru|U-turn|p2a: Sandaconda
|-damage|p2a: Sandaconda|90/100
|-damage|p1a: Togedemaru|68/100|[from] item: Rocky Helmet|[of] p2a: Sandaconda
|
|t:|1638365382
|switch|p1a: Charizard|Charizard, F|100/100|[from]move: U-turn
|move|p2a: Sandaconda|Earthquake|p1a: Charizard
|-immune|p1a: Charizard
|
|-heal|p2a: Sandaconda|96/100|[from] Grassy Terrain
|upkeep
|turn|5
|
|t:|1638365396
|switch|p1a: Togedemaru|Togedemaru, F|68/100
|-damage|p1a: Togedemaru|62/100|[from] Stealth Rock
|switch|p2a: Wishiwashi|Wishiwashi, F|100/100
|-formechange|p2a: Wishiwashi|Wishiwashi-School||[from] ability: Schooling
|
|-heal|p1a: Togedemaru|68/100|[from] Grassy Terrain
|-heal|p1a: Togedemaru|74/100|[from] item: Leftovers
|-fieldend|move: Grassy Terrain
|upkeep
|turn|6
|
|t:|1638365401
|move|p1a: Togedemaru|Wish|p1a: Togedemaru
|move|p2a: Wishiwashi|Scald|p1a: Togedemaru
|-damage|p1a: Togedemaru|39/100
|
|-heal|p1a: Togedemaru|45/100|[from] item: Leftovers
|upkeep
|turn|7
|
|t:|1638365411
|switch|p2a: Silvally|Silvally-Poison|100/100
|move|p1a: Togedemaru|Spiky Shield||[still]
|-fail|p1a: Togedemaru
|
|-heal|p1a: Togedemaru|95/100|[from] move: Wish|[wisher] Togedemaru
|-heal|p1a: Togedemaru|100/100|[from] item: Leftovers
|upkeep
|turn|8
|
|t:|1638365417
|move|p2a: Silvally|Flamethrower|p1a: Togedemaru
|-supereffective|p1a: Togedemaru
|-damage|p1a: Togedemaru|71/100
|move|p1a: Togedemaru|U-turn|p2a: Silvally
|-resisted|p2a: Silvally
|-damage|p2a: Silvally|94/100
|
|t:|1638365424
|switch|p1a: Charizard|Charizard, F|100/100|[from]move: U-turn
|
|upkeep
|turn|9
|
|t:|1638365430
|switch|p2a: Wishiwashi|Wishiwashi, F|100/100
|-formechange|p2a: Wishiwashi|Wishiwashi-School||[from] ability: Schooling
|move|p1a: Charizard|Hurricane|p2a: Wishiwashi
|-damage|p2a: Wishiwashi|65/100
|
|-heal|p2a: Wishiwashi|72/100|[from] item: Leftovers
|upkeep
|turn|10
|
|t:|1638365439
|switch|p1a: Jellicent|Jellicent, M|100/100
|-damage|p1a: Jellicent|88/100|[from] Stealth Rock
|move|p2a: Wishiwashi|U-turn|p1a: Jellicent
|-resisted|p1a: Jellicent
|-damage|p1a: Jellicent|80/100
|
|t:|1638365450
|switch|p2a: Articuno|Articuno-Galar|100/100|[from]move: U-turn
|
|upkeep
|turn|11
|
|t:|1638365453
|switch|p1a: Togedemaru|Togedemaru, F|71/100
|-damage|p1a: Togedemaru|65/100|[from] Stealth Rock
|move|p2a: Articuno|Hurricane|p1a: Togedemaru
|-resisted|p1a: Togedemaru
|-damage|p1a: Togedemaru|43/100
|
|-heal|p1a: Togedemaru|49/100|[from] item: Leftovers
|upkeep
|turn|12
|
|t:|1638365464
|switch|p2a: Sandaconda|Sandaconda, M|96/100
|move|p1a: Togedemaru|Wish|p1a: Togedemaru
|
|-heal|p1a: Togedemaru|55/100|[from] item: Leftovers
|upkeep
|turn|13
|
|t:|1638365474
|move|p1a: Togedemaru|Spiky Shield|p1a: Togedemaru
|-singleturn|p1a: Togedemaru|move: Protect
|move|p2a: Sandaconda|Glare|p1a: Togedemaru
|-activate|p1a: Togedemaru|move: Protect
|
|-heal|p1a: Togedemaru|100/100|[from] move: Wish|[wisher] Togedemaru
|upkeep
|turn|14
|
|t:|1638365481
|switch|p1a: Thwackey|Thwackey, F|100/100
|-damage|p1a: Thwackey|88/100|[from] Stealth Rock
|-fieldstart|move: Grassy Terrain|[from] ability: Grassy Surge|[of] p1a: Thwackey
|move|p2a: Sandaconda|Glare|p1a: Thwackey
|-status|p1a: Thwackey|par
|
|-heal|p2a: Sandaconda|100/100|[from] Grassy Terrain
|-heal|p1a: Thwackey|94/100 par|[from] Grassy Terrain
|upkeep
|turn|15
|
|t:|1638365488
|switch|p2a: Silvally|Silvally-Poison|94/100
|move|p1a: Thwackey|Knock Off|p2a: Silvally
|-damage|p2a: Silvally|71/100
|
|-heal|p2a: Silvally|77/100|[from] Grassy Terrain
|-heal|p1a: Thwackey|99/100 par|[from] Grassy Terrain
|upkeep
|turn|16
|
|t:|1638365504
|switch|p1a: Jellicent|Jellicent, M|80/100
|-damage|p1a: Jellicent|68/100|[from] Stealth Rock
|move|p2a: Silvally|U-turn|p1a: Jellicent
|-resisted|p1a: Jellicent
|-damage|p1a: Jellicent|63/100
|
|t:|1638365512
|switch|p2a: Articuno|Articuno-Galar|100/100|[from]move: U-turn
|
|-heal|p1a: Jellicent|69/100|[from] Grassy Terrain
|upkeep
|turn|17
|
|t:|1638365520
|switch|p1a: Togedemaru|Togedemaru, F|100/100
|-damage|p1a: Togedemaru|95/100|[from] Stealth Rock
|move|p2a: Articuno|Psyshock|p1a: Togedemaru
|-resisted|p1a: Togedemaru
|-damage|p1a: Togedemaru|42/100
|
|-heal|p1a: Togedemaru|48/100|[from] Grassy Terrain
|-heal|p1a: Togedemaru|54/100|[from] item: Leftovers
|upkeep
|turn|18
|
|t:|1638365537
|move|p2a: Articuno|Psyshock|p1a: Togedemaru
|-resisted|p1a: Togedemaru
|-damage|p1a: Togedemaru|6/100
|move|p1a: Togedemaru|Wish|p1a: Togedemaru
|
|-heal|p1a: Togedemaru|12/100|[from] Grassy Terrain
|-heal|p1a: Togedemaru|18/100|[from] item: Leftovers
|-fieldend|move: Grassy Terrain
|upkeep
|turn|19
|
|t:|1638365561
|switch|p2a: Sandaconda|Sandaconda, M|100/100
|move|p1a: Togedemaru|Spiky Shield||[still]
|-fail|p1a: Togedemaru
|
|-heal|p1a: Togedemaru|68/100|[from] move: Wish|[wisher] Togedemaru
|-heal|p1a: Togedemaru|74/100|[from] item: Leftovers
|upkeep
|turn|20
|
|t:|1638365583
|switch|p2a: Articuno|Articuno-Galar|100/100
|move|p1a: Togedemaru|Spiky Shield||[still]
|-fail|p1a: Togedemaru
|
|-heal|p1a: Togedemaru|80/100|[from] item: Leftovers
|upkeep
|turn|21
|
|t:|1638365593
|switch|p2a: Sandaconda|Sandaconda, M|100/100
|move|p1a: Togedemaru|Toxic|p2a: Sandaconda
|-status|p2a: Sandaconda|tox
|
|-heal|p1a: Togedemaru|86/100|[from] item: Leftovers
|-activate|p2a: Sandaconda|ability: Shed Skin
|-curestatus|p2a: Sandaconda|tox|[msg]
|upkeep
|turn|22
|
|t:|1638365601
|switch|p1a: Thwackey|Thwackey, F|99/100 par
|-damage|p1a: Thwackey|88/100 par|[from] Stealth Rock
|-fieldstart|move: Grassy Terrain|[from] ability: Grassy Surge|[of] p1a: Thwackey
|move|p2a: Sandaconda|Earthquake|p1a: Thwackey
|-resisted|p1a: Thwackey
|-damage|p1a: Thwackey|73/100 par
|
|-heal|p1a: Thwackey|79/100 par|[from] Grassy Terrain
|upkeep
|turn|23
|
|t:|1638365608
|switch|p2a: Silvally|Silvally-Poison|77/100
|move|p1a: Thwackey|U-turn|p2a: Silvally
|-resisted|p2a: Silvally
|-damage|p2a: Silvally|64/100
|
|t:|1638365619
|switch|p1a: Jellicent|Jellicent, M|69/100|[from]move: U-turn
|-damage|p1a: Jellicent|56/100|[from] Stealth Rock
|
|-heal|p2a: Silvally|71/100|[from] Grassy Terrain
|-heal|p1a: Jellicent|63/100|[from] Grassy Terrain
|upkeep
|turn|24
|
|t:|1638365629
|move|p2a: Silvally|U-turn|p1a: Jellicent
|-resisted|p1a: Jellicent
|-damage|p1a: Jellicent|56/100
|
|t:|1638365636
|switch|p2a: Articuno|Articuno-Galar|100/100|[from]move: U-turn
|move|p1a: Jellicent|Will-O-Wisp|p2a: Articuno
|-status|p2a: Articuno|brn
|
|-heal|p1a: Jellicent|62/100|[from] Grassy Terrain
|-damage|p2a: Articuno|94/100 brn|[from] brn
|upkeep
|turn|25
|
|t:|1638365649
|switch|p1a: Absol|Absol, F|100/100
|-damage|p1a: Absol|88/100|[from] Stealth Rock
|move|p2a: Articuno|Freezing Glare|p1a: Absol
|-immune|p1a: Absol
|
|-heal|p1a: Absol|94/100|[from] Grassy Terrain
|-damage|p2a: Articuno|88/100 brn|[from] brn
|upkeep
|turn|26
|
|t:|1638365656
|switch|p2a: Sandaconda|Sandaconda, M|100/100
|move|p1a: Absol|Knock Off|p2a: Sandaconda
|-damage|p2a: Sandaconda|72/100
|-damage|p1a: Absol|78/100|[from] item: Rocky Helmet|[of] p2a: Sandaconda
|-enditem|p2a: Sandaconda|Rocky Helmet|[from] move: Knock Off|[of] p1a: Absol
|
|-heal|p1a: Absol|84/100|[from] Grassy Terrain
|-heal|p2a: Sandaconda|78/100|[from] Grassy Terrain
|-fieldend|move: Grassy Terrain
|upkeep
|turn|27
|
|t:|1638365670
|switch|p1a: Thwackey|Thwackey, F|79/100 par
|-damage|p1a: Thwackey|67/100 par|[from] Stealth Rock
|-fieldstart|move: Grassy Terrain|[from] ability: Grassy Surge|[of] p1a: Thwackey
|switch|p2a: Articuno|Articuno-Galar|88/100 brn
|
|-heal|p1a: Thwackey|73/100 par|[from] Grassy Terrain
|-damage|p2a: Articuno|82/100 brn|[from] brn
|upkeep
|turn|28
|
|t:|1638365678
|switch|p1a: Togedemaru|Togedemaru, F|86/100
|-damage|p1a: Togedemaru|80/100|[from] Stealth Rock
|move|p2a: Articuno|Psyshock|p1a: Togedemaru
|-resisted|p1a: Togedemaru
|-damage|p1a: Togedemaru|27/100
|
|-heal|p1a: Togedemaru|33/100|[from] Grassy Terrain
|-heal|p1a: Togedemaru|39/100|[from] item: Leftovers
|-damage|p2a: Articuno|76/100 brn|[from] brn
|upkeep
|turn|29
|
|t:|1638365685
|move|p1a: Togedemaru|Spiky Shield|p1a: Togedemaru
|-singleturn|p1a: Togedemaru|move: Protect
|move|p2a: Articuno|Psyshock|p1a: Togedemaru
|-activate|p1a: Togedemaru|move: Protect
|
|-heal|p1a: Togedemaru|45/100|[from] Grassy Terrain
|-heal|p1a: Togedemaru|51/100|[from] item: Leftovers
|-damage|p2a: Articuno|69/100 brn|[from] brn
|upkeep
|turn|30
|
|t:|1638365688
|switch|p1a: Absol|Absol, F|84/100
|-damage|p1a: Absol|71/100|[from] Stealth Rock
|move|p2a: Articuno|Psyshock|p1a: Absol
|-immune|p1a: Absol
|
|-heal|p1a: Absol|77/100|[from] Grassy Terrain
|-damage|p2a: Articuno|63/100 brn|[from] brn
|upkeep
|turn|31
|
|t:|1638365693
|switch|p2a: Sandaconda|Sandaconda, M|78/100
|move|p1a: Absol|Knock Off|p2a: Sandaconda
|-damage|p2a: Sandaconda|57/100
|
|-heal|p1a: Absol|83/100|[from] Grassy Terrain
|-heal|p2a: Sandaconda|63/100|[from] Grassy Terrain
|-fieldend|move: Grassy Terrain
|upkeep
|turn|32
|
|t:|1638365704
|switch|p1a: Thwackey|Thwackey, F|73/100 par
|-damage|p1a: Thwackey|60/100 par|[from] Stealth Rock
|-fieldstart|move: Grassy Terrain|[from] ability: Grassy Surge|[of] p1a: Thwackey
|move|p2a: Sandaconda|Earthquake|p1a: Thwackey
|-resisted|p1a: Thwackey
|-damage|p1a: Thwackey|45/100 par
|
|-heal|p2a: Sandaconda|69/100|[from] Grassy Terrain
|-heal|p1a: Thwackey|51/100 par|[from] Grassy Terrain
|upkeep
|turn|33
|
|t:|1638365711
|switch|p2a: Silvally|Silvally-Poison|71/100
|move|p1a: Thwackey|U-turn|p2a: Silvally
|-resisted|p2a: Silvally
|-damage|p2a: Silvally|58/100
|
|t:|1638365723
|switch|p1a: Jellicent|Jellicent, M|62/100|[from]move: U-turn
|-damage|p1a: Jellicent|50/100|[from] Stealth Rock
|
|-heal|p2a: Silvally|64/100|[from] Grassy Terrain
|-heal|p1a: Jellicent|56/100|[from] Grassy Terrain
|upkeep
|turn|34
|
|t:|1638365733
|move|p2a: Silvally|U-turn|p1a: Jellicent
|-resisted|p1a: Jellicent
|-damage|p1a: Jellicent|50/100
|
|t:|1638365736
|switch|p2a: Ribombee|Ribombee, M|100/100|[from]move: U-turn
|move|p1a: Jellicent|Recover|p1a: Jellicent
|-heal|p1a: Jellicent|99/100
|
|-heal|p1a: Jellicent|100/100|[from] Grassy Terrain
|upkeep
|turn|35
|
|t:|1638365743
|switch|p1a: Togedemaru|Togedemaru, F|51/100
|-damage|p1a: Togedemaru|45/100|[from] Stealth Rock
|move|p2a: Ribombee|Moonblast|p1a: Togedemaru
|-resisted|p1a: Togedemaru
|-damage|p1a: Togedemaru|31/100
|
|-heal|p1a: Togedemaru|37/100|[from] Grassy Terrain
|-heal|p1a: Togedemaru|43/100|[from] item: Leftovers
|upkeep
|turn|36
|
|t:|1638365762
|move|p2a: Ribombee|Aromatherapy|p2a: Ribombee
|-activate|p2a: Ribombee|move: Aromatherapy
|-curestatus|p2: Articuno|brn|[msg]
|move|p1a: Togedemaru|Wish|p1a: Togedemaru
|
|-heal|p1a: Togedemaru|49/100|[from] Grassy Terrain
|-heal|p1a: Togedemaru|55/100|[from] item: Leftovers
|-fieldend|move: Grassy Terrain
|upkeep
|turn|37
|
|t:|1638365773
|switch|p2a: Sandaconda|Sandaconda, M|69/100
|move|p1a: Togedemaru|Toxic|p2a: Sandaconda
|-status|p2a: Sandaconda|tox
|
|-heal|p1a: Togedemaru|100/100|[from] move: Wish|[wisher] Togedemaru
|-damage|p2a: Sandaconda|63/100 tox|[from] psn
|upkeep
|turn|38
|
|t:|1638365779
|switch|p1a: Thwackey|Thwackey, F|51/100 par
|-damage|p1a: Thwackey|38/100 par|[from] Stealth Rock
|-fieldstart|move: Grassy Terrain|[from] ability: Grassy Surge|[of] p1a: Thwackey
|move|p2a: Sandaconda|Earthquake|p1a: Thwackey
|-resisted|p1a: Thwackey
|-damage|p1a: Thwackey|23/100 par
|
|-heal|p2a: Sandaconda|69/100 tox|[from] Grassy Terrain
|-heal|p1a: Thwackey|29/100 par|[from] Grassy Terrain
|-damage|p2a: Sandaconda|57/100 tox|[from] psn
|upkeep
|turn|39
|
|t:|1638365790
|switch|p2a: Silvally|Silvally-Poison|64/100
|move|p1a: Thwackey|Grassy Glide|p2a: Silvally
|-resisted|p2a: Silvally
|-damage|p2a: Silvally|41/100
|
|-heal|p2a: Silvally|47/100|[from] Grassy Terrain
|-heal|p1a: Thwackey|35/100 par|[from] Grassy Terrain
|upkeep
|turn|40
|
|t:|1638365797
|switch|p1a: Jellicent|Jellicent, M|100/100
|-damage|p1a: Jellicent|88/100|[from] Stealth Rock
|move|p2a: Silvally|Multi-Attack|p1a: Jellicent
|-resisted|p1a: Jellicent
|-damage|p1a: Jellicent|74/100
|
|-heal|p2a: Silvally|53/100|[from] Grassy Terrain
|-heal|p1a: Jellicent|80/100|[from] Grassy Terrain
|upkeep
|turn|41
|
|t:|1638365808
|move|p2a: Silvally|U-turn|p1a: Jellicent
|-resisted|p1a: Jellicent
|-damage|p1a: Jellicent|74/100
|
|t:|1638365811
|switch|p2a: Togedemaru|Togedemaru, F|100/100|[from]move: U-turn
|move|p1a: Jellicent|Hex|p2a: Togedemaru
|-damage|p2a: Togedemaru|82/100
|
|-heal|p2a: Togedemaru|88/100|[from] Grassy Terrain
|-heal|p1a: Jellicent|80/100|[from] Grassy Terrain
|upkeep
|turn|42
|
|t:|1638365825
|switch|p1a: Togedemaru|Togedemaru, F|100/100
|-damage|p1a: Togedemaru|95/100|[from] Stealth Rock
|move|p2a: Togedemaru|Wish|p2a: Togedemaru
|
|-heal|p2a: Togedemaru|94/100|[from] Grassy Terrain
|-heal|p1a: Togedemaru|100/100|[from] Grassy Terrain
|-fieldend|move: Grassy Terrain
|upkeep
|turn|43
|
|t:|1638365832
|move|p2a: Togedemaru|U-turn|p1a: Togedemaru
|-resisted|p1a: Togedemaru
|-damage|p1a: Togedemaru|88/100
|
|t:|1638365834
|switch|p2a: Sandaconda|Sandaconda, M|57/100 tox|[from]move: U-turn
|move|p1a: Togedemaru|Wish|p1a: Togedemaru
|
|-heal|p2a: Sandaconda|100/100 tox|[from] move: Wish|[wisher] Togedemaru
|-heal|p1a: Togedemaru|94/100|[from] item: Leftovers
|-activate|p2a: Sandaconda|ability: Shed Skin
|-curestatus|p2a: Sandaconda|tox|[msg]
|upkeep
|turn|44
|
|t:|1638365841
|move|p1a: Togedemaru|U-turn|p2a: Sandaconda
|-damage|p2a: Sandaconda|91/100
|
|t:|1638365843
|switch|p1a: Thwackey|Thwackey, F|35/100 par|[from]move: U-turn
|-damage|p1a: Thwackey|23/100 par|[from] Stealth Rock
|-fieldstart|move: Grassy Terrain|[from] ability: Grassy Surge|[of] p1a: Thwackey
|move|p2a: Sandaconda|Earthquake|p1a: Thwackey
|-resisted|p1a: Thwackey
|-damage|p1a: Thwackey|8/100 par
|
|-heal|p1a: Thwackey|68/100 par|[from] move: Wish|[wisher] Togedemaru
|-heal|p2a: Sandaconda|97/100|[from] Grassy Terrain
|-heal|p1a: Thwackey|74/100 par|[from] Grassy Terrain
|upkeep
|turn|45
|inactive|Allejo 07 has 120 seconds left.
|
|t:|1638365876
|switch|p2a: Silvally|Silvally-Poison|53/100
|move|p1a: Thwackey|Wood Hammer|p2a: Silvally
|-resisted|p2a: Silvally
|-damage|p2a: Silvally|14/100
|-damage|p1a: Thwackey|56/100 par|[from] Recoil
|
|-heal|p2a: Silvally|20/100|[from] Grassy Terrain
|-heal|p1a: Thwackey|62/100 par|[from] Grassy Terrain
|upkeep
|turn|46
|
|t:|1638365888
|switch|p1a: Jellicent|Jellicent, M|80/100
|-damage|p1a: Jellicent|68/100|[from] Stealth Rock
|move|p2a: Silvally|U-turn|p1a: Jellicent
|-resisted|p1a: Jellicent
|-damage|p1a: Jellicent|62/100
|
|t:|1638365895
|switch|p2a: Articuno|Articuno-Galar|63/100|[from]move: U-turn
|
|-heal|p1a: Jellicent|68/100|[from] Grassy Terrain
|upkeep
|turn|47
|
|t:|1638365902
|switch|p1a: Togedemaru|Togedemaru, F|94/100
|-damage|p1a: Togedemaru|88/100|[from] Stealth Rock
|move|p2a: Articuno|Hurricane|p1a: Togedemaru
|-resisted|p1a: Togedemaru
|-damage|p1a: Togedemaru|67/100
|
|-heal|p1a: Togedemaru|73/100|[from] Grassy Terrain
|-heal|p1a: Togedemaru|79/100|[from] item: Leftovers
|upkeep
|turn|48
|
|t:|1638365913
|switch|p2a: Togedemaru|Togedemaru, F|94/100
|move|p1a: Togedemaru|U-turn|p2a: Togedemaru
|-resisted|p2a: Togedemaru
|-damage|p2a: Togedemaru|83/100
|
|t:|1638365937
|switch|p1a: Charizard|Charizard, F|100/100|[from]move: U-turn
|
|-heal|p2a: Togedemaru|89/100|[from] Grassy Terrain
|-fieldend|move: Grassy Terrain
|upkeep
|turn|49
|
|t:|1638365944
|switch|p2a: Wishiwashi|Wishiwashi, F|72/100
|-formechange|p2a: Wishiwashi|Wishiwashi-School||[from] ability: Schooling
|move|p1a: Charizard|Fire Blast|p2a: Wishiwashi
|-resisted|p2a: Wishiwashi
|-damage|p2a: Wishiwashi|53/100
|
|-heal|p2a: Wishiwashi|59/100|[from] item: Leftovers
|upkeep
|turn|50
|
|t:|1638365959
|move|p1a: Charizard|Hurricane|p2a: Wishiwashi
|-damage|p2a: Wishiwashi|28/100
|move|p2a: Wishiwashi|U-turn|p1a: Charizard
|-resisted|p1a: Charizard
|-damage|p1a: Charizard|93/100
|
|t:|1638365969
|switch|p2a: Articuno|Articuno-Galar|63/100|[from]move: U-turn
|
|upkeep
|turn|51
|
|t:|1638365984
|switch|p1a: Togedemaru|Togedemaru, F|79/100
|-damage|p1a: Togedemaru|73/100|[from] Stealth Rock
|move|p2a: Articuno|Hurricane|p1a: Togedemaru
|-resisted|p1a: Togedemaru
|-damage|p1a: Togedemaru|54/100
|-start|p1a: Togedemaru|confusion
|
|-heal|p1a: Togedemaru|60/100|[from] item: Leftovers
|upkeep
|turn|52
|
|t:|1638365991
|switch|p2a: Wishiwashi|Wishiwashi, F|28/100
|-formechange|p2a: Wishiwashi|Wishiwashi-School||[from] ability: Schooling
|-activate|p1a: Togedemaru|confusion
|-damage|p1a: Togedemaru|47/100|[from] confusion
|
|-heal|p1a: Togedemaru|53/100|[from] item: Leftovers
|-heal|p2a: Wishiwashi|34/100|[from] item: Leftovers
|upkeep
|turn|53
|
|t:|1638365998
|-activate|p1a: Togedemaru|confusion
|move|p1a: Togedemaru|Wish|p1a: Togedemaru
|move|p2a: Wishiwashi|Rest|p2a: Wishiwashi
|-status|p2a: Wishiwashi|slp|[from] move: Rest
|-heal|p2a: Wishiwashi|100/100 slp|[silent]
|
|-heal|p1a: Togedemaru|59/100|[from] item: Leftovers
|upkeep
|turn|54
|
|t:|1638366007
|-activate|p1a: Togedemaru|confusion
|-damage|p1a: Togedemaru|45/100|[from] confusion
|cant|p2a: Wishiwashi|slp
|move|p2a: Wishiwashi|Sleep Talk|p2a: Wishiwashi
|move|p2a: Wishiwashi|Scald|p1a: Togedemaru|[from]move: Sleep Talk
|-damage|p1a: Togedemaru|14/100
|
|-heal|p1a: Togedemaru|64/100|[from] move: Wish|[wisher] Togedemaru
|-heal|p1a: Togedemaru|70/100|[from] item: Leftovers
|upkeep
|turn|55
|
|t:|1638366018
|switch|p1a: Jellicent|Jellicent, M|68/100
|-damage|p1a: Jellicent|56/100|[from] Stealth Rock
|cant|p2a: Wishiwashi|slp
|move|p2a: Wishiwashi|Sleep Talk|p2a: Wishiwashi
|move|p2a: Wishiwashi|Rest||[from]move: Sleep Talk|[still]
|-fail|p2a: Wishiwashi
|
|upkeep
|turn|56
|
|t:|1638366034
|move|p1a: Jellicent|Recover|p1a: Jellicent
|-heal|p1a: Jellicent|100/100
|-curestatus|p2a: Wishiwashi|slp|[msg]
|move|p2a: Wishiwashi|U-turn|p1a: Jellicent
|-resisted|p1a: Jellicent
|-damage|p1a: Jellicent|93/100
|inactive|Allejo 07 has 120 seconds left.
|
|t:|1638366056
|switch|p2a: Articuno|Articuno-Galar|63/100|[from]move: U-turn
|
|upkeep
|turn|57
|
|t:|1638366073
|switch|p1a: Togedemaru|Togedemaru, F|70/100
|-damage|p1a: Togedemaru|64/100|[from] Stealth Rock
|move|p2a: Articuno|Psyshock|p1a: Togedemaru
|-resisted|p1a: Togedemaru
|-damage|p1a: Togedemaru|14/100
|
|-heal|p1a: Togedemaru|20/100|[from] item: Leftovers
|upkeep
|turn|58
|
|t:|1638366083
|move|p1a: Togedemaru|Spiky Shield|p1a: Togedemaru
|-singleturn|p1a: Togedemaru|move: Protect
|move|p2a: Articuno|Psyshock|p1a: Togedemaru
|-activate|p1a: Togedemaru|move: Protect
|
|-heal|p1a: Togedemaru|26/100|[from] item: Leftovers
|upkeep
|turn|59
|
|t:|1638366091
|switch|p2a: Ribombee|Ribombee, M|100/100
|switch|p1a: Absol|Absol, F|83/100
|-damage|p1a: Absol|71/100|[from] Stealth Rock
|
|upkeep
|turn|60
|
|t:|1638366096
|move|p1a: Absol|Iron Tail|p2a: Ribombee
|-supereffective|p2a: Ribombee
|-crit|p2a: Ribombee
|-damage|p2a: Ribombee|0 fnt
|faint|p2a: Ribombee
|
|upkeep
|
|t:|1638366106
|switch|p2a: Wishiwashi|Wishiwashi, F|100/100
|-formechange|p2a: Wishiwashi|Wishiwashi-School||[from] ability: Schooling
|turn|61
|
|t:|1638366113
|switch|p1a: Charizard|Charizard, F|93/100
|move|p2a: Wishiwashi|U-turn|p1a: Charizard
|-resisted|p1a: Charizard
|-damage|p1a: Charizard|86/100
|
|t:|1638366121
|switch|p2a: Articuno|Articuno-Galar|63/100|[from]move: U-turn
|
|upkeep
|turn|62
|
|t:|1638366129
|switch|p1a: Togedemaru|Togedemaru, F|26/100
|-damage|p1a: Togedemaru|20/100|[from] Stealth Rock
|move|p2a: Articuno|Hurricane|p1a: Togedemaru
|-resisted|p1a: Togedemaru
|-damage|p1a: Togedemaru|0 fnt
|faint|p1a: Togedemaru
|
|upkeep
|
|t:|1638366134
|switch|p1a: Absol|Absol, F|71/100
|-damage|p1a: Absol|59/100|[from] Stealth Rock
|turn|63
|
|t:|1638366143
|switch|p1a: Thwackey|Thwackey, F|62/100 par
|-damage|p1a: Thwackey|49/100 par|[from] Stealth Rock
|-fieldstart|move: Grassy Terrain|[from] ability: Grassy Surge|[of] p1a: Thwackey
|switch|p2a: Sandaconda|Sandaconda, M|97/100
|
|-heal|p2a: Sandaconda|100/100|[from] Grassy Terrain
|-heal|p1a: Thwackey|55/100 par|[from] Grassy Terrain
|upkeep
|turn|64
|
|t:|1638366159
|switch|p2a: Silvally|Silvally-Poison|20/100
|move|p1a: Thwackey|Wood Hammer|p2a: Silvally
|-resisted|p2a: Silvally
|-damage|p2a: Silvally|0 fnt
|faint|p2a: Silvally
|-damage|p1a: Thwackey|46/100 par|[from] Recoil
|
|-heal|p1a: Thwackey|52/100 par|[from] Grassy Terrain
|upkeep
|
|t:|1638366166
|switch|p2a: Articuno|Articuno-Galar|63/100
|turn|65
|
|t:|1638366192
|switch|p1a: Hitmontop|Hitmontop, M|100/100
|-damage|p1a: Hitmontop|95/100|[from] Stealth Rock
|move|p2a: Articuno|Hurricane|p1a: Hitmontop
|-supereffective|p1a: Hitmontop
|-damage|p1a: Hitmontop|0 fnt
|faint|p1a: Hitmontop
|
|upkeep
|
|t:|1638366197
|switch|p1a: Absol|Absol, F|59/100
|-damage|p1a: Absol|47/100|[from] Stealth Rock
|turn|66
|
|t:|1638366204
|switch|p1a: Thwackey|Thwackey, F|52/100 par
|-damage|p1a: Thwackey|40/100 par|[from] Stealth Rock
|switch|p2a: Sandaconda|Sandaconda, M|100/100
|
|-heal|p1a: Thwackey|46/100 par|[from] Grassy Terrain
|upkeep
|turn|67
|
|t:|1638366215
|switch|p2a: Togedemaru|Togedemaru, F|89/100
|move|p1a: Thwackey|Grassy Glide|p2a: Togedemaru
|-resisted|p2a: Togedemaru
|-damage|p2a: Togedemaru|42/100
|
|-heal|p2a: Togedemaru|48/100|[from] Grassy Terrain
|-heal|p1a: Thwackey|52/100 par|[from] Grassy Terrain
|-fieldend|move: Grassy Terrain
|upkeep
|turn|68
|
|t:|1638366230
|switch|p1a: Charizard|Charizard, F|86/100
|move|p2a: Togedemaru|Wish|p2a: Togedemaru
|
|upkeep
|turn|69
|
|t:|1638366238
|move|p2a: Togedemaru|Spiky Shield|p2a: Togedemaru
|-singleturn|p2a: Togedemaru|move: Protect
|move|p1a: Charizard|Fire Blast|p2a: Togedemaru
|-activate|p2a: Togedemaru|move: Protect
|
|-heal|p2a: Togedemaru|98/100|[from] move: Wish|[wisher] Togedemaru
|upkeep
|turn|70
|
|t:|1638366243
|switch|p1a: Thwackey|Thwackey, F|52/100 par
|-damage|p1a: Thwackey|40/100 par|[from] Stealth Rock
|-fieldstart|move: Grassy Terrain|[from] ability: Grassy Surge|[of] p1a: Thwackey
|switch|p2a: Wishiwashi|Wishiwashi, F|100/100
|-formechange|p2a: Wishiwashi|Wishiwashi-School||[from] ability: Schooling
|
|-heal|p1a: Thwackey|46/100 par|[from] Grassy Terrain
|upkeep
|turn|71
|
|t:|1638366249
|switch|p2a: Togedemaru|Togedemaru, F|98/100
|move|p1a: Thwackey|Grassy Glide|p2a: Togedemaru
|-resisted|p2a: Togedemaru
|-damage|p2a: Togedemaru|54/100
|
|-heal|p2a: Togedemaru|60/100|[from] Grassy Terrain
|-heal|p1a: Thwackey|52/100 par|[from] Grassy Terrain
|upkeep
|turn|72
|
|t:|1638366263
|switch|p1a: Charizard|Charizard, F|86/100
|move|p2a: Togedemaru|U-turn|p1a: Charizard
|-resisted|p1a: Charizard
|-damage|p1a: Charizard|81/100
|
|t:|1638366282
|switch|p2a: Wishiwashi|Wishiwashi, F|100/100|[from]move: U-turn
|-formechange|p2a: Wishiwashi|Wishiwashi-School||[from] ability: Schooling
|
|upkeep
|turn|73
|
|t:|1638366299
|switch|p1a: Jellicent|Jellicent, M|93/100
|-damage|p1a: Jellicent|80/100|[from] Stealth Rock
|move|p2a: Wishiwashi|Scald|p1a: Jellicent
|-heal|p1a: Jellicent|100/100|[from] ability: Water Absorb|[of] p2a: Wishiwashi
|
|upkeep
|turn|74
|
|t:|1638366304
|move|p1a: Jellicent|Will-O-Wisp|p2a: Wishiwashi
|-status|p2a: Wishiwashi|brn
|move|p2a: Wishiwashi|U-turn|p1a: Jellicent
|-resisted|p1a: Jellicent
|-damage|p1a: Jellicent|96/100
|
|t:|1638366308
|switch|p2a: Articuno|Articuno-Galar|63/100|[from]move: U-turn
|
|-heal|p1a: Jellicent|100/100|[from] Grassy Terrain
|-fieldend|move: Grassy Terrain
|upkeep
|turn|75
|
|t:|1638366320
|move|p2a: Articuno|Future Sight|p1a: Jellicent
|-start|p2a: Articuno|move: Future Sight
|move|p1a: Jellicent|Hex|p2a: Articuno
|-supereffective|p2a: Articuno
|-damage|p2a: Articuno|18/100
|
|upkeep
|turn|76
|
|t:|1638366331
|switch|p2a: Togedemaru|Togedemaru, F|60/100
|move|p1a: Jellicent|Will-O-Wisp|p2a: Togedemaru
|-status|p2a: Togedemaru|brn
|
|-damage|p2a: Togedemaru|54/100 brn|[from] brn
|upkeep
|turn|77
|
|t:|1638366336
|move|p2a: Togedemaru|Wish|p2a: Togedemaru
|move|p1a: Jellicent|Hex|p2a: Togedemaru
|-damage|p2a: Togedemaru|13/100 brn
|
|-end|p1a: Jellicent|move: Future Sight
|-damage|p1a: Jellicent|43/100
|-damage|p2a: Togedemaru|7/100 brn|[from] brn
|upkeep
|turn|78
|
|t:|1638366351
|move|p2a: Togedemaru|Iron Head|p1a: Jellicent
|-resisted|p1a: Jellicent
|-damage|p1a: Jellicent|37/100
|move|p1a: Jellicent|Recover|p1a: Jellicent
|-heal|p1a: Jellicent|87/100
|
|-heal|p2a: Togedemaru|57/100 brn|[from] move: Wish|[wisher] Togedemaru
|-damage|p2a: Togedemaru|51/100 brn|[from] brn
|upkeep
|turn|79
|
|t:|1638366357
|move|p2a: Togedemaru|Wish|p2a: Togedemaru
|move|p1a: Jellicent|Hex|p2a: Togedemaru
|-damage|p2a: Togedemaru|9/100 brn
|
|-damage|p2a: Togedemaru|3/100 brn|[from] brn
|upkeep
|turn|80
|
|t:|1638366362
|move|p2a: Togedemaru|Spiky Shield|p2a: Togedemaru
|-singleturn|p2a: Togedemaru|move: Protect
|move|p1a: Jellicent|Hex|p2a: Togedemaru
|-activate|p2a: Togedemaru|move: Protect
|
|-heal|p2a: Togedemaru|53/100 brn|[from] move: Wish|[wisher] Togedemaru
|-damage|p2a: Togedemaru|47/100 brn|[from] brn
|upkeep
|turn|81
|
|t:|1638366366
|move|p2a: Togedemaru|Wish|p2a: Togedemaru
|move|p1a: Jellicent|Hex|p2a: Togedemaru
|-damage|p2a: Togedemaru|9/100 brn
|
|-damage|p2a: Togedemaru|3/100 brn|[from] brn
|upkeep
|turn|82
|
|t:|1638366377
|move|p2a: Togedemaru|Spiky Shield|p2a: Togedemaru
|-singleturn|p2a: Togedemaru|move: Protect
|move|p1a: Jellicent|Hex|p2a: Togedemaru
|-activate|p2a: Togedemaru|move: Protect
|
|-heal|p2a: Togedemaru|53/100 brn|[from] move: Wish|[wisher] Togedemaru
|-damage|p2a: Togedemaru|47/100 brn|[from] brn
|upkeep
|turn|83
|
|t:|1638366382
|move|p2a: Togedemaru|Wish|p2a: Togedemaru
|move|p1a: Jellicent|Hex|p2a: Togedemaru
|-damage|p2a: Togedemaru|4/100 brn
|
|-damage|p2a: Togedemaru|0 fnt|[from] brn
|faint|p2a: Togedemaru
|upkeep
|
|t:|1638366387
|switch|p2a: Articuno|Articuno-Galar|18/100
|turn|84
|
|t:|1638366397
|move|p2a: Articuno|Hurricane|p1a: Jellicent
|-damage|p1a: Jellicent|13/100
|move|p1a: Jellicent|Hex|p2a: Articuno
|-supereffective|p2a: Articuno
|-damage|p2a: Articuno|0 fnt
|faint|p2a: Articuno
|
|upkeep
|-message|Allejo 07 forfeited.
|
|win|xDarkcrafterHDx
|raw|xDarkcrafterHDx's rating: 1317 &rarr; <strong>1343</strong><br />(+26 for winning)
|raw|Allejo 07's rating: 1427 &rarr; <strong>1401</strong><br />(-26 for losing)
|l|☆Allejo 07
|c|☆xDarkcrafterHDx|gg!
||Ladder isn't responding, score probably updated but might not have (Request timeout).
