|j|☆Eesturn
|j|☆hekmekelekkek
|t:|1608339248
|player|p1|Eesturn|psychic-gen4|1411
|player|p2|hekmekelekkek|byron|1343
|teamsize|p1|6
|teamsize|p2|6
|gametype|singles
|gen|8
|tier|[Gen 8] PU
|rated|
|clearpoke
|poke|p1|Archeops, F|
|poke|p1|Passimian, F|
|poke|p1|Silvally-*|
|poke|p1|Sneasel, M|
|poke|p1|Sigilyph, F|
|poke|p1|Claydol|
|poke|p2|Indeedee-F, F|
|poke|p2|Kadabra, M|
|poke|p2|Hitmonlee, M|
|poke|p2|Appletun, M|
|poke|p2|Carbink|
|poke|p2|Sigilyph, F|
|rule|Sleep Clause Mod: Limit one foe put to sleep
|rule|Species Clause: Limit one of each Pokémon
|rule|OHKO Clause: OHKO moves are banned
|rule|Evasion Moves Clause: Evasion moves are banned
|rule|Endless Battle Clause: Forcing endless battles is banned
|rule|HP Percentage Mod: HP is shown in percentages
|rule|Dynamax Clause: You cannot dynamax
|teampreview
|
|t:|1608339267
|start
|switch|p1a: Archeops|Archeops, F|100/100
|switch|p2a: Indeedee|Indeedee-F, F|100/100
|-fieldstart|move: Psychic Terrain|[from] ability: Psychic Surge|[of] p2a: Indeedee
|turn|1
|
|t:|1608339277
|move|p1a: Archeops|Stealth Rock|p2a: Indeedee
|-sidestart|p2: hekmekelekkek|move: Stealth Rock
|move|p2a: Indeedee|Expanding Force|p1a: Archeops
|-damage|p1a: Archeops|12/100
|
|upkeep
|turn|2
|
|t:|1608339284
|move|p1a: Archeops|Endeavor|p2a: Indeedee
|-damage|p2a: Indeedee|10/100
|move|p2a: Indeedee|Expanding Force|p1a: Archeops
|-damage|p1a: Archeops|0 fnt
|faint|p1a: Archeops
|
|upkeep
|j| Where dey at doh
|
|t:|1608339293
|switch|p1a: Sneasel|Sneasel, M|100/100
|turn|3
|
|t:|1608339296
|switch|p2a: Carbink|Carbink|100/100
|-damage|p2a: Carbink|88/100|[from] Stealth Rock
|move|p1a: Sneasel|Knock Off|p2a: Carbink
|-resisted|p2a: Carbink
|-damage|p2a: Carbink|67/100
|-damage|p1a: Sneasel|84/100|[from] item: Rocky Helmet|[of] p2a: Carbink
|-enditem|p2a: Carbink|Rocky Helmet|[from] move: Knock Off|[of] p1a: Sneasel
|
|upkeep
|turn|4
|
|t:|1608339307
|switch|p1a: Claydol|Claydol|100/100
|move|p2a: Carbink|Stealth Rock|p1a: Claydol
|-sidestart|p1: Eesturn|move: Stealth Rock
|
|upkeep
|turn|5
|
|t:|1608339313
|switch|p2a: Sigilyph|Sigilyph, F|100/100
|move|p1a: Claydol|Cosmic Power|p1a: Claydol
|-boost|p1a: Claydol|def|1
|-boost|p1a: Claydol|spd|1
|
|upkeep
|turn|6
|
|t:|1608339319
|move|p2a: Sigilyph|Defog|p1a: Claydol
|-unboost|p1a: Claydol|evasion|1
|-sideend|p1: Eesturn|Stealth Rock|[from] move: Defog|[of] p2a: Sigilyph
|-sideend|p2: hekmekelekkek|Stealth Rock|[from] move: Defog|[of] p2a: Sigilyph
|-fieldend|move: Psychic Terrain
|move|p1a: Claydol|Rock Polish|p1a: Claydol
|-boost|p1a: Claydol|spe|2
|
|upkeep
|turn|7
|
|t:|1608339325
|move|p1a: Claydol|Cosmic Power|p1a: Claydol
|-boost|p1a: Claydol|def|1
|-boost|p1a: Claydol|spd|1
|move|p2a: Sigilyph|Energy Ball|p1a: Claydol
|-supereffective|p1a: Claydol
|-damage|p1a: Claydol|67/100
|-enditem|p1a: Claydol|Weakness Policy
|-boost|p1a: Claydol|atk|2|[from] item: Weakness Policy
|-boost|p1a: Claydol|spa|2|[from] item: Weakness Policy
|
|upkeep
|turn|8
|
|t:|1608339334
|move|p1a: Claydol|Stored Power|p2a: Sigilyph
|-resisted|p2a: Sigilyph
|-damage|p2a: Sigilyph|18/100
|move|p2a: Sigilyph|Energy Ball|p1a: Claydol
|-supereffective|p1a: Claydol
|-damage|p1a: Claydol|36/100
|
|upkeep
|turn|9
|
|t:|1608339340
|move|p1a: Claydol|Stored Power|p2a: Sigilyph
|-resisted|p2a: Sigilyph
|-damage|p2a: Sigilyph|0 fnt
|faint|p2a: Sigilyph
|
|upkeep
|
|t:|1608339347
|switch|p2a: Indeedee|Indeedee-F, F|10/100
|-fieldstart|move: Psychic Terrain|[from] ability: Psychic Surge|[of] p2a: Indeedee
|turn|10
|
|t:|1608339352
|move|p1a: Claydol|Stored Power|p2a: Indeedee
|-resisted|p2a: Indeedee
|-damage|p2a: Indeedee|0 fnt
|faint|p2a: Indeedee
|
|upkeep
|
|t:|1608339354
|switch|p2a: Hitmonlee|Hitmonlee, M|100/100
|-enditem|p2a: Hitmonlee|Psychic Seed
|-boost|p2a: Hitmonlee|spd|1|[from] item: Psychic Seed
|turn|11
|
|t:|1608339360
|move|p1a: Claydol|Stored Power|p2a: Hitmonlee
|-supereffective|p2a: Hitmonlee
|-damage|p2a: Hitmonlee|0 fnt
|faint|p2a: Hitmonlee
|
|upkeep
|-message|hekmekelekkek forfeited.
|
|win|Eesturn
|l|☆hekmekelekkek
|c|☆Eesturn|gg
|raw|Eesturn's rating: 1411 &rarr; <strong>1428</strong><br />(+17 for winning)
|raw|hekmekelekkek's rating: 1343 &rarr; <strong>1327</strong><br />(-16 for losing)
