|raw|<div class="broadcast-blue"><strong>This battle is required to be public due to a player having a name starting with 'pult4t2'.</div>
|j|☆lisa781
|j|☆pult4t2 Carminable
|t:|1661449093
|gametype|singles
|player|p1|lisa781|lillie-masters2|1401
|player|p2|pult4t2 Carminable|firebreather|1493
|teamsize|p1|6
|teamsize|p2|6
|gen|8
|tier|[Gen 8] PU
|rated|
|rule|Sleep Clause Mod: Limit one foe put to sleep
|rule|Species Clause: Limit one of each Pokémon
|rule|OHKO Clause: OHKO moves are banned
|rule|Evasion Items Clause: Evasion items are banned
|rule|Evasion Moves Clause: Evasion moves are banned
|rule|Endless Battle Clause: Forcing endless battles is banned
|rule|HP Percentage Mod: HP is shown in percentages
|rule|Dynamax Clause: You cannot dynamax
|clearpoke
|poke|p1|Sandslash, M|
|poke|p1|Eldegoss, M|
|poke|p1|Gigalith, F|
|poke|p1|Doublade, M|
|poke|p1|Articuno-Galar|
|poke|p1|Thwackey, F|
|poke|p2|Bouffalant, F|
|poke|p2|Scrafty, M|
|poke|p2|Eldegoss, F|
|poke|p2|Togedemaru, F|
|poke|p2|Archeops, F|
|poke|p2|Comfey, M|
|teampreview
|inactive|Battle timer is ON: inactive players will automatically lose when time's up. (requested by pult4t2 Carminable)
|inactive|lisa781 also wants the timer to be on.
|inactive|lisa781 has 120 seconds left.
|j| Antares
|inactive|lisa781 has 90 seconds left.
|l| Antares
|inactive|lisa781 has 60 seconds left.
|
|t:|1661449211
|start
|switch|p1a: Thwackey|Thwackey, F|100/100
|switch|p2a: Scrafty|Scrafty, M|100/100
|-fieldstart|move: Grassy Terrain|[from] ability: Grassy Surge|[of] p1a: Thwackey
|turn|1
|
|t:|1661449217
|switch|p2a: Eldegoss|Eldegoss, F|100/100
|move|p1a: Thwackey|Knock Off|p2a: Eldegoss
|-damage|p2a: Eldegoss|77/100
|-enditem|p2a: Eldegoss|Heavy-Duty Boots|[from] move: Knock Off|[of] p1a: Thwackey
|
|-heal|p2a: Eldegoss|83/100|[from] Grassy Terrain
|upkeep
|turn|2
|
|t:|1661449225
|move|p1a: Thwackey|U-turn|p2a: Eldegoss
|-supereffective|p2a: Eldegoss
|-damage|p2a: Eldegoss|50/100
|
|t:|1661449246
|switch|p1a: Doublade|Doublade, M|100/100|[from]move: U-turn
|move|p2a: Eldegoss|Sleep Powder|p1a: Doublade
|-status|p1a: Doublade|slp|[from] move: Sleep Powder
|
|-heal|p2a: Eldegoss|56/100|[from] Grassy Terrain
|upkeep
|turn|3
|
|t:|1661449252
|switch|p1a: Thwackey|Thwackey, F|100/100
|move|p2a: Eldegoss|Leech Seed|p1a: Thwackey
|-immune|p1a: Thwackey
|
|-heal|p2a: Eldegoss|62/100|[from] Grassy Terrain
|upkeep
|turn|4
|
|t:|1661449260
|move|p1a: Thwackey|U-turn|p2a: Eldegoss
|-supereffective|p2a: Eldegoss
|-damage|p2a: Eldegoss|28/100
|
|t:|1661449262
|switch|p1a: Doublade|Doublade, M|100/100 slp|[from]move: U-turn
|move|p2a: Eldegoss|Grass Knot|p1a: Doublade
|-resisted|p1a: Doublade
|-damage|p1a: Doublade|97/100 slp
|
|-heal|p2a: Eldegoss|34/100|[from] Grassy Terrain
|-heal|p1a: Doublade|100/100 slp|[from] Grassy Terrain
|upkeep
|turn|5
|
|t:|1661449267
|switch|p2a: Scrafty|Scrafty, M|100/100
|switch|p1a: Thwackey|Thwackey, F|100/100
|
|-fieldend|move: Grassy Terrain
|upkeep
|turn|6
|
|t:|1661449272
|move|p1a: Thwackey|Knock Off|p2a: Scrafty
|-resisted|p2a: Scrafty
|-damage|p2a: Scrafty|92/100
|-enditem|p2a: Scrafty|Leftovers|[from] move: Knock Off|[of] p1a: Thwackey
|move|p2a: Scrafty|Dragon Dance|p2a: Scrafty
|-boost|p2a: Scrafty|atk|1
|-boost|p2a: Scrafty|spe|1
|
|upkeep
|turn|7
|
|t:|1661449277
|switch|p1a: Eldegoss|Eldegoss, M|100/100
|move|p2a: Scrafty|Knock Off|p1a: Eldegoss
|-damage|p1a: Eldegoss|48/100
|-enditem|p1a: Eldegoss|Heavy-Duty Boots|[from] move: Knock Off|[of] p2a: Scrafty
|
|upkeep
|turn|8
|j| Siffl'Herbe
|
|t:|1661449309
|move|p2a: Scrafty|Poison Jab|p1a: Eldegoss
|-supereffective|p1a: Eldegoss
|-damage|p1a: Eldegoss|0 fnt
|faint|p1a: Eldegoss
|
|upkeep
|
|t:|1661449322
|switch|p1a: Gigalith|Gigalith, F|100/100
|-weather|Sandstorm|[from] ability: Sand Stream|[of] p1a: Gigalith
|turn|9
|
|t:|1661449330
|switch|p1a: Sandslash|Sandslash, M|100/100
|move|p2a: Scrafty|Close Combat|p1a: Sandslash
|-damage|p1a: Sandslash|50/100
|-unboost|p2a: Scrafty|def|1
|-unboost|p2a: Scrafty|spd|1
|
|-weather|Sandstorm|[upkeep]
|-damage|p2a: Scrafty|86/100|[from] Sandstorm
|-heal|p1a: Sandslash|57/100|[from] item: Leftovers
|upkeep
|turn|10
|
|t:|1661449338
|switch|p1a: Articuno|Articuno-Galar|100/100
|switch|p2a: Eldegoss|Eldegoss, F|68/100
|
|-weather|Sandstorm|[upkeep]
|-damage|p1a: Articuno|94/100|[from] Sandstorm
|-damage|p2a: Eldegoss|62/100|[from] Sandstorm
|upkeep
|turn|11
|
|t:|1661449343
|switch|p2a: Togedemaru|Togedemaru, F|100/100
|move|p1a: Articuno|Future Sight|p2a: Togedemaru
|-start|p1a: Articuno|move: Future Sight
|
|-weather|Sandstorm|[upkeep]
|-damage|p1a: Articuno|88/100|[from] Sandstorm
|upkeep
|turn|12
|
|t:|1661449348
|switch|p1a: Sandslash|Sandslash, M|57/100
|move|p2a: Togedemaru|Iron Head|p1a: Sandslash
|-damage|p1a: Sandslash|37/100
|
|-weather|Sandstorm|[upkeep]
|-heal|p1a: Sandslash|43/100|[from] item: Leftovers
|upkeep
|turn|13
|
|t:|1661449354
|move|p2a: Togedemaru|Spiky Shield|p2a: Togedemaru
|-singleturn|p2a: Togedemaru|move: Protect
|move|p1a: Sandslash|Earthquake|p2a: Togedemaru
|-activate|p2a: Togedemaru|move: Protect
|
|-weather|none
|-end|p2a: Togedemaru|move: Future Sight
|-resisted|p2a: Togedemaru
|-crit|p2a: Togedemaru
|-damage|p2a: Togedemaru|56/100
|-heal|p1a: Sandslash|50/100|[from] item: Leftovers
|-heal|p2a: Togedemaru|62/100|[from] item: Leftovers
|upkeep
|turn|14
|
|t:|1661449360
|switch|p2a: Eldegoss|Eldegoss, F|95/100
|move|p1a: Sandslash|Spikes|p2a: Eldegoss
|-sidestart|p2: pult4t2 Carminable|Spikes
|
|-heal|p1a: Sandslash|56/100|[from] item: Leftovers
|upkeep
|turn|15
|
|t:|1661449370
|switch|p1a: Doublade|Doublade, M|100/100 slp
|move|p2a: Eldegoss|Rapid Spin|p1a: Doublade
|-immune|p1a: Doublade
|
|upkeep
|turn|16
|
|t:|1661449374
|switch|p1a: Thwackey|Thwackey, F|100/100
|-fieldstart|move: Grassy Terrain|[from] ability: Grassy Surge|[of] p1a: Thwackey
|move|p2a: Eldegoss|Leech Seed|p1a: Thwackey
|-immune|p1a: Thwackey
|
|-heal|p2a: Eldegoss|100/100|[from] Grassy Terrain
|upkeep
|turn|17
|
|t:|1661449376
|move|p1a: Thwackey|U-turn|p2a: Eldegoss
|-supereffective|p2a: Eldegoss
|-damage|p2a: Eldegoss|65/100
|
|t:|1661449380
|switch|p1a: Articuno|Articuno-Galar|88/100|[from]move: U-turn
|move|p2a: Eldegoss|Rapid Spin|p1a: Articuno
|-damage|p1a: Articuno|81/100
|-boost|p2a: Eldegoss|spe|1
|-sideend|p2: pult4t2 Carminable|Spikes|[from] move: Rapid Spin|[of] p2a: Eldegoss
|
|-heal|p2a: Eldegoss|71/100|[from] Grassy Terrain
|upkeep
|turn|18
|
|t:|1661449388
|switch|p2a: Togedemaru|Togedemaru, F|62/100
|move|p1a: Articuno|Psyshock|p2a: Togedemaru
|-resisted|p2a: Togedemaru
|-damage|p2a: Togedemaru|17/100
|
|-heal|p2a: Togedemaru|23/100|[from] Grassy Terrain
|-heal|p2a: Togedemaru|29/100|[from] item: Leftovers
|upkeep
|turn|19
|
|t:|1661449394
|switch|p1a: Thwackey|Thwackey, F|100/100
|move|p2a: Togedemaru|Spiky Shield||[still]
|-fail|p2a: Togedemaru
|
|-heal|p2a: Togedemaru|35/100|[from] Grassy Terrain
|-heal|p2a: Togedemaru|41/100|[from] item: Leftovers
|upkeep
|turn|20
|
|t:|1661449405
|switch|p1a: Sandslash|Sandslash, M|56/100
|move|p2a: Togedemaru|Spiky Shield||[still]
|-fail|p2a: Togedemaru
|
|-heal|p2a: Togedemaru|47/100|[from] Grassy Terrain
|-heal|p2a: Togedemaru|53/100|[from] item: Leftovers
|-heal|p1a: Sandslash|62/100|[from] Grassy Terrain
|-heal|p1a: Sandslash|68/100|[from] item: Leftovers
|-fieldend|move: Grassy Terrain
|upkeep
|turn|21
|
|t:|1661449418
|switch|p2a: Eldegoss|Eldegoss, F|100/100
|move|p1a: Sandslash|Spikes|p2a: Eldegoss
|-sidestart|p2: pult4t2 Carminable|Spikes
|
|-heal|p1a: Sandslash|75/100|[from] item: Leftovers
|upkeep
|turn|22
|
|t:|1661449440
|switch|p1a: Thwackey|Thwackey, F|100/100
|-fieldstart|move: Grassy Terrain|[from] ability: Grassy Surge|[of] p1a: Thwackey
|move|p2a: Eldegoss|Rapid Spin|p1a: Thwackey
|-damage|p1a: Thwackey|91/100
|-boost|p2a: Eldegoss|spe|1
|-sideend|p2: pult4t2 Carminable|Spikes|[from] move: Rapid Spin|[of] p2a: Eldegoss
|
|-heal|p1a: Thwackey|97/100|[from] Grassy Terrain
|upkeep
|turn|23
|
|t:|1661449445
|move|p1a: Thwackey|Wood Hammer|p2a: Eldegoss
|-resisted|p2a: Eldegoss
|-damage|p2a: Eldegoss|69/100
|-damage|p1a: Thwackey|84/100|[from] Recoil
|move|p2a: Eldegoss|Grass Knot|p1a: Thwackey
|-resisted|p1a: Thwackey
|-damage|p1a: Thwackey|71/100
|
|-heal|p1a: Thwackey|77/100|[from] Grassy Terrain
|-heal|p2a: Eldegoss|75/100|[from] Grassy Terrain
|upkeep
|turn|24
|
|t:|1661449456
|move|p1a: Thwackey|Knock Off|p2a: Eldegoss
|-damage|p2a: Eldegoss|61/100
|move|p2a: Eldegoss|Grass Knot|p1a: Thwackey
|-resisted|p1a: Thwackey
|-damage|p1a: Thwackey|64/100
|
|-heal|p1a: Thwackey|70/100|[from] Grassy Terrain
|-heal|p2a: Eldegoss|67/100|[from] Grassy Terrain
|upkeep
|turn|25
|
|t:|1661449465
|move|p1a: Thwackey|Wood Hammer|p2a: Eldegoss
|-resisted|p2a: Eldegoss
|-damage|p2a: Eldegoss|33/100
|-damage|p1a: Thwackey|57/100|[from] Recoil
|move|p2a: Eldegoss|Leech Seed|p1a: Thwackey
|-immune|p1a: Thwackey
|
|-heal|p1a: Thwackey|63/100|[from] Grassy Terrain
|-heal|p2a: Eldegoss|39/100|[from] Grassy Terrain
|upkeep
|turn|26
|
|t:|1661449477
|switch|p2a: Scrafty|Scrafty, M|86/100
|move|p1a: Thwackey|U-turn|p2a: Scrafty
|-damage|p2a: Scrafty|63/100
|
|t:|1661449481
|switch|p1a: Articuno|Articuno-Galar|81/100|[from]move: U-turn
|
|-heal|p2a: Scrafty|69/100|[from] Grassy Terrain
|-fieldend|move: Grassy Terrain
|upkeep
|turn|27
|
|t:|1661449486
|switch|p2a: Togedemaru|Togedemaru, F|53/100
|move|p1a: Articuno|Psyshock|p2a: Togedemaru
|-resisted|p2a: Togedemaru
|-damage|p2a: Togedemaru|6/100
|
|-heal|p2a: Togedemaru|12/100|[from] item: Leftovers
|upkeep
|turn|28
|
|t:|1661449493
|move|p1a: Articuno|Psyshock|p2a: Togedemaru
|-resisted|p2a: Togedemaru
|-damage|p2a: Togedemaru|0 fnt
|faint|p2a: Togedemaru
|
|upkeep
|
|t:|1661449495
|switch|p2a: Scrafty|Scrafty, M|69/100
|turn|29
|
|t:|1661449497
|switch|p1a: Gigalith|Gigalith, F|100/100
|-weather|Sandstorm|[from] ability: Sand Stream|[of] p1a: Gigalith
|move|p2a: Scrafty|Dragon Dance|p2a: Scrafty
|-boost|p2a: Scrafty|atk|1
|-boost|p2a: Scrafty|spe|1
|
|-weather|Sandstorm|[upkeep]
|-damage|p2a: Scrafty|63/100|[from] Sandstorm
|upkeep
|turn|30
|
|t:|1661449500
|switch|p1a: Sandslash|Sandslash, M|75/100
|move|p2a: Scrafty|Dragon Dance|p2a: Scrafty
|-boost|p2a: Scrafty|atk|1
|-boost|p2a: Scrafty|spe|1
|
|-weather|Sandstorm|[upkeep]
|-damage|p2a: Scrafty|57/100|[from] Sandstorm
|-heal|p1a: Sandslash|81/100|[from] item: Leftovers
|upkeep
|turn|31
|
|t:|1661449503
|move|p2a: Scrafty|Close Combat|p1a: Sandslash
|-damage|p1a: Sandslash|17/100
|-unboost|p2a: Scrafty|def|1
|-unboost|p2a: Scrafty|spd|1
|move|p1a: Sandslash|Earthquake|p2a: Scrafty
|-damage|p2a: Scrafty|3/100
|
|-weather|Sandstorm|[upkeep]
|-damage|p2a: Scrafty|0 fnt|[from] Sandstorm
|faint|p2a: Scrafty
|-heal|p1a: Sandslash|23/100|[from] item: Leftovers
|upkeep
|
|t:|1661449515
|switch|p2a: Comfey|Comfey, M|100/100
|turn|32
|
|t:|1661449528
|switch|p1a: Doublade|Doublade, M|100/100 slp
|move|p2a: Comfey|Draining Kiss|p1a: Doublade
|-resisted|p1a: Doublade
|-damage|p1a: Doublade|95/100 slp
|
|-weather|Sandstorm|[upkeep]
|-damage|p2a: Comfey|94/100|[from] Sandstorm
|upkeep
|turn|33
|
|t:|1661449532
|switch|p2a: Archeops|Archeops, F|100/100
|cant|p1a: Doublade|slp
|
|-weather|none
|upkeep
|turn|34
|
|t:|1661449536
|switch|p1a: Gigalith|Gigalith, F|100/100
|-weather|Sandstorm|[from] ability: Sand Stream|[of] p1a: Gigalith
|move|p2a: Archeops|Stealth Rock|p1a: Gigalith
|-sidestart|p1: lisa781|move: Stealth Rock
|
|-weather|Sandstorm|[upkeep]
|upkeep
|turn|35
|
|t:|1661449540
|move|p2a: Archeops|Earthquake|p1a: Gigalith
|-supereffective|p1a: Gigalith
|-damage|p1a: Gigalith|46/100
|move|p1a: Gigalith|Stealth Rock|p2a: Archeops
|-sidestart|p2: pult4t2 Carminable|move: Stealth Rock
|
|-weather|Sandstorm|[upkeep]
|-heal|p1a: Gigalith|52/100|[from] item: Leftovers
|upkeep
|turn|36
|
|t:|1661449544
|move|p1a: Gigalith|Protect|p1a: Gigalith
|-singleturn|p1a: Gigalith|Protect
|move|p2a: Archeops|Earthquake|p1a: Gigalith
|-activate|p1a: Gigalith|move: Protect
|
|-weather|Sandstorm|[upkeep]
|-heal|p1a: Gigalith|58/100|[from] item: Leftovers
|upkeep
|turn|37
|
|t:|1661449550
|switch|p2a: Eldegoss|Eldegoss, F|72/100
|-damage|p2a: Eldegoss|60/100|[from] Stealth Rock
|move|p1a: Gigalith|Rock Blast|p2a: Eldegoss
|-damage|p2a: Eldegoss|51/100
|-damage|p2a: Eldegoss|42/100
|-hitcount|p2a: Eldegoss|2
|
|-weather|Sandstorm|[upkeep]
|-damage|p2a: Eldegoss|36/100|[from] Sandstorm
|-heal|p1a: Gigalith|64/100|[from] item: Leftovers
|upkeep
|turn|38
|
|t:|1661449558
|switch|p1a: Doublade|Doublade, M|95/100 slp
|-damage|p1a: Doublade|89/100 slp|[from] Stealth Rock
|move|p2a: Eldegoss|Rapid Spin|p1a: Doublade
|-immune|p1a: Doublade
|
|-weather|none
|upkeep
|turn|39
|
|t:|1661449565
|move|p2a: Eldegoss|Rapid Spin|p1a: Doublade
|-immune|p1a: Doublade
|cant|p1a: Doublade|slp
|
|upkeep
|turn|40
|
|t:|1661449569
|switch|p1a: Thwackey|Thwackey, F|63/100
|-damage|p1a: Thwackey|50/100|[from] Stealth Rock
|-fieldstart|move: Grassy Terrain|[from] ability: Grassy Surge|[of] p1a: Thwackey
|move|p2a: Eldegoss|Leech Seed|p1a: Thwackey
|-immune|p1a: Thwackey
|
|-heal|p1a: Thwackey|56/100|[from] Grassy Terrain
|-heal|p2a: Eldegoss|42/100|[from] Grassy Terrain
|upkeep
|turn|41
|
|t:|1661449572
|switch|p2a: Bouffalant|Bouffalant, F|100/100
|-damage|p2a: Bouffalant|88/100|[from] Stealth Rock
|move|p1a: Thwackey|U-turn|p2a: Bouffalant
|-damage|p2a: Bouffalant|71/100
|inactive|lisa781 has 120 seconds left.
|
|t:|1661449614
|switch|p1a: Gigalith|Gigalith, F|64/100|[from]move: U-turn
|-damage|p1a: Gigalith|52/100|[from] Stealth Rock
|-weather|Sandstorm|[from] ability: Sand Stream|[of] p1a: Gigalith
|
|-weather|Sandstorm|[upkeep]
|-damage|p2a: Bouffalant|65/100|[from] Sandstorm
|-heal|p2a: Bouffalant|71/100|[from] Grassy Terrain
|-heal|p2a: Bouffalant|77/100|[from] item: Leftovers
|-heal|p1a: Gigalith|58/100|[from] Grassy Terrain
|-heal|p1a: Gigalith|64/100|[from] item: Leftovers
|upkeep
|turn|42
|
|t:|1661449617
|move|p2a: Bouffalant|Toxic|p1a: Gigalith
|-status|p1a: Gigalith|tox
|move|p1a: Gigalith|Rock Blast|p2a: Bouffalant
|-damage|p2a: Bouffalant|66/100
|-damage|p2a: Bouffalant|55/100
|-damage|p2a: Bouffalant|45/100
|-hitcount|p2a: Bouffalant|3
|
|-weather|Sandstorm|[upkeep]
|-damage|p2a: Bouffalant|39/100|[from] Sandstorm
|-heal|p2a: Bouffalant|45/100|[from] Grassy Terrain
|-heal|p2a: Bouffalant|51/100|[from] item: Leftovers
|-heal|p1a: Gigalith|71/100 tox|[from] Grassy Terrain
|-heal|p1a: Gigalith|77/100 tox|[from] item: Leftovers
|-damage|p1a: Gigalith|71/100 tox|[from] psn
|upkeep
|turn|43
|
|t:|1661449624
|switch|p2a: Eldegoss|Eldegoss, F|75/100
|-damage|p2a: Eldegoss|63/100|[from] Stealth Rock
|move|p1a: Gigalith|Rock Blast|p2a: Eldegoss
|-damage|p2a: Eldegoss|54/100
|-damage|p2a: Eldegoss|43/100
|-damage|p2a: Eldegoss|33/100
|-hitcount|p2a: Eldegoss|3
|
|-weather|Sandstorm|[upkeep]
|-damage|p2a: Eldegoss|26/100|[from] Sandstorm
|-heal|p2a: Eldegoss|33/100|[from] Grassy Terrain
|-heal|p1a: Gigalith|77/100 tox|[from] Grassy Terrain
|-heal|p1a: Gigalith|83/100 tox|[from] item: Leftovers
|-damage|p1a: Gigalith|71/100 tox|[from] psn
|upkeep
|turn|44
|
|t:|1661449637
|switch|p1a: Thwackey|Thwackey, F|56/100
|-damage|p1a: Thwackey|44/100|[from] Stealth Rock
|move|p2a: Eldegoss|Leech Seed|p1a: Thwackey
|-immune|p1a: Thwackey
|
|-weather|Sandstorm|[upkeep]
|-damage|p1a: Thwackey|38/100|[from] Sandstorm
|-damage|p2a: Eldegoss|26/100|[from] Sandstorm
|-heal|p1a: Thwackey|44/100|[from] Grassy Terrain
|-heal|p2a: Eldegoss|33/100|[from] Grassy Terrain
|-fieldend|move: Grassy Terrain
|upkeep
|turn|45
|
|t:|1661449641
|move|p1a: Thwackey|U-turn|p2a: Eldegoss
|-supereffective|p2a: Eldegoss
|-damage|p2a: Eldegoss|0 fnt
|faint|p2a: Eldegoss
|
|t:|1661449649
|switch|p1a: Doublade|Doublade, M|89/100 slp|[from]move: U-turn
|-damage|p1a: Doublade|82/100 slp|[from] Stealth Rock
|
|-weather|none
|upkeep
|
|t:|1661449652
|switch|p2a: Archeops|Archeops, F|100/100
|turn|46
|
|t:|1661449657
|move|p2a: Archeops|Earthquake|p1a: Doublade
|-supereffective|p1a: Doublade
|-damage|p1a: Doublade|46/100 slp
|-curestatus|p1a: Doublade|slp|[msg]
|move|p1a: Doublade|Iron Head|p2a: Archeops
|-supereffective|p2a: Archeops
|-damage|p2a: Archeops|0 fnt
|faint|p2a: Archeops
|
|upkeep
|
|t:|1661449662
|switch|p2a: Bouffalant|Bouffalant, F|51/100
|-damage|p2a: Bouffalant|39/100|[from] Stealth Rock
|turn|47
|
|t:|1661449670
|switch|p1a: Gigalith|Gigalith, F|71/100 tox
|-damage|p1a: Gigalith|58/100 tox|[from] Stealth Rock
|-weather|Sandstorm|[from] ability: Sand Stream|[of] p1a: Gigalith
|move|p2a: Bouffalant|Substitute|p2a: Bouffalant
|-start|p2a: Bouffalant|Substitute
|-damage|p2a: Bouffalant|14/100
|
|-weather|Sandstorm|[upkeep]
|-damage|p2a: Bouffalant|8/100|[from] Sandstorm
|-heal|p2a: Bouffalant|14/100|[from] item: Leftovers
|-heal|p1a: Gigalith|64/100 tox|[from] item: Leftovers
|-damage|p1a: Gigalith|58/100 tox|[from] psn
|upkeep
|turn|48
|
|t:|1661449673
|move|p2a: Bouffalant|Body Slam|p1a: Gigalith
|-resisted|p1a: Gigalith
|-damage|p1a: Gigalith|46/100 tox
|move|p1a: Gigalith|Rock Blast|p2a: Bouffalant
|-activate|p2a: Bouffalant|move: Substitute|[damage]
|-activate|p2a: Bouffalant|move: Substitute|[damage]
|-end|p2a: Bouffalant|Substitute
|-hitcount|p2a: Bouffalant|3
|
|-weather|Sandstorm|[upkeep]
|-damage|p2a: Bouffalant|8/100|[from] Sandstorm
|-heal|p2a: Bouffalant|14/100|[from] item: Leftovers
|-heal|p1a: Gigalith|53/100 tox|[from] item: Leftovers
|-damage|p1a: Gigalith|40/100 tox|[from] psn
|upkeep
|turn|49
|
|t:|1661449684
|switch|p2a: Comfey|Comfey, M|94/100
|move|p1a: Gigalith|Rock Blast|p2a: Comfey
|-damage|p2a: Comfey|84/100
|-damage|p2a: Comfey|74/100
|-hitcount|p2a: Comfey|2
|
|-weather|Sandstorm|[upkeep]
|-damage|p2a: Comfey|68/100|[from] Sandstorm
|-heal|p1a: Gigalith|46/100 tox|[from] item: Leftovers
|-damage|p1a: Gigalith|28/100 tox|[from] psn
|upkeep
|turn|50
|
|t:|1661449692
|switch|p1a: Doublade|Doublade, M|46/100
|-damage|p1a: Doublade|40/100|[from] Stealth Rock
|move|p2a: Comfey|Draining Kiss|p1a: Doublade
|-resisted|p1a: Doublade
|-damage|p1a: Doublade|34/100
|-heal|p2a: Comfey|72/100|[from] drain|[of] p1a: Doublade
|
|-weather|Sandstorm|[upkeep]
|-damage|p2a: Comfey|66/100|[from] Sandstorm
|upkeep
|turn|51
|
|t:|1661449697
|move|p2a: Comfey|Draining Kiss|p1a: Doublade
|-resisted|p1a: Doublade
|-damage|p1a: Doublade|29/100
|-heal|p2a: Comfey|71/100|[from] drain|[of] p1a: Doublade
|move|p1a: Doublade|Iron Head|p2a: Comfey
|-supereffective|p2a: Comfey
|-damage|p2a: Comfey|17/100
|
|-weather|none
|upkeep
|turn|52
|
|t:|1661449700
|move|p2a: Comfey|Synthesis|p2a: Comfey
|-heal|p2a: Comfey|67/100
|move|p1a: Doublade|Iron Head|p2a: Comfey
|-supereffective|p2a: Comfey
|-damage|p2a: Comfey|19/100
|
|upkeep
|turn|53
|
|t:|1661449702
|move|p2a: Comfey|Synthesis|p2a: Comfey
|-heal|p2a: Comfey|69/100
|move|p1a: Doublade|Iron Head|p2a: Comfey
|-supereffective|p2a: Comfey
|-damage|p2a: Comfey|20/100
|
|upkeep
|turn|54
|
|t:|1661449704
|move|p2a: Comfey|Synthesis|p2a: Comfey
|-heal|p2a: Comfey|70/100
|move|p1a: Doublade|Toxic|p2a: Comfey
|-status|p2a: Comfey|tox
|
|-damage|p2a: Comfey|64/100 tox|[from] psn
|upkeep
|turn|55
|
|t:|1661449708
|move|p2a: Comfey|Heal Bell|p2a: Comfey
|-activate|p2a: Comfey|move: Heal Bell
|-curestatus|p2a: Comfey|tox|[msg]
|move|p1a: Doublade|Iron Head|p2a: Comfey
|-supereffective|p2a: Comfey
|-damage|p2a: Comfey|16/100
|
|upkeep
|turn|56
|
|t:|1661449710
|move|p2a: Comfey|Synthesis|p2a: Comfey
|-heal|p2a: Comfey|66/100
|move|p1a: Doublade|Iron Head|p2a: Comfey
|-supereffective|p2a: Comfey
|-damage|p2a: Comfey|10/100
|
|upkeep
|turn|57
|
|t:|1661449712
|move|p2a: Comfey|Synthesis|p2a: Comfey
|-heal|p2a: Comfey|60/100
|move|p1a: Doublade|Iron Head|p2a: Comfey
|-supereffective|p2a: Comfey
|-damage|p2a: Comfey|7/100
|
|upkeep
|turn|58
|
|t:|1661449715
|move|p2a: Comfey|Synthesis|p2a: Comfey
|-heal|p2a: Comfey|57/100
|move|p1a: Doublade|Iron Head|p2a: Comfey
|-supereffective|p2a: Comfey
|-damage|p2a: Comfey|3/100
|
|upkeep
|turn|59
|
|t:|1661449717
|move|p2a: Comfey|Synthesis|p2a: Comfey
|-heal|p2a: Comfey|53/100
|move|p1a: Doublade|Iron Head|p2a: Comfey
|-supereffective|p2a: Comfey
|-damage|p2a: Comfey|3/100
|
|upkeep
|turn|60
|
|t:|1661449719
|move|p2a: Comfey|Synthesis|p2a: Comfey
|-heal|p2a: Comfey|53/100
|move|p1a: Doublade|Iron Head|p2a: Comfey
|-supereffective|p2a: Comfey
|-damage|p2a: Comfey|0 fnt
|faint|p2a: Comfey
|
|upkeep
|
|t:|1661449721
|switch|p2a: Bouffalant|Bouffalant, F|14/100
|-damage|p2a: Bouffalant|2/100|[from] Stealth Rock
|turn|61
|
|t:|1661449724
|move|p2a: Bouffalant|Throat Chop|p1a: Doublade
|-supereffective|p1a: Doublade
|-damage|p1a: Doublade|10/100
|-start|p1a: Doublade|Throat Chop|[silent]
|move|p1a: Doublade|Iron Head|p2a: Bouffalant
|-crit|p2a: Bouffalant
|-damage|p2a: Bouffalant|0 fnt
|faint|p2a: Bouffalant
|
|win|lisa781
|raw|lisa781's rating: 1401 &rarr; <strong>1427</strong><br />(+26 for winning)
|raw|pult4t2 Carminable's rating: 1514 &rarr; <strong>1488</strong><br />(-26 for losing)
