|j|☆Rquiem
|j|☆bassy gay
|t:|1667179566
|gametype|singles
|player|p1|Rquiem|furisodegirl-white|1336
|player|p2|bassy gay|2|1634
|teamsize|p1|6
|teamsize|p2|6
|gen|8
|tier|[Gen 8] PU
|rated|
|rule|Sleep Clause Mod: Limit one foe put to sleep
|rule|Species Clause: Limit one of each Pokémon
|rule|OHKO Clause: OHKO moves are banned
|rule|Evasion Items Clause: Evasion items are banned
|rule|Evasion Moves Clause: Evasion moves are banned
|rule|Endless Battle Clause: Forcing endless battles is banned
|rule|HP Percentage Mod: HP is shown in percentages
|rule|Dynamax Clause: You cannot dynamax
|clearpoke
|poke|p1|Scrafty, F|
|poke|p1|Articuno-Galar|
|poke|p1|Sandaconda, F|
|poke|p1|Ribombee, M|
|poke|p1|Silvally-*|
|poke|p1|Wishiwashi, M|
|poke|p2|Gourgeist-*, M|
|poke|p2|Comfey, F|
|poke|p2|Flapple, M|
|poke|p2|Togedemaru, M|
|poke|p2|Coalossal, M|
|poke|p2|Miltank, F|
|teampreview
|c|☆Rquiem|glhf
|
|t:|1667179586
|start
|switch|p1a: Ribombee|Ribombee, M|100/100
|switch|p2a: Flapple|Flapple, M|100/100
|turn|1
|
|t:|1667179598
|switch|p2a: Coalossal|Coalossal, M|100/100
|move|p1a: Ribombee|Moonblast|p2a: Coalossal
|-resisted|p2a: Coalossal
|-damage|p2a: Coalossal|86/100
|
|upkeep
|turn|2
|c|☆bassy gay|U 2
|
|t:|1667179605
|switch|p1a: Sandaconda|Sandaconda, F|100/100
|move|p2a: Coalossal|Spikes|p1a: Sandaconda
|-sidestart|p1: Rquiem|Spikes
|
|upkeep
|turn|3
|
|t:|1667179618
|switch|p2a: Flapple|Flapple, M|100/100
|move|p1a: Sandaconda|Earthquake|p2a: Flapple
|-resisted|p2a: Flapple
|-damage|p2a: Flapple|76/100
|
|upkeep
|turn|4
|
|t:|1667179620
|move|p2a: Flapple|Grav Apple|p1a: Sandaconda
|-supereffective|p1a: Sandaconda
|-damage|p1a: Sandaconda|0 fnt
|faint|p1a: Sandaconda
|
|upkeep
|
|t:|1667179633
|switch|p1a: Ribombee|Ribombee, M|100/100
|turn|5
|
|t:|1667179637
|switch|p1a: Silvally|Silvally-Steel|100/100
|-damage|p1a: Silvally|88/100|[from] Spikes
|switch|p2a: Togedemaru|Togedemaru, M|100/100
|
|upkeep
|turn|6
|
|t:|1667179644
|move|p1a: Silvally|Flamethrower|p2a: Togedemaru
|-supereffective|p2a: Togedemaru
|-damage|p2a: Togedemaru|65/100
|move|p2a: Togedemaru|U-turn|p1a: Silvally
|-resisted|p1a: Silvally
|-damage|p1a: Silvally|81/100
|
|t:|1667179649
|switch|p2a: Coalossal|Coalossal, M|86/100|[from]move: U-turn
|
|upkeep
|turn|7
|
|t:|1667179662
|move|p1a: Silvally|U-turn|p2a: Coalossal
|-resisted|p2a: Coalossal
|-damage|p2a: Coalossal|80/100
|
|t:|1667179665
|switch|p1a: Wishiwashi|Wishiwashi, M|100/100|[from]move: U-turn
|-damage|p1a: Wishiwashi|88/100|[from] Spikes
|-formechange|p1a: Wishiwashi|Wishiwashi-School||[from] ability: Schooling
|move|p2a: Coalossal|Spikes|p1a: Wishiwashi
|-sidestart|p1: Rquiem|Spikes
|
|-heal|p1a: Wishiwashi|94/100|[from] item: Leftovers
|upkeep
|turn|8
|
|t:|1667179670
|switch|p2a: Gourgeist|Gourgeist-Super, M|100/100
|-item|p1a: Wishiwashi|Leftovers|[from] ability: Frisk|[of] p2a: Gourgeist|[identify]
|move|p1a: Wishiwashi|Scald|p2a: Gourgeist
|-resisted|p2a: Gourgeist
|-damage|p2a: Gourgeist|77/100
|
|-heal|p1a: Wishiwashi|100/100|[from] item: Leftovers
|upkeep
|turn|9
|
|t:|1667179675
|move|p2a: Gourgeist|Power Whip|p1a: Wishiwashi
|-supereffective|p1a: Wishiwashi
|-damage|p1a: Wishiwashi|0 fnt
|faint|p1a: Wishiwashi
|
|upkeep
|-message|Rquiem forfeited.
|
|win|bassy gay
|raw|Rquiem's rating: 1336 &rarr; <strong>1330</strong><br />(-6 for losing)
|raw|bassy gay's rating: 1634 &rarr; <strong>1640</strong><br />(+6 for winning)
|l|☆Rquiem
||Ladder isn't responding, score probably updated but might not have (Request timeout).
