|j|☆blur111x
|j|☆Gellolo
|t:|1610226364
|player|p1|blur111x|102|1093
|player|p2|Gellolo|depotagent|1130
|teamsize|p1|6
|teamsize|p2|6
|gametype|singles
|gen|8
|tier|[Gen 8] PU
|rated|
|clearpoke
|poke|p1|Bouffalant, M|
|poke|p1|Mesprit|
|poke|p1|Absol, F|
|poke|p1|Arctovish|
|poke|p1|Vikavolt, F|
|poke|p1|Flareon, M|
|poke|p2|Regigigas|
|poke|p2|Archeops, M|
|poke|p2|Gigalith, F|
|poke|p2|Scrafty, M|
|poke|p2|Tsareena, F|
|poke|p2|Toxicroak, M|
|rule|Sleep Clause Mod: Limit one foe put to sleep
|rule|Species Clause: Limit one of each Pokémon
|rule|OHKO Clause: OHKO moves are banned
|rule|Evasion Moves Clause: Evasion moves are banned
|rule|Endless Battle Clause: Forcing endless battles is banned
|rule|HP Percentage Mod: HP is shown in percentages
|rule|Dynamax Clause: You cannot dynamax
|teampreview
|
|t:|1610226370
|start
|switch|p1a: Pupper|Flareon, M|100/100
|switch|p2a: Scrafty|Scrafty, M|100/100
|turn|1
|
|t:|1610226379
|move|p1a: Pupper|Flame Charge|p2a: Scrafty
|-damage|p2a: Scrafty|72/100
|-boost|p1a: Pupper|spe|1
|move|p2a: Scrafty|Drain Punch|p1a: Pupper
|-damage|p1a: Pupper|42/100
|-heal|p2a: Scrafty|100/100|[from] drain|[of] p1a: Pupper
|
|-status|p1a: Pupper|tox|[from] item: Toxic Orb
|upkeep
|turn|2
|
|t:|1610226394
|switch|p2a: Toxicroak|Toxicroak, M|100/100
|move|p1a: Pupper|Flare Blitz|p2a: Toxicroak
|-damage|p2a: Toxicroak|0 fnt
|-damage|p1a: Pupper|5/100 tox|[from] Recoil
|faint|p2a: Toxicroak
|
|-damage|p1a: Pupper|0 fnt|[from] psn
|faint|p1a: Pupper
|upkeep
|
|t:|1610226406
|switch|p2a: Scrafty|Scrafty, M|100/100
|switch|p1a: Afro|Bouffalant, M|100/100
|turn|3
|
|t:|1610226412
|switch|p1a: Guardian|Absol, F|100/100
|move|p2a: Scrafty|Dragon Dance|p2a: Scrafty
|-boost|p2a: Scrafty|atk|1
|-boost|p2a: Scrafty|spe|1
|
|upkeep
|turn|4
|
|t:|1610226419
|move|p2a: Scrafty|Drain Punch|p1a: Guardian
|-supereffective|p1a: Guardian
|-damage|p1a: Guardian|0 fnt
|faint|p1a: Guardian
|-ability|p2a: Scrafty|Moxie|boost
|-boost|p2a: Scrafty|atk|1
|
|upkeep
|
|t:|1610226425
|switch|p1a: Moth|Vikavolt, F|100/100
|turn|5
|
|t:|1610226429
|move|p2a: Scrafty|Beat Up|p1a: Moth
|-damage|p1a: Moth|88/100
|-damage|p1a: Moth|73/100
|-damage|p1a: Moth|57/100
|-damage|p1a: Moth|40/100
|-damage|p1a: Moth|25/100
|-hitcount|p1a: Moth|5
|cant|p1a: Moth|flinch
|
|upkeep
|turn|6
|
|t:|1610226445
|move|p2a: Scrafty|Beat Up|p1a: Moth
|-damage|p1a: Moth|13/100
|-damage|p1a: Moth|0 fnt
|-hitcount|p1a: Moth|2
|faint|p1a: Moth
|-ability|p2a: Scrafty|Moxie|boost
|-boost|p2a: Scrafty|atk|1
|
|upkeep
|
|t:|1610226452
|switch|p1a: Afro|Bouffalant, M|100/100
|turn|7
|
|t:|1610226456
|move|p2a: Scrafty|Drain Punch|p1a: Afro
|-supereffective|p1a: Afro
|-damage|p1a: Afro|0 fnt
|faint|p1a: Afro
|-ability|p2a: Scrafty|Moxie|boost
|-boost|p2a: Scrafty|atk|1
|
|upkeep
|
|t:|1610226463
|switch|p1a: Blubbber|Arctovish|100/100
|turn|8
|
|t:|1610226466
|move|p2a: Scrafty|Drain Punch|p1a: Blubbber
|-supereffective|p1a: Blubbber
|-damage|p1a: Blubbber|0 fnt
|faint|p1a: Blubbber
|-ability|p2a: Scrafty|Moxie|boost
|-boost|p2a: Scrafty|atk|1
|
|upkeep
|
|t:|1610226472
|switch|p1a: Pixy|Mesprit|100/100
|turn|9
|c|☆Gellolo|Good
|c|☆Gellolo|Always end the battle
|c|☆Gellolo|You have my respect
|
|t:|1610226492
|move|p2a: Scrafty|Beat Up|p1a: Pixy
|-supereffective|p1a: Pixy
|-damage|p1a: Pixy|55/100
|-supereffective|p1a: Pixy
|-damage|p1a: Pixy|0 fnt
|-hitcount|p1a: Pixy|2
|faint|p1a: Pixy
|
|win|Gellolo
|c|☆blur111x|thanks gg
|c|☆Gellolo|Gg
|l|☆blur111x
