|j|☆Marth2019
|j|☆yassy slay
|t:|1659047223
|gametype|singles
|player|p1|Marth2019|bugcatcher-gen4dp|1231
|player|p2|yassy slay|clown|1490
|teamsize|p1|6
|teamsize|p2|6
|gen|8
|tier|[Gen 8] PU
|rated|
|rule|Sleep Clause Mod: Limit one foe put to sleep
|rule|Species Clause: Limit one of each Pokémon
|rule|OHKO Clause: OHKO moves are banned
|rule|Evasion Moves Clause: Evasion moves are banned
|rule|Endless Battle Clause: Forcing endless battles is banned
|rule|HP Percentage Mod: HP is shown in percentages
|rule|Dynamax Clause: You cannot dynamax
|clearpoke
|poke|p1|Qwilfish, F|
|poke|p1|Pinsir, M|
|poke|p1|Claydol|
|poke|p1|Druddigon, M|
|poke|p1|Uxie|
|poke|p1|Cofagrigus, M|
|poke|p2|Stunfisk-Galar, F|
|poke|p2|Cryogonal|
|poke|p2|Flapple, F|
|poke|p2|Wishiwashi, M|
|poke|p2|Gourgeist-*, F|
|poke|p2|Comfey, M|
|teampreview
|inactive|Battle timer is ON: inactive players will automatically lose when time's up. (requested by Marth2019)
|
|t:|1659047236
|start
|switch|p1a: Uxie|Uxie|100/100
|switch|p2a: Gourgeist|Gourgeist-Small, F|100/100
|-item|p1a: Uxie|Choice Scarf|[from] ability: Frisk|[of] p2a: Gourgeist|[identify]
|turn|1
|
|t:|1659047244
|move|p2a: Gourgeist|Poltergeist|p1a: Uxie
|-activate|p1a: Uxie|move: Poltergeist|Choice Scarf
|-supereffective|p1a: Uxie
|-damage|p1a: Uxie|32/100
|move|p1a: Uxie|Fire Punch|p2a: Gourgeist
|-supereffective|p2a: Gourgeist
|-damage|p2a: Gourgeist|57/100
|-status|p2a: Gourgeist|brn
|
|-damage|p2a: Gourgeist|51/100 brn|[from] brn
|upkeep
|turn|2
|
|t:|1659047254
|switch|p1a: Qwilfish|Qwilfish, F|100/100
|-ability|p1a: Qwilfish|Intimidate|boost
|-unboost|p2a: Gourgeist|atk|1
|move|p2a: Gourgeist|Poltergeist|p1a: Qwilfish|[miss]
|-miss|p2a: Gourgeist|p1a: Qwilfish
|
|-damage|p2a: Gourgeist|45/100 brn|[from] brn
|upkeep
|turn|3
|
|t:|1659047260
|switch|p2a: Cryogonal|Cryogonal|100/100
|move|p1a: Qwilfish|Toxic Spikes|p2a: Cryogonal
|-sidestart|p2: yassy slay|move: Toxic Spikes
|
|upkeep
|turn|4
|
|t:|1659047265
|switch|p1a: Cofagrigus|Cofagrigus, M|100/100
|move|p2a: Cryogonal|Freeze-Dry|p1a: Cofagrigus
|-damage|p1a: Cofagrigus|78/100
|
|upkeep
|turn|5
|
|t:|1659047271
|switch|p2a: Comfey|Comfey, M|100/100
|move|p1a: Cofagrigus|Infestation|p2a: Comfey
|-resisted|p2a: Comfey
|-damage|p2a: Comfey|98/100
|-activate|p2a: Comfey|move: Infestation|[of] p1a: Cofagrigus
|
|-damage|p2a: Comfey|86/100|[from] move: Infestation|[partiallytrapped]
|upkeep
|turn|6
|
|t:|1659047292
|switch|p1a: Uxie|Uxie|32/100
|move|p2a: Comfey|Leech Seed|p1a: Uxie
|-start|p1a: Uxie|move: Leech Seed
|
|-damage|p1a: Uxie|19/100|[from] Leech Seed|[of] p2a: Comfey
|-heal|p2a: Comfey|98/100|[silent]
|-end|p2a: Comfey|Infestation|[partiallytrapped]|[silent]
|upkeep
|turn|7
|j| Everhit911
|
|t:|1659047297
|switch|p2a: Gourgeist|Gourgeist-Small, F|45/100 brn
|-item|p1a: Uxie|Choice Scarf|[from] ability: Frisk|[of] p2a: Gourgeist|[identify]
|move|p1a: Uxie|Trick|p2a: Gourgeist
|-activate|p1a: Uxie|move: Trick|[of] p2a: Gourgeist
|-item|p2a: Gourgeist|Choice Scarf|[from] move: Trick
|-item|p1a: Uxie|Choice Scarf|[from] move: Trick
|
|-damage|p1a: Uxie|7/100|[from] Leech Seed|[of] p2a: Gourgeist
|-heal|p2a: Gourgeist|59/100 brn|[silent]
|-damage|p2a: Gourgeist|53/100 brn|[from] brn
|upkeep
|turn|8
|
|t:|1659047311
|switch|p1a: Qwilfish|Qwilfish, F|100/100
|-ability|p1a: Qwilfish|Intimidate|boost
|-unboost|p2a: Gourgeist|atk|1
|move|p2a: Gourgeist|Trick|p1a: Qwilfish
|-activate|p2a: Gourgeist|move: Trick|[of] p1a: Qwilfish
|-item|p1a: Qwilfish|Choice Scarf|[from] move: Trick
|-item|p2a: Gourgeist|Focus Sash|[from] move: Trick
|
|-damage|p2a: Gourgeist|47/100 brn|[from] brn
|upkeep
|turn|9
|
|t:|1659047321
|switch|p2a: Cryogonal|Cryogonal|100/100
|move|p1a: Qwilfish|Spikes|p2a: Cryogonal
|-sidestart|p2: yassy slay|Spikes
|
|upkeep
|turn|10
|
|t:|1659047325
|switch|p1a: Cofagrigus|Cofagrigus, M|78/100
|move|p2a: Cryogonal|Toxic|p1a: Cofagrigus
|-status|p1a: Cofagrigus|tox
|
|-damage|p1a: Cofagrigus|72/100 tox|[from] psn
|upkeep
|turn|11
|
|t:|1659047332
|switch|p2a: Comfey|Comfey, M|98/100
|move|p1a: Cofagrigus|Infestation|p2a: Comfey
|-resisted|p2a: Comfey
|-damage|p2a: Comfey|95/100
|-activate|p2a: Comfey|move: Infestation|[of] p1a: Cofagrigus
|
|-damage|p1a: Cofagrigus|60/100 tox|[from] psn
|-damage|p2a: Comfey|83/100|[from] move: Infestation|[partiallytrapped]
|upkeep
|turn|12
|
|t:|1659047338
|switch|p1a: Uxie|Uxie|7/100
|move|p2a: Comfey|Leech Seed|p1a: Uxie
|-start|p1a: Uxie|move: Leech Seed
|
|-damage|p1a: Uxie|0 fnt|[from] Leech Seed|[of] p2a: Comfey
|-heal|p2a: Comfey|89/100|[silent]
|faint|p1a: Uxie
|-end|p2a: Comfey|Infestation|[partiallytrapped]|[silent]
|upkeep
|inactive|Marth2019 has 120 seconds left.
|
|t:|1659047369
|switch|p1a: Druddigon|Druddigon, M|100/100
|turn|13
|
|t:|1659047376
|switch|p2a: Stunfisk|Stunfisk-Galar, F|100/100
|-damage|p2a: Stunfisk|88/100|[from] Spikes
|move|p1a: Druddigon|Glare|p2a: Stunfisk
|-status|p2a: Stunfisk|par
|
|-heal|p2a: Stunfisk|94/100 par|[from] item: Leftovers
|upkeep
|turn|14
|
|t:|1659047388
|switch|p1a: Cofagrigus|Cofagrigus, M|60/100 tox
|move|p2a: Stunfisk|Stealth Rock|p1a: Cofagrigus
|-sidestart|p1: Marth2019|move: Stealth Rock
|
|-heal|p2a: Stunfisk|100/100 par|[from] item: Leftovers
|-damage|p1a: Cofagrigus|54/100 tox|[from] psn
|upkeep
|turn|15
|
|t:|1659047401
|switch|p2a: Comfey|Comfey, M|89/100
|move|p1a: Cofagrigus|Energy Ball|p2a: Comfey
|-damage|p2a: Comfey|69/100
|
|-damage|p1a: Cofagrigus|41/100 tox|[from] psn
|upkeep
|turn|16
|
|t:|1659047414
|move|p2a: Comfey|Leech Seed|p1a: Cofagrigus
|-start|p1a: Cofagrigus|move: Leech Seed
|move|p1a: Cofagrigus|Infestation|p2a: Comfey
|-resisted|p2a: Comfey
|-damage|p2a: Comfey|67/100
|-activate|p2a: Comfey|move: Infestation|[of] p1a: Cofagrigus
|
|-damage|p1a: Cofagrigus|29/100 tox|[from] Leech Seed|[of] p2a: Comfey
|-heal|p2a: Comfey|78/100|[silent]
|-damage|p1a: Cofagrigus|10/100 tox|[from] psn
|-damage|p2a: Comfey|65/100|[from] move: Infestation|[partiallytrapped]
|upkeep
|turn|17
|
|t:|1659047420
|move|p2a: Comfey|Dazzling Gleam|p1a: Cofagrigus
|-damage|p1a: Cofagrigus|0 fnt
|faint|p1a: Cofagrigus
|
|-end|p2a: Comfey|Infestation|[partiallytrapped]|[silent]
|upkeep
|
|t:|1659047440
|switch|p1a: Pinsir|Pinsir, M|100/100
|-damage|p1a: Pinsir|76/100|[from] Stealth Rock
|turn|18
|
|t:|1659047443
|move|p1a: Pinsir|Earthquake|p2a: Comfey
|-damage|p2a: Comfey|32/100
|move|p2a: Comfey|Leech Seed|p1a: Pinsir
|-start|p1a: Pinsir|move: Leech Seed
|
|-damage|p1a: Pinsir|64/100|[from] Leech Seed|[of] p2a: Comfey
|-heal|p2a: Comfey|43/100|[silent]
|upkeep
|turn|19
|
|t:|1659047448
|move|p2a: Comfey|Synthesis|p2a: Comfey
|-heal|p2a: Comfey|93/100
|move|p1a: Pinsir|Earthquake|p2a: Comfey
|-damage|p2a: Comfey|61/100
|
|-damage|p1a: Pinsir|51/100|[from] Leech Seed|[of] p2a: Comfey
|-heal|p2a: Comfey|71/100|[silent]
|upkeep
|turn|20
|
|t:|1659047452
|switch|p1a: Qwilfish|Qwilfish, F|100/100
|-damage|p1a: Qwilfish|88/100|[from] Stealth Rock
|-ability|p1a: Qwilfish|Intimidate|boost
|-unboost|p2a: Comfey|atk|1
|move|p2a: Comfey|Dazzling Gleam|p1a: Qwilfish
|-resisted|p1a: Qwilfish
|-damage|p1a: Qwilfish|65/100
|
|upkeep
|turn|21
|
|t:|1659047461
|move|p1a: Qwilfish|Explosion|p2a: Comfey
|-damage|p2a: Comfey|11/100
|faint|p1a: Qwilfish
|move|p2a: Comfey|Leech Seed|p1: Qwilfish|[notarget]
|-fail|p2a: Comfey
|
|upkeep
|
|t:|1659047466
|switch|p1a: Pinsir|Pinsir, M|51/100
|-damage|p1a: Pinsir|27/100|[from] Stealth Rock
|turn|22
|
|t:|1659047469
|move|p2a: Comfey|Synthesis|p2a: Comfey
|-heal|p2a: Comfey|61/100
|move|p1a: Pinsir|Earthquake|p2a: Comfey
|-damage|p2a: Comfey|28/100
|
|upkeep
|turn|23
|
|t:|1659047475
|move|p2a: Comfey|Synthesis|p2a: Comfey
|-heal|p2a: Comfey|78/100
|move|p1a: Pinsir|Earthquake|p2a: Comfey
|-crit|p2a: Comfey
|-damage|p2a: Comfey|28/100
|
|upkeep
|turn|24
|
|t:|1659047478
|move|p2a: Comfey|Synthesis|p2a: Comfey
|-heal|p2a: Comfey|78/100
|move|p1a: Pinsir|Earthquake|p2a: Comfey
|-damage|p2a: Comfey|45/100
|
|upkeep
|turn|25
|
|t:|1659047484
|switch|p1a: Druddigon|Druddigon, M|100/100
|-damage|p1a: Druddigon|88/100|[from] Stealth Rock
|move|p2a: Comfey|Leech Seed|p1a: Druddigon
|-start|p1a: Druddigon|move: Leech Seed
|
|-heal|p1a: Druddigon|94/100|[from] item: Leftovers
|-damage|p1a: Druddigon|82/100|[from] Leech Seed|[of] p2a: Comfey
|-heal|p2a: Comfey|56/100|[silent]
|upkeep
|turn|26
|
|t:|1659047488
|move|p2a: Comfey|Dazzling Gleam|p1a: Druddigon
|-supereffective|p1a: Druddigon
|-damage|p1a: Druddigon|31/100
|move|p1a: Druddigon|Glare|p2a: Comfey
|-status|p2a: Comfey|par
|
|-heal|p1a: Druddigon|37/100|[from] item: Leftovers
|-damage|p1a: Druddigon|25/100|[from] Leech Seed|[of] p2a: Comfey
|-heal|p2a: Comfey|68/100 par|[silent]
|upkeep
|turn|27
|
|t:|1659047493
|move|p1a: Druddigon|Fire Punch|p2a: Comfey
|-damage|p2a: Comfey|46/100 par
|move|p2a: Comfey|Dazzling Gleam|p1a: Druddigon
|-supereffective|p1a: Druddigon
|-crit|p1a: Druddigon
|-damage|p1a: Druddigon|0 fnt
|faint|p1a: Druddigon
|
|upkeep
|
|t:|1659047499
|switch|p1a: Pinsir|Pinsir, M|27/100
|-damage|p1a: Pinsir|2/100|[from] Stealth Rock
|turn|28
|
|t:|1659047502
|move|p2a: Comfey|Synthesis|p2a: Comfey
|-heal|p2a: Comfey|96/100 par
|move|p1a: Pinsir|Earthquake|p2a: Comfey
|-damage|p2a: Comfey|66/100 par
|
|upkeep
|turn|29
|
|t:|1659047505
|switch|p2a: Cryogonal|Cryogonal|100/100
|move|p1a: Pinsir|Earthquake|p2a: Cryogonal
|-immune|p2a: Cryogonal|[from] ability: Levitate
|
|upkeep
|turn|30
|
|t:|1659047508
|move|p1a: Pinsir|Earthquake|p2a: Cryogonal
|-immune|p2a: Cryogonal|[from] ability: Levitate
|move|p2a: Cryogonal|Rapid Spin|p1a: Pinsir
|-damage|p1a: Pinsir|0 fnt
|-boost|p2a: Cryogonal|spe|1
|-sideend|p2: yassy slay|Spikes|[from] move: Rapid Spin|[of] p2a: Cryogonal
|-sideend|p2: yassy slay|Toxic Spikes|[from] move: Rapid Spin|[of] p2a: Cryogonal
|faint|p1a: Pinsir
|
|upkeep
|-message|Marth2019 forfeited.
|
|win|yassy slay
|raw|Marth2019's rating: 1231 &rarr; <strong>1222</strong><br />(-9 for losing)
|raw|yassy slay's rating: 1490 &rarr; <strong>1497</strong><br />(+7 for winning)
|l|☆Marth2019
||Ladder isn't responding, score probably updated but might not have (Request timeout).
