|html|<div class="broadcast-blue"><strong>[Gen 8] PU is currently suspecting Vanilluxe! For information on how to participate check out the <a href="https://www.smogon.com/forums/threads/np-ss-pu-stage-10-ice-cream-vanilluxe-suspect-test.3705646/">suspect thread</a>.</strong></div>
|raw|<div class="broadcast-blue"><strong>This battle is required to be public due to a player having a name starting with 'pult4c1'.</div>
|j|☆PULT4C1 Inder
|j|☆FntcKirt
|t:|1660515099
|gametype|singles
|player|p1|PULT4C1 Inder|lyra|1291
|player|p2|FntcKirt|battlegirl-gen4|1314
|teamsize|p1|6
|teamsize|p2|6
|gen|8
|tier|[Gen 8] PU
|rated|
|rule|Sleep Clause Mod: Limit one foe put to sleep
|rule|Species Clause: Limit one of each Pokémon
|rule|OHKO Clause: OHKO moves are banned
|rule|Evasion Items Clause: Evasion items are banned
|rule|Evasion Moves Clause: Evasion moves are banned
|rule|Endless Battle Clause: Forcing endless battles is banned
|rule|HP Percentage Mod: HP is shown in percentages
|rule|Dynamax Clause: You cannot dynamax
|clearpoke
|poke|p1|Doublade, F|
|poke|p1|Vikavolt, M|
|poke|p1|Archeops, M|
|poke|p1|Silvally-*|
|poke|p1|Turtonator, F|
|poke|p1|Druddigon, M|
|poke|p2|Archeops, M|
|poke|p2|Sawk, M|
|poke|p2|Silvally-*|
|poke|p2|Articuno-Galar|
|poke|p2|Lurantis, M|
|poke|p2|Ribombee, M|
|teampreview
|inactive|Battle timer is ON: inactive players will automatically lose when time's up. (requested by PULT4C1 Inder)
|
|t:|1660515108
|start
|switch|p1a: Druddigon|Druddigon, M|100/100
|switch|p2a: Archeops|Archeops, M|100/100
|-ability|p1a: Druddigon|Mold Breaker
|turn|1
|inactive|PULT4C1 Inder has 120 seconds left.
|
|t:|1660515148
|move|p2a: Archeops|Taunt|p1a: Druddigon
|-start|p1a: Druddigon|move: Taunt
|move|p1a: Druddigon|Scale Shot|p2a: Archeops
|-damage|p2a: Archeops|80/100
|-damage|p2a: Archeops|59/100
|-damage|p2a: Archeops|39/100
|-hitcount|p2a: Archeops|3
|-unboost|p1a: Druddigon|def|1
|-boost|p1a: Druddigon|spe|1
|
|upkeep
|turn|2
|
|t:|1660515164
|move|p2a: Archeops|Stealth Rock|p1a: Druddigon
|-sidestart|p1: PULT4C1 Inder|move: Stealth Rock
|move|p1a: Druddigon|Scale Shot|p2a: Archeops
|-damage|p2a: Archeops|19/100
|-damage|p2a: Archeops|0 fnt
|faint|p2a: Archeops
|-hitcount|p2: Archeops|2
|-unboost|p1a: Druddigon|def|1
|-boost|p1a: Druddigon|spe|1
|
|upkeep
|
|t:|1660515175
|switch|p2a: Ribombee|Ribombee, M|100/100
|turn|3
|
|t:|1660515185
|move|p1a: Druddigon|Earthquake|p2a: Ribombee
|-resisted|p2a: Ribombee
|-damage|p2a: Ribombee|69/100
|move|p2a: Ribombee|Moonblast|p1a: Druddigon
|-supereffective|p1a: Druddigon
|-enditem|p1a: Druddigon|Focus Sash
|-damage|p1a: Druddigon|1/100
|-unboost|p1a: Druddigon|spa|1
|
|-end|p1a: Druddigon|move: Taunt
|upkeep
|turn|4
|
|t:|1660515197
|move|p1a: Druddigon|Stealth Rock|p2a: Ribombee
|-sidestart|p2: FntcKirt|move: Stealth Rock
|move|p2a: Ribombee|Moonblast|p1a: Druddigon
|-supereffective|p1a: Druddigon
|-damage|p1a: Druddigon|0 fnt
|faint|p1a: Druddigon
|
|upkeep
|
|t:|1660515208
|switch|p1a: Turtonator|Turtonator, F|100/100
|turn|5
|
|t:|1660515213
|switch|p2a: Silvally|Silvally-Ghost|100/100
|-damage|p2a: Silvally|88/100|[from] Stealth Rock
|move|p1a: Turtonator|Shell Smash|p1a: Turtonator
|-unboost|p1a: Turtonator|def|1
|-unboost|p1a: Turtonator|spd|1
|-boost|p1a: Turtonator|atk|2
|-boost|p1a: Turtonator|spa|2
|-boost|p1a: Turtonator|spe|2
|
|upkeep
|turn|6
|j| yandaud
|
|t:|1660515223
|move|p1a: Turtonator|Flamethrower|p2a: Silvally
|-damage|p2a: Silvally|14/100
|-status|p2a: Silvally|brn
|move|p2a: Silvally|Multi-Attack|p1a: Turtonator
|-damage|p1a: Turtonator|61/100
|
|-damage|p2a: Silvally|8/100 brn|[from] brn
|upkeep
|turn|7
|
|t:|1660515231
|move|p1a: Turtonator|Flamethrower|p2a: Silvally
|-damage|p2a: Silvally|0 fnt
|faint|p2a: Silvally
|
|upkeep
|
|t:|1660515242
|switch|p2a: Articuno|Articuno-Galar|100/100
|-damage|p2a: Articuno|76/100|[from] Stealth Rock
|turn|8
|
|t:|1660515247
|move|p1a: Turtonator|Flamethrower|p2a: Articuno
|-damage|p2a: Articuno|26/100
|move|p2a: Articuno|Agility|p2a: Articuno
|-boost|p2a: Articuno|spe|2
|
|upkeep
|turn|9
|
|t:|1660515253
|move|p2a: Articuno|Air Slash|p1a: Turtonator
|-damage|p1a: Turtonator|0 fnt
|faint|p1a: Turtonator
|
|upkeep
|
|t:|1660515256
|switch|p1a: Doublade|Doublade, F|100/100
|-damage|p1a: Doublade|94/100|[from] Stealth Rock
|turn|10
|
|t:|1660515264
|switch|p2a: Ribombee|Ribombee, M|69/100
|-damage|p2a: Ribombee|44/100|[from] Stealth Rock
|move|p1a: Doublade|Shadow Sneak|p2a: Ribombee
|-damage|p2a: Ribombee|4/100
|
|upkeep
|turn|11
|
|t:|1660515277
|move|p1a: Doublade|Shadow Sneak|p2a: Ribombee
|-damage|p2a: Ribombee|0 fnt
|faint|p2a: Ribombee
|
|upkeep
|
|t:|1660515306
|switch|p2a: Sawk|Sawk, M|100/100
|-damage|p2a: Sawk|94/100|[from] Stealth Rock
|turn|12
|
|t:|1660515311
|switch|p1a: Silvally|Silvally-Fairy|100/100
|-damage|p1a: Silvally|88/100|[from] Stealth Rock
|move|p2a: Sawk|Knock Off|p1a: Silvally
|-resisted|p1a: Silvally
|-damage|p1a: Silvally|74/100
|
|upkeep
|turn|13
|
|t:|1660515321
|move|p1a: Silvally|Swords Dance|p1a: Silvally
|-boost|p1a: Silvally|atk|2
|move|p2a: Sawk|Poison Jab|p1a: Silvally
|-supereffective|p1a: Silvally
|-damage|p1a: Silvally|11/100
|
|upkeep
|turn|14
|-message|FntcKirt forfeited.
|
|win|PULT4C1 Inder
|raw|PULT4C1 Inder's rating: 1264 &rarr; <strong>1293</strong><br />(+29 for winning)
|raw|FntcKirt's rating: 1314 &rarr; <strong>1291</strong><br />(-23 for losing)
|l|☆FntcKirt
|l|☆PULT4C1 Inder
|l| yandaud
||Ladder isn't responding, score probably updated but might not have (Request timeout).
