|j|☆acluh1
|j|☆LegendaryFrogs
|t:|1651763462
|gametype|singles
|player|p1|acluh1|caitlin|1347
|player|p2|LegendaryFrogs|riley|1305
|teamsize|p1|6
|teamsize|p2|6
|gen|8
|tier|[Gen 8] PU
|rated|
|rule|Sleep Clause Mod: Limit one foe put to sleep
|rule|Species Clause: Limit one of each Pokémon
|rule|OHKO Clause: OHKO moves are banned
|rule|Evasion Moves Clause: Evasion moves are banned
|rule|Endless Battle Clause: Forcing endless battles is banned
|rule|HP Percentage Mod: HP is shown in percentages
|rule|Dynamax Clause: You cannot dynamax
|clearpoke
|poke|p1|Gigalith, M|
|poke|p1|Jellicent, M|
|poke|p1|Jolteon, F|
|poke|p1|Pincurchin, F|
|poke|p1|Quagsire, F|
|poke|p1|Scrafty, M|
|poke|p2|Sandaconda, F|
|poke|p2|Articuno-Galar|
|poke|p2|Silvally-*|
|poke|p2|Audino, M|
|poke|p2|Gallade, M|
|poke|p2|Eldegoss, M|
|teampreview
|inactive|Battle timer is ON: inactive players will automatically lose when time's up. (requested by acluh1)
|
|t:|1651763478
|start
|switch|p1a: Jellicent|Jellicent, M|100/100
|switch|p2a: Gallade|Gallade, M, shiny|100/100
|turn|1
|
|t:|1651763502
|move|p1a: Jellicent|Shadow Ball|p2a: Gallade
|-supereffective|p2a: Gallade
|-damage|p2a: Gallade|39/100
|-unboost|p2a: Gallade|spd|1
|move|p2a: Gallade|Bulk Up|p2a: Gallade
|-boost|p2a: Gallade|atk|1
|-boost|p2a: Gallade|def|1
|
|upkeep
|turn|2
|
|t:|1651763512
|switch|p2a: Audino|Audino, M|100/100
|move|p1a: Jellicent|Shadow Ball|p2a: Audino
|-immune|p2a: Audino
|
|upkeep
|turn|3
|inactive|acluh1 has 120 seconds left.
|
|t:|1651763543
|switch|p1a: Scrafty|Scrafty, M|100/100
|move|p2a: Audino|Knock Off|p1a: Scrafty
|-resisted|p1a: Scrafty
|-damage|p1a: Scrafty|96/100
|-enditem|p1a: Scrafty|Lum Berry|[from] move: Knock Off|[of] p2a: Audino
|
|upkeep
|turn|4
|inactive|acluh1 has 120 seconds left.
|
|t:|1651763569
|switch|p2a: Silvally|Silvally-Fairy|100/100
|move|p1a: Scrafty|Dragon Dance|p1a: Scrafty
|-boost|p1a: Scrafty|atk|1
|-boost|p1a: Scrafty|spe|1
|
|upkeep
|turn|5
|
|t:|1651763575
|move|p1a: Scrafty|Iron Head|p2a: Silvally
|-supereffective|p2a: Silvally
|-damage|p2a: Silvally|40/100
|move|p2a: Silvally|Multi-Attack|p1a: Scrafty
|-supereffective|p1a: Scrafty
|-damage|p1a: Scrafty|0 fnt
|faint|p1a: Scrafty
|
|upkeep
|
|t:|1651763595
|switch|p1a: Pincurchin|Pincurchin, F, shiny|100/100
|-fieldstart|move: Electric Terrain|[from] ability: Electric Surge|[of] p1a: Pincurchin
|turn|6
|
|t:|1651763602
|move|p2a: Silvally|Parting Shot|p1a: Pincurchin
|-unboost|p1a: Pincurchin|atk|1
|-unboost|p1a: Pincurchin|spa|1
|
|t:|1651763605
|switch|p2a: Sandaconda|Sandaconda, F|100/100|[from]move: Parting Shot
|move|p1a: Pincurchin|Rising Voltage|p2a: Sandaconda
|-immune|p2a: Sandaconda
|
|upkeep
|turn|7
|
|t:|1651763613
|switch|p1a: Jellicent|Jellicent, M|100/100
|move|p2a: Sandaconda|Stealth Rock|p1a: Jellicent
|-sidestart|p1: acluh1|move: Stealth Rock
|
|upkeep
|turn|8
|
|t:|1651763620
|switch|p2a: Audino|Audino, M|100/100
|move|p1a: Jellicent|Water Spout|p2a: Audino
|-crit|p2a: Audino
|-damage|p2a: Audino|8/100
|
|-heal|p2a: Audino|14/100|[from] item: Leftovers
|upkeep
|turn|9
|
|t:|1651763627
|move|p2a: Audino|Protect|p2a: Audino
|-singleturn|p2a: Audino|Protect
|move|p1a: Jellicent|Water Spout|p2a: Audino
|-activate|p2a: Audino|move: Protect
|
|-heal|p2a: Audino|20/100|[from] item: Leftovers
|upkeep
|turn|10
|
|t:|1651763636
|switch|p2a: Eldegoss|Eldegoss, M|100/100
|move|p1a: Jellicent|Water Spout|p2a: Eldegoss
|-resisted|p2a: Eldegoss
|-damage|p2a: Eldegoss|63/100
|
|-heal|p2a: Eldegoss|69/100|[from] item: Leftovers
|upkeep
|turn|11
|
|t:|1651763644
|move|p1a: Jellicent|Water Spout|p2a: Eldegoss
|-resisted|p2a: Eldegoss
|-damage|p2a: Eldegoss|28/100
|move|p2a: Eldegoss|Leech Seed|p1a: Jellicent|[miss]
|-miss|p2a: Eldegoss|p1a: Jellicent
|
|-heal|p2a: Eldegoss|34/100|[from] item: Leftovers
|upkeep
|turn|12
|
|t:|1651763654
|move|p1a: Jellicent|Water Spout|p2a: Eldegoss
|-resisted|p2a: Eldegoss
|-damage|p2a: Eldegoss|0 fnt
|faint|p2a: Eldegoss
|
|upkeep
|
|t:|1651763661
|switch|p2a: Articuno|Articuno-Galar, shiny|100/100
|turn|13
|
|t:|1651763667
|move|p2a: Articuno|Future Sight|p1a: Jellicent
|-start|p2a: Articuno|move: Future Sight
|move|p1a: Jellicent|Water Spout|p2a: Articuno
|-damage|p2a: Articuno|3/100
|
|-fieldend|move: Electric Terrain
|upkeep
|turn|14
|
|t:|1651763679
|switch|p1a: Quagsire|Quagsire, F|100/100
|-damage|p1a: Quagsire|94/100|[from] Stealth Rock
|move|p2a: Articuno|Air Slash|p1a: Quagsire
|-damage|p1a: Quagsire|44/100
|
|-heal|p1a: Quagsire|50/100|[from] item: Leftovers
|upkeep
|turn|15
|
|t:|1651763690
|move|p2a: Articuno|Recover|p2a: Articuno
|-heal|p2a: Articuno|53/100
|move|p1a: Quagsire|Scald|p2a: Articuno
|-damage|p2a: Articuno|32/100
|-status|p2a: Articuno|brn
|
|-end|p1a: Quagsire|move: Future Sight
|-damage|p1a: Quagsire|0 fnt
|faint|p1a: Quagsire
|-damage|p2a: Articuno|26/100 brn|[from] brn
|upkeep
|j| SSCBlueBud
|l| SSCBlueBud
|
|t:|1651763717
|switch|p1a: Gigalith|Gigalith, M, shiny|100/100
|-damage|p1a: Gigalith|88/100|[from] Stealth Rock
|-weather|Sandstorm|[from] ability: Sand Stream|[of] p1a: Gigalith
|turn|16
|
|t:|1651763725
|move|p2a: Articuno|Future Sight|p1a: Gigalith
|-start|p2a: Articuno|move: Future Sight
|move|p1a: Gigalith|Stealth Rock|p2a: Articuno
|-sidestart|p2: LegendaryFrogs|move: Stealth Rock
|
|-weather|Sandstorm|[upkeep]
|-damage|p2a: Articuno|20/100 brn|[from] Sandstorm
|-heal|p1a: Gigalith|94/100|[from] item: Leftovers
|-damage|p2a: Articuno|14/100 brn|[from] brn
|upkeep
|turn|17
|
|t:|1651763735
|move|p2a: Articuno|U-turn|p1a: Gigalith
|-damage|p1a: Gigalith|90/100
|
|t:|1651763737
|switch|p2a: Sandaconda|Sandaconda, F|100/100|[from]move: U-turn
|-damage|p2a: Sandaconda|94/100|[from] Stealth Rock
|move|p1a: Gigalith|Rock Blast|p2a: Sandaconda
|-resisted|p2a: Sandaconda
|-damage|p2a: Sandaconda|91/100
|-resisted|p2a: Sandaconda
|-damage|p2a: Sandaconda|87/100
|-hitcount|p2a: Sandaconda|2
|
|-weather|Sandstorm|[upkeep]
|-heal|p1a: Gigalith|96/100|[from] item: Leftovers
|upkeep
|turn|18
|
|t:|1651763764
|move|p2a: Sandaconda|Glare|p1a: Gigalith
|-status|p1a: Gigalith|par
|cant|p1a: Gigalith|par
|
|-weather|Sandstorm|[upkeep]
|-end|p1a: Gigalith|move: Future Sight
|-damage|p1a: Gigalith|65/100 par
|-heal|p1a: Gigalith|72/100 par|[from] item: Leftovers
|upkeep
|turn|19
|
|t:|1651763777
|switch|p1a: Jellicent|Jellicent, M|100/100
|-damage|p1a: Jellicent|88/100|[from] Stealth Rock
|move|p2a: Sandaconda|Earthquake|p1a: Jellicent
|-damage|p1a: Jellicent|41/100
|
|-weather|Sandstorm|[upkeep]
|-damage|p1a: Jellicent|35/100|[from] Sandstorm
|upkeep
|turn|20
|
|t:|1651763790
|move|p1a: Jellicent|Scald|p2a: Sandaconda
|-supereffective|p2a: Sandaconda
|-damage|p2a: Sandaconda|0 fnt
|faint|p2a: Sandaconda
|
|-weather|none
|upkeep
|
|t:|1651763797
|switch|p2a: Audino|Audino, M|54/100
|-damage|p2a: Audino|41/100|[from] Stealth Rock
|turn|21
|
|t:|1651763802
|move|p1a: Jellicent|Scald|p2a: Audino
|-damage|p2a: Audino|10/100
|-status|p2a: Audino|brn
|move|p2a: Audino|Wish|p2a: Audino
|
|-heal|p2a: Audino|16/100 brn|[from] item: Leftovers
|-damage|p2a: Audino|10/100 brn|[from] brn
|upkeep
|turn|22
|
|t:|1651763810
|switch|p1a: Pincurchin|Pincurchin, F, shiny|100/100
|-damage|p1a: Pincurchin|88/100|[from] Stealth Rock
|-fieldstart|move: Electric Terrain|[from] ability: Electric Surge|[of] p1a: Pincurchin
|move|p2a: Audino|Protect||[still]
|-fail|p2a: Audino
|
|-heal|p2a: Audino|60/100 brn|[from] move: Wish|[wisher] Audino
|-heal|p2a: Audino|66/100 brn|[from] item: Leftovers
|-damage|p2a: Audino|60/100 brn|[from] brn
|upkeep
|turn|23
|
|t:|1651763823
|switch|p1a: Jolteon|Jolteon, F|100/100
|-damage|p1a: Jolteon|88/100|[from] Stealth Rock
|move|p2a: Audino|Heal Bell|p2a: Audino
|-activate|p2a: Audino|move: Heal Bell
|-curestatus|p2a: Audino|brn|[msg]
|-curestatus|p2: Articuno|brn|[msg]
|
|-heal|p2a: Audino|66/100|[from] item: Leftovers
|upkeep
|turn|24
|
|t:|1651763833
|move|p2a: Audino|Protect|p2a: Audino
|-singleturn|p2a: Audino|Protect
|move|p1a: Jolteon|Rising Voltage|p2a: Audino
|-activate|p2a: Audino|move: Protect
|
|-heal|p2a: Audino|72/100|[from] item: Leftovers
|upkeep
|turn|25
|
|t:|1651763842
|move|p1a: Jolteon|Rising Voltage|p2a: Audino
|-hint|Rising Voltage's BP doubled on grounded target.
|-damage|p2a: Audino|0 fnt
|faint|p2a: Audino
|
|upkeep
|
|t:|1651763847
|switch|p2a: Articuno|Articuno-Galar, shiny|14/100
|turn|26
|
|t:|1651763861
|move|p1a: Jolteon|Rising Voltage|p2a: Articuno
|-supereffective|p2a: Articuno
|-damage|p2a: Articuno|0 fnt
|faint|p2a: Articuno
|
|upkeep
|
|t:|1651763867
|switch|p2a: Gallade|Gallade, M, shiny|39/100
|-damage|p2a: Gallade|33/100|[from] Stealth Rock
|turn|27
|
|t:|1651763871
|move|p1a: Jolteon|Rising Voltage|p2a: Gallade
|-hint|Rising Voltage's BP doubled on grounded target.
|-damage|p2a: Gallade|0 fnt
|faint|p2a: Gallade
|
|upkeep
|
|t:|1651763876
|switch|p2a: Silvally|Silvally-Fairy|40/100
|-damage|p2a: Silvally|28/100|[from] Stealth Rock
|turn|28
|
|t:|1651763880
|move|p1a: Jolteon|Rising Voltage|p2a: Silvally
|-hint|Rising Voltage's BP doubled on grounded target.
|-damage|p2a: Silvally|0 fnt
|faint|p2a: Silvally
|
|win|acluh1
|raw|acluh1's rating: 1347 &rarr; <strong>1365</strong><br />(+18 for winning)
|raw|LegendaryFrogs's rating: 1305 &rarr; <strong>1287</strong><br />(-18 for losing)
|l|☆LegendaryFrogs
||Ladder isn't responding, score probably updated but might not have (Request timeout).
