|j|☆Buggyboyyy
|j|☆its_basir
|t:|1658352805
|gametype|singles
|player|p1|Buggyboyyy|bugcatcher-gen4dp|1483
|player|p2|its_basir|hoopster|1419
|teamsize|p1|6
|teamsize|p2|6
|gen|8
|tier|[Gen 8] PU
|rated|
|rule|Sleep Clause Mod: Limit one foe put to sleep
|rule|Species Clause: Limit one of each Pokémon
|rule|OHKO Clause: OHKO moves are banned
|rule|Evasion Moves Clause: Evasion moves are banned
|rule|Endless Battle Clause: Forcing endless battles is banned
|rule|HP Percentage Mod: HP is shown in percentages
|rule|Dynamax Clause: You cannot dynamax
|clearpoke
|poke|p1|Silvally-*|
|poke|p1|Mesprit|
|poke|p1|Poliwrath, F|
|poke|p1|Boltund, M|
|poke|p1|Ferroseed, F|
|poke|p1|Raboot, F|
|poke|p2|Garbodor, F|
|poke|p2|Eldegoss, M|
|poke|p2|Articuno-Galar|
|poke|p2|Doublade, F|
|poke|p2|Gigalith, F|
|poke|p2|Scyther, M|
|teampreview
|
|t:|1658352818
|start
|switch|p1a: Boltund|Boltund, M|100/100
|switch|p2a: Scyther|Scyther, M|100/100
|turn|1
|
|t:|1658352823
|switch|p2a: Eldegoss|Eldegoss, M, shiny|100/100
|move|p1a: Boltund|Volt Switch|p2a: Eldegoss
|-resisted|p2a: Eldegoss
|-damage|p2a: Eldegoss|91/100
|
|t:|1658352829
|switch|p1a: Raboot|Raboot, F|100/100|[from]move: Volt Switch
|
|-heal|p2a: Eldegoss|97/100|[from] item: Leftovers
|upkeep
|turn|2
|
|t:|1658352832
|switch|p2a: Garbodor|Garbodor, F, shiny|100/100
|move|p1a: Raboot|Flare Blitz|p2a: Garbodor
|-damage|p2a: Garbodor|60/100
|-damage|p1a: Raboot|84/100|[from] item: Rocky Helmet|[of] p2a: Garbodor
|-damage|p1a: Raboot|68/100|[from] Recoil
|
|upkeep
|turn|3
|
|t:|1658352843
|switch|p1a: Ferroseed|Ferroseed, F|100/100
|move|p2a: Garbodor|Gunk Shot|p1a: Ferroseed
|-immune|p1a: Ferroseed
|
|upkeep
|turn|4
|
|t:|1658352846
|move|p2a: Garbodor|Spikes|p1a: Ferroseed
|-sidestart|p1: Buggyboyyy|Spikes
|move|p1a: Ferroseed|Stealth Rock|p2a: Garbodor
|-sidestart|p2: its_basir|move: Stealth Rock
|
|upkeep
|turn|5
|
|t:|1658352849
|move|p2a: Garbodor|Spikes|p1a: Ferroseed
|-sidestart|p1: Buggyboyyy|Spikes
|move|p1a: Ferroseed|Leech Seed|p2a: Garbodor
|-start|p2a: Garbodor|move: Leech Seed
|
|-damage|p2a: Garbodor|48/100|[from] Leech Seed|[of] p1a: Ferroseed
|upkeep
|turn|6
|
|t:|1658352852
|move|p2a: Garbodor|Spikes|p1a: Ferroseed
|-sidestart|p1: Buggyboyyy|Spikes
|move|p1a: Ferroseed|Spikes|p2a: Garbodor
|-sidestart|p2: its_basir|Spikes
|
|-damage|p2a: Garbodor|35/100|[from] Leech Seed|[of] p1a: Ferroseed
|upkeep
|turn|7
|
|t:|1658352855
|switch|p1a: Mesprit|Mesprit|100/100
|move|p2a: Garbodor|Pain Split|p1a: Mesprit
|-sethp|p1a: Mesprit|69/100|[from] move: Pain Split|[silent]
|-sethp|p2a: Garbodor|65/100|[from] move: Pain Split
|
|-damage|p2a: Garbodor|52/100|[from] Leech Seed|[of] p1a: Mesprit
|-heal|p1a: Mesprit|82/100|[silent]
|upkeep
|turn|8
|
|t:|1658352860
|switch|p2a: Gigalith|Gigalith, F|100/100
|-damage|p2a: Gigalith|88/100|[from] Stealth Rock
|-damage|p2a: Gigalith|76/100|[from] Spikes
|-weather|Sandstorm|[from] ability: Sand Stream|[of] p2a: Gigalith
|move|p1a: Mesprit|Psychic|p2a: Gigalith
|-damage|p2a: Gigalith|52/100
|
|-weather|Sandstorm|[upkeep]
|-damage|p1a: Mesprit|76/100|[from] Sandstorm
|-heal|p2a: Gigalith|58/100|[from] item: Leftovers
|upkeep
|turn|9
|
|t:|1658352872
|switch|p1a: Poliwrath|Poliwrath, F|100/100
|-damage|p1a: Poliwrath|76/100|[from] Spikes
|move|p2a: Gigalith|Rock Blast|p1a: Poliwrath
|-resisted|p1a: Poliwrath
|-damage|p1a: Poliwrath|71/100
|-resisted|p1a: Poliwrath
|-damage|p1a: Poliwrath|67/100
|-resisted|p1a: Poliwrath
|-damage|p1a: Poliwrath|64/100
|-hitcount|p1a: Poliwrath|3
|
|-weather|Sandstorm|[upkeep]
|-damage|p1a: Poliwrath|58/100|[from] Sandstorm
|-heal|p1a: Poliwrath|64/100|[from] item: Leftovers
|-heal|p2a: Gigalith|64/100|[from] item: Leftovers
|upkeep
|turn|10
|
|t:|1658352875
|switch|p2a: Eldegoss|Eldegoss, M, shiny|100/100
|-damage|p2a: Eldegoss|88/100|[from] Stealth Rock
|-damage|p2a: Eldegoss|76/100|[from] Spikes
|move|p1a: Poliwrath|Substitute|p1a: Poliwrath
|-start|p1a: Poliwrath|Substitute
|-damage|p1a: Poliwrath|39/100
|
|-weather|Sandstorm|[upkeep]
|-damage|p1a: Poliwrath|33/100|[from] Sandstorm
|-damage|p2a: Eldegoss|70/100|[from] Sandstorm
|-heal|p1a: Poliwrath|39/100|[from] item: Leftovers
|-heal|p2a: Eldegoss|76/100|[from] item: Leftovers
|upkeep
|turn|11
|
|t:|1658352878
|move|p1a: Poliwrath|Toxic|p2a: Eldegoss
|-status|p2a: Eldegoss|tox
|move|p2a: Eldegoss|Giga Drain|p1a: Poliwrath
|-supereffective|p1a: Poliwrath
|-end|p1a: Poliwrath|Substitute
|-heal|p2a: Eldegoss|91/100 tox|[from] drain|[of] p1a: Poliwrath
|
|-weather|Sandstorm|[upkeep]
|-damage|p1a: Poliwrath|33/100|[from] Sandstorm
|-damage|p2a: Eldegoss|84/100 tox|[from] Sandstorm
|-heal|p1a: Poliwrath|39/100|[from] item: Leftovers
|-heal|p2a: Eldegoss|91/100 tox|[from] item: Leftovers
|-damage|p2a: Eldegoss|84/100 tox|[from] psn
|upkeep
|turn|12
|
|t:|1658352889
|switch|p1a: Ferroseed|Ferroseed, F|100/100
|-damage|p1a: Ferroseed|75/100|[from] Spikes
|move|p2a: Eldegoss|Rapid Spin|p1a: Ferroseed
|-resisted|p1a: Ferroseed
|-damage|p1a: Ferroseed|73/100
|-boost|p2a: Eldegoss|spe|1
|-damage|p2a: Eldegoss|72/100 tox|[from] ability: Iron Barbs|[of] p1a: Ferroseed
|-sideend|p2: its_basir|Spikes|[from] move: Rapid Spin|[of] p2a: Eldegoss
|-sideend|p2: its_basir|Stealth Rock|[from] move: Rapid Spin|[of] p2a: Eldegoss
|
|-weather|none
|-heal|p2a: Eldegoss|78/100 tox|[from] item: Leftovers
|-damage|p2a: Eldegoss|66/100 tox|[from] psn
|upkeep
|turn|13
|
|t:|1658352895
|switch|p2a: Scyther|Scyther, M|100/100
|move|p1a: Ferroseed|Stealth Rock|p2a: Scyther
|-sidestart|p2: its_basir|move: Stealth Rock
|
|upkeep
|turn|14
|
|t:|1658352901
|switch|p1a: Silvally|Silvally-Fairy|100/100
|-damage|p1a: Silvally|76/100|[from] Spikes
|move|p2a: Scyther|Knock Off|p1a: Silvally
|-resisted|p1a: Silvally
|-damage|p1a: Silvally|69/100
|
|upkeep
|turn|15
|
|t:|1658352908
|move|p2a: Scyther|U-turn|p1a: Silvally
|-resisted|p1a: Silvally
|-damage|p1a: Silvally|58/100
|
|t:|1658352911
|switch|p2a: Garbodor|Garbodor, F, shiny|52/100|[from]move: U-turn
|-damage|p2a: Garbodor|40/100|[from] Stealth Rock
|move|p1a: Silvally|Multi-Attack|p2a: Garbodor
|-resisted|p2a: Garbodor
|-crit|p2a: Garbodor
|-damage|p2a: Garbodor|16/100
|-damage|p1a: Silvally|42/100|[from] item: Rocky Helmet|[of] p2a: Garbodor
|
|upkeep
|turn|16
|
|t:|1658352915
|switch|p2a: Eldegoss|Eldegoss, M, shiny|99/100 tox
|-damage|p2a: Eldegoss|87/100 tox|[from] Stealth Rock
|move|p1a: Silvally|Multi-Attack|p2a: Eldegoss
|-damage|p2a: Eldegoss|56/100 tox
|
|-heal|p2a: Eldegoss|63/100 tox|[from] item: Leftovers
|-damage|p2a: Eldegoss|56/100 tox|[from] psn
|upkeep
|turn|17
|
|t:|1658352919
|move|p1a: Silvally|U-turn|p2a: Eldegoss
|-supereffective|p2a: Eldegoss
|-damage|p2a: Eldegoss|33/100 tox
|
|t:|1658352923
|switch|p1a: Ferroseed|Ferroseed, F|73/100|[from]move: U-turn
|-damage|p1a: Ferroseed|48/100|[from] Spikes
|move|p2a: Eldegoss|Rapid Spin|p1a: Ferroseed
|-resisted|p1a: Ferroseed
|-damage|p1a: Ferroseed|47/100
|-boost|p2a: Eldegoss|spe|1
|-damage|p2a: Eldegoss|21/100 tox|[from] ability: Iron Barbs|[of] p1a: Ferroseed
|-sideend|p2: its_basir|Stealth Rock|[from] move: Rapid Spin|[of] p2a: Eldegoss
|
|-heal|p2a: Eldegoss|27/100 tox|[from] item: Leftovers
|-damage|p2a: Eldegoss|14/100 tox|[from] psn
|upkeep
|turn|18
|
|t:|1658352929
|move|p2a: Eldegoss|Aromatherapy|p2a: Eldegoss
|-activate|p2a: Eldegoss|move: Aromatherapy
|-curestatus|p2a: Eldegoss|tox|[msg]
|move|p1a: Ferroseed|Spikes|p2a: Eldegoss
|-sidestart|p2: its_basir|Spikes
|
|-heal|p2a: Eldegoss|21/100|[from] item: Leftovers
|upkeep
|turn|19
|
|t:|1658352932
|move|p2a: Eldegoss|Giga Drain|p1a: Ferroseed
|-resisted|p1a: Ferroseed
|-damage|p1a: Ferroseed|42/100
|-heal|p2a: Eldegoss|23/100|[from] drain|[of] p1a: Ferroseed
|move|p1a: Ferroseed|Stealth Rock|p2a: Eldegoss
|-sidestart|p2: its_basir|move: Stealth Rock
|
|-heal|p2a: Eldegoss|29/100|[from] item: Leftovers
|upkeep
|turn|20
|
|t:|1658352935
|move|p2a: Eldegoss|Rapid Spin|p1a: Ferroseed
|-resisted|p1a: Ferroseed
|-damage|p1a: Ferroseed|41/100
|-boost|p2a: Eldegoss|spe|1
|-damage|p2a: Eldegoss|17/100|[from] ability: Iron Barbs|[of] p1a: Ferroseed
|-sideend|p2: its_basir|Spikes|[from] move: Rapid Spin|[of] p2a: Eldegoss
|-sideend|p2: its_basir|Stealth Rock|[from] move: Rapid Spin|[of] p2a: Eldegoss
|move|p1a: Ferroseed|Gyro Ball|p2a: Eldegoss
|-damage|p2a: Eldegoss|0 fnt
|faint|p2a: Eldegoss
|
|upkeep
|
|t:|1658352939
|switch|p2a: Scyther|Scyther, M|100/100
|turn|21
|
|t:|1658352958
|move|p2a: Scyther|Dual Wingbeat|p1a: Ferroseed
|-damage|p1a: Ferroseed|24/100
|-damage|p2a: Scyther|88/100|[from] ability: Iron Barbs|[of] p1a: Ferroseed
|-damage|p1a: Ferroseed|8/100
|-damage|p2a: Scyther|76/100|[from] ability: Iron Barbs|[of] p1a: Ferroseed
|-hitcount|p1a: Ferroseed|2
|move|p1a: Ferroseed|Spikes|p2a: Scyther
|-sidestart|p2: its_basir|Spikes
|
|upkeep
|turn|22
|
|t:|1658352970
|move|p2a: Scyther|Knock Off|p1a: Ferroseed
|-damage|p1a: Ferroseed|0 fnt
|-damage|p2a: Scyther|63/100|[from] ability: Iron Barbs|[of] p1a: Ferroseed
|-enditem|p1a: Ferroseed|Eviolite|[from] move: Knock Off|[of] p2a: Scyther
|faint|p1a: Ferroseed
|
|upkeep
|
|t:|1658352977
|switch|p1a: Boltund|Boltund, M|100/100
|turn|23
|
|t:|1658352981
|switch|p2a: Garbodor|Garbodor, F, shiny|16/100
|-damage|p2a: Garbodor|3/100|[from] Spikes
|move|p1a: Boltund|Volt Switch|p2a: Garbodor
|-damage|p2a: Garbodor|0 fnt
|faint|p2a: Garbodor
|
|t:|1658352991
|switch|p1a: Raboot|Raboot, F|68/100|[from]move: Volt Switch
|
|upkeep
|
|t:|1658353006
|switch|p2a: Articuno|Articuno-Galar|100/100
|turn|24
|
|t:|1658353013
|move|p2a: Articuno|Freezing Glare|p1a: Raboot
|-damage|p1a: Raboot|0 fnt
|faint|p1a: Raboot
|
|upkeep
|
|t:|1658353017
|switch|p1a: Boltund|Boltund, M|100/100
|turn|25
|
|t:|1658353020
|move|p1a: Boltund|Thunder Fang|p2a: Articuno
|-supereffective|p2a: Articuno
|-damage|p2a: Articuno|8/100
|cant|p2a: Articuno|flinch
|
|upkeep
|turn|26
|j| Catzrule
|l| Catzrule
|
|t:|1658353032
|switch|p2a: Doublade|Doublade, F, shiny|100/100
|-damage|p2a: Doublade|88/100|[from] Spikes
|move|p1a: Boltund|Thunder Fang|p2a: Doublade
|-damage|p2a: Doublade|67/100
|
|upkeep
|turn|27
|
|t:|1658353039
|move|p1a: Boltund|Volt Switch|p2a: Doublade
|-damage|p2a: Doublade|45/100
|
|t:|1658353044
|switch|p1a: Mesprit|Mesprit|76/100|[from]move: Volt Switch
|move|p2a: Doublade|Close Combat|p1a: Mesprit
|-resisted|p1a: Mesprit
|-damage|p1a: Mesprit|56/100
|-unboost|p2a: Doublade|def|1
|-unboost|p2a: Doublade|spd|1
|
|upkeep
|turn|28
|
|t:|1658353052
|switch|p2a: Gigalith|Gigalith, F|64/100
|-damage|p2a: Gigalith|52/100|[from] Spikes
|-weather|Sandstorm|[from] ability: Sand Stream|[of] p2a: Gigalith
|move|p1a: Mesprit|Shadow Ball|p2a: Gigalith
|-damage|p2a: Gigalith|38/100
|-unboost|p2a: Gigalith|spd|1
|
|-weather|Sandstorm|[upkeep]
|-damage|p1a: Mesprit|50/100|[from] Sandstorm
|-heal|p2a: Gigalith|44/100|[from] item: Leftovers
|upkeep
|turn|29
|
|t:|1658353062
|switch|p1a: Silvally|Silvally-Fairy|42/100
|-damage|p1a: Silvally|17/100|[from] Spikes
|move|p2a: Gigalith|Stealth Rock|p1a: Silvally
|-sidestart|p1: Buggyboyyy|move: Stealth Rock
|
|-weather|Sandstorm|[upkeep]
|-damage|p1a: Silvally|11/100|[from] Sandstorm
|-heal|p2a: Gigalith|50/100|[from] item: Leftovers
|upkeep
|turn|30
|
|t:|1658353068
|move|p1a: Silvally|Multi-Attack|p2a: Gigalith
|-damage|p2a: Gigalith|21/100
|move|p2a: Gigalith|Rock Blast|p1a: Silvally
|-damage|p1a: Silvally|3/100
|-damage|p1a: Silvally|0 fnt
|faint|p1a: Silvally
|-hitcount|p1: Silvally|2
|
|-weather|Sandstorm|[upkeep]
|-heal|p2a: Gigalith|27/100|[from] item: Leftovers
|upkeep
|
|t:|1658353097
|switch|p1a: Poliwrath|Poliwrath, F|39/100
|-damage|p1a: Poliwrath|14/100|[from] Spikes
|-damage|p1a: Poliwrath|8/100|[from] Stealth Rock
|turn|31
|
|t:|1658353101
|move|p1a: Poliwrath|Liquidation|p2a: Gigalith
|-supereffective|p2a: Gigalith
|-damage|p2a: Gigalith|0 fnt
|faint|p2a: Gigalith
|
|-weather|Sandstorm|[upkeep]
|-damage|p1a: Poliwrath|2/100|[from] Sandstorm
|-heal|p1a: Poliwrath|8/100|[from] item: Leftovers
|upkeep
|
|t:|1658353112
|switch|p2a: Scyther|Scyther, M|63/100
|turn|32
|
|t:|1658353116
|move|p2a: Scyther|U-turn|p1a: Poliwrath
|-resisted|p1a: Poliwrath
|-crit|p1a: Poliwrath
|-damage|p1a: Poliwrath|0 fnt
|faint|p1a: Poliwrath
|
|t:|1658353127
|switch|p2a: Doublade|Doublade, F, shiny|45/100|[from]move: U-turn
|-damage|p2a: Doublade|32/100|[from] Spikes
|
|-weather|none
|upkeep
|
|t:|1658353131
|switch|p1a: Mesprit|Mesprit|50/100
|-damage|p1a: Mesprit|37/100|[from] Stealth Rock
|turn|33
|
|t:|1658353142
|move|p2a: Doublade|Shadow Sneak|p1a: Mesprit
|-supereffective|p1a: Mesprit
|-damage|p1a: Mesprit|0 fnt
|faint|p1a: Mesprit
|
|upkeep
|
|t:|1658353145
|switch|p1a: Boltund|Boltund, M|100/100
|turn|34
|
|t:|1658353148
|move|p1a: Boltund|Fire Fang|p2a: Doublade
|-supereffective|p2a: Doublade
|-damage|p2a: Doublade|3/100
|move|p2a: Doublade|Rock Slide|p1a: Boltund
|-damage|p1a: Boltund|56/100
|
|upkeep
|turn|35
|
|t:|1658353155
|move|p2a: Doublade|Shadow Sneak|p1a: Boltund
|-damage|p1a: Boltund|16/100
|move|p1a: Boltund|Volt Switch|p2a: Doublade
|-damage|p2a: Doublade|0 fnt
|faint|p2a: Doublade
|
|upkeep
|
|t:|1658353157
|switch|p2a: Scyther|Scyther, M|63/100
|turn|36
|j| animekingreal
|
|t:|1658353160
|move|p1a: Boltund|Thunder Fang|p2a: Scyther
|-supereffective|p2a: Scyther
|-damage|p2a: Scyther|0 fnt
|faint|p2a: Scyther
|
|upkeep
|-message|its_basir forfeited.
|
|win|Buggyboyyy
|raw|Buggyboyyy's rating: 1483 &rarr; <strong>1499</strong><br />(+16 for winning)
|raw|its_basir's rating: 1419 &rarr; <strong>1403</strong><br />(-16 for losing)
|l|☆its_basir
|l| animekingreal
