|j|☆acluh1
|j|☆BetterthanJ
|t:|1666049967
|gametype|singles
|player|p1|acluh1|karen|
|player|p2|BetterthanJ|gentleman|
|teamsize|p1|6
|teamsize|p2|6
|gen|8
|tier|[Gen 8] PU
|rated|Tournament battle
|rule|Sleep Clause Mod: Limit one foe put to sleep
|rule|Species Clause: Limit one of each Pokémon
|rule|OHKO Clause: OHKO moves are banned
|rule|Evasion Items Clause: Evasion items are banned
|rule|Evasion Moves Clause: Evasion moves are banned
|rule|Endless Battle Clause: Forcing endless battles is banned
|rule|HP Percentage Mod: HP is shown in percentages
|rule|Dynamax Clause: You cannot dynamax
|clearpoke
|poke|p1|Charizard, F|
|poke|p1|Doublade, F|
|poke|p1|Gigalith, M|
|poke|p1|Sandaconda, M|
|poke|p1|Scrafty, F|
|poke|p1|Whimsicott, M|
|poke|p2|Aggron, M|
|poke|p2|Thwackey, F|
|poke|p2|Sandslash, F|
|poke|p2|Charizard, F|
|poke|p2|Galvantula, F|
|poke|p2|Poliwrath, M|
|teampreview
|inactive|Battle timer is ON: inactive players will automatically lose when time's up. (requested by acluh1)
|
|t:|1666049991
|start
|switch|p1a: Sandaconda|Sandaconda, M, shiny|100/100
|switch|p2a: Thwackey|Thwackey, F|100/100
|-fieldstart|move: Grassy Terrain|[from] ability: Grassy Surge|[of] p2a: Thwackey
|turn|1
|
|t:|1666050000
|switch|p1a: Doublade|Doublade, F, shiny|100/100
|move|p2a: Thwackey|U-turn|p1a: Doublade
|-resisted|p1a: Doublade
|-damage|p1a: Doublade|97/100
|
|t:|1666050013
|switch|p2a: Galvantula|Galvantula, F|100/100|[from]move: U-turn
|
|-heal|p1a: Doublade|100/100|[from] Grassy Terrain
|upkeep
|turn|2
|
|t:|1666050017
|switch|p1a: Gigalith|Gigalith, M, shiny|100/100
|-weather|Sandstorm|[from] ability: Sand Stream|[of] p1a: Gigalith
|move|p2a: Galvantula|Thunder|p1a: Gigalith|[miss]
|-miss|p2a: Galvantula|p1a: Gigalith
|
|-weather|Sandstorm|[upkeep]
|-damage|p2a: Galvantula|94/100|[from] Sandstorm
|-heal|p2a: Galvantula|100/100|[from] Grassy Terrain
|upkeep
|turn|3
|
|t:|1666050020
|move|p2a: Galvantula|Sticky Web|p1a: Gigalith
|-sidestart|p1: acluh1|move: Sticky Web
|move|p1a: Gigalith|Rock Blast|p2a: Galvantula
|-supereffective|p2a: Galvantula
|-damage|p2a: Galvantula|57/100
|-supereffective|p2a: Galvantula
|-damage|p2a: Galvantula|14/100
|-supereffective|p2a: Galvantula
|-damage|p2a: Galvantula|0 fnt
|faint|p2a: Galvantula
|-hitcount|p2: Galvantula|3
|
|-weather|Sandstorm|[upkeep]
|upkeep
|
|t:|1666050035
|switch|p2a: Thwackey|Thwackey, F|100/100
|turn|4
|
|t:|1666050039
|move|p1a: Gigalith|Protect|p1a: Gigalith
|-singleturn|p1a: Gigalith|Protect
|move|p2a: Thwackey|U-turn|p1a: Gigalith
|-activate|p1a: Gigalith|move: Protect
|
|-weather|Sandstorm|[upkeep]
|-damage|p2a: Thwackey|94/100|[from] Sandstorm
|-heal|p2a: Thwackey|100/100|[from] Grassy Terrain
|upkeep
|turn|5
|
|t:|1666050042
|switch|p1a: Charizard|Charizard, F, shiny|100/100
|move|p2a: Thwackey|U-turn|p1a: Charizard
|-resisted|p1a: Charizard
|-damage|p1a: Charizard|92/100
|
|t:|1666050050
|switch|p2a: Charizard|Charizard, F|100/100|[from]move: U-turn
|
|-weather|Sandstorm|[upkeep]
|-damage|p2a: Charizard|94/100|[from] Sandstorm
|-damage|p1a: Charizard|86/100|[from] Sandstorm
|-fieldend|move: Grassy Terrain
|upkeep
|turn|6
|
|t:|1666050053
|move|p1a: Charizard|Defog|p2a: Charizard
|-unboost|p2a: Charizard|evasion|1
|-sideend|p1: acluh1|Sticky Web|[from] move: Defog|[of] p1a: Charizard
|move|p2a: Charizard|Belly Drum|p2a: Charizard
|-damage|p2a: Charizard|44/100
|-setboost|p2a: Charizard|atk|6|[from] move: Belly Drum
|-enditem|p2a: Charizard|Sitrus Berry|[eat]
|-heal|p2a: Charizard|69/100|[from] item: Sitrus Berry
|
|-weather|none
|upkeep
|turn|7
|
|t:|1666050069
|switch|p1a: Doublade|Doublade, F, shiny|100/100
|move|p2a: Charizard|Acrobatics|p1a: Doublade
|-resisted|p1a: Doublade
|-damage|p1a: Doublade|62/100
|
|upkeep
|turn|8
|j| Cope With Me
|
|t:|1666050073
|move|p1a: Doublade|Shadow Sneak|p2a: Charizard
|-damage|p2a: Charizard|39/100
|move|p2a: Charizard|Earthquake|p1a: Doublade
|-supereffective|p1a: Doublade
|-damage|p1a: Doublade|0 fnt
|faint|p1a: Doublade
|
|upkeep
|
|t:|1666050075
|switch|p1a: Sandaconda|Sandaconda, M, shiny|100/100
|turn|9
|
|t:|1666050080
|move|p2a: Charizard|Acrobatics|p1a: Sandaconda
|-damage|p1a: Sandaconda|0 fnt
|-damage|p2a: Charizard|22/100|[from] item: Rocky Helmet|[of] p1a: Sandaconda
|faint|p1a: Sandaconda
|
|upkeep
|
|t:|1666050086
|switch|p1a: Whimsicott|Whimsicott, M, shiny|100/100
|turn|10
|
|t:|1666050101
|switch|p2a: Aggron|Aggron, M|100/100
|move|p1a: Whimsicott|Moonblast|p2a: Aggron
|-resisted|p2a: Aggron
|-damage|p2a: Aggron|59/100
|
|upkeep
|turn|11
|
|t:|1666050111
|switch|p1a: Scrafty|Scrafty, F|100/100
|move|p2a: Aggron|Stealth Rock|p1a: Scrafty
|-sidestart|p1: acluh1|move: Stealth Rock
|
|upkeep
|turn|12
|j| turtledoggo1
|l| turtledoggo1
|
|t:|1666050116
|switch|p2a: Charizard|Charizard, F|22/100
|move|p1a: Scrafty|Knock Off|p2a: Charizard
|-damage|p2a: Charizard|0 fnt
|faint|p2a: Charizard
|-ability|p1a: Scrafty|Moxie|boost
|-boost|p1a: Scrafty|atk|1
|
|upkeep
|
|t:|1666050121
|switch|p2a: Poliwrath|Poliwrath, M|100/100
|turn|13
|
|t:|1666050127
|switch|p1a: Whimsicott|Whimsicott, M, shiny|100/100
|-damage|p1a: Whimsicott|88/100|[from] Stealth Rock
|move|p2a: Poliwrath|Bulk Up|p2a: Poliwrath
|-boost|p2a: Poliwrath|atk|1
|-boost|p2a: Poliwrath|def|1
|
|upkeep
|turn|14
|
|t:|1666050131
|switch|p2a: Aggron|Aggron, M|59/100
|move|p1a: Whimsicott|Moonblast|p2a: Aggron
|-resisted|p2a: Aggron
|-damage|p2a: Aggron|17/100
|-unboost|p2a: Aggron|spa|1
|
|upkeep
|turn|15
|-enditem|p2a: Aggron|Custap Berry|[eat]
|-activate|p2a: Aggron|item: Custap Berry|[consumed]
|
|t:|1666050139
|move|p2a: Aggron|Endeavor|p1a: Whimsicott
|-damage|p1a: Whimsicott|22/100
|move|p1a: Whimsicott|Moonblast|p2a: Aggron
|-resisted|p2a: Aggron
|-damage|p2a: Aggron|0 fnt
|faint|p2a: Aggron
|
|upkeep
|
|t:|1666050145
|switch|p2a: Thwackey|Thwackey, F|100/100
|-fieldstart|move: Grassy Terrain|[from] ability: Grassy Surge|[of] p2a: Thwackey
|turn|16
|
|t:|1666050148
|switch|p1a: Charizard|Charizard, F, shiny|86/100
|move|p2a: Thwackey|Grassy Glide|p1a: Charizard
|-resisted|p1a: Charizard
|-damage|p1a: Charizard|70/100
|
|upkeep
|turn|17
|
|t:|1666050154
|switch|p2a: Sandslash|Sandslash, F|100/100
|move|p1a: Charizard|Defog|p2a: Sandslash
|-unboost|p2a: Sandslash|evasion|1
|-sideend|p1: acluh1|Stealth Rock|[from] move: Defog|[of] p1a: Charizard
|-fieldend|move: Grassy Terrain
|
|upkeep
|turn|18
|
|t:|1666050163
|switch|p1a: Scrafty|Scrafty, F|100/100
|move|p2a: Sandslash|Poison Jab|p1a: Scrafty
|-damage|p1a: Scrafty|63/100
|-status|p1a: Scrafty|psn
|-enditem|p1a: Scrafty|Lum Berry|[eat]
|-curestatus|p1a: Scrafty|psn|[msg]
|-damage|p2a: Sandslash|91/100|[from] item: Life Orb
|
|upkeep
|turn|19
|
|t:|1666050172
|switch|p2a: Thwackey|Thwackey, F|100/100
|-fieldstart|move: Grassy Terrain|[from] ability: Grassy Surge|[of] p2a: Thwackey
|move|p1a: Scrafty|Close Combat|p2a: Thwackey
|-damage|p2a: Thwackey|23/100
|-unboost|p1a: Scrafty|def|1
|-unboost|p1a: Scrafty|spd|1
|
|-heal|p2a: Thwackey|29/100|[from] Grassy Terrain
|-heal|p1a: Scrafty|69/100|[from] Grassy Terrain
|upkeep
|turn|20
|
|t:|1666050179
|move|p2a: Thwackey|Knock Off|p1a: Scrafty
|-resisted|p1a: Scrafty
|-damage|p1a: Scrafty|57/100
|move|p1a: Scrafty|Dragon Dance|p1a: Scrafty
|-boost|p1a: Scrafty|atk|1
|-boost|p1a: Scrafty|spe|1
|
|-heal|p1a: Scrafty|63/100|[from] Grassy Terrain
|-heal|p2a: Thwackey|35/100|[from] Grassy Terrain
|upkeep
|turn|21
|
|t:|1666050184
|switch|p2a: Poliwrath|Poliwrath, M|100/100
|move|p1a: Scrafty|Knock Off|p2a: Poliwrath
|-resisted|p2a: Poliwrath
|-crit|p2a: Poliwrath
|-damage|p2a: Poliwrath|71/100
|-enditem|p2a: Poliwrath|Leftovers|[from] move: Knock Off|[of] p1a: Scrafty
|
|-heal|p1a: Scrafty|69/100|[from] Grassy Terrain
|-heal|p2a: Poliwrath|77/100|[from] Grassy Terrain
|upkeep
|turn|22
|
|t:|1666050187
|move|p1a: Scrafty|Close Combat|p2a: Poliwrath
|-damage|p2a: Poliwrath|26/100
|-unboost|p1a: Scrafty|def|1
|-unboost|p1a: Scrafty|spd|1
|move|p2a: Poliwrath|Drain Punch|p1a: Scrafty
|-supereffective|p1a: Scrafty
|-damage|p1a: Scrafty|0 fnt
|-heal|p2a: Poliwrath|50/100|[from] drain|[of] p1a: Scrafty
|faint|p1a: Scrafty
|
|-heal|p2a: Poliwrath|56/100|[from] Grassy Terrain
|upkeep
|
|t:|1666050192
|switch|p1a: Whimsicott|Whimsicott, M, shiny|22/100
|turn|23
|
|t:|1666050200
|move|p1a: Whimsicott|Energy Ball|p2a: Poliwrath
|-supereffective|p2a: Poliwrath
|-damage|p2a: Poliwrath|0 fnt
|faint|p2a: Poliwrath
|
|-heal|p1a: Whimsicott|28/100|[from] Grassy Terrain
|-fieldend|move: Grassy Terrain
|upkeep
|
|t:|1666050203
|switch|p2a: Thwackey|Thwackey, F|35/100
|-fieldstart|move: Grassy Terrain|[from] ability: Grassy Surge|[of] p2a: Thwackey
|turn|24
|
|t:|1666050207
|switch|p1a: Charizard|Charizard, F, shiny|70/100
|move|p2a: Thwackey|U-turn|p1a: Charizard
|-resisted|p1a: Charizard
|-damage|p1a: Charizard|61/100
|
|t:|1666050209
|switch|p2a: Sandslash|Sandslash, F|91/100|[from]move: U-turn
|
|-heal|p2a: Sandslash|97/100|[from] Grassy Terrain
|upkeep
|turn|25
|
|t:|1666050214
|switch|p1a: Gigalith|Gigalith, M, shiny|100/100
|-weather|Sandstorm|[from] ability: Sand Stream|[of] p1a: Gigalith
|move|p2a: Sandslash|Rapid Spin|p1a: Gigalith
|-resisted|p1a: Gigalith
|-damage|p1a: Gigalith|93/100
|-boost|p2a: Sandslash|spe|1
|-damage|p2a: Sandslash|87/100|[from] item: Life Orb
|
|-weather|Sandstorm|[upkeep]
|-heal|p2a: Sandslash|93/100|[from] Grassy Terrain
|-heal|p1a: Gigalith|99/100|[from] Grassy Terrain
|-heal|p1a: Gigalith|100/100|[from] item: Leftovers
|upkeep
|turn|26
|
|t:|1666050225
|switch|p2a: Thwackey|Thwackey, F|35/100
|move|p1a: Gigalith|Earthquake|p2a: Thwackey
|-resisted|p2a: Thwackey
|-damage|p2a: Thwackey|23/100
|
|-weather|Sandstorm|[upkeep]
|-damage|p2a: Thwackey|17/100|[from] Sandstorm
|-heal|p2a: Thwackey|23/100|[from] Grassy Terrain
|upkeep
|turn|27
|
|t:|1666050228
|move|p2a: Thwackey|Wood Hammer|p1a: Gigalith
|-supereffective|p1a: Gigalith
|-damage|p1a: Gigalith|0 fnt
|faint|p1a: Gigalith
|-damage|p2a: Thwackey|0 fnt|[from] Recoil
|faint|p2a: Thwackey
|
|-weather|Sandstorm|[upkeep]
|upkeep
|c|☆BetterthanJ|gg
|
|t:|1666050241
|switch|p2a: Sandslash|Sandslash, F|93/100
|switch|p1a: Charizard|Charizard, F, shiny|61/100
|turn|28
|
|t:|1666050251
|move|p2a: Sandslash|Rapid Spin|p1a: Charizard
|-damage|p1a: Charizard|35/100
|-boost|p2a: Sandslash|spe|1
|-damage|p2a: Sandslash|83/100|[from] item: Life Orb
|move|p1a: Charizard|Flamethrower|p2a: Sandslash
|-damage|p2a: Sandslash|18/100
|
|-weather|Sandstorm|[upkeep]
|-damage|p1a: Charizard|29/100|[from] Sandstorm
|-heal|p2a: Sandslash|24/100|[from] Grassy Terrain
|-fieldend|move: Grassy Terrain
|upkeep
|turn|29
|
|t:|1666050260
|move|p2a: Sandslash|Poison Jab|p1a: Charizard
|-damage|p1a: Charizard|0 fnt
|faint|p1a: Charizard
|-damage|p2a: Sandslash|14/100|[from] item: Life Orb
|
|-weather|none
|upkeep
|
|t:|1666050262
|switch|p1a: Whimsicott|Whimsicott, M, shiny|28/100
|turn|30
|c|☆BetterthanJ|misplayed
|
|t:|1666050274
|move|p1a: Whimsicott|Energy Ball|p2a: Sandslash
|-supereffective|p2a: Sandslash
|-damage|p2a: Sandslash|0 fnt
|faint|p2a: Sandslash
|
|win|acluh1
|n|☆acluh1|acluh1
|n|☆BetterthanJ|betterthanj
|n| Cope With Me|copewithme
