|j|☆abhi1234567
|j|☆Joke sets
|t:|1606470100
|player|p1|abhi1234567|ghetsis-gen5bw|
|player|p2|Joke sets|jasmine|
|teamsize|p1|6
|teamsize|p2|6
|gametype|singles
|gen|8
|tier|[Gen 8] PU
|rated|Tournament battle
|clearpoke
|poke|p1|Corsola-Galar, M|
|poke|p1|Falinks|
|poke|p1|Lilligant, F|
|poke|p1|Boltund, F|
|poke|p1|Swoobat, F|
|poke|p1|Crustle, M|
|poke|p2|Magnemite|
|poke|p2|Runerigus, M|
|poke|p2|Musharna, F|
|poke|p2|Poliwrath, M|
|poke|p2|Frosmoth, M|
|poke|p2|Skuntank, M|
|rule|Sleep Clause Mod: Limit one foe put to sleep
|rule|Species Clause: Limit one of each Pokémon
|rule|OHKO Clause: OHKO moves are banned
|rule|Evasion Moves Clause: Evasion moves are banned
|rule|Endless Battle Clause: Forcing endless battles is banned
|rule|HP Percentage Mod: HP is shown in percentages
|rule|Dynamax Clause: You cannot dynamax
|teampreview
|inactive|Battle timer is ON: inactive players will automatically lose when time's up. (requested by abhi1234567)
|
|t:|1606470116
|start
|switch|p1a: Boltund|Boltund, F|100/100
|switch|p2a: Runerigus|Runerigus, M|100/100
|turn|1
|
|t:|1606470122
|move|p1a: Boltund|Crunch|p2a: Runerigus
|-supereffective|p2a: Runerigus
|-crit|p2a: Runerigus
|-damage|p2a: Runerigus|13/100
|-activate|p2a: Runerigus|ability: Wandering Spirit|Strong Jaw|Wandering Spirit|[of] p1a: Boltund
|-enditem|p2a: Runerigus|Eject Button
|j| jhijbjijbjjb
|j| ShwiftyShiftry
|
|t:|1606470143
|switch|p2a: Poliwrath|Poliwrath, M|100/100
|
|upkeep
|turn|2
|c|☆abhi1234567|why eject button
|
|t:|1606470151
|move|p1a: Boltund|Thunder Fang|p2a: Poliwrath
|-supereffective|p2a: Poliwrath
|-damage|p2a: Poliwrath|28/100
|move|p2a: Poliwrath|Substitute|p2a: Poliwrath
|-start|p2a: Poliwrath|Substitute
|-damage|p2a: Poliwrath|3/100
|-enditem|p2a: Poliwrath|Salac Berry|[eat]
|-boost|p2a: Poliwrath|spe|1|[from] item: Salac Berry
|
|upkeep
|turn|3
|
|t:|1606470159
|move|p2a: Poliwrath|Drain Punch|p1a: Boltund
|-damage|p1a: Boltund|42/100
|-heal|p2a: Poliwrath|28/100|[from] drain|[of] p1a: Boltund
|-activate|p1a: Boltund|ability: Wandering Spirit|Swift Swim|Wandering Spirit|[of] p2a: Poliwrath
|move|p1a: Boltund|Thunder Fang|p2a: Poliwrath
|-supereffective|p2a: Poliwrath
|-end|p2a: Poliwrath|Substitute
|
|upkeep
|turn|4
|j|@tlenit
|
|t:|1606470168
|move|p2a: Poliwrath|Drain Punch|p1a: Boltund
|-damage|p1a: Boltund|0 fnt
|-heal|p2a: Poliwrath|46/100|[from] drain|[of] p1a: Boltund
|faint|p1a: Boltund
|
|upkeep
|
|t:|1606470181
|switch|p1a: Lilligant|Lilligant, F|100/100
|turn|5
|
|t:|1606470185
|move|p2a: Poliwrath|Ice Punch|p1a: Lilligant
|-supereffective|p1a: Lilligant
|-damage|p1a: Lilligant|37/100
|move|p1a: Lilligant|Giga Drain|p2a: Poliwrath
|-supereffective|p2a: Poliwrath
|-damage|p2a: Poliwrath|0 fnt
|-heal|p1a: Lilligant|63/100|[from] drain|[of] p2a: Poliwrath
|faint|p2a: Poliwrath
|
|upkeep
|
|t:|1606470193
|switch|p2a: Frosmoth|Frosmoth, M|100/100
|turn|6
|
|t:|1606470206
|switch|p2a: Runerigus|Runerigus, M|13/100
|move|p1a: Lilligant|Sleep Powder|p2a: Runerigus
|-status|p2a: Runerigus|slp|[from] move: Sleep Powder
|
|upkeep
|turn|7
|
|t:|1606470211
|switch|p2a: Frosmoth|Frosmoth, M|100/100
|move|p1a: Lilligant|Quiver Dance|p1a: Lilligant
|-boost|p1a: Lilligant|spa|1
|-boost|p1a: Lilligant|spd|1
|-boost|p1a: Lilligant|spe|1
|
|upkeep
|turn|8
|
|t:|1606470221
|move|p1a: Lilligant|Quiver Dance|p1a: Lilligant
|-boost|p1a: Lilligant|spa|1
|-boost|p1a: Lilligant|spd|1
|-boost|p1a: Lilligant|spe|1
|move|p2a: Frosmoth|Quiver Dance|p2a: Frosmoth
|-boost|p2a: Frosmoth|spa|1
|-boost|p2a: Frosmoth|spd|1
|-boost|p2a: Frosmoth|spe|1
|
|upkeep
|turn|9
|
|t:|1606470231
|move|p1a: Lilligant|Giga Drain|p2a: Frosmoth
|-resisted|p2a: Frosmoth
|-damage|p2a: Frosmoth|84/100
|-heal|p1a: Lilligant|72/100|[from] drain|[of] p2a: Frosmoth
|move|p2a: Frosmoth|Quiver Dance|p2a: Frosmoth
|-boost|p2a: Frosmoth|spa|1
|-boost|p2a: Frosmoth|spd|1
|-boost|p2a: Frosmoth|spe|1
|
|upkeep
|turn|10
|
|t:|1606470258
|move|p1a: Lilligant|Giga Drain|p2a: Frosmoth
|-resisted|p2a: Frosmoth
|-damage|p2a: Frosmoth|72/100
|-heal|p1a: Lilligant|78/100|[from] drain|[of] p2a: Frosmoth
|move|p2a: Frosmoth|Ice Beam|p1a: Lilligant
|-supereffective|p1a: Lilligant
|-damage|p1a: Lilligant|0 fnt
|faint|p1a: Lilligant
|
|upkeep
|
|t:|1606470263
|switch|p1a: Crustle|Crustle, M|100/100
|turn|11
|
|t:|1606470273
|move|p2a: Frosmoth|Ice Beam|p1a: Crustle
|-ability|p1a: Crustle|Sturdy
|-damage|p1a: Crustle|1/100
|move|p1a: Crustle|Stone Edge|p2a: Frosmoth
|-supereffective|p2a: Frosmoth
|-damage|p2a: Frosmoth|0 fnt
|faint|p2a: Frosmoth
|
|upkeep
|
|t:|1606470286
|switch|p2a: Skuntank|Skuntank, M|100/100
|turn|12
|
|t:|1606470294
|move|p2a: Skuntank|Dark Pulse|p1a: Crustle
|-damage|p1a: Crustle|0 fnt
|faint|p1a: Crustle
|
|upkeep
|
|t:|1606470298
|switch|p1a: Falinks|Falinks|100/100
|turn|13
|
|t:|1606470309
|switch|p2a: Musharna|Musharna, F|100/100
|move|p1a: Falinks|No Retreat|p1a: Falinks
|-boost|p1a: Falinks|atk|1
|-boost|p1a: Falinks|def|1
|-boost|p1a: Falinks|spa|1
|-boost|p1a: Falinks|spd|1
|-boost|p1a: Falinks|spe|1
|-start|p1a: Falinks|move: No Retreat
|
|upkeep
|turn|14
|
|t:|1606470325
|move|p1a: Falinks|Rock Slide|p2a: Musharna
|-damage|p2a: Musharna|74/100
|move|p2a: Musharna|Yawn|p1a: Falinks
|-start|p1a: Falinks|move: Yawn|[of] p2a: Musharna
|
|upkeep
|turn|15
|
|t:|1606470341
|move|p1a: Falinks|Iron Head|p2a: Musharna
|-damage|p2a: Musharna|48/100
|move|p2a: Musharna|Moonlight|p2a: Musharna
|-heal|p2a: Musharna|98/100
|
|-end|p1a: Falinks|move: Yawn|[silent]
|-status|p1a: Falinks|slp
|upkeep
|turn|16
|inactive|abhi1234567 has 120 seconds left.
|
|t:|1606470370
|cant|p1a: Falinks|slp
|move|p2a: Musharna|Future Sight|p1a: Falinks
|-start|p2a: Musharna|move: Future Sight
|
|upkeep
|turn|17
|inactive|abhi1234567 has 120 seconds left.
|j| sm▲lls
|inactive|abhi1234567 has 90 seconds left.
|l| jhijbjijbjjb
|
|t:|1606470409
|cant|p1a: Falinks|slp
|move|p2a: Musharna|Trick|p1a: Falinks
|-activate|p2a: Musharna|move: Trick|[of] p1a: Falinks
|-item|p1a: Falinks|Ring Target|[from] move: Trick
|-item|p2a: Musharna|Sitrus Berry|[from] move: Trick
|
|upkeep
|turn|18
|inactive|abhi1234567 has 90 seconds left.
|
|t:|1606470425
|cant|p1a: Falinks|slp
|move|p2a: Musharna|Yawn||[still]
|-fail|p2a: Musharna
|
|-end|p1a: Falinks|move: Future Sight
|-supereffective|p1a: Falinks
|-damage|p1a: Falinks|0 fnt
|upkeep
|faint|p1a: Falinks
|
|t:|1606470440
|switch|p1a: Swoobat|Swoobat, F|100/100
|turn|19
|
|t:|1606470448
|move|p1a: Swoobat|Calm Mind|p1a: Swoobat
|-boost|p1a: Swoobat|spa|2
|-boost|p1a: Swoobat|spd|2
|move|p2a: Musharna|Yawn|p1a: Swoobat
|-start|p1a: Swoobat|move: Yawn|[of] p2a: Musharna
|
|upkeep
|turn|20
|inactive|abhi1234567 has 90 seconds left.
|
|t:|1606470470
|switch|p1a: Corsola|Corsola-Galar, M|100/100
|switch|p2a: Skuntank|Skuntank, M|100/100
|
|upkeep
|turn|21
|
|t:|1606470480
|move|p2a: Skuntank|Nasty Plot|p2a: Skuntank
|-boost|p2a: Skuntank|spa|2
|move|p1a: Corsola|Will-O-Wisp|p2a: Skuntank|[miss]
|-miss|p1a: Corsola|p2a: Skuntank
|
|upkeep
|turn|22
|
|t:|1606470491
|move|p2a: Skuntank|Dark Pulse|p1a: Corsola
|-supereffective|p1a: Corsola
|-damage|p1a: Corsola|44/100
|move|p1a: Corsola|Haze|p1a: Corsola
|-clearallboost
|
|upkeep
|turn|23
|
|t:|1606470502
|move|p2a: Skuntank|Nasty Plot|p2a: Skuntank
|-boost|p2a: Skuntank|spa|2
|move|p1a: Corsola|Strength Sap|p2a: Skuntank
|-unboost|p2a: Skuntank|atk|1
|-heal|p1a: Corsola|97/100
|
|upkeep
|turn|24
|inactive|abhi1234567 has 60 seconds left.
|inactive|abhi1234567 has 30 seconds left.
|inactive|abhi1234567 has 20 seconds left.
|inactive|abhi1234567 has 15 seconds left.
|inactive|abhi1234567 has 10 seconds left.
|inactive|abhi1234567 has 5 seconds left.
|-message|abhi1234567 lost due to inactivity.
|
|win|Joke sets
