|j|☆Pooge
|j|☆ayo bb
|t:|1621509854
|gametype|singles
|player|p1|Pooge|265|1393
|player|p2|ayo bb|169|1633
|teamsize|p1|6
|teamsize|p2|6
|gen|8
|tier|[Gen 8] PU
|rated|
|rule|Sleep Clause Mod: Limit one foe put to sleep
|rule|Species Clause: Limit one of each Pokémon
|rule|OHKO Clause: OHKO moves are banned
|rule|Evasion Moves Clause: Evasion moves are banned
|rule|Endless Battle Clause: Forcing endless battles is banned
|rule|HP Percentage Mod: HP is shown in percentages
|rule|Dynamax Clause: You cannot dynamax
|clearpoke
|poke|p1|Haunter, F|
|poke|p1|Ferroseed, F|
|poke|p1|Lanturn, M|
|poke|p1|Centiskorch, F|
|poke|p1|Liepard, F|
|poke|p1|Passimian, F|
|poke|p2|Morpeko, M|
|poke|p2|Scyther, F|
|poke|p2|Garbodor, M|
|poke|p2|Wishiwashi, M|
|poke|p2|Turtonator, F|
|poke|p2|Stunfisk-Galar, M|
|teampreview
|
|t:|1621509868
|start
|switch|p1a: Ferroseed|Ferroseed, F|100/100
|switch|p2a: Wishiwashi|Wishiwashi, M|100/100
|-formechange|p2a: Wishiwashi|Wishiwashi-School||[from] ability: Schooling
|turn|1
|
|t:|1621509884
|move|p2a: Wishiwashi|U-turn|p1a: Ferroseed
|-damage|p1a: Ferroseed|87/100
|-damage|p2a: Wishiwashi|88/100|[from] ability: Iron Barbs|[of] p1a: Ferroseed
|
|t:|1621509886
|switch|p2a: Turtonator|Turtonator, F|100/100|[from]move: U-turn
|move|p1a: Ferroseed|Leech Seed|p2a: Turtonator
|-start|p2a: Turtonator|move: Leech Seed
|
|-damage|p2a: Turtonator|88/100|[from] Leech Seed|[of] p1a: Ferroseed
|-heal|p1a: Ferroseed|98/100|[silent]
|upkeep
|turn|2
|
|t:|1621509896
|switch|p1a: Lanturn|Lanturn, M|100/100
|move|p2a: Turtonator|Rapid Spin|p1a: Lanturn
|-damage|p1a: Lanturn|91/100
|-boost|p2a: Turtonator|spe|1
|-end|p2a: Turtonator|Leech Seed|[from] move: Rapid Spin|[of] p2a: Turtonator
|
|-heal|p1a: Lanturn|97/100|[from] item: Leftovers
|upkeep
|turn|3
|
|t:|1621509908
|switch|p2a: Stunfisk|Stunfisk-Galar, M|100/100
|move|p1a: Lanturn|Toxic|p2a: Stunfisk|[miss]
|-miss|p1a: Lanturn|p2a: Stunfisk
|
|-heal|p1a: Lanturn|100/100|[from] item: Leftovers
|upkeep
|turn|4
|
|t:|1621509917
|move|p1a: Lanturn|Scald|p2a: Stunfisk
|-supereffective|p2a: Stunfisk
|-damage|p2a: Stunfisk|72/100
|move|p2a: Stunfisk|Snap Trap|p1a: Lanturn
|-supereffective|p1a: Lanturn
|-damage|p1a: Lanturn|83/100
|-activate|p1a: Lanturn|move: Snap Trap|[of] p2a: Stunfisk
|
|-heal|p1a: Lanturn|89/100|[from] item: Leftovers
|-heal|p2a: Stunfisk|78/100|[from] item: Leftovers
|-damage|p1a: Lanturn|77/100|[from] move: Snap Trap|[partiallytrapped]
|upkeep
|turn|5
|
|t:|1621509929
|move|p1a: Lanturn|Scald|p2a: Stunfisk
|-supereffective|p2a: Stunfisk
|-damage|p2a: Stunfisk|51/100
|-status|p2a: Stunfisk|brn
|move|p2a: Stunfisk|Earthquake|p1a: Lanturn
|-supereffective|p1a: Lanturn
|-damage|p1a: Lanturn|41/100
|
|-heal|p1a: Lanturn|47/100|[from] item: Leftovers
|-heal|p2a: Stunfisk|57/100 brn|[from] item: Leftovers
|-damage|p2a: Stunfisk|51/100 brn|[from] brn
|-damage|p1a: Lanturn|35/100|[from] move: Snap Trap|[partiallytrapped]
|upkeep
|turn|6
|
|t:|1621509946
|move|p1a: Lanturn|Scald|p2a: Stunfisk
|-supereffective|p2a: Stunfisk
|-damage|p2a: Stunfisk|21/100 brn
|move|p2a: Stunfisk|Earthquake|p1a: Lanturn
|-supereffective|p1a: Lanturn
|-damage|p1a: Lanturn|4/100
|
|-heal|p1a: Lanturn|10/100|[from] item: Leftovers
|-heal|p2a: Stunfisk|27/100 brn|[from] item: Leftovers
|-damage|p2a: Stunfisk|21/100 brn|[from] brn
|-damage|p1a: Lanturn|0 fnt|[from] move: Snap Trap|[partiallytrapped]
|faint|p1a: Lanturn
|upkeep
|
|t:|1621509964
|switch|p1a: Liepard|Liepard, F|100/100
|turn|7
|
|t:|1621509974
|switch|p2a: Wishiwashi|Wishiwashi, M|88/100
|-formechange|p2a: Wishiwashi|Wishiwashi-School||[from] ability: Schooling
|move|p1a: Liepard|Copycat|p1a: Liepard
|move|p1a: Liepard|Earthquake|p2a: Wishiwashi|[from]move: Copycat
|-damage|p2a: Wishiwashi|63/100
|
|-heal|p2a: Wishiwashi|69/100|[from] item: Leftovers
|upkeep
|turn|8
|j| Meujeuh
|
|t:|1621509990
|switch|p1a: Ferroseed|Ferroseed, F|98/100
|move|p2a: Wishiwashi|U-turn|p1a: Ferroseed
|-damage|p1a: Ferroseed|86/100
|-damage|p2a: Wishiwashi|57/100|[from] ability: Iron Barbs|[of] p1a: Ferroseed
|
|t:|1621509994
|switch|p2a: Turtonator|Turtonator, F|88/100|[from]move: U-turn
|
|upkeep
|turn|9
|
|t:|1621510005
|switch|p1a: Centiskorch|Centiskorch, F|100/100
|move|p2a: Turtonator|Shell Smash|p2a: Turtonator
|-unboost|p2a: Turtonator|def|1
|-unboost|p2a: Turtonator|spd|1
|-boost|p2a: Turtonator|atk|2
|-boost|p2a: Turtonator|spa|2
|-boost|p2a: Turtonator|spe|2
|
|upkeep
|turn|10
|
|t:|1621510014
|move|p2a: Turtonator|Draco Meteor|p1a: Centiskorch
|-damage|p1a: Centiskorch|5/100
|-unboost|p2a: Turtonator|spa|2
|move|p1a: Centiskorch|Knock Off|p2a: Turtonator
|-damage|p2a: Turtonator|38/100
|-enditem|p2a: Turtonator|Heavy-Duty Boots|[from] move: Knock Off|[of] p1a: Centiskorch
|
|upkeep
|turn|11
|
|t:|1621510030
|move|p2a: Turtonator|Rapid Spin|p1a: Centiskorch
|-damage|p1a: Centiskorch|0 fnt
|-boost|p2a: Turtonator|spe|1
|faint|p1a: Centiskorch
|
|upkeep
|
|t:|1621510048
|switch|p1a: Liepard|Liepard, F|100/100
|turn|12
|
|t:|1621510057
|switch|p2a: Stunfisk|Stunfisk-Galar, M|21/100 brn
|move|p1a: Liepard|Encore||[still]
|-fail|p1a: Liepard
|
|-heal|p2a: Stunfisk|27/100 brn|[from] item: Leftovers
|-damage|p2a: Stunfisk|21/100 brn|[from] brn
|upkeep
|turn|13
|
|t:|1621510073
|move|p1a: Liepard|Substitute|p1a: Liepard
|-start|p1a: Liepard|Substitute
|-damage|p1a: Liepard|76/100
|move|p2a: Stunfisk|Stealth Rock|p1a: Liepard
|-sidestart|p1: Pooge|move: Stealth Rock
|
|-heal|p1a: Liepard|82/100|[from] item: Leftovers
|-heal|p2a: Stunfisk|27/100 brn|[from] item: Leftovers
|-damage|p2a: Stunfisk|21/100 brn|[from] brn
|upkeep
|turn|14
|
|t:|1621510084
|move|p1a: Liepard|Copycat|p1a: Liepard
|move|p1a: Liepard|Stealth Rock|p2a: Stunfisk|[from]move: Copycat
|-sidestart|p2: ayo bb|move: Stealth Rock
|move|p2a: Stunfisk|Earthquake|p1a: Liepard
|-end|p1a: Liepard|Substitute
|
|-heal|p1a: Liepard|87/100|[from] item: Leftovers
|-heal|p2a: Stunfisk|27/100 brn|[from] item: Leftovers
|-damage|p2a: Stunfisk|21/100 brn|[from] brn
|upkeep
|turn|15
|
|t:|1621510095
|move|p1a: Liepard|Knock Off|p2a: Stunfisk
|-damage|p2a: Stunfisk|0 fnt
|-enditem|p2a: Stunfisk|Leftovers|[from] move: Knock Off|[of] p1a: Liepard
|faint|p2a: Stunfisk
|
|-heal|p1a: Liepard|93/100|[from] item: Leftovers
|upkeep
|
|t:|1621510098
|switch|p2a: Wishiwashi|Wishiwashi, M|57/100
|-damage|p2a: Wishiwashi|45/100|[from] Stealth Rock
|-formechange|p2a: Wishiwashi|Wishiwashi-School||[from] ability: Schooling
|turn|16
|
|t:|1621510116
|move|p1a: Liepard|Knock Off|p2a: Wishiwashi
|-damage|p2a: Wishiwashi|10/100
|-enditem|p2a: Wishiwashi|Leftovers|[from] move: Knock Off|[of] p1a: Liepard
|move|p2a: Wishiwashi|Rest|p2a: Wishiwashi
|-status|p2a: Wishiwashi|slp|[from] move: Rest
|-heal|p2a: Wishiwashi|100/100 slp|[silent]
|
|-heal|p1a: Liepard|99/100|[from] item: Leftovers
|upkeep
|turn|17
|
|t:|1621510128
|switch|p2a: Morpeko|Morpeko, M|100/100
|move|p1a: Liepard|Encore|p2a: Morpeko
|-hint|Since gen 7, Dark is immune to Prankster moves.
|-immune|p2a: Morpeko
|
|-heal|p1a: Liepard|100/100|[from] item: Leftovers
|-formechange|p2a: Morpeko|Morpeko-Hangry||[from] ability: Hunger Switch
|upkeep
|turn|18
|j| Dedas
|
|t:|1621510139
|switch|p1a: Ferroseed|Ferroseed, F|86/100
|-damage|p1a: Ferroseed|80/100|[from] Stealth Rock
|move|p2a: Morpeko|Aura Wheel|p1a: Ferroseed
|-damage|p1a: Ferroseed|53/100
|-boost|p2a: Morpeko|spe|1
|
|-formechange|p2a: Morpeko|Morpeko||[from] ability: Hunger Switch
|upkeep
|turn|19
|
|t:|1621510150
|move|p2a: Morpeko|Taunt|p1a: Ferroseed
|-start|p1a: Ferroseed|move: Taunt
|cant|p1a: Ferroseed|move: Taunt|Leech Seed
|
|-formechange|p2a: Morpeko|Morpeko-Hangry||[from] ability: Hunger Switch
|upkeep
|turn|20
|
|t:|1621510169
|move|p2a: Morpeko|Aura Wheel|p1a: Ferroseed
|-damage|p1a: Ferroseed|22/100
|-boost|p2a: Morpeko|spe|1
|move|p1a: Ferroseed|Gyro Ball|p2a: Morpeko
|-resisted|p2a: Morpeko
|-damage|p2a: Morpeko|72/100
|
|-formechange|p2a: Morpeko|Morpeko||[from] ability: Hunger Switch
|upkeep
|turn|21
|
|t:|1621510187
|move|p2a: Morpeko|Aura Wheel|p1a: Ferroseed
|-resisted|p1a: Ferroseed
|-damage|p1a: Ferroseed|8/100
|-boost|p2a: Morpeko|spe|1
|move|p1a: Ferroseed|Gyro Ball|p2a: Morpeko
|-resisted|p2a: Morpeko
|-damage|p2a: Morpeko|44/100
|
|-end|p1a: Ferroseed|move: Taunt
|-formechange|p2a: Morpeko|Morpeko-Hangry||[from] ability: Hunger Switch
|upkeep
|turn|22
|
|t:|1621510204
|move|p2a: Morpeko|Aura Wheel|p1a: Ferroseed
|-damage|p1a: Ferroseed|0 fnt
|-boost|p2a: Morpeko|spe|1
|faint|p1a: Ferroseed
|
|-formechange|p2a: Morpeko|Morpeko||[from] ability: Hunger Switch
|upkeep
|
|t:|1621510225
|switch|p1a: Liepard|Liepard, F|100/100
|-damage|p1a: Liepard|88/100|[from] Stealth Rock
|turn|23
|
|t:|1621510230
|move|p1a: Liepard|Substitute|p1a: Liepard
|-start|p1a: Liepard|Substitute
|-damage|p1a: Liepard|63/100
|move|p2a: Morpeko|Aura Wheel|p1a: Liepard
|-end|p1a: Liepard|Substitute
|-boost|p2a: Morpeko|spe|1
|
|-heal|p1a: Liepard|69/100|[from] item: Leftovers
|-formechange|p2a: Morpeko|Morpeko-Hangry||[from] ability: Hunger Switch
|upkeep
|turn|24
|
|t:|1621510244
|move|p2a: Morpeko|Protect|p2a: Morpeko
|-singleturn|p2a: Morpeko|Protect
|move|p1a: Liepard|Knock Off|p2a: Morpeko
|-activate|p2a: Morpeko|move: Protect
|
|-heal|p1a: Liepard|75/100|[from] item: Leftovers
|-formechange|p2a: Morpeko|Morpeko||[from] ability: Hunger Switch
|upkeep
|turn|25
|
|t:|1621510262
|move|p1a: Liepard|Copycat|p1a: Liepard
|move|p1a: Liepard|Knock Off|p2a: Morpeko|[from]move: Copycat
|-hint|Since gen 7, Dark is immune to Prankster moves.
|-immune|p2a: Morpeko
|move|p2a: Morpeko|Aura Wheel|p1a: Liepard
|-damage|p1a: Liepard|0 fnt
|-boost|p2a: Morpeko|spe|1
|faint|p1a: Liepard
|
|-formechange|p2a: Morpeko|Morpeko-Hangry||[from] ability: Hunger Switch
|upkeep
|l| Meujeuh
|c|☆Pooge|Pretty sure that's a glitch
|
|t:|1621510289
|switch|p1a: Passimian|Passimian, F|100/100
|-damage|p1a: Passimian|94/100|[from] Stealth Rock
|turn|26
|c|☆ayo bb|i don't think it is. even prankster nature power doesn't work
|
|t:|1621510309
|move|p2a: Morpeko|Protect|p2a: Morpeko
|-singleturn|p2a: Morpeko|Protect
|move|p1a: Passimian|U-turn|p2a: Morpeko
|-activate|p2a: Morpeko|move: Protect
|
|-formechange|p2a: Morpeko|Morpeko||[from] ability: Hunger Switch
|upkeep
|turn|27
|
|t:|1621510318
|move|p2a: Morpeko|Aura Wheel|p1a: Passimian
|-damage|p1a: Passimian|48/100
|move|p1a: Passimian|U-turn|p2a: Morpeko
|-supereffective|p2a: Morpeko
|-damage|p2a: Morpeko|0 fnt
|faint|p2a: Morpeko
|
|t:|1621510326
|switch|p1a: Haunter|Haunter, F|100/100|[from]move: U-turn
|-damage|p1a: Haunter|88/100|[from] Stealth Rock
|
|upkeep
|
|t:|1621510329
|switch|p2a: Wishiwashi|Wishiwashi, M|100/100 slp
|-damage|p2a: Wishiwashi|88/100 slp|[from] Stealth Rock
|-formechange|p2a: Wishiwashi|Wishiwashi-School||[from] ability: Schooling
|turn|28
|
|t:|1621510339
|move|p1a: Haunter|Shadow Ball|p2a: Wishiwashi
|-crit|p2a: Wishiwashi
|-damage|p2a: Wishiwashi|24/100 slp
|cant|p2a: Wishiwashi|slp
|move|p2a: Wishiwashi|Sleep Talk|p2a: Wishiwashi
|move|p2a: Wishiwashi|U-turn|p1a: Haunter|[from]move: Sleep Talk
|-resisted|p1a: Haunter
|-damage|p1a: Haunter|73/100
|
|t:|1621510346
|switch|p2a: Scyther|Scyther, F|100/100|[from]move: U-turn
|
|upkeep
|turn|29
|
|t:|1621510353
|move|p2a: Scyther|Knock Off|p1a: Haunter
|-supereffective|p1a: Haunter
|-damage|p1a: Haunter|0 fnt
|-enditem|p1a: Haunter|Choice Specs|[from] move: Knock Off|[of] p2a: Scyther
|faint|p1a: Haunter
|
|upkeep
|
|t:|1621510360
|switch|p1a: Passimian|Passimian, F|48/100
|-damage|p1a: Passimian|42/100|[from] Stealth Rock
|turn|30
|
|t:|1621510365
|move|p1a: Passimian|Rock Slide|p2a: Scyther
|-supereffective|p2a: Scyther
|-damage|p2a: Scyther|0 fnt
|faint|p2a: Scyther
|
|upkeep
|
|t:|1621510367
|switch|p2a: Garbodor|Garbodor, M|100/100
|-damage|p2a: Garbodor|88/100|[from] Stealth Rock
|turn|31
|
|t:|1621510374
|move|p1a: Passimian|Rock Slide|p2a: Garbodor
|-damage|p2a: Garbodor|70/100
|move|p2a: Garbodor|Gunk Shot|p1a: Passimian
|-damage|p1a: Passimian|1/100
|-status|p1a: Passimian|psn
|
|-damage|p1a: Passimian|0 fnt|[from] psn
|faint|p1a: Passimian
|
|win|ayo bb
|upkeep
|raw|Pooge's rating: 1393 &rarr; <strong>1385</strong><br />(-8 for losing)
|raw|ayo bb's rating: 1633 &rarr; <strong>1641</strong><br />(+8 for winning)
|c|☆ayo bb|gg
|l|☆ayo bb
|c|☆Pooge|Gg, but morpeko wasnt dark type that turn
|l|☆Pooge
