|j|☆Jalap3no
|j|☆sassy ylay
|t:|1640029487
|gametype|singles
|player|p1|Jalap3no|rocketgrunt|1417
|player|p2|sassy ylay|clown|1427
|teamsize|p1|6
|teamsize|p2|6
|gen|8
|tier|[Gen 8] PU
|rated|
|rule|Sleep Clause Mod: Limit one foe put to sleep
|rule|Species Clause: Limit one of each Pokémon
|rule|OHKO Clause: OHKO moves are banned
|rule|Evasion Moves Clause: Evasion moves are banned
|rule|Endless Battle Clause: Forcing endless battles is banned
|rule|HP Percentage Mod: HP is shown in percentages
|rule|Dynamax Clause: You cannot dynamax
|clearpoke
|poke|p1|Scyther, F|
|poke|p1|Wishiwashi, F|
|poke|p1|Sandslash-Alola, M|
|poke|p1|Coalossal, F|
|poke|p1|Aromatisse, M|
|poke|p1|Trevenant, F|
|poke|p2|Drifblim, M|
|poke|p2|Ribombee, F|
|poke|p2|Ferroseed, M|
|poke|p2|Regirock|
|poke|p2|Cryogonal|
|poke|p2|Flapple, M|
|teampreview
|
|t:|1640029503
|start
|switch|p1a: Scyther|Scyther, F|100/100
|switch|p2a: Ferroseed|Ferroseed, M|100/100
|turn|1
|
|t:|1640029509
|move|p1a: Scyther|Knock Off|p2a: Ferroseed
|-damage|p2a: Ferroseed|81/100
|-damage|p1a: Scyther|88/100|[from] ability: Iron Barbs|[of] p2a: Ferroseed
|-enditem|p2a: Ferroseed|Eviolite|[from] move: Knock Off|[of] p1a: Scyther
|move|p2a: Ferroseed|Spikes|p1a: Scyther
|-sidestart|p1: Jalap3no|Spikes
|
|upkeep
|turn|2
|
|t:|1640029516
|move|p1a: Scyther|U-turn|p2a: Ferroseed
|-damage|p2a: Ferroseed|51/100
|-damage|p1a: Scyther|76/100|[from] ability: Iron Barbs|[of] p2a: Ferroseed
|
|t:|1640029523
|switch|p1a: Trevenant|Trevenant, F|100/100|[from]move: U-turn
|-damage|p1a: Trevenant|88/100|[from] Spikes
|move|p2a: Ferroseed|Toxic|p1a: Trevenant
|-status|p1a: Trevenant|tox
|
|-damage|p1a: Trevenant|82/100 tox|[from] psn
|upkeep
|turn|3
|
|t:|1640029534
|switch|p2a: Drifblim|Drifblim, M|100/100
|move|p1a: Trevenant|Drain Punch|p2a: Drifblim
|-immune|p2a: Drifblim
|
|-damage|p1a: Trevenant|70/100 tox|[from] psn
|upkeep
|turn|4
|
|t:|1640029541
|-curestatus|p1a: Trevenant|tox|[from] ability: Natural Cure
|switch|p1a: Coalossal|Coalossal, F|100/100
|move|p2a: Drifblim|Hex|p1a: Coalossal
|-damage|p1a: Coalossal|82/100
|
|upkeep
|turn|5
|
|t:|1640029551
|move|p2a: Drifblim|Thunder Wave|p1a: Coalossal
|-status|p1a: Coalossal|par
|cant|p1a: Coalossal|par
|
|upkeep
|turn|6
|
|t:|1640029557
|switch|p1a: Wishiwashi|Wishiwashi, F|100/100
|-damage|p1a: Wishiwashi|88/100|[from] Spikes
|-formechange|p1a: Wishiwashi|Wishiwashi-School||[from] ability: Schooling
|move|p2a: Drifblim|Hex|p1a: Wishiwashi
|-damage|p1a: Wishiwashi|71/100
|
|upkeep
|turn|7
|
|t:|1640029566
|move|p2a: Drifblim|Thunder Wave|p1a: Wishiwashi
|-status|p1a: Wishiwashi|par
|move|p1a: Wishiwashi|U-turn|p2a: Drifblim
|-resisted|p2a: Drifblim
|-damage|p2a: Drifblim|96/100
|
|t:|1640029576
|switch|p1a: Sandslash|Sandslash-Alola, M|100/100|[from]move: U-turn
|-damage|p1a: Sandslash|88/100|[from] Spikes
|
|-heal|p1a: Sandslash|94/100|[from] item: Leftovers
|upkeep
|turn|8
|
|t:|1640029582
|move|p2a: Drifblim|Will-O-Wisp|p1a: Sandslash
|-status|p1a: Sandslash|brn
|move|p1a: Sandslash|Knock Off|p2a: Drifblim
|-supereffective|p2a: Drifblim
|-damage|p2a: Drifblim|73/100
|-enditem|p2a: Drifblim|Heavy-Duty Boots|[from] move: Knock Off|[of] p1a: Sandslash
|
|-heal|p1a: Sandslash|99/100 brn|[from] item: Leftovers
|-damage|p1a: Sandslash|94/100 brn|[from] brn
|upkeep
|turn|9
|
|t:|1640029603
|switch|p2a: Regirock|Regirock|100/100
|switch|p1a: Aromatisse|Aromatisse, M|100/100
|-damage|p1a: Aromatisse|88/100|[from] Spikes
|
|-heal|p1a: Aromatisse|94/100|[from] item: Leftovers
|upkeep
|turn|10
|
|t:|1640029611
|move|p2a: Regirock|Stealth Rock|p1a: Aromatisse
|-sidestart|p1: Jalap3no|move: Stealth Rock
|move|p1a: Aromatisse|Heal Bell|p1a: Aromatisse
|-activate|p1a: Aromatisse|move: Heal Bell
|-curestatus|p1: Coalossal|par|[msg]
|-curestatus|p1: Wishiwashi|par|[msg]
|-curestatus|p1: Sandslash|brn|[msg]
|
|-heal|p1a: Aromatisse|100/100|[from] item: Leftovers
|upkeep
|turn|11
|
|t:|1640029622
|switch|p2a: Ferroseed|Ferroseed, M|51/100
|move|p1a: Aromatisse|Wish|p1a: Aromatisse
|
|upkeep
|turn|12
|
|t:|1640029632
|switch|p1a: Trevenant|Trevenant, F|70/100
|-damage|p1a: Trevenant|58/100|[from] Stealth Rock
|-damage|p1a: Trevenant|46/100|[from] Spikes
|move|p2a: Ferroseed|Leech Seed|p1a: Trevenant
|-immune|p1a: Trevenant
|
|-heal|p1a: Trevenant|100/100|[from] move: Wish|[wisher] Aromatisse
|upkeep
|turn|13
|
|t:|1640029642
|switch|p2a: Drifblim|Drifblim, M|73/100
|move|p1a: Trevenant|Substitute|p1a: Trevenant
|-start|p1a: Trevenant|Substitute
|-damage|p1a: Trevenant|76/100
|
|upkeep
|turn|14
|
|t:|1640029647
|move|p2a: Drifblim|Hex|p1a: Trevenant
|-supereffective|p1a: Trevenant
|-end|p1a: Trevenant|Substitute
|move|p1a: Trevenant|Horn Leech|p2a: Drifblim
|-resisted|p2a: Drifblim
|-damage|p2a: Drifblim|50/100
|-heal|p1a: Trevenant|92/100|[from] drain|[of] p2a: Drifblim
|-damage|p1a: Trevenant|82/100|[from] item: Life Orb
|
|upkeep
|turn|15
|
|t:|1640029661
|switch|p1a: Aromatisse|Aromatisse, M|100/100
|-damage|p1a: Aromatisse|88/100|[from] Spikes
|-damage|p1a: Aromatisse|76/100|[from] Stealth Rock
|move|p2a: Drifblim|Hex|p1a: Aromatisse
|-damage|p1a: Aromatisse|58/100
|
|-heal|p1a: Aromatisse|64/100|[from] item: Leftovers
|upkeep
|turn|16
|
|t:|1640029670
|switch|p2a: Cryogonal|Cryogonal|100/100
|move|p1a: Aromatisse|Moonblast|p2a: Cryogonal
|-damage|p2a: Cryogonal|74/100
|-unboost|p2a: Cryogonal|spa|1
|
|-heal|p1a: Aromatisse|70/100|[from] item: Leftovers
|upkeep
|turn|17
|
|t:|1640029685
|switch|p1a: Sandslash|Sandslash-Alola, M|94/100
|-damage|p1a: Sandslash|82/100|[from] Spikes
|-damage|p1a: Sandslash|70/100|[from] Stealth Rock
|move|p2a: Cryogonal|Knock Off|p1a: Sandslash
|-damage|p1a: Sandslash|60/100
|-enditem|p1a: Sandslash|Leftovers|[from] move: Knock Off|[of] p2a: Cryogonal
|
|upkeep
|turn|18
|
|t:|1640029697
|switch|p2a: Drifblim|Drifblim, M|50/100
|move|p1a: Sandslash|Stealth Rock|p2a: Drifblim
|-sidestart|p2: sassy ylay|move: Stealth Rock
|
|upkeep
|turn|19
|
|t:|1640029706
|switch|p1a: Coalossal|Coalossal, F|82/100
|move|p2a: Drifblim|Strength Sap|p1a: Coalossal
|-unboost|p1a: Coalossal|atk|1
|-heal|p2a: Drifblim|95/100
|
|upkeep
|turn|20
|
|t:|1640029715
|move|p2a: Drifblim|Thunder Wave|p1a: Coalossal
|-status|p1a: Coalossal|par
|move|p1a: Coalossal|Spikes|p2a: Drifblim
|-sidestart|p2: sassy ylay|Spikes
|
|upkeep
|turn|21
|
|t:|1640029723
|switch|p1a: Aromatisse|Aromatisse, M|70/100
|-damage|p1a: Aromatisse|58/100|[from] Spikes
|-damage|p1a: Aromatisse|45/100|[from] Stealth Rock
|move|p2a: Drifblim|Hex|p1a: Aromatisse
|-damage|p1a: Aromatisse|27/100
|
|-heal|p1a: Aromatisse|33/100|[from] item: Leftovers
|upkeep
|turn|22
|
|t:|1640029731
|switch|p2a: Cryogonal|Cryogonal|74/100
|move|p1a: Aromatisse|Wish|p1a: Aromatisse
|
|-heal|p1a: Aromatisse|39/100|[from] item: Leftovers
|upkeep
|turn|23
|
|t:|1640029744
|move|p2a: Cryogonal|Ice Beam|p1a: Aromatisse
|-damage|p1a: Aromatisse|6/100
|move|p1a: Aromatisse|Heal Bell|p1a: Aromatisse
|-activate|p1a: Aromatisse|move: Heal Bell
|-curestatus|p1: Coalossal|par|[msg]
|
|-heal|p1a: Aromatisse|56/100|[from] move: Wish|[wisher] Aromatisse
|-heal|p1a: Aromatisse|62/100|[from] item: Leftovers
|upkeep
|turn|24
|
|t:|1640029765
|move|p1a: Aromatisse|Protect|p1a: Aromatisse
|-singleturn|p1a: Aromatisse|Protect
|move|p2a: Cryogonal|Rapid Spin|p1a: Aromatisse
|-activate|p1a: Aromatisse|move: Protect
|
|-heal|p1a: Aromatisse|68/100|[from] item: Leftovers
|upkeep
|turn|25
|
|t:|1640029772
|switch|p1a: Coalossal|Coalossal, F|82/100
|move|p2a: Cryogonal|Rapid Spin|p1a: Coalossal
|-resisted|p1a: Coalossal
|-damage|p1a: Coalossal|80/100
|-boost|p2a: Cryogonal|spe|1
|-sideend|p2: sassy ylay|Spikes|[from] move: Rapid Spin|[of] p2a: Cryogonal
|-sideend|p2: sassy ylay|Stealth Rock|[from] move: Rapid Spin|[of] p2a: Cryogonal
|
|upkeep
|turn|26
|
|t:|1640029779
|switch|p2a: Drifblim|Drifblim, M|95/100
|move|p1a: Coalossal|Rock Tomb|p2a: Drifblim
|-supereffective|p2a: Drifblim
|-damage|p2a: Drifblim|62/100
|-unboost|p2a: Drifblim|spe|1
|
|upkeep
|turn|27
|
|t:|1640029786
|move|p2a: Drifblim|Thunder Wave|p1a: Coalossal
|-status|p1a: Coalossal|par
|move|p1a: Coalossal|Rock Tomb|p2a: Drifblim
|-supereffective|p2a: Drifblim
|-damage|p2a: Drifblim|26/100
|-unboost|p2a: Drifblim|spe|1
|
|upkeep
|turn|28
|
|t:|1640029818
|switch|p1a: Wishiwashi|Wishiwashi, F|71/100
|-damage|p1a: Wishiwashi|58/100|[from] Stealth Rock
|-damage|p1a: Wishiwashi|46/100|[from] Spikes
|-formechange|p1a: Wishiwashi|Wishiwashi-School||[from] ability: Schooling
|move|p2a: Drifblim|Strength Sap|p1a: Wishiwashi
|-unboost|p1a: Wishiwashi|atk|1
|-heal|p2a: Drifblim|98/100
|
|upkeep
|turn|29
|
|t:|1640029829
|switch|p2a: Flapple|Flapple, M|100/100
|move|p1a: Wishiwashi|Surf|p2a: Flapple
|-resisted|p2a: Flapple
|-damage|p2a: Flapple|66/100
|
|upkeep
|turn|30
|
|t:|1640029842
|switch|p1a: Scyther|Scyther, F|76/100
|move|p2a: Flapple|Giga Drain|p1a: Scyther
|-resisted|p1a: Scyther
|-damage|p1a: Scyther|60/100
|-heal|p2a: Flapple|74/100|[from] drain|[of] p1a: Scyther
|-damage|p2a: Flapple|64/100|[from] item: Life Orb
|
|upkeep
|turn|31
|
|t:|1640029851
|switch|p2a: Ferroseed|Ferroseed, M|51/100
|move|p1a: Scyther|Knock Off|p2a: Ferroseed
|-damage|p2a: Ferroseed|33/100
|-damage|p1a: Scyther|47/100|[from] ability: Iron Barbs|[of] p2a: Ferroseed
|
|upkeep
|turn|32
|
|t:|1640029857
|move|p1a: Scyther|Aerial Ace|p2a: Ferroseed
|-damage|p2a: Ferroseed|0 fnt
|-damage|p1a: Scyther|35/100|[from] ability: Iron Barbs|[of] p2a: Ferroseed
|faint|p2a: Ferroseed
|
|upkeep
|
|t:|1640029861
|switch|p2a: Drifblim|Drifblim, M|98/100
|turn|33
|
|t:|1640029892
|move|p1a: Scyther|U-turn|p2a: Drifblim
|-resisted|p2a: Drifblim
|-damage|p2a: Drifblim|89/100
|
|t:|1640029910
|switch|p1a: Coalossal|Coalossal, F|80/100 par|[from]move: U-turn
|move|p2a: Drifblim|Thunder Wave|p1a: Coalossal
|-fail|p1a: Coalossal|par
|
|upkeep
|turn|34
|
|t:|1640029917
|move|p2a: Drifblim|Hex|p1a: Coalossal
|-damage|p1a: Coalossal|45/100 par
|cant|p1a: Coalossal|par
|
|upkeep
|turn|35
|
|t:|1640029921
|move|p2a: Drifblim|Hex|p1a: Coalossal
|-damage|p1a: Coalossal|8/100 par
|move|p1a: Coalossal|Rock Tomb|p2a: Drifblim
|-supereffective|p2a: Drifblim
|-damage|p2a: Drifblim|55/100
|-unboost|p2a: Drifblim|spe|1
|
|upkeep
|turn|36
|
|t:|1640029930
|move|p2a: Drifblim|Strength Sap|p1a: Coalossal
|-unboost|p1a: Coalossal|atk|1
|-heal|p2a: Drifblim|99/100
|move|p1a: Coalossal|Rock Tomb|p2a: Drifblim
|-supereffective|p2a: Drifblim
|-damage|p2a: Drifblim|77/100
|-unboost|p2a: Drifblim|spe|1
|
|upkeep
|turn|37
|
|t:|1640029943
|switch|p1a: Aromatisse|Aromatisse, M|68/100
|-damage|p1a: Aromatisse|56/100|[from] Spikes
|-damage|p1a: Aromatisse|43/100|[from] Stealth Rock
|move|p2a: Drifblim|Hex|p1a: Aromatisse
|-damage|p1a: Aromatisse|24/100
|
|-heal|p1a: Aromatisse|30/100|[from] item: Leftovers
|upkeep
|turn|38
|
|t:|1640029960
|move|p2a: Drifblim|Thunder Wave|p1a: Aromatisse
|-status|p1a: Aromatisse|par
|cant|p1a: Aromatisse|par
|
|-heal|p1a: Aromatisse|36/100 par|[from] item: Leftovers
|upkeep
|turn|39
|
|t:|1640029969
|move|p1a: Aromatisse|Protect|p1a: Aromatisse
|-singleturn|p1a: Aromatisse|Protect
|move|p2a: Drifblim|Hex|p1a: Aromatisse
|-activate|p1a: Aromatisse|move: Protect
|
|-heal|p1a: Aromatisse|42/100 par|[from] item: Leftovers
|upkeep
|turn|40
|
|t:|1640029975
|move|p2a: Drifblim|Hex|p1a: Aromatisse
|-damage|p1a: Aromatisse|3/100 par
|move|p1a: Aromatisse|Wish|p1a: Aromatisse
|
|-heal|p1a: Aromatisse|9/100 par|[from] item: Leftovers
|upkeep
|turn|41
|
|t:|1640029984
|switch|p2a: Ribombee|Ribombee, F|100/100
|move|p1a: Aromatisse|Protect||[still]
|-fail|p1a: Aromatisse
|
|-heal|p1a: Aromatisse|59/100 par|[from] move: Wish|[wisher] Aromatisse
|-heal|p1a: Aromatisse|65/100 par|[from] item: Leftovers
|upkeep
|turn|42
|
|t:|1640029991
|move|p2a: Ribombee|Quiver Dance|p2a: Ribombee
|-boost|p2a: Ribombee|spa|1
|-boost|p2a: Ribombee|spd|1
|-boost|p2a: Ribombee|spe|1
|move|p1a: Aromatisse|Heal Bell|p1a: Aromatisse
|-activate|p1a: Aromatisse|move: Heal Bell
|-curestatus|p1a: Aromatisse|par|[msg]
|-curestatus|p1: Coalossal|par|[msg]
|
|-heal|p1a: Aromatisse|71/100|[from] item: Leftovers
|upkeep
|turn|43
|
|t:|1640030001
|move|p2a: Ribombee|Moonblast|p1a: Aromatisse
|-damage|p1a: Aromatisse|15/100
|-unboost|p1a: Aromatisse|spa|1
|move|p1a: Aromatisse|Wish|p1a: Aromatisse
|
|-heal|p1a: Aromatisse|21/100|[from] item: Leftovers
|upkeep
|turn|44
|
|t:|1640030008
|switch|p1a: Sandslash|Sandslash-Alola, M|60/100
|-damage|p1a: Sandslash|48/100|[from] Stealth Rock
|-damage|p1a: Sandslash|36/100|[from] Spikes
|move|p2a: Ribombee|Moonblast|p1a: Sandslash
|-resisted|p1a: Sandslash
|-damage|p1a: Sandslash|7/100
|
|-heal|p1a: Sandslash|64/100|[from] move: Wish|[wisher] Aromatisse
|upkeep
|turn|45
|
|t:|1640030025
|switch|p2a: Drifblim|Drifblim, M|77/100
|move|p1a: Sandslash|Iron Head|p2a: Drifblim
|-damage|p2a: Drifblim|49/100
|
|upkeep
|turn|46
|
|t:|1640030036
|switch|p1a: Aromatisse|Aromatisse, M|21/100
|-damage|p1a: Aromatisse|9/100|[from] Stealth Rock
|-damage|p1a: Aromatisse|0 fnt|[from] Spikes
|faint|p1a: Aromatisse
|move|p2a: Drifblim|Strength Sap|p1: Aromatisse|[notarget]
|-fail|p2a: Drifblim
|
|upkeep
|
|t:|1640030044
|switch|p1a: Scyther|Scyther, F|35/100
|turn|47
|
|t:|1640030050
|switch|p2a: Regirock|Regirock|100/100
|move|p1a: Scyther|Knock Off|p2a: Regirock
|-damage|p2a: Regirock|87/100
|-enditem|p2a: Regirock|Leftovers|[from] move: Knock Off|[of] p1a: Scyther
|
|upkeep
|turn|48
|
|t:|1640030057
|move|p1a: Scyther|U-turn|p2a: Regirock
|-damage|p2a: Regirock|71/100
|
|t:|1640030063
|switch|p1a: Coalossal|Coalossal, F|8/100|[from]move: U-turn
|move|p2a: Regirock|Rock Blast|p1a: Coalossal
|-supereffective|p1a: Coalossal
|-damage|p1a: Coalossal|0 fnt
|faint|p1a: Coalossal
|-hitcount|p1: Coalossal|1
|
|upkeep
|
|t:|1640030074
|switch|p1a: Trevenant|Trevenant, F|82/100
|-damage|p1a: Trevenant|70/100|[from] Stealth Rock
|-damage|p1a: Trevenant|58/100|[from] Spikes
|turn|49
|
|t:|1640030079
|switch|p2a: Drifblim|Drifblim, M|49/100
|move|p1a: Trevenant|Substitute|p1a: Trevenant
|-start|p1a: Trevenant|Substitute
|-damage|p1a: Trevenant|33/100
|
|upkeep
|turn|50
|
|t:|1640030085
|move|p2a: Drifblim|Hex|p1a: Trevenant
|-supereffective|p1a: Trevenant
|-crit|p1a: Trevenant
|-end|p1a: Trevenant|Substitute
|move|p1a: Trevenant|Horn Leech|p2a: Drifblim
|-resisted|p2a: Drifblim
|-damage|p2a: Drifblim|27/100
|-heal|p1a: Trevenant|49/100|[from] drain|[of] p2a: Drifblim
|-damage|p1a: Trevenant|39/100|[from] item: Life Orb
|
|upkeep
|turn|51
|-message|Jalap3no forfeited.
|
|win|sassy ylay
|raw|Jalap3no's rating: 1417 &rarr; <strong>1398</strong><br />(-19 for losing)
|raw|sassy ylay's rating: 1427 &rarr; <strong>1446</strong><br />(+19 for winning)
|l|☆Jalap3no
