|j|☆Vy8
|j|☆Jv912
|t:|1619940898
|gametype|singles
|player|p1|Vy8|fantina|1443
|player|p2|Jv912|n|1358
|teamsize|p1|6
|teamsize|p2|6
|gen|8
|tier|[Gen 8] PU
|rated|
|clearpoke
|poke|p1|Vikavolt, F|
|poke|p1|Scyther, M|
|poke|p1|Regirock|
|poke|p1|Toxicroak, F|
|poke|p1|Boltund, M|
|poke|p1|Silvally-*|
|poke|p2|Gigalith, M|
|poke|p2|Heliolisk, M|
|poke|p2|Sandslash, M|
|poke|p2|Clefairy, M|
|poke|p2|Perrserker, M|
|poke|p2|Altaria, M|
|rule|Sleep Clause Mod: Limit one foe put to sleep
|rule|Species Clause: Limit one of each Pokémon
|rule|OHKO Clause: OHKO moves are banned
|rule|Evasion Moves Clause: Evasion moves are banned
|rule|Endless Battle Clause: Forcing endless battles is banned
|rule|HP Percentage Mod: HP is shown in percentages
|rule|Dynamax Clause: You cannot dynamax
|teampreview
|inactive|Battle timer is ON: inactive players will automatically lose when time's up. (requested by Vy8)
|
|t:|1619940930
|start
|switch|p1a: Vikavolt|Vikavolt, F|100/100
|switch|p2a: Gigalith|Gigalith, M|100/100
|-weather|Sandstorm|[from] ability: Sand Stream|[of] p2a: Gigalith
|turn|1
|
|t:|1619940954
|move|p1a: Vikavolt|Volt Switch|p2a: Gigalith
|-damage|p2a: Gigalith|80/100
|
|t:|1619940956
|switch|p1a: Regirock|Regirock|100/100|[from]move: Volt Switch
|move|p2a: Gigalith|Rock Blast|p1a: Regirock
|-damage|p1a: Regirock|95/100
|-damage|p1a: Regirock|89/100
|-damage|p1a: Regirock|83/100
|-hitcount|p1a: Regirock|3
|
|-weather|Sandstorm|[upkeep]
|-heal|p1a: Regirock|89/100|[from] item: Leftovers
|upkeep
|turn|2
|
|t:|1619940976
|switch|p2a: Sandslash|Sandslash, M|100/100
|move|p1a: Regirock|Stealth Rock|p2a: Sandslash
|-sidestart|p2: Jv912|move: Stealth Rock
|
|-weather|Sandstorm|[upkeep]
|-heal|p1a: Regirock|95/100|[from] item: Leftovers
|upkeep
|turn|3
|
|t:|1619940984
|move|p2a: Sandslash|Substitute|p2a: Sandslash
|-start|p2a: Sandslash|Substitute
|-damage|p2a: Sandslash|76/100
|move|p1a: Regirock|Iron Defense|p1a: Regirock
|-boost|p1a: Regirock|def|2
|
|-weather|Sandstorm|[upkeep]
|-heal|p2a: Sandslash|82/100|[from] item: Leftovers
|-heal|p1a: Regirock|100/100|[from] item: Leftovers
|upkeep
|turn|4
|
|t:|1619941003
|switch|p2a: Altaria|Altaria, M|100/100
|-ability|p2a: Altaria|Cloud Nine
|move|p1a: Regirock|Body Press|p2a: Altaria
|-resisted|p2a: Altaria
|-damage|p2a: Altaria|65/100
|
|-weather|Sandstorm|[upkeep]
|upkeep
|turn|5
|
|t:|1619941012
|move|p2a: Altaria|Defog|p1a: Regirock
|-fail|p1a: Regirock|unboost|[from] ability: Clear Body|[of] p1a: Regirock
|-sideend|p2: Jv912|Stealth Rock|[from] move: Defog|[of] p2a: Altaria
|move|p1a: Regirock|Rock Blast|p2a: Altaria
|-supereffective|p2a: Altaria
|-damage|p2a: Altaria|49/100
|-supereffective|p2a: Altaria
|-damage|p2a: Altaria|29/100
|-supereffective|p2a: Altaria
|-damage|p2a: Altaria|12/100
|-supereffective|p2a: Altaria
|-damage|p2a: Altaria|0 fnt
|-hitcount|p2a: Altaria|4
|faint|p2a: Altaria
|
|-weather|Sandstorm|[upkeep]
|upkeep
|
|t:|1619941025
|switch|p2a: Heliolisk|Heliolisk, M|100/100
|turn|6
|
|t:|1619941029
|move|p2a: Heliolisk|Glare|p1a: Regirock
|-status|p1a: Regirock|par
|move|p1a: Regirock|Body Press|p2a: Heliolisk
|-supereffective|p2a: Heliolisk
|-damage|p2a: Heliolisk|0 fnt
|faint|p2a: Heliolisk
|
|-weather|Sandstorm|[upkeep]
|upkeep
|
|t:|1619941037
|switch|p2a: Perrserker|Perrserker, M|100/100
|turn|7
|
|t:|1619941047
|move|p2a: Perrserker|Iron Head|p1a: Regirock
|-supereffective|p1a: Regirock
|-crit|p1a: Regirock
|-damage|p1a: Regirock|13/100 par
|cant|p1a: Regirock|flinch
|
|-weather|Sandstorm|[upkeep]
|-heal|p1a: Regirock|19/100 par|[from] item: Leftovers
|upkeep
|turn|8
|
|t:|1619941054
|move|p2a: Perrserker|Iron Head|p1a: Regirock
|-supereffective|p1a: Regirock
|-damage|p1a: Regirock|0 fnt
|faint|p1a: Regirock
|
|-weather|none
|upkeep
|
|t:|1619941056
|switch|p1a: Vikavolt|Vikavolt, F|100/100
|turn|9
|
|t:|1619941063
|move|p1a: Vikavolt|Sticky Web|p2a: Perrserker
|-sidestart|p2: Jv912|move: Sticky Web
|move|p2a: Perrserker|U-turn|p1a: Vikavolt
|-crit|p1a: Vikavolt
|-damage|p1a: Vikavolt|43/100
|
|t:|1619941068
|switch|p2a: Gigalith|Gigalith, M|80/100|[from]move: U-turn
|-activate|p2a: Gigalith|move: Sticky Web
|-unboost|p2a: Gigalith|spe|1
|-weather|Sandstorm|[from] ability: Sand Stream|[of] p2a: Gigalith
|
|-weather|Sandstorm|[upkeep]
|-damage|p1a: Vikavolt|37/100|[from] Sandstorm
|upkeep
|turn|10
|
|t:|1619941079
|move|p1a: Vikavolt|Volt Switch|p2a: Gigalith
|-damage|p2a: Gigalith|59/100
|
|t:|1619941084
|switch|p1a: Silvally|Silvally-Ghost|100/100|[from]move: Volt Switch
|move|p2a: Gigalith|Curse|p2a: Gigalith
|-unboost|p2a: Gigalith|spe|1
|-boost|p2a: Gigalith|atk|1
|-boost|p2a: Gigalith|def|1
|
|-weather|Sandstorm|[upkeep]
|-damage|p1a: Silvally|94/100|[from] Sandstorm
|upkeep
|turn|11
|
|t:|1619941092
|move|p1a: Silvally|Swords Dance|p1a: Silvally
|-boost|p1a: Silvally|atk|2
|move|p2a: Gigalith|Rock Blast|p1a: Silvally
|-damage|p1a: Silvally|75/100
|-damage|p1a: Silvally|58/100
|-hitcount|p1a: Silvally|2
|
|-weather|Sandstorm|[upkeep]
|-damage|p1a: Silvally|52/100|[from] Sandstorm
|upkeep
|turn|12
|
|t:|1619941101
|move|p1a: Silvally|Multi-Attack|p2a: Gigalith
|-damage|p2a: Gigalith|8/100
|move|p2a: Gigalith|Rock Blast|p1a: Silvally
|-damage|p1a: Silvally|33/100
|-damage|p1a: Silvally|16/100
|-damage|p1a: Silvally|0 fnt
|-hitcount|p1a: Silvally|3
|faint|p1a: Silvally
|
|-weather|Sandstorm|[upkeep]
|upkeep
|
|t:|1619941110
|switch|p1a: Vikavolt|Vikavolt, F|37/100
|turn|13
|
|t:|1619941117
|switch|p2a: Sandslash|Sandslash, M|82/100
|-activate|p2a: Sandslash|move: Sticky Web
|-unboost|p2a: Sandslash|spe|1
|move|p1a: Vikavolt|Energy Ball|p2a: Sandslash
|-supereffective|p2a: Sandslash
|-damage|p2a: Sandslash|0 fnt
|faint|p2a: Sandslash
|
|-weather|Sandstorm|[upkeep]
|-damage|p1a: Vikavolt|31/100|[from] Sandstorm
|upkeep
|
|t:|1619941126
|switch|p2a: Perrserker|Perrserker, M|100/100
|-activate|p2a: Perrserker|move: Sticky Web
|-unboost|p2a: Perrserker|spe|1
|turn|14
|
|t:|1619941131
|move|p2a: Perrserker|Fake Out|p1a: Vikavolt
|-damage|p1a: Vikavolt|9/100
|cant|p1a: Vikavolt|flinch
|
|-weather|Sandstorm|[upkeep]
|-damage|p1a: Vikavolt|3/100|[from] Sandstorm
|upkeep
|turn|15
|
|t:|1619941141
|move|p1a: Vikavolt|Volt Switch|p2a: Perrserker
|-damage|p2a: Perrserker|58/100
|
|t:|1619941144
|switch|p1a: Boltund|Boltund, M|100/100|[from]move: Volt Switch
|move|p2a: Perrserker|U-turn|p1a: Boltund
|-crit|p1a: Boltund
|-damage|p1a: Boltund|7/100
|
|t:|1619941151
|switch|p2a: Clefairy|Clefairy, M|100/100|[from]move: U-turn
|-activate|p2a: Clefairy|move: Sticky Web
|-unboost|p2a: Clefairy|spe|1
|
|-weather|Sandstorm|[upkeep]
|-damage|p1a: Boltund|0 fnt|[from] Sandstorm
|faint|p1a: Boltund
|upkeep
|
|t:|1619941155
|switch|p1a: Toxicroak|Toxicroak, F|100/100
|turn|16
|
|t:|1619941163
|move|p1a: Toxicroak|Nasty Plot|p1a: Toxicroak
|-boost|p1a: Toxicroak|spa|2
|move|p2a: Clefairy|Moonblast|p1a: Toxicroak
|-damage|p1a: Toxicroak|67/100
|-unboost|p1a: Toxicroak|spa|1
|
|-weather|none
|upkeep
|turn|17
|
|t:|1619941172
|switch|p2a: Gigalith|Gigalith, M|8/100
|-activate|p2a: Gigalith|move: Sticky Web
|-unboost|p2a: Gigalith|spe|1
|-weather|Sandstorm|[from] ability: Sand Stream|[of] p2a: Gigalith
|move|p1a: Toxicroak|Sludge Wave|p2a: Gigalith
|-resisted|p2a: Gigalith
|-damage|p2a: Gigalith|0 fnt
|faint|p2a: Gigalith
|-damage|p1a: Toxicroak|57/100|[from] item: Life Orb
|
|-weather|Sandstorm|[upkeep]
|-damage|p1a: Toxicroak|51/100|[from] Sandstorm
|upkeep
|
|t:|1619941183
|switch|p2a: Perrserker|Perrserker, M|58/100
|-activate|p2a: Perrserker|move: Sticky Web
|-unboost|p2a: Perrserker|spe|1
|turn|18
|
|t:|1619941191
|switch|p1a: Scyther|Scyther, M|100/100
|move|p2a: Perrserker|Fake Out|p1a: Scyther
|-damage|p1a: Scyther|75/100
|
|-weather|Sandstorm|[upkeep]
|-damage|p1a: Scyther|69/100|[from] Sandstorm
|upkeep
|turn|19
|
|t:|1619941199
|move|p1a: Scyther|Knock Off|p2a: Perrserker
|-damage|p2a: Perrserker|30/100
|-enditem|p2a: Perrserker|Assault Vest|[from] move: Knock Off|[of] p1a: Scyther
|move|p2a: Perrserker|Iron Head|p1a: Scyther
|-damage|p1a: Scyther|0 fnt
|faint|p1a: Scyther
|
|-weather|Sandstorm|[upkeep]
|upkeep
|
|t:|1619941207
|switch|p1a: Vikavolt|Vikavolt, F|3/100
|turn|20
|
|t:|1619941211
|switch|p2a: Clefairy|Clefairy, M|100/100
|-activate|p2a: Clefairy|move: Sticky Web
|-unboost|p2a: Clefairy|spe|1
|move|p1a: Vikavolt|Volt Switch|p2a: Clefairy
|-damage|p2a: Clefairy|64/100
|
|t:|1619941214
|switch|p1a: Toxicroak|Toxicroak, F|51/100|[from]move: Volt Switch
|
|-weather|Sandstorm|[upkeep]
|-damage|p1a: Toxicroak|45/100|[from] Sandstorm
|upkeep
|turn|21
|
|t:|1619941223
|move|p1a: Toxicroak|Sludge Wave|p2a: Clefairy
|-supereffective|p2a: Clefairy
|-damage|p2a: Clefairy|0 fnt
|faint|p2a: Clefairy
|-damage|p1a: Toxicroak|35/100|[from] item: Life Orb
|
|-weather|Sandstorm|[upkeep]
|-damage|p1a: Toxicroak|29/100|[from] Sandstorm
|upkeep
|
|t:|1619941230
|switch|p2a: Perrserker|Perrserker, M|30/100
|-activate|p2a: Perrserker|move: Sticky Web
|-unboost|p2a: Perrserker|spe|1
|turn|22
|
|t:|1619941236
|switch|p1a: Vikavolt|Vikavolt, F|3/100
|move|p2a: Perrserker|Fake Out|p1a: Vikavolt
|-damage|p1a: Vikavolt|0 fnt
|faint|p1a: Vikavolt
|
|-weather|Sandstorm|[upkeep]
|upkeep
|
|t:|1619941237
|switch|p1a: Toxicroak|Toxicroak, F|29/100
|turn|23
|
|t:|1619941244
|move|p1a: Toxicroak|Vacuum Wave|p2a: Perrserker
|-supereffective|p2a: Perrserker
|-damage|p2a: Perrserker|0 fnt
|faint|p2a: Perrserker
|
|win|Vy8
|-damage|p1a: Toxicroak|19/100|[from] item: Life Orb
|raw|Vy8's rating: 1443 &rarr; <strong>1458</strong><br />(+15 for winning)
|raw|Jv912's rating: 1358 &rarr; <strong>1343</strong><br />(-15 for losing)
|l|☆Jv912
|c|☆Vy8|Explain to me
|c|☆Vy8|How can u be this lucky
|j| Embodiment of bad
