|j|☆Master Densetsu
|j|☆Joke Sets
|player|p1|Master Densetsu|palmer|1000
|player|p2|Joke Sets|beauty-gen2jp|1044
|teamsize|p1|6
|teamsize|p2|6
|gametype|singles
|gen|8
|tier|[Gen 8] PU
|rated|
|clearpoke
|poke|p1|Dusclops, F|
|poke|p1|Carkol, F|
|poke|p1|Drakloak, F|
|poke|p1|Duosion, M|
|poke|p1|Shiinotic, F|
|poke|p1|Fraxure, M|
|poke|p2|Dubwool, F|
|poke|p2|Drakloak, M|
|poke|p2|Roselia, M|
|poke|p2|Shuckle, F|
|poke|p2|Pawniard, M|
|poke|p2|Manectric, M|
|rule|Sleep Clause Mod: Limit one foe put to sleep
|rule|Species Clause: Limit one of each Pokémon
|rule|OHKO Clause: OHKO moves are banned
|rule|Evasion Moves Clause: Evasion moves are banned
|rule|Endless Battle Clause: Forcing endless battles is banned
|rule|HP Percentage Mod: HP is shown in percentages
|rule|Dynamax Clause: You cannot dynamax
|teampreview
|
|start
|switch|p1a: Carkol|Carkol, F|100/100
|switch|p2a: Roselia|Roselia, M|100/100
|turn|1
|
|move|p2a: Roselia|Sleep Powder|p1a: Carkol|[miss]
|-miss|p2a: Roselia|p1a: Carkol
|move|p1a: Carkol|Rock Polish|p1a: Carkol
|-boost|p1a: Carkol|spe|2
|
|upkeep
|turn|2
|
|switch|p2a: Shuckle|Shuckle, F|100/100
|move|p1a: Carkol|Flamethrower|p2a: Shuckle
|-damage|p2a: Shuckle|80/100
|
|upkeep
|turn|3
|
|move|p1a: Carkol|Ancient Power|p2a: Shuckle
|-supereffective|p2a: Shuckle
|-damage|p2a: Shuckle|51/100
|move|p2a: Shuckle|Encore|p1a: Carkol
|-start|p1a: Carkol|Encore
|
|upkeep
|turn|4
|
|move|p1a: Carkol|Ancient Power|p2a: Shuckle
|-supereffective|p2a: Shuckle
|-damage|p2a: Shuckle|19/100
|move|p2a: Shuckle|Sticky Web|p1a: Carkol
|-sidestart|p1: Master Densetsu|move: Sticky Web
|
|upkeep
|turn|5
|
|move|p1a: Carkol|Ancient Power|p2a: Shuckle
|-supereffective|p2a: Shuckle
|-damage|p2a: Shuckle|0 fnt
|faint|p2a: Shuckle
|
|upkeep
|
|switch|p2a: Drakloak|Drakloak, M|100/100
|turn|6
|
|move|p1a: Carkol|Ancient Power|p2a: Drakloak
|-damage|p2a: Drakloak|69/100
|move|p2a: Drakloak|Thunder Wave|p1a: Carkol
|-status|p1a: Carkol|par
|
|-end|p1a: Carkol|Encore
|upkeep
|turn|7
|
|move|p2a: Drakloak|Hex|p1a: Carkol
|-damage|p1a: Carkol|61/100 par
|move|p1a: Carkol|Ancient Power|p2a: Drakloak
|-damage|p2a: Drakloak|39/100
|
|upkeep
|turn|8
|
|move|p2a: Drakloak|Hex|p1a: Carkol
|-damage|p1a: Carkol|22/100 par
|move|p1a: Carkol|Scald|p2a: Drakloak
|-resisted|p2a: Drakloak
|-damage|p2a: Drakloak|27/100
|-status|p2a: Drakloak|brn
|
|-damage|p2a: Drakloak|21/100 brn|[from] brn
|upkeep
|turn|9
|
|move|p2a: Drakloak|Hex|p1a: Carkol
|-damage|p1a: Carkol|0 fnt
|faint|p1a: Carkol
|
|-damage|p2a: Drakloak|15/100 brn|[from] brn
|upkeep
|
|switch|p1a: Dusclops|Dusclops, F|100/100
|-activate|p1a: Dusclops|move: Sticky Web
|-unboost|p1a: Dusclops|spe|1
|-ability|p1a: Dusclops|Pressure
|turn|10
|
|move|p2a: Drakloak|Thunder Wave|p1a: Dusclops
|-status|p1a: Dusclops|par
|move|p1a: Dusclops|Hex|p2a: Drakloak
|-supereffective|p2a: Drakloak
|-damage|p2a: Drakloak|0 fnt
|faint|p2a: Drakloak
|
|upkeep
|
|switch|p2a: Pawniard|Pawniard, M|100/100
|turn|11
|
|move|p2a: Pawniard|Swords Dance|p2a: Pawniard
|-boost|p2a: Pawniard|atk|2
|move|p1a: Dusclops|Will-O-Wisp|p2a: Pawniard
|-status|p2a: Pawniard|brn
|
|-damage|p2a: Pawniard|94/100 brn|[from] brn
|upkeep
|turn|12
|
|move|p2a: Pawniard|Swords Dance|p2a: Pawniard
|-boost|p2a: Pawniard|atk|2
|cant|p1a: Dusclops|par
|
|-damage|p2a: Pawniard|88/100 brn|[from] brn
|upkeep
|turn|13
|
|move|p2a: Pawniard|Swords Dance|p2a: Pawniard
|-boost|p2a: Pawniard|atk|2
|cant|p1a: Dusclops|par
|
|-damage|p2a: Pawniard|82/100 brn|[from] brn
|upkeep
|turn|14
|
|move|p2a: Pawniard|Knock Off|p1a: Dusclops
|-supereffective|p1a: Dusclops
|-damage|p1a: Dusclops|7/100 par
|-enditem|p1a: Dusclops|Eviolite|[from] move: Knock Off|[of] p2a: Pawniard
|move|p1a: Dusclops|Hex|p2a: Pawniard
|-resisted|p2a: Pawniard
|-damage|p2a: Pawniard|51/100 brn
|
|-damage|p2a: Pawniard|45/100 brn|[from] brn
|upkeep
|turn|15
|
|move|p2a: Pawniard|Iron Head|p1a: Dusclops
|-damage|p1a: Dusclops|0 fnt
|faint|p1a: Dusclops
|
|-damage|p2a: Pawniard|39/100 brn|[from] brn
|upkeep
|
|switch|p1a: Shiinotic|Shiinotic, F|100/100
|-activate|p1a: Shiinotic|move: Sticky Web
|-unboost|p1a: Shiinotic|spe|1
|turn|16
|
|move|p2a: Pawniard|Iron Head|p1a: Shiinotic
|-supereffective|p1a: Shiinotic
|-damage|p1a: Shiinotic|0 fnt
|faint|p1a: Shiinotic
|
|-damage|p2a: Pawniard|33/100 brn|[from] brn
|upkeep
|
|switch|p1a: Duosion|Duosion, M|100/100
|-activate|p1a: Duosion|move: Sticky Web
|-unboost|p1a: Duosion|spe|1
|turn|17
|
|move|p2a: Pawniard|Knock Off|p1a: Duosion
|-supereffective|p1a: Duosion
|-damage|p1a: Duosion|0 fnt
|-enditem|p1a: Duosion|Eviolite|[from] move: Knock Off|[of] p2a: Pawniard
|faint|p1a: Duosion
|
|-damage|p2a: Pawniard|27/100 brn|[from] brn
|upkeep
|
|switch|p1a: Fraxure|Fraxure, M|100/100
|-activate|p1a: Fraxure|move: Sticky Web
|-unboost|p1a: Fraxure|spe|1
|-ability|p1a: Fraxure|Mold Breaker
|turn|18
|
|move|p1a: Fraxure|First Impression|p2a: Pawniard
|-damage|p2a: Pawniard|0 fnt
|faint|p2a: Pawniard
|
|upkeep
|
|switch|p2a: Roselia|Roselia, M|100/100
|turn|19
|
|move|p2a: Roselia|Sleep Powder|p1a: Fraxure
|-status|p1a: Fraxure|slp|[from] move: Sleep Powder
|cant|p1a: Fraxure|slp
|
|upkeep
|turn|20
|
|move|p2a: Roselia|Leaf Storm|p1a: Fraxure
|-resisted|p1a: Fraxure
|-damage|p1a: Fraxure|59/100 slp
|-unboost|p2a: Roselia|spa|2
|-enditem|p2a: Roselia|Eject Pack
|
|switch|p2a: Dubwool|Dubwool, F|100/100
|cant|p1a: Fraxure|slp
|
|upkeep
|turn|21
|
|move|p2a: Dubwool|Substitute|p2a: Dubwool
|-start|p2a: Dubwool|Substitute
|-damage|p2a: Dubwool|76/100
|-curestatus|p1a: Fraxure|slp|[msg]
|move|p1a: Fraxure|Dragon Dance|p1a: Fraxure
|-boost|p1a: Fraxure|atk|1
|-boost|p1a: Fraxure|spe|1
|
|-heal|p2a: Dubwool|82/100|[from] item: Leftovers
|upkeep
|turn|22
|
|move|p2a: Dubwool|Cotton Guard|p2a: Dubwool
|-boost|p2a: Dubwool|def|3
|move|p1a: Fraxure|Low Kick|p2a: Dubwool
|-supereffective|p2a: Dubwool
|-activate|p2a: Dubwool|move: Substitute|[damage]
|
|-heal|p2a: Dubwool|88/100|[from] item: Leftovers
|upkeep
|turn|23
|
|move|p2a: Dubwool|Thunder Wave|p1a: Fraxure
|-status|p1a: Fraxure|par
|move|p1a: Fraxure|Low Kick|p2a: Dubwool
|-supereffective|p2a: Dubwool
|-end|p2a: Dubwool|Substitute
|
|-heal|p2a: Dubwool|94/100|[from] item: Leftovers
|upkeep
|turn|24
|
|move|p2a: Dubwool|Substitute|p2a: Dubwool
|-start|p2a: Dubwool|Substitute
|-damage|p2a: Dubwool|69/100
|cant|p1a: Fraxure|par
|
|-heal|p2a: Dubwool|75/100|[from] item: Leftovers
|upkeep
|turn|25
|-message|Master Densetsu forfeited.
|
|win|Joke Sets
|l|☆Master Densetsu
|raw|Master Densetsu's rating: 1000 &rarr; <strong>1000</strong><br />(+0 for losing)
|raw|Joke Sets's rating: 1045 &rarr; <strong>1074</strong><br />(+29 for winning)
