|j|☆eruza02
|j|☆panned bomb
|t:|1643759658
|gametype|singles
|player|p1|eruza02|hooligans|1360
|player|p2|panned bomb|266|1520
|teamsize|p1|6
|teamsize|p2|6
|gen|8
|tier|[Gen 8] PU
|rated|
|rule|Sleep Clause Mod: Limit one foe put to sleep
|rule|Species Clause: Limit one of each Pokémon
|rule|OHKO Clause: OHKO moves are banned
|rule|Evasion Moves Clause: Evasion moves are banned
|rule|Endless Battle Clause: Forcing endless battles is banned
|rule|HP Percentage Mod: HP is shown in percentages
|rule|Dynamax Clause: You cannot dynamax
|clearpoke
|poke|p1|Lilligant, F|
|poke|p1|Whimsicott, F|
|poke|p1|Rhydon, F|
|poke|p1|Silvally-*|
|poke|p1|Wishiwashi, M|
|poke|p1|Rapidash, F|
|poke|p2|Frosmoth, F|
|poke|p2|Kabutops, M|
|poke|p2|Magneton|
|poke|p2|Palossand, M|
|poke|p2|Skuntank, F|
|poke|p2|Eldegoss, F|
|teampreview
|inactive|Battle timer is ON: inactive players will automatically lose when time's up. (requested by eruza02)
|inactive|panned bomb has 120 seconds left.
|
|t:|1643759724
|start
|switch|p1a: Wishiwashi|Wishiwashi, M|100/100
|switch|p2a: Palossand|Palossand, M|100/100
|-formechange|p1a: Wishiwashi|Wishiwashi-School||[from] ability: Schooling
|turn|1
|
|t:|1643759732
|switch|p2a: Eldegoss|Eldegoss, F|100/100
|move|p1a: Wishiwashi|Ice Beam|p2a: Eldegoss
|-supereffective|p2a: Eldegoss
|-damage|p2a: Eldegoss|31/100
|
|upkeep
|turn|2
|
|t:|1643759740
|switch|p2a: Magneton|Magneton|100/100
|move|p1a: Wishiwashi|Ice Beam|p2a: Magneton
|-resisted|p2a: Magneton
|-damage|p2a: Magneton|73/100
|
|upkeep
|turn|3
|
|t:|1643759747
|switch|p1a: Rhydon|Rhydon, F|100/100
|move|p2a: Magneton|Flash Cannon|p1a: Rhydon
|-supereffective|p1a: Rhydon
|-damage|p1a: Rhydon|0 fnt
|faint|p1a: Rhydon
|
|upkeep
|
|t:|1643759756
|switch|p1a: Rapidash|Rapidash, F|100/100
|turn|4
|
|t:|1643759762
|move|p1a: Rapidash|Flare Blitz|p2a: Magneton
|-supereffective|p2a: Magneton
|-crit|p2a: Magneton
|-damage|p2a: Magneton|0 fnt
|faint|p2a: Magneton
|-damage|p1a: Rapidash|75/100|[from] Recoil
|
|upkeep
|
|t:|1643759765
|switch|p2a: Kabutops|Kabutops, M|100/100
|turn|5
|
|t:|1643759771
|move|p1a: Rapidash|Wild Charge|p2a: Kabutops
|-supereffective|p2a: Kabutops
|-damage|p2a: Kabutops|16/100
|-ability|p2a: Kabutops|Weak Armor|boost
|-unboost|p2a: Kabutops|def|1
|-boost|p2a: Kabutops|spe|2
|-damage|p1a: Rapidash|55/100|[from] Recoil
|move|p2a: Kabutops|Stone Edge|p1a: Rapidash
|-supereffective|p1a: Rapidash
|-damage|p1a: Rapidash|0 fnt
|faint|p1a: Rapidash
|
|upkeep
|
|t:|1643759791
|switch|p1a: Silvally|Silvally|100/100
|turn|6
|
|t:|1643759796
|move|p2a: Kabutops|Stone Edge|p1a: Silvally
|-damage|p1a: Silvally|22/100
|move|p1a: Silvally|U-turn|p2a: Kabutops
|-damage|p2a: Kabutops|0 fnt
|faint|p2a: Kabutops
|
|t:|1643759809
|switch|p1a: Lilligant|Lilligant, F|100/100|[from]move: U-turn
|
|upkeep
|
|t:|1643759814
|switch|p2a: Skuntank|Skuntank, F|100/100
|turn|7
|
|t:|1643759818
|move|p1a: Lilligant|Sleep Powder|p2a: Skuntank
|-status|p2a: Skuntank|slp|[from] move: Sleep Powder
|cant|p2a: Skuntank|slp
|
|upkeep
|turn|8
|
|t:|1643759824
|switch|p2a: Frosmoth|Frosmoth, F|100/100
|move|p1a: Lilligant|Quiver Dance|p1a: Lilligant
|-boost|p1a: Lilligant|spa|1
|-boost|p1a: Lilligant|spd|1
|-boost|p1a: Lilligant|spe|1
|
|upkeep
|turn|9
|
|t:|1643759832
|move|p1a: Lilligant|Pollen Puff|p2a: Frosmoth
|-damage|p2a: Frosmoth|74/100
|move|p2a: Frosmoth|Quiver Dance|p2a: Frosmoth
|-boost|p2a: Frosmoth|spa|1
|-boost|p2a: Frosmoth|spd|1
|-boost|p2a: Frosmoth|spe|1
|
|upkeep
|turn|10
|
|t:|1643759841
|switch|p1a: Whimsicott|Whimsicott, F|100/100
|move|p2a: Frosmoth|Quiver Dance|p2a: Frosmoth
|-boost|p2a: Frosmoth|spa|1
|-boost|p2a: Frosmoth|spd|1
|-boost|p2a: Frosmoth|spe|1
|
|upkeep
|turn|11
|
|t:|1643759848
|switch|p2a: Eldegoss|Eldegoss, F|64/100
|move|p1a: Whimsicott|Encore||[still]
|-fail|p1a: Whimsicott
|
|upkeep
|turn|12
|
|t:|1643759854
|move|p1a: Whimsicott|Moonblast|p2a: Eldegoss
|-damage|p2a: Eldegoss|42/100
|move|p2a: Eldegoss|Energy Ball|p1a: Whimsicott
|-resisted|p1a: Whimsicott
|-damage|p1a: Whimsicott|80/100
|
|upkeep
|turn|13
|
|t:|1643759861
|switch|p2a: Frosmoth|Frosmoth, F|74/100
|move|p1a: Whimsicott|Moonblast|p2a: Frosmoth
|-damage|p2a: Frosmoth|55/100
|-unboost|p2a: Frosmoth|spa|1
|
|upkeep
|turn|14
|
|t:|1643759869
|switch|p1a: Wishiwashi|Wishiwashi, M|100/100
|-formechange|p1a: Wishiwashi|Wishiwashi-School||[from] ability: Schooling
|move|p2a: Frosmoth|Ice Beam|p1a: Wishiwashi
|-resisted|p1a: Wishiwashi
|-damage|p1a: Wishiwashi|88/100
|
|upkeep
|turn|15
|
|t:|1643759880
|switch|p2a: Eldegoss|Eldegoss, F|76/100
|move|p1a: Wishiwashi|Toxic|p2a: Eldegoss
|-status|p2a: Eldegoss|tox
|
|-damage|p2a: Eldegoss|70/100 tox|[from] psn
|upkeep
|turn|16
|
|t:|1643759890
|switch|p1a: Silvally|Silvally|22/100
|move|p2a: Eldegoss|Energy Ball|p1a: Silvally
|-damage|p1a: Silvally|0 fnt
|faint|p1a: Silvally
|
|-damage|p2a: Eldegoss|57/100 tox|[from] psn
|upkeep
|
|t:|1643759905
|switch|p1a: Lilligant|Lilligant, F|100/100
|turn|17
|
|t:|1643759914
|switch|p2a: Frosmoth|Frosmoth, F|55/100
|move|p1a: Lilligant|Quiver Dance|p1a: Lilligant
|-boost|p1a: Lilligant|spa|1
|-boost|p1a: Lilligant|spd|1
|-boost|p1a: Lilligant|spe|1
|
|upkeep
|turn|18
|
|t:|1643759933
|move|p1a: Lilligant|Quiver Dance|p1a: Lilligant
|-boost|p1a: Lilligant|spa|1
|-boost|p1a: Lilligant|spd|1
|-boost|p1a: Lilligant|spe|1
|move|p2a: Frosmoth|Ice Beam|p1a: Lilligant
|-supereffective|p1a: Lilligant
|-damage|p1a: Lilligant|41/100
|
|upkeep
|turn|19
|
|t:|1643759941
|move|p1a: Lilligant|Petal Dance|p2a: Frosmoth
|-resisted|p2a: Frosmoth
|-damage|p2a: Frosmoth|14/100
|move|p2a: Frosmoth|Ice Beam|p1a: Lilligant
|-supereffective|p1a: Lilligant
|-damage|p1a: Lilligant|0 fnt
|faint|p1a: Lilligant
|
|upkeep
|
|t:|1643759950
|switch|p1a: Whimsicott|Whimsicott, F|80/100
|turn|20
|
|t:|1643759954
|move|p1a: Whimsicott|Moonblast|p2a: Frosmoth
|-damage|p2a: Frosmoth|0 fnt
|faint|p2a: Frosmoth
|
|upkeep
|
|t:|1643759957
|switch|p2a: Palossand|Palossand, M|100/100
|turn|21
|
|t:|1643759963
|move|p1a: Whimsicott|Energy Ball|p2a: Palossand
|-supereffective|p2a: Palossand
|-crit|p2a: Palossand
|-damage|p2a: Palossand|0 fnt
|faint|p2a: Palossand
|
|upkeep
|
|t:|1643759967
|switch|p2a: Skuntank|Skuntank, F|100/100 slp
|turn|22
|
|t:|1643759974
|move|p1a: Whimsicott|Moonblast|p2a: Skuntank
|-crit|p2a: Skuntank
|-damage|p2a: Skuntank|27/100 slp
|-unboost|p2a: Skuntank|spa|1
|cant|p2a: Skuntank|slp
|
|-heal|p2a: Skuntank|33/100 slp|[from] item: Leftovers
|upkeep
|turn|23
|
|t:|1643759984
|move|p1a: Whimsicott|Moonblast|p2a: Skuntank
|-damage|p2a: Skuntank|0 fnt
|faint|p2a: Skuntank
|
|upkeep
|
|t:|1643759990
|switch|p2a: Eldegoss|Eldegoss, F|91/100 tox
|turn|24
|
|t:|1643759993
|move|p1a: Whimsicott|Moonblast|p2a: Eldegoss
|-damage|p2a: Eldegoss|66/100 tox
|move|p2a: Eldegoss|Energy Ball|p1a: Whimsicott
|-resisted|p1a: Whimsicott
|-damage|p1a: Whimsicott|59/100
|
|-damage|p2a: Eldegoss|59/100 tox|[from] psn
|upkeep
|turn|25
|
|t:|1643760003
|move|p1a: Whimsicott|Moonblast|p2a: Eldegoss
|-damage|p2a: Eldegoss|35/100 tox
|move|p2a: Eldegoss|Energy Ball|p1a: Whimsicott
|-resisted|p1a: Whimsicott
|-damage|p1a: Whimsicott|38/100
|
|-damage|p2a: Eldegoss|23/100 tox|[from] psn
|upkeep
|turn|26
|
|t:|1643760012
|move|p1a: Whimsicott|Moonblast|p2a: Eldegoss
|-damage|p2a: Eldegoss|0 fnt
|faint|p2a: Eldegoss
|
|win|eruza02
|raw|eruza02's rating: 1360 &rarr; <strong>1389</strong><br />(+29 for winning)
|raw|panned bomb's rating: 1520 &rarr; <strong>1491</strong><br />(-29 for losing)
|c|☆panned bomb|GG
|c|☆eruza02|Gg
|l|☆panned bomb
||Ladder isn't responding, score probably updated but might not have (Request timeout).
