|html|<div class="broadcast-blue"><strong>[Gen 8] PU is currently suspecting Vanilluxe! For information on how to participate check out the <a href="https://www.smogon.com/forums/threads/np-ss-pu-stage-10-ice-cream-vanilluxe-suspect-test.3705646/">suspect thread</a>.</strong></div>
|j|☆undertesting
|j|☆Haffling
|t:|1659903683
|gametype|singles
|player|p1|undertesting|guitarist|
|player|p2|Haffling|cyrus|
|teamsize|p1|6
|teamsize|p2|6
|gen|8
|tier|[Gen 8] PU
|rated|Tournament battle
|rule|Sleep Clause Mod: Limit one foe put to sleep
|rule|Species Clause: Limit one of each Pokémon
|rule|OHKO Clause: OHKO moves are banned
|rule|Evasion Items Clause: Evasion items are banned
|rule|Evasion Moves Clause: Evasion moves are banned
|rule|Endless Battle Clause: Forcing endless battles is banned
|rule|HP Percentage Mod: HP is shown in percentages
|rule|Dynamax Clause: You cannot dynamax
|clearpoke
|poke|p1|Jellicent, F|
|poke|p1|Hattrem, F|
|poke|p1|Togedemaru, M|
|poke|p1|Whimsicott, F|
|poke|p1|Regirock|
|poke|p1|Charizard, M|
|poke|p2|Sableye, F|
|poke|p2|Mesprit|
|poke|p2|Ribombee, F|
|poke|p2|Togedemaru, M|
|poke|p2|Sandslash, F|
|poke|p2|Wishiwashi, M|
|teampreview
|c|☆Haffling|hf
|j| PU Clown
|c|☆undertesting|u2
|
|t:|1659903747
|start
|switch|p1a: Whimsicott|Whimsicott, F|100/100
|switch|p2a: Sandslash|Sandslash, F|100/100
|turn|1
|
|t:|1659903756
|switch|p1a: Hattrem|Hattrem, F|100/100
|switch|p2a: Togedemaru|Togedemaru, M|100/100
|
|upkeep
|turn|2
|
|t:|1659903774
|switch|p1a: Togedemaru|Togedemaru, M|100/100
|move|p2a: Togedemaru|U-turn|p1a: Togedemaru
|-resisted|p1a: Togedemaru
|-damage|p1a: Togedemaru|89/100
|
|t:|1659903782
|switch|p2a: Sableye|Sableye, F|100/100|[from]move: U-turn
|
|-heal|p1a: Togedemaru|95/100|[from] item: Leftovers
|upkeep
|turn|3
|j| yandaud
|inactive|Battle timer is ON: inactive players will automatically lose when time's up. (requested by Haffling)
|
|t:|1659903827
|move|p1a: Togedemaru|Spiky Shield|p1a: Togedemaru
|-singleturn|p1a: Togedemaru|move: Protect
|move|p2a: Sableye|Knock Off|p1a: Togedemaru
|-activate|p1a: Togedemaru|move: Protect
|-damage|p2a: Sableye|88/100|[from] Spiky Shield|[of] p1a: Togedemaru
|
|-heal|p1a: Togedemaru|100/100|[from] item: Leftovers
|upkeep
|turn|4
|inactive|undertesting has 120 seconds left.
|
|t:|1659903875
|move|p1a: Togedemaru|U-turn|p2a: Sableye
|-damage|p2a: Sableye|74/100
|
|t:|1659903877
|switch|p1a: Charizard|Charizard, M|100/100|[from]move: U-turn
|move|p2a: Sableye|Knock Off|p1a: Charizard
|-damage|p1a: Charizard|62/100
|-enditem|p1a: Charizard|Heavy-Duty Boots|[from] move: Knock Off|[of] p2a: Sableye
|
|upkeep
|turn|5
|
|t:|1659903887
|switch|p2a: Wishiwashi|Wishiwashi, M|100/100
|-formechange|p2a: Wishiwashi|Wishiwashi-School||[from] ability: Schooling
|move|p1a: Charizard|Toxic|p2a: Wishiwashi
|-status|p2a: Wishiwashi|tox
|
|-damage|p2a: Wishiwashi|94/100 tox|[from] psn
|upkeep
|turn|6
|inactive|undertesting has 120 seconds left.
|
|t:|1659903893
|switch|p1a: Togedemaru|Togedemaru, M|100/100
|move|p2a: Wishiwashi|U-turn|p1a: Togedemaru
|-resisted|p1a: Togedemaru
|-damage|p1a: Togedemaru|86/100
|
|t:|1659903898
|switch|p2a: Sandslash|Sandslash, F|100/100|[from]move: U-turn
|
|-heal|p1a: Togedemaru|92/100|[from] item: Leftovers
|upkeep
|turn|7
|
|t:|1659903912
|switch|p1a: Hattrem|Hattrem, F|100/100
|move|p2a: Sandslash|Earthquake|p1a: Hattrem
|-crit|p1a: Hattrem
|-damage|p1a: Hattrem|63/100
|
|upkeep
|turn|8
|inactive|undertesting has 120 seconds left.
|
|t:|1659903930
|switch|p1a: Whimsicott|Whimsicott, F|100/100
|move|p2a: Sandslash|Knock Off|p1a: Whimsicott
|-resisted|p1a: Whimsicott
|-damage|p1a: Whimsicott|85/100
|-enditem|p1a: Whimsicott|Heavy-Duty Boots|[from] move: Knock Off|[of] p2a: Sandslash
|
|upkeep
|turn|9
|
|t:|1659903936
|switch|p2a: Togedemaru|Togedemaru, M|100/100
|move|p1a: Whimsicott|U-turn|p2a: Togedemaru
|-resisted|p2a: Togedemaru
|-damage|p2a: Togedemaru|93/100
|
|t:|1659903941
|switch|p1a: Charizard|Charizard, M|62/100|[from]move: U-turn
|
|-heal|p2a: Togedemaru|99/100|[from] item: Leftovers
|upkeep
|turn|10
|
|t:|1659903945
|switch|p2a: Wishiwashi|Wishiwashi, M|94/100 tox
|-formechange|p2a: Wishiwashi|Wishiwashi-School||[from] ability: Schooling
|move|p1a: Charizard|Flamethrower|p2a: Wishiwashi
|-resisted|p2a: Wishiwashi
|-damage|p2a: Wishiwashi|80/100 tox
|
|-heal|p2a: Wishiwashi|86/100 tox|[from] item: Leftovers
|-damage|p2a: Wishiwashi|80/100 tox|[from] psn
|upkeep
|turn|11
|
|t:|1659903956
|switch|p1a: Togedemaru|Togedemaru, M|92/100
|move|p2a: Wishiwashi|Scald|p1a: Togedemaru
|-damage|p1a: Togedemaru|58/100
|
|-heal|p1a: Togedemaru|64/100|[from] item: Leftovers
|-heal|p2a: Wishiwashi|86/100 tox|[from] item: Leftovers
|-damage|p2a: Wishiwashi|74/100 tox|[from] psn
|upkeep
|turn|12
|
|t:|1659903959
|move|p1a: Togedemaru|Wish|p1a: Togedemaru
|move|p2a: Wishiwashi|Rest|p2a: Wishiwashi
|-status|p2a: Wishiwashi|slp|[from] move: Rest
|-heal|p2a: Wishiwashi|100/100 slp|[silent]
|
|-heal|p1a: Togedemaru|70/100|[from] item: Leftovers
|upkeep
|turn|13
|
|t:|1659903985
|switch|p1a: Jellicent|Jellicent, F|100/100
|cant|p2a: Wishiwashi|slp
|move|p2a: Wishiwashi|Sleep Talk|p2a: Wishiwashi
|move|p2a: Wishiwashi|Scald|p1a: Jellicent|[from]move: Sleep Talk
|-immune|p1a: Jellicent|[from] ability: Water Absorb
|
|upkeep
|turn|14
|
|t:|1659903994
|move|p1a: Jellicent|Water Spout|p2a: Wishiwashi
|-resisted|p2a: Wishiwashi
|-damage|p2a: Wishiwashi|67/100 slp
|cant|p2a: Wishiwashi|slp
|move|p2a: Wishiwashi|Sleep Talk|p2a: Wishiwashi
|move|p2a: Wishiwashi|Scald|p1a: Jellicent|[from]move: Sleep Talk
|-immune|p1a: Jellicent|[from] ability: Water Absorb
|
|-heal|p2a: Wishiwashi|73/100 slp|[from] item: Leftovers
|upkeep
|turn|15
|
|t:|1659904004
|switch|p1a: Togedemaru|Togedemaru, M|70/100
|-curestatus|p2a: Wishiwashi|slp|[msg]
|move|p2a: Wishiwashi|Rest|p2a: Wishiwashi
|-status|p2a: Wishiwashi|slp|[from] move: Rest
|-heal|p2a: Wishiwashi|100/100 slp|[silent]
|
|-heal|p1a: Togedemaru|76/100|[from] item: Leftovers
|upkeep
|turn|16
|
|t:|1659904007
|move|p1a: Togedemaru|Wish|p1a: Togedemaru
|cant|p2a: Wishiwashi|slp
|move|p2a: Wishiwashi|Sleep Talk|p2a: Wishiwashi
|move|p2a: Wishiwashi|Scald|p1a: Togedemaru|[from]move: Sleep Talk
|-damage|p1a: Togedemaru|42/100
|
|-heal|p1a: Togedemaru|48/100|[from] item: Leftovers
|upkeep
|turn|17
|
|t:|1659904017
|move|p1a: Togedemaru|Spiky Shield|p1a: Togedemaru
|-singleturn|p1a: Togedemaru|move: Protect
|cant|p2a: Wishiwashi|slp
|move|p2a: Wishiwashi|Sleep Talk|p2a: Wishiwashi
|move|p2a: Wishiwashi|Rest||[from]move: Sleep Talk|[still]
|-fail|p2a: Wishiwashi
|
|-heal|p1a: Togedemaru|98/100|[from] move: Wish|[wisher] Togedemaru
|-heal|p1a: Togedemaru|100/100|[from] item: Leftovers
|upkeep
|turn|18
|
|t:|1659904020
|move|p1a: Togedemaru|Wish|p1a: Togedemaru
|-curestatus|p2a: Wishiwashi|slp|[msg]
|move|p2a: Wishiwashi|Scald|p1a: Togedemaru
|-damage|p1a: Togedemaru|66/100
|
|-heal|p1a: Togedemaru|72/100|[from] item: Leftovers
|upkeep
|turn|19
|
|t:|1659904037
|move|p1a: Togedemaru|U-turn|p2a: Wishiwashi
|-damage|p2a: Wishiwashi|86/100
|
|t:|1659904039
|switch|p1a: Jellicent|Jellicent, F|100/100|[from]move: U-turn
|move|p2a: Wishiwashi|Scald|p1a: Jellicent
|-immune|p1a: Jellicent|[from] ability: Water Absorb
|
|-heal|p2a: Wishiwashi|92/100|[from] item: Leftovers
|upkeep
|turn|20
|l| PU Clown
|
|t:|1659904061
|move|p1a: Jellicent|Shadow Ball|p2a: Wishiwashi
|-damage|p2a: Wishiwashi|57/100
|-unboost|p2a: Wishiwashi|spd|1
|move|p2a: Wishiwashi|U-turn|p1a: Jellicent
|-resisted|p1a: Jellicent
|-damage|p1a: Jellicent|87/100
|
|t:|1659904068
|switch|p2a: Togedemaru|Togedemaru, M|99/100|[from]move: U-turn
|
|-heal|p2a: Togedemaru|100/100|[from] item: Leftovers
|upkeep
|turn|21
|
|t:|1659904082
|switch|p1a: Togedemaru|Togedemaru, M|72/100
|move|p2a: Togedemaru|Wish|p2a: Togedemaru
|
|-heal|p1a: Togedemaru|78/100|[from] item: Leftovers
|upkeep
|turn|22
|
|t:|1659904103
|switch|p2a: Wishiwashi|Wishiwashi, M|57/100
|-formechange|p2a: Wishiwashi|Wishiwashi-School||[from] ability: Schooling
|move|p1a: Togedemaru|Wish|p1a: Togedemaru
|
|-heal|p2a: Wishiwashi|100/100|[from] move: Wish|[wisher] Togedemaru
|-heal|p1a: Togedemaru|84/100|[from] item: Leftovers
|upkeep
|turn|23
|
|t:|1659904113
|switch|p1a: Jellicent|Jellicent, F|87/100
|move|p2a: Wishiwashi|U-turn|p1a: Jellicent
|-resisted|p1a: Jellicent
|-damage|p1a: Jellicent|73/100
|
|t:|1659904123
|switch|p2a: Togedemaru|Togedemaru, M|100/100|[from]move: U-turn
|
|-heal|p1a: Jellicent|100/100|[from] move: Wish|[wisher] Togedemaru
|upkeep
|turn|24
|
|t:|1659904135
|move|p2a: Togedemaru|Spiky Shield|p2a: Togedemaru
|-singleturn|p2a: Togedemaru|move: Protect
|move|p1a: Jellicent|Water Spout|p2a: Togedemaru
|-activate|p2a: Togedemaru|move: Protect
|
|upkeep
|turn|25
|
|t:|1659904144
|move|p2a: Togedemaru|U-turn|p1a: Jellicent
|-resisted|p1a: Jellicent
|-damage|p1a: Jellicent|90/100
|
|t:|1659904149
|switch|p2a: Wishiwashi|Wishiwashi, M|100/100|[from]move: U-turn
|-formechange|p2a: Wishiwashi|Wishiwashi-School||[from] ability: Schooling
|move|p1a: Jellicent|Water Spout|p2a: Wishiwashi
|-resisted|p2a: Wishiwashi
|-damage|p2a: Wishiwashi|73/100
|
|-heal|p2a: Wishiwashi|79/100|[from] item: Leftovers
|upkeep
|turn|26
|
|t:|1659904168
|switch|p1a: Togedemaru|Togedemaru, M|84/100
|move|p2a: Wishiwashi|U-turn|p1a: Togedemaru
|-resisted|p1a: Togedemaru
|-damage|p1a: Togedemaru|70/100
|
|t:|1659904173
|switch|p2a: Sandslash|Sandslash, F|100/100|[from]move: U-turn
|
|-heal|p1a: Togedemaru|76/100|[from] item: Leftovers
|upkeep
|turn|27
|
|t:|1659904183
|move|p1a: Togedemaru|Spiky Shield|p1a: Togedemaru
|-singleturn|p1a: Togedemaru|move: Protect
|move|p2a: Sandslash|Spikes|p1a: Togedemaru
|-sidestart|p1: undertesting|Spikes
|
|-heal|p1a: Togedemaru|82/100|[from] item: Leftovers
|upkeep
|turn|28
|
|t:|1659904198
|switch|p1a: Hattrem|Hattrem, F|63/100
|-damage|p1a: Hattrem|51/100|[from] Spikes
|move|p2a: Sandslash|Knock Off|p1a: Hattrem
|-supereffective|p1a: Hattrem
|-damage|p1a: Hattrem|22/100
|-enditem|p1a: Hattrem|Eviolite|[from] move: Knock Off|[of] p2a: Sandslash
|
|upkeep
|turn|29
|
|t:|1659904216
|move|p2a: Sandslash|Knock Off|p1a: Hattrem
|-supereffective|p1a: Hattrem
|-damage|p1a: Hattrem|0 fnt
|faint|p1a: Hattrem
|
|upkeep
|
|t:|1659904221
|switch|p1a: Jellicent|Jellicent, F|90/100
|-damage|p1a: Jellicent|77/100|[from] Spikes
|turn|30
|
|t:|1659904227
|switch|p2a: Wishiwashi|Wishiwashi, M|79/100
|-formechange|p2a: Wishiwashi|Wishiwashi-School||[from] ability: Schooling
|move|p1a: Jellicent|Trick|p2a: Wishiwashi
|-activate|p1a: Jellicent|move: Trick|[of] p2a: Wishiwashi
|-item|p2a: Wishiwashi|Choice Specs|[from] move: Trick
|-item|p1a: Jellicent|Leftovers|[from] move: Trick
|
|-heal|p1a: Jellicent|83/100|[from] item: Leftovers
|upkeep
|turn|31
|
|t:|1659904249
|move|p1a: Jellicent|Water Spout|p2a: Wishiwashi
|-resisted|p2a: Wishiwashi
|-damage|p2a: Wishiwashi|62/100
|move|p2a: Wishiwashi|U-turn|p1a: Jellicent
|-resisted|p1a: Jellicent
|-damage|p1a: Jellicent|69/100
|
|t:|1659904261
|switch|p2a: Togedemaru|Togedemaru, M|100/100|[from]move: U-turn
|
|-heal|p1a: Jellicent|75/100|[from] item: Leftovers
|upkeep
|turn|32
|
|t:|1659904269
|switch|p1a: Togedemaru|Togedemaru, M|82/100
|-damage|p1a: Togedemaru|69/100|[from] Spikes
|move|p2a: Togedemaru|U-turn|p1a: Togedemaru
|-resisted|p1a: Togedemaru
|-damage|p1a: Togedemaru|59/100
|
|t:|1659904278
|switch|p2a: Mesprit|Mesprit|100/100|[from]move: U-turn
|
|-heal|p1a: Togedemaru|65/100|[from] item: Leftovers
|upkeep
|turn|33
|
|t:|1659904294
|move|p2a: Mesprit|Stealth Rock|p1a: Togedemaru
|-sidestart|p1: undertesting|move: Stealth Rock
|move|p1a: Togedemaru|Wish|p1a: Togedemaru
|
|-heal|p1a: Togedemaru|71/100|[from] item: Leftovers
|upkeep
|turn|34
|
|t:|1659904303
|move|p1a: Togedemaru|Spiky Shield|p1a: Togedemaru
|-singleturn|p1a: Togedemaru|move: Protect
|move|p2a: Mesprit|U-turn|p1a: Togedemaru
|-activate|p1a: Togedemaru|move: Protect
|-damage|p2a: Mesprit|88/100|[from] Spiky Shield|[of] p1a: Togedemaru
|
|-heal|p1a: Togedemaru|100/100|[from] move: Wish|[wisher] Togedemaru
|upkeep
|turn|35
|
|t:|1659904313
|switch|p2a: Wishiwashi|Wishiwashi, M|62/100
|-formechange|p2a: Wishiwashi|Wishiwashi-School||[from] ability: Schooling
|move|p1a: Togedemaru|U-turn|p2a: Wishiwashi
|-damage|p2a: Wishiwashi|46/100
|inactive|undertesting has 120 seconds left.
|
|t:|1659904343
|switch|p1a: Whimsicott|Whimsicott, F|85/100|[from]move: U-turn
|-damage|p1a: Whimsicott|73/100|[from] Spikes
|-damage|p1a: Whimsicott|60/100|[from] Stealth Rock
|
|upkeep
|turn|36
|
|t:|1659904349
|switch|p2a: Togedemaru|Togedemaru, M|100/100
|move|p1a: Whimsicott|Giga Drain|p2a: Togedemaru
|-resisted|p2a: Togedemaru
|-damage|p2a: Togedemaru|87/100
|-heal|p1a: Whimsicott|69/100|[from] drain|[of] p2a: Togedemaru
|
|-heal|p2a: Togedemaru|93/100|[from] item: Leftovers
|upkeep
|turn|37
|
|t:|1659904357
|switch|p1a: Togedemaru|Togedemaru, M|100/100
|-damage|p1a: Togedemaru|88/100|[from] Spikes
|-damage|p1a: Togedemaru|82/100|[from] Stealth Rock
|move|p2a: Togedemaru|Iron Head|p1a: Togedemaru
|-resisted|p1a: Togedemaru
|-damage|p1a: Togedemaru|72/100
|
|-heal|p2a: Togedemaru|99/100|[from] item: Leftovers
|-heal|p1a: Togedemaru|78/100|[from] item: Leftovers
|upkeep
|turn|38
|
|t:|1659904360
|move|p2a: Togedemaru|Wish|p2a: Togedemaru
|move|p1a: Togedemaru|Wish|p1a: Togedemaru
|
|-heal|p2a: Togedemaru|100/100|[from] item: Leftovers
|-heal|p1a: Togedemaru|84/100|[from] item: Leftovers
|upkeep
|turn|39
|
|t:|1659904370
|switch|p1a: Charizard|Charizard, M|62/100
|-damage|p1a: Charizard|12/100|[from] Stealth Rock
|move|p2a: Togedemaru|U-turn|p1a: Charizard
|-resisted|p1a: Charizard
|-damage|p1a: Charizard|6/100
|
|t:|1659904372
|switch|p2a: Wishiwashi|Wishiwashi, M|46/100|[from]move: U-turn
|-formechange|p2a: Wishiwashi|Wishiwashi-School||[from] ability: Schooling
|
|-heal|p2a: Wishiwashi|100/100|[from] move: Wish|[wisher] Togedemaru
|-heal|p1a: Charizard|62/100|[from] move: Wish|[wisher] Togedemaru
|upkeep
|turn|40
|
|t:|1659904391
|switch|p1a: Jellicent|Jellicent, F|75/100
|-damage|p1a: Jellicent|62/100|[from] Spikes
|-damage|p1a: Jellicent|50/100|[from] Stealth Rock
|move|p2a: Wishiwashi|Scald|p1a: Jellicent
|-heal|p1a: Jellicent|75/100|[from] ability: Water Absorb|[of] p2a: Wishiwashi
|
|-heal|p1a: Jellicent|81/100|[from] item: Leftovers
|upkeep
|turn|41
|
|t:|1659904403
|switch|p2a: Togedemaru|Togedemaru, M|100/100
|move|p1a: Jellicent|Shadow Ball|p2a: Togedemaru
|-damage|p2a: Togedemaru|69/100
|
|-heal|p2a: Togedemaru|75/100|[from] item: Leftovers
|-heal|p1a: Jellicent|87/100|[from] item: Leftovers
|upkeep
|turn|42
|
|t:|1659904413
|move|p2a: Togedemaru|U-turn|p1a: Jellicent
|-resisted|p1a: Jellicent
|-damage|p1a: Jellicent|76/100
|
|t:|1659904415
|switch|p2a: Wishiwashi|Wishiwashi, M|100/100|[from]move: U-turn
|-formechange|p2a: Wishiwashi|Wishiwashi-School||[from] ability: Schooling
|move|p1a: Jellicent|Shadow Ball|p2a: Wishiwashi
|-damage|p2a: Wishiwashi|76/100
|
|-heal|p1a: Jellicent|82/100|[from] item: Leftovers
|upkeep
|turn|43
|
|t:|1659904423
|move|p1a: Jellicent|Shadow Ball|p2a: Wishiwashi
|-damage|p2a: Wishiwashi|51/100
|move|p2a: Wishiwashi|U-turn|p1a: Jellicent
|-resisted|p1a: Jellicent
|-damage|p1a: Jellicent|69/100
|
|t:|1659904430
|switch|p2a: Ribombee|Ribombee, F|100/100|[from]move: U-turn
|
|-heal|p1a: Jellicent|75/100|[from] item: Leftovers
|upkeep
|turn|44
|inactive|undertesting has 120 seconds left.
|
|t:|1659904466
|switch|p1a: Togedemaru|Togedemaru, M|84/100
|-damage|p1a: Togedemaru|72/100|[from] Spikes
|-damage|p1a: Togedemaru|66/100|[from] Stealth Rock
|move|p2a: Ribombee|Moonblast|p1a: Togedemaru
|-resisted|p1a: Togedemaru
|-damage|p1a: Togedemaru|47/100
|
|-heal|p1a: Togedemaru|53/100|[from] item: Leftovers
|upkeep
|turn|45
|j| joey milktank
|inactive|undertesting has 120 seconds left.
|
|t:|1659904482
|switch|p2a: Sandslash|Sandslash, F|100/100
|move|p1a: Togedemaru|Wish|p1a: Togedemaru
|
|-heal|p1a: Togedemaru|59/100|[from] item: Leftovers
|upkeep
|turn|46
|inactive|undertesting has 120 seconds left.
|
|t:|1659904507
|switch|p1a: Jellicent|Jellicent, F|75/100
|-damage|p1a: Jellicent|63/100|[from] Spikes
|-damage|p1a: Jellicent|50/100|[from] Stealth Rock
|switch|p2a: Togedemaru|Togedemaru, M|75/100
|
|-heal|p1a: Jellicent|99/100|[from] move: Wish|[wisher] Togedemaru
|-heal|p2a: Togedemaru|81/100|[from] item: Leftovers
|-heal|p1a: Jellicent|100/100|[from] item: Leftovers
|upkeep
|turn|47
|
|t:|1659904516
|move|p2a: Togedemaru|Spiky Shield|p2a: Togedemaru
|-singleturn|p2a: Togedemaru|move: Protect
|move|p1a: Jellicent|Shadow Ball|p2a: Togedemaru
|-activate|p2a: Togedemaru|move: Protect
|
|-heal|p2a: Togedemaru|87/100|[from] item: Leftovers
|upkeep
|turn|48
|
|t:|1659904524
|move|p2a: Togedemaru|Wish|p2a: Togedemaru
|move|p1a: Jellicent|Shadow Ball|p2a: Togedemaru
|-damage|p2a: Togedemaru|56/100
|
|-heal|p2a: Togedemaru|62/100|[from] item: Leftovers
|upkeep
|turn|49
|
|t:|1659904531
|move|p2a: Togedemaru|U-turn|p1a: Jellicent
|-resisted|p1a: Jellicent
|-damage|p1a: Jellicent|90/100
|
|t:|1659904533
|switch|p2a: Wishiwashi|Wishiwashi, M|51/100|[from]move: U-turn
|-formechange|p2a: Wishiwashi|Wishiwashi-School||[from] ability: Schooling
|move|p1a: Jellicent|Shadow Ball|p2a: Wishiwashi
|-damage|p2a: Wishiwashi|28/100
|
|-heal|p2a: Wishiwashi|85/100|[from] move: Wish|[wisher] Togedemaru
|-heal|p1a: Jellicent|96/100|[from] item: Leftovers
|upkeep
|turn|50
|
|t:|1659904552
|move|p1a: Jellicent|Shadow Ball|p2a: Wishiwashi
|-damage|p2a: Wishiwashi|63/100
|move|p2a: Wishiwashi|U-turn|p1a: Jellicent
|-resisted|p1a: Jellicent
|-damage|p1a: Jellicent|80/100
|
|t:|1659904559
|switch|p2a: Ribombee|Ribombee, F|100/100|[from]move: U-turn
|
|-heal|p1a: Jellicent|86/100|[from] item: Leftovers
|upkeep
|turn|51
|
|t:|1659904581
|move|p2a: Ribombee|Moonblast|p1a: Jellicent
|-damage|p1a: Jellicent|49/100
|move|p1a: Jellicent|Shadow Ball|p2a: Ribombee
|-damage|p2a: Ribombee|38/100
|
|-heal|p1a: Jellicent|55/100|[from] item: Leftovers
|upkeep
|turn|52
|inactive|Haffling has 120 seconds left.
|
|t:|1659904621
|move|p2a: Ribombee|Roost|p2a: Ribombee
|-heal|p2a: Ribombee|88/100
|-singleturn|p2a: Ribombee|move: Roost
|move|p1a: Jellicent|Shadow Ball|p2a: Ribombee
|-damage|p2a: Ribombee|32/100
|
|-heal|p1a: Jellicent|61/100|[from] item: Leftovers
|upkeep
|turn|53
|inactive|Haffling has 120 seconds left.
|inactive|undertesting has 120 seconds left.
|
|t:|1659904653
|switch|p2a: Wishiwashi|Wishiwashi, M|63/100
|-formechange|p2a: Wishiwashi|Wishiwashi-School||[from] ability: Schooling
|move|p1a: Jellicent|Shadow Ball|p2a: Wishiwashi
|-damage|p2a: Wishiwashi|38/100
|
|-heal|p1a: Jellicent|67/100|[from] item: Leftovers
|upkeep
|turn|54
|
|t:|1659904662
|move|p1a: Jellicent|Shadow Ball|p2a: Wishiwashi
|-damage|p2a: Wishiwashi|16/100
|move|p2a: Wishiwashi|Rest|p2a: Wishiwashi
|-status|p2a: Wishiwashi|slp|[from] move: Rest
|-heal|p2a: Wishiwashi|100/100 slp|[silent]
|
|-heal|p1a: Jellicent|73/100|[from] item: Leftovers
|upkeep
|turn|55
|
|t:|1659904667
|switch|p1a: Regirock|Regirock|100/100
|-damage|p1a: Regirock|88/100|[from] Spikes
|-damage|p1a: Regirock|76/100|[from] Stealth Rock
|cant|p2a: Wishiwashi|slp
|
|-heal|p1a: Regirock|82/100|[from] item: Leftovers
|upkeep
|turn|56
|
|t:|1659904670
|switch|p2a: Sandslash|Sandslash, F|100/100
|move|p1a: Regirock|Stealth Rock|p2a: Sandslash
|-sidestart|p2: Haffling|move: Stealth Rock
|
|-heal|p1a: Regirock|88/100|[from] item: Leftovers
|upkeep
|turn|57
|l| joey milktank
|
|t:|1659904678
|move|p2a: Sandslash|Rapid Spin|p1a: Regirock
|-resisted|p1a: Regirock
|-damage|p1a: Regirock|85/100
|-boost|p2a: Sandslash|spe|1
|-sideend|p2: Haffling|Stealth Rock|[from] move: Rapid Spin|[of] p2a: Sandslash
|move|p1a: Regirock|Toxic|p2a: Sandslash
|-status|p2a: Sandslash|tox
|
|-heal|p1a: Regirock|91/100|[from] item: Leftovers
|-damage|p2a: Sandslash|94/100 tox|[from] psn
|upkeep
|turn|58
|
|t:|1659904690
|switch|p1a: Whimsicott|Whimsicott, F|69/100
|-damage|p1a: Whimsicott|57/100|[from] Spikes
|-damage|p1a: Whimsicott|45/100|[from] Stealth Rock
|move|p2a: Sandslash|Spikes|p1a: Whimsicott
|-sidestart|p1: undertesting|Spikes
|
|-heal|p2a: Sandslash|100/100 tox|[from] item: Leftovers
|-damage|p2a: Sandslash|88/100 tox|[from] psn
|upkeep
|turn|59
|
|t:|1659904694
|switch|p2a: Togedemaru|Togedemaru, M|62/100
|move|p1a: Whimsicott|Giga Drain|p2a: Togedemaru
|-resisted|p2a: Togedemaru
|-damage|p2a: Togedemaru|49/100
|-heal|p1a: Whimsicott|53/100|[from] drain|[of] p2a: Togedemaru
|
|-heal|p2a: Togedemaru|55/100|[from] item: Leftovers
|upkeep
|turn|60
|l| yandaud
|
|t:|1659904703
|switch|p1a: Togedemaru|Togedemaru, M|59/100
|-damage|p1a: Togedemaru|42/100|[from] Spikes
|-damage|p1a: Togedemaru|36/100|[from] Stealth Rock
|move|p2a: Togedemaru|Iron Head|p1a: Togedemaru
|-resisted|p1a: Togedemaru
|-crit|p1a: Togedemaru
|-damage|p1a: Togedemaru|21/100
|
|-heal|p2a: Togedemaru|61/100|[from] item: Leftovers
|-heal|p1a: Togedemaru|27/100|[from] item: Leftovers
|upkeep
|turn|61
|j| joey milktank
|
|t:|1659904714
|move|p2a: Togedemaru|Wish|p2a: Togedemaru
|move|p1a: Togedemaru|Wish|p1a: Togedemaru
|
|-heal|p2a: Togedemaru|67/100|[from] item: Leftovers
|-heal|p1a: Togedemaru|33/100|[from] item: Leftovers
|upkeep
|turn|62
|l| joey milktank
|
|t:|1659904725
|switch|p2a: Sableye|Sableye, F|74/100
|move|p1a: Togedemaru|Spiky Shield||[still]
|-fail|p1a: Togedemaru
|
|-heal|p2a: Sableye|100/100|[from] move: Wish|[wisher] Togedemaru
|-heal|p1a: Togedemaru|83/100|[from] move: Wish|[wisher] Togedemaru
|-heal|p1a: Togedemaru|89/100|[from] item: Leftovers
|upkeep
|turn|63
|
|t:|1659904738
|move|p1a: Togedemaru|Spiky Shield|p1a: Togedemaru
|-singleturn|p1a: Togedemaru|move: Protect
|move|p2a: Sableye|Knock Off|p1a: Togedemaru
|-activate|p1a: Togedemaru|move: Protect
|-damage|p2a: Sableye|88/100|[from] Spiky Shield|[of] p1a: Togedemaru
|
|-heal|p1a: Togedemaru|95/100|[from] item: Leftovers
|upkeep
|turn|64
|
|t:|1659904744
|move|p2a: Sableye|Will-O-Wisp|p1a: Togedemaru
|-status|p1a: Togedemaru|brn
|move|p1a: Togedemaru|U-turn|p2a: Sableye
|-damage|p2a: Sableye|81/100
|
|t:|1659904750
|switch|p1a: Whimsicott|Whimsicott, F|53/100|[from]move: U-turn
|-damage|p1a: Whimsicott|36/100|[from] Spikes
|-damage|p1a: Whimsicott|24/100|[from] Stealth Rock
|
|upkeep
|turn|65
|
|t:|1659904756
|switch|p2a: Togedemaru|Togedemaru, M|67/100
|move|p1a: Whimsicott|Moonblast|p2a: Togedemaru
|-resisted|p2a: Togedemaru
|-damage|p2a: Togedemaru|51/100
|
|-heal|p2a: Togedemaru|57/100|[from] item: Leftovers
|upkeep
|turn|66
|
|t:|1659904765
|move|p1a: Whimsicott|Knock Off|p2a: Togedemaru
|-damage|p2a: Togedemaru|37/100
|-enditem|p2a: Togedemaru|Leftovers|[from] move: Knock Off|[of] p1a: Whimsicott
|move|p2a: Togedemaru|Iron Head|p1a: Whimsicott
|-supereffective|p1a: Whimsicott
|-damage|p1a: Whimsicott|0 fnt
|faint|p1a: Whimsicott
|
|upkeep
|
|t:|1659904781
|switch|p1a: Charizard|Charizard, M|62/100
|-damage|p1a: Charizard|13/100|[from] Stealth Rock
|turn|67
|
|t:|1659904794
|switch|p2a: Wishiwashi|Wishiwashi, M|100/100 slp
|-formechange|p2a: Wishiwashi|Wishiwashi-School||[from] ability: Schooling
|move|p1a: Charizard|Roost|p1a: Charizard
|-heal|p1a: Charizard|63/100
|-singleturn|p1a: Charizard|move: Roost
|
|upkeep
|turn|68
|
|t:|1659904798
|move|p1a: Charizard|Roost|p1a: Charizard
|-heal|p1a: Charizard|100/100
|-singleturn|p1a: Charizard|move: Roost
|cant|p2a: Wishiwashi|slp
|move|p2a: Wishiwashi|Sleep Talk|p2a: Wishiwashi
|move|p2a: Wishiwashi|U-turn|p1a: Charizard|[from]move: Sleep Talk
|-resisted|p1a: Charizard
|-damage|p1a: Charizard|86/100
|
|t:|1659904809
|switch|p2a: Sableye|Sableye, F|81/100|[from]move: U-turn
|
|upkeep
|turn|69
|
|t:|1659904829
|move|p2a: Sableye|Encore|p1a: Charizard
|-start|p1a: Charizard|Encore
|move|p1a: Charizard|Roost|p1a: Charizard
|-heal|p1a: Charizard|100/100
|-singleturn|p1a: Charizard|move: Roost
|
|upkeep
|turn|70
|
|t:|1659904843
|switch|p2a: Wishiwashi|Wishiwashi, M|100/100 slp
|-formechange|p2a: Wishiwashi|Wishiwashi-School||[from] ability: Schooling
|move|p1a: Charizard|Roost||[still]
|-fail|p1a: Charizard|heal
|
|upkeep
|turn|71
|
|t:|1659904852
|switch|p1a: Jellicent|Jellicent, F|73/100
|-damage|p1a: Jellicent|57/100|[from] Spikes
|-damage|p1a: Jellicent|44/100|[from] Stealth Rock
|-curestatus|p2a: Wishiwashi|slp|[msg]
|move|p2a: Wishiwashi|U-turn|p1a: Jellicent
|-resisted|p1a: Jellicent
|-damage|p1a: Jellicent|30/100
|
|t:|1659904861
|switch|p2a: Mesprit|Mesprit|88/100|[from]move: U-turn
|
|-heal|p1a: Jellicent|36/100|[from] item: Leftovers
|upkeep
|turn|72
|inactive|undertesting has 120 seconds left.
|
|t:|1659904897
|switch|p1a: Togedemaru|Togedemaru, M|95/100 brn
|-damage|p1a: Togedemaru|79/100 brn|[from] Spikes
|-damage|p1a: Togedemaru|73/100 brn|[from] Stealth Rock
|move|p2a: Mesprit|Psychic|p1a: Togedemaru
|-resisted|p1a: Togedemaru
|-damage|p1a: Togedemaru|53/100 brn
|-unboost|p1a: Togedemaru|spd|1
|
|-heal|p1a: Togedemaru|59/100 brn|[from] item: Leftovers
|-damage|p1a: Togedemaru|53/100 brn|[from] brn
|upkeep
|turn|73
|
|t:|1659904903
|move|p2a: Mesprit|Psychic|p1a: Togedemaru
|-resisted|p1a: Togedemaru
|-damage|p1a: Togedemaru|22/100 brn
|move|p1a: Togedemaru|Wish|p1a: Togedemaru
|
|-heal|p1a: Togedemaru|28/100 brn|[from] item: Leftovers
|-damage|p1a: Togedemaru|22/100 brn|[from] brn
|upkeep
|turn|74
|
|t:|1659904907
|move|p1a: Togedemaru|Spiky Shield|p1a: Togedemaru
|-singleturn|p1a: Togedemaru|move: Protect
|move|p2a: Mesprit|Psychic|p1a: Togedemaru
|-activate|p1a: Togedemaru|move: Protect
|
|-heal|p1a: Togedemaru|72/100 brn|[from] move: Wish|[wisher] Togedemaru
|-heal|p1a: Togedemaru|78/100 brn|[from] item: Leftovers
|-damage|p1a: Togedemaru|72/100 brn|[from] brn
|upkeep
|turn|75
|
|t:|1659904919
|move|p2a: Mesprit|Psychic|p1a: Togedemaru
|-resisted|p1a: Togedemaru
|-damage|p1a: Togedemaru|45/100 brn
|move|p1a: Togedemaru|Wish|p1a: Togedemaru
|
|-heal|p1a: Togedemaru|51/100 brn|[from] item: Leftovers
|-damage|p1a: Togedemaru|45/100 brn|[from] brn
|upkeep
|turn|76
|
|t:|1659904924
|move|p1a: Togedemaru|Spiky Shield|p1a: Togedemaru
|-singleturn|p1a: Togedemaru|move: Protect
|move|p2a: Mesprit|Psychic|p1a: Togedemaru
|-activate|p1a: Togedemaru|move: Protect
|
|-heal|p1a: Togedemaru|95/100 brn|[from] move: Wish|[wisher] Togedemaru
|-heal|p1a: Togedemaru|100/100 brn|[from] item: Leftovers
|-damage|p1a: Togedemaru|95/100 brn|[from] brn
|upkeep
|turn|77
|
|t:|1659904934
|move|p2a: Mesprit|Psychic|p1a: Togedemaru
|-resisted|p1a: Togedemaru
|-damage|p1a: Togedemaru|64/100 brn
|move|p1a: Togedemaru|U-turn|p2a: Mesprit
|-supereffective|p2a: Mesprit
|-damage|p2a: Mesprit|72/100
|
|t:|1659904957
|switch|p1a: Charizard|Charizard, M|100/100|[from]move: U-turn
|-damage|p1a: Charizard|51/100|[from] Stealth Rock
|
|upkeep
|turn|78
|
|t:|1659904963
|switch|p2a: Wishiwashi|Wishiwashi, M|100/100
|-formechange|p2a: Wishiwashi|Wishiwashi-School||[from] ability: Schooling
|move|p1a: Charizard|Hurricane|p2a: Wishiwashi
|-damage|p2a: Wishiwashi|69/100
|
|upkeep
|turn|79
|
|t:|1659904971
|move|p1a: Charizard|Roost|p1a: Charizard
|-heal|p1a: Charizard|100/100
|-singleturn|p1a: Charizard|move: Roost
|move|p2a: Wishiwashi|U-turn|p1a: Charizard
|-resisted|p1a: Charizard
|-damage|p1a: Charizard|84/100
|
|t:|1659904975
|switch|p2a: Sableye|Sableye, F|81/100|[from]move: U-turn
|
|upkeep
|turn|80
|inactive|undertesting has 120 seconds left.
|
|t:|1659905008
|move|p2a: Sableye|Encore|p1a: Charizard
|-start|p1a: Charizard|Encore
|move|p1a: Charizard|Roost|p1a: Charizard
|-heal|p1a: Charizard|100/100
|-singleturn|p1a: Charizard|move: Roost
|
|upkeep
|turn|81
|
|t:|1659905018
|switch|p1a: Togedemaru|Togedemaru, M|64/100 brn
|-damage|p1a: Togedemaru|48/100 brn|[from] Spikes
|-damage|p1a: Togedemaru|42/100 brn|[from] Stealth Rock
|move|p2a: Sableye|Knock Off|p1a: Togedemaru
|-damage|p1a: Togedemaru|8/100 brn
|-enditem|p1a: Togedemaru|Leftovers|[from] move: Knock Off|[of] p2a: Sableye
|
|-damage|p1a: Togedemaru|2/100 brn|[from] brn
|upkeep
|turn|82
|c|☆undertesting|gg
|c|☆Haffling|gg
|-message|undertesting forfeited.
|
|win|Haffling
|n|☆undertesting|undertesting
|n|☆Haffling|haffling
