|j|☆kacj0
|j|☆bababi
|t:|1638627234
|gametype|singles
|player|p1|kacj0|veteran-gen4|1372
|player|p2|bababi|cress|1563
|teamsize|p1|6
|teamsize|p2|6
|gen|8
|tier|[Gen 8] PU
|rated|
|rule|Sleep Clause Mod: Limit one foe put to sleep
|rule|Species Clause: Limit one of each Pokémon
|rule|OHKO Clause: OHKO moves are banned
|rule|Evasion Moves Clause: Evasion moves are banned
|rule|Endless Battle Clause: Forcing endless battles is banned
|rule|HP Percentage Mod: HP is shown in percentages
|rule|Dynamax Clause: You cannot dynamax
|clearpoke
|poke|p1|Lycanroc-Midnight, F|
|poke|p1|Flareon, F|
|poke|p1|Walrein, F|
|poke|p1|Tsareena, F|
|poke|p1|Basculin, M|
|poke|p1|Accelgor, M|
|poke|p2|Sneasel, F|
|poke|p2|Ribombee, M|
|poke|p2|Regirock|
|poke|p2|Wishiwashi, M|
|poke|p2|Tsareena, F|
|poke|p2|Togedemaru, M|
|teampreview
|inactive|Battle timer is ON: inactive players will automatically lose when time's up. (requested by kacj0)
|
|t:|1638627262
|start
|switch|p1a: Accelgor|Accelgor, M|100/100
|switch|p2a: Wishiwashi|Wishiwashi, M|100/100
|-formechange|p2a: Wishiwashi|Wishiwashi-School||[from] ability: Schooling
|turn|1
|
|t:|1638627270
|move|p1a: Accelgor|Final Gambit|p2a: Wishiwashi
|-damage|p2a: Wishiwashi|0 fnt
|faint|p1a: Accelgor
|faint|p2a: Wishiwashi
|
|upkeep
|j| EmpressoftheElite4
|
|t:|1638627278
|switch|p1a: Basculin|Basculin, M|100/100
|switch|p2a: Tsareena|Tsareena, F|100/100
|turn|2
|
|t:|1638627285
|move|p1a: Basculin|Final Gambit|p2a: Tsareena
|-damage|p2a: Tsareena|0 fnt
|faint|p1a: Basculin
|faint|p2a: Tsareena
|
|upkeep
|
|t:|1638627293
|switch|p1a: Walrein|Walrein, F|100/100
|switch|p2a: Togedemaru|Togedemaru, M|100/100
|turn|3
|
|t:|1638627301
|move|p2a: Togedemaru|Iron Head|p1a: Walrein
|-damage|p1a: Walrein|78/100
|move|p1a: Walrein|Surf|p2a: Togedemaru
|-damage|p2a: Togedemaru|44/100
|
|upkeep
|turn|4
|
|t:|1638627309
|move|p2a: Togedemaru|Iron Head|p1a: Walrein
|-damage|p1a: Walrein|52/100
|move|p1a: Walrein|Surf|p2a: Togedemaru
|-damage|p2a: Togedemaru|0 fnt
|faint|p2a: Togedemaru
|
|upkeep
|
|t:|1638627319
|switch|p2a: cope|Sneasel, F|100/100
|turn|5
|
|t:|1638627324
|move|p2a: cope|Low Kick|p1a: Walrein
|-supereffective|p1a: Walrein
|-damage|p1a: Walrein|2/100
|move|p1a: Walrein|Surf|p2a: cope
|-damage|p2a: cope|0 fnt
|faint|p2a: cope
|
|upkeep
|
|t:|1638627328
|switch|p2a: Ribombee|Ribombee, M|100/100
|turn|6
|
|t:|1638627334
|switch|p1a: Flareon|Flareon, F|100/100
|move|p2a: Ribombee|Moonblast|p1a: Flareon
|-resisted|p1a: Flareon
|-damage|p1a: Flareon|76/100
|
|upkeep
|turn|7
|
|t:|1638627343
|move|p2a: Ribombee|U-turn|p1a: Flareon
|-resisted|p1a: Flareon
|-damage|p1a: Flareon|64/100
|
|t:|1638627345
|switch|p2a: Regirock|Regirock|100/100|[from]move: U-turn
|move|p1a: Flareon|Flare Blitz|p2a: Regirock
|-resisted|p2a: Regirock
|-damage|p2a: Regirock|88/100
|-status|p2a: Regirock|brn
|-damage|p1a: Flareon|59/100|[from] Recoil
|
|-heal|p2a: Regirock|94/100 brn|[from] item: Leftovers
|-damage|p2a: Regirock|88/100 brn|[from] brn
|upkeep
|turn|8
|
|t:|1638627357
|switch|p1a: Walrein|Walrein, F|2/100
|move|p2a: Regirock|Stealth Rock|p1a: Walrein
|-sidestart|p1: kacj0|move: Stealth Rock
|
|-heal|p2a: Regirock|94/100 brn|[from] item: Leftovers
|-damage|p2a: Regirock|88/100 brn|[from] brn
|upkeep
|turn|9
|
|t:|1638627365
|switch|p2a: Ribombee|Ribombee, M|100/100
|move|p1a: Walrein|Surf|p2a: Ribombee
|-damage|p2a: Ribombee|0 fnt
|faint|p2a: Ribombee
|
|upkeep
|
|t:|1638627367
|switch|p2a: Regirock|Regirock|88/100 brn
|turn|10
|
|t:|1638627372
|move|p1a: Walrein|Surf|p2a: Regirock
|-supereffective|p2a: Regirock
|-damage|p2a: Regirock|0 fnt
|faint|p2a: Regirock
|
|win|kacj0
|raw|kacj0's rating: 1372 &rarr; <strong>1402</strong><br />(+30 for winning)
|raw|bababi's rating: 1563 &rarr; <strong>1533</strong><br />(-30 for losing)
|l|☆bababi
|l| EmpressoftheElite4
