|html|<div class="broadcast-blue"><strong>[Gen 8] PU is currently suspecting Vanilluxe! For information on how to participate check out the <a href="https://www.smogon.com/forums/threads/np-ss-pu-stage-10-ice-cream-vanilluxe-suspect-test.3705646/">suspect thread</a>.</strong></div>
|j|☆QiYu5
|j|☆Eesturn
|t:|1659578958
|gametype|singles
|player|p1|QiYu5|drayden|1571
|player|p2|Eesturn|bellelba|1437
|teamsize|p1|6
|teamsize|p2|6
|gen|8
|tier|[Gen 8] PU
|rated|
|rule|Sleep Clause Mod: Limit one foe put to sleep
|rule|Species Clause: Limit one of each Pokémon
|rule|OHKO Clause: OHKO moves are banned
|rule|Evasion Items Clause: Evasion items are banned
|rule|Evasion Moves Clause: Evasion moves are banned
|rule|Endless Battle Clause: Forcing endless battles is banned
|rule|HP Percentage Mod: HP is shown in percentages
|rule|Dynamax Clause: You cannot dynamax
|clearpoke
|poke|p1|Hattrem, F|
|poke|p1|Comfey, M|
|poke|p1|Archeops, F|
|poke|p1|Charizard, M|
|poke|p1|Gigalith, F|
|poke|p1|Scrafty, F|
|poke|p2|Gallade, M|
|poke|p2|Jynx, F|
|poke|p2|Aromatisse, F|
|poke|p2|Coalossal, M|
|poke|p2|Lanturn, F|
|poke|p2|Whimsicott, M|
|teampreview
|
|t:|1659578973
|start
|switch|p1a: 爱情来得太快就像龙卷风|Archeops, F|100/100
|switch|p2a: Whimsicott|Whimsicott, M|100/100
|turn|1
|
|t:|1659578981
|move|p2a: Whimsicott|Moonblast|p1a: 爱情来得太快就像龙卷风
|-damage|p1a: 爱情来得太快就像龙卷风|6/100
|move|p1a: 爱情来得太快就像龙卷风|U-turn|p2a: Whimsicott
|-damage|p2a: Whimsicott|72/100
|
|t:|1659578987
|switch|p1a: 窗外的麻雀在电线杆上啵嘴|Charizard, M|100/100|[from]move: U-turn
|
|upkeep
|turn|2
|
|t:|1659578992
|switch|p2a: Lanturn|Lanturn, F|100/100
|move|p1a: 窗外的麻雀在电线杆上啵嘴|Focus Blast|p2a: Lanturn
|-damage|p2a: Lanturn|70/100
|-damage|p1a: 窗外的麻雀在电线杆上啵嘴|91/100|[from] item: Life Orb
|
|-heal|p2a: Lanturn|76/100|[from] item: Leftovers
|upkeep
|turn|3
|
|t:|1659579000
|switch|p1a: 全集中岩之呼吸|Gigalith, F|100/100
|-weather|Sandstorm|[from] ability: Sand Stream|[of] p1a: 全集中岩之呼吸
|move|p2a: Lanturn|Volt Switch|p1a: 全集中岩之呼吸
|-damage|p1a: 全集中岩之呼吸|90/100
|
|t:|1659579006
|switch|p2a: Gallade|Gallade, M|100/100|[from]move: Volt Switch
|
|-weather|Sandstorm|[upkeep]
|-damage|p2a: Gallade|94/100|[from] Sandstorm
|-heal|p1a: 全集中岩之呼吸|96/100|[from] item: Leftovers
|upkeep
|turn|4
|
|t:|1659579014
|switch|p1a: 我送你玫瑰你却不接受|Comfey, M|100/100
|move|p2a: Gallade|Knock Off|p1a: 我送你玫瑰你却不接受
|-resisted|p1a: 我送你玫瑰你却不接受
|-damage|p1a: 我送你玫瑰你却不接受|78/100
|-enditem|p1a: 我送你玫瑰你却不接受|Leftovers|[from] move: Knock Off|[of] p2a: Gallade
|
|-weather|Sandstorm|[upkeep]
|-damage|p2a: Gallade|88/100|[from] Sandstorm
|-damage|p1a: 我送你玫瑰你却不接受|72/100|[from] Sandstorm
|upkeep
|turn|5
|
|t:|1659579025
|switch|p2a: Jynx|Jynx, F|100/100
|switch|p1a: 全集中岩之呼吸|Gigalith, F|96/100
|
|-weather|Sandstorm|[upkeep]
|-damage|p2a: Jynx|95/100|[from] Sandstorm
|-heal|p1a: 全集中岩之呼吸|100/100|[from] item: Leftovers
|upkeep
|turn|6
|
|t:|1659579034
|switch|p2a: Whimsicott|Whimsicott, M|72/100
|move|p1a: 全集中岩之呼吸|Stealth Rock|p2a: Whimsicott
|-sidestart|p2: Eesturn|move: Stealth Rock
|
|-weather|Sandstorm|[upkeep]
|-damage|p2a: Whimsicott|66/100|[from] Sandstorm
|upkeep
|turn|7
|inactive|Battle timer is ON: inactive players will automatically lose when time's up. (requested by QiYu5)
|
|t:|1659579042
|move|p1a: 全集中岩之呼吸|Protect|p1a: 全集中岩之呼吸
|-singleturn|p1a: 全集中岩之呼吸|Protect
|move|p2a: Whimsicott|U-turn|p1a: 全集中岩之呼吸
|-activate|p1a: 全集中岩之呼吸|move: Protect
|
|-weather|none
|upkeep
|turn|8
|
|t:|1659579048
|move|p2a: Whimsicott|U-turn|p1a: 全集中岩之呼吸
|-damage|p1a: 全集中岩之呼吸|92/100
|
|t:|1659579051
|switch|p2a: Gallade|Gallade, M|88/100|[from]move: U-turn
|-damage|p2a: Gallade|82/100|[from] Stealth Rock
|move|p1a: 全集中岩之呼吸|Earthquake|p2a: Gallade
|-damage|p2a: Gallade|26/100
|
|-heal|p1a: 全集中岩之呼吸|99/100|[from] item: Leftovers
|upkeep
|turn|9
|
|t:|1659579059
|move|p1a: 全集中岩之呼吸|Protect|p1a: 全集中岩之呼吸
|-singleturn|p1a: 全集中岩之呼吸|Protect
|move|p2a: Gallade|Close Combat|p1a: 全集中岩之呼吸
|-activate|p1a: 全集中岩之呼吸|move: Protect
|
|-heal|p1a: 全集中岩之呼吸|100/100|[from] item: Leftovers
|upkeep
|turn|10
|
|t:|1659579065
|switch|p1a: 月爆不疼不要钱|Hattrem, F|100/100
|move|p2a: Gallade|Close Combat|p1a: 月爆不疼不要钱
|-resisted|p1a: 月爆不疼不要钱
|-damage|p1a: 月爆不疼不要钱|67/100
|-unboost|p2a: Gallade|def|1
|-unboost|p2a: Gallade|spd|1
|
|upkeep
|turn|11
|
|t:|1659579078
|switch|p2a: Lanturn|Lanturn, F|76/100
|-damage|p2a: Lanturn|64/100|[from] Stealth Rock
|switch|p1a: 专业摄影橙冠蜥|Scrafty, F|100/100
|
|-heal|p2a: Lanturn|70/100|[from] item: Leftovers
|upkeep
|turn|12
|
|t:|1659579086
|move|p2a: Lanturn|Volt Switch|p1a: 专业摄影橙冠蜥
|-damage|p1a: 专业摄影橙冠蜥|82/100
|
|t:|1659579089
|switch|p2a: Coalossal|Coalossal, M|100/100|[from]move: Volt Switch
|move|p1a: 专业摄影橙冠蜥|Knock Off|p2a: Coalossal
|-damage|p2a: Coalossal|72/100
|-enditem|p2a: Coalossal|Heavy-Duty Boots|[from] move: Knock Off|[of] p1a: 专业摄影橙冠蜥
|
|-heal|p1a: 专业摄影橙冠蜥|88/100|[from] item: Leftovers
|upkeep
|turn|13
|
|t:|1659579100
|switch|p1a: 月爆不疼不要钱|Hattrem, F|67/100
|move|p2a: Coalossal|Rapid Spin|p1a: 月爆不疼不要钱
|-damage|p1a: 月爆不疼不要钱|61/100
|-boost|p2a: Coalossal|spe|1
|-sideend|p2: Eesturn|Stealth Rock|[from] move: Rapid Spin|[of] p2a: Coalossal
|
|upkeep
|turn|14
|
|t:|1659579108
|switch|p2a: Jynx|Jynx, F|95/100
|move|p1a: 月爆不疼不要钱|Nuzzle|p2a: Jynx
|-damage|p2a: Jynx|88/100
|-status|p2a: Jynx|par
|
|upkeep
|turn|15
|
|t:|1659579116
|switch|p2a: Aromatisse|Aromatisse, F|100/100
|switch|p1a: 专业摄影橙冠蜥|Scrafty, F|88/100
|
|-heal|p1a: 专业摄影橙冠蜥|94/100|[from] item: Leftovers
|upkeep
|turn|16
|
|t:|1659579122
|switch|p1a: 全集中岩之呼吸|Gigalith, F|100/100
|-weather|Sandstorm|[from] ability: Sand Stream|[of] p1a: 全集中岩之呼吸
|move|p2a: Aromatisse|Heal Bell|p2a: Aromatisse
|-activate|p2a: Aromatisse|move: Heal Bell
|-curestatus|p2: Jynx|par|[msg]
|
|-weather|Sandstorm|[upkeep]
|-damage|p2a: Aromatisse|94/100|[from] Sandstorm
|-heal|p2a: Aromatisse|100/100|[from] item: Leftovers
|upkeep
|turn|17
|
|t:|1659579135
|switch|p2a: Whimsicott|Whimsicott, M|66/100
|move|p1a: 全集中岩之呼吸|Stealth Rock|p2a: Whimsicott
|-sidestart|p2: Eesturn|move: Stealth Rock
|
|-weather|Sandstorm|[upkeep]
|-damage|p2a: Whimsicott|60/100|[from] Sandstorm
|upkeep
|turn|18
|
|t:|1659579144
|move|p1a: 全集中岩之呼吸|Protect|p1a: 全集中岩之呼吸
|-singleturn|p1a: 全集中岩之呼吸|Protect
|move|p2a: Whimsicott|Energy Ball|p1a: 全集中岩之呼吸
|-activate|p1a: 全集中岩之呼吸|move: Protect
|
|-weather|Sandstorm|[upkeep]
|-damage|p2a: Whimsicott|53/100|[from] Sandstorm
|upkeep
|turn|19
|
|t:|1659579151
|switch|p1a: 窗外的麻雀在电线杆上啵嘴|Charizard, M|91/100
|move|p2a: Whimsicott|Energy Ball|p1a: 窗外的麻雀在电线杆上啵嘴
|-resisted|p1a: 窗外的麻雀在电线杆上啵嘴
|-damage|p1a: 窗外的麻雀在电线杆上啵嘴|75/100
|
|-weather|Sandstorm|[upkeep]
|-damage|p2a: Whimsicott|47/100|[from] Sandstorm
|-damage|p1a: 窗外的麻雀在电线杆上啵嘴|69/100|[from] Sandstorm
|upkeep
|turn|20
|
|t:|1659579163
|switch|p1a: 爱情来得太快就像龙卷风|Archeops, F|6/100
|move|p2a: Whimsicott|Energy Ball|p1a: 爱情来得太快就像龙卷风
|-crit|p1a: 爱情来得太快就像龙卷风
|-damage|p1a: 爱情来得太快就像龙卷风|0 fnt
|faint|p1a: 爱情来得太快就像龙卷风
|
|-weather|none
|upkeep
|
|t:|1659579169
|switch|p1a: 窗外的麻雀在电线杆上啵嘴|Charizard, M|69/100
|turn|21
|
|t:|1659579175
|switch|p2a: Lanturn|Lanturn, F|70/100
|-damage|p2a: Lanturn|58/100|[from] Stealth Rock
|switch|p1a: 我送你玫瑰你却不接受|Comfey, M|72/100
|
|-heal|p2a: Lanturn|64/100|[from] item: Leftovers
|upkeep
|turn|22
|
|t:|1659579183
|move|p1a: 我送你玫瑰你却不接受|Giga Drain|p2a: Lanturn
|-supereffective|p2a: Lanturn
|-damage|p2a: Lanturn|45/100
|-heal|p1a: 我送你玫瑰你却不接受|87/100|[from] drain|[of] p2a: Lanturn
|move|p2a: Lanturn|Volt Switch|p1a: 我送你玫瑰你却不接受
|-damage|p1a: 我送你玫瑰你却不接受|66/100
|
|t:|1659579189
|switch|p2a: Jynx|Jynx, F|88/100|[from]move: Volt Switch
|-damage|p2a: Jynx|64/100|[from] Stealth Rock
|
|upkeep
|turn|23
|
|t:|1659579194
|switch|p1a: 专业摄影橙冠蜥|Scrafty, F|94/100
|move|p2a: Jynx|Psyshock|p1a: 专业摄影橙冠蜥
|-immune|p1a: 专业摄影橙冠蜥
|
|-heal|p1a: 专业摄影橙冠蜥|99/100|[from] item: Leftovers
|upkeep
|turn|24
|
|t:|1659579201
|switch|p2a: Coalossal|Coalossal, M|72/100
|-damage|p2a: Coalossal|47/100|[from] Stealth Rock
|move|p1a: 专业摄影橙冠蜥|Poison Jab|p2a: Coalossal
|-resisted|p2a: Coalossal
|-damage|p2a: Coalossal|40/100
|
|-heal|p1a: 专业摄影橙冠蜥|100/100|[from] item: Leftovers
|upkeep
|turn|25
|
|t:|1659579209
|move|p1a: 专业摄影橙冠蜥|Drain Punch|p2a: Coalossal
|-supereffective|p2a: Coalossal
|-damage|p2a: Coalossal|0 fnt
|-status|p1a: 专业摄影橙冠蜥|brn|[from] ability: Flame Body|[of] p2a: Coalossal
|faint|p2a: Coalossal
|
|-damage|p1a: 专业摄影橙冠蜥|95/100 brn|[from] brn
|upkeep
|
|t:|1659579217
|switch|p2a: Gallade|Gallade, M|26/100
|-damage|p2a: Gallade|20/100|[from] Stealth Rock
|turn|26
|
|t:|1659579223
|switch|p1a: 我送你玫瑰你却不接受|Comfey, M|66/100
|move|p2a: Gallade|Close Combat|p1a: 我送你玫瑰你却不接受
|-resisted|p1a: 我送你玫瑰你却不接受
|-damage|p1a: 我送你玫瑰你却不接受|24/100
|-unboost|p2a: Gallade|def|1
|-unboost|p2a: Gallade|spd|1
|
|upkeep
|turn|27
|
|t:|1659579231
|switch|p2a: Aromatisse|Aromatisse, F|100/100
|-damage|p2a: Aromatisse|88/100|[from] Stealth Rock
|move|p1a: 我送你玫瑰你却不接受|Synthesis|p1a: 我送你玫瑰你却不接受
|-heal|p1a: 我送你玫瑰你却不接受|74/100
|
|-heal|p2a: Aromatisse|94/100|[from] item: Leftovers
|upkeep
|turn|28
|
|t:|1659579238
|switch|p1a: 窗外的麻雀在电线杆上啵嘴|Charizard, M|69/100
|move|p2a: Aromatisse|Moonblast|p1a: 窗外的麻雀在电线杆上啵嘴
|-resisted|p1a: 窗外的麻雀在电线杆上啵嘴
|-damage|p1a: 窗外的麻雀在电线杆上啵嘴|49/100
|
|-heal|p2a: Aromatisse|100/100|[from] item: Leftovers
|upkeep
|turn|29
|
|t:|1659579245
|move|p1a: 窗外的麻雀在电线杆上啵嘴|Hurricane|p2a: Aromatisse
|-crit|p2a: Aromatisse
|-damage|p2a: Aromatisse|6/100
|-damage|p1a: 窗外的麻雀在电线杆上啵嘴|39/100|[from] item: Life Orb
|move|p2a: Aromatisse|Wish|p2a: Aromatisse
|
|-heal|p2a: Aromatisse|13/100|[from] item: Leftovers
|upkeep
|turn|30
|
|t:|1659579256
|move|p1a: 窗外的麻雀在电线杆上啵嘴|Roost|p1a: 窗外的麻雀在电线杆上啵嘴
|-heal|p1a: 窗外的麻雀在电线杆上啵嘴|89/100
|-singleturn|p1a: 窗外的麻雀在电线杆上啵嘴|move: Roost
|move|p2a: Aromatisse|Moonblast|p1a: 窗外的麻雀在电线杆上啵嘴
|-resisted|p1a: 窗外的麻雀在电线杆上啵嘴
|-damage|p1a: 窗外的麻雀在电线杆上啵嘴|69/100
|
|-heal|p2a: Aromatisse|63/100|[from] move: Wish|[wisher] Aromatisse
|-heal|p2a: Aromatisse|69/100|[from] item: Leftovers
|upkeep
|turn|31
|
|t:|1659579265
|move|p1a: 窗外的麻雀在电线杆上啵嘴|Hurricane|p2a: Aromatisse
|-damage|p2a: Aromatisse|9/100
|-damage|p1a: 窗外的麻雀在电线杆上啵嘴|59/100|[from] item: Life Orb
|move|p2a: Aromatisse|Wish|p2a: Aromatisse
|
|-heal|p2a: Aromatisse|15/100|[from] item: Leftovers
|upkeep
|turn|32
|
|t:|1659579272
|move|p2a: Aromatisse|Protect|p2a: Aromatisse
|-singleturn|p2a: Aromatisse|Protect
|move|p1a: 窗外的麻雀在电线杆上啵嘴|Roost|p1a: 窗外的麻雀在电线杆上啵嘴
|-heal|p1a: 窗外的麻雀在电线杆上啵嘴|100/100
|-singleturn|p1a: 窗外的麻雀在电线杆上啵嘴|move: Roost
|
|-heal|p2a: Aromatisse|65/100|[from] move: Wish|[wisher] Aromatisse
|-heal|p2a: Aromatisse|71/100|[from] item: Leftovers
|upkeep
|turn|33
|
|t:|1659579284
|move|p1a: 窗外的麻雀在电线杆上啵嘴|Hurricane|p2a: Aromatisse
|-damage|p2a: Aromatisse|14/100
|-damage|p1a: 窗外的麻雀在电线杆上啵嘴|91/100|[from] item: Life Orb
|move|p2a: Aromatisse|Wish|p2a: Aromatisse
|
|-heal|p2a: Aromatisse|20/100|[from] item: Leftovers
|upkeep
|turn|34
|
|t:|1659579291
|switch|p2a: Lanturn|Lanturn, F|45/100
|-damage|p2a: Lanturn|33/100|[from] Stealth Rock
|move|p1a: 窗外的麻雀在电线杆上啵嘴|Flamethrower|p2a: Lanturn
|-resisted|p2a: Lanturn
|-damage|p2a: Lanturn|15/100
|-damage|p1a: 窗外的麻雀在电线杆上啵嘴|81/100|[from] item: Life Orb
|
|-heal|p2a: Lanturn|60/100|[from] move: Wish|[wisher] Aromatisse
|-heal|p2a: Lanturn|66/100|[from] item: Leftovers
|upkeep
|turn|35
|
|t:|1659579302
|switch|p1a: 全集中岩之呼吸|Gigalith, F|100/100
|-weather|Sandstorm|[from] ability: Sand Stream|[of] p1a: 全集中岩之呼吸
|move|p2a: Lanturn|Volt Switch|p1a: 全集中岩之呼吸
|-damage|p1a: 全集中岩之呼吸|92/100
|
|t:|1659579310
|switch|p2a: Gallade|Gallade, M|20/100|[from]move: Volt Switch
|-damage|p2a: Gallade|14/100|[from] Stealth Rock
|
|-weather|Sandstorm|[upkeep]
|-damage|p2a: Gallade|8/100|[from] Sandstorm
|-heal|p1a: 全集中岩之呼吸|98/100|[from] item: Leftovers
|upkeep
|turn|36
|
|t:|1659579317
|move|p1a: 全集中岩之呼吸|Protect|p1a: 全集中岩之呼吸
|-singleturn|p1a: 全集中岩之呼吸|Protect
|move|p2a: Gallade|Knock Off|p1a: 全集中岩之呼吸
|-activate|p1a: 全集中岩之呼吸|move: Protect
|
|-weather|Sandstorm|[upkeep]
|-damage|p2a: Gallade|2/100|[from] Sandstorm
|-heal|p1a: 全集中岩之呼吸|100/100|[from] item: Leftovers
|upkeep
|turn|37
|
|t:|1659579327
|switch|p2a: Jynx|Jynx, F|64/100
|-damage|p2a: Jynx|39/100|[from] Stealth Rock
|switch|p1a: 我送你玫瑰你却不接受|Comfey, M|74/100
|
|-weather|Sandstorm|[upkeep]
|-damage|p2a: Jynx|33/100|[from] Sandstorm
|-damage|p1a: 我送你玫瑰你却不接受|68/100|[from] Sandstorm
|upkeep
|turn|38
|
|t:|1659579340
|move|p1a: 我送你玫瑰你却不接受|Giga Drain|p2a: Jynx
|-damage|p2a: Jynx|15/100
|-heal|p1a: 我送你玫瑰你却不接受|76/100|[from] drain|[of] p2a: Jynx
|move|p2a: Jynx|Ice Beam|p1a: 我送你玫瑰你却不接受
|-damage|p1a: 我送你玫瑰你却不接受|4/100
|
|-weather|Sandstorm|[upkeep]
|-damage|p2a: Jynx|9/100|[from] Sandstorm
|-damage|p1a: 我送你玫瑰你却不接受|0 fnt|[from] Sandstorm
|faint|p1a: 我送你玫瑰你却不接受
|upkeep
|
|t:|1659579352
|switch|p1a: 窗外的麻雀在电线杆上啵嘴|Charizard, M|81/100
|turn|39
|
|t:|1659579355
|move|p1a: 窗外的麻雀在电线杆上啵嘴|Flamethrower|p2a: Jynx
|-supereffective|p2a: Jynx
|-damage|p2a: Jynx|0 fnt
|faint|p2a: Jynx
|-damage|p1a: 窗外的麻雀在电线杆上啵嘴|71/100|[from] item: Life Orb
|
|-weather|none
|upkeep
|
|t:|1659579361
|switch|p2a: Lanturn|Lanturn, F|66/100
|-damage|p2a: Lanturn|54/100|[from] Stealth Rock
|turn|40
|
|t:|1659579367
|switch|p1a: 全集中岩之呼吸|Gigalith, F|100/100
|-weather|Sandstorm|[from] ability: Sand Stream|[of] p1a: 全集中岩之呼吸
|move|p2a: Lanturn|Scald|p1a: 全集中岩之呼吸
|-supereffective|p1a: 全集中岩之呼吸
|-damage|p1a: 全集中岩之呼吸|77/100
|
|-weather|Sandstorm|[upkeep]
|-damage|p2a: Lanturn|47/100|[from] Sandstorm
|-heal|p2a: Lanturn|54/100|[from] item: Leftovers
|-heal|p1a: 全集中岩之呼吸|84/100|[from] item: Leftovers
|upkeep
|turn|41
|
|t:|1659579378
|move|p2a: Lanturn|Volt Switch|p1a: 全集中岩之呼吸
|-damage|p1a: 全集中岩之呼吸|74/100
|
|t:|1659579383
|switch|p2a: Gallade|Gallade, M|2/100|[from]move: Volt Switch
|-damage|p2a: Gallade|0 fnt|[from] Stealth Rock
|faint|p2a: Gallade
|move|p1a: 全集中岩之呼吸|Earthquake|p2: Gallade|[notarget]
|-fail|p1a: 全集中岩之呼吸
|
|-weather|Sandstorm|[upkeep]
|-heal|p1a: 全集中岩之呼吸|80/100|[from] item: Leftovers
|upkeep
|
|t:|1659579393
|switch|p2a: Aromatisse|Aromatisse, F|20/100
|-damage|p2a: Aromatisse|7/100|[from] Stealth Rock
|turn|42
|
|t:|1659579397
|move|p2a: Aromatisse|Wish|p2a: Aromatisse
|move|p1a: 全集中岩之呼吸|Earthquake|p2a: Aromatisse
|-damage|p2a: Aromatisse|0 fnt
|faint|p2a: Aromatisse
|
|-weather|Sandstorm|[upkeep]
|-heal|p1a: 全集中岩之呼吸|86/100|[from] item: Leftovers
|upkeep
|
|t:|1659579404
|switch|p2a: Lanturn|Lanturn, F|54/100
|-damage|p2a: Lanturn|41/100|[from] Stealth Rock
|turn|43
|
|t:|1659579407
|move|p2a: Lanturn|Scald|p1a: 全集中岩之呼吸
|-supereffective|p1a: 全集中岩之呼吸
|-damage|p1a: 全集中岩之呼吸|62/100
|-status|p1a: 全集中岩之呼吸|brn
|move|p1a: 全集中岩之呼吸|Earthquake|p2a: Lanturn
|-supereffective|p2a: Lanturn
|-damage|p2a: Lanturn|6/100
|
|-weather|Sandstorm|[upkeep]
|-damage|p2a: Lanturn|0 fnt|[from] Sandstorm
|faint|p2a: Lanturn
|-heal|p1a: 全集中岩之呼吸|68/100 brn|[from] item: Leftovers
|-damage|p1a: 全集中岩之呼吸|62/100 brn|[from] brn
|upkeep
|
|t:|1659579418
|switch|p2a: Whimsicott|Whimsicott, M|47/100
|-damage|p2a: Whimsicott|35/100|[from] Stealth Rock
|turn|44
|
|t:|1659579422
|move|p1a: 全集中岩之呼吸|Protect|p1a: 全集中岩之呼吸
|-singleturn|p1a: 全集中岩之呼吸|Protect
|move|p2a: Whimsicott|Moonblast|p1a: 全集中岩之呼吸
|-activate|p1a: 全集中岩之呼吸|move: Protect
|
|-weather|none
|-heal|p1a: 全集中岩之呼吸|68/100 brn|[from] item: Leftovers
|-damage|p1a: 全集中岩之呼吸|62/100 brn|[from] brn
|upkeep
|turn|45
|
|t:|1659579432
|switch|p1a: 专业摄影橙冠蜥|Scrafty, F|95/100 brn
|move|p2a: Whimsicott|Moonblast|p1a: 专业摄影橙冠蜥
|-supereffective|p1a: 专业摄影橙冠蜥
|-damage|p1a: 专业摄影橙冠蜥|0 fnt
|faint|p1a: 专业摄影橙冠蜥
|
|upkeep
|
|t:|1659579434
|switch|p1a: 窗外的麻雀在电线杆上啵嘴|Charizard, M|71/100
|turn|46
|
|t:|1659579440
|move|p2a: Whimsicott|Moonblast|p1a: 窗外的麻雀在电线杆上啵嘴
|-resisted|p1a: 窗外的麻雀在电线杆上啵嘴
|-damage|p1a: 窗外的麻雀在电线杆上啵嘴|37/100
|move|p1a: 窗外的麻雀在电线杆上啵嘴|Roost|p1a: 窗外的麻雀在电线杆上啵嘴
|-heal|p1a: 窗外的麻雀在电线杆上啵嘴|87/100
|-singleturn|p1a: 窗外的麻雀在电线杆上啵嘴|move: Roost
|
|upkeep
|turn|47
|c|☆Eesturn|gg
|
|t:|1659579447
|move|p2a: Whimsicott|Moonblast|p1a: 窗外的麻雀在电线杆上啵嘴
|-resisted|p1a: 窗外的麻雀在电线杆上啵嘴
|-damage|p1a: 窗外的麻雀在电线杆上啵嘴|56/100
|-unboost|p1a: 窗外的麻雀在电线杆上啵嘴|spa|1
|move|p1a: 窗外的麻雀在电线杆上啵嘴|Flamethrower|p2a: Whimsicott
|-supereffective|p2a: Whimsicott
|-damage|p2a: Whimsicott|0 fnt
|faint|p2a: Whimsicott
|-damage|p1a: 窗外的麻雀在电线杆上啵嘴|46/100|[from] item: Life Orb
|
|win|QiYu5
|raw|QiYu5's rating: 1571 &rarr; <strong>1584</strong><br />(+13 for winning)
|raw|Eesturn's rating: 1437 &rarr; <strong>1424</strong><br />(-13 for losing)
|l|☆Eesturn
|l|☆QiYu5
|j|☆QiYu5
|player|p1|QiYu5|drayden
||Ladder isn't responding, score probably updated but might not have (Request timeout).
