|raw|<div class="broadcast-blue"><strong>This battle is required to be public due to a player having a name starting with 'pult94d'.</div>
|j|☆PULT94D X
|j|☆Testingstuff54
|t:|1628672366
|gametype|singles
|player|p1|PULT94D X|ethan-pokeathlon|
|player|p2|Testingstuff54|#2xthetap|
|teamsize|p1|6
|teamsize|p2|6
|gen|8
|tier|[Gen 8] PU
|rule|Sleep Clause Mod: Limit one foe put to sleep
|rule|Species Clause: Limit one of each Pokémon
|rule|OHKO Clause: OHKO moves are banned
|rule|Evasion Moves Clause: Evasion moves are banned
|rule|Endless Battle Clause: Forcing endless battles is banned
|rule|HP Percentage Mod: HP is shown in percentages
|rule|Dynamax Clause: You cannot dynamax
|clearpoke
|poke|p1|Archeops, F|
|poke|p1|Basculin, F|
|poke|p1|Passimian, F|
|poke|p1|Ribombee, M|
|poke|p1|Sandaconda, F|
|poke|p1|Silvally-*|
|poke|p2|Noctowl, M|
|poke|p2|Sawk, M|
|poke|p2|Jellicent, F|
|poke|p2|Togedemaru, M|
|poke|p2|Gigalith, M|
|poke|p2|Shiinotic, F|
|teampreview
|c|☆PULT94D X|oh god not the owl
|c|☆Testingstuff54|that's what you're afraid of here? :)
|c|☆PULT94D X|yes :[
|
|t:|1628672395
|start
|switch|p1a: Passimian|Passimian, F|100/100
|switch|p2a: Gigalith|Gigalith, M|100/100
|-weather|Sandstorm|[from] ability: Sand Stream|[of] p2a: Gigalith
|turn|1
|
|t:|1628672404
|switch|p2a: Shiinotic|Shiinotic, F|100/100
|move|p1a: Passimian|Close Combat|p2a: Shiinotic
|-resisted|p2a: Shiinotic
|-damage|p2a: Shiinotic|72/100
|-unboost|p1a: Passimian|def|1
|-unboost|p1a: Passimian|spd|1
|-damage|p1a: Passimian|84/100|[from] item: Rocky Helmet|[of] p2a: Shiinotic
|
|-weather|Sandstorm|[upkeep]
|-damage|p1a: Passimian|78/100|[from] Sandstorm
|-damage|p2a: Shiinotic|66/100|[from] Sandstorm
|upkeep
|turn|2
|
|t:|1628672422
|switch|p1a: Silvally|Silvally-Steel|100/100
|move|p2a: Shiinotic|Spore|p1a: Silvally
|-status|p1a: Silvally|slp|[from] move: Spore
|
|-weather|Sandstorm|[upkeep]
|-damage|p2a: Shiinotic|60/100|[from] Sandstorm
|upkeep
|turn|3
|
|t:|1628672430
|switch|p1a: Sandaconda|Sandaconda, F|100/100
|move|p2a: Shiinotic|Strength Sap|p1a: Sandaconda
|-unboost|p1a: Sandaconda|atk|1
|-heal|p2a: Shiinotic|100/100
|
|-weather|Sandstorm|[upkeep]
|-damage|p2a: Shiinotic|94/100|[from] Sandstorm
|upkeep
|turn|4
|
|t:|1628672443
|switch|p2a: Jellicent|Jellicent, F|100/100
|move|p1a: Sandaconda|Stealth Rock|p2a: Jellicent
|-sidestart|p2: Testingstuff54|move: Stealth Rock
|
|-weather|Sandstorm|[upkeep]
|-damage|p2a: Jellicent|94/100|[from] Sandstorm
|upkeep
|turn|5
|
|t:|1628672451
|switch|p1a: Silvally|Silvally-Steel|100/100 slp
|move|p2a: Jellicent|Water Spout|p1a: Silvally
|-damage|p1a: Silvally|36/100 slp
|
|-weather|none
|upkeep
|turn|6
|
|t:|1628672461
|cant|p1a: Silvally|slp
|move|p2a: Jellicent|Water Spout|p1a: Silvally
|-damage|p1a: Silvally|0 fnt
|faint|p1a: Silvally
|
|upkeep
|
|t:|1628672469
|switch|p1a: Passimian|Passimian, F|78/100
|turn|7
|
|t:|1628672473
|switch|p2a: Shiinotic|Shiinotic, F|94/100
|-damage|p2a: Shiinotic|82/100|[from] Stealth Rock
|move|p1a: Passimian|U-turn|p2a: Shiinotic
|-damage|p2a: Shiinotic|63/100
|-damage|p1a: Passimian|61/100|[from] item: Rocky Helmet|[of] p2a: Shiinotic
|
|t:|1628672479
|switch|p1a: Basculin|Basculin, F|100/100|[from]move: U-turn
|
|upkeep
|turn|8
|
|t:|1628672487
|move|p1a: Basculin|Ice Beam|p2a: Shiinotic
|-supereffective|p2a: Shiinotic
|-damage|p2a: Shiinotic|0 fnt
|faint|p2a: Shiinotic
|
|upkeep
|c|☆Testingstuff54|lol
|c|☆Testingstuff54|specs
|c|☆PULT94D X|hehe
|
|t:|1628672497
|switch|p2a: Togedemaru|Togedemaru, M|100/100
|-damage|p2a: Togedemaru|95/100|[from] Stealth Rock
|turn|9
|
|t:|1628672505
|switch|p1a: Passimian|Passimian, F|61/100
|move|p2a: Togedemaru|U-turn|p1a: Passimian
|-resisted|p1a: Passimian
|-damage|p1a: Passimian|51/100
|
|t:|1628672510
|switch|p2a: Gigalith|Gigalith, M|100/100|[from]move: U-turn
|-damage|p2a: Gigalith|88/100|[from] Stealth Rock
|-weather|Sandstorm|[from] ability: Sand Stream|[of] p2a: Gigalith
|
|-weather|Sandstorm|[upkeep]
|-damage|p1a: Passimian|45/100|[from] Sandstorm
|-heal|p2a: Gigalith|94/100|[from] item: Leftovers
|upkeep
|turn|10
|
|t:|1628672520
|move|p2a: Gigalith|Protect|p2a: Gigalith
|-singleturn|p2a: Gigalith|Protect
|move|p1a: Passimian|Close Combat|p2a: Gigalith
|-activate|p2a: Gigalith|move: Protect
|
|-weather|Sandstorm|[upkeep]
|-damage|p1a: Passimian|39/100|[from] Sandstorm
|-heal|p2a: Gigalith|100/100|[from] item: Leftovers
|upkeep
|turn|11
|
|t:|1628672530
|switch|p1a: Archeops|Archeops, F|100/100
|move|p2a: Gigalith|Stealth Rock|p1a: Archeops
|-sidestart|p1: PULT94D X|move: Stealth Rock
|
|-weather|Sandstorm|[upkeep]
|upkeep
|turn|12
|
|t:|1628672559
|move|p1a: Archeops|U-turn|p2a: Gigalith
|-damage|p2a: Gigalith|81/100
|j| pult94d zizoupaz
|
|t:|1628672578
|switch|p1a: Sandaconda|Sandaconda, F|100/100|[from]move: U-turn
|-damage|p1a: Sandaconda|94/100|[from] Stealth Rock
|move|p2a: Gigalith|Rock Blast|p1a: Sandaconda
|-resisted|p1a: Sandaconda
|-damage|p1a: Sandaconda|91/100
|-resisted|p1a: Sandaconda
|-damage|p1a: Sandaconda|87/100
|-resisted|p1a: Sandaconda
|-damage|p1a: Sandaconda|83/100
|-hitcount|p1a: Sandaconda|3
|
|-weather|Sandstorm|[upkeep]
|-heal|p2a: Gigalith|88/100|[from] item: Leftovers
|upkeep
|turn|13
|c|☆PULT94D X|oh right this is public
|c|☆PULT94D X|whoops
|
|t:|1628672600
|switch|p2a: Noctowl|Noctowl, M|100/100
|move|p1a: Sandaconda|Glare|p2a: Noctowl
|-status|p2a: Noctowl|par
|
|-weather|none
|upkeep
|turn|14
|j| pult94d Copperius
|c| pult94d zizoupaz|i leave then
|l| pult94d Copperius
|c| pult94d zizoupaz|sry thought it was a ladder game
|c| pult94d zizoupaz|:c
|c|☆PULT94D X|its ok
|l| pult94d zizoupaz
|
|t:|1628672627
|switch|p1a: Basculin|Basculin, F|100/100
|-damage|p1a: Basculin|88/100|[from] Stealth Rock
|move|p2a: Noctowl|Toxic|p1a: Basculin
|-status|p1a: Basculin|tox
|
|-damage|p1a: Basculin|82/100 tox|[from] psn
|upkeep
|turn|15
|
|t:|1628672642
|switch|p1a: Passimian|Passimian, F|39/100
|-damage|p1a: Passimian|33/100|[from] Stealth Rock
|move|p2a: Noctowl|Night Shade|p1a: Passimian
|-damage|p1a: Passimian|3/100
|
|upkeep
|turn|16
|
|t:|1628672652
|move|p1a: Passimian|Knock Off|p2a: Noctowl
|-damage|p2a: Noctowl|52/100 par
|-enditem|p2a: Noctowl|Heavy-Duty Boots|[from] move: Knock Off|[of] p1a: Passimian
|move|p2a: Noctowl|Night Shade|p1a: Passimian
|-damage|p1a: Passimian|0 fnt
|faint|p1a: Passimian
|
|upkeep
|
|t:|1628672658
|switch|p1a: Archeops|Archeops, F|100/100
|turn|17
|
|t:|1628672669
|switch|p2a: Togedemaru|Togedemaru, M|95/100
|-damage|p2a: Togedemaru|89/100|[from] Stealth Rock
|move|p1a: Archeops|Stone Edge|p2a: Togedemaru
|-resisted|p2a: Togedemaru
|-damage|p2a: Togedemaru|34/100
|
|upkeep
|turn|18
|c|☆PULT94D X|I almost clicked eq
|c|☆PULT94D X|damn
|
|t:|1628672681
|move|p2a: Togedemaru|Toxic|p1a: Archeops
|-status|p1a: Archeops|tox
|move|p1a: Archeops|Earthquake|p2a: Togedemaru
|-supereffective|p2a: Togedemaru
|-damage|p2a: Togedemaru|0 fnt
|faint|p2a: Togedemaru
|
|-damage|p1a: Archeops|94/100 tox|[from] psn
|upkeep
|
|t:|1628672700
|switch|p2a: Gigalith|Gigalith, M|88/100
|-damage|p2a: Gigalith|75/100|[from] Stealth Rock
|-weather|Sandstorm|[from] ability: Sand Stream|[of] p2a: Gigalith
|turn|19
|
|t:|1628672709
|switch|p1a: Sandaconda|Sandaconda, F|83/100
|-damage|p1a: Sandaconda|77/100|[from] Stealth Rock
|switch|p2a: Jellicent|Jellicent, F|94/100
|-damage|p2a: Jellicent|82/100|[from] Stealth Rock
|
|-weather|Sandstorm|[upkeep]
|-damage|p2a: Jellicent|76/100|[from] Sandstorm
|upkeep
|turn|20
|
|t:|1628672728
|switch|p1a: Basculin|Basculin, F|82/100 tox
|-damage|p1a: Basculin|70/100 tox|[from] Stealth Rock
|move|p2a: Jellicent|Water Spout|p1a: Basculin
|-resisted|p1a: Basculin
|-damage|p1a: Basculin|0 fnt
|faint|p1a: Basculin
|
|-weather|Sandstorm|[upkeep]
|-damage|p2a: Jellicent|70/100|[from] Sandstorm
|upkeep
|
|t:|1628672734
|switch|p1a: Archeops|Archeops, F|94/100 tox
|turn|21
|
|t:|1628672741
|move|p1a: Archeops|Stone Edge|p2a: Jellicent
|-damage|p2a: Jellicent|0 fnt
|faint|p2a: Jellicent
|
|-weather|Sandstorm|[upkeep]
|-damage|p1a: Archeops|88/100 tox|[from] psn
|upkeep
|
|t:|1628672750
|switch|p2a: Sawk|Sawk, M|100/100
|-damage|p2a: Sawk|94/100|[from] Stealth Rock
|-ability|p2a: Sawk|Mold Breaker
|turn|22
|
|t:|1628672756
|move|p1a: Archeops|U-turn|p2a: Sawk
|-resisted|p2a: Sawk
|-damage|p2a: Sawk|74/100
|
|t:|1628672759
|switch|p1a: Sandaconda|Sandaconda, F|77/100|[from]move: U-turn
|-damage|p1a: Sandaconda|71/100|[from] Stealth Rock
|move|p2a: Sawk|Bulk Up|p2a: Sawk
|-boost|p2a: Sawk|atk|1
|-boost|p2a: Sawk|def|1
|
|-weather|Sandstorm|[upkeep]
|-damage|p2a: Sawk|68/100|[from] Sandstorm
|upkeep
|turn|23
|
|t:|1628672775
|move|p2a: Sawk|Bulk Up|p2a: Sawk
|-boost|p2a: Sawk|atk|1
|-boost|p2a: Sawk|def|1
|move|p1a: Sandaconda|Glare|p2a: Sawk
|-status|p2a: Sawk|par
|-enditem|p2a: Sawk|Lum Berry|[eat]
|-curestatus|p2a: Sawk|par|[msg]
|
|-weather|none
|upkeep
|turn|24
|
|t:|1628672785
|move|p2a: Sawk|Close Combat|p1a: Sandaconda
|-damage|p1a: Sandaconda|0 fnt
|-unboost|p2a: Sawk|def|1
|-unboost|p2a: Sawk|spd|1
|-damage|p2a: Sawk|51/100|[from] item: Rocky Helmet|[of] p1a: Sandaconda
|faint|p1a: Sandaconda
|
|upkeep
|
|t:|1628672788
|switch|p1a: Ribombee|Ribombee, M|100/100
|turn|25
|
|t:|1628672803
|switch|p2a: Noctowl|Noctowl, M|52/100 par
|-damage|p2a: Noctowl|27/100 par|[from] Stealth Rock
|move|p1a: Ribombee|Moonblast|p2a: Noctowl
|-damage|p2a: Noctowl|0 fnt
|faint|p2a: Noctowl
|
|upkeep
|
|t:|1628672810
|switch|p2a: Gigalith|Gigalith, M|75/100
|-damage|p2a: Gigalith|63/100|[from] Stealth Rock
|-weather|Sandstorm|[from] ability: Sand Stream|[of] p2a: Gigalith
|turn|26
|
|t:|1628672819
|move|p1a: Ribombee|Quiver Dance|p1a: Ribombee
|-boost|p1a: Ribombee|spa|1
|-boost|p1a: Ribombee|spd|1
|-boost|p1a: Ribombee|spe|1
|move|p2a: Gigalith|Rock Blast|p1a: Ribombee
|-supereffective|p1a: Ribombee
|-damage|p1a: Ribombee|54/100
|-supereffective|p1a: Ribombee
|-damage|p1a: Ribombee|5/100
|-supereffective|p1a: Ribombee
|-damage|p1a: Ribombee|0 fnt
|faint|p1a: Ribombee
|-hitcount|p1: Ribombee|3
|
|-weather|Sandstorm|[upkeep]
|-heal|p2a: Gigalith|69/100|[from] item: Leftovers
|upkeep
|
|t:|1628672821
|switch|p1a: Archeops|Archeops, F|88/100 tox
|turn|27
|
|t:|1628672833
|move|p2a: Gigalith|Protect|p2a: Gigalith
|-singleturn|p2a: Gigalith|Protect
|move|p1a: Archeops|Earthquake|p2a: Gigalith
|-activate|p2a: Gigalith|move: Protect
|
|-weather|Sandstorm|[upkeep]
|-heal|p2a: Gigalith|75/100|[from] item: Leftovers
|-damage|p1a: Archeops|82/100 tox|[from] psn
|upkeep
|turn|28
|
|t:|1628672841
|move|p1a: Archeops|Earthquake|p2a: Gigalith
|-supereffective|p2a: Gigalith
|-damage|p2a: Gigalith|19/100
|move|p2a: Gigalith|Rock Blast|p1a: Archeops
|-supereffective|p1a: Archeops
|-damage|p1a: Archeops|39/100 tox
|-supereffective|p1a: Archeops
|-damage|p1a: Archeops|0 fnt
|faint|p1a: Archeops
|-hitcount|p1: Archeops|2
|
|win|Testingstuff54
|c|☆PULT94D X|gg
|c|☆Testingstuff54|gg
|l|☆PULT94D X
