|j|☆Pookies
|j|☆Sallisssss
|t:|1603230727
|player|p1|Pookies|bugcatcher-gen1|1391
|player|p2|Sallisssss|jogger|1428
|teamsize|p1|6
|teamsize|p2|6
|gametype|singles
|gen|8
|tier|[Gen 8] PU
|rated|
|clearpoke
|poke|p1|Gourgeist-*, M|
|poke|p1|Gloom, M|
|poke|p1|Corsola, M|
|poke|p1|Mr. Rime, M|
|poke|p1|Marowak, F|
|poke|p1|Crustle, F|
|poke|p2|Palpitoad, F|
|poke|p2|Vespiquen, F|
|poke|p2|Type: Null|
|poke|p2|Gourgeist-*, M|
|poke|p2|Kadabra, M|
|poke|p2|Pinsir, M|
|rule|Sleep Clause Mod: Limit one foe put to sleep
|rule|Species Clause: Limit one of each Pokémon
|rule|OHKO Clause: OHKO moves are banned
|rule|Evasion Moves Clause: Evasion moves are banned
|rule|Endless Battle Clause: Forcing endless battles is banned
|rule|HP Percentage Mod: HP is shown in percentages
|rule|Dynamax Clause: You cannot dynamax
|teampreview
|inactive|Battle timer is ON: inactive players will automatically lose when time's up. (requested by Pookies)
|
|t:|1603230738
|start
|switch|p1a: Gourgeist|Gourgeist-Small, M|100/100
|switch|p2a: Palpitoad|Palpitoad, F|100/100
|-item|p2a: Palpitoad|Eviolite|[from] ability: Frisk|[of] p1a: Gourgeist|[identify]
|turn|1
|
|t:|1603230745
|switch|p2a: Vespiquen|Vespiquen, F|100/100
|-ability|p2a: Vespiquen|Pressure
|move|p1a: Gourgeist|Poltergeist|p2a: Vespiquen
|-activate|p2a: Vespiquen|move: Poltergeist|Heavy-Duty Boots
|-damage|p2a: Vespiquen|60/100
|-damage|p1a: Gourgeist|91/100|[from] item: Life Orb
|
|upkeep
|turn|2
|inactive|Sallisssss has 120 seconds left.
|
|t:|1603230780
|switch|p2a: Type: Null|Type: Null|100/100
|move|p1a: Gourgeist|Fire Blast|p2a: Type: Null
|-damage|p2a: Type: Null|92/100
|-damage|p1a: Gourgeist|81/100|[from] item: Life Orb
|
|upkeep
|turn|3
|
|t:|1603230791
|switch|p1a: Crustle|Crustle, F|100/100
|move|p2a: Type: Null|U-turn|p1a: Crustle
|-damage|p1a: Crustle|84/100
|-ability|p1a: Crustle|Weak Armor|boost
|-unboost|p1a: Crustle|def|1
|-boost|p1a: Crustle|spe|2
|inactive|Sallisssss has 120 seconds left.
|inactive|Sallisssss has 90 seconds left.
|
|t:|1603230833
|switch|p2a: Gourgeist|Gourgeist-Small, M|100/100|[from]move: U-turn
|-item|p1a: Crustle|Choice Band|[from] ability: Frisk|[of] p2a: Gourgeist|[identify]
|
|upkeep
|turn|4
|
|t:|1603230839
|move|p1a: Crustle|Knock Off|p2a: Gourgeist
|-supereffective|p2a: Gourgeist
|-damage|p2a: Gourgeist|0 fnt
|-enditem|p2a: Gourgeist|Choice Band|[from] move: Knock Off|[of] p1a: Crustle
|faint|p2a: Gourgeist
|
|upkeep
|inactive|Sallisssss has 90 seconds left.
|
|t:|1603230858
|switch|p2a: Pinsir|Pinsir, M|100/100
|turn|5
|
|t:|1603230865
|move|p2a: Pinsir|Earthquake|p1a: Crustle
|-damage|p1a: Crustle|30/100
|-ability|p1a: Crustle|Weak Armor|boost
|-unboost|p1a: Crustle|def|1
|-boost|p1a: Crustle|spe|2
|move|p1a: Crustle|Knock Off|p2a: Pinsir
|-damage|p2a: Pinsir|36/100
|-enditem|p2a: Pinsir|Choice Scarf|[from] move: Knock Off|[of] p1a: Crustle
|
|upkeep
|turn|6
|inactive|Sallisssss has 90 seconds left.
|
|t:|1603230882
|move|p1a: Crustle|Knock Off|p2a: Pinsir
|-damage|p2a: Pinsir|0 fnt
|faint|p2a: Pinsir
|
|upkeep
|inactive|Sallisssss has 90 seconds left.
|
|t:|1603230892
|switch|p2a: Vespiquen|Vespiquen, F|60/100
|-ability|p2a: Vespiquen|Pressure
|turn|7
|
|t:|1603230894
|move|p1a: Crustle|Knock Off|p2a: Vespiquen
|-damage|p2a: Vespiquen|24/100
|-enditem|p2a: Vespiquen|Heavy-Duty Boots|[from] move: Knock Off|[of] p1a: Crustle
|move|p2a: Vespiquen|Roost|p2a: Vespiquen
|-heal|p2a: Vespiquen|74/100
|-singleturn|p2a: Vespiquen|move: Roost
|
|upkeep
|turn|8
|
|t:|1603230901
|switch|p1a: Corsola|Corsola, M|100/100
|move|p2a: Vespiquen|U-turn|p1a: Corsola
|-damage|p1a: Corsola|80/100
|
|t:|1603230906
|switch|p2a: Kadabra|Kadabra, M|100/100|[from]move: U-turn
|
|upkeep
|turn|9
|
|t:|1603230915
|move|p2a: Kadabra|Energy Ball|p1a: Corsola
|-supereffective|p1a: Corsola
|-damage|p1a: Corsola|0 fnt
|faint|p1a: Corsola
|
|upkeep
|
|t:|1603230923
|switch|p1a: Gourgeist|Gourgeist-Small, M|81/100
|-item|p2a: Kadabra|Life Orb|[from] ability: Frisk|[of] p1a: Gourgeist|[identify]
|turn|10
|
|t:|1603230930
|switch|p2a: Type: Null|Type: Null|92/100
|move|p1a: Gourgeist|Shadow Sneak|p2a: Type: Null
|-immune|p2a: Type: Null
|
|upkeep
|turn|11
|
|t:|1603230933
|move|p1a: Gourgeist|Power Whip|p2a: Type: Null
|-damage|p2a: Type: Null|57/100
|-damage|p1a: Gourgeist|71/100|[from] item: Life Orb
|move|p2a: Type: Null|U-turn|p1a: Gourgeist
|-damage|p1a: Gourgeist|49/100
|
|t:|1603230940
|switch|p2a: Vespiquen|Vespiquen, F|74/100|[from]move: U-turn
|-ability|p2a: Vespiquen|Pressure
|
|upkeep
|turn|12
|
|t:|1603230957
|switch|p1a: Marowak|Marowak, F|100/100
|move|p2a: Vespiquen|Air Slash|p1a: Marowak
|-damage|p1a: Marowak|67/100
|
|upkeep
|turn|13
|
|t:|1603230964
|switch|p2a: Palpitoad|Palpitoad, F|100/100
|move|p1a: Marowak|Stealth Rock|p2a: Palpitoad
|-sidestart|p2: Sallisssss|move: Stealth Rock
|
|upkeep
|turn|14
|
|t:|1603230979
|switch|p1a: Mr. Rime|Mr. Rime, M|100/100
|move|p2a: Palpitoad|Scald|p1a: Mr. Rime
|-damage|p1a: Mr. Rime|77/100
|
|upkeep
|turn|15
|
|t:|1603230992
|switch|p2a: Type: Null|Type: Null|57/100
|-damage|p2a: Type: Null|45/100|[from] Stealth Rock
|move|p1a: Mr. Rime|Nasty Plot|p1a: Mr. Rime
|-boost|p1a: Mr. Rime|spa|2
|
|upkeep
|turn|16
|
|t:|1603230997
|move|p1a: Mr. Rime|Ice Beam|p2a: Type: Null
|-damage|p2a: Type: Null|8/100
|move|p2a: Type: Null|U-turn|p1a: Mr. Rime
|-supereffective|p1a: Mr. Rime
|-damage|p1a: Mr. Rime|35/100
|
|t:|1603231005
|switch|p2a: Kadabra|Kadabra, M|100/100|[from]move: U-turn
|
|upkeep
|turn|17
|
|t:|1603231027
|move|p2a: Kadabra|Shadow Ball|p1a: Mr. Rime
|-supereffective|p1a: Mr. Rime
|-damage|p1a: Mr. Rime|0 fnt
|faint|p1a: Mr. Rime
|
|upkeep
|
|t:|1603231030
|switch|p1a: Gourgeist|Gourgeist-Small, M|49/100
|-item|p2a: Kadabra|Life Orb|[from] ability: Frisk|[of] p1a: Gourgeist|[identify]
|turn|18
|
|t:|1603231044
|switch|p2a: Type: Null|Type: Null|8/100
|-damage|p2a: Type: Null|0 fnt|[from] Stealth Rock
|faint|p2a: Type: Null
|move|p1a: Gourgeist|Shadow Sneak|p2: Type: Null|[notarget]
|-fail|p1a: Gourgeist
|
|upkeep
|
|t:|1603231062
|switch|p2a: Kadabra|Kadabra, M|100/100
|turn|19
|
|t:|1603231071
|switch|p2a: Palpitoad|Palpitoad, F|100/100
|-damage|p2a: Palpitoad|94/100|[from] Stealth Rock
|move|p1a: Gourgeist|Shadow Sneak|p2a: Palpitoad
|-damage|p2a: Palpitoad|79/100
|-damage|p1a: Gourgeist|39/100|[from] item: Life Orb
|
|upkeep
|turn|20
|
|t:|1603231080
|move|p1a: Gourgeist|Power Whip|p2a: Palpitoad
|-supereffective|p2a: Palpitoad
|-damage|p2a: Palpitoad|0 fnt
|-damage|p1a: Gourgeist|29/100|[from] item: Life Orb
|faint|p2a: Palpitoad
|
|upkeep
|
|t:|1603231082
|switch|p2a: Vespiquen|Vespiquen, F|74/100
|-damage|p2a: Vespiquen|24/100|[from] Stealth Rock
|-ability|p2a: Vespiquen|Pressure
|turn|21
|
|t:|1603231087
|move|p1a: Gourgeist|Poltergeist||[still]
|-fail|p1a: Gourgeist
|move|p2a: Vespiquen|Roost|p2a: Vespiquen
|-heal|p2a: Vespiquen|74/100
|-singleturn|p2a: Vespiquen|move: Roost
|
|upkeep
|turn|22
|c|☆Pookies|fuck
|
|t:|1603231101
|switch|p1a: Crustle|Crustle, F|30/100
|move|p2a: Vespiquen|Air Slash|p1a: Crustle
|-damage|p1a: Crustle|0 fnt
|faint|p1a: Crustle
|
|upkeep
|
|t:|1603231103
|switch|p1a: Marowak|Marowak, F|67/100
|turn|23
|
|t:|1603231126
|move|p1a: Marowak|Fire Punch|p2a: Vespiquen
|-supereffective|p2a: Vespiquen
|-damage|p2a: Vespiquen|21/100
|move|p2a: Vespiquen|U-turn|p1a: Marowak
|-damage|p1a: Marowak|41/100
|
|t:|1603231131
|switch|p2a: Kadabra|Kadabra, M|100/100|[from]move: U-turn
|
|upkeep
|turn|24
|
|t:|1603231137
|switch|p1a: Gloom|Gloom, M|100/100
|move|p2a: Kadabra|Psychic|p1a: Gloom
|-supereffective|p1a: Gloom
|-damage|p1a: Gloom|0 fnt
|faint|p1a: Gloom
|
|upkeep
|
|t:|1603231139
|switch|p1a: Gourgeist|Gourgeist-Small, M|29/100
|-item|p2a: Kadabra|Life Orb|[from] ability: Frisk|[of] p1a: Gourgeist|[identify]
|turn|25
|
|t:|1603231144
|move|p1a: Gourgeist|Shadow Sneak|p2a: Kadabra
|-supereffective|p2a: Kadabra
|-damage|p2a: Kadabra|0 fnt
|-damage|p1a: Gourgeist|19/100|[from] item: Life Orb
|faint|p2a: Kadabra
|
|upkeep
|c|☆Sallisssss|gg
|-message|Sallisssss forfeited.
|
|win|Pookies
|l|☆Sallisssss
|c|☆Pookies|gg
