|j|☆palle piene
|j|☆Cartsoul
|player|p1|palle piene|youngster-gen4|1550
|player|p2|Cartsoul|170|1307
|teamsize|p1|6
|teamsize|p2|6
|gametype|singles
|gen|8
|tier|[Gen 8] PU
|rated|
|clearpoke
|poke|p1|Gothitelle, F|
|poke|p1|Silvally-*|
|poke|p1|Shuckle, F|
|poke|p1|Hattrem, F|
|poke|p1|Gourgeist-*, M|
|poke|p1|Pawniard, F|
|poke|p2|Beheeyem, M|
|poke|p2|Silvally-*|
|poke|p2|Carkol, M|
|poke|p2|Pawniard, M|
|poke|p2|Throh, M|
|poke|p2|Basculin-Blue-Striped, M|
|rule|Sleep Clause Mod: Limit one foe put to sleep
|rule|Species Clause: Limit one of each Pokémon
|rule|OHKO Clause: OHKO moves are banned
|rule|Evasion Moves Clause: Evasion moves are banned
|rule|Endless Battle Clause: Forcing endless battles is banned
|rule|HP Percentage Mod: HP is shown in percentages
|rule|Dynamax Clause: You cannot dynamax
|teampreview
|inactive|Battle timer is ON: inactive players will automatically lose when time's up. (requested by palle piene)
|
|start
|switch|p1a: Gourgeist|Gourgeist, M|100/100
|switch|p2a: Basculin-Blue-Stri|Basculin-Blue-Striped, M|100/100
|-item|p2a: Basculin-Blue-Stri|Life Orb|[from] ability: Frisk|[of] p1a: Gourgeist|[identify]
|turn|1
|
|switch|p2a: Carkol|Carkol, M|100/100
|move|p1a: Gourgeist|Power Whip|p2a: Carkol|[miss]
|-miss|p1a: Gourgeist|p2a: Carkol
|
|upkeep
|turn|2
|
|switch|p1a: Hattrem|Hattrem, F|100/100
|switch|p2a: Beheeyem|Beheeyem, M|100/100
|
|upkeep
|turn|3
|j| salmontest3
|
|switch|p1a: Shuckle|Shuckle, F|100/100
|move|p2a: Beheeyem|Thunderbolt|p1a: Shuckle
|-damage|p1a: Shuckle|61/100
|-status|p1a: Shuckle|par
|
|-heal|p1a: Shuckle|67/100 par|[from] item: Leftovers
|upkeep
|turn|4
|
|switch|p2a: Carkol|Carkol, M|100/100
|move|p1a: Shuckle|Stealth Rock|p2a: Carkol
|-sidestart|p2: Cartsoul|move: Stealth Rock
|
|-heal|p1a: Shuckle|73/100 par|[from] item: Leftovers
|upkeep
|turn|5
|
|switch|p1a: Silvally|Silvally-Fighting|100/100
|move|p2a: Carkol|Flamethrower|p1a: Silvally
|-damage|p1a: Silvally|80/100
|
|upkeep
|turn|6
|
|move|p1a: Silvally|Swords Dance|p1a: Silvally
|-boost|p1a: Silvally|atk|2
|move|p2a: Carkol|Rapid Spin|p1a: Silvally
|-damage|p1a: Silvally|74/100
|-boost|p2a: Carkol|spe|1
|-sideend|p2: Cartsoul|Stealth Rock|[from] move: Rapid Spin|[of] p2a: Carkol
|
|upkeep
|turn|7
|
|move|p1a: Silvally|Multi-Attack|p2a: Carkol
|-supereffective|p2a: Carkol
|-damage|p2a: Carkol|11/100
|-status|p1a: Silvally|brn|[from] ability: Flame Body|[of] p2a: Carkol
|move|p2a: Carkol|Spikes|p1a: Silvally
|-sidestart|p1: palle piene|Spikes
|
|-damage|p1a: Silvally|68/100 brn|[from] brn
|upkeep
|turn|8
|
|move|p1a: Silvally|Defog|p2a: Carkol
|-unboost|p2a: Carkol|evasion|1
|-sideend|p1: palle piene|Spikes|[from] move: Defog|[of] p1a: Silvally
|move|p2a: Carkol|Body Press|p1a: Silvally
|-damage|p1a: Silvally|44/100 brn
|
|-damage|p1a: Silvally|38/100 brn|[from] brn
|upkeep
|turn|9
|
|move|p1a: Silvally|Multi-Attack|p2a: Carkol
|-supereffective|p2a: Carkol
|-damage|p2a: Carkol|0 fnt
|faint|p2a: Carkol
|
|-damage|p1a: Silvally|32/100 brn|[from] brn
|upkeep
|
|switch|p2a: Basculin-Blue-Stri|Basculin-Blue-Striped, M|100/100
|turn|10
|
|switch|p1a: Gourgeist|Gourgeist, M|100/100
|-item|p2a: Basculin-Blue-Stri|Life Orb|[from] ability: Frisk|[of] p1a: Gourgeist|[identify]
|move|p2a: Basculin-Blue-Stri|Hydro Pump|p1a: Gourgeist
|-resisted|p1a: Gourgeist
|-damage|p1a: Gourgeist|57/100
|-damage|p2a: Basculin-Blue-Stri|91/100|[from] item: Life Orb
|
|upkeep
|turn|11
|
|switch|p2a: Silvally|Silvally-Ice|100/100
|move|p1a: Gourgeist|Power Whip|p2a: Silvally
|-damage|p2a: Silvally|51/100
|
|upkeep
|turn|12
|inactive|palle piene has 120 seconds left.
|
|move|p1a: Gourgeist|Power Whip|p2a: Silvally
|-damage|p2a: Silvally|0 fnt
|faint|p2a: Silvally
|
|upkeep
|
|switch|p2a: Pawniard|Pawniard, M|100/100
|turn|13
|
|switch|p1a: Silvally|Silvally-Fighting|32/100 brn
|move|p2a: Pawniard|Swords Dance|p2a: Pawniard
|-boost|p2a: Pawniard|atk|2
|
|-damage|p1a: Silvally|26/100 brn|[from] brn
|upkeep
|turn|14
|
|switch|p1a: Gourgeist|Gourgeist, M|57/100
|-item|p2a: Pawniard|Black Glasses|[from] ability: Frisk|[of] p1a: Gourgeist|[identify]
|move|p2a: Pawniard|Sucker Punch||[still]
|-fail|p2a: Pawniard
|
|upkeep
|turn|15
|
|move|p1a: Gourgeist|Destiny Bond|p1a: Gourgeist
|-singlemove|p1a: Gourgeist|Destiny Bond
|move|p2a: Pawniard|Knock Off|p1a: Gourgeist
|-supereffective|p1a: Gourgeist
|-damage|p1a: Gourgeist|0 fnt
|-enditem|p1a: Gourgeist|Choice Scarf|[from] move: Knock Off|[of] p2a: Pawniard
|faint|p1a: Gourgeist
|-activate|p1a: Gourgeist|move: Destiny Bond
|faint|p2a: Pawniard
|
|upkeep
|
|switch|p1a: Hattrem|Hattrem, F|100/100
|switch|p2a: Basculin-Blue-Stri|Basculin-Blue-Striped, M|91/100
|turn|16
|
|switch|p2a: Throh|Throh, M|100/100
|move|p1a: Hattrem|Nuzzle|p2a: Throh
|-damage|p2a: Throh|98/100
|-status|p2a: Throh|par
|
|-heal|p2a: Throh|100/100 par|[from] item: Leftovers
|upkeep
|turn|17
|j| Carkoal Basculin
|
|move|p1a: Hattrem|Dazzling Gleam|p2a: Throh
|-supereffective|p2a: Throh
|-damage|p2a: Throh|81/100 par
|move|p2a: Throh|Knock Off|p1a: Hattrem
|-supereffective|p1a: Hattrem
|-damage|p1a: Hattrem|54/100
|-enditem|p1a: Hattrem|Eviolite|[from] move: Knock Off|[of] p2a: Throh
|
|-heal|p2a: Throh|87/100 par|[from] item: Leftovers
|upkeep
|turn|18
|
|switch|p1a: Shuckle|Shuckle, F|73/100 par
|move|p2a: Throh|Bulk Up|p2a: Throh
|-boost|p2a: Throh|atk|1
|-boost|p2a: Throh|def|1
|
|-heal|p2a: Throh|93/100 par|[from] item: Leftovers
|-heal|p1a: Shuckle|80/100 par|[from] item: Leftovers
|upkeep
|turn|19
|
|move|p2a: Throh|Knock Off|p1a: Shuckle
|-damage|p1a: Shuckle|52/100 par
|-enditem|p1a: Shuckle|Leftovers|[from] move: Knock Off|[of] p2a: Throh
|move|p1a: Shuckle|Encore|p2a: Throh
|-start|p2a: Throh|Encore
|
|-heal|p2a: Throh|99/100 par|[from] item: Leftovers
|upkeep
|turn|20
|
|switch|p2a: Basculin-Blue-Stri|Basculin-Blue-Striped, M|91/100
|cant|p1a: Shuckle|par
|
|upkeep
|turn|21
|
|move|p2a: Basculin-Blue-Stri|Liquidation|p1a: Shuckle
|-supereffective|p1a: Shuckle
|-crit|p1a: Shuckle
|-damage|p1a: Shuckle|0 fnt
|-damage|p2a: Basculin-Blue-Stri|81/100|[from] item: Life Orb
|faint|p1a: Shuckle
|
|upkeep
|
|switch|p1a: Pawniard|Pawniard, F|100/100
|turn|22
|
|move|p2a: Basculin-Blue-Stri|Superpower|p1a: Pawniard
|-supereffective|p1a: Pawniard
|-damage|p1a: Pawniard|0 fnt
|-unboost|p2a: Basculin-Blue-Stri|atk|1
|-unboost|p2a: Basculin-Blue-Stri|def|1
|-damage|p2a: Basculin-Blue-Stri|71/100|[from] item: Life Orb
|faint|p1a: Pawniard
|
|upkeep
|
|switch|p1a: Gothitelle|Gothitelle, F|100/100
|turn|23
|
|switch|p2a: Beheeyem|Beheeyem, M|100/100
|move|p1a: Gothitelle|Cosmic Power|p1a: Gothitelle
|-boost|p1a: Gothitelle|def|1
|-boost|p1a: Gothitelle|spd|1
|
|upkeep
|turn|24
|
|move|p1a: Gothitelle|Cosmic Power|p1a: Gothitelle
|-boost|p1a: Gothitelle|def|1
|-boost|p1a: Gothitelle|spd|1
|move|p2a: Beheeyem|Shadow Ball|p1a: Gothitelle
|-supereffective|p1a: Gothitelle
|-damage|p1a: Gothitelle|51/100
|-enditem|p1a: Gothitelle|Weakness Policy
|-boost|p1a: Gothitelle|atk|2|[from] item: Weakness Policy
|-boost|p1a: Gothitelle|spa|2|[from] item: Weakness Policy
|-unboost|p1a: Gothitelle|spd|1
|-ability|p1a: Gothitelle|Competitive
|-boost|p1a: Gothitelle|spa|2
|
|upkeep
|turn|25
|c| salmontest3|holy shit lmao
|inactive|palle piene has 120 seconds left.
|inactive|palle piene has 90 seconds left.
|inactive|palle piene has 60 seconds left.
|
|move|p1a: Gothitelle|Stored Power|p2a: Beheeyem
|-resisted|p2a: Beheeyem
|-damage|p2a: Beheeyem|10/100
|move|p2a: Beheeyem|Shadow Ball|p1a: Gothitelle
|-supereffective|p1a: Gothitelle
|-damage|p1a: Gothitelle|0 fnt
|faint|p1a: Gothitelle
|
|upkeep
|c|☆palle piene|that drop
|c|☆palle piene|rip
|
|switch|p1a: Hattrem|Hattrem, F|54/100
|turn|26
|
|move|p1a: Hattrem|Healing Wish|p1a: Hattrem
|faint|p1a: Hattrem
|move|p2a: Beheeyem|Shadow Ball|p1: Hattrem|[notarget]
|-fail|p2a: Beheeyem
|
|upkeep
|
|switch|p1a: Silvally|Silvally-Fighting|26/100 brn
|-heal|p1a: Silvally|100/100|[from] move: Healing Wish
|turn|27
|
|move|p1a: Silvally|Multi-Attack|p2a: Beheeyem
|-resisted|p2a: Beheeyem
|-damage|p2a: Beheeyem|0 fnt
|faint|p2a: Beheeyem
|
|upkeep
|
|switch|p2a: Throh|Throh, M|99/100 par
|turn|28
|
|move|p1a: Silvally|Swords Dance|p1a: Silvally
|-boost|p1a: Silvally|atk|2
|move|p2a: Throh|Circle Throw|p1a: Silvally
|-damage|p1a: Silvally|65/100
|
|-heal|p2a: Throh|100/100 par|[from] item: Leftovers
|upkeep
|turn|29
|
|move|p1a: Silvally|Multi-Attack|p2a: Throh
|-damage|p2a: Throh|7/100 par
|move|p2a: Throh|Circle Throw|p1a: Silvally
|-damage|p1a: Silvally|32/100
|
|-heal|p2a: Throh|13/100 par|[from] item: Leftovers
|upkeep
|turn|30
|
|move|p1a: Silvally|Multi-Attack|p2a: Throh
|-damage|p2a: Throh|0 fnt
|faint|p2a: Throh
|
|upkeep
|
|switch|p2a: Basculin-Blue-Stri|Basculin-Blue-Striped, M|71/100
|turn|31
|
|move|p2a: Basculin-Blue-Stri|Liquidation|p1a: Silvally
|-damage|p1a: Silvally|0 fnt
|-damage|p2a: Basculin-Blue-Stri|61/100|[from] item: Life Orb
|faint|p1a: Silvally
|
|win|Cartsoul
|l|☆palle piene
|l| Carkoal Basculin
|l| salmontest3
|raw|palle piene's rating: 1550 &rarr; <strong>1518</strong><br />(-32 for losing)
|raw|Cartsoul's rating: 1301 &rarr; <strong>1334</strong><br />(+33 for winning)
