|j|☆zRedqueen
|j|☆RahelGamer03
|player|p1|zRedqueen|kimonogirl|1476
|player|p2|RahelGamer03|ninjaboy-gen3|1332
|teamsize|p1|6
|teamsize|p2|6
|gametype|singles
|gen|8
|tier|[Gen 8] PU
|rated|
|clearpoke
|poke|p1|Raboot, M|
|poke|p1|Mawile, F|
|poke|p1|Stunfisk, M|
|poke|p1|Roselia, F|
|poke|p1|Wartortle, M|
|poke|p1|Manectric, F|
|poke|p2|Basculin-Blue-Striped, F|
|poke|p2|Crustle, F|
|poke|p2|Gourgeist-*, F|
|poke|p2|Pikachu, F|
|poke|p2|Gothitelle, M|
|poke|p2|Hitmontop, M|
|rule|Sleep Clause Mod: Limit one foe put to sleep
|rule|Species Clause: Limit one of each Pokémon
|rule|OHKO Clause: OHKO moves are banned
|rule|Evasion Moves Clause: Evasion moves are banned
|rule|Endless Battle Clause: Forcing endless battles is banned
|rule|HP Percentage Mod: HP is shown in percentages
|rule|Dynamax Clause: You cannot dynamax
|teampreview
|
|start
|switch|p1a: Raboot|Raboot, M, shiny|100/100
|switch|p2a: DEVIL'S LANCE|Crustle, F|100/100
|turn|1
|
|move|p1a: Raboot|U-turn|p2a: DEVIL'S LANCE
|-start|p1a: Raboot|typechange|Bug|[from] ability: Libero
|-damage|p2a: DEVIL'S LANCE|62/100
|-ability|p2a: DEVIL'S LANCE|Weak Armor|boost
|-unboost|p2a: DEVIL'S LANCE|def|1
|-boost|p2a: DEVIL'S LANCE|spe|2
|
|switch|p1a: Wartortle|Wartortle, M|100/100|[from]move: U-turn
|move|p2a: DEVIL'S LANCE|Stealth Rock|p1a: Wartortle
|-sidestart|p1: zRedqueen|move: Stealth Rock
|
|upkeep
|turn|2
|
|switch|p2a: DEMON'S BANE|Gourgeist, F|100/100
|-item|p1a: Wartortle|Eviolite|[from] ability: Frisk|[of] p2a: DEMON'S BANE|[identify]
|move|p1a: Wartortle|Toxic|p2a: DEMON'S BANE
|-status|p2a: DEMON'S BANE|tox
|
|-damage|p2a: DEMON'S BANE|95/100 tox|[from] psn
|upkeep
|turn|3
|
|switch|p1a: Roselia|Roselia, F|100/100
|-damage|p1a: Roselia|88/100|[from] Stealth Rock
|move|p2a: DEMON'S BANE|Explosion|p1a: Roselia
|-damage|p1a: Roselia|0 fnt
|faint|p2a: DEMON'S BANE
|faint|p1a: Roselia
|
|upkeep
|inactive|Battle timer is ON: inactive players will automatically lose when time's up. (requested by zRedqueen)
|
|switch|p2a: DRAGON SHOT|Basculin-Blue-Striped, F|100/100
|switch|p1a: Stunfisk|Stunfisk, M|100/100
|-damage|p1a: Stunfisk|94/100|[from] Stealth Rock
|turn|4
|
|switch|p1a: Wartortle|Wartortle, M|100/100
|-damage|p1a: Wartortle|88/100|[from] Stealth Rock
|move|p2a: DRAGON SHOT|Liquidation|p1a: Wartortle
|-resisted|p1a: Wartortle
|-damage|p1a: Wartortle|63/100
|
|upkeep
|turn|5
|
|move|p2a: DRAGON SHOT|Final Gambit|p1a: Wartortle
|-damage|p1a: Wartortle|0 fnt
|faint|p2a: DRAGON SHOT
|faint|p1a: Wartortle
|
|upkeep
|
|switch|p2a: DEVIL'S LANCE|Crustle, F|62/100
|switch|p1a: Raboot|Raboot, M, shiny|100/100
|-damage|p1a: Raboot|76/100|[from] Stealth Rock
|turn|6
|
|move|p1a: Raboot|Flare Blitz|p2a: DEVIL'S LANCE
|-damage|p2a: DEVIL'S LANCE|0 fnt
|-damage|p1a: Raboot|55/100|[from] Recoil
|faint|p2a: DEVIL'S LANCE
|
|upkeep
|
|switch|p2a: HAMMER OF BURMA|Hitmontop, M|100/100
|turn|7
|inactive|zRedqueen has 120 seconds left.
|
|switch|p1a: Stunfisk|Stunfisk, M|94/100
|-damage|p1a: Stunfisk|88/100|[from] Stealth Rock
|move|p2a: HAMMER OF BURMA|Fake Out|p1a: Stunfisk
|-damage|p1a: Stunfisk|76/100
|
|-heal|p1a: Stunfisk|82/100|[from] item: Leftovers
|upkeep
|turn|8
|
|move|p2a: HAMMER OF BURMA|Mach Punch|p1a: Stunfisk
|-damage|p1a: Stunfisk|63/100
|move|p1a: Stunfisk|Stealth Rock|p2a: HAMMER OF BURMA
|-sidestart|p2: RahelGamer03|move: Stealth Rock
|
|-heal|p1a: Stunfisk|69/100|[from] item: Leftovers
|upkeep
|turn|9
|
|move|p2a: HAMMER OF BURMA|Rapid Spin|p1a: Stunfisk
|-damage|p1a: Stunfisk|55/100
|-boost|p2a: HAMMER OF BURMA|spe|1
|-sideend|p2: RahelGamer03|Stealth Rock|[from] move: Rapid Spin|[of] p2a: HAMMER OF BURMA
|move|p1a: Stunfisk|Toxic|p2a: HAMMER OF BURMA
|-status|p2a: HAMMER OF BURMA|tox
|
|-heal|p1a: Stunfisk|61/100|[from] item: Leftovers
|-damage|p2a: HAMMER OF BURMA|95/100 tox|[from] psn
|upkeep
|turn|10
|
|move|p2a: HAMMER OF BURMA|Mach Punch|p1a: Stunfisk
|-damage|p1a: Stunfisk|43/100
|move|p1a: Stunfisk|Stealth Rock|p2a: HAMMER OF BURMA
|-sidestart|p2: RahelGamer03|move: Stealth Rock
|
|-heal|p1a: Stunfisk|49/100|[from] item: Leftovers
|-damage|p2a: HAMMER OF BURMA|83/100 tox|[from] psn
|upkeep
|turn|11
|
|move|p2a: HAMMER OF BURMA|Rapid Spin|p1a: Stunfisk
|-damage|p1a: Stunfisk|35/100
|-boost|p2a: HAMMER OF BURMA|spe|1
|-sideend|p2: RahelGamer03|Stealth Rock|[from] move: Rapid Spin|[of] p2a: HAMMER OF BURMA
|move|p1a: Stunfisk|Earth Power|p2a: HAMMER OF BURMA
|-damage|p2a: HAMMER OF BURMA|64/100 tox
|
|-heal|p1a: Stunfisk|41/100|[from] item: Leftovers
|-damage|p2a: HAMMER OF BURMA|46/100 tox|[from] psn
|upkeep
|turn|12
|
|move|p2a: HAMMER OF BURMA|Mach Punch|p1a: Stunfisk
|-damage|p1a: Stunfisk|24/100
|move|p1a: Stunfisk|Stealth Rock|p2a: HAMMER OF BURMA
|-sidestart|p2: RahelGamer03|move: Stealth Rock
|
|-heal|p1a: Stunfisk|30/100|[from] item: Leftovers
|-damage|p2a: HAMMER OF BURMA|22/100 tox|[from] psn
|upkeep
|turn|13
|
|move|p2a: HAMMER OF BURMA|Rapid Spin|p1a: Stunfisk
|-damage|p1a: Stunfisk|15/100
|-boost|p2a: HAMMER OF BURMA|spe|1
|-sideend|p2: RahelGamer03|Stealth Rock|[from] move: Rapid Spin|[of] p2a: HAMMER OF BURMA
|move|p1a: Stunfisk|Stealth Rock|p2a: HAMMER OF BURMA
|-sidestart|p2: RahelGamer03|move: Stealth Rock
|
|-heal|p1a: Stunfisk|22/100|[from] item: Leftovers
|-damage|p2a: HAMMER OF BURMA|0 fnt|[from] psn
|faint|p2a: HAMMER OF BURMA
|upkeep
|
|switch|p2a: EVOLUTION|Gothitelle, M|100/100
|-damage|p2a: EVOLUTION|88/100|[from] Stealth Rock
|turn|14
|
|switch|p1a: Manectric|Manectric, F|100/100
|-damage|p1a: Manectric|88/100|[from] Stealth Rock
|move|p2a: EVOLUTION|Cosmic Power|p2a: EVOLUTION
|-boost|p2a: EVOLUTION|def|1
|-boost|p2a: EVOLUTION|spd|1
|
|upkeep
|turn|15
|
|move|p1a: Manectric|Switcheroo|p2a: EVOLUTION
|-activate|p1a: Manectric|move: Trick|[of] p2a: EVOLUTION
|-item|p2a: EVOLUTION|Choice Scarf|[from] move: Switcheroo
|-item|p1a: Manectric|Weakness Policy|[from] move: Switcheroo
|move|p2a: EVOLUTION|Stored Power|p1a: Manectric
|-crit|p1a: Manectric
|-damage|p1a: Manectric|36/100
|
|upkeep
|turn|16
|
|move|p1a: Manectric|Thunderbolt|p2a: EVOLUTION
|-damage|p2a: EVOLUTION|62/100
|-status|p2a: EVOLUTION|par
|move|p2a: EVOLUTION|Stored Power|p1a: Manectric
|-damage|p1a: Manectric|0 fnt
|faint|p1a: Manectric
|
|upkeep
|j| MoolTool
|
|switch|p1a: Mawile|Mawile, F|100/100
|-damage|p1a: Mawile|94/100|[from] Stealth Rock
|turn|17
|
|move|p1a: Mawile|Swords Dance|p1a: Mawile
|-boost|p1a: Mawile|atk|2
|move|p2a: EVOLUTION|Stored Power|p1a: Mawile
|-resisted|p1a: Mawile
|-damage|p1a: Mawile|69/100
|
|upkeep
|turn|18
|
|move|p1a: Mawile|Swords Dance|p1a: Mawile
|-boost|p1a: Mawile|atk|2
|move|p2a: EVOLUTION|Stored Power|p1a: Mawile
|-resisted|p1a: Mawile
|-damage|p1a: Mawile|47/100
|
|upkeep
|turn|19
|
|move|p1a: Mawile|Iron Head|p2a: EVOLUTION
|-damage|p2a: EVOLUTION|0 fnt
|faint|p2a: EVOLUTION
|
|upkeep
|
|switch|p2a: NIKO STYLE|Pikachu, F|100/100
|-damage|p2a: NIKO STYLE|88/100|[from] Stealth Rock
|turn|20
|
|move|p2a: NIKO STYLE|Fake Out|p1a: Mawile
|-resisted|p1a: Mawile
|-damage|p1a: Mawile|34/100
|cant|p1a: Mawile|flinch
|
|upkeep
|turn|21
|
|move|p2a: NIKO STYLE|Extreme Speed|p1a: Mawile
|-resisted|p1a: Mawile
|-damage|p1a: Mawile|3/100
|move|p1a: Mawile|Sucker Punch||[still]
|-fail|p1a: Mawile
|
|upkeep
|turn|22
|
|move|p2a: NIKO STYLE|Extreme Speed|p1a: Mawile
|-resisted|p1a: Mawile
|-damage|p1a: Mawile|0 fnt
|faint|p1a: Mawile
|
|upkeep
|
|switch|p1a: Stunfisk|Stunfisk, M|22/100
|-damage|p1a: Stunfisk|15/100|[from] Stealth Rock
|turn|23
|
|move|p2a: NIKO STYLE|Extreme Speed|p1a: Stunfisk
|-damage|p1a: Stunfisk|0 fnt
|faint|p1a: Stunfisk
|
|upkeep
|
|switch|p1a: Raboot|Raboot, M, shiny|55/100
|-damage|p1a: Raboot|30/100|[from] Stealth Rock
|turn|24
|
|move|p2a: NIKO STYLE|Extreme Speed|p1a: Raboot
|-damage|p1a: Raboot|0 fnt
|faint|p1a: Raboot
|
|win|RahelGamer03
|l|☆zRedqueen
||Ladder (probably) updated, but score could not be retrieved (Request timeout).
