|j|☆robert punda
|j|☆sirmrwhale
|t:|1651200613
|gametype|singles
|player|p1|robert punda|klara|
|player|p2|sirmrwhale|265|
|teamsize|p1|6
|teamsize|p2|6
|gen|8
|tier|[Gen 8] PU
|rated|Tournament battle
|rule|Sleep Clause Mod: Limit one foe put to sleep
|rule|Species Clause: Limit one of each Pokémon
|rule|OHKO Clause: OHKO moves are banned
|rule|Evasion Moves Clause: Evasion moves are banned
|rule|Endless Battle Clause: Forcing endless battles is banned
|rule|HP Percentage Mod: HP is shown in percentages
|rule|Dynamax Clause: You cannot dynamax
|clearpoke
|poke|p1|Garbodor, M|
|poke|p1|Sneasel, F|
|poke|p1|Gigalith, F|
|poke|p1|Audino, F|
|poke|p1|Ribombee, F|
|poke|p1|Eldegoss, M|
|poke|p2|Thwackey, F|
|poke|p2|Mesprit|
|poke|p2|Gigalith, M|
|poke|p2|Comfey, M|
|poke|p2|Garbodor, M|
|poke|p2|Charizard, F|
|teampreview
|inactive|Battle timer is ON: inactive players will automatically lose when time's up. (requested by sirmrwhale)
|inactive|robert punda also wants the timer to be on.
|c|☆sirmrwhale|glhf
|c|☆robert punda|u2
|j| ii88
|inactive|robert punda has 120 seconds left.
|
|t:|1651200652
|start
|switch|p1a: Gigalith|Gigalith, F|100/100
|switch|p2a: Thwackey|Thwackey, F|100/100
|-fieldstart|move: Grassy Terrain|[from] ability: Grassy Surge|[of] p2a: Thwackey
|-weather|Sandstorm|[from] ability: Sand Stream|[of] p1a: Gigalith
|turn|1
|j|%keppy ㋡
|
|t:|1651200657
|move|p1a: Gigalith|Protect|p1a: Gigalith
|-singleturn|p1a: Gigalith|Protect
|move|p2a: Thwackey|Knock Off|p1a: Gigalith
|-activate|p1a: Gigalith|move: Protect
|
|-weather|Sandstorm|[upkeep]
|-damage|p2a: Thwackey|94/100|[from] Sandstorm
|-heal|p2a: Thwackey|100/100|[from] Grassy Terrain
|upkeep
|turn|2
|
|t:|1651200660
|move|p2a: Thwackey|Knock Off|p1a: Gigalith
|-damage|p1a: Gigalith|73/100
|-enditem|p1a: Gigalith|Leftovers|[from] move: Knock Off|[of] p2a: Thwackey
|move|p1a: Gigalith|Stealth Rock|p2a: Thwackey
|-sidestart|p2: sirmrwhale|move: Stealth Rock
|
|-weather|Sandstorm|[upkeep]
|-damage|p2a: Thwackey|94/100|[from] Sandstorm
|-heal|p2a: Thwackey|100/100|[from] Grassy Terrain
|-heal|p1a: Gigalith|79/100|[from] Grassy Terrain
|upkeep
|turn|3
|
|t:|1651200667
|switch|p2a: Garbodor|Garbodor, M|100/100
|-damage|p2a: Garbodor|88/100|[from] Stealth Rock
|move|p1a: Gigalith|Rock Blast|p2a: Garbodor
|-damage|p2a: Garbodor|77/100
|-damage|p2a: Garbodor|67/100
|-damage|p2a: Garbodor|57/100
|-damage|p2a: Garbodor|47/100
|-damage|p2a: Garbodor|37/100
|-hitcount|p2a: Garbodor|5
|
|-weather|Sandstorm|[upkeep]
|-damage|p2a: Garbodor|30/100|[from] Sandstorm
|-heal|p2a: Garbodor|37/100|[from] Grassy Terrain
|-heal|p1a: Gigalith|86/100|[from] Grassy Terrain
|upkeep
|turn|4
|
|t:|1651200671
|move|p2a: Garbodor|Pain Split|p1a: Gigalith
|-sethp|p1a: Gigalith|59/100|[from] move: Pain Split|[silent]
|-sethp|p2a: Garbodor|68/100|[from] move: Pain Split
|move|p1a: Gigalith|Rock Blast|p2a: Garbodor
|-damage|p2a: Garbodor|57/100
|-damage|p2a: Garbodor|46/100
|-damage|p2a: Garbodor|36/100
|-damage|p2a: Garbodor|26/100
|-hitcount|p2a: Garbodor|4
|
|-weather|Sandstorm|[upkeep]
|-damage|p2a: Garbodor|20/100|[from] Sandstorm
|-heal|p2a: Garbodor|26/100|[from] Grassy Terrain
|-heal|p1a: Gigalith|65/100|[from] Grassy Terrain
|upkeep
|turn|5
|j|+Oathkeeper
|
|t:|1651200679
|move|p2a: Garbodor|Spikes|p1a: Gigalith
|-sidestart|p1: robert punda|Spikes
|move|p1a: Gigalith|Rock Blast|p2a: Garbodor
|-damage|p2a: Garbodor|15/100
|-damage|p2a: Garbodor|5/100
|-damage|p2a: Garbodor|0 fnt
|faint|p2a: Garbodor
|-hitcount|p2: Garbodor|3
|
|-weather|none
|-heal|p1a: Gigalith|71/100|[from] Grassy Terrain
|-fieldend|move: Grassy Terrain
|upkeep
|
|t:|1651200681
|switch|p2a: Thwackey|Thwackey, F|100/100
|-damage|p2a: Thwackey|88/100|[from] Stealth Rock
|-fieldstart|move: Grassy Terrain|[from] ability: Grassy Surge|[of] p2a: Thwackey
|turn|6
|
|t:|1651200683
|move|p1a: Gigalith|Protect|p1a: Gigalith
|-singleturn|p1a: Gigalith|Protect
|move|p2a: Thwackey|Wood Hammer|p1a: Gigalith
|-activate|p1a: Gigalith|move: Protect
|
|-heal|p2a: Thwackey|94/100|[from] Grassy Terrain
|-heal|p1a: Gigalith|77/100|[from] Grassy Terrain
|upkeep
|turn|7
|
|t:|1651200687
|switch|p1a: Garbodor|Garbodor, M|100/100
|-damage|p1a: Garbodor|88/100|[from] Spikes
|move|p2a: Thwackey|Wood Hammer|p1a: Garbodor
|-resisted|p1a: Garbodor
|-damage|p1a: Garbodor|51/100
|-damage|p2a: Thwackey|78/100|[from] item: Rocky Helmet|[of] p1a: Garbodor
|-damage|p2a: Thwackey|62/100|[from] Recoil
|
|-heal|p2a: Thwackey|68/100|[from] Grassy Terrain
|-heal|p1a: Garbodor|57/100|[from] Grassy Terrain
|upkeep
|turn|8
|
|t:|1651200693
|switch|p2a: Mesprit|Mesprit|100/100
|-damage|p2a: Mesprit|88/100|[from] Stealth Rock
|move|p1a: Garbodor|Gunk Shot|p2a: Mesprit
|-damage|p2a: Mesprit|42/100
|-status|p2a: Mesprit|psn
|
|-heal|p1a: Garbodor|63/100|[from] Grassy Terrain
|-damage|p2a: Mesprit|30/100 psn|[from] psn
|upkeep
|turn|9
|
|t:|1651200699
|switch|p1a: Audino|Audino, F|100/100
|move|p2a: Mesprit|Nasty Plot|p2a: Mesprit
|-boost|p2a: Mesprit|spa|2
|
|-damage|p2a: Mesprit|17/100 psn|[from] psn
|upkeep
|turn|10
|
|t:|1651200703
|move|p1a: Audino|Protect|p1a: Audino
|-singleturn|p1a: Audino|Protect
|move|p2a: Mesprit|Psychic|p1a: Audino
|-activate|p1a: Audino|move: Protect
|
|-damage|p2a: Mesprit|5/100 psn|[from] psn
|-fieldend|move: Grassy Terrain
|upkeep
|turn|11
|
|t:|1651200707
|move|p2a: Mesprit|Psychic|p1a: Audino
|-damage|p1a: Audino|42/100
|move|p1a: Audino|Wish|p1a: Audino
|
|-damage|p2a: Mesprit|0 fnt|[from] psn
|faint|p2a: Mesprit
|upkeep
|
|t:|1651200713
|switch|p2a: Thwackey|Thwackey, F|68/100
|-damage|p2a: Thwackey|55/100|[from] Stealth Rock
|-fieldstart|move: Grassy Terrain|[from] ability: Grassy Surge|[of] p2a: Thwackey
|turn|12
|
|t:|1651200716
|switch|p1a: Garbodor|Garbodor, M|63/100
|-damage|p1a: Garbodor|50/100|[from] Spikes
|move|p2a: Thwackey|Wood Hammer|p1a: Garbodor
|-resisted|p1a: Garbodor
|-damage|p1a: Garbodor|8/100
|-damage|p2a: Thwackey|39/100|[from] item: Rocky Helmet|[of] p1a: Garbodor
|-damage|p2a: Thwackey|21/100|[from] Recoil
|
|-heal|p1a: Garbodor|65/100|[from] move: Wish|[wisher] Audino
|-heal|p2a: Thwackey|27/100|[from] Grassy Terrain
|-heal|p1a: Garbodor|71/100|[from] Grassy Terrain
|upkeep
|turn|13
|
|t:|1651200721
|move|p2a: Thwackey|Wood Hammer|p1a: Garbodor
|-resisted|p1a: Garbodor
|-damage|p1a: Garbodor|32/100
|-damage|p2a: Thwackey|11/100|[from] item: Rocky Helmet|[of] p1a: Garbodor
|-damage|p2a: Thwackey|0 fnt|[from] Recoil
|faint|p2a: Thwackey
|move|p1a: Garbodor|Gunk Shot|p2: Thwackey|[notarget]
|-fail|p1a: Garbodor
|
|-heal|p1a: Garbodor|38/100|[from] Grassy Terrain
|upkeep
|
|t:|1651200723
|switch|p2a: Charizard|Charizard, F|100/100
|turn|14
|
|t:|1651200727
|switch|p1a: Gigalith|Gigalith, F|77/100
|-damage|p1a: Gigalith|65/100|[from] Spikes
|-weather|Sandstorm|[from] ability: Sand Stream|[of] p1a: Gigalith
|move|p2a: Charizard|Toxic|p1a: Gigalith
|-status|p1a: Gigalith|tox
|
|-weather|Sandstorm|[upkeep]
|-damage|p2a: Charizard|94/100|[from] Sandstorm
|-heal|p1a: Gigalith|71/100 tox|[from] Grassy Terrain
|-damage|p1a: Gigalith|65/100 tox|[from] psn
|upkeep
|turn|15
|
|t:|1651200733
|switch|p2a: Gigalith|Gigalith, M|100/100
|-damage|p2a: Gigalith|88/100|[from] Stealth Rock
|switch|p1a: Eldegoss|Eldegoss, M|100/100
|
|-weather|Sandstorm|[upkeep]
|-damage|p1a: Eldegoss|94/100|[from] Sandstorm
|-heal|p1a: Eldegoss|100/100|[from] Grassy Terrain
|-heal|p2a: Gigalith|94/100|[from] Grassy Terrain
|-heal|p2a: Gigalith|100/100|[from] item: Leftovers
|upkeep
|turn|16
|
|t:|1651200736
|move|p2a: Gigalith|Protect|p2a: Gigalith
|-singleturn|p2a: Gigalith|Protect
|move|p1a: Eldegoss|Rapid Spin|p2a: Gigalith
|-activate|p2a: Gigalith|move: Protect
|
|-weather|Sandstorm|[upkeep]
|-damage|p1a: Eldegoss|94/100|[from] Sandstorm
|-heal|p1a: Eldegoss|100/100|[from] Grassy Terrain
|-fieldend|move: Grassy Terrain
|upkeep
|turn|17
|
|t:|1651200741
|switch|p2a: Charizard|Charizard, F|94/100
|move|p1a: Eldegoss|Rapid Spin|p2a: Charizard
|-damage|p2a: Charizard|87/100
|-boost|p1a: Eldegoss|spe|1
|-sideend|p1: robert punda|Spikes|[from] move: Rapid Spin|[of] p1a: Eldegoss
|
|-weather|Sandstorm|[upkeep]
|-damage|p2a: Charizard|81/100|[from] Sandstorm
|-damage|p1a: Eldegoss|94/100|[from] Sandstorm
|upkeep
|turn|18
|
|t:|1651200745
|move|p2a: Charizard|Defog|p1a: Eldegoss
|-unboost|p1a: Eldegoss|evasion|1
|-sideend|p2: sirmrwhale|Stealth Rock|[from] move: Defog|[of] p2a: Charizard
|move|p1a: Eldegoss|Sleep Powder|p2a: Charizard|[miss]
|-miss|p1a: Eldegoss|p2a: Charizard
|
|-weather|none
|upkeep
|turn|19
|
|t:|1651200748
|move|p2a: Charizard|Flamethrower|p1a: Eldegoss
|-supereffective|p1a: Eldegoss
|-damage|p1a: Eldegoss|34/100
|move|p1a: Eldegoss|Sleep Powder|p2a: Charizard|[miss]
|-miss|p1a: Eldegoss|p2a: Charizard
|
|upkeep
|turn|20
|
|t:|1651200751
|switch|p1a: Audino|Audino, F|75/100
|move|p2a: Charizard|Flamethrower|p1a: Audino
|-damage|p1a: Audino|48/100
|
|upkeep
|turn|21
|
|t:|1651200755
|switch|p2a: Gigalith|Gigalith, M|100/100
|-weather|Sandstorm|[from] ability: Sand Stream|[of] p2a: Gigalith
|move|p1a: Audino|Wish|p1a: Audino
|
|-weather|Sandstorm|[upkeep]
|-damage|p1a: Audino|42/100|[from] Sandstorm
|upkeep
|turn|22
|
|t:|1651200763
|move|p1a: Audino|Protect|p1a: Audino
|-singleturn|p1a: Audino|Protect
|move|p2a: Gigalith|Rock Blast|p1a: Audino
|-activate|p1a: Audino|move: Protect
|
|-weather|Sandstorm|[upkeep]
|-damage|p1a: Audino|36/100|[from] Sandstorm
|-heal|p1a: Audino|86/100|[from] move: Wish|[wisher] Audino
|upkeep
|turn|23
|
|t:|1651200765
|move|p1a: Audino|Knock Off|p2a: Gigalith
|-damage|p2a: Gigalith|91/100
|-enditem|p2a: Gigalith|Leftovers|[from] move: Knock Off|[of] p1a: Audino
|move|p2a: Gigalith|Stealth Rock|p1a: Audino
|-sidestart|p1: robert punda|move: Stealth Rock
|
|-weather|Sandstorm|[upkeep]
|-damage|p1a: Audino|80/100|[from] Sandstorm
|upkeep
|turn|24
|j| OmegaWanderer
|
|t:|1651200771
|move|p1a: Audino|Wish|p1a: Audino
|move|p2a: Gigalith|Body Press|p1a: Audino
|-supereffective|p1a: Audino
|-damage|p1a: Audino|39/100
|
|-weather|Sandstorm|[upkeep]
|-damage|p1a: Audino|33/100|[from] Sandstorm
|upkeep
|turn|25
|
|t:|1651200774
|move|p1a: Audino|Protect|p1a: Audino
|-singleturn|p1a: Audino|Protect
|move|p2a: Gigalith|Rock Blast|p1a: Audino
|-activate|p1a: Audino|move: Protect
|
|-weather|none
|-heal|p1a: Audino|83/100|[from] move: Wish|[wisher] Audino
|upkeep
|turn|26
|
|t:|1651200776
|move|p1a: Audino|Wish|p1a: Audino
|move|p2a: Gigalith|Rock Blast|p1a: Audino
|-damage|p1a: Audino|73/100
|-damage|p1a: Audino|64/100
|-hitcount|p1a: Audino|2
|
|upkeep
|turn|27
|
|t:|1651200782
|move|p1a: Audino|Toxic|p2a: Gigalith
|-status|p2a: Gigalith|tox
|move|p2a: Gigalith|Rock Blast|p1a: Audino
|-damage|p1a: Audino|55/100
|-damage|p1a: Audino|45/100
|-damage|p1a: Audino|35/100
|-damage|p1a: Audino|25/100
|-hitcount|p1a: Audino|4
|
|-heal|p1a: Audino|75/100|[from] move: Wish|[wisher] Audino
|-damage|p2a: Gigalith|84/100 tox|[from] psn
|upkeep
|turn|28
|
|t:|1651200785
|switch|p2a: Comfey|Comfey, M|100/100
|move|p1a: Audino|Wish|p1a: Audino
|
|upkeep
|turn|29
|
|t:|1651200787
|move|p2a: Comfey|Calm Mind|p2a: Comfey
|-boost|p2a: Comfey|spa|1
|-boost|p2a: Comfey|spd|1
|move|p1a: Audino|Toxic|p2a: Comfey|[miss]
|-miss|p1a: Audino|p2a: Comfey
|
|-heal|p1a: Audino|100/100|[from] move: Wish|[wisher] Audino
|upkeep
|turn|30
|
|t:|1651200789
|move|p2a: Comfey|Calm Mind|p2a: Comfey
|-boost|p2a: Comfey|spa|1
|-boost|p2a: Comfey|spd|1
|move|p1a: Audino|Toxic|p2a: Comfey|[miss]
|-miss|p1a: Audino|p2a: Comfey
|
|upkeep
|turn|31
|
|t:|1651200791
|move|p2a: Comfey|Calm Mind|p2a: Comfey
|-boost|p2a: Comfey|spa|1
|-boost|p2a: Comfey|spd|1
|move|p1a: Audino|Toxic|p2a: Comfey
|-status|p2a: Comfey|tox
|
|-damage|p2a: Comfey|94/100 tox|[from] psn
|upkeep
|turn|32
|
|t:|1651200794
|move|p2a: Comfey|Calm Mind|p2a: Comfey
|-boost|p2a: Comfey|spa|1
|-boost|p2a: Comfey|spd|1
|move|p1a: Audino|Knock Off|p2a: Comfey
|-resisted|p2a: Comfey
|-damage|p2a: Comfey|88/100 tox
|-enditem|p2a: Comfey|Leftovers|[from] move: Knock Off|[of] p1a: Audino
|
|-damage|p2a: Comfey|75/100 tox|[from] psn
|upkeep
|turn|33
|
|t:|1651200797
|move|p2a: Comfey|Aromatherapy|p2a: Comfey
|-activate|p2a: Comfey|move: Aromatherapy
|-curestatus|p2a: Comfey|tox|[msg]
|-curestatus|p2: Gigalith|tox|[msg]
|move|p1a: Audino|Wish|p1a: Audino
|
|upkeep
|turn|34
|
|t:|1651200798
|move|p2a: Comfey|Calm Mind|p2a: Comfey
|-boost|p2a: Comfey|spa|1
|-boost|p2a: Comfey|spd|1
|move|p1a: Audino|Toxic|p2a: Comfey
|-status|p2a: Comfey|tox
|
|-damage|p2a: Comfey|69/100 tox|[from] psn
|upkeep
|turn|35
|
|t:|1651200802
|move|p2a: Comfey|Aromatherapy|p2a: Comfey
|-activate|p2a: Comfey|move: Aromatherapy
|-curestatus|p2a: Comfey|tox|[msg]
|move|p1a: Audino|Toxic|p2a: Comfey
|-status|p2a: Comfey|tox
|
|-damage|p2a: Comfey|63/100 tox|[from] psn
|upkeep
|turn|36
|
|t:|1651200807
|move|p2a: Comfey|Aromatherapy|p2a: Comfey
|-activate|p2a: Comfey|move: Aromatherapy
|-curestatus|p2a: Comfey|tox|[msg]
|move|p1a: Audino|Toxic|p2a: Comfey
|-status|p2a: Comfey|tox
|
|-damage|p2a: Comfey|57/100 tox|[from] psn
|upkeep
|turn|37
|
|t:|1651200810
|move|p2a: Comfey|Draining Kiss|p1a: Audino
|-damage|p1a: Audino|66/100
|-heal|p2a: Comfey|92/100 tox|[from] drain|[of] p1a: Audino
|move|p1a: Audino|Toxic|p2a: Comfey|[miss]
|-miss|p1a: Audino|p2a: Comfey
|
|-damage|p2a: Comfey|79/100 tox|[from] psn
|upkeep
|turn|38
|
|t:|1651200814
|move|p2a: Comfey|Calm Mind|p2a: Comfey
|-boost|p2a: Comfey|spa|1
|-boost|p2a: Comfey|spd|1
|move|p1a: Audino|Wish|p1a: Audino
|
|-damage|p2a: Comfey|61/100 tox|[from] psn
|upkeep
|turn|39
|
|t:|1651200818
|move|p2a: Comfey|Aromatherapy|p2a: Comfey
|-activate|p2a: Comfey|move: Aromatherapy
|-curestatus|p2a: Comfey|tox|[msg]
|move|p1a: Audino|Toxic|p2a: Comfey
|-status|p2a: Comfey|tox
|
|-heal|p1a: Audino|100/100|[from] move: Wish|[wisher] Audino
|-damage|p2a: Comfey|54/100 tox|[from] psn
|upkeep
|turn|40
|
|t:|1651200821
|move|p2a: Comfey|Draining Kiss|p1a: Audino
|-crit|p1a: Audino
|-damage|p1a: Audino|35/100
|-heal|p2a: Comfey|100/100 tox|[from] drain|[of] p1a: Audino
|move|p1a: Audino|Toxic|p2a: Comfey
|-fail|p2a: Comfey|tox
|
|-damage|p2a: Comfey|88/100 tox|[from] psn
|upkeep
|turn|41
|
|t:|1651200827
|switch|p1a: Garbodor|Garbodor, M|38/100
|-damage|p1a: Garbodor|25/100|[from] Stealth Rock
|move|p2a: Comfey|Draining Kiss|p1a: Garbodor
|-resisted|p1a: Garbodor
|-damage|p1a: Garbodor|0 fnt
|-heal|p2a: Comfey|100/100 tox|[from] drain|[of] p1a: Garbodor
|-damage|p2a: Comfey|76/100 tox|[from] ability: Aftermath|[of] p1a: Garbodor
|-damage|p2a: Comfey|59/100 tox|[from] item: Rocky Helmet|[of] p1a: Garbodor
|faint|p1a: Garbodor
|
|-damage|p2a: Comfey|40/100 tox|[from] psn
|upkeep
|
|t:|1651200834
|switch|p1a: Audino|Audino, F|69/100
|turn|42
|
|t:|1651200836
|move|p2a: Comfey|Aromatherapy|p2a: Comfey
|-activate|p2a: Comfey|move: Aromatherapy
|-curestatus|p2a: Comfey|tox|[msg]
|move|p1a: Audino|Wish|p1a: Audino
|
|upkeep
|turn|43
|
|t:|1651200837
|move|p2a: Comfey|Draining Kiss|p1a: Audino
|-damage|p1a: Audino|22/100
|-heal|p2a: Comfey|87/100|[from] drain|[of] p1a: Audino
|move|p1a: Audino|Toxic|p2a: Comfey
|-status|p2a: Comfey|tox
|
|-heal|p1a: Audino|72/100|[from] move: Wish|[wisher] Audino
|-damage|p2a: Comfey|81/100 tox|[from] psn
|upkeep
|turn|44
|
|t:|1651200839
|move|p2a: Comfey|Draining Kiss|p1a: Audino
|-damage|p1a: Audino|28/100
|-heal|p2a: Comfey|100/100 tox|[from] drain|[of] p1a: Audino
|move|p1a: Audino|Wish|p1a: Audino
|
|-damage|p2a: Comfey|88/100 tox|[from] psn
|upkeep
|turn|45
|
|t:|1651200843
|move|p1a: Audino|Protect|p1a: Audino
|-singleturn|p1a: Audino|Protect
|move|p2a: Comfey|Aromatherapy|p2a: Comfey
|-activate|p2a: Comfey|move: Aromatherapy
|-curestatus|p2a: Comfey|tox|[msg]
|
|-heal|p1a: Audino|78/100|[from] move: Wish|[wisher] Audino
|upkeep
|turn|46
|
|t:|1651200846
|move|p2a: Comfey|Draining Kiss|p1a: Audino
|-crit|p1a: Audino
|-damage|p1a: Audino|9/100
|-heal|p2a: Comfey|100/100|[from] drain|[of] p1a: Audino
|move|p1a: Audino|Wish|p1a: Audino
|
|upkeep
|turn|47
|
|t:|1651200851
|move|p1a: Audino|Protect|p1a: Audino
|-singleturn|p1a: Audino|Protect
|move|p2a: Comfey|Draining Kiss|p1a: Audino
|-activate|p1a: Audino|move: Protect
|
|-heal|p1a: Audino|59/100|[from] move: Wish|[wisher] Audino
|upkeep
|turn|48
|
|t:|1651200853
|move|p2a: Comfey|Draining Kiss|p1a: Audino
|-damage|p1a: Audino|14/100
|move|p1a: Audino|Wish|p1a: Audino
|
|upkeep
|turn|49
|
|t:|1651200857
|switch|p1a: Gigalith|Gigalith, F|65/100 tox
|-damage|p1a: Gigalith|52/100 tox|[from] Stealth Rock
|-weather|Sandstorm|[from] ability: Sand Stream|[of] p1a: Gigalith
|move|p2a: Comfey|Calm Mind|p2a: Comfey
|-boost|p2a: Comfey|spa|0
|-boost|p2a: Comfey|spd|0
|
|-weather|Sandstorm|[upkeep]
|-damage|p2a: Comfey|94/100|[from] Sandstorm
|-heal|p1a: Gigalith|100/100 tox|[from] move: Wish|[wisher] Audino
|-damage|p1a: Gigalith|94/100 tox|[from] psn
|upkeep
|turn|50
|
|t:|1651200861
|move|p1a: Gigalith|Protect|p1a: Gigalith
|-singleturn|p1a: Gigalith|Protect
|move|p2a: Comfey|Giga Drain|p1a: Gigalith
|-activate|p1a: Gigalith|move: Protect
|
|-weather|Sandstorm|[upkeep]
|-damage|p2a: Comfey|88/100|[from] Sandstorm
|-damage|p1a: Gigalith|82/100 tox|[from] psn
|upkeep
|turn|51
|
|t:|1651200863
|move|p2a: Comfey|Giga Drain|p1a: Gigalith
|-supereffective|p1a: Gigalith
|-damage|p1a: Gigalith|25/100 tox
|-heal|p2a: Comfey|100/100|[from] drain|[of] p1a: Gigalith
|move|p1a: Gigalith|Rock Blast|p2a: Comfey
|-crit|p2a: Comfey
|-damage|p2a: Comfey|84/100
|-damage|p2a: Comfey|75/100
|-damage|p2a: Comfey|65/100
|-hitcount|p2a: Comfey|3
|
|-weather|Sandstorm|[upkeep]
|-damage|p2a: Comfey|59/100|[from] Sandstorm
|-damage|p1a: Gigalith|6/100 tox|[from] psn
|upkeep
|turn|52
|
|t:|1651200867
|move|p1a: Gigalith|Protect|p1a: Gigalith
|-singleturn|p1a: Gigalith|Protect
|move|p2a: Comfey|Giga Drain|p1a: Gigalith
|-activate|p1a: Gigalith|move: Protect
|
|-weather|Sandstorm|[upkeep]
|-damage|p2a: Comfey|52/100|[from] Sandstorm
|-damage|p1a: Gigalith|0 fnt|[from] psn
|faint|p1a: Gigalith
|upkeep
|
|t:|1651200883
|switch|p1a: Audino|Audino, F|47/100
|turn|53
|
|t:|1651200891
|move|p2a: Comfey|Draining Kiss|p1a: Audino
|-damage|p1a: Audino|4/100
|-heal|p2a: Comfey|95/100|[from] drain|[of] p1a: Audino
|move|p1a: Audino|Wish|p1a: Audino
|
|-weather|none
|upkeep
|turn|54
|
|t:|1651200897
|move|p1a: Audino|Protect|p1a: Audino
|-singleturn|p1a: Audino|Protect
|move|p2a: Comfey|Calm Mind|p2a: Comfey
|-boost|p2a: Comfey|spa|0
|-boost|p2a: Comfey|spd|0
|
|-heal|p1a: Audino|54/100|[from] move: Wish|[wisher] Audino
|upkeep
|turn|55
|
|t:|1651200900
|move|p2a: Comfey|Giga Drain|p1a: Audino
|-damage|p1a: Audino|13/100
|-heal|p2a: Comfey|100/100|[from] drain|[of] p1a: Audino
|move|p1a: Audino|Wish|p1a: Audino
|
|upkeep
|turn|56
|
|t:|1651200903
|switch|p1a: Eldegoss|Eldegoss, M|68/100
|move|p2a: Comfey|Calm Mind|p2a: Comfey
|-boost|p2a: Comfey|spa|0
|-boost|p2a: Comfey|spd|0
|
|-heal|p1a: Eldegoss|100/100|[from] move: Wish|[wisher] Audino
|upkeep
|turn|57
|
|t:|1651200905
|move|p2a: Comfey|Draining Kiss|p1a: Eldegoss
|-damage|p1a: Eldegoss|56/100
|move|p1a: Eldegoss|Sleep Powder|p2a: Comfey
|-status|p2a: Comfey|slp|[from] move: Sleep Powder
|
|upkeep
|turn|58
|
|t:|1651200908
|switch|p1a: Audino|Audino, F|46/100
|cant|p2a: Comfey|slp
|
|upkeep
|turn|59
|
|t:|1651200912
|cant|p2a: Comfey|slp
|move|p1a: Audino|Wish|p1a: Audino
|
|upkeep
|turn|60
|
|t:|1651200918
|move|p1a: Audino|Protect|p1a: Audino
|-singleturn|p1a: Audino|Protect
|cant|p2a: Comfey|slp
|
|-heal|p1a: Audino|96/100|[from] move: Wish|[wisher] Audino
|upkeep
|turn|61
|
|t:|1651200920
|-curestatus|p2a: Comfey|slp|[msg]
|move|p2a: Comfey|Giga Drain|p1a: Audino
|-damage|p1a: Audino|56/100
|move|p1a: Audino|Toxic|p2a: Comfey
|-status|p2a: Comfey|tox
|
|-damage|p2a: Comfey|94/100 tox|[from] psn
|upkeep
|turn|62
|
|t:|1651200925
|move|p2a: Comfey|Giga Drain|p1a: Audino
|-damage|p1a: Audino|10/100
|-heal|p2a: Comfey|100/100 tox|[from] drain|[of] p1a: Audino
|move|p1a: Audino|Wish|p1a: Audino
|
|-damage|p2a: Comfey|88/100 tox|[from] psn
|upkeep
|turn|63
|
|t:|1651200929
|move|p1a: Audino|Protect|p1a: Audino
|-singleturn|p1a: Audino|Protect
|move|p2a: Comfey|Calm Mind|p2a: Comfey
|-boost|p2a: Comfey|spa|0
|-boost|p2a: Comfey|spd|0
|
|-heal|p1a: Audino|60/100|[from] move: Wish|[wisher] Audino
|-damage|p2a: Comfey|69/100 tox|[from] psn
|upkeep
|turn|64
|
|t:|1651200933
|move|p2a: Comfey|Draining Kiss|p1a: Audino
|-damage|p1a: Audino|16/100
|-heal|p2a: Comfey|100/100 tox|[from] drain|[of] p1a: Audino
|move|p1a: Audino|Toxic|p2a: Comfey
|-fail|p2a: Comfey|tox
|
|-damage|p2a: Comfey|76/100 tox|[from] psn
|upkeep
|turn|65
|
|t:|1651200939
|move|p2a: Comfey|Aromatherapy|p2a: Comfey
|-activate|p2a: Comfey|move: Aromatherapy
|-curestatus|p2a: Comfey|tox|[msg]
|move|p1a: Audino|Toxic|p2a: Comfey
|-status|p2a: Comfey|tox
|
|-damage|p2a: Comfey|69/100 tox|[from] psn
|upkeep
|turn|66
|
|t:|1651200943
|move|p1a: Audino|Protect|p1a: Audino
|-singleturn|p1a: Audino|Protect
|move|p2a: Comfey|Draining Kiss|p1a: Audino
|-activate|p1a: Audino|move: Protect
|
|-damage|p2a: Comfey|57/100 tox|[from] psn
|upkeep
|turn|67
|j|%Heracross2.0
|
|t:|1651200948
|switch|p1a: Eldegoss|Eldegoss, M|89/100
|move|p2a: Comfey|Draining Kiss|p1a: Eldegoss
|-damage|p1a: Eldegoss|39/100
|-heal|p2a: Comfey|97/100 tox|[from] drain|[of] p1a: Eldegoss
|
|-damage|p2a: Comfey|78/100 tox|[from] psn
|upkeep
|turn|68
|
|t:|1651200953
|move|p2a: Comfey|Aromatherapy|p2a: Comfey
|-activate|p2a: Comfey|move: Aromatherapy
|-curestatus|p2a: Comfey|tox|[msg]
|move|p1a: Eldegoss|Rapid Spin|p2a: Comfey
|-damage|p2a: Comfey|73/100
|-boost|p1a: Eldegoss|spe|1
|-sideend|p1: robert punda|Stealth Rock|[from] move: Rapid Spin|[of] p1a: Eldegoss
|
|upkeep
|turn|69
|
|t:|1651200960
|move|p2a: Comfey|Draining Kiss|p1a: Eldegoss
|-damage|p1a: Eldegoss|0 fnt
|-heal|p2a: Comfey|100/100|[from] drain|[of] p1a: Eldegoss
|faint|p1a: Eldegoss
|
|upkeep
|
|t:|1651200961
|switch|p1a: Audino|Audino, F|49/100
|turn|70
|
|t:|1651200966
|move|p2a: Comfey|Giga Drain|p1a: Audino
|-damage|p1a: Audino|7/100
|move|p1a: Audino|Wish|p1a: Audino
|
|upkeep
|turn|71
|
|t:|1651200971
|move|p1a: Audino|Protect|p1a: Audino
|-singleturn|p1a: Audino|Protect
|move|p2a: Comfey|Giga Drain|p1a: Audino
|-activate|p1a: Audino|move: Protect
|
|-heal|p1a: Audino|57/100|[from] move: Wish|[wisher] Audino
|upkeep
|turn|72
|
|t:|1651200974
|move|p2a: Comfey|Giga Drain|p1a: Audino
|-damage|p1a: Audino|17/100
|move|p1a: Audino|Toxic|p2a: Comfey
|-status|p2a: Comfey|tox
|
|-damage|p2a: Comfey|94/100 tox|[from] psn
|upkeep
|turn|73
|
|t:|1651200979
|move|p1a: Audino|Protect|p1a: Audino
|-singleturn|p1a: Audino|Protect
|move|p2a: Comfey|Giga Drain|p1a: Audino
|-activate|p1a: Audino|move: Protect
|
|-damage|p2a: Comfey|82/100 tox|[from] psn
|upkeep
|turn|74
|-message|robert punda forfeited.
|
|win|sirmrwhale
|n|☆robert punda|robertpunda
|n|☆sirmrwhale|sirmrwhale
|n| ii88|ii88
|n| keppy ㋡|keppy
|n|+Oathkeeper|oathkeeper
|n| OmegaWanderer|omegawanderer
|n| Heracross2.0|heracross20
