|j|☆bababi
|j|‽moonlit waves
|t:|1653335577
|gametype|singles
|player|p1|bababi|cress|
|player|p2|moonlit waves|irida|
|teamsize|p1|6
|teamsize|p2|6
|gen|8
|tier|[Gen 8] PU
|rated|Tournament battle
|rule|Sleep Clause Mod: Limit one foe put to sleep
|rule|Species Clause: Limit one of each Pokémon
|rule|OHKO Clause: OHKO moves are banned
|rule|Evasion Moves Clause: Evasion moves are banned
|rule|Endless Battle Clause: Forcing endless battles is banned
|rule|HP Percentage Mod: HP is shown in percentages
|rule|Dynamax Clause: You cannot dynamax
|clearpoke
|poke|p1|Hattrem, F|
|poke|p1|Scyther, F|
|poke|p1|Jellicent, M|
|poke|p1|Togedemaru, F|
|poke|p1|Regirock|
|poke|p1|Silvally-*|
|poke|p2|Thwackey, M|
|poke|p2|Mesprit|
|poke|p2|Articuno-Galar|
|poke|p2|Garbodor, F|
|poke|p2|Charizard, F|
|poke|p2|Aggron, F|
|teampreview
|inactive|Battle timer is ON: inactive players will automatically lose when time's up. (requested by moonlit waves)
|j| Haffling
|
|t:|1653335582
|start
|switch|p1a: Scyther|Scyther, F|100/100
|switch|p2a: Garbodor|Garbodor, F|100/100
|turn|1
|j| PUDS Madara
|
|t:|1653335589
|move|p1a: Scyther|U-turn|p2a: Garbodor
|-resisted|p2a: Garbodor
|-damage|p2a: Garbodor|75/100
|
|t:|1653335591
|switch|p1a: Hattrem|Hattrem, F|100/100|[from]move: U-turn
|move|p2a: Garbodor|Gunk Shot|p1a: Hattrem
|-damage|p1a: Hattrem|75/100
|-status|p1a: Hattrem|psn
|
|-damage|p1a: Hattrem|63/100 psn|[from] psn
|upkeep
|turn|2
|
|t:|1653335599
|switch|p2a: Aggron|Aggron, F|100/100
|move|p1a: Hattrem|Nuzzle|p2a: Aggron
|-damage|p2a: Aggron|99/100
|-status|p2a: Aggron|par
|
|-heal|p2a: Aggron|100/100 par|[from] item: Leftovers
|-damage|p1a: Hattrem|50/100 psn|[from] psn
|upkeep
|turn|3
|
|t:|1653335605
|move|p1a: Hattrem|Rest|p1a: Hattrem
|-status|p1a: Hattrem|slp|[from] move: Rest
|-heal|p1a: Hattrem|100/100 slp|[silent]
|cant|p2a: Aggron|par
|
|upkeep
|turn|4
|
|t:|1653335609
|switch|p1a: Regirock|Regirock|100/100
|move|p2a: Aggron|Head Smash|p1a: Regirock|[miss]
|-miss|p2a: Aggron|p1a: Regirock
|
|upkeep
|turn|5
|
|t:|1653335614
|move|p1a: Regirock|Body Press|p2a: Aggron
|-supereffective|p2a: Aggron
|-damage|p2a: Aggron|9/100 par
|cant|p2a: Aggron|par
|
|-heal|p2a: Aggron|15/100 par|[from] item: Leftovers
|upkeep
|turn|6
|
|t:|1653335621
|move|p1a: Regirock|Body Press|p2a: Aggron
|-supereffective|p2a: Aggron
|-damage|p2a: Aggron|0 fnt
|faint|p2a: Aggron
|
|upkeep
|
|t:|1653335625
|switch|p2a: Thwackey|Thwackey, M|100/100
|-fieldstart|move: Grassy Terrain|[from] ability: Grassy Surge|[of] p2a: Thwackey
|turn|7
|
|t:|1653335638
|switch|p1a: Silvally|Silvally-Fairy|100/100
|move|p2a: Thwackey|U-turn|p1a: Silvally
|-resisted|p1a: Silvally
|-damage|p1a: Silvally|89/100
|
|t:|1653335648
|switch|p2a: Mesprit|Mesprit|100/100|[from]move: U-turn
|-enditem|p2a: Mesprit|Grassy Seed
|-boost|p2a: Mesprit|def|1|[from] item: Grassy Seed
|
|-heal|p1a: Silvally|95/100|[from] Grassy Terrain
|upkeep
|turn|8
|
|t:|1653335651
|move|p1a: Silvally|U-turn|p2a: Mesprit
|-supereffective|p2a: Mesprit
|-damage|p2a: Mesprit|84/100
|
|t:|1653335653
|switch|p1a: Jellicent|Jellicent, M|100/100|[from]move: U-turn
|move|p2a: Mesprit|Calm Mind|p2a: Mesprit
|-boost|p2a: Mesprit|spa|1
|-boost|p2a: Mesprit|spd|1
|
|upkeep
|turn|9
|
|t:|1653335656
|move|p2a: Mesprit|Calm Mind|p2a: Mesprit
|-boost|p2a: Mesprit|spa|1
|-boost|p2a: Mesprit|spd|1
|move|p1a: Jellicent|Shadow Ball|p2a: Mesprit
|-supereffective|p2a: Mesprit
|-damage|p2a: Mesprit|37/100
|
|upkeep
|turn|10
|
|t:|1653335660
|move|p2a: Mesprit|Stored Power|p1a: Jellicent
|-damage|p1a: Jellicent|25/100
|move|p1a: Jellicent|Shadow Ball|p2a: Mesprit
|-supereffective|p2a: Mesprit
|-damage|p2a: Mesprit|0 fnt
|faint|p2a: Mesprit
|
|-heal|p1a: Jellicent|31/100|[from] Grassy Terrain
|upkeep
|
|t:|1653335665
|switch|p2a: Garbodor|Garbodor, F|75/100
|turn|11
|
|t:|1653335669
|move|p2a: Garbodor|Toxic Spikes|p1a: Jellicent
|-sidestart|p1: bababi|move: Toxic Spikes
|move|p1a: Jellicent|Shadow Ball|p2a: Garbodor
|-damage|p2a: Garbodor|14/100
|
|-heal|p2a: Garbodor|20/100|[from] Grassy Terrain
|-heal|p1a: Jellicent|37/100|[from] Grassy Terrain
|-fieldend|move: Grassy Terrain
|upkeep
|turn|12
|-enditem|p2a: Garbodor|Custap Berry|[eat]
|-activate|p2a: Garbodor|item: Custap Berry|[consumed]
|
|t:|1653335676
|move|p2a: Garbodor|Spikes|p1a: Jellicent
|-sidestart|p1: bababi|Spikes
|move|p1a: Jellicent|Shadow Ball|p2a: Garbodor
|-damage|p2a: Garbodor|0 fnt
|faint|p2a: Garbodor
|
|upkeep
|
|t:|1653335678
|switch|p2a: Thwackey|Thwackey, M|100/100
|-fieldstart|move: Grassy Terrain|[from] ability: Grassy Surge|[of] p2a: Thwackey
|turn|13
|
|t:|1653335682
|move|p2a: Thwackey|Knock Off|p1a: Jellicent
|-supereffective|p1a: Jellicent
|-damage|p1a: Jellicent|0 fnt
|-enditem|p1a: Jellicent|Choice Specs|[from] move: Knock Off|[of] p2a: Thwackey
|faint|p1a: Jellicent
|
|upkeep
|
|t:|1653335683
|switch|p1a: Silvally|Silvally-Fairy|95/100
|-status|p1a: Silvally|psn
|-damage|p1a: Silvally|82/100 psn|[from] Spikes
|turn|14
|
|t:|1653335687
|switch|p2a: Articuno|Articuno-Galar|100/100
|-enditem|p2a: Articuno|Grassy Seed
|-boost|p2a: Articuno|def|1|[from] item: Grassy Seed
|move|p1a: Silvally|Defog|p2a: Articuno
|-unboost|p2a: Articuno|evasion|1
|-ability|p2a: Articuno|Competitive
|-boost|p2a: Articuno|spa|2
|-sideend|p1: bababi|Spikes|[from] move: Defog|[of] p1a: Silvally
|-sideend|p1: bababi|Toxic Spikes|[from] move: Defog|[of] p1a: Silvally
|-fieldend|move: Grassy Terrain
|
|-damage|p1a: Silvally|70/100 psn|[from] psn
|upkeep
|turn|15
|
|t:|1653335693
|move|p2a: Articuno|Calm Mind|p2a: Articuno
|-boost|p2a: Articuno|spa|1
|-boost|p2a: Articuno|spd|1
|move|p1a: Silvally|U-turn|p2a: Articuno
|-damage|p2a: Articuno|88/100
|
|t:|1653335695
|switch|p1a: Hattrem|Hattrem, F|100/100 slp|[from]move: U-turn
|
|upkeep
|turn|16
|
|t:|1653335700
|move|p2a: Articuno|Calm Mind|p2a: Articuno
|-boost|p2a: Articuno|spa|1
|-boost|p2a: Articuno|spd|1
|cant|p1a: Hattrem|slp
|move|p1a: Hattrem|Sleep Talk|p1a: Hattrem
|move|p1a: Hattrem|Rest||[from]move: Sleep Talk|[still]
|-fail|p1a: Hattrem
|
|upkeep
|turn|17
|
|t:|1653335706
|move|p2a: Articuno|Hurricane|p1a: Hattrem
|-damage|p1a: Hattrem|0 fnt
|faint|p1a: Hattrem
|
|upkeep
|
|t:|1653335708
|switch|p1a: Scyther|Scyther, F|100/100
|turn|18
|
|t:|1653335711
|move|p1a: Scyther|U-turn|p2a: Articuno
|-damage|p2a: Articuno|45/100
|
|t:|1653335714
|switch|p1a: Silvally|Silvally-Fairy|70/100 psn|[from]move: U-turn
|move|p2a: Articuno|Recover|p2a: Articuno
|-heal|p2a: Articuno|95/100
|
|-damage|p1a: Silvally|57/100 psn|[from] psn
|upkeep
|turn|19
|
|t:|1653335717
|move|p2a: Articuno|Stored Power|p1a: Silvally
|-damage|p1a: Silvally|0 fnt
|faint|p1a: Silvally
|
|upkeep
|
|t:|1653335719
|switch|p1a: Scyther|Scyther, F|100/100
|turn|20
|
|t:|1653335720
|move|p1a: Scyther|Dual Wingbeat|p2a: Articuno
|-damage|p2a: Articuno|61/100
|-damage|p2a: Articuno|28/100
|-hitcount|p2a: Articuno|2
|move|p2a: Articuno|Stored Power|p1a: Scyther
|-damage|p1a: Scyther|0 fnt
|faint|p1a: Scyther
|
|upkeep
|
|t:|1653335727
|switch|p1a: Togedemaru|Togedemaru, F|100/100
|turn|21
|
|t:|1653335730
|move|p2a: Articuno|Stored Power|p1a: Togedemaru
|-resisted|p1a: Togedemaru
|-damage|p1a: Togedemaru|0 fnt
|faint|p1a: Togedemaru
|
|upkeep
|
|t:|1653335732
|switch|p1a: Regirock|Regirock|100/100
|turn|22
|
|t:|1653335733
|move|p2a: Articuno|Stored Power|p1a: Regirock
|-damage|p1a: Regirock|0 fnt
|faint|p1a: Regirock
|
|win|moonlit waves
|n|☆bababi|bababi
|n|‽moonlit waves|moonlitwaves
|n| Haffling|haffling
|n| PUDS Madara|pudsmadara
