|j|☆FurretlovingSK
|j|☆shalutianwang
|t:|1639663272
|gametype|singles
|player|p1|FurretlovingSK|169|1245
|player|p2|shalutianwang|pokemaniac|1579
|teamsize|p1|6
|teamsize|p2|6
|gen|8
|tier|[Gen 8] PU
|rated|
|rule|Sleep Clause Mod: Limit one foe put to sleep
|rule|Species Clause: Limit one of each Pokémon
|rule|OHKO Clause: OHKO moves are banned
|rule|Evasion Moves Clause: Evasion moves are banned
|rule|Endless Battle Clause: Forcing endless battles is banned
|rule|HP Percentage Mod: HP is shown in percentages
|rule|Dynamax Clause: You cannot dynamax
|clearpoke
|poke|p1|Haunter, F|
|poke|p1|Ribombee, F|
|poke|p1|Quagsire, F|
|poke|p1|Togedemaru, F|
|poke|p1|Centiskorch, M|
|poke|p1|Mesprit|
|poke|p2|Aromatisse, F|
|poke|p2|Absol, F|
|poke|p2|Togedemaru, F|
|poke|p2|Tsareena, F|
|poke|p2|Gigalith, M|
|poke|p2|Articuno-Galar|
|teampreview
|inactive|Battle timer is ON: inactive players will automatically lose when time's up. (requested by shalutianwang)
|
|t:|1639663293
|start
|switch|p1a: Mesprit|Mesprit|100/100
|switch|p2a: 窗外的麻雀在电线杆上啵嘴|Articuno-Galar|100/100
|turn|1
|
|t:|1639663299
|move|p2a: 窗外的麻雀在电线杆上啵嘴|Shadow Ball|p1a: Mesprit
|-supereffective|p1a: Mesprit
|-damage|p1a: Mesprit|3/100
|move|p1a: Mesprit|Stealth Rock|p2a: 窗外的麻雀在电线杆上啵嘴
|-sidestart|p2: shalutianwang|move: Stealth Rock
|
|upkeep
|turn|2
|
|t:|1639663308
|move|p2a: 窗外的麻雀在电线杆上啵嘴|Shadow Ball|p1a: Mesprit
|-supereffective|p1a: Mesprit
|-damage|p1a: Mesprit|0 fnt
|faint|p1a: Mesprit
|
|upkeep
|
|t:|1639663313
|switch|p1a: Haunter|Haunter, F|100/100
|turn|3
|
|t:|1639663319
|switch|p2a: 全集中岩之呼吸|Gigalith, M|100/100
|-damage|p2a: 全集中岩之呼吸|88/100|[from] Stealth Rock
|-weather|Sandstorm|[from] ability: Sand Stream|[of] p2a: 全集中岩之呼吸
|move|p1a: Haunter|Shadow Ball|p2a: 全集中岩之呼吸
|-damage|p2a: 全集中岩之呼吸|63/100
|-damage|p1a: Haunter|91/100|[from] item: Life Orb
|
|-weather|Sandstorm|[upkeep]
|-damage|p1a: Haunter|84/100|[from] Sandstorm
|-heal|p2a: 全集中岩之呼吸|69/100|[from] item: Leftovers
|upkeep
|turn|4
|
|t:|1639663337
|switch|p1a: Quagsire|Quagsire, F|100/100
|move|p2a: 全集中岩之呼吸|Stealth Rock|p1a: Quagsire
|-sidestart|p1: FurretlovingSK|move: Stealth Rock
|
|-weather|Sandstorm|[upkeep]
|-heal|p2a: 全集中岩之呼吸|75/100|[from] item: Leftovers
|upkeep
|turn|5
|
|t:|1639663344
|switch|p1a: Haunter|Haunter, F|84/100
|-damage|p1a: Haunter|72/100|[from] Stealth Rock
|move|p2a: 全集中岩之呼吸|Protect||[still]
|-fail|p2a: 全集中岩之呼吸
|
|-weather|Sandstorm|[upkeep]
|-damage|p1a: Haunter|66/100|[from] Sandstorm
|-heal|p2a: 全集中岩之呼吸|81/100|[from] item: Leftovers
|upkeep
|turn|6
|
|t:|1639663353
|switch|p1a: Quagsire|Quagsire, F|100/100
|-damage|p1a: Quagsire|94/100|[from] Stealth Rock
|move|p2a: 全集中岩之呼吸|Rock Blast|p1a: Quagsire
|-resisted|p1a: Quagsire
|-damage|p1a: Quagsire|91/100
|-resisted|p1a: Quagsire
|-damage|p1a: Quagsire|87/100
|-hitcount|p1a: Quagsire|2
|
|-weather|Sandstorm|[upkeep]
|-heal|p2a: 全集中岩之呼吸|87/100|[from] item: Leftovers
|upkeep
|turn|7
|
|t:|1639663360
|switch|p2a: 窗外的麻雀在电线杆上啵嘴|Articuno-Galar|100/100
|-damage|p2a: 窗外的麻雀在电线杆上啵嘴|76/100|[from] Stealth Rock
|move|p1a: Quagsire|Curse|p1a: Quagsire
|-unboost|p1a: Quagsire|spe|1
|-boost|p1a: Quagsire|atk|1
|-boost|p1a: Quagsire|def|1
|
|-weather|none
|upkeep
|turn|8
|
|t:|1639663368
|switch|p1a: Togedemaru|Togedemaru, F|100/100
|-damage|p1a: Togedemaru|95/100|[from] Stealth Rock
|move|p2a: 窗外的麻雀在电线杆上啵嘴|Freezing Glare|p1a: Togedemaru
|-resisted|p1a: Togedemaru
|-damage|p1a: Togedemaru|56/100
|
|upkeep
|turn|9
|
|t:|1639663378
|switch|p2a: 麻麻刺麻|Togedemaru, F|100/100
|-damage|p2a: 麻麻刺麻|94/100|[from] Stealth Rock
|move|p1a: Togedemaru|Iron Head|p2a: 麻麻刺麻
|-resisted|p2a: 麻麻刺麻
|-damage|p2a: 麻麻刺麻|82/100
|-damage|p1a: Togedemaru|44/100|[from] ability: Iron Barbs|[of] p2a: 麻麻刺麻
|
|upkeep
|turn|10
|
|t:|1639663387
|move|p2a: 麻麻刺麻|U-turn|p1a: Togedemaru
|-resisted|p1a: Togedemaru
|-damage|p1a: Togedemaru|29/100
|-damage|p2a: 麻麻刺麻|69/100|[from] ability: Iron Barbs|[of] p1a: Togedemaru
|
|t:|1639663396
|switch|p2a: 全集中岩之呼吸|Gigalith, M|87/100|[from]move: U-turn
|-damage|p2a: 全集中岩之呼吸|75/100|[from] Stealth Rock
|-weather|Sandstorm|[from] ability: Sand Stream|[of] p2a: 全集中岩之呼吸
|move|p1a: Togedemaru|Wish|p1a: Togedemaru
|
|-weather|Sandstorm|[upkeep]
|-heal|p2a: 全集中岩之呼吸|81/100|[from] item: Leftovers
|upkeep
|turn|11
|
|t:|1639663402
|move|p1a: Togedemaru|Spiky Shield|p1a: Togedemaru
|-singleturn|p1a: Togedemaru|move: Protect
|move|p2a: 全集中岩之呼吸|Earthquake|p1a: Togedemaru
|-activate|p1a: Togedemaru|move: Protect
|
|-weather|Sandstorm|[upkeep]
|-heal|p1a: Togedemaru|79/100|[from] move: Wish|[wisher] Togedemaru
|-heal|p2a: 全集中岩之呼吸|87/100|[from] item: Leftovers
|upkeep
|turn|12
|
|t:|1639663425
|move|p1a: Togedemaru|U-turn|p2a: 全集中岩之呼吸
|-damage|p2a: 全集中岩之呼吸|76/100
|
|t:|1639663427
|switch|p1a: Haunter|Haunter, F|66/100|[from]move: U-turn
|-damage|p1a: Haunter|54/100|[from] Stealth Rock
|move|p2a: 全集中岩之呼吸|Earthquake|p1a: Haunter
|-immune|p1a: Haunter|[from] ability: Levitate
|
|-weather|Sandstorm|[upkeep]
|-damage|p1a: Haunter|48/100|[from] Sandstorm
|-heal|p2a: 全集中岩之呼吸|83/100|[from] item: Leftovers
|upkeep
|turn|13
|
|t:|1639663440
|switch|p1a: Togedemaru|Togedemaru, F|79/100
|-damage|p1a: Togedemaru|73/100|[from] Stealth Rock
|move|p2a: 全集中岩之呼吸|Protect||[still]
|-fail|p2a: 全集中岩之呼吸
|
|-weather|Sandstorm|[upkeep]
|-heal|p2a: 全集中岩之呼吸|89/100|[from] item: Leftovers
|upkeep
|turn|14
|
|t:|1639663448
|move|p1a: Togedemaru|Spiky Shield|p1a: Togedemaru
|-singleturn|p1a: Togedemaru|move: Protect
|move|p2a: 全集中岩之呼吸|Earthquake|p1a: Togedemaru
|-activate|p1a: Togedemaru|move: Protect
|
|-weather|none
|-heal|p2a: 全集中岩之呼吸|95/100|[from] item: Leftovers
|upkeep
|turn|15
|
|t:|1639663454
|move|p1a: Togedemaru|U-turn|p2a: 全集中岩之呼吸
|-damage|p2a: 全集中岩之呼吸|83/100
|
|t:|1639663457
|switch|p1a: Quagsire|Quagsire, F|87/100|[from]move: U-turn
|-damage|p1a: Quagsire|81/100|[from] Stealth Rock
|move|p2a: 全集中岩之呼吸|Earthquake|p1a: Quagsire
|-damage|p1a: Quagsire|58/100
|
|-heal|p2a: 全集中岩之呼吸|90/100|[from] item: Leftovers
|upkeep
|turn|16
|
|t:|1639663467
|switch|p2a: 姐姐好腿我好爱|Tsareena, F|100/100
|move|p1a: Quagsire|Scald|p2a: 姐姐好腿我好爱
|-resisted|p2a: 姐姐好腿我好爱
|-damage|p2a: 姐姐好腿我好爱|89/100
|-status|p2a: 姐姐好腿我好爱|brn
|
|-damage|p2a: 姐姐好腿我好爱|83/100 brn|[from] brn
|upkeep
|turn|17
|
|t:|1639663489
|switch|p1a: Togedemaru|Togedemaru, F|73/100
|-damage|p1a: Togedemaru|67/100|[from] Stealth Rock
|move|p2a: 姐姐好腿我好爱|Rapid Spin|p1a: Togedemaru
|-resisted|p1a: Togedemaru
|-damage|p1a: Togedemaru|61/100
|-boost|p2a: 姐姐好腿我好爱|spe|1
|-damage|p2a: 姐姐好腿我好爱|71/100 brn|[from] ability: Iron Barbs|[of] p1a: Togedemaru
|-sideend|p2: shalutianwang|Stealth Rock|[from] move: Rapid Spin|[of] p2a: 姐姐好腿我好爱
|
|-damage|p2a: 姐姐好腿我好爱|65/100 brn|[from] brn
|upkeep
|turn|18
|
|t:|1639663496
|move|p1a: Togedemaru|Spiky Shield|p1a: Togedemaru
|-singleturn|p1a: Togedemaru|move: Protect
|move|p2a: 姐姐好腿我好爱|High Jump Kick|p1a: Togedemaru
|-activate|p1a: Togedemaru|move: Protect
|-damage|p2a: 姐姐好腿我好爱|53/100 brn|[from] Spiky Shield|[of] p1a: Togedemaru
|-damage|p2a: 姐姐好腿我好爱|3/100 brn|[from] highjumpkick
|
|-damage|p2a: 姐姐好腿我好爱|0 fnt|[from] brn
|faint|p2a: 姐姐好腿我好爱
|upkeep
|
|t:|1639663504
|switch|p2a: 死亡如风常伴吾身|Absol, F|100/100
|turn|19
|
|t:|1639663512
|move|p1a: Togedemaru|Wish|p1a: Togedemaru
|move|p2a: 死亡如风常伴吾身|Knock Off|p1a: Togedemaru
|-damage|p1a: Togedemaru|0 fnt
|-damage|p2a: 死亡如风常伴吾身|88/100|[from] ability: Iron Barbs|[of] p1a: Togedemaru
|-enditem|p1a: Togedemaru|Wiki Berry|[from] move: Knock Off|[of] p2a: 死亡如风常伴吾身
|faint|p1a: Togedemaru
|
|upkeep
|
|t:|1639663523
|switch|p1a: Haunter|Haunter, F|48/100
|-damage|p1a: Haunter|36/100|[from] Stealth Rock
|turn|20
|
|t:|1639663539
|switch|p2a: 麻麻刺麻|Togedemaru, F|69/100
|move|p1a: Haunter|Sludge Bomb|p2a: 麻麻刺麻
|-immune|p2a: 麻麻刺麻
|
|-heal|p1a: Haunter|100/100|[from] move: Wish|[wisher] Togedemaru
|upkeep
|turn|21
|
|t:|1639663546
|move|p2a: 麻麻刺麻|U-turn|p1a: Haunter
|-resisted|p1a: Haunter
|-damage|p1a: Haunter|86/100
|
|t:|1639663549
|switch|p2a: 全集中岩之呼吸|Gigalith, M|90/100|[from]move: U-turn
|-weather|Sandstorm|[from] ability: Sand Stream|[of] p2a: 全集中岩之呼吸
|move|p1a: Haunter|Shadow Ball|p2a: 全集中岩之呼吸
|-damage|p2a: 全集中岩之呼吸|64/100
|-damage|p1a: Haunter|76/100|[from] item: Life Orb
|
|-weather|Sandstorm|[upkeep]
|-damage|p1a: Haunter|70/100|[from] Sandstorm
|-heal|p2a: 全集中岩之呼吸|70/100|[from] item: Leftovers
|upkeep
|turn|22
|
|t:|1639663565
|switch|p1a: Quagsire|Quagsire, F|58/100
|-damage|p1a: Quagsire|52/100|[from] Stealth Rock
|move|p2a: 全集中岩之呼吸|Rock Blast|p1a: Quagsire
|-resisted|p1a: Quagsire
|-damage|p1a: Quagsire|48/100
|-resisted|p1a: Quagsire
|-damage|p1a: Quagsire|44/100
|-hitcount|p1a: Quagsire|2
|
|-weather|Sandstorm|[upkeep]
|-heal|p2a: 全集中岩之呼吸|77/100|[from] item: Leftovers
|upkeep
|turn|23
|
|t:|1639663575
|switch|p2a: 窗外的麻雀在电线杆上啵嘴|Articuno-Galar|76/100
|move|p1a: Quagsire|Recover|p1a: Quagsire
|-heal|p1a: Quagsire|94/100
|
|-weather|Sandstorm|[upkeep]
|-damage|p2a: 窗外的麻雀在电线杆上啵嘴|69/100|[from] Sandstorm
|upkeep
|turn|24
|inactive|FurretlovingSK has 120 seconds left.
|
|t:|1639663620
|move|p2a: 窗外的麻雀在电线杆上啵嘴|Freezing Glare|p1a: Quagsire
|-damage|p1a: Quagsire|2/100
|move|p1a: Quagsire|Recover|p1a: Quagsire
|-heal|p1a: Quagsire|52/100
|
|-weather|Sandstorm|[upkeep]
|-damage|p2a: 窗外的麻雀在电线杆上啵嘴|63/100|[from] Sandstorm
|upkeep
|turn|25
|inactive|FurretlovingSK has 90 seconds left.
|
|t:|1639663649
|switch|p1a: Centiskorch|Centiskorch, M|100/100
|move|p2a: 窗外的麻雀在电线杆上啵嘴|Freezing Glare|p1a: Centiskorch
|-damage|p1a: Centiskorch|20/100
|
|-weather|none
|upkeep
|turn|26
|
|t:|1639663671
|move|p2a: 窗外的麻雀在电线杆上啵嘴|Freezing Glare|p1a: Centiskorch
|-damage|p1a: Centiskorch|0 fnt
|faint|p1a: Centiskorch
|
|upkeep
|
|t:|1639663677
|switch|p1a: Ribombee|Ribombee, F|100/100
|-damage|p1a: Ribombee|76/100|[from] Stealth Rock
|turn|27
|inactive|shalutianwang has 120 seconds left.
|
|t:|1639663721
|move|p1a: Ribombee|U-turn|p2a: 窗外的麻雀在电线杆上啵嘴
|-damage|p2a: 窗外的麻雀在电线杆上啵嘴|46/100
|
|t:|1639663725
|switch|p1a: Haunter|Haunter, F|70/100|[from]move: U-turn
|-damage|p1a: Haunter|58/100|[from] Stealth Rock
|move|p2a: 窗外的麻雀在电线杆上啵嘴|Freezing Glare|p1a: Haunter
|-supereffective|p1a: Haunter
|-damage|p1a: Haunter|0 fnt
|faint|p1a: Haunter
|
|upkeep
|
|t:|1639663727
|switch|p1a: Ribombee|Ribombee, F|76/100
|-damage|p1a: Ribombee|51/100|[from] Stealth Rock
|turn|28
|
|t:|1639663753
|move|p1a: Ribombee|Moonblast|p2a: 窗外的麻雀在电线杆上啵嘴
|-damage|p2a: 窗外的麻雀在电线杆上啵嘴|0 fnt
|faint|p2a: 窗外的麻雀在电线杆上啵嘴
|
|upkeep
|
|t:|1639663757
|switch|p2a: 麻麻刺麻|Togedemaru, F|69/100
|turn|29
|
|t:|1639663760
|move|p2a: 麻麻刺麻|Iron Head|p1a: Ribombee
|-supereffective|p1a: Ribombee
|-damage|p1a: Ribombee|0 fnt
|faint|p1a: Ribombee
|
|upkeep
|
|t:|1639663763
|switch|p1a: Quagsire|Quagsire, F|52/100
|-damage|p1a: Quagsire|46/100|[from] Stealth Rock
|turn|30
|
|t:|1639663768
|switch|p2a: 死亡如风常伴吾身|Absol, F|88/100
|move|p1a: Quagsire|Recover|p1a: Quagsire
|-heal|p1a: Quagsire|96/100
|
|upkeep
|turn|31
|
|t:|1639663770
|move|p2a: 死亡如风常伴吾身|Knock Off|p1a: Quagsire
|-damage|p1a: Quagsire|38/100
|-damage|p2a: 死亡如风常伴吾身|72/100|[from] item: Rocky Helmet|[of] p1a: Quagsire
|-enditem|p1a: Quagsire|Rocky Helmet|[from] move: Knock Off|[of] p2a: 死亡如风常伴吾身
|move|p1a: Quagsire|Curse|p1a: Quagsire
|-unboost|p1a: Quagsire|spe|1
|-boost|p1a: Quagsire|atk|1
|-boost|p1a: Quagsire|def|1
|
|upkeep
|turn|32
|inactive|shalutianwang has 120 seconds left.
|
|t:|1639663800
|move|p2a: 死亡如风常伴吾身|Knock Off|p1a: Quagsire
|-damage|p1a: Quagsire|12/100
|move|p1a: Quagsire|Recover|p1a: Quagsire
|-heal|p1a: Quagsire|62/100
|
|upkeep
|turn|33
|
|t:|1639663808
|move|p2a: 死亡如风常伴吾身|Knock Off|p1a: Quagsire
|-damage|p1a: Quagsire|37/100
|move|p1a: Quagsire|Curse|p1a: Quagsire
|-unboost|p1a: Quagsire|spe|1
|-boost|p1a: Quagsire|atk|1
|-boost|p1a: Quagsire|def|1
|
|upkeep
|turn|34
|
|t:|1639663811
|move|p2a: 死亡如风常伴吾身|Knock Off|p1a: Quagsire
|-damage|p1a: Quagsire|17/100
|move|p1a: Quagsire|Recover|p1a: Quagsire
|-heal|p1a: Quagsire|67/100
|
|upkeep
|turn|35
|
|t:|1639663813
|move|p2a: 死亡如风常伴吾身|Knock Off|p1a: Quagsire
|-damage|p1a: Quagsire|47/100
|move|p1a: Quagsire|Recover|p1a: Quagsire
|-heal|p1a: Quagsire|97/100
|
|upkeep
|turn|36
|
|t:|1639663817
|switch|p2a: 麻麻刺麻|Togedemaru, F|69/100
|move|p1a: Quagsire|Curse|p1a: Quagsire
|-unboost|p1a: Quagsire|spe|1
|-boost|p1a: Quagsire|atk|1
|-boost|p1a: Quagsire|def|1
|
|upkeep
|turn|37
|
|t:|1639663820
|move|p2a: 麻麻刺麻|Encore|p1a: Quagsire
|-start|p1a: Quagsire|Encore
|move|p1a: Quagsire|Curse|p1a: Quagsire
|-unboost|p1a: Quagsire|spe|1
|-boost|p1a: Quagsire|atk|1
|-boost|p1a: Quagsire|def|1
|
|upkeep
|turn|38
|
|t:|1639663823
|switch|p2a: 代表月亮消灭你|Aromatisse, F|100/100
|move|p1a: Quagsire|Curse|p1a: Quagsire
|-unboost|p1a: Quagsire|spe|1
|-boost|p1a: Quagsire|atk|1
|-boost|p1a: Quagsire|def|1
|
|upkeep
|turn|39
|
|t:|1639663825
|move|p2a: 代表月亮消灭你|Calm Mind|p2a: 代表月亮消灭你
|-boost|p2a: 代表月亮消灭你|spa|1
|-boost|p2a: 代表月亮消灭你|spd|1
|move|p1a: Quagsire|Curse|p1a: Quagsire
|-unboost|p1a: Quagsire|spe|1
|-boost|p1a: Quagsire|atk|1
|-boost|p1a: Quagsire|def|1
|
|-end|p1a: Quagsire|Encore
|upkeep
|turn|40
|
|t:|1639663828
|move|p2a: 代表月亮消灭你|Calm Mind|p2a: 代表月亮消灭你
|-boost|p2a: 代表月亮消灭你|spa|1
|-boost|p2a: 代表月亮消灭你|spd|1
|move|p1a: Quagsire|Earthquake|p2a: 代表月亮消灭你
|-damage|p2a: 代表月亮消灭你|12/100
|
|-heal|p2a: 代表月亮消灭你|18/100|[from] item: Leftovers
|upkeep
|turn|41
|
|t:|1639663831
|move|p2a: 代表月亮消灭你|Moonblast|p1a: Quagsire
|-damage|p1a: Quagsire|57/100
|-unboost|p1a: Quagsire|spa|1
|move|p1a: Quagsire|Earthquake|p2a: 代表月亮消灭你
|-damage|p2a: 代表月亮消灭你|0 fnt
|faint|p2a: 代表月亮消灭你
|
|upkeep
|
|t:|1639663836
|switch|p2a: 麻麻刺麻|Togedemaru, F|69/100
|turn|42
|
|t:|1639663839
|move|p2a: 麻麻刺麻|Encore|p1a: Quagsire
|-start|p1a: Quagsire|Encore
|move|p1a: Quagsire|Earthquake|p2a: 麻麻刺麻
|-supereffective|p2a: 麻麻刺麻
|-damage|p2a: 麻麻刺麻|0 fnt
|faint|p2a: 麻麻刺麻
|
|upkeep
|
|t:|1639663841
|switch|p2a: 死亡如风常伴吾身|Absol, F|72/100
|turn|43
|
|t:|1639663845
|move|p2a: 死亡如风常伴吾身|Sucker Punch|p1a: Quagsire
|-damage|p1a: Quagsire|46/100
|move|p1a: Quagsire|Earthquake|p2a: 死亡如风常伴吾身
|-damage|p2a: 死亡如风常伴吾身|0 fnt
|faint|p2a: 死亡如风常伴吾身
|
|upkeep
|-message|shalutianwang forfeited.
|
|win|FurretlovingSK
|raw|FurretlovingSK's rating: 1245 &rarr; <strong>1289</strong><br />(+44 for winning)
|raw|shalutianwang's rating: 1579 &rarr; <strong>1544</strong><br />(-35 for losing)
|l|☆shalutianwang
|c|☆FurretlovingSK|Gg
||Ladder isn't responding, score probably updated but might not have (Request timeout).
