|j|☆rult68m ind
|j|☆Flamedood
|t:|1656283461
|gametype|singles
|player|p1|rult68m ind|hilbert|
|player|p2|Flamedood|blue|
|teamsize|p1|6
|teamsize|p2|6
|gen|8
|tier|[Gen 8] PU
|rated|Tournament battle
|rule|Sleep Clause Mod: Limit one foe put to sleep
|rule|Species Clause: Limit one of each Pokémon
|rule|OHKO Clause: OHKO moves are banned
|rule|Evasion Moves Clause: Evasion moves are banned
|rule|Endless Battle Clause: Forcing endless battles is banned
|rule|HP Percentage Mod: HP is shown in percentages
|rule|Dynamax Clause: You cannot dynamax
|clearpoke
|poke|p1|Charizard, M|
|poke|p1|Ribombee, F|
|poke|p1|Aggron, M|
|poke|p1|Jellicent, F|
|poke|p1|Sandslash, M|
|poke|p1|Scrafty, F|
|poke|p2|Scyther, F|
|poke|p2|Thwackey, M|
|poke|p2|Hitmonlee, M|
|poke|p2|Comfey, F|
|poke|p2|Trevenant, F|
|poke|p2|Cradily, F|
|teampreview
|inactive|Battle timer is ON: inactive players will automatically lose when time's up. (requested by Flamedood)
|j| rult68m ofogger
|
|t:|1656283470
|start
|switch|p1a: Charizard|Charizard, M|100/100
|switch|p2a: Cradily|Cradily, F|100/100
|turn|1
|
|t:|1656283480
|switch|p1a: Scrafty|Scrafty, F|100/100
|move|p2a: Cradily|Rock Blast|p1a: Scrafty
|-resisted|p1a: Scrafty
|-crit|p1a: Scrafty
|-damage|p1a: Scrafty|96/100
|-resisted|p1a: Scrafty
|-damage|p1a: Scrafty|92/100
|-resisted|p1a: Scrafty
|-damage|p1a: Scrafty|89/100
|-hitcount|p1a: Scrafty|3
|
|-heal|p1a: Scrafty|95/100|[from] item: Leftovers
|upkeep
|turn|2
|
|t:|1656283492
|move|p1a: Scrafty|Knock Off|p2a: Cradily
|-damage|p2a: Cradily|71/100
|-enditem|p2a: Cradily|Terrain Extender|[from] move: Knock Off|[of] p1a: Scrafty
|move|p2a: Cradily|Stealth Rock|p1a: Scrafty
|-sidestart|p1: rult68m ind|move: Stealth Rock
|
|-heal|p1a: Scrafty|100/100|[from] item: Leftovers
|upkeep
|turn|3
|
|t:|1656283511
|switch|p2a: Comfey|Comfey, F|100/100
|move|p1a: Scrafty|Knock Off|p2a: Comfey
|-resisted|p2a: Comfey
|-damage|p2a: Comfey|87/100
|-enditem|p2a: Comfey|Kee Berry|[from] move: Knock Off|[of] p1a: Scrafty
|
|upkeep
|turn|4
|
|t:|1656283521
|switch|p2a: Trevenant|Trevenant, F|100/100
|-item|p1a: Scrafty|Leftovers|[from] ability: Frisk|[of] p2a: Trevenant|[identify]
|switch|p1a: Aggron|Aggron, M|100/100
|-damage|p1a: Aggron|94/100|[from] Stealth Rock
|
|-heal|p1a: Aggron|100/100|[from] item: Leftovers
|upkeep
|turn|5
|
|t:|1656283534
|move|p1a: Aggron|Protect|p1a: Aggron
|-singleturn|p1a: Aggron|Protect
|move|p2a: Trevenant|Poltergeist|p1a: Aggron
|-activate|p1a: Aggron|move: Protect
|
|upkeep
|turn|6
|
|t:|1656283543
|move|p1a: Aggron|Stealth Rock|p2a: Trevenant
|-sidestart|p2: Flamedood|move: Stealth Rock
|move|p2a: Trevenant|Poltergeist|p1a: Aggron
|-activate|p1a: Aggron|move: Poltergeist|Leftovers
|-damage|p1a: Aggron|49/100
|
|-heal|p1a: Aggron|55/100|[from] item: Leftovers
|upkeep
|turn|7
|
|t:|1656283551
|move|p1a: Aggron|Protect|p1a: Aggron
|-singleturn|p1a: Aggron|Protect
|move|p2a: Trevenant|Poltergeist|p1a: Aggron
|-activate|p1a: Aggron|move: Protect
|
|-heal|p1a: Aggron|61/100|[from] item: Leftovers
|upkeep
|turn|8
|j| suloxiv ✿
|
|t:|1656283561
|switch|p1a: Scrafty|Scrafty, F|100/100
|-damage|p1a: Scrafty|94/100|[from] Stealth Rock
|move|p2a: Trevenant|Poltergeist|p1a: Scrafty
|-activate|p1a: Scrafty|move: Poltergeist|Leftovers
|-resisted|p1a: Scrafty
|-damage|p1a: Scrafty|58/100
|
|-heal|p1a: Scrafty|64/100|[from] item: Leftovers
|upkeep
|turn|9
|
|t:|1656283574
|switch|p2a: Comfey|Comfey, F|87/100
|-damage|p2a: Comfey|74/100|[from] Stealth Rock
|move|p1a: Scrafty|Rest|p1a: Scrafty
|-status|p1a: Scrafty|slp|[from] move: Rest
|-heal|p1a: Scrafty|100/100 slp|[silent]
|
|upkeep
|turn|10
|
|t:|1656283585
|switch|p1a: Aggron|Aggron, M|61/100
|-damage|p1a: Aggron|55/100|[from] Stealth Rock
|move|p2a: Comfey|Draining Kiss|p1a: Aggron
|-resisted|p1a: Aggron
|-damage|p1a: Aggron|46/100
|-heal|p2a: Comfey|82/100|[from] drain|[of] p1a: Aggron
|
|-heal|p1a: Aggron|52/100|[from] item: Leftovers
|upkeep
|turn|11
|
|t:|1656283597
|switch|p2a: Cradily|Cradily, F|71/100
|-damage|p2a: Cradily|59/100|[from] Stealth Rock
|move|p1a: Aggron|Head Smash|p2a: Cradily
|-damage|p2a: Cradily|10/100
|
|-heal|p1a: Aggron|58/100|[from] item: Leftovers
|upkeep
|turn|12
|
|t:|1656283607
|move|p1a: Aggron|Body Press|p2a: Cradily
|-supereffective|p2a: Cradily
|-damage|p2a: Cradily|0 fnt
|faint|p2a: Cradily
|
|-heal|p1a: Aggron|64/100|[from] item: Leftovers
|upkeep
|
|t:|1656283616
|switch|p2a: Thwackey|Thwackey, M|100/100
|-damage|p2a: Thwackey|88/100|[from] Stealth Rock
|-fieldstart|move: Grassy Terrain|[from] ability: Grassy Surge|[of] p2a: Thwackey
|turn|13
|
|t:|1656283629
|switch|p1a: Charizard|Charizard, M|100/100
|move|p2a: Thwackey|Wood Hammer|p1a: Charizard
|-resisted|p1a: Charizard
|-damage|p1a: Charizard|70/100
|-damage|p2a: Thwackey|77/100|[from] Recoil
|
|-heal|p2a: Thwackey|83/100|[from] Grassy Terrain
|upkeep
|turn|14
|
|t:|1656283639
|switch|p2a: Kickman|Hitmonlee, M|100/100
|-damage|p2a: Kickman|94/100|[from] Stealth Rock
|-enditem|p2a: Kickman|Grassy Seed
|-boost|p2a: Kickman|def|1|[from] item: Grassy Seed
|move|p1a: Charizard|Flamethrower|p2a: Kickman
|-damage|p2a: Kickman|44/100
|
|-heal|p2a: Kickman|51/100|[from] Grassy Terrain
|upkeep
|turn|15
|
|t:|1656283653
|switch|p1a: Jellicent|Jellicent, F|100/100
|move|p2a: Kickman|Knock Off|p1a: Jellicent
|-supereffective|p1a: Jellicent
|-damage|p1a: Jellicent|43/100
|-enditem|p1a: Jellicent|Heavy-Duty Boots|[from] move: Knock Off|[of] p2a: Kickman
|
|-heal|p2a: Kickman|57/100|[from] Grassy Terrain
|-heal|p1a: Jellicent|49/100|[from] Grassy Terrain
|upkeep
|turn|16
|
|t:|1656283663
|move|p2a: Kickman|Knock Off|p1a: Jellicent
|-supereffective|p1a: Jellicent
|-damage|p1a: Jellicent|7/100
|move|p1a: Jellicent|Toxic|p2a: Kickman
|-status|p2a: Kickman|tox
|
|-heal|p2a: Kickman|63/100 tox|[from] Grassy Terrain
|-heal|p1a: Jellicent|13/100|[from] Grassy Terrain
|-damage|p2a: Kickman|57/100 tox|[from] psn
|upkeep
|turn|17
|
|t:|1656283673
|move|p2a: Kickman|Knock Off|p1a: Jellicent
|-supereffective|p1a: Jellicent
|-damage|p1a: Jellicent|0 fnt
|faint|p1a: Jellicent
|
|-heal|p2a: Kickman|63/100 tox|[from] Grassy Terrain
|-damage|p2a: Kickman|51/100 tox|[from] psn
|-fieldend|move: Grassy Terrain
|upkeep
|
|t:|1656283684
|switch|p1a: Sandslash|Sandslash, M|100/100
|-damage|p1a: Sandslash|94/100|[from] Stealth Rock
|turn|18
|
|t:|1656283690
|move|p2a: Kickman|Knock Off|p1a: Sandslash
|-damage|p1a: Sandslash|65/100
|-enditem|p1a: Sandslash|Leftovers|[from] move: Knock Off|[of] p2a: Kickman
|move|p1a: Sandslash|Spikes|p2a: Kickman
|-sidestart|p2: Flamedood|Spikes
|
|-damage|p2a: Kickman|32/100 tox|[from] psn
|upkeep
|turn|19
|
|t:|1656283698
|move|p2a: Kickman|Close Combat|p1a: Sandslash
|-damage|p1a: Sandslash|11/100
|-unboost|p2a: Kickman|def|1
|-unboost|p2a: Kickman|spd|1
|move|p1a: Sandslash|Rapid Spin|p2a: Kickman
|-damage|p2a: Kickman|4/100 tox
|-boost|p1a: Sandslash|spe|1
|-sideend|p1: rult68m ind|Stealth Rock|[from] move: Rapid Spin|[of] p1a: Sandslash
|
|-damage|p2a: Kickman|0 fnt|[from] psn
|faint|p2a: Kickman
|upkeep
|
|t:|1656283710
|switch|p2a: Comfey|Comfey, F|82/100
|-damage|p2a: Comfey|69/100|[from] Stealth Rock
|-damage|p2a: Comfey|57/100|[from] Spikes
|turn|20
|
|t:|1656283717
|switch|p1a: Aggron|Aggron, M|64/100
|move|p2a: Comfey|Defog|p1a: Aggron
|-unboost|p1a: Aggron|evasion|1
|-sideend|p2: Flamedood|Spikes|[from] move: Defog|[of] p2a: Comfey
|-sideend|p2: Flamedood|Stealth Rock|[from] move: Defog|[of] p2a: Comfey
|
|-heal|p1a: Aggron|70/100|[from] item: Leftovers
|upkeep
|turn|21
|
|t:|1656283727
|move|p2a: Comfey|Calm Mind|p2a: Comfey
|-boost|p2a: Comfey|spa|1
|-boost|p2a: Comfey|spd|1
|move|p1a: Aggron|Stealth Rock|p2a: Comfey
|-sidestart|p2: Flamedood|move: Stealth Rock
|
|-heal|p1a: Aggron|76/100|[from] item: Leftovers
|upkeep
|turn|22
|
|t:|1656283735
|move|p2a: Comfey|Draining Kiss|p1a: Aggron
|-resisted|p1a: Aggron
|-damage|p1a: Aggron|64/100
|-heal|p2a: Comfey|67/100|[from] drain|[of] p1a: Aggron
|move|p1a: Aggron|Head Smash|p2a: Comfey
|-damage|p2a: Comfey|12/100
|
|-heal|p1a: Aggron|70/100|[from] item: Leftovers
|upkeep
|turn|23
|
|t:|1656283744
|move|p2a: Comfey|Defog|p1a: Aggron
|-unboost|p1a: Aggron|evasion|1
|-sideend|p2: Flamedood|Stealth Rock|[from] move: Defog|[of] p2a: Comfey
|move|p1a: Aggron|Head Smash|p2a: Comfey
|-damage|p2a: Comfey|0 fnt
|faint|p2a: Comfey
|
|-heal|p1a: Aggron|76/100|[from] item: Leftovers
|upkeep
|
|t:|1656283755
|switch|p2a: Trevenant|Trevenant, F|100/100
|-item|p1a: Aggron|Leftovers|[from] ability: Frisk|[of] p2a: Trevenant|[identify]
|turn|24
|
|t:|1656283760
|move|p1a: Aggron|Protect|p1a: Aggron
|-singleturn|p1a: Aggron|Protect
|move|p2a: Trevenant|Poltergeist|p1a: Aggron
|-activate|p1a: Aggron|move: Protect
|
|-heal|p1a: Aggron|82/100|[from] item: Leftovers
|upkeep
|turn|25
|
|t:|1656283768
|switch|p1a: Scrafty|Scrafty, F|100/100 slp
|move|p2a: Trevenant|Poltergeist|p1a: Scrafty
|-activate|p1a: Scrafty|move: Poltergeist|Leftovers
|-resisted|p1a: Scrafty
|-damage|p1a: Scrafty|59/100 slp
|
|-heal|p1a: Scrafty|65/100 slp|[from] item: Leftovers
|upkeep
|turn|26
|
|t:|1656283778
|cant|p1a: Scrafty|slp
|move|p2a: Trevenant|Poltergeist|p1a: Scrafty
|-activate|p1a: Scrafty|move: Poltergeist|Leftovers
|-resisted|p1a: Scrafty
|-damage|p1a: Scrafty|25/100 slp
|
|-heal|p1a: Scrafty|31/100 slp|[from] item: Leftovers
|upkeep
|turn|27
|
|t:|1656283787
|switch|p1a: Sandslash|Sandslash, M|11/100
|move|p2a: Trevenant|Poltergeist||[still]
|-fail|p2a: Trevenant
|
|upkeep
|turn|28
|
|t:|1656283815
|switch|p2a: Thwackey|Thwackey, M|83/100
|-fieldstart|move: Grassy Terrain|[from] ability: Grassy Surge|[of] p2a: Thwackey
|move|p1a: Sandslash|Spikes|p2a: Thwackey
|-sidestart|p2: Flamedood|Spikes
|
|-heal|p2a: Thwackey|89/100|[from] Grassy Terrain
|-heal|p1a: Sandslash|17/100|[from] Grassy Terrain
|upkeep
|turn|29
|
|t:|1656283830
|move|p2a: Thwackey|U-turn|p1a: Sandslash
|-crit|p1a: Sandslash
|-damage|p1a: Sandslash|0 fnt
|faint|p1a: Sandslash
|
|t:|1656283846
|switch|p2a: Trevenant|Trevenant, F|100/100|[from]move: U-turn
|-damage|p2a: Trevenant|88/100|[from] Spikes
|
|-heal|p2a: Trevenant|94/100|[from] Grassy Terrain
|upkeep
|
|t:|1656283850
|switch|p1a: Charizard|Charizard, M|70/100
|turn|30
|l|☆Flamedood
|inactive|Flamedood disconnected and has a minute to reconnect!
|player|p2|
|c|☆rult68m ind|bye
|c| suloxiv ✿|LOL
|inactive|Flamedood has 30 seconds to reconnect!
|inactive|Flamedood has 20 seconds to reconnect!
|inactive|Flamedood has 15 seconds to reconnect!
|inactive|Flamedood has 10 seconds to reconnect!
|inactive|Flamedood has 5 seconds to reconnect!
|-message|Flamedood lost due to inactivity.
|
|win|rult68m ind
|n|☆rult68m ind|rult68mind
|n| rult68m ofogger|rult68mofogger
|n| suloxiv ✿|suloxiv
