|j|☆Persona111
|j|☆acluh1
|t:|1667836898
|gametype|singles
|player|p1|Persona111|byron|1501
|player|p2|acluh1|karen|1490
|teamsize|p1|6
|teamsize|p2|6
|gen|8
|tier|[Gen 8] PU
|rated|
|rule|Sleep Clause Mod: Limit one foe put to sleep
|rule|Species Clause: Limit one of each Pokémon
|rule|OHKO Clause: OHKO moves are banned
|rule|Evasion Items Clause: Evasion items are banned
|rule|Evasion Moves Clause: Evasion moves are banned
|rule|Endless Battle Clause: Forcing endless battles is banned
|rule|HP Percentage Mod: HP is shown in percentages
|rule|Dynamax Clause: You cannot dynamax
|clearpoke
|poke|p1|Kabutops, F|
|poke|p1|Vikavolt, M|
|poke|p1|Spiritomb, F|
|poke|p1|Regirock|
|poke|p1|Silvally-*|
|poke|p1|Charizard, M|
|poke|p2|Comfey, M|
|poke|p2|Doublade, M|
|poke|p2|Eldegoss, M|
|poke|p2|Gigalith, F|
|poke|p2|Hitmonlee, M|
|poke|p2|Thwackey, F|
|teampreview
|inactive|Battle timer is ON: inactive players will automatically lose when time's up. (requested by acluh1)
|
|t:|1667836922
|start
|switch|p1a: Tiagão|Vikavolt, M|100/100
|switch|p2a: Eldegoss|Eldegoss, M, shiny|100/100
|turn|1
|
|t:|1667836929
|switch|p2a: Gigalith|Gigalith, F, shiny|100/100
|-weather|Sandstorm|[from] ability: Sand Stream|[of] p2a: Gigalith
|move|p1a: Tiagão|Bug Buzz|p2a: Gigalith
|-damage|p2a: Gigalith|72/100
|
|-weather|Sandstorm|[upkeep]
|-damage|p1a: Tiagão|94/100|[from] Sandstorm
|-heal|p2a: Gigalith|78/100|[from] item: Leftovers
|upkeep
|turn|2
|
|t:|1667836937
|move|p1a: Tiagão|Energy Ball|p2a: Gigalith
|-supereffective|p2a: Gigalith
|-damage|p2a: Gigalith|41/100
|move|p2a: Gigalith|Rock Blast|p1a: Tiagão
|-supereffective|p1a: Tiagão
|-damage|p1a: Tiagão|71/100
|-supereffective|p1a: Tiagão
|-damage|p1a: Tiagão|47/100
|-hitcount|p1a: Tiagão|2
|
|-weather|Sandstorm|[upkeep]
|-damage|p1a: Tiagão|41/100|[from] Sandstorm
|-heal|p2a: Gigalith|48/100|[from] item: Leftovers
|upkeep
|turn|3
|
|t:|1667836946
|move|p1a: Tiagão|Volt Switch|p2a: Gigalith
|-damage|p2a: Gigalith|26/100
|
|t:|1667836949
|switch|p1a: Roberson|Silvally-Steel|100/100|[from]move: Volt Switch
|move|p2a: Gigalith|Rock Blast|p1a: Roberson
|-resisted|p1a: Roberson
|-damage|p1a: Roberson|94/100
|-resisted|p1a: Roberson
|-damage|p1a: Roberson|88/100
|-resisted|p1a: Roberson
|-damage|p1a: Roberson|83/100
|-hitcount|p1a: Roberson|3
|
|-weather|Sandstorm|[upkeep]
|-heal|p2a: Gigalith|32/100|[from] item: Leftovers
|upkeep
|turn|4
|
|t:|1667836956
|switch|p2a: Doublade|Doublade, M, shiny|100/100
|move|p1a: Roberson|U-turn|p2a: Doublade
|-resisted|p2a: Doublade
|-damage|p2a: Doublade|98/100
|
|t:|1667836961
|switch|p1a: Catinha|Charizard, M|100/100|[from]move: U-turn
|
|-weather|Sandstorm|[upkeep]
|-damage|p1a: Catinha|94/100|[from] Sandstorm
|upkeep
|turn|5
|
|t:|1667836969
|switch|p2a: Gigalith|Gigalith, F, shiny|32/100
|move|p1a: Catinha|Focus Blast|p2a: Gigalith|[miss]
|-miss|p1a: Catinha|p2a: Gigalith
|
|-weather|none
|-heal|p2a: Gigalith|38/100|[from] item: Leftovers
|upkeep
|turn|6
|
|t:|1667836975
|move|p1a: Catinha|Focus Blast|p2a: Gigalith
|-supereffective|p2a: Gigalith
|-damage|p2a: Gigalith|0 fnt
|faint|p2a: Gigalith
|
|upkeep
|
|t:|1667836988
|switch|p2a: Thwackey|Thwackey, F|100/100
|-fieldstart|move: Grassy Terrain|[from] ability: Grassy Surge|[of] p2a: Thwackey
|turn|7
|
|t:|1667836992
|move|p1a: Catinha|Fire Blast|p2a: Thwackey
|-supereffective|p2a: Thwackey
|-damage|p2a: Thwackey|0 fnt
|faint|p2a: Thwackey
|
|upkeep
|
|t:|1667836996
|switch|p2a: Comfey|Comfey, M, shiny|100/100
|-enditem|p2a: Comfey|Grassy Seed
|-boost|p2a: Comfey|def|1|[from] item: Grassy Seed
|turn|8
|
|t:|1667837001
|switch|p1a: Roberson|Silvally-Steel|83/100
|move|p2a: Comfey|Calm Mind|p2a: Comfey
|-boost|p2a: Comfey|spa|1
|-boost|p2a: Comfey|spd|1
|
|-heal|p1a: Roberson|89/100|[from] Grassy Terrain
|upkeep
|turn|9
|
|t:|1667837006
|switch|p2a: Doublade|Doublade, M, shiny|98/100
|move|p1a: Roberson|Multi-Attack|p2a: Doublade
|-resisted|p2a: Doublade
|-damage|p2a: Doublade|84/100
|
|-heal|p1a: Roberson|95/100|[from] Grassy Terrain
|-heal|p2a: Doublade|90/100|[from] Grassy Terrain
|upkeep
|turn|10
|
|t:|1667837015
|move|p1a: Roberson|U-turn|p2a: Doublade
|-resisted|p2a: Doublade
|-damage|p2a: Doublade|87/100
|
|t:|1667837018
|switch|p1a: Terezinha|Kabutops, F|100/100|[from]move: U-turn
|move|p2a: Doublade|Close Combat|p1a: Terezinha
|-supereffective|p1a: Terezinha
|-crit|p1a: Terezinha
|-enditem|p1a: Terezinha|Focus Sash
|-damage|p1a: Terezinha|1/100
|-unboost|p2a: Doublade|def|1
|-unboost|p2a: Doublade|spd|1
|-ability|p1a: Terezinha|Weak Armor|boost
|-unboost|p1a: Terezinha|def|1
|-boost|p1a: Terezinha|spe|2
|
|-heal|p1a: Terezinha|7/100|[from] Grassy Terrain
|-heal|p2a: Doublade|94/100|[from] Grassy Terrain
|upkeep
|turn|11
|
|t:|1667837025
|switch|p1a: Maykola|Spiritomb, F|100/100
|move|p2a: Doublade|Shadow Sneak|p1a: Maykola
|-damage|p1a: Maykola|81/100
|
|-heal|p2a: Doublade|99/100|[from] Grassy Terrain
|-heal|p1a: Maykola|87/100|[from] Grassy Terrain
|upkeep
|turn|12
|
|t:|1667837029
|move|p2a: Doublade|Shadow Claw|p1a: Maykola
|-crit|p1a: Maykola
|-damage|p1a: Maykola|34/100
|move|p1a: Maykola|Trick|p2a: Doublade
|-activate|p1a: Maykola|move: Trick|[of] p2a: Doublade
|-item|p2a: Doublade|Choice Band|[from] move: Trick
|-item|p1a: Maykola|Eviolite|[from] move: Trick
|
|-heal|p2a: Doublade|100/100|[from] Grassy Terrain
|-heal|p1a: Maykola|40/100|[from] Grassy Terrain
|upkeep
|turn|13
|
|t:|1667837035
|move|p1a: Maykola|Sucker Punch|p2a: Doublade
|-supereffective|p2a: Doublade
|-damage|p2a: Doublade|29/100
|move|p2a: Doublade|Shadow Claw|p1a: Maykola
|-crit|p1a: Maykola
|-damage|p1a: Maykola|0 fnt
|faint|p1a: Maykola
|
|-heal|p2a: Doublade|36/100|[from] Grassy Terrain
|upkeep
|
|t:|1667837052
|switch|p1a: Terezinha|Kabutops, F|7/100
|turn|14
|
|t:|1667837055
|switch|p2a: Hitmonlee|Hitmonlee, M|100/100
|-enditem|p2a: Hitmonlee|Grassy Seed
|-boost|p2a: Hitmonlee|def|1|[from] item: Grassy Seed
|move|p1a: Terezinha|Knock Off|p2a: Hitmonlee
|-resisted|p2a: Hitmonlee
|-damage|p2a: Hitmonlee|85/100
|
|-heal|p2a: Hitmonlee|91/100|[from] Grassy Terrain
|-heal|p1a: Terezinha|13/100|[from] Grassy Terrain
|-fieldend|move: Grassy Terrain
|upkeep
|turn|15
|
|t:|1667837061
|move|p2a: Hitmonlee|Bulk Up|p2a: Hitmonlee
|-boost|p2a: Hitmonlee|atk|1
|-boost|p2a: Hitmonlee|def|1
|move|p1a: Terezinha|Liquidation|p2a: Hitmonlee
|-damage|p2a: Hitmonlee|40/100
|-unboost|p2a: Hitmonlee|def|1
|
|upkeep
|turn|16
|
|t:|1667837068
|move|p2a: Hitmonlee|Knock Off|p1a: Terezinha
|-damage|p1a: Terezinha|0 fnt
|faint|p1a: Terezinha
|
|upkeep
|
|t:|1667837079
|switch|p1a: Catinha|Charizard, M|94/100
|turn|17
|
|t:|1667837083
|move|p2a: Hitmonlee|Knock Off|p1a: Catinha
|-damage|p1a: Catinha|26/100
|-enditem|p1a: Catinha|Heavy-Duty Boots|[from] move: Knock Off|[of] p2a: Hitmonlee
|move|p1a: Catinha|Hurricane|p2a: Hitmonlee
|-supereffective|p2a: Hitmonlee
|-damage|p2a: Hitmonlee|0 fnt
|faint|p2a: Hitmonlee
|
|upkeep
|
|t:|1667837089
|switch|p2a: Doublade|Doublade, M, shiny|36/100
|turn|18
|
|t:|1667837094
|switch|p1a: Pedrão|Regirock|100/100
|move|p2a: Doublade|Shadow Sneak|p1a: Pedrão
|-damage|p1a: Pedrão|83/100
|
|upkeep
|turn|19
|
|t:|1667837112
|switch|p1a: Catinha|Charizard, M|26/100
|switch|p2a: Eldegoss|Eldegoss, M, shiny|100/100
|
|upkeep
|turn|20
|
|t:|1667837117
|move|p1a: Catinha|Roost|p1a: Catinha
|-heal|p1a: Catinha|77/100
|-singleturn|p1a: Catinha|move: Roost
|move|p2a: Eldegoss|Sleep Powder|p1a: Catinha
|-status|p1a: Catinha|slp|[from] move: Sleep Powder
|
|upkeep
|turn|21
|
|t:|1667837129
|cant|p1a: Catinha|slp
|move|p2a: Eldegoss|Leech Seed|p1a: Catinha
|-start|p1a: Catinha|move: Leech Seed
|
|-damage|p1a: Catinha|64/100 slp|[from] Leech Seed|[of] p2a: Eldegoss
|upkeep
|turn|22
|
|t:|1667837133
|switch|p1a: Tiagão|Vikavolt, M|41/100
|switch|p2a: Doublade|Doublade, M, shiny|36/100
|
|upkeep
|turn|23
|
|t:|1667837143
|switch|p1a: Pedrão|Regirock|83/100
|move|p2a: Doublade|Shadow Sneak|p1a: Pedrão
|-damage|p1a: Pedrão|66/100
|
|upkeep
|turn|24
|
|t:|1667837151
|switch|p2a: Comfey|Comfey, M, shiny|100/100
|move|p1a: Pedrão|Earthquake|p2a: Comfey
|-damage|p2a: Comfey|63/100
|
|upkeep
|turn|25
|
|t:|1667837159
|move|p2a: Comfey|Calm Mind|p2a: Comfey
|-boost|p2a: Comfey|spa|1
|-boost|p2a: Comfey|spd|1
|move|p1a: Pedrão|Stone Edge|p2a: Comfey
|-crit|p2a: Comfey
|-damage|p2a: Comfey|0 fnt
|faint|p2a: Comfey
|
|upkeep
|
|t:|1667837161
|switch|p2a: Eldegoss|Eldegoss, M, shiny|100/100
|turn|26
|
|t:|1667837171
|switch|p1a: Tiagão|Vikavolt, M|41/100
|move|p2a: Eldegoss|Leech Seed|p1a: Tiagão
|-start|p1a: Tiagão|move: Leech Seed
|
|-damage|p1a: Tiagão|28/100|[from] Leech Seed|[of] p2a: Eldegoss
|upkeep
|turn|27
|
|t:|1667837178
|move|p2a: Eldegoss|Giga Drain|p1a: Tiagão
|-resisted|p1a: Tiagão
|-damage|p1a: Tiagão|20/100
|move|p1a: Tiagão|Bug Buzz|p2a: Eldegoss
|-supereffective|p2a: Eldegoss
|-damage|p2a: Eldegoss|2/100
|
|-damage|p1a: Tiagão|8/100|[from] Leech Seed|[of] p2a: Eldegoss
|-heal|p2a: Eldegoss|16/100|[silent]
|upkeep
|turn|28
|
|t:|1667837183
|move|p2a: Eldegoss|Giga Drain|p1a: Tiagão
|-resisted|p1a: Tiagão
|-damage|p1a: Tiagão|0 fnt
|-heal|p2a: Eldegoss|20/100|[from] drain|[of] p1a: Tiagão
|faint|p1a: Tiagão
|
|upkeep
|
|t:|1667837186
|switch|p1a: Roberson|Silvally-Steel|95/100
|turn|29
|
|t:|1667837195
|move|p1a: Roberson|Multi-Attack|p2a: Eldegoss
|-damage|p2a: Eldegoss|0 fnt
|faint|p2a: Eldegoss
|
|upkeep
|
|t:|1667837197
|switch|p2a: Doublade|Doublade, M, shiny|36/100
|turn|30
|
|t:|1667837199
|move|p1a: Roberson|Multi-Attack|p2a: Doublade
|-resisted|p2a: Doublade
|-damage|p2a: Doublade|16/100
|move|p2a: Doublade|Shadow Claw|p1a: Roberson
|-damage|p1a: Roberson|40/100
|
|upkeep
|turn|31
|
|t:|1667837205
|move|p1a: Roberson|Multi-Attack|p2a: Doublade
|-resisted|p2a: Doublade
|-damage|p2a: Doublade|0 fnt
|faint|p2a: Doublade
|
|win|Persona111
|raw|Persona111's rating: 1501 &rarr; <strong>1520</strong><br />(+19 for winning)
|raw|acluh1's rating: 1490 &rarr; <strong>1471</strong><br />(-19 for losing)
|c|☆Persona111|gg
|c|☆acluh1|Gg
|l|☆acluh1
||Ladder isn't responding, score probably updated but might not have (Request timeout).
