|j|☆PYG0
|j|☆uult1 Somalia
|player|p1|PYG0|2|
|player|p2|uult1 Somalia|marlon|
|teamsize|p1|6
|teamsize|p2|6
|gametype|singles
|gen|8
|tier|[Gen 8] PU
|rated|Tournament battle
|clearpoke
|poke|p1|Crustle, F|
|poke|p1|Dubwool, M|
|poke|p1|Mr. Rime, M|
|poke|p1|Eiscue, F|
|poke|p1|Manectric, M|
|poke|p1|Silvally-*|
|poke|p2|Basculin-Blue-Striped, F|
|poke|p2|Crustle, M|
|poke|p2|Gourgeist-*, F|
|poke|p2|Pikachu, F|
|poke|p2|Gothitelle, F|
|poke|p2|Stonjourner, F|
|rule|Sleep Clause Mod: Limit one foe put to sleep
|rule|Species Clause: Limit one of each Pokémon
|rule|OHKO Clause: OHKO moves are banned
|rule|Evasion Moves Clause: Evasion moves are banned
|rule|Endless Battle Clause: Forcing endless battles is banned
|rule|HP Percentage Mod: HP is shown in percentages
|rule|Dynamax Clause: You cannot dynamax
|teampreview
|c|☆uult1 Somalia|hf
|j| Sweatyspaghetti
|inactive|Battle timer is ON: inactive players will automatically lose when time's up. (requested by uult1 Somalia)
|j| Procopius
|c|☆PYG0|u 2
|j| TheMightyGay
|j| C.T Emerald
|c| TheMightyGay|glhf <3
|j| RahelGamer03
|inactive|uult1 Somalia has 120 seconds left.
|c|☆PYG0|I'm totally getting wrecked and I already know by what lol
|j| pour some more
|
|start
|switch|p1a: Silvally|Silvally-Bug|100/100
|switch|p2a: Crustle|Crustle, M|100/100
|turn|1
|
|move|p1a: Silvally|Parting Shot|p2a: Crustle
|-unboost|p2a: Crustle|atk|1
|-unboost|p2a: Crustle|spa|1
|
|switch|p1a: Dubwool|Dubwool, M|100/100|[from]move: Parting Shot
|move|p2a: Crustle|Stealth Rock|p1a: Dubwool
|-sidestart|p1: PYG0|move: Stealth Rock
|
|upkeep
|turn|2
|
|move|p1a: Dubwool|Cotton Guard|p1a: Dubwool
|-boost|p1a: Dubwool|def|3
|move|p2a: Crustle|Spikes|p1a: Dubwool
|-sidestart|p1: PYG0|Spikes
|
|upkeep
|turn|3
|
|move|p1a: Dubwool|Body Press|p2a: Crustle
|-damage|p2a: Crustle|53/100
|-ability|p2a: Crustle|Weak Armor|boost
|-unboost|p2a: Crustle|def|1
|-boost|p2a: Crustle|spe|2
|move|p2a: Crustle|Spikes|p1a: Dubwool
|-sidestart|p1: PYG0|Spikes
|
|upkeep
|turn|4
|
|switch|p2a: Gourgeist|Gourgeist, F|100/100
|-item|p1a: Dubwool|Leftovers|[from] ability: Frisk|[of] p2a: Gourgeist|[identify]
|move|p1a: Dubwool|Body Press|p2a: Gourgeist
|-immune|p2a: Gourgeist
|
|upkeep
|turn|5
|inactive|uult1 Somalia has 120 seconds left.
|j| ShwiftyShiftry
|l| ShwiftyShiftry
|j| ceres & calypso
|inactive|uult1 Somalia has 90 seconds left.
|
|switch|p2a: Crustle|Crustle, M|53/100
|switch|p1a: Silvally|Silvally-Bug|100/100
|-damage|p1a: Silvally|84/100|[from] Spikes
|-damage|p1a: Silvally|59/100|[from] Stealth Rock
|
|upkeep
|turn|6
|j| 1980account
|
|move|p1a: Silvally|Parting Shot|p2a: Crustle
|-unboost|p2a: Crustle|atk|1
|-unboost|p2a: Crustle|spa|1
|
|switch|p1a: Mr. Rime|Mr. Rime, M|100/100|[from]move: Parting Shot
|-damage|p1a: Mr. Rime|84/100|[from] Spikes
|-damage|p1a: Mr. Rime|59/100|[from] Stealth Rock
|move|p2a: Crustle|Stone Edge|p1a: Mr. Rime
|-supereffective|p1a: Mr. Rime
|-damage|p1a: Mr. Rime|0 fnt
|faint|p1a: Mr. Rime
|
|upkeep
|l| 1980account
|
|switch|p1a: Eiscue|Eiscue, F|100/100
|turn|7
|
|move|p1a: Eiscue|Belly Drum|p1a: Eiscue
|-damage|p1a: Eiscue|51/100
|-setboost|p1a: Eiscue|atk|6|[from] move: Belly Drum
|move|p2a: Crustle|Earthquake|p1a: Eiscue
|-activate|p1a: Eiscue|ability: Ice Face
|-damage|p1a: Eiscue|51/100
|detailschange|p1a: Eiscue|Eiscue-Noice, F
|
|upkeep
|turn|8
|
|move|p1a: Eiscue|Liquidation|p2a: Crustle
|-supereffective|p2a: Crustle
|-damage|p2a: Crustle|0 fnt
|faint|p2a: Crustle
|
|upkeep
|
|switch|p2a: Pikachu|Pikachu, F|100/100
|turn|9
|
|move|p2a: Pikachu|Fake Out|p1a: Eiscue
|-damage|p1a: Eiscue|25/100
|cant|p1a: Eiscue|flinch
|
|upkeep
|turn|10
|inactive|uult1 Somalia has 90 seconds left.
|
|move|p2a: Pikachu|Extreme Speed|p1a: Eiscue
|-damage|p1a: Eiscue|0 fnt
|faint|p1a: Eiscue
|
|upkeep
|l| RahelGamer03
|j| estarossa
|l| estarossa
|
|switch|p1a: Dubwool|Dubwool, M|100/100
|-damage|p1a: Dubwool|84/100|[from] Spikes
|-damage|p1a: Dubwool|71/100|[from] Stealth Rock
|turn|11
|
|move|p2a: Pikachu|Volt Switch|p1a: Dubwool
|-damage|p1a: Dubwool|49/100
|
|switch|p2a: Gourgeist|Gourgeist, F|100/100|[from]move: Volt Switch
|-item|p1a: Dubwool|Leftovers|[from] ability: Frisk|[of] p2a: Gourgeist|[identify]
|move|p1a: Dubwool|Body Press|p2a: Gourgeist
|-immune|p2a: Gourgeist
|
|-heal|p1a: Dubwool|55/100|[from] item: Leftovers
|upkeep
|turn|12
|
|switch|p1a: Silvally|Silvally-Bug|59/100
|-damage|p1a: Silvally|34/100|[from] Stealth Rock
|-damage|p1a: Silvally|18/100|[from] Spikes
|move|p2a: Gourgeist|Will-O-Wisp|p1a: Silvally
|-status|p1a: Silvally|brn
|
|-damage|p1a: Silvally|12/100 brn|[from] brn
|upkeep
|turn|13
|
|move|p2a: Gourgeist|Shadow Sneak|p1a: Silvally
|-damage|p1a: Silvally|0 fnt
|faint|p1a: Silvally
|
|upkeep
|
|switch|p1a: Manectric|Manectric, M|100/100
|-damage|p1a: Manectric|88/100|[from] Stealth Rock
|-damage|p1a: Manectric|72/100|[from] Spikes
|turn|14
|
|move|p2a: Gourgeist|Shadow Sneak|p1a: Manectric
|-crit|p1a: Manectric
|-damage|p1a: Manectric|26/100
|move|p1a: Manectric|Switcheroo|p2a: Gourgeist
|-activate|p1a: Manectric|move: Trick|[of] p2a: Gourgeist
|-item|p2a: Gourgeist|Choice Specs|[from] move: Switcheroo
|-item|p1a: Manectric|Colbur Berry|[from] move: Switcheroo
|
|upkeep
|turn|15
|
|switch|p1a: Dubwool|Dubwool, M|55/100
|-damage|p1a: Dubwool|38/100|[from] Spikes
|-damage|p1a: Dubwool|26/100|[from] Stealth Rock
|move|p2a: Gourgeist|Shadow Sneak|p1a: Dubwool
|-immune|p1a: Dubwool
|
|-heal|p1a: Dubwool|32/100|[from] item: Leftovers
|upkeep
|turn|16
|
|switch|p2a: Gothitelle|Gothitelle, F|100/100
|move|p1a: Dubwool|Rest|p1a: Dubwool
|-status|p1a: Dubwool|slp|[from] move: Rest
|-heal|p1a: Dubwool|100/100 slp|[silent]
|
|upkeep
|turn|17
|
|cant|p1a: Dubwool|slp
|move|p2a: Gothitelle|Cosmic Power|p2a: Gothitelle
|-boost|p2a: Gothitelle|def|1
|-boost|p2a: Gothitelle|spd|1
|
|upkeep
|turn|18
|
|switch|p1a: Crustle|Crustle, F|100/100
|-damage|p1a: Crustle|84/100|[from] Spikes
|-damage|p1a: Crustle|59/100|[from] Stealth Rock
|move|p2a: Gothitelle|Cosmic Power|p2a: Gothitelle
|-boost|p2a: Gothitelle|def|1
|-boost|p2a: Gothitelle|spd|1
|
|upkeep
|turn|19
|j| Axrtix
|
|move|p1a: Crustle|Shell Smash|p1a: Crustle
|-unboost|p1a: Crustle|def|1
|-unboost|p1a: Crustle|spd|1
|-boost|p1a: Crustle|atk|2
|-boost|p1a: Crustle|spa|2
|-boost|p1a: Crustle|spe|2
|-enditem|p1a: Crustle|White Herb
|-clearnegativeboost|p1a: Crustle|[silent]
|move|p2a: Gothitelle|Stored Power|p1a: Crustle
|-damage|p1a: Crustle|10/100
|
|upkeep
|turn|20
|
|switch|p2a: Gourgeist|Gourgeist, F|100/100
|move|p1a: Crustle|X-Scissor|p2a: Gourgeist
|-damage|p2a: Gourgeist|18/100
|
|upkeep
|turn|21
|
|move|p2a: Gourgeist|Shadow Sneak|p1a: Crustle
|-damage|p1a: Crustle|0 fnt
|faint|p1a: Crustle
|
|upkeep
|
|switch|p1a: Manectric|Manectric, M|26/100
|-damage|p1a: Manectric|10/100|[from] Spikes
|-damage|p1a: Manectric|0 fnt|[from] Stealth Rock
|faint|p1a: Manectric
|c|☆uult1 Somalia|gg
|c|☆PYG0|gg
|l| Sweatyspaghetti
|-message|PYG0 forfeited.
|
|win|uult1 Somalia
