|j|☆Heracross2.0
|j|☆Okitsegg4
|t:|1664133614
|gametype|singles
|player|p1|Heracross2.0|roxanne-gen6|
|player|p2|Okitsegg4|170|
|teamsize|p1|6
|teamsize|p2|6
|gen|8
|tier|[Gen 8] PU
|rated|Tournament battle
|rule|Sleep Clause Mod: Limit one foe put to sleep
|rule|Species Clause: Limit one of each Pokémon
|rule|OHKO Clause: OHKO moves are banned
|rule|Evasion Items Clause: Evasion items are banned
|rule|Evasion Moves Clause: Evasion moves are banned
|rule|Endless Battle Clause: Forcing endless battles is banned
|rule|HP Percentage Mod: HP is shown in percentages
|rule|Dynamax Clause: You cannot dynamax
|clearpoke
|poke|p1|Kabutops, F|
|poke|p1|Silvally-*|
|poke|p1|Doublade, F|
|poke|p1|Archeops, F|
|poke|p1|Glastrier|
|poke|p1|Skuntank, M|
|poke|p2|Comfey, F|
|poke|p2|Articuno-Galar|
|poke|p2|Silvally-*|
|poke|p2|Sneasel, M|
|poke|p2|Eiscue, F|
|poke|p2|Lycanroc, M|
|teampreview
|inactive|Battle timer is ON: inactive players will automatically lose when time's up. (requested by Heracross2.0)
|
|t:|1664133617
|start
|switch|p1a: skillful play|Kabutops, F|100/100
|switch|p2a: Lycanroc|Lycanroc, M|100/100
|turn|1
|j| Kython
|c|☆Heracross2.0|hf
|c|☆Okitsegg4|u2
|
|t:|1664133624
|move|p2a: Lycanroc|Close Combat|p1a: skillful play
|-supereffective|p1a: skillful play
|-damage|p1a: skillful play|4/100
|-unboost|p2a: Lycanroc|def|1
|-unboost|p2a: Lycanroc|spd|1
|-ability|p1a: skillful play|Weak Armor|boost
|-unboost|p1a: skillful play|def|1
|-boost|p1a: skillful play|spe|2
|move|p1a: skillful play|Rapid Spin|p2a: Lycanroc
|-resisted|p2a: Lycanroc
|-damage|p2a: Lycanroc|78/100
|-boost|p1a: skillful play|spe|1
|
|upkeep
|turn|2
|
|t:|1664133633
|move|p2a: Lycanroc|Accelerock|p1a: skillful play
|-damage|p1a: skillful play|0 fnt
|faint|p1a: skillful play
|
|upkeep
|
|t:|1664133644
|switch|p1a: got outplayed|Doublade, F|100/100
|turn|3
|
|t:|1664133649
|move|p2a: Lycanroc|Taunt|p1a: got outplayed
|-start|p1a: got outplayed|move: Taunt
|cant|p1a: got outplayed|move: Taunt|Swords Dance
|
|upkeep
|turn|4
|
|t:|1664133652
|move|p2a: Lycanroc|Stealth Rock|p1a: got outplayed
|-sidestart|p1: Heracross2.0|move: Stealth Rock
|move|p1a: got outplayed|Shadow Claw|p2a: Lycanroc
|-damage|p2a: Lycanroc|0 fnt
|faint|p2a: Lycanroc
|
|upkeep
|
|t:|1664133659
|switch|p2a: Silvally|Silvally-Ghost|100/100
|turn|5
|
|t:|1664133663
|move|p2a: Silvally|Multi-Attack|p1a: got outplayed
|-supereffective|p1a: got outplayed
|-damage|p1a: got outplayed|42/100
|move|p1a: got outplayed|Shadow Claw|p2a: Silvally
|-supereffective|p2a: Silvally
|-damage|p2a: Silvally|17/100
|
|-end|p1a: got outplayed|move: Taunt
|upkeep
|turn|6
|
|t:|1664133668
|switch|p2a: Sneasel|Sneasel, M|100/100
|move|p1a: got outplayed|Shadow Sneak|p2a: Sneasel
|-resisted|p2a: Sneasel
|-damage|p2a: Sneasel|77/100
|
|upkeep
|turn|7
|
|t:|1664133673
|switch|p1a: all skill no luck|Skuntank, M|100/100
|-damage|p1a: all skill no luck|88/100|[from] Stealth Rock
|move|p2a: Sneasel|Knock Off|p1a: all skill no luck
|-resisted|p1a: all skill no luck
|-damage|p1a: all skill no luck|51/100
|-enditem|p1a: all skill no luck|Black Sludge|[from] move: Knock Off|[of] p2a: Sneasel
|-damage|p2a: Sneasel|67/100|[from] item: Life Orb
|
|upkeep
|turn|8
|
|t:|1664133678
|move|p2a: Sneasel|Triple Axel|p1a: all skill no luck
|-damage|p1a: all skill no luck|35/100
|-hitcount|p1a: all skill no luck|1
|-damage|p2a: Sneasel|57/100|[from] item: Life Orb
|move|p1a: all skill no luck|Sludge Bomb|p2a: Sneasel
|-damage|p2a: Sneasel|0 fnt
|faint|p2a: Sneasel
|
|upkeep
|c|☆Okitsegg4|well
|c|☆Okitsegg4|that sucks
|
|t:|1664133696
|switch|p2a: Comfey|Comfey, F|100/100
|turn|9
|
|t:|1664133699
|move|p2a: Comfey|Draining Kiss|p1a: all skill no luck
|-damage|p1a: all skill no luck|0 fnt
|-damage|p2a: Comfey|76/100|[from] ability: Aftermath|[of] p1a: all skill no luck
|faint|p1a: all skill no luck
|-damage|p2a: Comfey|66/100|[from] item: Life Orb
|
|upkeep
|
|t:|1664133720
|switch|p1a: skill issue|Silvally-Grass|100/100
|-damage|p1a: skill issue|88/100|[from] Stealth Rock
|turn|10
|
|t:|1664133739
|move|p1a: skill issue|Multi-Attack|p2a: Comfey
|-damage|p2a: Comfey|0 fnt
|faint|p2a: Comfey
|
|upkeep
|
|t:|1664133743
|switch|p2a: Eiscue|Eiscue, F|100/100
|turn|11
|
|t:|1664133747
|move|p1a: skill issue|Flame Charge|p2a: Eiscue
|-activate|p2a: Eiscue|ability: Ice Face
|-damage|p2a: Eiscue|100/100
|-boost|p1a: skill issue|spe|1
|detailschange|p2a: Eiscue|Eiscue-Noice, F
|move|p2a: Eiscue|Belly Drum|p2a: Eiscue
|-damage|p2a: Eiscue|51/100
|-setboost|p2a: Eiscue|atk|6|[from] move: Belly Drum
|
|upkeep
|turn|12
|
|t:|1664133755
|move|p1a: skill issue|Multi-Attack|p2a: Eiscue
|-damage|p2a: Eiscue|0 fnt
|faint|p2a: Eiscue
|
|upkeep
|
|t:|1664133758
|switch|p2a: Articuno|Articuno-Galar|100/100
|turn|13
|c|☆Heracross2.0|yo watch this flinch
|
|t:|1664133768
|move|p1a: skill issue|Rock Slide|p2a: Articuno
|-supereffective|p2a: Articuno
|-damage|p2a: Articuno|56/100
|move|p2a: Articuno|Calm Mind|p2a: Articuno
|-boost|p2a: Articuno|spa|1
|-boost|p2a: Articuno|spd|1
|
|upkeep
|turn|14
|
|t:|1664133772
|move|p1a: skill issue|Rock Slide|p2a: Articuno
|-supereffective|p2a: Articuno
|-damage|p2a: Articuno|10/100
|move|p2a: Articuno|Stored Power|p1a: skill issue
|-damage|p1a: skill issue|49/100
|
|upkeep
|turn|15
|c|☆Okitsegg4|i dont exactly have a flying
|c|☆Heracross2.0|gg
|
|t:|1664133798
|move|p1a: skill issue|Multi-Attack|p2a: Articuno
|-resisted|p2a: Articuno
|-damage|p2a: Articuno|0 fnt
|faint|p2a: Articuno
|
|upkeep
|
|t:|1664133800
|switch|p2a: Silvally|Silvally-Ghost|17/100
|turn|16
|c|☆Okitsegg4|the sneasel was supposed to do something
|
|t:|1664133811
|move|p1a: skill issue|Multi-Attack|p2a: Silvally
|-damage|p2a: Silvally|0 fnt
|faint|p2a: Silvally
|
|win|Heracross2.0
|n|☆Heracross2.0|heracross20
|n|☆Okitsegg4|okitsegg4
|n| Kython|kython
