|j|☆JudyIsHere
|j|☆allstarapology
|player|p1|JudyIsHere|pokemonbreeder-gen4|1231
|player|p2|allstarapology|shelly-gen3|1425
|teamsize|p1|6
|teamsize|p2|6
|gametype|singles
|gen|8
|tier|[Gen 8] PU
|rated|
|clearpoke
|poke|p1|Whirlipede, F|
|poke|p1|Onix, F|
|poke|p1|Trevenant, F|
|poke|p1|Raboot, F|
|poke|p1|Silvally-*|
|poke|p1|Mr. Rime, F|
|poke|p2|Hatenna, F|
|poke|p2|Type: Null|
|poke|p2|Stunfisk, F|
|poke|p2|Throh, M|
|poke|p2|Mr. Rime, F|
|poke|p2|Togetic, F|
|rule|Sleep Clause Mod: Limit one foe put to sleep
|rule|Species Clause: Limit one of each Pokémon
|rule|OHKO Clause: OHKO moves are banned
|rule|Evasion Moves Clause: Evasion moves are banned
|rule|Endless Battle Clause: Forcing endless battles is banned
|rule|HP Percentage Mod: HP is shown in percentages
|rule|Dynamax Clause: You cannot dynamax
|teampreview
|inactive|Battle timer is ON: inactive players will automatically lose when time's up. (requested by allstarapology)
|
|start
|switch|p1a: Trevenant|Trevenant, F|100/100
|switch|p2a: Mr. Rime|Mr. Rime, F|100/100
|turn|1
|
|switch|p2a: Type: Null|Type: Null|100/100
|switch|p1a: Raboot|Raboot, F|100/100
|
|upkeep
|turn|2
|
|switch|p2a: Stunfisk|Stunfisk, F|100/100
|move|p1a: Raboot|U-turn|p2a: Stunfisk
|-start|p1a: Raboot|typechange|Bug|[from] ability: Libero
|-damage|p2a: Stunfisk|82/100
|
|switch|p1a: Trevenant|Trevenant, F|100/100|[from]move: U-turn
|
|-heal|p2a: Stunfisk|88/100|[from] item: Leftovers
|upkeep
|turn|3
|
|switch|p2a: Type: Null|Type: Null|100/100
|move|p1a: Trevenant|Poltergeist|p2a: Type: Null
|-immune|p2a: Type: Null
|
|upkeep
|turn|4
|
|switch|p1a: Whirlipede|Whirlipede, F|100/100
|move|p2a: Type: Null|Thunder Wave|p1a: Whirlipede
|-status|p1a: Whirlipede|par
|
|upkeep
|turn|5
|
|switch|p2a: Hatenna|Hatenna, F|100/100
|move|p1a: Whirlipede|Toxic|p2a: Hatenna
|move|p2a: Hatenna|Toxic||[from]Magic Bounce|[still]
|-fail|p2a: Hatenna
|
|-ability|p1a: Whirlipede|Speed Boost|boost
|-boost|p1a: Whirlipede|spe|1
|upkeep
|turn|6
|
|move|p1a: Whirlipede|Skitter Smack|p2a: Hatenna
|-supereffective|p2a: Hatenna
|-damage|p2a: Hatenna|75/100
|-unboost|p2a: Hatenna|spa|1
|move|p2a: Hatenna|Nuzzle|p1a: Whirlipede
|-damage|p1a: Whirlipede|99/100 par
|
|-ability|p1a: Whirlipede|Speed Boost|boost
|-boost|p1a: Whirlipede|spe|1
|upkeep
|turn|7
|
|move|p1a: Whirlipede|Skitter Smack|p2a: Hatenna
|-supereffective|p2a: Hatenna
|-damage|p2a: Hatenna|48/100
|-unboost|p2a: Hatenna|spa|1
|move|p2a: Hatenna|Life Dew|p2a: Hatenna
|-heal|p2a: Hatenna|73/100
|
|-ability|p1a: Whirlipede|Speed Boost|boost
|-boost|p1a: Whirlipede|spe|1
|upkeep
|turn|8
|
|switch|p1a: Onix|Onix, F|100/100
|switch|p2a: Type: Null|Type: Null|100/100
|
|upkeep
|turn|9
|
|switch|p1a: Trevenant|Trevenant, F|100/100
|switch|p2a: Hatenna|Hatenna, F|73/100
|
|upkeep
|turn|10
|
|switch|p2a: Type: Null|Type: Null|100/100
|move|p1a: Trevenant|Wood Hammer|p2a: Type: Null
|-damage|p2a: Type: Null|49/100
|-damage|p1a: Trevenant|79/100|[from] Recoil
|
|upkeep
|turn|11
|
|switch|p2a: Togetic|Togetic, F|100/100
|move|p1a: Trevenant|Wood Hammer|p2a: Togetic
|-resisted|p2a: Togetic
|-damage|p2a: Togetic|52/100
|-damage|p1a: Trevenant|66/100|[from] Recoil
|
|upkeep
|turn|12
|
|switch|p1a: Onix|Onix, F|100/100
|move|p2a: Togetic|Roost|p2a: Togetic
|-heal|p2a: Togetic|100/100
|-singleturn|p2a: Togetic|move: Roost
|
|upkeep
|turn|13
|
|switch|p2a: Hatenna|Hatenna, F|73/100
|move|p1a: Onix|Taunt|p2a: Hatenna
|move|p2a: Hatenna|Taunt|p1a: Onix|[from]Magic Bounce
|-start|p1a: Onix|move: Taunt
|
|upkeep
|turn|14
|
|switch|p1a: Trevenant|Trevenant, F|66/100
|move|p2a: Hatenna|Nuzzle|p1a: Trevenant
|-resisted|p1a: Trevenant
|-damage|p1a: Trevenant|65/100
|-status|p1a: Trevenant|par
|
|upkeep
|turn|15
|
|switch|p2a: Togetic|Togetic, F|100/100
|move|p1a: Trevenant|Wood Hammer|p2a: Togetic
|-resisted|p2a: Togetic
|-damage|p2a: Togetic|50/100
|-damage|p1a: Trevenant|51/100 par|[from] Recoil
|
|upkeep
|turn|16
|
|switch|p1a: Onix|Onix, F|100/100
|move|p2a: Togetic|Ancient Power|p1a: Onix
|-resisted|p1a: Onix
|-damage|p1a: Onix|78/100
|
|upkeep
|turn|17
|
|move|p1a: Onix|Rock Tomb|p2a: Togetic
|-supereffective|p2a: Togetic
|-damage|p2a: Togetic|18/100
|-unboost|p2a: Togetic|spe|1
|move|p2a: Togetic|Roost|p2a: Togetic
|-heal|p2a: Togetic|69/100
|-singleturn|p2a: Togetic|move: Roost
|
|upkeep
|turn|18
|
|switch|p2a: Hatenna|Hatenna, F|73/100
|move|p1a: Onix|Stealth Rock|p2a: Hatenna
|move|p2a: Hatenna|Stealth Rock|p1a: Onix|[from]Magic Bounce
|-sidestart|p1: JudyIsHere|move: Stealth Rock
|
|upkeep
|turn|19
|j| uhuhuhu7
|
|switch|p1a: Trevenant|Trevenant, F|51/100
|-damage|p1a: Trevenant|39/100|[from] Stealth Rock
|move|p2a: Hatenna|Psychic|p1a: Trevenant
|-damage|p1a: Trevenant|15/100
|-unboost|p1a: Trevenant|spd|1
|
|upkeep
|turn|20
|
|switch|p2a: Type: Null|Type: Null|49/100
|move|p1a: Trevenant|Rest|p1a: Trevenant
|-status|p1a: Trevenant|slp|[from] move: Rest
|-heal|p1a: Trevenant|100/100 slp|[silent]
|
|upkeep
|turn|21
|
|-curestatus|p1a: Trevenant|slp|[from] ability: Natural Cure
|switch|p1a: Onix|Onix, F|78/100
|-damage|p1a: Onix|72/100|[from] Stealth Rock
|move|p2a: Type: Null|U-turn|p1a: Onix
|-damage|p1a: Onix|55/100
|-ability|p1a: Onix|Weak Armor|boost
|-unboost|p1a: Onix|def|1
|-boost|p1a: Onix|spe|2
|
|switch|p2a: Hatenna|Hatenna, F|73/100|[from]move: U-turn
|
|upkeep
|turn|22
|
|move|p1a: Onix|Explosion|p2a: Hatenna
|-damage|p2a: Hatenna|29/100
|faint|p1a: Onix
|move|p2a: Hatenna|Mystical Fire|p1: Onix|[notarget]
|-fail|p2a: Hatenna
|
|upkeep
|
|switch|p1a: Mr. Rime|Mr. Rime, F|100/100
|turn|23
|
|move|p1a: Mr. Rime|Freeze-Dry|p2a: Hatenna
|-damage|p2a: Hatenna|0 fnt
|faint|p2a: Hatenna
|
|upkeep
|
|switch|p2a: Mr. Rime|Mr. Rime, F|100/100
|turn|24
|
|move|p2a: Mr. Rime|Nasty Plot|p2a: Mr. Rime
|-boost|p2a: Mr. Rime|spa|2
|move|p1a: Mr. Rime|Nasty Plot|p1a: Mr. Rime
|-boost|p1a: Mr. Rime|spa|2
|
|upkeep
|turn|25
|
|move|p2a: Mr. Rime|Shadow Ball|p1a: Mr. Rime
|-supereffective|p1a: Mr. Rime
|-damage|p1a: Mr. Rime|0 fnt
|faint|p1a: Mr. Rime
|
|upkeep
|
|switch|p1a: Raboot|Raboot, F|100/100
|-damage|p1a: Raboot|76/100|[from] Stealth Rock
|turn|26
|
|switch|p2a: Stunfisk|Stunfisk, F|88/100
|move|p1a: Raboot|Flare Blitz|p2a: Stunfisk
|-damage|p2a: Stunfisk|55/100
|-damage|p1a: Raboot|58/100|[from] Recoil
|
|-heal|p2a: Stunfisk|61/100|[from] item: Leftovers
|upkeep
|turn|27
|
|switch|p1a: Whirlipede|Whirlipede, F|99/100 par
|-damage|p1a: Whirlipede|74/100 par|[from] Stealth Rock
|move|p2a: Stunfisk|Discharge|p1a: Whirlipede
|-damage|p1a: Whirlipede|50/100 par
|
|-heal|p2a: Stunfisk|67/100|[from] item: Leftovers
|upkeep
|turn|28
|
|switch|p2a: Type: Null|Type: Null|49/100
|move|p1a: Whirlipede|Spikes|p2a: Type: Null
|-sidestart|p2: allstarapology|Spikes
|
|-ability|p1a: Whirlipede|Speed Boost|boost
|-boost|p1a: Whirlipede|spe|1
|upkeep
|turn|29
|
|move|p2a: Type: Null|U-turn|p1a: Whirlipede
|-resisted|p1a: Whirlipede
|-damage|p1a: Whirlipede|45/100 par
|
|switch|p2a: Throh|Throh, M|100/100|[from]move: U-turn
|-damage|p2a: Throh|88/100|[from] Spikes
|-ability|p2a: Throh|Mold Breaker
|move|p1a: Whirlipede|Toxic|p2a: Throh
|-status|p2a: Throh|tox
|
|-heal|p2a: Throh|94/100 tox|[from] item: Leftovers
|-damage|p2a: Throh|88/100 tox|[from] psn
|-ability|p1a: Whirlipede|Speed Boost|boost
|-boost|p1a: Whirlipede|spe|1
|upkeep
|turn|30
|
|cant|p1a: Whirlipede|par
|move|p2a: Throh|Bulk Up|p2a: Throh
|-boost|p2a: Throh|atk|1
|-boost|p2a: Throh|def|1
|
|-heal|p2a: Throh|94/100 tox|[from] item: Leftovers
|-damage|p2a: Throh|82/100 tox|[from] psn
|-ability|p1a: Whirlipede|Speed Boost|boost
|-boost|p1a: Whirlipede|spe|1
|upkeep
|turn|31
|
|cant|p1a: Whirlipede|par
|move|p2a: Throh|Knock Off|p1a: Whirlipede
|-damage|p1a: Whirlipede|19/100 par
|-enditem|p1a: Whirlipede|Eviolite|[from] move: Knock Off|[of] p2a: Throh
|
|-heal|p2a: Throh|88/100 tox|[from] item: Leftovers
|-damage|p2a: Throh|70/100 tox|[from] psn
|-ability|p1a: Whirlipede|Speed Boost|boost
|-boost|p1a: Whirlipede|spe|1
|upkeep
|turn|32
|
|cant|p1a: Whirlipede|par
|move|p2a: Throh|Knock Off|p1a: Whirlipede
|-damage|p1a: Whirlipede|0 fnt
|faint|p1a: Whirlipede
|
|-heal|p2a: Throh|76/100 tox|[from] item: Leftovers
|-damage|p2a: Throh|52/100 tox|[from] psn
|upkeep
|
|switch|p1a: Trevenant|Trevenant, F|100/100
|-damage|p1a: Trevenant|88/100|[from] Stealth Rock
|turn|33
|
|move|p1a: Trevenant|Wood Hammer|p2a: Throh
|-damage|p2a: Throh|0 fnt
|-damage|p1a: Trevenant|64/100|[from] Recoil
|faint|p2a: Throh
|
|upkeep
|
|switch|p2a: Mr. Rime|Mr. Rime, F|100/100
|turn|34
|
|switch|p1a: Silvally|Silvally-Ice|100/100
|-damage|p1a: Silvally|76/100|[from] Stealth Rock
|move|p2a: Mr. Rime|Freeze-Dry|p1a: Silvally
|-resisted|p1a: Silvally
|-damage|p1a: Silvally|57/100
|
|upkeep
|turn|35
|
|move|p1a: Silvally|Flame Charge|p2a: Mr. Rime
|-supereffective|p2a: Mr. Rime
|-damage|p2a: Mr. Rime|62/100
|-boost|p1a: Silvally|spe|1
|move|p2a: Mr. Rime|Nasty Plot|p2a: Mr. Rime
|-boost|p2a: Mr. Rime|spa|2
|
|upkeep
|turn|36
|
|move|p1a: Silvally|Flame Charge|p2a: Mr. Rime
|-supereffective|p2a: Mr. Rime
|-damage|p2a: Mr. Rime|19/100
|-boost|p1a: Silvally|spe|1
|move|p2a: Mr. Rime|Shadow Ball|p1a: Silvally
|-damage|p1a: Silvally|1/100
|
|upkeep
|turn|37
|
|move|p1a: Silvally|Multi-Attack|p2a: Mr. Rime
|-resisted|p2a: Mr. Rime
|-damage|p2a: Mr. Rime|0 fnt
|faint|p2a: Mr. Rime
|
|upkeep
|
|switch|p2a: Type: Null|Type: Null|49/100
|-damage|p2a: Type: Null|36/100|[from] Spikes
|turn|38
|
|move|p1a: Silvally|Multi-Attack|p2a: Type: Null
|-damage|p2a: Type: Null|5/100
|move|p2a: Type: Null|U-turn|p1a: Silvally
|-damage|p1a: Silvally|0 fnt
|faint|p1a: Silvally
|
|switch|p2a: Togetic|Togetic, F|69/100|[from]move: U-turn
|
|upkeep
|
|switch|p1a: Trevenant|Trevenant, F|64/100
|-damage|p1a: Trevenant|52/100|[from] Stealth Rock
|turn|39
|
|move|p1a: Trevenant|Poltergeist|p2a: Togetic
|-activate|p2a: Togetic|move: Poltergeist|Eviolite
|-damage|p2a: Togetic|0 fnt
|faint|p2a: Togetic
|
|upkeep
|-message|allstarapology forfeited.
|
|win|JudyIsHere
|l|☆allstarapology
|c|☆JudyIsHere|ezZz
|l| uhuhuhu7
