|raw|<div class="broadcast-blue"><strong>This battle is required to be public due to a player having a name starting with 'pult4t2'.</div>
|j|☆DeathOfASusMan
|j|☆PULT4T2 Prod
|t:|1661317373
|gametype|singles
|player|p1|DeathOfASusMan|barry|1237
|player|p2|PULT4T2 Prod|falkner-gen2|1522
|teamsize|p1|6
|teamsize|p2|6
|gen|8
|tier|[Gen 8] PU
|rated|
|rule|Sleep Clause Mod: Limit one foe put to sleep
|rule|Species Clause: Limit one of each Pokémon
|rule|OHKO Clause: OHKO moves are banned
|rule|Evasion Items Clause: Evasion items are banned
|rule|Evasion Moves Clause: Evasion moves are banned
|rule|Endless Battle Clause: Forcing endless battles is banned
|rule|HP Percentage Mod: HP is shown in percentages
|rule|Dynamax Clause: You cannot dynamax
|clearpoke
|poke|p1|Hitmonlee, M|
|poke|p1|Charizard, M|
|poke|p1|Comfey, M|
|poke|p1|Articuno-Galar|
|poke|p1|Quagsire, F|
|poke|p1|Cinccino, F|
|poke|p2|Thwackey, M|
|poke|p2|Hitmonlee, M|
|poke|p2|Swoobat, M|
|poke|p2|Silvally-*|
|poke|p2|Accelgor, M|
|poke|p2|Frosmoth, M|
|teampreview
|j| drey77
|inactive|Battle timer is ON: inactive players will automatically lose when time's up. (requested by PULT4T2 Prod)
|
|t:|1661317381
|start
|switch|p1a: Comfey|Comfey, M|100/100
|switch|p2a: Accelgor|Accelgor, M|100/100
|turn|1
|
|t:|1661317389
|move|p2a: Accelgor|Spikes|p1a: Comfey
|-sidestart|p1: DeathOfASusMan|Spikes
|move|p1a: Comfey|Calm Mind|p1a: Comfey
|-boost|p1a: Comfey|spa|1
|-boost|p1a: Comfey|spd|1
|
|upkeep
|turn|2
|
|t:|1661317394
|move|p2a: Accelgor|Encore|p1a: Comfey
|-start|p1a: Comfey|Encore
|move|p1a: Comfey|Calm Mind|p1a: Comfey
|-boost|p1a: Comfey|spa|1
|-boost|p1a: Comfey|spd|1
|
|upkeep
|turn|3
|
|t:|1661317399
|move|p2a: Accelgor|Yawn|p1a: Comfey
|-start|p1a: Comfey|move: Yawn|[of] p2a: Accelgor
|move|p1a: Comfey|Calm Mind|p1a: Comfey
|-boost|p1a: Comfey|spa|1
|-boost|p1a: Comfey|spd|1
|
|upkeep
|turn|4
|
|t:|1661317405
|move|p2a: Accelgor|Spikes|p1a: Comfey
|-sidestart|p1: DeathOfASusMan|Spikes
|move|p1a: Comfey|Calm Mind|p1a: Comfey
|-boost|p1a: Comfey|spa|1
|-boost|p1a: Comfey|spd|1
|
|-end|p1a: Comfey|Encore
|-end|p1a: Comfey|move: Yawn|[silent]
|-status|p1a: Comfey|slp
|upkeep
|turn|5
|
|t:|1661317414
|cant|p1a: Comfey|slp
|move|p2a: Accelgor|Final Gambit|p1a: Comfey
|-damage|p1a: Comfey|0 fnt
|faint|p2a: Accelgor
|faint|p1a: Comfey
|
|upkeep
|
|t:|1661317424
|switch|p2a: Silvally|Silvally-Ghost|100/100
|switch|p1a: Charizard|Charizard, M, shiny|100/100
|turn|6
|
|t:|1661317429
|move|p1a: Charizard|Flamethrower|p2a: Silvally
|-damage|p2a: Silvally|58/100
|move|p2a: Silvally|Multi-Attack|p1a: Charizard
|-damage|p1a: Charizard|35/100
|
|upkeep
|turn|7
|
|t:|1661317435
|move|p1a: Charizard|Flamethrower|p2a: Silvally
|-damage|p2a: Silvally|13/100
|move|p2a: Silvally|Multi-Attack|p1a: Charizard
|-damage|p1a: Charizard|0 fnt
|faint|p1a: Charizard
|
|upkeep
|
|t:|1661317443
|switch|p1a: Cinccino|Cinccino, F|100/100
|-damage|p1a: Cinccino|84/100|[from] Spikes
|turn|8
|
|t:|1661317452
|move|p1a: Cinccino|Rock Blast|p2a: Silvally
|-damage|p2a: Silvally|2/100
|-damage|p2a: Silvally|0 fnt
|faint|p2a: Silvally
|-hitcount|p2: Silvally|2
|-damage|p1a: Cinccino|74/100|[from] item: Life Orb
|
|upkeep
|
|t:|1661317454
|switch|p2a: Thwackey|Thwackey, M|100/100
|-fieldstart|move: Grassy Terrain|[from] ability: Grassy Surge|[of] p2a: Thwackey
|turn|9
|
|t:|1661317461
|switch|p1a: Articuno|Articuno-Galar|100/100
|move|p2a: Thwackey|Grassy Glide|p1a: Articuno
|-resisted|p1a: Articuno
|-damage|p1a: Articuno|81/100
|
|upkeep
|turn|10
|
|t:|1661317474
|move|p2a: Thwackey|U-turn|p1a: Articuno
|-damage|p1a: Articuno|62/100
|
|t:|1661317475
|switch|p2a: Swoobat|Swoobat, M|100/100|[from]move: U-turn
|-enditem|p2a: Swoobat|Grassy Seed
|-boost|p2a: Swoobat|def|2|[from] item: Grassy Seed
|move|p1a: Articuno|Air Slash|p2a: Swoobat
|-damage|p2a: Swoobat|12/100
|
|upkeep
|turn|11
|
|t:|1661317484
|move|p2a: Swoobat|Heat Wave|p1a: Articuno
|-damage|p1a: Articuno|42/100
|move|p1a: Articuno|Freezing Glare|p2a: Swoobat
|-resisted|p2a: Swoobat
|-damage|p2a: Swoobat|0 fnt
|faint|p2a: Swoobat
|
|upkeep
|
|t:|1661317489
|switch|p2a: Thwackey|Thwackey, M|100/100
|turn|12
|
|t:|1661317495
|move|p2a: Thwackey|Knock Off|p1a: Articuno
|-supereffective|p1a: Articuno
|-damage|p1a: Articuno|0 fnt
|-enditem|p1a: Articuno|Heavy-Duty Boots|[from] move: Knock Off|[of] p2a: Thwackey
|faint|p1a: Articuno
|
|upkeep
|
|t:|1661317501
|switch|p1a: Hitmonlee|Hitmonlee, M|100/100
|-damage|p1a: Hitmonlee|84/100|[from] Spikes
|turn|13
|
|t:|1661317506
|move|p2a: Thwackey|Grassy Glide|p1a: Hitmonlee
|-damage|p1a: Hitmonlee|0 fnt
|faint|p1a: Hitmonlee
|
|upkeep
|
|t:|1661317511
|switch|p1a: Cinccino|Cinccino, F|74/100
|-damage|p1a: Cinccino|58/100|[from] Spikes
|turn|14
|
|t:|1661317516
|move|p2a: Thwackey|Grassy Glide|p1a: Cinccino
|-damage|p1a: Cinccino|0 fnt
|faint|p1a: Cinccino
|
|upkeep
|-message|DeathOfASusMan forfeited.
|
|win|PULT4T2 Prod
|raw|DeathOfASusMan's rating: 1237 &rarr; <strong>1229</strong><br />(-8 for losing)
|raw|PULT4T2 Prod's rating: 1522 &rarr; <strong>1528</strong><br />(+6 for winning)
|l|☆DeathOfASusMan
|l|☆PULT4T2 Prod
