|html|<div class="broadcast-blue"><strong>[Gen 8] PU is currently suspecting Exeggutor-Alola! For information on how to participate check out the <a href="https://www.smogon.com/forums/threads/np-pu-stage-6-hate-to-see-you-k-o-love-to-watch-you-leaf-storm.3686048/">suspect thread</a>.</strong></div>
|j|☆schvetania
|j|☆2turtle
|t:|1624558927
|gametype|singles
|player|p1|schvetania|102|1060
|player|p2|2turtle|hilbert-dueldisk|1235
|teamsize|p1|6
|teamsize|p2|6
|gen|8
|tier|[Gen 8] PU
|rated|
|rule|Sleep Clause Mod: Limit one foe put to sleep
|rule|Species Clause: Limit one of each Pokémon
|rule|OHKO Clause: OHKO moves are banned
|rule|Evasion Moves Clause: Evasion moves are banned
|rule|Endless Battle Clause: Forcing endless battles is banned
|rule|HP Percentage Mod: HP is shown in percentages
|rule|Dynamax Clause: You cannot dynamax
|clearpoke
|poke|p1|Corsola-Galar, M|
|poke|p1|Miltank, F|
|poke|p1|Gallade, M|
|poke|p1|Torkoal, M|
|poke|p1|Bellossom, M|
|poke|p1|Galvantula, M|
|poke|p2|Ludicolo, M|
|poke|p2|Uxie|
|poke|p2|Poliwrath, M|
|poke|p2|Liepard, F|
|poke|p2|Kabutops, F|
|poke|p2|Toxicroak, M|
|teampreview
|inactive|Battle timer is ON: inactive players will automatically lose when time's up. (requested by schvetania)
|
|t:|1624558942
|start
|switch|p1a: Galvantula|Galvantula, M|100/100
|switch|p2a: Uxie|Uxie|100/100
|turn|1
|
|t:|1624558949
|move|p1a: Galvantula|Thunder|p2a: Uxie
|-damage|p2a: Uxie|65/100
|move|p2a: Uxie|Rain Dance|p2a: Uxie
|-weather|RainDance
|
|-weather|RainDance|[upkeep]
|upkeep
|turn|2
|
|t:|1624558955
|move|p1a: Galvantula|Sticky Web|p2a: Uxie
|-sidestart|p2: 2turtle|move: Sticky Web
|move|p2a: Uxie|U-turn|p1a: Galvantula
|-damage|p1a: Galvantula|79/100
|
|t:|1624558959
|switch|p2a: Kabutops|Kabutops, F|100/100|[from]move: U-turn
|-activate|p2a: Kabutops|move: Sticky Web
|-unboost|p2a: Kabutops|spe|1
|
|-weather|RainDance|[upkeep]
|upkeep
|turn|3
|
|t:|1624558989
|switch|p1a: Torkoal|Torkoal, M|100/100
|move|p2a: Kabutops|Stone Edge|p1a: Torkoal|[miss]
|-miss|p2a: Kabutops|p1a: Torkoal
|
|-weather|RainDance|[upkeep]
|upkeep
|turn|4
|
|t:|1624558999
|move|p2a: Kabutops|Flip Turn|p1a: Torkoal
|-supereffective|p1a: Torkoal
|-damage|p1a: Torkoal|12/100
|-damage|p2a: Kabutops|91/100|[from] item: Life Orb
|
|t:|1624559004
|switch|p2a: Uxie|Uxie|65/100|[from]move: Flip Turn
|move|p1a: Torkoal|Scorching Sands|p2a: Uxie
|-immune|p2a: Uxie|[from] ability: Levitate
|
|-weather|RainDance|[upkeep]
|upkeep
|turn|5
|
|t:|1624559012
|move|p2a: Uxie|Psychic|p1a: Torkoal
|-damage|p1a: Torkoal|0 fnt
|faint|p1a: Torkoal
|
|-weather|RainDance|[upkeep]
|upkeep
|
|t:|1624559025
|switch|p1a: Bellossom|Bellossom, M|100/100
|turn|6
|
|t:|1624559030
|move|p2a: Uxie|Yawn|p1a: Bellossom
|-start|p1a: Bellossom|move: Yawn|[of] p2a: Uxie
|move|p1a: Bellossom|Quiver Dance|p1a: Bellossom
|-boost|p1a: Bellossom|spa|1
|-boost|p1a: Bellossom|spd|1
|-boost|p1a: Bellossom|spe|1
|
|-weather|RainDance|[upkeep]
|upkeep
|turn|7
|
|t:|1624559042
|move|p1a: Bellossom|Quiver Dance|p1a: Bellossom
|-boost|p1a: Bellossom|spa|1
|-boost|p1a: Bellossom|spd|1
|-boost|p1a: Bellossom|spe|1
|move|p2a: Uxie|U-turn|p1a: Bellossom
|-supereffective|p1a: Bellossom
|-damage|p1a: Bellossom|72/100
|
|t:|1624559045
|switch|p2a: Poliwrath|Poliwrath, M|100/100|[from]move: U-turn
|-activate|p2a: Poliwrath|move: Sticky Web
|-unboost|p2a: Poliwrath|spe|1
|
|-weather|RainDance|[upkeep]
|-heal|p1a: Bellossom|79/100|[from] item: Leftovers
|-end|p1a: Bellossom|move: Yawn|[silent]
|-status|p1a: Bellossom|slp
|upkeep
|turn|8
|
|t:|1624559055
|cant|p1a: Bellossom|slp
|move|p2a: Poliwrath|Belly Drum|p2a: Poliwrath
|-damage|p2a: Poliwrath|50/100
|-setboost|p2a: Poliwrath|atk|6|[from] move: Belly Drum
|
|-weather|none
|-heal|p1a: Bellossom|85/100 slp|[from] item: Leftovers
|upkeep
|turn|9
|
|t:|1624559062
|cant|p1a: Bellossom|slp
|move|p2a: Poliwrath|Substitute|p2a: Poliwrath
|-start|p2a: Poliwrath|Substitute
|-damage|p2a: Poliwrath|25/100
|-enditem|p2a: Poliwrath|Salac Berry|[eat]
|-boost|p2a: Poliwrath|spe|1|[from] item: Salac Berry
|
|-heal|p1a: Bellossom|91/100 slp|[from] item: Leftovers
|upkeep
|turn|10
|
|t:|1624559069
|cant|p1a: Bellossom|slp
|move|p2a: Poliwrath|Drain Punch|p1a: Bellossom
|-damage|p1a: Bellossom|0 fnt
|-heal|p2a: Poliwrath|66/100|[from] drain|[of] p1a: Bellossom
|faint|p1a: Bellossom
|
|upkeep
|
|t:|1624559077
|switch|p1a: Galvantula|Galvantula, M|79/100
|turn|11
|
|t:|1624559081
|move|p1a: Galvantula|Volt Switch|p2a: Poliwrath
|-supereffective|p2a: Poliwrath
|-end|p2a: Poliwrath|Substitute
|
|t:|1624559091
|switch|p1a: Miltank|Miltank, F|100/100|[from]move: Volt Switch
|move|p2a: Poliwrath|Drain Punch|p1a: Miltank
|-supereffective|p1a: Miltank
|-damage|p1a: Miltank|0 fnt
|-heal|p2a: Poliwrath|100/100|[from] drain|[of] p1a: Miltank
|faint|p1a: Miltank
|
|upkeep
|
|t:|1624559099
|switch|p1a: Galvantula|Galvantula, M|79/100
|turn|12
|
|t:|1624559103
|move|p1a: Galvantula|Thunder|p2a: Poliwrath
|-supereffective|p2a: Poliwrath
|-damage|p2a: Poliwrath|0 fnt
|faint|p2a: Poliwrath
|
|upkeep
|
|t:|1624559119
|switch|p2a: Uxie|Uxie|65/100
|turn|13
|
|t:|1624559128
|move|p1a: Galvantula|Volt Switch|p2a: Uxie
|-damage|p2a: Uxie|43/100
|
|t:|1624559130
|switch|p1a: Corsola|Corsola-Galar, M|100/100|[from]move: Volt Switch
|move|p2a: Uxie|Rain Dance|p2a: Uxie
|-weather|RainDance
|
|-weather|RainDance|[upkeep]
|upkeep
|turn|14
|
|t:|1624559137
|move|p2a: Uxie|Yawn|p1a: Corsola
|-start|p1a: Corsola|move: Yawn|[of] p2a: Uxie
|move|p1a: Corsola|Reflect|p1a: Corsola
|-sidestart|p1: schvetania|Reflect
|
|-weather|RainDance|[upkeep]
|upkeep
|turn|15
|
|t:|1624559147
|switch|p1a: Galvantula|Galvantula, M|79/100
|move|p2a: Uxie|U-turn|p1a: Galvantula
|-damage|p1a: Galvantula|69/100
|
|t:|1624559154
|switch|p2a: Ludicolo|Ludicolo, M|100/100|[from]move: U-turn
|-activate|p2a: Ludicolo|move: Sticky Web
|-unboost|p2a: Ludicolo|spe|1
|
|-weather|RainDance|[upkeep]
|upkeep
|turn|16
|
|t:|1624559161
|move|p1a: Galvantula|Volt Switch|p2a: Ludicolo
|-crit|p2a: Ludicolo
|-damage|p2a: Ludicolo|50/100
|
|t:|1624559165
|switch|p1a: Corsola|Corsola-Galar, M|100/100|[from]move: Volt Switch
|move|p2a: Ludicolo|Hydro Pump|p1a: Corsola
|-damage|p1a: Corsola|38/100
|-start|p2a: Ludicolo|Disable|Hydro Pump|[from] ability: Cursed Body|[of] p1a: Corsola
|-damage|p2a: Ludicolo|40/100|[from] item: Life Orb
|
|-weather|RainDance|[upkeep]
|upkeep
|turn|17
|
|t:|1624559180
|switch|p2a: Liepard|Liepard, F|100/100
|-activate|p2a: Liepard|move: Sticky Web
|-unboost|p2a: Liepard|spe|1
|move|p1a: Corsola|Strength Sap|p2a: Liepard
|-unboost|p2a: Liepard|atk|1
|-heal|p1a: Corsola|100/100
|
|-weather|RainDance|[upkeep]
|upkeep
|turn|18
|
|t:|1624559189
|switch|p1a: Gallade|Gallade, M|100/100
|move|p2a: Liepard|Encore||[still]
|-fail|p2a: Liepard
|
|-weather|RainDance|[upkeep]
|-sideend|p1: schvetania|Reflect
|upkeep
|turn|19
|
|t:|1624559201
|switch|p2a: Uxie|Uxie|43/100
|move|p1a: Gallade|Close Combat|p2a: Uxie
|-resisted|p2a: Uxie
|-damage|p2a: Uxie|22/100
|-unboost|p1a: Gallade|def|1
|-unboost|p1a: Gallade|spd|1
|
|-weather|RainDance|[upkeep]
|upkeep
|turn|20
|
|t:|1624559210
|move|p1a: Gallade|Shadow Sneak|p2a: Uxie
|-supereffective|p2a: Uxie
|-damage|p2a: Uxie|3/100
|move|p2a: Uxie|Psychic|p1a: Gallade
|-damage|p1a: Gallade|74/100
|
|-weather|none
|upkeep
|turn|21
|
|t:|1624559219
|move|p1a: Gallade|Shadow Sneak|p2a: Uxie
|-supereffective|p2a: Uxie
|-damage|p2a: Uxie|0 fnt
|faint|p2a: Uxie
|
|upkeep
|
|t:|1624559230
|switch|p2a: Liepard|Liepard, F|100/100
|-activate|p2a: Liepard|move: Sticky Web
|-unboost|p2a: Liepard|spe|1
|turn|22
|
|t:|1624559235
|move|p2a: Liepard|Rain Dance|p2a: Liepard
|-weather|RainDance
|move|p1a: Gallade|Close Combat|p2a: Liepard
|-supereffective|p2a: Liepard
|-damage|p2a: Liepard|0 fnt
|-unboost|p1a: Gallade|def|1
|-unboost|p1a: Gallade|spd|1
|faint|p2a: Liepard
|
|-weather|RainDance|[upkeep]
|upkeep
|
|t:|1624559256
|switch|p2a: Toxicroak|Toxicroak, M|100/100
|-activate|p2a: Toxicroak|move: Sticky Web
|-unboost|p2a: Toxicroak|spe|1
|turn|23
|
|t:|1624559272
|move|p1a: Gallade|Psycho Cut|p2a: Toxicroak
|-supereffective|p2a: Toxicroak
|-damage|p2a: Toxicroak|0 fnt
|faint|p2a: Toxicroak
|
|-weather|RainDance|[upkeep]
|upkeep
|
|t:|1624559275
|switch|p2a: Kabutops|Kabutops, F|91/100
|-activate|p2a: Kabutops|move: Sticky Web
|-unboost|p2a: Kabutops|spe|1
|turn|24
|
|t:|1624559283
|switch|p1a: Corsola|Corsola-Galar, M|100/100
|move|p2a: Kabutops|Flip Turn|p1a: Corsola
|-damage|p1a: Corsola|60/100
|-damage|p2a: Kabutops|81/100|[from] item: Life Orb
|
|t:|1624559286
|switch|p2a: Ludicolo|Ludicolo, M|40/100|[from]move: Flip Turn
|-activate|p2a: Ludicolo|move: Sticky Web
|-unboost|p2a: Ludicolo|spe|1
|
|-weather|RainDance|[upkeep]
|upkeep
|turn|25
|
|t:|1624559295
|move|p2a: Ludicolo|Hydro Pump|p1a: Corsola
|-damage|p1a: Corsola|0 fnt
|faint|p1a: Corsola
|-damage|p2a: Ludicolo|30/100|[from] item: Life Orb
|
|-weather|RainDance|[upkeep]
|upkeep
|
|t:|1624559316
|switch|p1a: Gallade|Gallade, M|74/100
|turn|26
|
|t:|1624559326
|move|p1a: Gallade|Shadow Sneak|p2a: Ludicolo
|-damage|p2a: Ludicolo|10/100
|move|p2a: Ludicolo|Hydro Pump|p1a: Gallade
|-damage|p1a: Gallade|0 fnt
|faint|p1a: Gallade
|-damage|p2a: Ludicolo|0 fnt|[from] item: Life Orb
|faint|p2a: Ludicolo
|
|-weather|RainDance|[upkeep]
|upkeep
|
|t:|1624559334
|switch|p1a: Galvantula|Galvantula, M|69/100
|switch|p2a: Kabutops|Kabutops, F|81/100
|-activate|p2a: Kabutops|move: Sticky Web
|-unboost|p2a: Kabutops|spe|1
|turn|27
|
|t:|1624559342
|move|p1a: Galvantula|Energy Ball|p2a: Kabutops
|-supereffective|p2a: Kabutops
|-damage|p2a: Kabutops|0 fnt
|faint|p2a: Kabutops
|
|win|schvetania
|l|☆2turtle
|raw|schvetania's rating: 1059 &rarr; <strong>1105</strong><br />(+46 for winning)
|raw|2turtle's rating: 1235 &rarr; <strong>1198</strong><br />(-37 for losing)
||Ladder isn't responding, score probably updated but might not have (Request timeout).
