|j|☆firewhelk
|j|☆Roonie217
|t:|1633043024
|gametype|singles
|player|p1|firewhelk|clown|1580
|player|p2|Roonie217|flannery|1596
|teamsize|p1|6
|teamsize|p2|6
|gen|8
|tier|[Gen 8] PU
|rated|
|rule|Sleep Clause Mod: Limit one foe put to sleep
|rule|Species Clause: Limit one of each Pokémon
|rule|OHKO Clause: OHKO moves are banned
|rule|Evasion Moves Clause: Evasion moves are banned
|rule|Endless Battle Clause: Forcing endless battles is banned
|rule|HP Percentage Mod: HP is shown in percentages
|rule|Dynamax Clause: You cannot dynamax
|clearpoke
|poke|p1|Flapple, F|
|poke|p1|Lunatone|
|poke|p1|Togedemaru, M|
|poke|p1|Cryogonal|
|poke|p1|Quagsire, M|
|poke|p1|Charizard, M|
|poke|p2|Regirock|
|poke|p2|Togedemaru, M|
|poke|p2|Tsareena, F|
|poke|p2|Jellicent, M|
|poke|p2|Articuno-Galar|
|poke|p2|Druddigon, M|
|teampreview
|c|☆firewhelk|glhf
|c|☆Roonie217|gl hf
|
|t:|1633043043
|start
|switch|p1a: Lunatone|Lunatone|100/100
|switch|p2a: Articuno|Articuno-Galar|100/100
|turn|1
|
|t:|1633043047
|switch|p2a: Tsareena|Tsareena, F|100/100
|move|p1a: Lunatone|Stealth Rock|p2a: Tsareena
|-sidestart|p2: Roonie217|move: Stealth Rock
|
|upkeep
|turn|2
|
|t:|1633043053
|switch|p1a: Togedemaru|Togedemaru, M|100/100
|move|p2a: Tsareena|Knock Off|p1a: Togedemaru
|-damage|p1a: Togedemaru|69/100
|-damage|p2a: Tsareena|88/100|[from] ability: Iron Barbs|[of] p1a: Togedemaru
|
|upkeep
|turn|3
|
|t:|1633043057
|move|p2a: Tsareena|Rapid Spin|p1a: Togedemaru
|-resisted|p1a: Togedemaru
|-damage|p1a: Togedemaru|56/100
|-boost|p2a: Tsareena|spe|1
|-damage|p2a: Tsareena|76/100|[from] ability: Iron Barbs|[of] p1a: Togedemaru
|-sideend|p2: Roonie217|Stealth Rock|[from] move: Rapid Spin|[of] p2a: Tsareena
|move|p1a: Togedemaru|Iron Head|p2a: Tsareena
|-damage|p2a: Tsareena|43/100
|
|upkeep
|turn|4
|
|t:|1633043061
|move|p2a: Tsareena|Synthesis|p2a: Tsareena
|-heal|p2a: Tsareena|93/100
|move|p1a: Togedemaru|Wish|p1a: Togedemaru
|
|upkeep
|turn|5
|
|t:|1633043068
|move|p2a: Tsareena|Knock Off|p1a: Togedemaru
|-damage|p1a: Togedemaru|25/100
|-damage|p2a: Tsareena|80/100|[from] ability: Iron Barbs|[of] p1a: Togedemaru
|move|p1a: Togedemaru|Iron Head|p2a: Tsareena
|-damage|p2a: Tsareena|49/100
|
|-heal|p1a: Togedemaru|75/100|[from] move: Wish|[wisher] Togedemaru
|upkeep
|turn|6
|
|t:|1633043078
|switch|p2a: Druddigon|Druddigon, M|100/100
|move|p1a: Togedemaru|U-turn|p2a: Druddigon
|-crit|p2a: Druddigon
|-damage|p2a: Druddigon|83/100
|-damage|p1a: Togedemaru|62/100|[from] ability: Rough Skin|[of] p2a: Druddigon
|-damage|p1a: Togedemaru|46/100|[from] item: Rocky Helmet|[of] p2a: Druddigon
|
|t:|1633043084
|switch|p1a: Flapple|Flapple, F|100/100|[from]move: U-turn
|
|upkeep
|turn|7
|
|t:|1633043089
|switch|p2a: Togedemaru|Togedemaru, M|100/100
|move|p1a: Flapple|Draco Meteor|p2a: Togedemaru
|-resisted|p2a: Togedemaru
|-damage|p2a: Togedemaru|46/100
|-unboost|p1a: Flapple|spa|2
|-damage|p1a: Flapple|91/100|[from] item: Life Orb
|
|upkeep
|turn|8
|
|t:|1633043094
|move|p2a: Togedemaru|Toxic|p1a: Flapple|[miss]
|-miss|p2a: Togedemaru|p1a: Flapple
|move|p1a: Flapple|Grav Apple|p2a: Togedemaru
|-resisted|p2a: Togedemaru
|-damage|p2a: Togedemaru|0 fnt
|faint|p2a: Togedemaru
|-damage|p1a: Flapple|81/100|[from] item: Life Orb
|
|upkeep
|
|t:|1633043101
|switch|p2a: Tsareena|Tsareena, F|49/100
|turn|9
|
|t:|1633043113
|switch|p1a: Charizard|Charizard, M|100/100
|move|p2a: Tsareena|Synthesis|p2a: Tsareena
|-heal|p2a: Tsareena|99/100
|
|upkeep
|turn|10
|
|t:|1633043118
|switch|p2a: Jellicent|Jellicent, M|100/100
|move|p1a: Charizard|Toxic|p2a: Jellicent
|-status|p2a: Jellicent|tox
|
|-damage|p2a: Jellicent|94/100 tox|[from] psn
|upkeep
|turn|11
|
|t:|1633043123
|switch|p1a: Cryogonal|Cryogonal|100/100
|move|p2a: Jellicent|Will-O-Wisp|p1a: Cryogonal
|-status|p1a: Cryogonal|brn
|
|-damage|p2a: Jellicent|82/100 tox|[from] psn
|-damage|p1a: Cryogonal|94/100 brn|[from] brn
|upkeep
|turn|12
|
|t:|1633043125
|switch|p2a: Articuno|Articuno-Galar|100/100
|move|p1a: Cryogonal|Freeze-Dry|p2a: Articuno
|-supereffective|p2a: Articuno
|-damage|p2a: Articuno|40/100
|
|-damage|p1a: Cryogonal|88/100 brn|[from] brn
|upkeep
|turn|13
|
|t:|1633043128
|move|p1a: Cryogonal|Ice Beam|p2a: Articuno
|-supereffective|p2a: Articuno
|-damage|p2a: Articuno|0 fnt
|faint|p2a: Articuno
|
|-damage|p1a: Cryogonal|82/100 brn|[from] brn
|upkeep
|
|t:|1633043130
|switch|p2a: Regirock|Regirock|100/100
|turn|14
|j| UHTIMDA
|
|t:|1633043139
|switch|p1a: Quagsire|Quagsire, M|100/100
|move|p2a: Regirock|Body Press|p1a: Quagsire
|-damage|p1a: Quagsire|73/100
|
|upkeep
|turn|15
|
|t:|1633043141
|switch|p2a: Tsareena|Tsareena, F|99/100
|move|p1a: Quagsire|Earthquake|p2a: Tsareena
|-resisted|p2a: Tsareena
|-damage|p2a: Tsareena|81/100
|
|upkeep
|turn|16
|
|t:|1633043147
|switch|p1a: Charizard|Charizard, M|100/100
|move|p2a: Tsareena|Knock Off|p1a: Charizard
|-damage|p1a: Charizard|59/100
|-enditem|p1a: Charizard|Heavy-Duty Boots|[from] move: Knock Off|[of] p2a: Tsareena
|
|upkeep
|turn|17
|
|t:|1633043156
|move|p1a: Charizard|Flamethrower|p2a: Tsareena
|-supereffective|p2a: Tsareena
|-damage|p2a: Tsareena|0 fnt
|faint|p2a: Tsareena
|
|upkeep
|
|t:|1633043159
|switch|p2a: Druddigon|Druddigon, M|83/100
|turn|18
|
|t:|1633043162
|move|p1a: Charizard|Hurricane|p2a: Druddigon
|-damage|p2a: Druddigon|32/100
|move|p2a: Druddigon|Stealth Rock|p1a: Charizard
|-sidestart|p1: firewhelk|move: Stealth Rock
|
|upkeep
|turn|19
|
|t:|1633043167
|move|p1a: Charizard|Hurricane|p2a: Druddigon
|-damage|p2a: Druddigon|0 fnt
|faint|p2a: Druddigon
|
|upkeep
|
|t:|1633043171
|switch|p2a: Regirock|Regirock|100/100
|turn|20
|
|t:|1633043174
|move|p1a: Charizard|Toxic|p2a: Regirock
|-status|p2a: Regirock|tox
|move|p2a: Regirock|Body Press|p1a: Charizard
|-resisted|p1a: Charizard
|-damage|p1a: Charizard|30/100
|
|-damage|p2a: Regirock|94/100 tox|[from] psn
|upkeep
|turn|21
|c|☆Roonie217|gg
|c|☆firewhelk|gg
|-message|Roonie217 forfeited.
|
|win|firewhelk
|raw|firewhelk's rating: 1580 &rarr; <strong>1601</strong><br />(+21 for winning)
|raw|Roonie217's rating: 1596 &rarr; <strong>1575</strong><br />(-21 for losing)
|l|☆Roonie217
