|j|☆drud ladder pu 2
|j|☆Oi Nega
|t:|1616860604
|player|p1|drud ladder pu 2|richboy-gen4|1341
|player|p2|Oi Nega|erika|1166
|teamsize|p1|6
|teamsize|p2|6
|gametype|singles
|gen|8
|tier|[Gen 8] PU
|rated|
|clearpoke
|poke|p1|Runerigus, M|
|poke|p1|Musharna, F|
|poke|p1|Poliwrath, F|
|poke|p1|Magneton|
|poke|p1|Archeops, M|
|poke|p1|Frosmoth, M|
|poke|p2|Aggron, F|
|poke|p2|Gallade, M|
|poke|p2|Weezing, M|
|poke|p2|Haunter, F|
|poke|p2|Froslass, F|
|poke|p2|Virizion|
|rule|Sleep Clause Mod: Limit one foe put to sleep
|rule|Species Clause: Limit one of each Pokémon
|rule|OHKO Clause: OHKO moves are banned
|rule|Evasion Moves Clause: Evasion moves are banned
|rule|Endless Battle Clause: Forcing endless battles is banned
|rule|HP Percentage Mod: HP is shown in percentages
|rule|Dynamax Clause: You cannot dynamax
|teampreview
|
|t:|1616860619
|start
|switch|p1a: Musharna|Musharna, F|100/100
|switch|p2a: Virizion|Virizion|100/100
|turn|1
|
|t:|1616860626
|switch|p2a: Aggron|Aggron, F|100/100
|move|p1a: Musharna|Yawn|p2a: Aggron
|-start|p2a: Aggron|move: Yawn|[of] p1a: Musharna
|
|upkeep
|turn|2
|
|t:|1616860634
|switch|p2a: DaEsquina|Froslass, F|100/100
|switch|p1a: Runerigus|Runerigus, M|100/100
|
|upkeep
|turn|3
|
|t:|1616860640
|switch|p1a: Frosmoth|Frosmoth, M|100/100
|move|p2a: DaEsquina|Will-O-Wisp|p1a: Frosmoth
|-status|p1a: Frosmoth|brn
|
|-damage|p1a: Frosmoth|94/100 brn|[from] brn
|upkeep
|turn|4
|
|t:|1616860646
|move|p2a: DaEsquina|Taunt|p1a: Frosmoth
|-start|p1a: Frosmoth|move: Taunt
|move|p1a: Frosmoth|Ice Beam|p2a: DaEsquina
|-resisted|p2a: DaEsquina
|-damage|p2a: DaEsquina|74/100
|
|-damage|p1a: Frosmoth|88/100 brn|[from] brn
|upkeep
|turn|5
|
|t:|1616860652
|move|p2a: DaEsquina|Spikes|p1a: Frosmoth
|-sidestart|p1: drud ladder pu 2|Spikes
|move|p1a: Frosmoth|U-turn|p2a: DaEsquina
|-resisted|p2a: DaEsquina
|-damage|p2a: DaEsquina|69/100
|
|t:|1616860659
|switch|p1a: Archeops|Archeops, M|100/100|[from]move: U-turn
|
|upkeep
|turn|6
|
|t:|1616860663
|move|p1a: Archeops|Stone Edge|p2a: DaEsquina
|-supereffective|p2a: DaEsquina
|-damage|p2a: DaEsquina|0 fnt
|faint|p2a: DaEsquina
|
|upkeep
|
|t:|1616860668
|switch|p2a: Aggron|Aggron, F|100/100
|turn|7
|
|t:|1616860695
|move|p1a: Archeops|U-turn|p2a: Aggron
|-resisted|p2a: Aggron
|-damage|p2a: Aggron|94/100
|
|t:|1616860698
|switch|p1a: Magneton|Magneton|100/100|[from]move: U-turn
|-damage|p1a: Magneton|88/100|[from] Spikes
|move|p2a: Aggron|Heavy Slam|p1a: Magneton
|-resisted|p1a: Magneton
|-damage|p1a: Magneton|79/100
|
|upkeep
|turn|8
|
|t:|1616860771
|move|p1a: Magneton|Rain Dance|p1a: Magneton
|-weather|RainDance
|move|p2a: Aggron|Earthquake|p1a: Magneton
|-supereffective|p1a: Magneton
|-damage|p1a: Magneton|0 fnt
|faint|p1a: Magneton
|
|-weather|RainDance|[upkeep]
|upkeep
|
|t:|1616860775
|switch|p1a: Poliwrath|Poliwrath, F|100/100
|-damage|p1a: Poliwrath|88/100|[from] Spikes
|turn|9
|
|t:|1616860781
|switch|p2a: Coronga Virus|Weezing, M|100/100
|move|p1a: Poliwrath|Substitute|p1a: Poliwrath
|-start|p1a: Poliwrath|Substitute
|-damage|p1a: Poliwrath|63/100
|
|-weather|RainDance|[upkeep]
|upkeep
|turn|10
|
|t:|1616860786
|move|p1a: Poliwrath|Belly Drum|p1a: Poliwrath
|-damage|p1a: Poliwrath|13/100
|-setboost|p1a: Poliwrath|atk|6|[from] move: Belly Drum
|-enditem|p1a: Poliwrath|Salac Berry|[eat]
|-boost|p1a: Poliwrath|spe|1|[from] item: Salac Berry
|move|p2a: Coronga Virus|Sludge Bomb|p1a: Poliwrath
|-end|p1a: Poliwrath|Substitute
|
|-weather|RainDance|[upkeep]
|upkeep
|turn|11
|
|t:|1616860795
|move|p1a: Poliwrath|Liquidation|p2a: Coronga Virus
|-damage|p2a: Coronga Virus|0 fnt
|faint|p2a: Coronga Virus
|
|-weather|RainDance|[upkeep]
|upkeep
|
|t:|1616860799
|switch|p2a: Gallade|Gallade, M|100/100
|turn|12
|j| BigConns
|
|t:|1616860821
|move|p2a: Gallade|Shadow Sneak|p1a: Poliwrath
|-damage|p1a: Poliwrath|0 fnt
|faint|p1a: Poliwrath
|
|-weather|RainDance|[upkeep]
|upkeep
|
|t:|1616860826
|switch|p1a: Archeops|Archeops, M|100/100
|turn|13
|
|t:|1616860834
|switch|p2a: Aggron|Aggron, F|94/100
|move|p1a: Archeops|Dual Wingbeat|p2a: Aggron
|-resisted|p2a: Aggron
|-damage|p2a: Aggron|92/100
|-resisted|p2a: Aggron
|-damage|p2a: Aggron|89/100
|-hitcount|p2a: Aggron|2
|
|-weather|RainDance|[upkeep]
|upkeep
|turn|14
|
|t:|1616860857
|move|p1a: Archeops|U-turn|p2a: Aggron
|-resisted|p2a: Aggron
|-damage|p2a: Aggron|83/100
|
|t:|1616860858
|switch|p1a: Runerigus|Runerigus, M|100/100|[from]move: U-turn
|-damage|p1a: Runerigus|88/100|[from] Spikes
|move|p2a: Aggron|Heavy Slam|p1a: Runerigus
|-damage|p1a: Runerigus|57/100
|-activate|p1a: Runerigus|ability: Wandering Spirit|Rock Head|Wandering Spirit|[of] p2a: Aggron
|-enditem|p1a: Runerigus|Eject Button
|
|t:|1616860863
|switch|p1a: Musharna|Musharna, F|100/100
|-damage|p1a: Musharna|88/100|[from] Spikes
|
|-weather|RainDance|[upkeep]
|upkeep
|turn|15
|
|t:|1616860876
|move|p2a: Aggron|Heavy Slam|p1a: Musharna
|-damage|p1a: Musharna|61/100
|move|p1a: Musharna|Yawn|p2a: Aggron
|-start|p2a: Aggron|move: Yawn|[of] p1a: Musharna
|
|-weather|none
|upkeep
|turn|16
|
|t:|1616860889
|switch|p2a: DoutorAguinaldo|Haunter, F|100/100
|move|p1a: Musharna|Future Sight|p2a: DoutorAguinaldo
|-start|p1a: Musharna|move: Future Sight
|
|upkeep
|turn|17
|
|t:|1616860897
|switch|p1a: Frosmoth|Frosmoth, M|88/100 brn
|move|p2a: DoutorAguinaldo|Encore||[still]
|-fail|p2a: DoutorAguinaldo
|
|-damage|p1a: Frosmoth|82/100 brn|[from] brn
|upkeep
|turn|18
|
|t:|1616860909
|switch|p2a: Aggron|Aggron, F|83/100
|move|p1a: Frosmoth|Ice Beam|p2a: Aggron
|-resisted|p2a: Aggron
|-damage|p2a: Aggron|57/100
|
|-end|p2a: Aggron|move: Future Sight
|-resisted|p2a: Aggron
|-damage|p2a: Aggron|33/100
|-damage|p1a: Frosmoth|76/100 brn|[from] brn
|upkeep
|turn|19
|
|t:|1616860919
|switch|p1a: Runerigus|Runerigus, M|57/100
|-damage|p1a: Runerigus|45/100|[from] Spikes
|move|p2a: Aggron|Heavy Slam|p1a: Runerigus
|-damage|p1a: Runerigus|11/100
|-activate|p1a: Runerigus|ability: Wandering Spirit|Rock Head|Wandering Spirit|[of] p2a: Aggron
|
|upkeep
|turn|20
|
|t:|1616860927
|move|p2a: Aggron|Heavy Slam|p1a: Runerigus
|-damage|p1a: Runerigus|0 fnt
|faint|p1a: Runerigus
|
|upkeep
|
|t:|1616860931
|switch|p1a: Musharna|Musharna, F|61/100
|-damage|p1a: Musharna|49/100|[from] Spikes
|turn|21
|
|t:|1616860935
|switch|p2a: DoutorAguinaldo|Haunter, F|100/100
|move|p1a: Musharna|Moonlight|p1a: Musharna
|-heal|p1a: Musharna|99/100
|
|upkeep
|turn|22
|
|t:|1616860940
|switch|p1a: Frosmoth|Frosmoth, M|76/100 brn
|move|p2a: DoutorAguinaldo|Encore||[still]
|-fail|p2a: DoutorAguinaldo
|
|-damage|p1a: Frosmoth|70/100 brn|[from] brn
|upkeep
|turn|23
|
|t:|1616860945
|move|p2a: DoutorAguinaldo|Hex|p1a: Frosmoth
|-damage|p1a: Frosmoth|36/100 brn
|move|p1a: Frosmoth|U-turn|p2a: DoutorAguinaldo
|-resisted|p2a: DoutorAguinaldo
|-damage|p2a: DoutorAguinaldo|95/100
|
|t:|1616860948
|switch|p1a: Archeops|Archeops, M|100/100|[from]move: U-turn
|
|upkeep
|turn|24
|
|t:|1616860953
|switch|p2a: Aggron|Aggron, F|33/100
|move|p1a: Archeops|Stone Edge|p2a: Aggron
|-resisted|p2a: Aggron
|-damage|p2a: Aggron|19/100
|
|upkeep
|turn|25
|-enditem|p2a: Aggron|Custap Berry|[eat]
|-activate|p2a: Aggron|item: Custap Berry|[consumed]
|
|t:|1616860959
|move|p2a: Aggron|Heavy Slam|p1a: Archeops
|-supereffective|p1a: Archeops
|-damage|p1a: Archeops|0 fnt
|faint|p1a: Archeops
|
|upkeep
|-message|drud ladder pu 2 forfeited.
|
|win|Oi Nega
|raw|drud ladder pu 2's rating: 1341 &rarr; <strong>1312</strong><br />(-29 for losing)
|raw|Oi Nega's rating: 1166 &rarr; <strong>1203</strong><br />(+37 for winning)
|l|☆drud ladder pu 2
||Ladder isn't responding, score probably updated but might not have (Request timeout).
