|j|☆ayo bb
|j|☆Whattodorandom
|t:|1619609724
|gametype|singles
|player|p1|ayo bb|102|1561
|player|p2|Whattodorandom|101|1332
|teamsize|p1|6
|teamsize|p2|6
|gen|8
|tier|[Gen 8] PU
|rated|
|clearpoke
|poke|p1|Drednaw, F|
|poke|p1|Gigalith, M|
|poke|p1|Aromatisse, F|
|poke|p1|Stunfisk-Galar, F|
|poke|p1|Flapple, M|
|poke|p1|Golbat, M|
|poke|p2|Galvantula, M|
|poke|p2|Cinccino, F|
|poke|p2|Garbodor, M|
|poke|p2|Swoobat, F|
|poke|p2|Frosmoth, M|
|poke|p2|Rhydon, M|
|rule|Sleep Clause Mod: Limit one foe put to sleep
|rule|Species Clause: Limit one of each Pokémon
|rule|OHKO Clause: OHKO moves are banned
|rule|Evasion Moves Clause: Evasion moves are banned
|rule|Endless Battle Clause: Forcing endless battles is banned
|rule|HP Percentage Mod: HP is shown in percentages
|rule|Dynamax Clause: You cannot dynamax
|teampreview
|
|t:|1619609734
|start
|switch|p1a: Stunfisk|Stunfisk-Galar, F|100/100
|switch|p2a: stikky|Galvantula, M|100/100
|turn|1
|
|t:|1619609744
|move|p2a: stikky|Sticky Web|p1a: Stunfisk
|-sidestart|p1: ayo bb|move: Sticky Web
|move|p1a: Stunfisk|Snap Trap|p2a: stikky
|-resisted|p2a: stikky
|-damage|p2a: stikky|95/100
|-activate|p2a: stikky|move: Snap Trap|[of] p1a: Stunfisk
|
|-damage|p2a: stikky|82/100|[from] move: Snap Trap|[partiallytrapped]
|upkeep
|turn|2
|
|t:|1619609751
|move|p2a: stikky|Bug Buzz|p1a: Stunfisk
|-resisted|p1a: Stunfisk
|-damage|p1a: Stunfisk|83/100
|move|p1a: Stunfisk|Earthquake|p2a: stikky
|-damage|p2a: stikky|27/100
|
|-heal|p1a: Stunfisk|89/100|[from] item: Leftovers
|-damage|p2a: stikky|15/100|[from] move: Snap Trap|[partiallytrapped]
|upkeep
|turn|3
|
|t:|1619609760
|move|p1a: Stunfisk|Protect|p1a: Stunfisk
|-singleturn|p1a: Stunfisk|Protect
|move|p2a: stikky|Bug Buzz|p1a: Stunfisk
|-activate|p1a: Stunfisk|move: Protect
|
|-heal|p1a: Stunfisk|95/100|[from] item: Leftovers
|-damage|p2a: stikky|2/100|[from] move: Snap Trap|[partiallytrapped]
|upkeep
|turn|4
|
|t:|1619609766
|move|p2a: stikky|Bug Buzz|p1a: Stunfisk
|-resisted|p1a: Stunfisk
|-damage|p1a: Stunfisk|76/100
|move|p1a: Stunfisk|Earthquake|p2a: stikky
|-damage|p2a: stikky|0 fnt
|faint|p2a: stikky
|
|-heal|p1a: Stunfisk|82/100|[from] item: Leftovers
|upkeep
|
|t:|1619609793
|switch|p2a: rocks stop|Frosmoth, M|100/100
|turn|5
|
|t:|1619609798
|switch|p1a: Gigalith|Gigalith, M|100/100
|-activate|p1a: Gigalith|move: Sticky Web
|-unboost|p1a: Gigalith|spe|1
|-weather|Sandstorm|[from] ability: Sand Stream|[of] p1a: Gigalith
|move|p2a: rocks stop|Quiver Dance|p2a: rocks stop
|-boost|p2a: rocks stop|spa|1
|-boost|p2a: rocks stop|spd|1
|-boost|p2a: rocks stop|spe|1
|
|-weather|Sandstorm|[upkeep]
|-damage|p2a: rocks stop|94/100|[from] Sandstorm
|upkeep
|turn|6
|
|t:|1619609808
|move|p2a: rocks stop|Giga Drain|p1a: Gigalith
|-supereffective|p1a: Gigalith
|-damage|p1a: Gigalith|55/100
|-heal|p2a: rocks stop|100/100|[from] drain|[of] p1a: Gigalith
|move|p1a: Gigalith|Rock Blast|p2a: rocks stop|[miss]
|-miss|p1a: Gigalith|p2a: rocks stop
|
|-weather|Sandstorm|[upkeep]
|-damage|p2a: rocks stop|94/100|[from] Sandstorm
|-heal|p1a: Gigalith|61/100|[from] item: Leftovers
|upkeep
|turn|7
|
|t:|1619609816
|move|p1a: Gigalith|Protect|p1a: Gigalith
|-singleturn|p1a: Gigalith|Protect
|move|p2a: rocks stop|Giga Drain|p1a: Gigalith
|-activate|p1a: Gigalith|move: Protect
|
|-weather|Sandstorm|[upkeep]
|-damage|p2a: rocks stop|88/100|[from] Sandstorm
|-heal|p1a: Gigalith|67/100|[from] item: Leftovers
|upkeep
|turn|8
|
|t:|1619609821
|move|p2a: rocks stop|Giga Drain|p1a: Gigalith
|-supereffective|p1a: Gigalith
|-damage|p1a: Gigalith|26/100
|-heal|p2a: rocks stop|100/100|[from] drain|[of] p1a: Gigalith
|move|p1a: Gigalith|Rock Blast|p2a: rocks stop|[miss]
|-miss|p1a: Gigalith|p2a: rocks stop
|
|-weather|Sandstorm|[upkeep]
|-damage|p2a: rocks stop|94/100|[from] Sandstorm
|-heal|p1a: Gigalith|32/100|[from] item: Leftovers
|upkeep
|turn|9
|c|☆ayo bb|:(
|
|t:|1619609833
|move|p2a: rocks stop|Giga Drain|p1a: Gigalith
|-supereffective|p1a: Gigalith
|-damage|p1a: Gigalith|0 fnt
|-heal|p2a: rocks stop|100/100|[from] drain|[of] p1a: Gigalith
|faint|p1a: Gigalith
|
|-weather|none
|upkeep
|
|t:|1619609839
|switch|p1a: Stunfisk|Stunfisk-Galar, F|82/100
|-activate|p1a: Stunfisk|move: Sticky Web
|-unboost|p1a: Stunfisk|spe|1
|turn|10
|
|t:|1619609845
|move|p2a: rocks stop|Ice Beam|p1a: Stunfisk
|-damage|p1a: Stunfisk|16/100
|move|p1a: Stunfisk|Yawn|p2a: rocks stop
|-start|p2a: rocks stop|move: Yawn|[of] p1a: Stunfisk
|
|-heal|p1a: Stunfisk|23/100|[from] item: Leftovers
|upkeep
|turn|11
|
|t:|1619609852
|switch|p1a: Golbat|Golbat, M|100/100
|move|p2a: rocks stop|Ice Beam|p1a: Golbat
|-supereffective|p1a: Golbat
|-damage|p1a: Golbat|0 fnt
|faint|p1a: Golbat
|
|-end|p2a: rocks stop|move: Yawn|[silent]
|-status|p2a: rocks stop|slp
|upkeep
|
|t:|1619609854
|switch|p1a: Drednaw|Drednaw, F|100/100
|-activate|p1a: Drednaw|move: Sticky Web
|-unboost|p1a: Drednaw|spe|1
|turn|12
|
|t:|1619609859
|cant|p2a: rocks stop|slp
|move|p1a: Drednaw|Liquidation|p2a: rocks stop
|-damage|p2a: rocks stop|0 fnt
|faint|p2a: rocks stop
|
|upkeep
|
|t:|1619609866
|switch|p2a: just garbage|Garbodor, M|100/100
|turn|13
|
|t:|1619609868
|move|p2a: just garbage|Stomping Tantrum|p1a: Drednaw
|-supereffective|p1a: Drednaw
|-damage|p1a: Drednaw|47/100
|move|p1a: Drednaw|Liquidation|p2a: just garbage
|-damage|p2a: just garbage|30/100
|-damage|p1a: Drednaw|30/100|[from] item: Rocky Helmet|[of] p2a: just garbage
|
|upkeep
|turn|14
|
|t:|1619609883
|switch|p1a: Stunfisk|Stunfisk-Galar, F|23/100
|-activate|p1a: Stunfisk|move: Sticky Web
|-unboost|p1a: Stunfisk|spe|1
|move|p2a: just garbage|Stomping Tantrum|p1a: Stunfisk
|-supereffective|p1a: Stunfisk
|-damage|p1a: Stunfisk|0 fnt
|faint|p1a: Stunfisk
|
|upkeep
|
|t:|1619609888
|switch|p1a: Flapple|Flapple, M|100/100
|-activate|p1a: Flapple|move: Sticky Web
|-unboost|p1a: Flapple|spe|1
|turn|15
|
|t:|1619609895
|move|p1a: Flapple|Sucker Punch|p2a: just garbage
|-damage|p2a: just garbage|0 fnt
|-damage|p1a: Flapple|76/100|[from] ability: Aftermath|[of] p2a: just garbage
|-damage|p1a: Flapple|59/100|[from] item: Rocky Helmet|[of] p2a: just garbage
|faint|p2a: just garbage
|
|upkeep
|
|t:|1619609902
|switch|p2a: tailpower|Cinccino, F|100/100
|turn|16
|
|t:|1619609906
|switch|p1a: Aromatisse|Aromatisse, F|100/100
|move|p2a: tailpower|Tail Slap|p1a: Aromatisse
|-damage|p1a: Aromatisse|89/100
|-damage|p1a: Aromatisse|77/100
|-damage|p1a: Aromatisse|65/100
|-damage|p1a: Aromatisse|52/100
|-damage|p1a: Aromatisse|40/100
|-hitcount|p1a: Aromatisse|5
|
|upkeep
|turn|17
|
|t:|1619609913
|move|p2a: tailpower|Tail Slap|p1a: Aromatisse
|-damage|p1a: Aromatisse|28/100
|-damage|p1a: Aromatisse|16/100
|-damage|p1a: Aromatisse|4/100
|-damage|p1a: Aromatisse|0 fnt
|-hitcount|p1a: Aromatisse|4
|faint|p1a: Aromatisse
|
|upkeep
|
|t:|1619609925
|switch|p1a: Flapple|Flapple, M|59/100
|-activate|p1a: Flapple|move: Sticky Web
|-unboost|p1a: Flapple|spe|1
|turn|18
|
|t:|1619609932
|move|p1a: Flapple|Sucker Punch|p2a: tailpower
|-damage|p2a: tailpower|21/100
|move|p2a: tailpower|Tail Slap|p1a: Flapple
|-damage|p1a: Flapple|36/100
|-damage|p1a: Flapple|15/100
|-damage|p1a: Flapple|0 fnt
|-hitcount|p1a: Flapple|3
|faint|p1a: Flapple
|
|upkeep
|
|t:|1619609934
|switch|p1a: Drednaw|Drednaw, F|30/100
|-activate|p1a: Drednaw|move: Sticky Web
|-unboost|p1a: Drednaw|spe|1
|turn|19
|
|t:|1619609944
|move|p2a: tailpower|Tail Slap|p1a: Drednaw
|-resisted|p1a: Drednaw
|-damage|p1a: Drednaw|22/100
|-resisted|p1a: Drednaw
|-damage|p1a: Drednaw|14/100
|-resisted|p1a: Drednaw
|-damage|p1a: Drednaw|5/100
|-resisted|p1a: Drednaw
|-damage|p1a: Drednaw|0 fnt
|-hitcount|p1a: Drednaw|4
|faint|p1a: Drednaw
|
|win|Whattodorandom
|raw|ayo bb's rating: 1561 &rarr; <strong>1529</strong><br />(-32 for losing)
|raw|Whattodorandom's rating: 1332 &rarr; <strong>1364</strong><br />(+32 for winning)
