|j|☆GlMMICKY
|j|☆panned bomb
|t:|1643922424
|gametype|singles
|player|p1|GlMMICKY|pokekid|1393
|player|p2|panned bomb|169|1499
|teamsize|p1|6
|teamsize|p2|6
|gen|8
|tier|[Gen 8] PU
|rated|
|rule|Sleep Clause Mod: Limit one foe put to sleep
|rule|Species Clause: Limit one of each Pokémon
|rule|OHKO Clause: OHKO moves are banned
|rule|Evasion Moves Clause: Evasion moves are banned
|rule|Endless Battle Clause: Forcing endless battles is banned
|rule|HP Percentage Mod: HP is shown in percentages
|rule|Dynamax Clause: You cannot dynamax
|clearpoke
|poke|p1|Eldegoss, M|
|poke|p1|Sableye, F|
|poke|p1|Palossand, F|
|poke|p1|Cryogonal|
|poke|p1|Audino, M|
|poke|p1|Quagsire, F|
|poke|p2|Frosmoth, F|
|poke|p2|Lunatone|
|poke|p2|Charizard, F|
|poke|p2|Quagsire, F|
|poke|p2|Skuntank, M|
|poke|p2|Flapple, M|
|teampreview
|
|t:|1643922435
|start
|switch|p1a: Audino|Audino, M|100/100
|switch|p2a: Skuntank|Skuntank, M|100/100
|turn|1
|
|t:|1643922446
|move|p2a: Skuntank|Corrosive Gas|p1a: Audino
|-enditem|p1a: Audino|Heavy-Duty Boots|[from] move: Corrosive Gas|[of] p2a: Skuntank
|move|p1a: Audino|Knock Off|p2a: Skuntank
|-resisted|p2a: Skuntank
|-damage|p2a: Skuntank|92/100
|-enditem|p2a: Skuntank|Leftovers|[from] move: Knock Off|[of] p1a: Audino
|
|upkeep
|turn|2
|
|t:|1643922450
|move|p2a: Skuntank|Poison Jab|p1a: Audino
|-damage|p1a: Audino|72/100
|move|p1a: Audino|Knock Off|p2a: Skuntank
|-resisted|p2a: Skuntank
|-damage|p2a: Skuntank|86/100
|
|upkeep
|turn|3
|
|t:|1643922459
|switch|p1a: Palossand|Palossand, F, shiny|100/100
|move|p2a: Skuntank|Poison Jab|p1a: Palossand
|-resisted|p1a: Palossand
|-damage|p1a: Palossand|96/100
|
|-heal|p1a: Palossand|100/100|[from] item: Leftovers
|upkeep
|turn|4
|
|t:|1643922478
|switch|p2a: Flapple|Flapple, M|100/100
|move|p1a: Palossand|Stealth Rock|p2a: Flapple
|-sidestart|p2: panned bomb|move: Stealth Rock
|
|upkeep
|turn|5
|
|t:|1643922485
|switch|p1a: Audino|Audino, M|100/100
|move|p2a: Flapple|Outrage|p1a: Audino|[miss]
|-miss|p2a: Flapple|p1a: Audino
|
|upkeep
|turn|6
|
|t:|1643922497
|switch|p2a: Skuntank|Skuntank, M|86/100
|-damage|p2a: Skuntank|74/100|[from] Stealth Rock
|move|p1a: Audino|Protect||[still]
|-fail|p1a: Audino
|
|upkeep
|turn|7
|
|t:|1643922503
|switch|p1a: Palossand|Palossand, F, shiny|100/100
|move|p2a: Skuntank|Poison Jab|p1a: Palossand
|-resisted|p1a: Palossand
|-damage|p1a: Palossand|96/100
|-status|p1a: Palossand|psn
|
|-heal|p1a: Palossand|100/100 psn|[from] item: Leftovers
|-damage|p1a: Palossand|88/100 psn|[from] psn
|upkeep
|turn|8
|
|t:|1643922508
|switch|p2a: Charizard|Charizard, F|100/100
|move|p1a: Palossand|Scorching Sands|p2a: Charizard
|-immune|p2a: Charizard
|
|-heal|p1a: Palossand|94/100 psn|[from] item: Leftovers
|-damage|p1a: Palossand|82/100 psn|[from] psn
|upkeep
|turn|9
|
|t:|1643922518
|switch|p1a: Audino|Audino, M|100/100
|move|p2a: Charizard|Defog|p1a: Audino
|-unboost|p1a: Audino|evasion|1
|-sideend|p2: panned bomb|Stealth Rock|[from] move: Defog|[of] p2a: Charizard
|
|upkeep
|turn|10
|
|t:|1643922531
|move|p2a: Charizard|Toxic|p1a: Audino
|-status|p1a: Audino|tox
|move|p1a: Audino|Knock Off|p2a: Charizard
|-damage|p2a: Charizard|81/100
|-enditem|p2a: Charizard|Heavy-Duty Boots|[from] move: Knock Off|[of] p1a: Audino
|
|-damage|p1a: Audino|94/100 tox|[from] psn
|upkeep
|turn|11
|
|t:|1643922537
|move|p2a: Charizard|Flamethrower|p1a: Audino
|-damage|p1a: Audino|68/100 tox
|move|p1a: Audino|Toxic|p2a: Charizard
|-status|p2a: Charizard|tox
|
|-damage|p2a: Charizard|75/100 tox|[from] psn
|-damage|p1a: Audino|56/100 tox|[from] psn
|upkeep
|turn|12
|
|t:|1643922544
|move|p1a: Audino|Protect|p1a: Audino
|-singleturn|p1a: Audino|Protect
|move|p2a: Charizard|Flamethrower|p1a: Audino
|-activate|p1a: Audino|move: Protect
|
|-damage|p2a: Charizard|62/100 tox|[from] psn
|-damage|p1a: Audino|37/100 tox|[from] psn
|upkeep
|turn|13
|
|t:|1643922552
|switch|p2a: Flapple|Flapple, M|100/100
|switch|p1a: Quagsire|Quagsire, F, shiny|100/100
|
|upkeep
|turn|14
|
|t:|1643922558
|switch|p1a: Sableye|Sableye, F, shiny|100/100
|move|p2a: Flapple|U-turn|p1a: Sableye
|-damage|p1a: Sableye|70/100
|
|t:|1643922561
|switch|p2a: Skuntank|Skuntank, M|74/100|[from]move: U-turn
|
|-heal|p1a: Sableye|76/100|[from] item: Leftovers
|upkeep
|turn|15
|
|t:|1643922567
|switch|p1a: Palossand|Palossand, F, shiny|82/100 psn
|move|p2a: Skuntank|Crunch|p1a: Palossand
|-supereffective|p1a: Palossand
|-damage|p1a: Palossand|45/100 psn
|
|-heal|p1a: Palossand|51/100 psn|[from] item: Leftovers
|-damage|p1a: Palossand|39/100 psn|[from] psn
|upkeep
|turn|16
|
|t:|1643922574
|move|p2a: Skuntank|Crunch|p1a: Palossand
|-supereffective|p1a: Palossand
|-damage|p1a: Palossand|2/100 psn
|-unboost|p1a: Palossand|def|1
|move|p1a: Palossand|Shore Up|p1a: Palossand
|-heal|p1a: Palossand|52/100 psn
|
|-heal|p1a: Palossand|58/100 psn|[from] item: Leftovers
|-damage|p1a: Palossand|46/100 psn|[from] psn
|upkeep
|turn|17
|
|t:|1643922579
|switch|p1a: Quagsire|Quagsire, F, shiny|100/100
|move|p2a: Skuntank|Crunch|p1a: Quagsire
|-damage|p1a: Quagsire|81/100
|
|-heal|p1a: Quagsire|87/100|[from] item: Leftovers
|upkeep
|turn|18
|
|t:|1643922584
|switch|p2a: Flapple|Flapple, M|100/100
|move|p1a: Quagsire|Toxic|p2a: Flapple
|-status|p2a: Flapple|tox
|
|-heal|p1a: Quagsire|93/100|[from] item: Leftovers
|-damage|p2a: Flapple|94/100 tox|[from] psn
|upkeep
|turn|19
|
|t:|1643922593
|switch|p1a: Eldegoss|Eldegoss, M|100/100
|move|p2a: Flapple|Outrage|p1a: Eldegoss
|-damage|p1a: Eldegoss|8/100
|
|-damage|p2a: Flapple|82/100 tox|[from] psn
|upkeep
|turn|20
|
|t:|1643922597
|switch|p1a: Quagsire|Quagsire, F, shiny|93/100
|move|p2a: Flapple|Outrage|p1a: Quagsire|[from]lockedmove
|-damage|p1a: Quagsire|37/100
|
|-heal|p1a: Quagsire|43/100|[from] item: Leftovers
|-damage|p2a: Flapple|64/100 tox|[from] psn
|upkeep
|turn|21
|
|t:|1643922609
|switch|p1a: Sableye|Sableye, F, shiny|76/100
|move|p2a: Flapple|Outrage|p1a: Sableye|[from]lockedmove|[miss]
|-miss|p2a: Flapple|p1a: Sableye
|-start|p2a: Flapple|confusion|[fatigue]
|
|-heal|p1a: Sableye|82/100|[from] item: Leftovers
|-damage|p2a: Flapple|40/100 tox|[from] psn
|upkeep
|turn|22
|
|t:|1643922616
|switch|p2a: Skuntank|Skuntank, M|74/100
|move|p1a: Sableye|Recover|p1a: Sableye
|-heal|p1a: Sableye|100/100
|
|upkeep
|turn|23
|
|t:|1643922622
|move|p2a: Skuntank|Crunch|p1a: Sableye
|-damage|p1a: Sableye|73/100
|move|p1a: Sableye|Dazzling Gleam|p2a: Skuntank
|-damage|p2a: Skuntank|57/100
|
|-heal|p1a: Sableye|79/100|[from] item: Leftovers
|upkeep
|turn|24
|
|t:|1643922625
|move|p2a: Skuntank|Corrosive Gas|p1a: Sableye
|-enditem|p1a: Sableye|Leftovers|[from] move: Corrosive Gas|[of] p2a: Skuntank
|move|p1a: Sableye|Dazzling Gleam|p2a: Skuntank
|-damage|p2a: Skuntank|38/100
|
|upkeep
|turn|25
|
|t:|1643922628
|move|p2a: Skuntank|Poison Jab|p1a: Sableye
|-resisted|p1a: Sableye
|-damage|p1a: Sableye|64/100
|move|p1a: Sableye|Dazzling Gleam|p2a: Skuntank
|-damage|p2a: Skuntank|19/100
|
|upkeep
|turn|26
|
|t:|1643922631
|move|p2a: Skuntank|Poison Jab|p1a: Sableye
|-resisted|p1a: Sableye
|-damage|p1a: Sableye|50/100
|move|p1a: Sableye|Dazzling Gleam|p2a: Skuntank
|-damage|p2a: Skuntank|1/100
|
|upkeep
|turn|27
|
|t:|1643922635
|move|p2a: Skuntank|Poison Jab|p1a: Sableye
|-resisted|p1a: Sableye
|-damage|p1a: Sableye|35/100
|move|p1a: Sableye|Dazzling Gleam|p2a: Skuntank
|-damage|p2a: Skuntank|0 fnt
|faint|p2a: Skuntank
|
|upkeep
|
|t:|1643922647
|switch|p2a: Charizard|Charizard, F|62/100 tox
|turn|28
|
|t:|1643922660
|move|p1a: Sableye|Recover|p1a: Sableye
|-heal|p1a: Sableye|85/100
|move|p2a: Charizard|Flamethrower|p1a: Sableye
|-damage|p1a: Sableye|19/100
|
|-damage|p2a: Charizard|56/100 tox|[from] psn
|upkeep
|turn|29
|
|t:|1643922671
|switch|p1a: Audino|Audino, M|70/100 tox
|move|p2a: Charizard|Flamethrower|p1a: Audino
|-crit|p1a: Audino
|-damage|p1a: Audino|26/100 tox
|
|-damage|p2a: Charizard|44/100 tox|[from] psn
|-damage|p1a: Audino|20/100 tox|[from] psn
|upkeep
|turn|30
|
|t:|1643922676
|move|p1a: Audino|Protect|p1a: Audino
|-singleturn|p1a: Audino|Protect
|move|p2a: Charizard|Roost|p2a: Charizard
|-heal|p2a: Charizard|94/100 tox
|-singleturn|p2a: Charizard|move: Roost
|
|-damage|p2a: Charizard|76/100 tox|[from] psn
|-damage|p1a: Audino|8/100 tox|[from] psn
|upkeep
|turn|31
|
|t:|1643922681
|switch|p1a: Cryogonal|Cryogonal, shiny|100/100
|move|p2a: Charizard|Flamethrower|p1a: Cryogonal
|-supereffective|p1a: Cryogonal
|-damage|p1a: Cryogonal|58/100
|
|-damage|p2a: Charizard|52/100 tox|[from] psn
|upkeep
|turn|32
|
|t:|1643922686
|switch|p2a: Lunatone|Lunatone|100/100
|move|p1a: Cryogonal|Recover|p1a: Cryogonal
|-heal|p1a: Cryogonal|100/100
|
|upkeep
|turn|33
|
|t:|1643922696
|switch|p1a: Eldegoss|Eldegoss, M|41/100
|move|p2a: Lunatone|Future Sight|p1a: Eldegoss
|-start|p2a: Lunatone|move: Future Sight
|
|upkeep
|turn|34
|
|t:|1643922717
|move|p2a: Lunatone|Stealth Rock|p1a: Eldegoss
|-sidestart|p1: GlMMICKY|move: Stealth Rock
|move|p1a: Eldegoss|Synthesis|p1a: Eldegoss
|-heal|p1a: Eldegoss|91/100
|
|upkeep
|turn|35
|
|t:|1643922722
|move|p2a: Lunatone|Power Gem|p1a: Eldegoss
|-damage|p1a: Eldegoss|67/100
|move|p1a: Eldegoss|Aromatherapy|p1a: Eldegoss
|-activate|p1a: Eldegoss|move: Aromatherapy
|-curestatus|p1: Palossand|psn|[msg]
|-curestatus|p1: Audino|tox|[msg]
|
|-end|p1a: Eldegoss|move: Future Sight
|-crit|p1a: Eldegoss
|-damage|p1a: Eldegoss|7/100
|upkeep
|turn|36
|
|t:|1643922732
|switch|p1a: Cryogonal|Cryogonal, shiny|100/100
|move|p2a: Lunatone|Power Gem|p1a: Cryogonal
|-supereffective|p1a: Cryogonal
|-damage|p1a: Cryogonal|64/100
|
|upkeep
|turn|37
|
|t:|1643922736
|move|p1a: Cryogonal|Recover|p1a: Cryogonal
|-heal|p1a: Cryogonal|100/100
|move|p2a: Lunatone|Future Sight|p1a: Cryogonal
|-start|p2a: Lunatone|move: Future Sight
|
|upkeep
|turn|38
|
|t:|1643922741
|move|p1a: Cryogonal|Defog|p2a: Lunatone
|-unboost|p2a: Lunatone|evasion|1
|-sideend|p1: GlMMICKY|Stealth Rock|[from] move: Defog|[of] p1a: Cryogonal
|move|p2a: Lunatone|Power Gem|p1a: Cryogonal
|-supereffective|p1a: Cryogonal
|-damage|p1a: Cryogonal|64/100
|
|upkeep
|turn|39
|
|t:|1643922743
|move|p1a: Cryogonal|Recover|p1a: Cryogonal
|-heal|p1a: Cryogonal|100/100
|move|p2a: Lunatone|Power Gem|p1a: Cryogonal
|-supereffective|p1a: Cryogonal
|-damage|p1a: Cryogonal|61/100
|
|-end|p1a: Cryogonal|move: Future Sight
|-damage|p1a: Cryogonal|29/100
|upkeep
|turn|40
|
|t:|1643922746
|move|p1a: Cryogonal|Recover|p1a: Cryogonal
|-heal|p1a: Cryogonal|79/100
|move|p2a: Lunatone|Future Sight|p1a: Cryogonal
|-start|p2a: Lunatone|move: Future Sight
|
|upkeep
|turn|41
|
|t:|1643922749
|switch|p2a: Charizard|Charizard, F|52/100 tox
|move|p1a: Cryogonal|Toxic|p2a: Charizard
|-fail|p2a: Charizard|tox
|
|-damage|p2a: Charizard|46/100 tox|[from] psn
|upkeep
|turn|42
|
|t:|1643922769
|switch|p1a: Sableye|Sableye, F, shiny|19/100
|move|p2a: Charizard|Flamethrower|p1a: Sableye
|-damage|p1a: Sableye|0 fnt
|faint|p1a: Sableye
|
|-hint|Future Sight did not hit because the target is fainted.
|-damage|p2a: Charizard|34/100 tox|[from] psn
|upkeep
|
|t:|1643922775
|switch|p1a: Quagsire|Quagsire, F, shiny|43/100
|turn|43
|
|t:|1643922780
|switch|p2a: Frosmoth|Frosmoth, F|100/100
|move|p1a: Quagsire|Recover|p1a: Quagsire
|-heal|p1a: Quagsire|93/100
|
|-heal|p1a: Quagsire|99/100|[from] item: Leftovers
|upkeep
|turn|44
|
|t:|1643922783
|switch|p1a: Cryogonal|Cryogonal, shiny|79/100
|move|p2a: Frosmoth|Substitute|p2a: Frosmoth
|-start|p2a: Frosmoth|Substitute
|-damage|p2a: Frosmoth|76/100
|
|upkeep
|turn|45
|
|t:|1643922786
|move|p2a: Frosmoth|Quiver Dance|p2a: Frosmoth
|-boost|p2a: Frosmoth|spa|1
|-boost|p2a: Frosmoth|spd|1
|-boost|p2a: Frosmoth|spe|1
|move|p1a: Cryogonal|Recover|p1a: Cryogonal
|-heal|p1a: Cryogonal|100/100
|
|upkeep
|turn|46
|
|t:|1643922788
|move|p2a: Frosmoth|Quiver Dance|p2a: Frosmoth
|-boost|p2a: Frosmoth|spa|1
|-boost|p2a: Frosmoth|spd|1
|-boost|p2a: Frosmoth|spe|1
|move|p1a: Cryogonal|Haze|p1a: Cryogonal
|-clearallboost
|
|upkeep
|turn|47
|
|t:|1643922791
|move|p2a: Frosmoth|Giga Drain|p1a: Cryogonal
|-damage|p1a: Cryogonal|88/100
|-heal|p2a: Frosmoth|83/100|[from] drain|[of] p1a: Cryogonal
|move|p1a: Cryogonal|Haze|p1a: Cryogonal
|-clearallboost
|
|upkeep
|turn|48
|
|t:|1643922797
|switch|p2a: Charizard|Charizard, F|34/100 tox
|move|p1a: Cryogonal|Haze|p1a: Cryogonal
|-clearallboost
|
|-damage|p2a: Charizard|28/100 tox|[from] psn
|upkeep
|turn|49
|
|t:|1643922808
|switch|p1a: Quagsire|Quagsire, F, shiny|99/100
|move|p2a: Charizard|Roost|p2a: Charizard
|-heal|p2a: Charizard|78/100 tox
|-singleturn|p2a: Charizard|move: Roost
|
|-heal|p1a: Quagsire|100/100|[from] item: Leftovers
|-damage|p2a: Charizard|66/100 tox|[from] psn
|upkeep
|turn|50
|
|t:|1643922814
|switch|p2a: Lunatone|Lunatone|100/100
|move|p1a: Quagsire|Scald|p2a: Lunatone
|-supereffective|p2a: Lunatone
|-damage|p2a: Lunatone|55/100
|-status|p2a: Lunatone|brn
|
|-heal|p2a: Lunatone|61/100 brn|[from] item: Leftovers
|-damage|p2a: Lunatone|55/100 brn|[from] brn
|upkeep
|turn|51
|
|t:|1643922820
|move|p2a: Lunatone|Stealth Rock|p1a: Quagsire
|-sidestart|p1: GlMMICKY|move: Stealth Rock
|move|p1a: Quagsire|Scald|p2a: Lunatone
|-supereffective|p2a: Lunatone
|-damage|p2a: Lunatone|11/100 brn
|
|-heal|p2a: Lunatone|18/100 brn|[from] item: Leftovers
|-damage|p2a: Lunatone|11/100 brn|[from] brn
|upkeep
|turn|52
|
|t:|1643922824
|move|p2a: Lunatone|Moonlight|p2a: Lunatone
|-heal|p2a: Lunatone|61/100 brn
|move|p1a: Quagsire|Scald|p2a: Lunatone
|-supereffective|p2a: Lunatone
|-damage|p2a: Lunatone|19/100 brn
|
|-heal|p2a: Lunatone|25/100 brn|[from] item: Leftovers
|-damage|p2a: Lunatone|19/100 brn|[from] brn
|upkeep
|turn|53
|
|t:|1643922839
|switch|p2a: Flapple|Flapple, M|40/100 tox
|move|p1a: Quagsire|Scald|p2a: Flapple
|-resisted|p2a: Flapple
|-damage|p2a: Flapple|30/100 tox
|
|-damage|p2a: Flapple|24/100 tox|[from] psn
|upkeep
|turn|54
|
|t:|1643922849
|switch|p1a: Palossand|Palossand, F, shiny|46/100
|-damage|p1a: Palossand|40/100|[from] Stealth Rock
|move|p2a: Flapple|Grav Apple|p1a: Palossand
|-supereffective|p1a: Palossand
|-damage|p1a: Palossand|0 fnt
|faint|p1a: Palossand
|
|-damage|p2a: Flapple|12/100 tox|[from] psn
|upkeep
|
|t:|1643922855
|switch|p1a: Audino|Audino, M|41/100
|-damage|p1a: Audino|29/100|[from] Stealth Rock
|turn|55
|
|t:|1643922864
|switch|p2a: Charizard|Charizard, F|66/100 tox
|move|p1a: Audino|Protect||[still]
|-fail|p1a: Audino
|
|-damage|p2a: Charizard|60/100 tox|[from] psn
|upkeep
|turn|56
|
|t:|1643922871
|switch|p1a: Quagsire|Quagsire, F, shiny|100/100
|-damage|p1a: Quagsire|94/100|[from] Stealth Rock
|move|p2a: Charizard|Roost|p2a: Charizard
|-heal|p2a: Charizard|100/100 tox
|-singleturn|p2a: Charizard|move: Roost
|
|-heal|p1a: Quagsire|100/100|[from] item: Leftovers
|-damage|p2a: Charizard|88/100 tox|[from] psn
|upkeep
|turn|57
|
|t:|1643922876
|move|p2a: Charizard|Toxic|p1a: Quagsire
|-status|p1a: Quagsire|tox
|move|p1a: Quagsire|Scald|p2a: Charizard
|-supereffective|p2a: Charizard
|-damage|p2a: Charizard|34/100 tox
|
|-damage|p2a: Charizard|16/100 tox|[from] psn
|-damage|p1a: Quagsire|94/100 tox|[from] psn
|upkeep
|turn|58
|
|t:|1643922881
|switch|p2a: Quagsire|Quagsire, F|100/100
|move|p1a: Quagsire|Scald|p2a: Quagsire
|-crit|p2a: Quagsire
|-damage|p2a: Quagsire|65/100
|-status|p2a: Quagsire|brn
|
|-heal|p1a: Quagsire|100/100 tox|[from] item: Leftovers
|-damage|p1a: Quagsire|88/100 tox|[from] psn
|-damage|p2a: Quagsire|59/100 brn|[from] brn
|upkeep
|turn|59
|
|t:|1643922891
|switch|p2a: Frosmoth|Frosmoth, F|83/100
|switch|p1a: Eldegoss|Eldegoss, M|41/100
|
|upkeep
|turn|60
|
|t:|1643922896
|switch|p1a: Cryogonal|Cryogonal, shiny|88/100
|move|p2a: Frosmoth|Ice Beam|p1a: Cryogonal
|-resisted|p1a: Cryogonal
|-damage|p1a: Cryogonal|77/100
|
|upkeep
|turn|61
|
|t:|1643922899
|switch|p2a: Charizard|Charizard, F|16/100 tox
|move|p1a: Cryogonal|Defog|p2a: Charizard
|-unboost|p2a: Charizard|evasion|1
|-sideend|p1: GlMMICKY|Stealth Rock|[from] move: Defog|[of] p1a: Cryogonal
|
|-damage|p2a: Charizard|10/100 tox|[from] psn
|upkeep
|turn|62
|
|t:|1643922908
|switch|p1a: Audino|Audino, M|62/100
|move|p2a: Charizard|Roost|p2a: Charizard
|-heal|p2a: Charizard|60/100 tox
|-singleturn|p2a: Charizard|move: Roost
|
|-damage|p2a: Charizard|48/100 tox|[from] psn
|upkeep
|turn|63
|j| aog0
|
|t:|1643922935
|move|p2a: Charizard|Roost|p2a: Charizard
|-heal|p2a: Charizard|98/100 tox
|-singleturn|p2a: Charizard|move: Roost
|move|p1a: Audino|Knock Off|p2a: Charizard
|-damage|p2a: Charizard|86/100 tox
|
|-damage|p2a: Charizard|68/100 tox|[from] psn
|upkeep
|turn|64
|
|t:|1643922940
|switch|p2a: Quagsire|Quagsire, F|59/100 brn
|move|p1a: Audino|Wish|p1a: Audino
|
|-damage|p2a: Quagsire|53/100 brn|[from] brn
|upkeep
|turn|65
|
|t:|1643922947
|switch|p1a: Eldegoss|Eldegoss, M|74/100
|move|p2a: Quagsire|Recover|p2a: Quagsire
|-heal|p2a: Quagsire|100/100 brn
|
|-heal|p1a: Eldegoss|100/100|[from] move: Wish|[wisher] Audino
|-damage|p2a: Quagsire|94/100 brn|[from] brn
|upkeep
|turn|66
|
|t:|1643922954
|switch|p2a: Charizard|Charizard, F|68/100 tox
|move|p1a: Eldegoss|Aromatherapy|p1a: Eldegoss
|-activate|p1a: Eldegoss|move: Aromatherapy
|-curestatus|p1: Quagsire|tox|[msg]
|
|-damage|p2a: Charizard|62/100 tox|[from] psn
|upkeep
|turn|67
|
|t:|1643922960
|move|p2a: Charizard|Toxic|p1a: Eldegoss
|-status|p1a: Eldegoss|tox
|move|p1a: Eldegoss|Leech Seed|p2a: Charizard
|-start|p2a: Charizard|move: Leech Seed
|
|-damage|p2a: Charizard|50/100 tox|[from] Leech Seed|[of] p1a: Eldegoss
|-damage|p2a: Charizard|38/100 tox|[from] psn
|-damage|p1a: Eldegoss|94/100 tox|[from] psn
|upkeep
|turn|68
|
|t:|1643922965
|switch|p2a: Frosmoth|Frosmoth, F|83/100
|move|p1a: Eldegoss|Rapid Spin|p2a: Frosmoth
|-damage|p2a: Frosmoth|73/100
|-boost|p1a: Eldegoss|spe|1
|
|-damage|p1a: Eldegoss|82/100 tox|[from] psn
|upkeep
|turn|69
|
|t:|1643922984
|switch|p1a: Cryogonal|Cryogonal, shiny|77/100
|move|p2a: Frosmoth|Substitute|p2a: Frosmoth
|-start|p2a: Frosmoth|Substitute
|-damage|p2a: Frosmoth|48/100
|
|upkeep
|turn|70
|
|t:|1643922988
|move|p2a: Frosmoth|Giga Drain|p1a: Cryogonal
|-damage|p1a: Cryogonal|63/100
|-heal|p2a: Frosmoth|56/100|[from] drain|[of] p1a: Cryogonal
|move|p1a: Cryogonal|Haze|p1a: Cryogonal
|-clearallboost
|
|upkeep
|turn|71
|
|t:|1643922991
|move|p2a: Frosmoth|Quiver Dance|p2a: Frosmoth
|-boost|p2a: Frosmoth|spa|1
|-boost|p2a: Frosmoth|spd|1
|-boost|p2a: Frosmoth|spe|1
|move|p1a: Cryogonal|Recover|p1a: Cryogonal
|-heal|p1a: Cryogonal|100/100
|
|upkeep
|turn|72
|
|t:|1643922997
|move|p2a: Frosmoth|Giga Drain|p1a: Cryogonal
|-damage|p1a: Cryogonal|81/100
|-heal|p2a: Frosmoth|68/100|[from] drain|[of] p1a: Cryogonal
|move|p1a: Cryogonal|Haze|p1a: Cryogonal
|-clearallboost
|
|upkeep
|turn|73
|
|t:|1643923002
|switch|p1a: Audino|Audino, M|95/100
|move|p2a: Frosmoth|Giga Drain|p1a: Audino
|-damage|p1a: Audino|78/100
|-heal|p2a: Frosmoth|79/100|[from] drain|[of] p1a: Audino
|
|upkeep
|turn|74
|
|t:|1643923008
|move|p2a: Frosmoth|Ice Beam|p1a: Audino
|-crit|p1a: Audino
|-damage|p1a: Audino|39/100
|move|p1a: Audino|Wish|p1a: Audino
|
|upkeep
|turn|75
|
|t:|1643923022
|switch|p2a: Quagsire|Quagsire, F|94/100 brn
|switch|p1a: Cryogonal|Cryogonal, shiny|81/100
|
|-heal|p1a: Cryogonal|100/100|[from] move: Wish|[wisher] Audino
|-damage|p2a: Quagsire|88/100 brn|[from] brn
|upkeep
|turn|76
|
|t:|1643923041
|switch|p1a: Audino|Audino, M|72/100
|switch|p2a: Charizard|Charizard, F|38/100 tox
|
|-damage|p2a: Charizard|31/100 tox|[from] psn
|upkeep
|turn|77
|
|t:|1643923047
|move|p2a: Charizard|Roost|p2a: Charizard
|-heal|p2a: Charizard|82/100 tox
|-singleturn|p2a: Charizard|move: Roost
|move|p1a: Audino|Knock Off|p2a: Charizard
|-damage|p2a: Charizard|70/100 tox
|
|-damage|p2a: Charizard|57/100 tox|[from] psn
|upkeep
|turn|78
|
|t:|1643923051
|move|p2a: Charizard|Flamethrower|p1a: Audino
|-damage|p1a: Audino|45/100
|move|p1a: Audino|Knock Off|p2a: Charizard
|-damage|p2a: Charizard|45/100 tox
|
|-damage|p2a: Charizard|27/100 tox|[from] psn
|upkeep
|turn|79
|
|t:|1643923058
|move|p2a: Charizard|Roost|p2a: Charizard
|-heal|p2a: Charizard|77/100 tox
|-singleturn|p2a: Charizard|move: Roost
|move|p1a: Audino|Knock Off|p2a: Charizard
|-damage|p2a: Charizard|64/100 tox
|
|-damage|p2a: Charizard|40/100 tox|[from] psn
|upkeep
|turn|80
|
|t:|1643923061
|switch|p2a: Quagsire|Quagsire, F|88/100 brn
|move|p1a: Audino|Knock Off|p2a: Quagsire
|-damage|p2a: Quagsire|79/100 brn
|-enditem|p2a: Quagsire|Heavy-Duty Boots|[from] move: Knock Off|[of] p1a: Audino
|
|-damage|p2a: Quagsire|73/100 brn|[from] brn
|upkeep
|turn|81
|
|t:|1643923067
|switch|p1a: Eldegoss|Eldegoss, M|100/100 tox
|move|p2a: Quagsire|Toxic|p1a: Eldegoss|[miss]
|-miss|p2a: Quagsire|p1a: Eldegoss
|
|-damage|p1a: Eldegoss|94/100 tox|[from] psn
|-damage|p2a: Quagsire|66/100 brn|[from] brn
|upkeep
|turn|82
|
|t:|1643923085
|move|p1a: Eldegoss|Leech Seed|p2a: Quagsire
|-start|p2a: Quagsire|move: Leech Seed
|move|p2a: Quagsire|Recover|p2a: Quagsire
|-heal|p2a: Quagsire|100/100 brn
|
|-damage|p2a: Quagsire|88/100 brn|[from] Leech Seed|[of] p1a: Eldegoss
|-heal|p1a: Eldegoss|100/100 tox|[silent]
|-damage|p1a: Eldegoss|88/100 tox|[from] psn
|-damage|p2a: Quagsire|82/100 brn|[from] brn
|upkeep
|turn|83
|
|t:|1643923089
|switch|p2a: Charizard|Charizard, F|40/100 tox
|move|p1a: Eldegoss|Rapid Spin|p2a: Charizard
|-damage|p2a: Charizard|31/100 tox
|-boost|p1a: Eldegoss|spe|1
|
|-damage|p2a: Charizard|25/100 tox|[from] psn
|-damage|p1a: Eldegoss|70/100 tox|[from] psn
|upkeep
|turn|84
|
|t:|1643923099
|switch|p1a: Quagsire|Quagsire, F, shiny|88/100
|move|p2a: Charizard|Flamethrower|p1a: Quagsire
|-resisted|p1a: Quagsire
|-crit|p1a: Quagsire
|-damage|p1a: Quagsire|30/100
|
|-heal|p1a: Quagsire|36/100|[from] item: Leftovers
|-damage|p2a: Charizard|13/100 tox|[from] psn
|upkeep
|turn|85
|
|t:|1643923117
|switch|p2a: Flapple|Flapple, M|12/100 tox
|move|p1a: Quagsire|Recover|p1a: Quagsire
|-heal|p1a: Quagsire|86/100
|
|-heal|p1a: Quagsire|92/100|[from] item: Leftovers
|-damage|p2a: Flapple|6/100 tox|[from] psn
|upkeep
|turn|86
|
|t:|1643923126
|switch|p1a: Eldegoss|Eldegoss, M|100/100 tox
|move|p2a: Flapple|Outrage|p1a: Eldegoss|[miss]
|-miss|p2a: Flapple|p1a: Eldegoss
|
|-damage|p2a: Flapple|0 fnt|[from] psn
|faint|p2a: Flapple
|-damage|p1a: Eldegoss|94/100 tox|[from] psn
|upkeep
|
|t:|1643923131
|switch|p2a: Lunatone|Lunatone|19/100 brn
|turn|87
|
|t:|1643923137
|move|p2a: Lunatone|Moonlight|p2a: Lunatone
|-heal|p2a: Lunatone|69/100 brn
|move|p1a: Eldegoss|Leech Seed|p2a: Lunatone
|-start|p2a: Lunatone|move: Leech Seed
|
|-heal|p2a: Lunatone|75/100 brn|[from] item: Leftovers
|-damage|p2a: Lunatone|63/100 brn|[from] Leech Seed|[of] p1a: Eldegoss
|-heal|p1a: Eldegoss|100/100 tox|[silent]
|-damage|p1a: Eldegoss|88/100 tox|[from] psn
|-damage|p2a: Lunatone|57/100 brn|[from] brn
|upkeep
|turn|88
|
|t:|1643923140
|move|p2a: Lunatone|Stealth Rock|p1a: Eldegoss
|-sidestart|p1: GlMMICKY|move: Stealth Rock
|move|p1a: Eldegoss|Aromatherapy|p1a: Eldegoss
|-activate|p1a: Eldegoss|move: Aromatherapy
|-curestatus|p1a: Eldegoss|tox|[msg]
|
|-heal|p2a: Lunatone|63/100 brn|[from] item: Leftovers
|-damage|p2a: Lunatone|50/100 brn|[from] Leech Seed|[of] p1a: Eldegoss
|-heal|p1a: Eldegoss|100/100|[silent]
|-damage|p2a: Lunatone|44/100 brn|[from] brn
|upkeep
|turn|89
|
|t:|1643923152
|switch|p2a: Quagsire|Quagsire, F|82/100 brn
|move|p1a: Eldegoss|Rapid Spin|p2a: Quagsire
|-damage|p2a: Quagsire|78/100 brn
|-boost|p1a: Eldegoss|spe|1
|-sideend|p1: GlMMICKY|Stealth Rock|[from] move: Rapid Spin|[of] p1a: Eldegoss
|
|-damage|p2a: Quagsire|72/100 brn|[from] brn
|upkeep
|turn|90
|
|t:|1643923157
|move|p1a: Eldegoss|Leech Seed|p2a: Quagsire
|-start|p2a: Quagsire|move: Leech Seed
|move|p2a: Quagsire|Toxic|p1a: Eldegoss
|-status|p1a: Eldegoss|tox
|
|-damage|p2a: Quagsire|59/100 brn|[from] Leech Seed|[of] p1a: Eldegoss
|-damage|p1a: Eldegoss|94/100 tox|[from] psn
|-damage|p2a: Quagsire|53/100 brn|[from] brn
|upkeep
|turn|91
|
|t:|1643923162
|switch|p2a: Lunatone|Lunatone|44/100 brn
|move|p1a: Eldegoss|Rapid Spin|p2a: Lunatone
|-resisted|p2a: Lunatone
|-damage|p2a: Lunatone|40/100 brn
|-boost|p1a: Eldegoss|spe|1
|
|-heal|p2a: Lunatone|46/100 brn|[from] item: Leftovers
|-damage|p1a: Eldegoss|82/100 tox|[from] psn
|-damage|p2a: Lunatone|40/100 brn|[from] brn
|upkeep
|turn|92
|
|t:|1643923166
|switch|p2a: Quagsire|Quagsire, F|53/100 brn
|move|p1a: Eldegoss|Leech Seed|p2a: Quagsire|[miss]
|-miss|p1a: Eldegoss|p2a: Quagsire
|
|-damage|p1a: Eldegoss|63/100 tox|[from] psn
|-damage|p2a: Quagsire|47/100 brn|[from] brn
|upkeep
|turn|93
|
|t:|1643923169
|switch|p1a: Audino|Audino, M|78/100
|switch|p2a: Lunatone|Lunatone|40/100 brn
|
|-heal|p2a: Lunatone|46/100 brn|[from] item: Leftovers
|-damage|p2a: Lunatone|40/100 brn|[from] brn
|upkeep
|turn|94
|
|t:|1643923176
|move|p2a: Lunatone|Moonlight|p2a: Lunatone
|-heal|p2a: Lunatone|90/100 brn
|move|p1a: Audino|Knock Off|p2a: Lunatone
|-supereffective|p2a: Lunatone
|-damage|p2a: Lunatone|58/100 brn
|-enditem|p2a: Lunatone|Leftovers|[from] move: Knock Off|[of] p1a: Audino
|
|-damage|p2a: Lunatone|52/100 brn|[from] brn
|upkeep
|turn|95
|
|t:|1643923184
|move|p2a: Lunatone|Stealth Rock|p1a: Audino
|-sidestart|p1: GlMMICKY|move: Stealth Rock
|move|p1a: Audino|Knock Off|p2a: Lunatone
|-supereffective|p2a: Lunatone
|-damage|p2a: Lunatone|26/100 brn
|
|-damage|p2a: Lunatone|19/100 brn|[from] brn
|upkeep
|turn|96
|
|t:|1643923186
|move|p2a: Lunatone|Moonlight|p2a: Lunatone
|-heal|p2a: Lunatone|69/100 brn
|move|p1a: Audino|Knock Off|p2a: Lunatone
|-supereffective|p2a: Lunatone
|-damage|p2a: Lunatone|46/100 brn
|
|-damage|p2a: Lunatone|39/100 brn|[from] brn
|upkeep
|turn|97
|
|t:|1643923197
|move|p2a: Lunatone|Moonlight|p2a: Lunatone
|-heal|p2a: Lunatone|89/100 brn
|move|p1a: Audino|Knock Off|p2a: Lunatone
|-supereffective|p2a: Lunatone
|-damage|p2a: Lunatone|67/100 brn
|
|-damage|p2a: Lunatone|60/100 brn|[from] brn
|upkeep
|turn|98
|
|t:|1643923199
|move|p2a: Lunatone|Future Sight|p1a: Audino
|-start|p2a: Lunatone|move: Future Sight
|move|p1a: Audino|Knock Off|p2a: Lunatone
|-supereffective|p2a: Lunatone
|-damage|p2a: Lunatone|37/100 brn
|
|-damage|p2a: Lunatone|31/100 brn|[from] brn
|upkeep
|turn|99
|
|t:|1643923201
|move|p2a: Lunatone|Moonlight|p2a: Lunatone
|-heal|p2a: Lunatone|81/100 brn
|move|p1a: Audino|Knock Off|p2a: Lunatone
|-supereffective|p2a: Lunatone
|-damage|p2a: Lunatone|56/100 brn
|
|-damage|p2a: Lunatone|49/100 brn|[from] brn
|upkeep
|turn|100
|
|t:|1643923206
|move|p1a: Audino|Protect|p1a: Audino
|-singleturn|p1a: Audino|Protect
|move|p2a: Lunatone|Power Gem|p1a: Audino
|-activate|p1a: Audino|move: Protect
|
|-end|p1a: Audino|move: Future Sight
|-damage|p1a: Audino|39/100
|-damage|p2a: Lunatone|43/100 brn|[from] brn
|upkeep
|turn|101
|
|t:|1643923210
|move|p2a: Lunatone|Power Gem|p1a: Audino
|-damage|p1a: Audino|14/100
|move|p1a: Audino|Wish|p1a: Audino
|
|-damage|p2a: Lunatone|37/100 brn|[from] brn
|upkeep
|turn|102
|
|t:|1643923215
|move|p1a: Audino|Protect|p1a: Audino
|-singleturn|p1a: Audino|Protect
|move|p2a: Lunatone|Future Sight|p1a: Audino
|-start|p2a: Lunatone|move: Future Sight
|
|-heal|p1a: Audino|64/100|[from] move: Wish|[wisher] Audino
|-damage|p2a: Lunatone|31/100 brn|[from] brn
|upkeep
|turn|103
|
|t:|1643923225
|switch|p2a: Quagsire|Quagsire, F|47/100 brn
|move|p1a: Audino|Wish|p1a: Audino
|
|-damage|p2a: Quagsire|41/100 brn|[from] brn
|upkeep
|turn|104
|
|t:|1643923230
|move|p1a: Audino|Protect|p1a: Audino
|-singleturn|p1a: Audino|Protect
|move|p2a: Quagsire|Recover|p2a: Quagsire
|-heal|p2a: Quagsire|91/100 brn
|
|-end|p1a: Audino|move: Future Sight
|-damage|p1a: Audino|28/100
|-heal|p1a: Audino|78/100|[from] move: Wish|[wisher] Audino
|-damage|p2a: Quagsire|85/100 brn|[from] brn
|upkeep
|turn|105
|
|t:|1643923241
|switch|p1a: Eldegoss|Eldegoss, M|97/100 tox
|move|p2a: Quagsire|Earthquake|p1a: Eldegoss
|-resisted|p1a: Eldegoss
|-damage|p1a: Eldegoss|89/100 tox
|
|-damage|p1a: Eldegoss|83/100 tox|[from] psn
|-damage|p2a: Quagsire|79/100 brn|[from] brn
|upkeep
|turn|106
|
|t:|1643923250
|move|p1a: Eldegoss|Rapid Spin|p2a: Quagsire
|-damage|p2a: Quagsire|74/100 brn
|-boost|p1a: Eldegoss|spe|1
|-sideend|p1: GlMMICKY|Stealth Rock|[from] move: Rapid Spin|[of] p1a: Eldegoss
|move|p2a: Quagsire|Curse|p2a: Quagsire
|-unboost|p2a: Quagsire|spe|1
|-boost|p2a: Quagsire|atk|1
|-boost|p2a: Quagsire|def|1
|
|-damage|p1a: Eldegoss|71/100 tox|[from] psn
|-damage|p2a: Quagsire|68/100 brn|[from] brn
|upkeep
|turn|107
|
|t:|1643923258
|move|p1a: Eldegoss|Leech Seed|p2a: Quagsire
|-start|p2a: Quagsire|move: Leech Seed
|move|p2a: Quagsire|Curse|p2a: Quagsire
|-unboost|p2a: Quagsire|spe|1
|-boost|p2a: Quagsire|atk|1
|-boost|p2a: Quagsire|def|1
|
|-damage|p2a: Quagsire|56/100 brn|[from] Leech Seed|[of] p1a: Eldegoss
|-heal|p1a: Eldegoss|86/100 tox|[silent]
|-damage|p1a: Eldegoss|67/100 tox|[from] psn
|-damage|p2a: Quagsire|49/100 brn|[from] brn
|upkeep
|turn|108
|
|t:|1643923261
|move|p1a: Eldegoss|Aromatherapy|p1a: Eldegoss
|-activate|p1a: Eldegoss|move: Aromatherapy
|-curestatus|p1a: Eldegoss|tox|[msg]
|move|p2a: Quagsire|Recover|p2a: Quagsire
|-heal|p2a: Quagsire|99/100 brn
|
|-damage|p2a: Quagsire|87/100 brn|[from] Leech Seed|[of] p1a: Eldegoss
|-heal|p1a: Eldegoss|82/100|[silent]
|-damage|p2a: Quagsire|81/100 brn|[from] brn
|upkeep
|turn|109
|
|t:|1643923271
|move|p1a: Eldegoss|Rapid Spin|p2a: Quagsire
|-damage|p2a: Quagsire|79/100 brn
|-boost|p1a: Eldegoss|spe|1
|move|p2a: Quagsire|Toxic|p1a: Eldegoss
|-status|p1a: Eldegoss|tox
|
|-damage|p2a: Quagsire|66/100 brn|[from] Leech Seed|[of] p1a: Eldegoss
|-heal|p1a: Eldegoss|97/100 tox|[silent]
|-damage|p1a: Eldegoss|91/100 tox|[from] psn
|-damage|p2a: Quagsire|60/100 brn|[from] brn
|upkeep
|turn|110
|
|t:|1643923284
|switch|p1a: Quagsire|Quagsire, F, shiny|92/100
|move|p2a: Quagsire|Earthquake|p1a: Quagsire
|-damage|p1a: Quagsire|81/100
|
|-heal|p1a: Quagsire|88/100|[from] item: Leftovers
|-damage|p2a: Quagsire|48/100 brn|[from] Leech Seed|[of] p1a: Quagsire
|-heal|p1a: Quagsire|99/100|[silent]
|-damage|p2a: Quagsire|42/100 brn|[from] brn
|upkeep
|turn|111
|
|t:|1643923289
|move|p1a: Quagsire|Scald|p2a: Quagsire
|-damage|p2a: Quagsire|18/100 brn
|move|p2a: Quagsire|Recover|p2a: Quagsire
|-heal|p2a: Quagsire|68/100 brn
|
|-heal|p1a: Quagsire|100/100|[from] item: Leftovers
|-damage|p2a: Quagsire|55/100 brn|[from] Leech Seed|[of] p1a: Quagsire
|-damage|p2a: Quagsire|49/100 brn|[from] brn
|upkeep
|turn|112
|
|t:|1643923294
|switch|p2a: Frosmoth|Frosmoth, F|79/100
|move|p1a: Quagsire|Scald|p2a: Frosmoth
|-damage|p2a: Frosmoth|68/100
|
|upkeep
|turn|113
|
|t:|1643923300
|switch|p1a: Audino|Audino, M|100/100
|move|p2a: Frosmoth|Giga Drain|p1a: Audino
|-damage|p1a: Audino|86/100
|-heal|p2a: Frosmoth|77/100|[from] drain|[of] p1a: Audino
|
|upkeep
|turn|114
|
|t:|1643923307
|switch|p2a: Quagsire|Quagsire, F|49/100 brn
|move|p1a: Audino|Knock Off|p2a: Quagsire
|-damage|p2a: Quagsire|43/100 brn
|
|-damage|p2a: Quagsire|37/100 brn|[from] brn
|upkeep
|turn|115
|
|t:|1643923312
|switch|p1a: Eldegoss|Eldegoss, M|100/100 tox
|move|p2a: Quagsire|Recover|p2a: Quagsire
|-heal|p2a: Quagsire|87/100 brn
|
|-damage|p1a: Eldegoss|94/100 tox|[from] psn
|-damage|p2a: Quagsire|80/100 brn|[from] brn
|upkeep
|turn|116
|
|t:|1643923320
|move|p1a: Eldegoss|Leech Seed|p2a: Quagsire
|-start|p2a: Quagsire|move: Leech Seed
|move|p2a: Quagsire|Curse|p2a: Quagsire
|-unboost|p2a: Quagsire|spe|1
|-boost|p2a: Quagsire|atk|1
|-boost|p2a: Quagsire|def|1
|
|-damage|p2a: Quagsire|68/100 brn|[from] Leech Seed|[of] p1a: Eldegoss
|-heal|p1a: Eldegoss|100/100 tox|[silent]
|-damage|p1a: Eldegoss|88/100 tox|[from] psn
|-damage|p2a: Quagsire|62/100 brn|[from] brn
|upkeep
|turn|117
|
|t:|1643923328
|switch|p1a: Quagsire|Quagsire, F, shiny|100/100
|switch|p2a: Frosmoth|Frosmoth, F|77/100
|
|upkeep
|turn|118
|
|t:|1643923333
|switch|p1a: Cryogonal|Cryogonal, shiny|100/100
|move|p2a: Frosmoth|Giga Drain|p1a: Cryogonal
|-damage|p1a: Cryogonal|88/100
|-heal|p2a: Frosmoth|85/100|[from] drain|[of] p1a: Cryogonal
|
|upkeep
|turn|119
|
|t:|1643923339
|switch|p2a: Charizard|Charizard, F|13/100 tox
|move|p1a: Cryogonal|Toxic|p2a: Charizard
|-fail|p2a: Charizard|tox
|
|-damage|p2a: Charizard|7/100 tox|[from] psn
|upkeep
|turn|120
|
|t:|1643923350
|switch|p1a: Audino|Audino, M|100/100
|move|p2a: Charizard|Roost|p2a: Charizard
|-heal|p2a: Charizard|57/100 tox
|-singleturn|p2a: Charizard|move: Roost
|
|-damage|p2a: Charizard|45/100 tox|[from] psn
|upkeep
|turn|121
|
|t:|1643923358
|move|p2a: Charizard|Toxic|p1a: Audino|[miss]
|-miss|p2a: Charizard|p1a: Audino
|move|p1a: Audino|Knock Off|p2a: Charizard
|-damage|p2a: Charizard|33/100 tox
|
|-damage|p2a: Charizard|15/100 tox|[from] psn
|upkeep
|turn|122
|
|t:|1643923360
|move|p2a: Charizard|Roost|p2a: Charizard
|-heal|p2a: Charizard|65/100 tox
|-singleturn|p2a: Charizard|move: Roost
|move|p1a: Audino|Knock Off|p2a: Charizard
|-damage|p2a: Charizard|54/100 tox
|
|-damage|p2a: Charizard|29/100 tox|[from] psn
|upkeep
|turn|123
|
|t:|1643923365
|switch|p2a: Quagsire|Quagsire, F|62/100 brn
|move|p1a: Audino|Knock Off|p2a: Quagsire
|-damage|p2a: Quagsire|56/100 brn
|
|-damage|p2a: Quagsire|50/100 brn|[from] brn
|upkeep
|turn|124
|
|t:|1643923377
|switch|p1a: Eldegoss|Eldegoss, M|100/100 tox
|move|p2a: Quagsire|Recover|p2a: Quagsire
|-heal|p2a: Quagsire|99/100 brn
|
|-damage|p1a: Eldegoss|94/100 tox|[from] psn
|-damage|p2a: Quagsire|94/100 brn|[from] brn
|upkeep
|turn|125
|
|t:|1643923379
|move|p1a: Eldegoss|Leech Seed|p2a: Quagsire
|-start|p2a: Quagsire|move: Leech Seed
|move|p2a: Quagsire|Curse|p2a: Quagsire
|-unboost|p2a: Quagsire|spe|1
|-boost|p2a: Quagsire|atk|1
|-boost|p2a: Quagsire|def|1
|
|-damage|p2a: Quagsire|81/100 brn|[from] Leech Seed|[of] p1a: Eldegoss
|-heal|p1a: Eldegoss|100/100 tox|[silent]
|-damage|p1a: Eldegoss|88/100 tox|[from] psn
|-damage|p2a: Quagsire|75/100 brn|[from] brn
|upkeep
|turn|126
|
|t:|1643923383
|move|p1a: Eldegoss|Rapid Spin|p2a: Quagsire
|-damage|p2a: Quagsire|72/100 brn
|-boost|p1a: Eldegoss|spe|1
|move|p2a: Quagsire|Curse|p2a: Quagsire
|-unboost|p2a: Quagsire|spe|1
|-boost|p2a: Quagsire|atk|1
|-boost|p2a: Quagsire|def|1
|
|-damage|p2a: Quagsire|60/100 brn|[from] Leech Seed|[of] p1a: Eldegoss
|-heal|p1a: Eldegoss|100/100 tox|[silent]
|-damage|p1a: Eldegoss|82/100 tox|[from] psn
|-damage|p2a: Quagsire|54/100 brn|[from] brn
|upkeep
|turn|127
|
|t:|1643923387
|move|p1a: Eldegoss|Rapid Spin|p2a: Quagsire
|-damage|p2a: Quagsire|52/100 brn
|-boost|p1a: Eldegoss|spe|1
|move|p2a: Quagsire|Toxic|p1a: Eldegoss
|-fail|p1a: Eldegoss|tox
|
|-damage|p2a: Quagsire|39/100 brn|[from] Leech Seed|[of] p1a: Eldegoss
|-heal|p1a: Eldegoss|97/100 tox|[silent]
|-damage|p1a: Eldegoss|72/100 tox|[from] psn
|-damage|p2a: Quagsire|33/100 brn|[from] brn
|upkeep
|turn|128
|
|t:|1643923390
|switch|p1a: Quagsire|Quagsire, F, shiny|100/100
|move|p2a: Quagsire|Recover|p2a: Quagsire
|-heal|p2a: Quagsire|83/100 brn
|
|-damage|p2a: Quagsire|71/100 brn|[from] Leech Seed|[of] p1a: Quagsire
|-damage|p2a: Quagsire|65/100 brn|[from] brn
|upkeep
|turn|129
|
|t:|1643923393
|move|p1a: Quagsire|Toxic||[still]
|-fail|p1a: Quagsire
|move|p2a: Quagsire|Curse|p2a: Quagsire
|-unboost|p2a: Quagsire|spe|1
|-boost|p2a: Quagsire|atk|1
|-boost|p2a: Quagsire|def|1
|
|-damage|p2a: Quagsire|52/100 brn|[from] Leech Seed|[of] p1a: Quagsire
|-damage|p2a: Quagsire|46/100 brn|[from] brn
|upkeep
|turn|130
|
|t:|1643923398
|switch|p2a: Frosmoth|Frosmoth, F|85/100
|move|p1a: Quagsire|Scald|p2a: Frosmoth
|-damage|p2a: Frosmoth|74/100
|-status|p2a: Frosmoth|brn
|
|-damage|p2a: Frosmoth|68/100 brn|[from] brn
|upkeep
|turn|131
|c|☆GlMMICKY|phew finally a burn thats ok
|
|t:|1643923413
|switch|p1a: Cryogonal|Cryogonal, shiny|88/100
|move|p2a: Frosmoth|Ice Beam|p1a: Cryogonal
|-resisted|p1a: Cryogonal
|-damage|p1a: Cryogonal|76/100
|
|-damage|p2a: Frosmoth|62/100 brn|[from] brn
|upkeep
|turn|132
|
|t:|1643923421
|switch|p2a: Charizard|Charizard, F|29/100 tox
|move|p1a: Cryogonal|Recover|p1a: Cryogonal
|-heal|p1a: Cryogonal|100/100
|
|-damage|p2a: Charizard|23/100 tox|[from] psn
|upkeep
|turn|133
|
|t:|1643923426
|switch|p1a: Audino|Audino, M|100/100
|move|p2a: Charizard|Roost|p2a: Charizard
|-heal|p2a: Charizard|74/100 tox
|-singleturn|p2a: Charizard|move: Roost
|
|-damage|p2a: Charizard|61/100 tox|[from] psn
|upkeep
|turn|134
|
|t:|1643923430
|move|p1a: Audino|Protect|p1a: Audino
|-singleturn|p1a: Audino|Protect
|move|p2a: Charizard|Toxic|p1a: Audino
|-activate|p1a: Audino|move: Protect
|
|-damage|p2a: Charizard|43/100 tox|[from] psn
|upkeep
|turn|135
|
|t:|1643923435
|switch|p2a: Quagsire|Quagsire, F|46/100 brn
|move|p1a: Audino|Knock Off|p2a: Quagsire
|-damage|p2a: Quagsire|41/100 brn
|
|-damage|p2a: Quagsire|35/100 brn|[from] brn
|upkeep
|turn|136
|
|t:|1643923447
|switch|p1a: Eldegoss|Eldegoss, M|100/100 tox
|move|p2a: Quagsire|Recover|p2a: Quagsire
|-heal|p2a: Quagsire|85/100 brn
|
|-damage|p1a: Eldegoss|94/100 tox|[from] psn
|-damage|p2a: Quagsire|78/100 brn|[from] brn
|upkeep
|turn|137
|
|t:|1643923450
|move|p1a: Eldegoss|Leech Seed|p2a: Quagsire|[miss]
|-miss|p1a: Eldegoss|p2a: Quagsire
|move|p2a: Quagsire|Toxic|p1a: Eldegoss
|-fail|p1a: Eldegoss|tox
|
|-damage|p1a: Eldegoss|82/100 tox|[from] psn
|-damage|p2a: Quagsire|72/100 brn|[from] brn
|upkeep
|turn|138
|
|t:|1643923456
|switch|p1a: Audino|Audino, M|100/100
|switch|p2a: Charizard|Charizard, F|43/100 tox
|
|-damage|p2a: Charizard|37/100 tox|[from] psn
|upkeep
|turn|139
|
|t:|1643923461
|move|p2a: Charizard|Roost|p2a: Charizard
|-heal|p2a: Charizard|87/100 tox
|-singleturn|p2a: Charizard|move: Roost
|move|p1a: Audino|Knock Off|p2a: Charizard
|-damage|p2a: Charizard|74/100 tox
|
|-damage|p2a: Charizard|62/100 tox|[from] psn
|upkeep
|turn|140
|
|t:|1643923467
|switch|p2a: Quagsire|Quagsire, F|72/100 brn
|move|p1a: Audino|Protect||[still]
|-fail|p1a: Audino
|
|-damage|p2a: Quagsire|66/100 brn|[from] brn
|upkeep
|turn|141
|
|t:|1643923472
|switch|p1a: Eldegoss|Eldegoss, M|100/100 tox
|switch|p2a: Charizard|Charizard, F|62/100 tox
|
|-damage|p2a: Charizard|56/100 tox|[from] psn
|-damage|p1a: Eldegoss|94/100 tox|[from] psn
|upkeep
|turn|142
|
|t:|1643923476
|switch|p1a: Audino|Audino, M|100/100
|move|p2a: Charizard|Flamethrower|p1a: Audino
|-damage|p1a: Audino|71/100
|
|-damage|p2a: Charizard|44/100 tox|[from] psn
|upkeep
|turn|143
|
|t:|1643923479
|switch|p1a: Eldegoss|Eldegoss, M|100/100 tox
|move|p2a: Charizard|Toxic|p1a: Eldegoss
|-fail|p1a: Eldegoss|tox
|
|-damage|p2a: Charizard|25/100 tox|[from] psn
|-damage|p1a: Eldegoss|94/100 tox|[from] psn
|upkeep
|turn|144
|
|t:|1643923481
|switch|p1a: Audino|Audino, M|100/100
|move|p2a: Charizard|Roost|p2a: Charizard
|-heal|p2a: Charizard|76/100 tox
|-singleturn|p2a: Charizard|move: Roost
|
|-damage|p2a: Charizard|51/100 tox|[from] psn
|upkeep
|turn|145
|
|t:|1643923483
|switch|p2a: Quagsire|Quagsire, F|66/100 brn
|switch|p1a: Eldegoss|Eldegoss, M|100/100 tox
|
|-damage|p1a: Eldegoss|94/100 tox|[from] psn
|-damage|p2a: Quagsire|60/100 brn|[from] brn
|upkeep
|turn|146
|
|t:|1643923487
|switch|p1a: Audino|Audino, M|100/100
|move|p2a: Quagsire|Curse|p2a: Quagsire
|-unboost|p2a: Quagsire|spe|1
|-boost|p2a: Quagsire|atk|1
|-boost|p2a: Quagsire|def|1
|
|-damage|p2a: Quagsire|54/100 brn|[from] brn
|upkeep
|turn|147
|
|t:|1643923493
|switch|p1a: Eldegoss|Eldegoss, M|100/100 tox
|move|p2a: Quagsire|Curse|p2a: Quagsire
|-unboost|p2a: Quagsire|spe|1
|-boost|p2a: Quagsire|atk|1
|-boost|p2a: Quagsire|def|1
|
|-damage|p1a: Eldegoss|94/100 tox|[from] psn
|-damage|p2a: Quagsire|48/100 brn|[from] brn
|upkeep
|turn|148
|
|t:|1643923495
|move|p1a: Eldegoss|Leech Seed|p2a: Quagsire
|-start|p2a: Quagsire|move: Leech Seed
|move|p2a: Quagsire|Recover|p2a: Quagsire
|-heal|p2a: Quagsire|98/100 brn
|
|-damage|p2a: Quagsire|86/100 brn|[from] Leech Seed|[of] p1a: Eldegoss
|-heal|p1a: Eldegoss|100/100 tox|[silent]
|-damage|p1a: Eldegoss|88/100 tox|[from] psn
|-damage|p2a: Quagsire|79/100 brn|[from] brn
|upkeep
|turn|149
|
|t:|1643923499
|switch|p1a: Quagsire|Quagsire, F, shiny|100/100
|move|p2a: Quagsire|Curse|p2a: Quagsire
|-unboost|p2a: Quagsire|spe|1
|-boost|p2a: Quagsire|atk|1
|-boost|p2a: Quagsire|def|1
|
|-damage|p2a: Quagsire|67/100 brn|[from] Leech Seed|[of] p1a: Quagsire
|-damage|p2a: Quagsire|61/100 brn|[from] brn
|upkeep
|turn|150
|
|t:|1643923506
|move|p1a: Quagsire|Scald|p2a: Quagsire
|-damage|p2a: Quagsire|36/100 brn
|move|p2a: Quagsire|Toxic|p1a: Quagsire
|-status|p1a: Quagsire|tox
|
|-damage|p2a: Quagsire|23/100 brn|[from] Leech Seed|[of] p1a: Quagsire
|-damage|p1a: Quagsire|94/100 tox|[from] psn
|-damage|p2a: Quagsire|17/100 brn|[from] brn
|upkeep
|turn|151
|
|t:|1643923509
|switch|p2a: Frosmoth|Frosmoth, F|62/100 brn
|move|p1a: Quagsire|Scald|p2a: Frosmoth
|-damage|p2a: Frosmoth|51/100 brn
|
|-heal|p1a: Quagsire|100/100 tox|[from] item: Leftovers
|-damage|p1a: Quagsire|88/100 tox|[from] psn
|-damage|p2a: Frosmoth|45/100 brn|[from] brn
|upkeep
|turn|152
|
|t:|1643923515
|switch|p1a: Cryogonal|Cryogonal, shiny|100/100
|move|p2a: Frosmoth|Quiver Dance|p2a: Frosmoth
|-boost|p2a: Frosmoth|spa|1
|-boost|p2a: Frosmoth|spd|1
|-boost|p2a: Frosmoth|spe|1
|
|-damage|p2a: Frosmoth|39/100 brn|[from] brn
|upkeep
|turn|153
|c|☆GlMMICKY|slowly but surely
|
|t:|1643923521
|move|p2a: Frosmoth|Giga Drain|p1a: Cryogonal
|-damage|p1a: Cryogonal|83/100
|-heal|p2a: Frosmoth|49/100 brn|[from] drain|[of] p1a: Cryogonal
|move|p1a: Cryogonal|Haze|p1a: Cryogonal
|-clearallboost
|
|-damage|p2a: Frosmoth|43/100 brn|[from] brn
|upkeep
|turn|154
|
|t:|1643923528
|switch|p2a: Charizard|Charizard, F|51/100 tox
|move|p1a: Cryogonal|Haze|p1a: Cryogonal
|-clearallboost
|
|-damage|p2a: Charizard|45/100 tox|[from] psn
|upkeep
|turn|155
|
|t:|1643923531
|switch|p1a: Eldegoss|Eldegoss, M|100/100 tox
|move|p2a: Charizard|Flamethrower|p1a: Eldegoss
|-supereffective|p1a: Eldegoss
|-damage|p1a: Eldegoss|44/100 tox
|
|-damage|p2a: Charizard|33/100 tox|[from] psn
|-damage|p1a: Eldegoss|38/100 tox|[from] psn
|upkeep
|turn|156
|
|t:|1643923536
|switch|p1a: Audino|Audino, M|100/100
|move|p2a: Charizard|Toxic|p1a: Audino
|-status|p1a: Audino|tox
|
|-damage|p2a: Charizard|15/100 tox|[from] psn
|-damage|p1a: Audino|94/100 tox|[from] psn
|upkeep
|turn|157
|
|t:|1643923544
|switch|p2a: Lunatone|Lunatone|31/100 brn
|move|p1a: Audino|Knock Off|p2a: Lunatone
|-supereffective|p2a: Lunatone
|-damage|p2a: Lunatone|9/100 brn
|
|-damage|p1a: Audino|82/100 tox|[from] psn
|-damage|p2a: Lunatone|3/100 brn|[from] brn
|upkeep
|turn|158
|
|t:|1643923548
|move|p2a: Lunatone|Moonlight|p2a: Lunatone
|-heal|p2a: Lunatone|53/100 brn
|move|p1a: Audino|Knock Off|p2a: Lunatone
|-supereffective|p2a: Lunatone
|-damage|p2a: Lunatone|28/100 brn
|
|-damage|p1a: Audino|64/100 tox|[from] psn
|-damage|p2a: Lunatone|22/100 brn|[from] brn
|upkeep
|turn|159
|
|t:|1643923554
|move|p2a: Lunatone|Moonlight|p2a: Lunatone
|-heal|p2a: Lunatone|72/100 brn
|move|p1a: Audino|Knock Off|p2a: Lunatone
|-supereffective|p2a: Lunatone
|-damage|p2a: Lunatone|49/100 brn
|
|-damage|p1a: Audino|40/100 tox|[from] psn
|-damage|p2a: Lunatone|43/100 brn|[from] brn
|upkeep
|turn|160
|
|t:|1643923557
|switch|p1a: Eldegoss|Eldegoss, M|71/100 tox
|move|p2a: Lunatone|Future Sight|p1a: Eldegoss
|-start|p2a: Lunatone|move: Future Sight
|
|-damage|p1a: Eldegoss|65/100 tox|[from] psn
|-damage|p2a: Lunatone|37/100 brn|[from] brn
|upkeep
|turn|161
|
|t:|1643923560
|move|p2a: Lunatone|Power Gem|p1a: Eldegoss
|-damage|p1a: Eldegoss|40/100 tox
|move|p1a: Eldegoss|Aromatherapy|p1a: Eldegoss
|-activate|p1a: Eldegoss|move: Aromatherapy
|-curestatus|p1a: Eldegoss|tox|[msg]
|-curestatus|p1: Quagsire|tox|[msg]
|-curestatus|p1: Audino|tox|[msg]
|
|-damage|p2a: Lunatone|30/100 brn|[from] brn
|upkeep
|turn|162
|
|t:|1643923565
|switch|p1a: Audino|Audino, M|73/100
|move|p2a: Lunatone|Power Gem|p1a: Audino
|-damage|p1a: Audino|47/100
|
|-end|p1a: Audino|move: Future Sight
|-crit|p1a: Audino
|-damage|p1a: Audino|0 fnt
|faint|p1a: Audino
|-damage|p2a: Lunatone|24/100 brn|[from] brn
|upkeep
|c|☆GlMMICKY|NOOOOOOOOOOOOOOOO
|
|t:|1643923576
|switch|p1a: Quagsire|Quagsire, F, shiny|88/100
|turn|163
|
|t:|1643923585
|move|p2a: Lunatone|Future Sight|p1a: Quagsire
|-start|p2a: Lunatone|move: Future Sight
|move|p1a: Quagsire|Scald|p2a: Lunatone
|-supereffective|p2a: Lunatone
|-crit|p2a: Lunatone
|-damage|p2a: Lunatone|0 fnt
|faint|p2a: Lunatone
|
|-heal|p1a: Quagsire|94/100|[from] item: Leftovers
|upkeep
|
|t:|1643923590
|switch|p2a: Frosmoth|Frosmoth, F|43/100 brn
|turn|164
|
|t:|1643923594
|switch|p1a: Cryogonal|Cryogonal, shiny|83/100
|move|p2a: Frosmoth|Giga Drain|p1a: Cryogonal
|-damage|p1a: Cryogonal|70/100
|-heal|p2a: Frosmoth|50/100 brn|[from] drain|[of] p1a: Cryogonal
|
|-damage|p2a: Frosmoth|44/100 brn|[from] brn
|upkeep
|turn|165
|
|t:|1643923613
|switch|p2a: Quagsire|Quagsire, F|17/100 brn
|move|p1a: Cryogonal|Haze|p1a: Cryogonal
|-clearallboost
|
|-end|p1a: Cryogonal|move: Future Sight
|-damage|p1a: Cryogonal|39/100
|-damage|p2a: Quagsire|11/100 brn|[from] brn
|upkeep
|turn|166
|
|t:|1643923620
|move|p1a: Cryogonal|Recover|p1a: Cryogonal
|-heal|p1a: Cryogonal|89/100
|move|p2a: Quagsire|Recover|p2a: Quagsire
|-heal|p2a: Quagsire|61/100 brn
|
|-damage|p2a: Quagsire|55/100 brn|[from] brn
|upkeep
|turn|167
|
|t:|1643923627
|switch|p1a: Eldegoss|Eldegoss, M|74/100
|switch|p2a: Charizard|Charizard, F|15/100 tox
|
|-damage|p2a: Charizard|9/100 tox|[from] psn
|upkeep
|turn|168
|
|t:|1643923633
|move|p2a: Charizard|Roost|p2a: Charizard
|-heal|p2a: Charizard|59/100 tox
|-singleturn|p2a: Charizard|move: Roost
|move|p1a: Eldegoss|Leech Seed|p2a: Charizard
|-start|p2a: Charizard|move: Leech Seed
|
|-damage|p2a: Charizard|47/100 tox|[from] Leech Seed|[of] p1a: Eldegoss
|-heal|p1a: Eldegoss|85/100|[silent]
|-damage|p2a: Charizard|35/100 tox|[from] psn
|upkeep
|turn|169
|
|t:|1643923638
|switch|p2a: Frosmoth|Frosmoth, F|44/100 brn
|switch|p1a: Quagsire|Quagsire, F, shiny|94/100
|
|-heal|p1a: Quagsire|100/100|[from] item: Leftovers
|-damage|p2a: Frosmoth|38/100 brn|[from] brn
|upkeep
|turn|170
|
|t:|1643923641
|switch|p2a: Charizard|Charizard, F|35/100 tox
|switch|p1a: Cryogonal|Cryogonal, shiny|89/100
|
|-damage|p2a: Charizard|28/100 tox|[from] psn
|upkeep
|turn|171
|
|t:|1643923648
|switch|p1a: Quagsire|Quagsire, F, shiny|100/100
|move|p2a: Charizard|Toxic|p1a: Quagsire
|-status|p1a: Quagsire|tox
|
|-damage|p2a: Charizard|16/100 tox|[from] psn
|-damage|p1a: Quagsire|94/100 tox|[from] psn
|upkeep
|turn|172
|
|t:|1643923656
|switch|p2a: Frosmoth|Frosmoth, F|38/100 brn
|move|p1a: Quagsire|Scald|p2a: Frosmoth
|-damage|p2a: Frosmoth|27/100 brn
|
|-heal|p1a: Quagsire|100/100 tox|[from] item: Leftovers
|-damage|p1a: Quagsire|88/100 tox|[from] psn
|-damage|p2a: Frosmoth|21/100 brn|[from] brn
|upkeep
|turn|173
|
|t:|1643923659
|switch|p1a: Cryogonal|Cryogonal, shiny|89/100
|move|p2a: Frosmoth|Giga Drain|p1a: Cryogonal
|-damage|p1a: Cryogonal|77/100
|-heal|p2a: Frosmoth|28/100 brn|[from] drain|[of] p1a: Cryogonal
|
|-damage|p2a: Frosmoth|22/100 brn|[from] brn
|upkeep
|turn|174
|
|t:|1643923672
|switch|p2a: Quagsire|Quagsire, F|55/100 brn
|move|p1a: Cryogonal|Haze|p1a: Cryogonal
|-clearallboost
|
|-damage|p2a: Quagsire|49/100 brn|[from] brn
|upkeep
|turn|175
|
|t:|1643923678
|switch|p1a: Eldegoss|Eldegoss, M|100/100
|move|p2a: Quagsire|Recover|p2a: Quagsire
|-heal|p2a: Quagsire|99/100 brn
|
|-damage|p2a: Quagsire|93/100 brn|[from] brn
|upkeep
|turn|176
|
|t:|1643923683
|move|p1a: Eldegoss|Leech Seed|p2a: Quagsire
|-start|p2a: Quagsire|move: Leech Seed
|move|p2a: Quagsire|Toxic|p1a: Eldegoss
|-status|p1a: Eldegoss|tox
|
|-damage|p2a: Quagsire|80/100 brn|[from] Leech Seed|[of] p1a: Eldegoss
|-damage|p1a: Eldegoss|94/100 tox|[from] psn
|-damage|p2a: Quagsire|74/100 brn|[from] brn
|upkeep
|turn|177
|
|t:|1643923686
|move|p1a: Eldegoss|Aromatherapy|p1a: Eldegoss
|-activate|p1a: Eldegoss|move: Aromatherapy
|-curestatus|p1a: Eldegoss|tox|[msg]
|-curestatus|p1: Quagsire|tox|[msg]
|move|p2a: Quagsire|Toxic|p1a: Eldegoss
|-status|p1a: Eldegoss|tox
|
|-damage|p2a: Quagsire|62/100 brn|[from] Leech Seed|[of] p1a: Eldegoss
|-heal|p1a: Eldegoss|100/100 tox|[silent]
|-damage|p1a: Eldegoss|94/100 tox|[from] psn
|-damage|p2a: Quagsire|56/100 brn|[from] brn
|upkeep
|turn|178
|
|t:|1643923693
|switch|p1a: Quagsire|Quagsire, F, shiny|88/100
|switch|p2a: Charizard|Charizard, F|16/100 tox
|
|-heal|p1a: Quagsire|94/100|[from] item: Leftovers
|-damage|p2a: Charizard|10/100 tox|[from] psn
|upkeep
|turn|179
|c|☆GlMMICKY|YES
|c|☆GlMMICKY|SWITCH
|c|☆GlMMICKY|SWITCH BROTHER
|c|☆GlMMICKY|SWITCH
|c|☆GlMMICKY|TAKE THE HIT
|
|t:|1643923718
|switch|p2a: Frosmoth|Frosmoth, F|22/100 brn
|move|p1a: Quagsire|Scald|p2a: Frosmoth
|-damage|p2a: Frosmoth|10/100 brn
|
|-heal|p1a: Quagsire|100/100|[from] item: Leftovers
|-damage|p2a: Frosmoth|4/100 brn|[from] brn
|upkeep
|turn|180
|c|☆GlMMICKY|SWITCH BROTHER
|c|☆GlMMICKY|THANK U LORD
|
|t:|1643923724
|switch|p1a: Cryogonal|Cryogonal, shiny|77/100
|move|p2a: Frosmoth|Giga Drain|p1a: Cryogonal
|-crit|p1a: Cryogonal
|-damage|p1a: Cryogonal|58/100
|-heal|p2a: Frosmoth|15/100 brn|[from] drain|[of] p1a: Cryogonal
|
|-damage|p2a: Frosmoth|9/100 brn|[from] brn
|upkeep
|turn|181
|
|t:|1643923733
|move|p2a: Frosmoth|Giga Drain|p1a: Cryogonal
|-damage|p1a: Cryogonal|47/100
|-heal|p2a: Frosmoth|16/100 brn|[from] drain|[of] p1a: Cryogonal
|move|p1a: Cryogonal|Recover|p1a: Cryogonal
|-heal|p1a: Cryogonal|97/100
|
|-damage|p2a: Frosmoth|10/100 brn|[from] brn
|upkeep
|turn|182
|
|t:|1643923737
|move|p2a: Frosmoth|Giga Drain|p1a: Cryogonal
|-damage|p1a: Cryogonal|85/100
|-heal|p2a: Frosmoth|17/100 brn|[from] drain|[of] p1a: Cryogonal
|move|p1a: Cryogonal|Haze|p1a: Cryogonal
|-clearallboost
|
|-damage|p2a: Frosmoth|11/100 brn|[from] brn
|upkeep
|turn|183
|
|t:|1643923744
|move|p2a: Frosmoth|Giga Drain|p1a: Cryogonal
|-damage|p1a: Cryogonal|73/100
|-heal|p2a: Frosmoth|18/100 brn|[from] drain|[of] p1a: Cryogonal
|move|p1a: Cryogonal|Haze|p1a: Cryogonal
|-clearallboost
|
|-damage|p2a: Frosmoth|12/100 brn|[from] brn
|upkeep
|turn|184
|
|t:|1643923748
|move|p2a: Frosmoth|Giga Drain|p1a: Cryogonal
|-damage|p1a: Cryogonal|60/100
|-heal|p2a: Frosmoth|20/100 brn|[from] drain|[of] p1a: Cryogonal
|move|p1a: Cryogonal|Haze|p1a: Cryogonal
|-clearallboost
|
|-damage|p2a: Frosmoth|14/100 brn|[from] brn
|upkeep
|turn|185
|
|t:|1643923753
|move|p2a: Frosmoth|Giga Drain|p1a: Cryogonal
|-damage|p1a: Cryogonal|46/100
|-heal|p2a: Frosmoth|22/100 brn|[from] drain|[of] p1a: Cryogonal
|move|p1a: Cryogonal|Recover|p1a: Cryogonal
|-heal|p1a: Cryogonal|96/100
|
|-damage|p2a: Frosmoth|16/100 brn|[from] brn
|upkeep
|turn|186
|
|t:|1643923758
|move|p2a: Frosmoth|Giga Drain|p1a: Cryogonal
|-damage|p1a: Cryogonal|85/100
|-heal|p2a: Frosmoth|23/100 brn|[from] drain|[of] p1a: Cryogonal
|move|p1a: Cryogonal|Haze|p1a: Cryogonal
|-clearallboost
|
|-damage|p2a: Frosmoth|16/100 brn|[from] brn
|upkeep
|turn|187
|
|t:|1643923761
|move|p2a: Frosmoth|Ice Beam|p1a: Cryogonal
|-resisted|p1a: Cryogonal
|-damage|p1a: Cryogonal|73/100
|move|p1a: Cryogonal|Haze|p1a: Cryogonal
|-clearallboost
|
|-damage|p2a: Frosmoth|10/100 brn|[from] brn
|upkeep
|turn|188
|
|t:|1643923764
|move|p2a: Frosmoth|Ice Beam|p1a: Cryogonal
|-resisted|p1a: Cryogonal
|-damage|p1a: Cryogonal|62/100
|move|p1a: Cryogonal|Haze|p1a: Cryogonal
|-clearallboost
|
|-damage|p2a: Frosmoth|4/100 brn|[from] brn
|upkeep
|turn|189
|
|t:|1643923770
|move|p2a: Frosmoth|Ice Beam|p1a: Cryogonal
|-resisted|p1a: Cryogonal
|-damage|p1a: Cryogonal|50/100
|move|p1a: Cryogonal|Recover|p1a: Cryogonal
|-heal|p1a: Cryogonal|100/100
|
|-damage|p2a: Frosmoth|0 fnt|[from] brn
|faint|p2a: Frosmoth
|upkeep
|c|☆GlMMICKY|THANK U LORD
|
|t:|1643923771
|switch|p2a: Charizard|Charizard, F|10/100 tox
|turn|190
|c|☆GlMMICKY|IT IS ALL OGRE BROTHER
|
|t:|1643923782
|switch|p1a: Quagsire|Quagsire, F, shiny|100/100
|move|p2a: Charizard|Flamethrower|p1a: Quagsire
|-resisted|p1a: Quagsire
|-damage|p1a: Quagsire|60/100
|
|-heal|p1a: Quagsire|66/100|[from] item: Leftovers
|-damage|p2a: Charizard|4/100 tox|[from] psn
|upkeep
|turn|191
|c|☆panned bomb|GG
|-message|panned bomb forfeited.
|
|win|GlMMICKY
|raw|GlMMICKY's rating: 1393 &rarr; <strong>1419</strong><br />(+26 for winning)
|raw|panned bomb's rating: 1499 &rarr; <strong>1473</strong><br />(-26 for losing)
|c|☆GlMMICKY|BACK TO THE LOWER RANKS U GO
|l|☆GlMMICKY
|l|☆panned bomb
||Ladder isn't responding, score probably updated but might not have (Request timeout).
|j|☆panned bomb
|player|p2|panned bomb|169
|l|☆panned bomb
|player|p2|
