|raw|<div class="broadcast-blue"><strong>This battle is required to be public due to a player having a name starting with 'pult4c1'.</div>
|j|☆pult4c1 shane
|j|☆PULT4C1 Carmin
|t:|1660936230
|gametype|singles
|player|p1|pult4c1 shane|veteran|1583
|player|p2|PULT4C1 Carmin|firebreather|1533
|teamsize|p1|6
|teamsize|p2|6
|gen|8
|tier|[Gen 8] PU
|rated|
|rule|Sleep Clause Mod: Limit one foe put to sleep
|rule|Species Clause: Limit one of each Pokémon
|rule|OHKO Clause: OHKO moves are banned
|rule|Evasion Items Clause: Evasion items are banned
|rule|Evasion Moves Clause: Evasion moves are banned
|rule|Endless Battle Clause: Forcing endless battles is banned
|rule|HP Percentage Mod: HP is shown in percentages
|rule|Dynamax Clause: You cannot dynamax
|clearpoke
|poke|p1|Abomasnow, M|
|poke|p1|Wishiwashi, F|
|poke|p1|Weezing, M|
|poke|p1|Gigalith, F|
|poke|p1|Ribombee, F|
|poke|p1|Charizard, F|
|poke|p2|Golduck, M|
|poke|p2|Kangaskhan, F|
|poke|p2|Aromatisse, F|
|poke|p2|Avalugg, M|
|poke|p2|Doublade, M|
|poke|p2|Altaria, F|
|teampreview
|inactive|Battle timer is ON: inactive players will automatically lose when time's up. (requested by PULT4C1 Carmin)
|inactive|pult4c1 shane also wants the timer to be on.
|inactive|PULT4C1 Carmin has 120 seconds left.
|j| PULT4C1 Haffling
|inactive|PULT4C1 Carmin has 90 seconds left.
|
|t:|1660936296
|start
|switch|p1a: Gigalith|Gigalith, F|100/100
|switch|p2a: Kangaskhan|Kangaskhan, F|100/100
|-weather|Sandstorm|[from] ability: Sand Stream|[of] p1a: Gigalith
|turn|1
|inactive|pult4c1 shane has 120 seconds left.
|
|t:|1660936329
|move|p2a: Kangaskhan|Earthquake|p1a: Gigalith
|-supereffective|p1a: Gigalith
|-damage|p1a: Gigalith|57/100
|move|p1a: Gigalith|Stealth Rock|p2a: Kangaskhan
|-sidestart|p2: PULT4C1 Carmin|move: Stealth Rock
|
|-weather|Sandstorm|[upkeep]
|-damage|p2a: Kangaskhan|95/100|[from] Sandstorm
|-heal|p1a: Gigalith|63/100|[from] item: Leftovers
|upkeep
|turn|2
|
|t:|1660936337
|switch|p2a: Avalugg|Avalugg, M|100/100
|switch|p1a: Weezing|Weezing, M|100/100
|
|-weather|Sandstorm|[upkeep]
|-damage|p1a: Weezing|95/100|[from] Sandstorm
|-damage|p2a: Avalugg|94/100|[from] Sandstorm
|-heal|p1a: Weezing|100/100|[from] item: Black Sludge
|upkeep
|turn|3
|
|t:|1660936342
|switch|p2a: Altaria|Altaria, F|100/100
|move|p1a: Weezing|Sludge Bomb|p2a: Altaria
|-crit|p2a: Altaria
|-damage|p2a: Altaria|73/100
|-status|p2a: Altaria|psn
|
|-weather|Sandstorm|[upkeep]
|-damage|p1a: Weezing|95/100|[from] Sandstorm
|-damage|p2a: Altaria|66/100 psn|[from] Sandstorm
|-heal|p1a: Weezing|100/100|[from] item: Black Sludge
|-damage|p2a: Altaria|54/100 psn|[from] psn
|upkeep
|turn|4
|j| xskelly34
|
|t:|1660936348
|move|p1a: Weezing|Taunt|p2a: Altaria
|-start|p2a: Altaria|move: Taunt
|cant|p2a: Altaria|move: Taunt|Defog
|
|-weather|Sandstorm|[upkeep]
|-damage|p1a: Weezing|95/100|[from] Sandstorm
|-damage|p2a: Altaria|48/100 psn|[from] Sandstorm
|-heal|p1a: Weezing|100/100|[from] item: Black Sludge
|-damage|p2a: Altaria|35/100 psn|[from] psn
|upkeep
|turn|5
|
|t:|1660936364
|-curestatus|p2a: Altaria|psn|[from] ability: Natural Cure
|switch|p2a: Golduck|Golduck, M|100/100
|-damage|p2a: Golduck|88/100|[from] Stealth Rock
|-ability|p2a: Golduck|Cloud Nine
|move|p1a: Weezing|Sludge Bomb|p2a: Golduck
|-damage|p2a: Golduck|53/100
|
|-weather|none
|upkeep
|turn|6
|
|t:|1660936374
|switch|p1a: Wishiwashi|Wishiwashi, F|100/100
|-formechange|p1a: Wishiwashi|Wishiwashi-School||[from] ability: Schooling
|move|p2a: Golduck|Flip Turn|p1a: Wishiwashi
|-resisted|p1a: Wishiwashi
|-damage|p1a: Wishiwashi|95/100
|
|t:|1660936378
|switch|p2a: Altaria|Altaria, F|35/100|[from]move: Flip Turn
|
|-heal|p1a: Wishiwashi|100/100|[from] item: Leftovers
|upkeep
|turn|7
|
|t:|1660936381
|move|p2a: Altaria|Roost|p2a: Altaria
|-heal|p2a: Altaria|85/100
|-singleturn|p2a: Altaria|move: Roost
|move|p1a: Wishiwashi|U-turn|p2a: Altaria
|-crit|p2a: Altaria
|-damage|p2a: Altaria|51/100
|
|t:|1660936384
|switch|p1a: Abomasnow|Abomasnow, M|100/100|[from]move: U-turn
|-weather|Hail|[from] ability: Snow Warning|[of] p1a: Abomasnow
|
|-weather|Hail|[upkeep]
|-damage|p2a: Altaria|45/100|[from] Hail
|upkeep
|turn|8
|
|t:|1660936387
|move|p1a: Abomasnow|Blizzard|p2a: Altaria
|-supereffective|p2a: Altaria
|-damage|p2a: Altaria|0 fnt
|faint|p2a: Altaria
|
|-weather|Hail|[upkeep]
|upkeep
|
|t:|1660936402
|switch|p2a: Kangaskhan|Kangaskhan, F|95/100
|-damage|p2a: Kangaskhan|82/100|[from] Stealth Rock
|turn|9
|
|t:|1660936411
|switch|p1a: Wishiwashi|Wishiwashi, F|100/100
|-formechange|p1a: Wishiwashi|Wishiwashi-School||[from] ability: Schooling
|move|p2a: Kangaskhan|Fake Out|p1a: Wishiwashi
|-damage|p1a: Wishiwashi|84/100
|
|-weather|Hail|[upkeep]
|-damage|p2a: Kangaskhan|76/100|[from] Hail
|-damage|p1a: Wishiwashi|78/100|[from] Hail
|-heal|p1a: Wishiwashi|84/100|[from] item: Leftovers
|upkeep
|turn|10
|
|t:|1660936438
|move|p2a: Kangaskhan|Double-Edge|p1a: Wishiwashi
|-damage|p1a: Wishiwashi|39/100
|-damage|p2a: Kangaskhan|64/100|[from] Recoil
|move|p1a: Wishiwashi|Scald|p2a: Kangaskhan
|-damage|p2a: Kangaskhan|20/100
|
|-weather|Hail|[upkeep]
|-damage|p2a: Kangaskhan|14/100|[from] Hail
|-damage|p1a: Wishiwashi|33/100|[from] Hail
|-heal|p1a: Wishiwashi|39/100|[from] item: Leftovers
|upkeep
|turn|11
|
|t:|1660936447
|switch|p1a: Gigalith|Gigalith, F|63/100
|-weather|Sandstorm|[from] ability: Sand Stream|[of] p1a: Gigalith
|move|p2a: Kangaskhan|Double-Edge|p1a: Gigalith
|-resisted|p1a: Gigalith
|-damage|p1a: Gigalith|37/100
|-damage|p2a: Kangaskhan|5/100|[from] Recoil
|
|-weather|Sandstorm|[upkeep]
|-damage|p2a: Kangaskhan|0 fnt|[from] Sandstorm
|faint|p2a: Kangaskhan
|-heal|p1a: Gigalith|43/100|[from] item: Leftovers
|upkeep
|
|t:|1660936451
|switch|p2a: Avalugg|Avalugg, M|94/100
|turn|12
|
|t:|1660936461
|move|p2a: Avalugg|Rapid Spin|p1a: Gigalith
|-resisted|p1a: Gigalith
|-damage|p1a: Gigalith|38/100
|-boost|p2a: Avalugg|spe|1
|-sideend|p2: PULT4C1 Carmin|Stealth Rock|[from] move: Rapid Spin|[of] p2a: Avalugg
|move|p1a: Gigalith|Rock Blast|p2a: Avalugg
|-supereffective|p2a: Avalugg
|-damage|p2a: Avalugg|85/100
|-supereffective|p2a: Avalugg
|-damage|p2a: Avalugg|76/100
|-supereffective|p2a: Avalugg
|-damage|p2a: Avalugg|66/100
|-hitcount|p2a: Avalugg|3
|
|-weather|Sandstorm|[upkeep]
|-damage|p2a: Avalugg|60/100|[from] Sandstorm
|-heal|p1a: Gigalith|44/100|[from] item: Leftovers
|upkeep
|turn|13
|
|t:|1660936464
|switch|p1a: Wishiwashi|Wishiwashi, F|39/100
|-formechange|p1a: Wishiwashi|Wishiwashi-School||[from] ability: Schooling
|move|p2a: Avalugg|Earthquake|p1a: Wishiwashi
|-damage|p1a: Wishiwashi|21/100
|
|-weather|Sandstorm|[upkeep]
|-damage|p2a: Avalugg|54/100|[from] Sandstorm
|-damage|p1a: Wishiwashi|14/100|[from] Sandstorm
|-heal|p1a: Wishiwashi|21/100|[from] item: Leftovers
|-formechange|p1a: Wishiwashi|Wishiwashi||[from] ability: Schooling
|upkeep
|turn|14
|
|t:|1660936470
|move|p2a: Avalugg|Earthquake|p1a: Wishiwashi
|-damage|p1a: Wishiwashi|0 fnt
|faint|p1a: Wishiwashi
|
|-weather|Sandstorm|[upkeep]
|-damage|p2a: Avalugg|48/100|[from] Sandstorm
|upkeep
|
|t:|1660936483
|switch|p1a: Abomasnow|Abomasnow, M|100/100
|-weather|Hail|[from] ability: Snow Warning|[of] p1a: Abomasnow
|turn|15
|
|t:|1660936492
|switch|p2a: Doublade|Doublade, M|100/100
|move|p1a: Abomasnow|Giga Drain|p2a: Doublade
|-resisted|p2a: Doublade
|-damage|p2a: Doublade|66/100
|
|-weather|Hail|[upkeep]
|-damage|p2a: Doublade|59/100|[from] Hail
|upkeep
|turn|16
|
|t:|1660936505
|switch|p2a: Golduck|Golduck, M|53/100
|-ability|p2a: Golduck|Cloud Nine
|move|p1a: Abomasnow|Giga Drain|p2a: Golduck
|-supereffective|p2a: Golduck
|-damage|p2a: Golduck|0 fnt
|faint|p2a: Golduck
|
|-weather|Hail|[upkeep]
|upkeep
|-message|PULT4C1 Carmin forfeited.
|
|win|pult4c1 shane
|raw|pult4c1 shane's rating: 1583 &rarr; <strong>1600</strong><br />(+17 for winning)
|raw|PULT4C1 Carmin's rating: 1533 &rarr; <strong>1516</strong><br />(-17 for losing)
|l|☆PULT4C1 Carmin
|l|☆pult4c1 shane
|j|☆pult4c1 shane
|player|p1|pult4c1 shane|veteran
