|j|☆Lady Writer ☾
|j|☆AmusablePoet
|inactive|Battle timer is ON: inactive players will automatically lose when time's up.
|t:|1665539016
|gametype|singles
|player|p1|Lady Writer ☾|furisodegirl-black|
|player|p2|AmusablePoet|waiter-gen4dp|
|teamsize|p1|6
|teamsize|p2|6
|gen|8
|tier|[Gen 8] PU
|rated|Tournament battle
|rule|Sleep Clause Mod: Limit one foe put to sleep
|rule|Species Clause: Limit one of each Pokémon
|rule|OHKO Clause: OHKO moves are banned
|rule|Evasion Items Clause: Evasion items are banned
|rule|Evasion Moves Clause: Evasion moves are banned
|rule|Endless Battle Clause: Forcing endless battles is banned
|rule|HP Percentage Mod: HP is shown in percentages
|rule|Dynamax Clause: You cannot dynamax
|clearpoke
|poke|p1|Regirock|
|poke|p1|Quagsire, F|
|poke|p1|Eldegoss, M|
|poke|p1|Doublade, F|
|poke|p1|Charizard, F|
|poke|p1|Audino, M|
|poke|p2|Gigalith, F|
|poke|p2|Ferroseed, F|
|poke|p2|Sandslash, F|
|poke|p2|Articuno-Galar|
|poke|p2|Sableye, F|
|poke|p2|Ribombee, M|
|teampreview
|j|*Lady Monita ☽
|inactive|Lady Writer ☾ also wants the timer to be on.
|inactive|AmusablePoet also wants the timer to be on.
|c|☆Lady Writer ☾|who is this
|inactive|Lady Writer ☾ has 120 seconds left.
|
|t:|1665539063
|start
|switch|p1a: Audino|Audino, M|100/100
|switch|p2a: Sandslash|Sandslash, F|100/100
|turn|1
|c|☆AmusablePoet|similar to you
|c|☆AmusablePoet|you are a writer im a poet
|c|☆Lady Writer ☾|i know this team
|c|☆Lady Writer ☾|soulgazer used it
|inactive|AmusablePoet has 120 seconds left.
|inactive|AmusablePoet has 90 seconds left.
|c|☆AmusablePoet|he did
|
|t:|1665539127
|move|p2a: Sandslash|Knock Off|p1a: Audino
|-damage|p1a: Audino|71/100
|-enditem|p1a: Audino|Heavy-Duty Boots|[from] move: Knock Off|[of] p2a: Sandslash
|move|p1a: Audino|Knock Off|p2a: Sandslash
|-damage|p2a: Sandslash|85/100
|-enditem|p2a: Sandslash|Leftovers|[from] move: Knock Off|[of] p1a: Audino
|
|upkeep
|turn|2
|
|t:|1665539135
|move|p2a: Sandslash|Swords Dance|p2a: Sandslash
|-boost|p2a: Sandslash|atk|2
|move|p1a: Audino|Wish|p1a: Audino
|
|upkeep
|turn|3
|
|t:|1665539139
|switch|p1a: Quagsire|Quagsire, F|100/100
|move|p2a: Sandslash|Knock Off|p1a: Quagsire
|-damage|p1a: Quagsire|79/100
|-damage|p2a: Sandslash|69/100|[from] item: Rocky Helmet|[of] p1a: Quagsire
|-enditem|p1a: Quagsire|Rocky Helmet|[from] move: Knock Off|[of] p2a: Sandslash
|
|-heal|p1a: Quagsire|100/100|[from] move: Wish|[wisher] Audino
|upkeep
|turn|4
|
|t:|1665539151
|switch|p2a: Ribombee|Ribombee, M|100/100
|move|p1a: Quagsire|Earthquake|p2a: Ribombee
|-resisted|p2a: Ribombee
|-damage|p2a: Ribombee|73/100
|
|upkeep
|turn|5
|
|t:|1665539155
|switch|p1a: Regirock|Regirock|100/100
|move|p2a: Ribombee|Moonblast|p1a: Regirock
|-damage|p1a: Regirock|72/100
|
|-heal|p1a: Regirock|78/100|[from] item: Leftovers
|upkeep
|turn|6
|
|t:|1665539159
|switch|p2a: Sableye|Sableye, F|100/100
|move|p1a: Regirock|Stealth Rock|p2a: Sableye
|-sidestart|p2: AmusablePoet|move: Stealth Rock
|
|-heal|p1a: Regirock|84/100|[from] item: Leftovers
|upkeep
|turn|7
|
|t:|1665539162
|switch|p1a: Audino|Audino, M|100/100
|move|p2a: Sableye|Will-O-Wisp|p1a: Audino
|-status|p1a: Audino|brn
|
|-damage|p1a: Audino|94/100 brn|[from] brn
|upkeep
|turn|8
|j| SpookiestCactus63
|
|t:|1665539167
|switch|p2a: Gigalith|Gigalith, F|100/100
|-damage|p2a: Gigalith|88/100|[from] Stealth Rock
|-weather|Sandstorm|[from] ability: Sand Stream|[of] p2a: Gigalith
|move|p1a: Audino|Knock Off|p2a: Gigalith
|-damage|p2a: Gigalith|83/100
|-enditem|p2a: Gigalith|Smooth Rock|[from] move: Knock Off|[of] p1a: Audino
|
|-weather|Sandstorm|[upkeep]
|-damage|p1a: Audino|88/100 brn|[from] Sandstorm
|-damage|p1a: Audino|82/100 brn|[from] brn
|upkeep
|turn|9
|
|t:|1665539175
|switch|p1a: Doublade|Doublade, F|100/100
|move|p2a: Gigalith|Stealth Rock|p1a: Doublade
|-sidestart|p1: Lady Writer ☾|move: Stealth Rock
|
|-weather|Sandstorm|[upkeep]
|upkeep
|turn|10
|
|t:|1665539183
|switch|p2a: Sableye|Sableye, F|100/100
|-damage|p2a: Sableye|88/100|[from] Stealth Rock
|move|p1a: Doublade|Shadow Claw|p2a: Sableye
|-damage|p2a: Sableye|63/100
|
|-weather|Sandstorm|[upkeep]
|-damage|p2a: Sableye|57/100|[from] Sandstorm
|-heal|p2a: Sableye|63/100|[from] item: Leftovers
|upkeep
|turn|11
|
|t:|1665539186
|switch|p1a: Audino|Audino, M|100/100 brn
|-damage|p1a: Audino|88/100 brn|[from] Stealth Rock
|move|p2a: Sableye|Recover|p2a: Sableye
|-heal|p2a: Sableye|100/100
|
|-weather|Sandstorm|[upkeep]
|-damage|p2a: Sableye|94/100|[from] Sandstorm
|-damage|p1a: Audino|82/100 brn|[from] Sandstorm
|-heal|p2a: Sableye|100/100|[from] item: Leftovers
|-damage|p1a: Audino|76/100 brn|[from] brn
|upkeep
|turn|12
|
|t:|1665539197
|switch|p2a: Gigalith|Gigalith, F|83/100
|-damage|p2a: Gigalith|71/100|[from] Stealth Rock
|move|p1a: Audino|Wish|p1a: Audino
|
|-weather|Sandstorm|[upkeep]
|-damage|p1a: Audino|70/100 brn|[from] Sandstorm
|-damage|p1a: Audino|64/100 brn|[from] brn
|upkeep
|turn|13
|
|t:|1665539203
|switch|p1a: Doublade|Doublade, F|100/100
|-damage|p1a: Doublade|94/100|[from] Stealth Rock
|move|p2a: Gigalith|Rock Blast|p1a: Doublade
|-resisted|p1a: Doublade
|-damage|p1a: Doublade|91/100
|-resisted|p1a: Doublade
|-damage|p1a: Doublade|89/100
|-resisted|p1a: Doublade
|-damage|p1a: Doublade|86/100
|-resisted|p1a: Doublade
|-damage|p1a: Doublade|83/100
|-resisted|p1a: Doublade
|-damage|p1a: Doublade|80/100
|-hitcount|p1a: Doublade|5
|
|-weather|Sandstorm|[upkeep]
|-heal|p1a: Doublade|100/100|[from] move: Wish|[wisher] Audino
|upkeep
|turn|14
|
|t:|1665539207
|switch|p2a: Sableye|Sableye, F|100/100
|-damage|p2a: Sableye|88/100|[from] Stealth Rock
|move|p1a: Doublade|Shadow Claw|p2a: Sableye
|-damage|p2a: Sableye|63/100
|
|-weather|Sandstorm|[upkeep]
|-damage|p2a: Sableye|57/100|[from] Sandstorm
|-heal|p2a: Sableye|63/100|[from] item: Leftovers
|upkeep
|turn|15
|
|t:|1665539213
|switch|p1a: Audino|Audino, M|97/100 brn
|-damage|p1a: Audino|84/100 brn|[from] Stealth Rock
|move|p2a: Sableye|Recover|p2a: Sableye
|-heal|p2a: Sableye|100/100
|
|-weather|none
|-damage|p1a: Audino|78/100 brn|[from] brn
|upkeep
|turn|16
|
|t:|1665539227
|switch|p2a: Gigalith|Gigalith, F|71/100
|-damage|p2a: Gigalith|58/100|[from] Stealth Rock
|-weather|Sandstorm|[from] ability: Sand Stream|[of] p2a: Gigalith
|move|p1a: Audino|Knock Off|p2a: Gigalith
|-damage|p2a: Gigalith|55/100
|
|-weather|Sandstorm|[upkeep]
|-damage|p1a: Audino|72/100 brn|[from] Sandstorm
|-damage|p1a: Audino|66/100 brn|[from] brn
|upkeep
|turn|17
|c|☆Lady Writer ☾|so it is
|
|t:|1665539237
|switch|p1a: Eldegoss|Eldegoss, M|100/100
|move|p2a: Gigalith|Rock Blast|p1a: Eldegoss
|-damage|p1a: Eldegoss|91/100
|-damage|p1a: Eldegoss|82/100
|-hitcount|p1a: Eldegoss|2
|
|-weather|Sandstorm|[upkeep]
|-damage|p1a: Eldegoss|75/100|[from] Sandstorm
|upkeep
|turn|18
|
|t:|1665539240
|move|p1a: Eldegoss|Leech Seed|p2a: Gigalith
|-start|p2a: Gigalith|move: Leech Seed
|move|p2a: Gigalith|Toxic|p1a: Eldegoss|[miss]
|-miss|p2a: Gigalith|p1a: Eldegoss
|
|-weather|Sandstorm|[upkeep]
|-damage|p1a: Eldegoss|69/100|[from] Sandstorm
|-damage|p2a: Gigalith|42/100|[from] Leech Seed|[of] p1a: Eldegoss
|-heal|p1a: Eldegoss|84/100|[silent]
|upkeep
|turn|19
|
|t:|1665539245
|switch|p2a: Sableye|Sableye, F|100/100
|-damage|p2a: Sableye|88/100|[from] Stealth Rock
|move|p1a: Eldegoss|Rapid Spin|p2a: Sableye
|-immune|p2a: Sableye
|
|-weather|Sandstorm|[upkeep]
|-damage|p1a: Eldegoss|77/100|[from] Sandstorm
|-damage|p2a: Sableye|82/100|[from] Sandstorm
|-heal|p2a: Sableye|88/100|[from] item: Leftovers
|upkeep
|turn|20
|
|t:|1665539249
|switch|p1a: Audino|Audino, M|99/100 brn
|-damage|p1a: Audino|87/100 brn|[from] Stealth Rock
|switch|p2a: Ferroseed|Ferroseed, F|100/100
|-damage|p2a: Ferroseed|94/100|[from] Stealth Rock
|
|-weather|none
|-damage|p1a: Audino|81/100 brn|[from] brn
|upkeep
|turn|21
|
|t:|1665539267
|switch|p1a: Eldegoss|Eldegoss, M|100/100
|move|p2a: Ferroseed|Spikes|p1a: Eldegoss
|-sidestart|p1: Lady Writer ☾|Spikes
|
|upkeep
|turn|22
|
|t:|1665539270
|move|p1a: Eldegoss|Giga Drain|p2a: Ferroseed
|-resisted|p2a: Ferroseed
|-damage|p2a: Ferroseed|91/100
|move|p2a: Ferroseed|Toxic|p1a: Eldegoss
|-status|p1a: Eldegoss|tox
|
|-damage|p1a: Eldegoss|94/100 tox|[from] psn
|upkeep
|turn|23
|
|t:|1665539272
|switch|p2a: Sableye|Sableye, F|88/100
|-damage|p2a: Sableye|75/100|[from] Stealth Rock
|move|p1a: Eldegoss|Aromatherapy|p1a: Eldegoss
|-activate|p1a: Eldegoss|move: Aromatherapy
|-curestatus|p1a: Eldegoss|tox|[msg]
|-curestatus|p1: Audino|brn|[msg]
|
|-heal|p2a: Sableye|82/100|[from] item: Leftovers
|upkeep
|turn|24
|
|t:|1665539276
|move|p1a: Eldegoss|Giga Drain|p2a: Sableye
|-damage|p2a: Sableye|49/100
|-heal|p1a: Eldegoss|100/100|[from] drain|[of] p2a: Sableye
|move|p2a: Sableye|Knock Off|p1a: Eldegoss
|-damage|p1a: Eldegoss|77/100
|-enditem|p1a: Eldegoss|Heavy-Duty Boots|[from] move: Knock Off|[of] p2a: Sableye
|
|-heal|p2a: Sableye|55/100|[from] item: Leftovers
|upkeep
|turn|25
|
|t:|1665539280
|move|p2a: Sableye|Recover|p2a: Sableye
|-heal|p2a: Sableye|100/100
|move|p1a: Eldegoss|Giga Drain|p2a: Sableye
|-damage|p2a: Sableye|70/100
|-heal|p1a: Eldegoss|92/100|[from] drain|[of] p2a: Sableye
|
|-heal|p2a: Sableye|76/100|[from] item: Leftovers
|upkeep
|turn|26
|
|t:|1665539282
|move|p2a: Sableye|Will-O-Wisp|p1a: Eldegoss|[miss]
|-miss|p2a: Sableye|p1a: Eldegoss
|move|p1a: Eldegoss|Giga Drain|p2a: Sableye
|-damage|p2a: Sableye|41/100
|-heal|p1a: Eldegoss|100/100|[from] drain|[of] p2a: Sableye
|
|-heal|p2a: Sableye|48/100|[from] item: Leftovers
|upkeep
|turn|27
|
|t:|1665539285
|move|p2a: Sableye|Recover|p2a: Sableye
|-heal|p2a: Sableye|98/100
|move|p1a: Eldegoss|Leech Seed|p2a: Sableye
|-start|p2a: Sableye|move: Leech Seed
|
|-heal|p2a: Sableye|100/100|[from] item: Leftovers
|-damage|p2a: Sableye|88/100|[from] Leech Seed|[of] p1a: Eldegoss
|upkeep
|turn|28
|
|t:|1665539287
|move|p2a: Sableye|Encore|p1a: Eldegoss
|-start|p1a: Eldegoss|Encore
|move|p1a: Eldegoss|Leech Seed||[still]
|-fail|p1a: Eldegoss
|
|-heal|p2a: Sableye|94/100|[from] item: Leftovers
|-damage|p2a: Sableye|82/100|[from] Leech Seed|[of] p1a: Eldegoss
|upkeep
|turn|29
|
|t:|1665539299
|switch|p1a: Audino|Audino, M|100/100
|-damage|p1a: Audino|88/100|[from] Stealth Rock
|-damage|p1a: Audino|76/100|[from] Spikes
|switch|p2a: Articuno|Articuno-Galar|100/100
|
|upkeep
|turn|30
|
|t:|1665539304
|move|p2a: Articuno|U-turn|p1a: Audino
|-damage|p1a: Audino|63/100
|
|t:|1665539305
|switch|p2a: Gigalith|Gigalith, F|42/100|[from]move: U-turn
|-damage|p2a: Gigalith|30/100|[from] Stealth Rock
|-weather|Sandstorm|[from] ability: Sand Stream|[of] p2a: Gigalith
|move|p1a: Audino|Knock Off|p2a: Gigalith
|-damage|p2a: Gigalith|23/100
|
|-weather|Sandstorm|[upkeep]
|-damage|p1a: Audino|57/100|[from] Sandstorm
|upkeep
|turn|31
|c|☆Lady Writer ☾|click rest
|
|t:|1665539310
|move|p1a: Audino|Wish|p1a: Audino
|move|p2a: Gigalith|Rest|p2a: Gigalith
|-status|p2a: Gigalith|slp|[from] move: Rest
|-heal|p2a: Gigalith|100/100 slp|[silent]
|
|-weather|Sandstorm|[upkeep]
|-damage|p1a: Audino|51/100|[from] Sandstorm
|upkeep
|turn|32
|c|☆Lady Writer ☾|thans
|
|t:|1665539326
|switch|p1a: Regirock|Regirock|84/100
|-damage|p1a: Regirock|71/100|[from] Stealth Rock
|-damage|p1a: Regirock|59/100|[from] Spikes
|cant|p2a: Gigalith|slp
|
|-weather|Sandstorm|[upkeep]
|-heal|p1a: Regirock|100/100|[from] move: Wish|[wisher] Audino
|upkeep
|turn|33
|
|t:|1665539334
|switch|p2a: Sableye|Sableye, F|82/100
|-damage|p2a: Sableye|69/100|[from] Stealth Rock
|move|p1a: Regirock|Body Press|p2a: Sableye
|-immune|p2a: Sableye
|
|-weather|Sandstorm|[upkeep]
|-damage|p2a: Sableye|63/100|[from] Sandstorm
|-heal|p2a: Sableye|69/100|[from] item: Leftovers
|upkeep
|turn|34
|
|t:|1665539338
|switch|p1a: Audino|Audino, M|84/100
|-damage|p1a: Audino|72/100|[from] Stealth Rock
|-damage|p1a: Audino|59/100|[from] Spikes
|move|p2a: Sableye|Will-O-Wisp|p1a: Audino
|-status|p1a: Audino|brn
|
|-weather|none
|-heal|p2a: Sableye|75/100|[from] item: Leftovers
|-damage|p1a: Audino|53/100 brn|[from] brn
|upkeep
|turn|35
|
|t:|1665539345
|switch|p2a: Gigalith|Gigalith, F|100/100 slp
|-damage|p2a: Gigalith|88/100 slp|[from] Stealth Rock
|-weather|Sandstorm|[from] ability: Sand Stream|[of] p2a: Gigalith
|move|p1a: Audino|Wish|p1a: Audino
|
|-weather|Sandstorm|[upkeep]
|-damage|p1a: Audino|47/100 brn|[from] Sandstorm
|-damage|p1a: Audino|41/100 brn|[from] brn
|upkeep
|turn|36
|
|t:|1665539350
|move|p1a: Audino|Protect|p1a: Audino
|-singleturn|p1a: Audino|Protect
|cant|p2a: Gigalith|slp
|
|-weather|Sandstorm|[upkeep]
|-damage|p1a: Audino|35/100 brn|[from] Sandstorm
|-heal|p1a: Audino|85/100 brn|[from] move: Wish|[wisher] Audino
|-damage|p1a: Audino|79/100 brn|[from] brn
|upkeep
|turn|37
|
|t:|1665539354
|move|p1a: Audino|Wish|p1a: Audino
|-curestatus|p2a: Gigalith|slp|[msg]
|move|p2a: Gigalith|Rock Blast|p1a: Audino
|-damage|p1a: Audino|68/100 brn
|-damage|p1a: Audino|57/100 brn
|-damage|p1a: Audino|46/100 brn
|-damage|p1a: Audino|35/100 brn
|-damage|p1a: Audino|25/100 brn
|-hitcount|p1a: Audino|5
|
|-weather|Sandstorm|[upkeep]
|-damage|p1a: Audino|19/100 brn|[from] Sandstorm
|-damage|p1a: Audino|12/100 brn|[from] brn
|upkeep
|turn|38
|c|☆Lady Writer ☾|ok not cool
|c|☆AmusablePoet|sorry i think
|
|t:|1665539377
|switch|p2a: Articuno|Articuno-Galar|100/100
|move|p1a: Audino|Protect||[still]
|-fail|p1a: Audino
|
|-weather|Sandstorm|[upkeep]
|-damage|p2a: Articuno|94/100|[from] Sandstorm
|-damage|p1a: Audino|6/100 brn|[from] Sandstorm
|-heal|p1a: Audino|56/100 brn|[from] move: Wish|[wisher] Audino
|-damage|p1a: Audino|50/100 brn|[from] brn
|upkeep
|turn|39
|j| 07l中国大妈
|
|t:|1665539386
|move|p2a: Articuno|Hurricane|p1a: Audino
|-damage|p1a: Audino|17/100 brn
|-start|p1a: Audino|confusion
|-activate|p1a: Audino|confusion
|-damage|p1a: Audino|10/100 brn|[from] confusion
|
|-weather|none
|-damage|p1a: Audino|4/100 brn|[from] brn
|upkeep
|turn|40
|c|☆Lady Writer ☾|a
|c|☆Lady Writer ☾|a
|c|☆Lady Writer ☾|a
|c|☆Lady Writer ☾|a
|c|☆Lady Writer ☾|a
|c|☆Lady Writer ☾|a
|c|☆Lady Writer ☾|a
|
|t:|1665539400
|switch|p1a: Regirock|Regirock|100/100
|-damage|p1a: Regirock|88/100|[from] Stealth Rock
|-damage|p1a: Regirock|76/100|[from] Spikes
|move|p2a: Articuno|U-turn|p1a: Regirock
|-damage|p1a: Regirock|69/100
|
|t:|1665539407
|switch|p2a: Sableye|Sableye, F|75/100|[from]move: U-turn
|-damage|p2a: Sableye|63/100|[from] Stealth Rock
|
|-heal|p2a: Sableye|69/100|[from] item: Leftovers
|-heal|p1a: Regirock|75/100|[from] item: Leftovers
|upkeep
|turn|41
|c|☆Lady Writer ☾|well this was quite an unfortunate game
|c|☆Lady Writer ☾|well played i guess
|
|t:|1665539414
|switch|p1a: Eldegoss|Eldegoss, M|100/100
|-damage|p1a: Eldegoss|88/100|[from] Stealth Rock
|-damage|p1a: Eldegoss|76/100|[from] Spikes
|move|p2a: Sableye|Knock Off|p1a: Eldegoss
|-damage|p1a: Eldegoss|60/100
|
|-heal|p2a: Sableye|75/100|[from] item: Leftovers
|upkeep
|turn|42
|c|☆AmusablePoet|thanks
|
|t:|1665539428
|switch|p2a: Articuno|Articuno-Galar|94/100
|move|p1a: Eldegoss|Giga Drain|p2a: Articuno
|-resisted|p2a: Articuno
|-damage|p2a: Articuno|84/100
|-heal|p1a: Eldegoss|66/100|[from] drain|[of] p2a: Articuno
|
|upkeep
|turn|43
|
|t:|1665539433
|switch|p1a: Doublade|Doublade, F|100/100
|-damage|p1a: Doublade|94/100|[from] Stealth Rock
|-damage|p1a: Doublade|82/100|[from] Spikes
|move|p2a: Articuno|U-turn|p1a: Doublade
|-resisted|p1a: Doublade
|-damage|p1a: Doublade|80/100
|l| SpookiestCactus63
|
|t:|1665539436
|switch|p2a: Sableye|Sableye, F|75/100|[from]move: U-turn
|-damage|p2a: Sableye|63/100|[from] Stealth Rock
|
|-heal|p2a: Sableye|69/100|[from] item: Leftovers
|upkeep
|turn|44
|
|t:|1665539438
|switch|p1a: Eldegoss|Eldegoss, M|99/100
|-damage|p1a: Eldegoss|87/100|[from] Stealth Rock
|-damage|p1a: Eldegoss|75/100|[from] Spikes
|move|p2a: Sableye|Will-O-Wisp|p1a: Eldegoss
|-status|p1a: Eldegoss|brn
|
|-heal|p2a: Sableye|75/100|[from] item: Leftovers
|-damage|p1a: Eldegoss|69/100 brn|[from] brn
|upkeep
|turn|45
|
|t:|1665539442
|move|p1a: Eldegoss|Giga Drain|p2a: Sableye
|-damage|p2a: Sableye|42/100
|-heal|p1a: Eldegoss|84/100 brn|[from] drain|[of] p2a: Sableye
|move|p2a: Sableye|Knock Off|p1a: Eldegoss
|-damage|p1a: Eldegoss|70/100 brn
|
|-heal|p2a: Sableye|48/100|[from] item: Leftovers
|-damage|p1a: Eldegoss|64/100 brn|[from] brn
|upkeep
|turn|46
|
|t:|1665539445
|move|p2a: Sableye|Recover|p2a: Sableye
|-heal|p2a: Sableye|98/100
|move|p1a: Eldegoss|Giga Drain|p2a: Sableye
|-damage|p2a: Sableye|64/100
|-heal|p1a: Eldegoss|80/100 brn|[from] drain|[of] p2a: Sableye
|
|-heal|p2a: Sableye|71/100|[from] item: Leftovers
|-damage|p1a: Eldegoss|74/100 brn|[from] brn
|upkeep
|turn|47
|
|t:|1665539448
|move|p1a: Eldegoss|Rapid Spin|p2a: Sableye
|-immune|p2a: Sableye
|move|p2a: Sableye|Knock Off|p1a: Eldegoss
|-damage|p1a: Eldegoss|59/100 brn
|
|-heal|p2a: Sableye|77/100|[from] item: Leftovers
|-damage|p1a: Eldegoss|53/100 brn|[from] brn
|upkeep
|turn|48
|
|t:|1665539452
|switch|p1a: Quagsire|Quagsire, F|100/100
|-damage|p1a: Quagsire|94/100|[from] Stealth Rock
|-damage|p1a: Quagsire|82/100|[from] Spikes
|move|p2a: Sableye|Knock Off|p1a: Quagsire
|-damage|p1a: Quagsire|69/100
|
|-heal|p2a: Sableye|83/100|[from] item: Leftovers
|upkeep
|turn|49
|
|t:|1665539463
|switch|p2a: Ribombee|Ribombee, M|73/100
|move|p1a: Quagsire|Toxic|p2a: Ribombee
|-status|p2a: Ribombee|tox
|
|-damage|p2a: Ribombee|67/100 tox|[from] psn
|upkeep
|turn|50
|
|t:|1665539469
|move|p2a: Ribombee|Moonblast|p1a: Quagsire
|-damage|p1a: Quagsire|22/100
|move|p1a: Quagsire|Recover|p1a: Quagsire
|-heal|p1a: Quagsire|72/100
|
|-damage|p2a: Ribombee|54/100 tox|[from] psn
|upkeep
|turn|51
|
|t:|1665539473
|switch|p1a: Charizard|Charizard, F|100/100
|move|p2a: Ribombee|Aromatherapy|p2a: Ribombee
|-activate|p2a: Ribombee|move: Aromatherapy
|-curestatus|p2a: Ribombee|tox|[msg]
|
|upkeep
|turn|52
|
|t:|1665539476
|switch|p2a: Gigalith|Gigalith, F|88/100
|-damage|p2a: Gigalith|76/100|[from] Stealth Rock
|-weather|Sandstorm|[from] ability: Sand Stream|[of] p2a: Gigalith
|move|p1a: Charizard|Defog|p2a: Gigalith
|-unboost|p2a: Gigalith|evasion|1
|-sideend|p2: AmusablePoet|Stealth Rock|[from] move: Defog|[of] p1a: Charizard
|-sideend|p1: Lady Writer ☾|Spikes|[from] move: Defog|[of] p1a: Charizard
|-sideend|p1: Lady Writer ☾|Stealth Rock|[from] move: Defog|[of] p1a: Charizard
|
|-weather|Sandstorm|[upkeep]
|-damage|p1a: Charizard|94/100|[from] Sandstorm
|upkeep
|turn|53
|c|☆AmusablePoet|nothing to worry about then
|
|t:|1665539487
|switch|p1a: Regirock|Regirock|75/100
|move|p2a: Gigalith|Stealth Rock|p1a: Regirock
|-sidestart|p1: Lady Writer ☾|move: Stealth Rock
|
|-weather|Sandstorm|[upkeep]
|-heal|p1a: Regirock|81/100|[from] item: Leftovers
|upkeep
|turn|54
|
|t:|1665539498
|switch|p2a: Sableye|Sableye, F|83/100
|move|p1a: Regirock|Stealth Rock|p2a: Sableye
|-sidestart|p2: AmusablePoet|move: Stealth Rock
|
|-weather|Sandstorm|[upkeep]
|-damage|p2a: Sableye|77/100|[from] Sandstorm
|-heal|p2a: Sableye|83/100|[from] item: Leftovers
|-heal|p1a: Regirock|88/100|[from] item: Leftovers
|upkeep
|turn|55
|
|t:|1665539504
|switch|p1a: Eldegoss|Eldegoss, M|86/100 brn
|-damage|p1a: Eldegoss|74/100 brn|[from] Stealth Rock
|move|p2a: Sableye|Knock Off|p1a: Eldegoss
|-damage|p1a: Eldegoss|59/100 brn
|
|-weather|Sandstorm|[upkeep]
|-damage|p1a: Eldegoss|53/100 brn|[from] Sandstorm
|-damage|p2a: Sableye|77/100|[from] Sandstorm
|-heal|p2a: Sableye|83/100|[from] item: Leftovers
|-damage|p1a: Eldegoss|47/100 brn|[from] brn
|upkeep
|turn|56
|
|t:|1665539509
|move|p1a: Eldegoss|Leech Seed|p2a: Sableye
|-start|p2a: Sableye|move: Leech Seed
|move|p2a: Sableye|Knock Off|p1a: Eldegoss
|-damage|p1a: Eldegoss|33/100 brn
|
|-weather|none
|-heal|p2a: Sableye|89/100|[from] item: Leftovers
|-damage|p2a: Sableye|77/100|[from] Leech Seed|[of] p1a: Eldegoss
|-heal|p1a: Eldegoss|44/100 brn|[silent]
|-damage|p1a: Eldegoss|38/100 brn|[from] brn
|upkeep
|turn|57
|
|t:|1665539514
|switch|p2a: Ferroseed|Ferroseed, F|91/100
|-damage|p2a: Ferroseed|84/100|[from] Stealth Rock
|move|p1a: Eldegoss|Giga Drain|p2a: Ferroseed
|-resisted|p2a: Ferroseed
|-damage|p2a: Ferroseed|81/100
|-heal|p1a: Eldegoss|40/100 brn|[from] drain|[of] p2a: Ferroseed
|
|-damage|p1a: Eldegoss|34/100 brn|[from] brn
|upkeep
|turn|58
|
|t:|1665539523
|switch|p1a: Audino|Audino, M|37/100 brn
|-damage|p1a: Audino|25/100 brn|[from] Stealth Rock
|move|p2a: Ferroseed|Gyro Ball|p1a: Audino
|-damage|p1a: Audino|0 fnt
|faint|p1a: Audino
|
|upkeep
|
|t:|1665539526
|switch|p1a: Charizard|Charizard, F|94/100
|turn|59
|
|t:|1665539532
|switch|p1a: Regirock|Regirock|88/100
|-damage|p1a: Regirock|75/100|[from] Stealth Rock
|switch|p2a: Gigalith|Gigalith, F|76/100
|-damage|p2a: Gigalith|64/100|[from] Stealth Rock
|-weather|Sandstorm|[from] ability: Sand Stream|[of] p2a: Gigalith
|
|-weather|Sandstorm|[upkeep]
|-heal|p1a: Regirock|81/100|[from] item: Leftovers
|upkeep
|turn|60
|
|t:|1665539535
|switch|p2a: Sableye|Sableye, F|77/100
|-damage|p2a: Sableye|64/100|[from] Stealth Rock
|move|p1a: Regirock|Rock Blast|p2a: Sableye
|-damage|p2a: Sableye|54/100
|-damage|p2a: Sableye|46/100
|-hitcount|p2a: Sableye|2
|
|-weather|Sandstorm|[upkeep]
|-damage|p2a: Sableye|40/100|[from] Sandstorm
|-heal|p1a: Regirock|87/100|[from] item: Leftovers
|-heal|p2a: Sableye|46/100|[from] item: Leftovers
|upkeep
|turn|61
|
|t:|1665539539
|move|p2a: Sableye|Recover|p2a: Sableye
|-heal|p2a: Sableye|96/100
|move|p1a: Regirock|Rock Blast|p2a: Sableye
|-damage|p2a: Sableye|87/100
|-damage|p2a: Sableye|78/100
|-damage|p2a: Sableye|70/100
|-hitcount|p2a: Sableye|3
|
|-weather|Sandstorm|[upkeep]
|-damage|p2a: Sableye|64/100|[from] Sandstorm
|-heal|p1a: Regirock|93/100|[from] item: Leftovers
|-heal|p2a: Sableye|70/100|[from] item: Leftovers
|upkeep
|turn|62
|
|t:|1665539544
|move|p1a: Regirock|Rock Blast|p2a: Sableye
|-damage|p2a: Sableye|61/100
|-damage|p2a: Sableye|52/100
|-crit|p2a: Sableye
|-damage|p2a: Sableye|40/100
|-damage|p2a: Sableye|31/100
|-damage|p2a: Sableye|23/100
|-hitcount|p2a: Sableye|5
|move|p2a: Sableye|Knock Off|p1a: Regirock
|-damage|p1a: Regirock|82/100
|-enditem|p1a: Regirock|Leftovers|[from] move: Knock Off|[of] p2a: Sableye
|
|-weather|Sandstorm|[upkeep]
|-damage|p2a: Sableye|17/100|[from] Sandstorm
|-heal|p2a: Sableye|23/100|[from] item: Leftovers
|upkeep
|turn|63
|
|t:|1665539548
|move|p2a: Sableye|Recover|p2a: Sableye
|-heal|p2a: Sableye|73/100
|move|p1a: Regirock|Rock Blast|p2a: Sableye
|-damage|p2a: Sableye|65/100
|-damage|p2a: Sableye|56/100
|-damage|p2a: Sableye|47/100
|-damage|p2a: Sableye|39/100
|-damage|p2a: Sableye|30/100
|-hitcount|p2a: Sableye|5
|
|-weather|none
|-heal|p2a: Sableye|36/100|[from] item: Leftovers
|upkeep
|turn|64
|
|t:|1665539550
|move|p2a: Sableye|Recover|p2a: Sableye
|-heal|p2a: Sableye|86/100
|move|p1a: Regirock|Rock Blast|p2a: Sableye
|-damage|p2a: Sableye|77/100
|-damage|p2a: Sableye|68/100
|-damage|p2a: Sableye|60/100
|-hitcount|p2a: Sableye|3
|
|-heal|p2a: Sableye|66/100|[from] item: Leftovers
|upkeep
|turn|65
|
|t:|1665539554
|move|p2a: Sableye|Will-O-Wisp|p1a: Regirock
|-status|p1a: Regirock|brn
|move|p1a: Regirock|Rock Blast|p2a: Sableye
|-damage|p2a: Sableye|62/100
|-damage|p2a: Sableye|57/100
|-hitcount|p2a: Sableye|2
|
|-heal|p2a: Sableye|64/100|[from] item: Leftovers
|-damage|p1a: Regirock|76/100 brn|[from] brn
|upkeep
|turn|66
|
|t:|1665539557
|move|p2a: Sableye|Knock Off|p1a: Regirock
|-damage|p1a: Regirock|67/100 brn
|move|p1a: Regirock|Rock Blast|p2a: Sableye
|-damage|p2a: Sableye|60/100
|-damage|p2a: Sableye|55/100
|-damage|p2a: Sableye|51/100
|-hitcount|p2a: Sableye|3
|
|-heal|p2a: Sableye|58/100|[from] item: Leftovers
|-damage|p1a: Regirock|61/100 brn|[from] brn
|upkeep
|turn|67
|
|t:|1665539559
|move|p2a: Sableye|Recover|p2a: Sableye
|-heal|p2a: Sableye|100/100
|move|p1a: Regirock|Rock Blast|p2a: Sableye
|-damage|p2a: Sableye|97/100
|-damage|p2a: Sableye|92/100
|-damage|p2a: Sableye|87/100
|-crit|p2a: Sableye
|-damage|p2a: Sableye|80/100
|-damage|p2a: Sableye|75/100
|-hitcount|p2a: Sableye|5
|
|-heal|p2a: Sableye|82/100|[from] item: Leftovers
|-damage|p1a: Regirock|54/100 brn|[from] brn
|upkeep
|turn|68
|
|t:|1665539566
|move|p1a: Regirock|Rock Blast|p2a: Sableye
|-damage|p2a: Sableye|77/100
|-damage|p2a: Sableye|73/100
|-hitcount|p2a: Sableye|2
|move|p2a: Sableye|Knock Off|p1a: Regirock
|-damage|p1a: Regirock|47/100 brn
|
|-heal|p2a: Sableye|79/100|[from] item: Leftovers
|-damage|p1a: Regirock|41/100 brn|[from] brn
|upkeep
|turn|69
|
|t:|1665539569
|move|p1a: Regirock|Rest|p1a: Regirock
|-status|p1a: Regirock|slp|[from] move: Rest
|-heal|p1a: Regirock|100/100 slp|[silent]
|move|p2a: Sableye|Knock Off|p1a: Regirock
|-damage|p1a: Regirock|93/100 slp
|
|-heal|p2a: Sableye|85/100|[from] item: Leftovers
|upkeep
|turn|70
|
|t:|1665539577
|switch|p2a: Articuno|Articuno-Galar|84/100
|switch|p1a: Eldegoss|Eldegoss, M|67/100 brn
|-damage|p1a: Eldegoss|55/100 brn|[from] Stealth Rock
|
|-damage|p1a: Eldegoss|49/100 brn|[from] brn
|upkeep
|turn|71
|
|t:|1665539581
|switch|p1a: Doublade|Doublade, F|80/100
|-damage|p1a: Doublade|74/100|[from] Stealth Rock
|move|p2a: Articuno|Hurricane|p1a: Doublade
|-resisted|p1a: Doublade
|-damage|p1a: Doublade|55/100
|
|upkeep
|turn|72
|
|t:|1665539588
|move|p2a: Articuno|U-turn|p1a: Doublade
|-resisted|p1a: Doublade
|-damage|p1a: Doublade|53/100
|
|t:|1665539590
|switch|p2a: Sableye|Sableye, F|85/100|[from]move: U-turn
|-damage|p2a: Sableye|73/100|[from] Stealth Rock
|move|p1a: Doublade|Shadow Claw|p2a: Sableye
|-damage|p2a: Sableye|48/100
|
|-heal|p2a: Sableye|54/100|[from] item: Leftovers
|upkeep
|turn|73
|
|t:|1665539595
|switch|p1a: Eldegoss|Eldegoss, M|82/100 brn
|-damage|p1a: Eldegoss|70/100 brn|[from] Stealth Rock
|move|p2a: Sableye|Knock Off|p1a: Eldegoss
|-damage|p1a: Eldegoss|55/100 brn
|
|-heal|p2a: Sableye|60/100|[from] item: Leftovers
|-damage|p1a: Eldegoss|49/100 brn|[from] brn
|upkeep
|turn|74
|
|t:|1665539600
|switch|p2a: Ferroseed|Ferroseed, F|81/100
|-damage|p2a: Ferroseed|74/100|[from] Stealth Rock
|move|p1a: Eldegoss|Aromatherapy|p1a: Eldegoss
|-activate|p1a: Eldegoss|move: Aromatherapy
|-curestatus|p1a: Eldegoss|brn|[msg]
|-curestatus|p1: Regirock|slp|[msg]
|
|upkeep
|turn|75
|
|t:|1665539605
|move|p1a: Eldegoss|Rapid Spin|p2a: Ferroseed
|-resisted|p2a: Ferroseed
|-damage|p2a: Ferroseed|72/100
|-boost|p1a: Eldegoss|spe|1
|-damage|p1a: Eldegoss|37/100|[from] ability: Iron Barbs|[of] p2a: Ferroseed
|-sideend|p1: Lady Writer ☾|Stealth Rock|[from] move: Rapid Spin|[of] p1a: Eldegoss
|move|p2a: Ferroseed|Toxic|p1a: Eldegoss
|-status|p1a: Eldegoss|tox
|
|-damage|p1a: Eldegoss|31/100 tox|[from] psn
|upkeep
|turn|76
|
|t:|1665539610
|switch|p1a: Regirock|Regirock|93/100
|move|p2a: Ferroseed|Spikes|p1a: Regirock
|-sidestart|p1: Lady Writer ☾|Spikes
|
|upkeep
|turn|77
|
|t:|1665539628
|move|p1a: Regirock|Rock Blast|p2a: Ferroseed
|-resisted|p2a: Ferroseed
|-damage|p2a: Ferroseed|69/100
|-resisted|p2a: Ferroseed
|-damage|p2a: Ferroseed|67/100
|-resisted|p2a: Ferroseed
|-damage|p2a: Ferroseed|64/100
|-resisted|p2a: Ferroseed
|-damage|p2a: Ferroseed|60/100
|-hitcount|p2a: Ferroseed|4
|move|p2a: Ferroseed|Leech Seed|p1a: Regirock
|-start|p1a: Regirock|move: Leech Seed
|
|-damage|p1a: Regirock|80/100|[from] Leech Seed|[of] p2a: Ferroseed
|-heal|p2a: Ferroseed|75/100|[silent]
|upkeep
|turn|78
|
|t:|1665539634
|switch|p1a: Quagsire|Quagsire, F|72/100
|-damage|p1a: Quagsire|60/100|[from] Spikes
|switch|p2a: Sandslash|Sandslash, F|69/100
|-damage|p2a: Sandslash|62/100|[from] Stealth Rock
|
|upkeep
|turn|79
|
|t:|1665539641
|switch|p2a: Ribombee|Ribombee, M|54/100
|move|p1a: Quagsire|Recover|p1a: Quagsire
|-heal|p1a: Quagsire|100/100
|
|upkeep
|turn|80
|
|t:|1665539645
|move|p2a: Ribombee|Moonblast|p1a: Quagsire
|-damage|p1a: Quagsire|55/100
|move|p1a: Quagsire|Toxic|p2a: Ribombee
|-status|p2a: Ribombee|tox
|
|-damage|p2a: Ribombee|48/100 tox|[from] psn
|upkeep
|turn|81
|
|t:|1665539647
|move|p2a: Ribombee|Aromatherapy|p2a: Ribombee
|-activate|p2a: Ribombee|move: Aromatherapy
|-curestatus|p2a: Ribombee|tox|[msg]
|move|p1a: Quagsire|Recover|p1a: Quagsire
|-heal|p1a: Quagsire|100/100
|
|upkeep
|turn|82
|
|t:|1665539649
|move|p2a: Ribombee|Roost|p2a: Ribombee
|-heal|p2a: Ribombee|99/100
|-singleturn|p2a: Ribombee|move: Roost
|move|p1a: Quagsire|Toxic|p2a: Ribombee
|-status|p2a: Ribombee|tox
|
|-damage|p2a: Ribombee|93/100 tox|[from] psn
|upkeep
|turn|83
|
|t:|1665539653
|switch|p2a: Ferroseed|Ferroseed, F|75/100
|-damage|p2a: Ferroseed|69/100|[from] Stealth Rock
|move|p1a: Quagsire|Curse|p1a: Quagsire
|-unboost|p1a: Quagsire|spe|1
|-boost|p1a: Quagsire|atk|1
|-boost|p1a: Quagsire|def|1
|
|upkeep
|turn|84
|
|t:|1665539663
|move|p1a: Quagsire|Earthquake|p2a: Ferroseed
|-damage|p2a: Ferroseed|41/100
|move|p2a: Ferroseed|Toxic|p1a: Quagsire
|-status|p1a: Quagsire|tox
|
|-damage|p1a: Quagsire|94/100 tox|[from] psn
|upkeep
|turn|85
|
|t:|1665539667
|switch|p1a: Eldegoss|Eldegoss, M|64/100 tox
|-damage|p1a: Eldegoss|52/100 tox|[from] Spikes
|switch|p2a: Articuno|Articuno-Galar|84/100
|
|-damage|p1a: Eldegoss|46/100 tox|[from] psn
|upkeep
|turn|86
|c|☆Lady Writer ☾|right so but like fuck off
|
|t:|1665539675
|switch|p1a: Regirock|Regirock|80/100
|-damage|p1a: Regirock|68/100|[from] Spikes
|move|p2a: Articuno|Future Sight|p1a: Regirock
|-start|p2a: Articuno|move: Future Sight
|
|upkeep
|turn|87
|
|t:|1665539680
|move|p2a: Articuno|U-turn|p1a: Regirock
|-damage|p1a: Regirock|62/100
|
|t:|1665539682
|switch|p2a: Sandslash|Sandslash, F|62/100|[from]move: U-turn
|-damage|p2a: Sandslash|56/100|[from] Stealth Rock
|move|p1a: Regirock|Body Press|p2a: Sandslash
|-crit|p2a: Sandslash
|-damage|p2a: Sandslash|0 fnt
|faint|p2a: Sandslash
|
|upkeep
|c|☆Lady Writer ☾|go sable
|c|☆Lady Writer ☾|nvm
|
|t:|1665539697
|switch|p2a: Ribombee|Ribombee, M|93/100 tox
|turn|88
|
|t:|1665539704
|move|p2a: Ribombee|Moonblast|p1a: Regirock
|-damage|p1a: Regirock|30/100
|move|p1a: Regirock|Rest|p1a: Regirock
|-status|p1a: Regirock|slp|[from] move: Rest
|-heal|p1a: Regirock|100/100 slp|[silent]
|
|-end|p1a: Regirock|move: Future Sight
|-damage|p1a: Regirock|57/100 slp
|-damage|p2a: Ribombee|86/100 tox|[from] psn
|upkeep
|turn|89
|
|t:|1665539708
|switch|p1a: Charizard|Charizard, F|94/100
|move|p2a: Ribombee|Moonblast|p1a: Charizard
|-resisted|p1a: Charizard
|-damage|p1a: Charizard|74/100
|
|-damage|p2a: Ribombee|74/100 tox|[from] psn
|upkeep
|turn|90
|
|t:|1665539716
|switch|p2a: Gigalith|Gigalith, F|64/100
|-damage|p2a: Gigalith|51/100|[from] Stealth Rock
|-weather|Sandstorm|[from] ability: Sand Stream|[of] p2a: Gigalith
|switch|p1a: Eldegoss|Eldegoss, M|79/100 tox
|-damage|p1a: Eldegoss|67/100 tox|[from] Spikes
|
|-weather|Sandstorm|[upkeep]
|-damage|p1a: Eldegoss|60/100 tox|[from] Sandstorm
|-damage|p1a: Eldegoss|54/100 tox|[from] psn
|upkeep
|turn|91
|
|t:|1665539718
|move|p1a: Eldegoss|Aromatherapy|p1a: Eldegoss
|-activate|p1a: Eldegoss|move: Aromatherapy
|-curestatus|p1a: Eldegoss|tox|[msg]
|-curestatus|p1: Quagsire|tox|[msg]
|-curestatus|p1: Regirock|slp|[msg]
|move|p2a: Gigalith|Rock Blast|p1a: Eldegoss
|-damage|p1a: Eldegoss|45/100
|-damage|p1a: Eldegoss|34/100
|-damage|p1a: Eldegoss|25/100
|-damage|p1a: Eldegoss|15/100
|-damage|p1a: Eldegoss|6/100
|-hitcount|p1a: Eldegoss|5
|
|-weather|Sandstorm|[upkeep]
|-damage|p1a: Eldegoss|0 fnt|[from] Sandstorm
|faint|p1a: Eldegoss
|upkeep
|c|☆Lady Writer ☾|lol
|c|☆Lady Writer ☾|good play
|
|t:|1665539729
|switch|p1a: Quagsire|Quagsire, F|94/100
|-damage|p1a: Quagsire|82/100|[from] Spikes
|turn|92
|c|☆AmusablePoet|thank you writer
|inactive|AmusablePoet has 120 seconds left.
|
|t:|1665539761
|switch|p2a: Ribombee|Ribombee, M|74/100 tox
|move|p1a: Quagsire|Earthquake|p2a: Ribombee
|-resisted|p2a: Ribombee
|-damage|p2a: Ribombee|48/100 tox
|
|-weather|Sandstorm|[upkeep]
|-damage|p2a: Ribombee|42/100 tox|[from] Sandstorm
|-damage|p2a: Ribombee|36/100 tox|[from] psn
|upkeep
|turn|93
|
|t:|1665539766
|switch|p1a: Charizard|Charizard, F|74/100
|move|p2a: Ribombee|Roost|p2a: Ribombee
|-heal|p2a: Ribombee|86/100 tox
|-singleturn|p2a: Ribombee|move: Roost
|
|-weather|Sandstorm|[upkeep]
|-damage|p2a: Ribombee|80/100 tox|[from] Sandstorm
|-damage|p1a: Charizard|67/100|[from] Sandstorm
|-damage|p2a: Ribombee|68/100 tox|[from] psn
|upkeep
|turn|94
|
|t:|1665539773
|switch|p2a: Articuno|Articuno-Galar|84/100
|switch|p1a: Regirock|Regirock|57/100
|-damage|p1a: Regirock|44/100|[from] Spikes
|
|-weather|none
|upkeep
|turn|95
|
|t:|1665539782
|move|p2a: Articuno|U-turn|p1a: Regirock
|-damage|p1a: Regirock|39/100
|
|t:|1665539789
|switch|p2a: Ferroseed|Ferroseed, F|41/100|[from]move: U-turn
|-damage|p2a: Ferroseed|34/100|[from] Stealth Rock
|move|p1a: Regirock|Rock Blast|p2a: Ferroseed
|-resisted|p2a: Ferroseed
|-damage|p2a: Ferroseed|31/100
|-resisted|p2a: Ferroseed
|-damage|p2a: Ferroseed|28/100
|-resisted|p2a: Ferroseed
|-damage|p2a: Ferroseed|25/100
|-resisted|p2a: Ferroseed
|-damage|p2a: Ferroseed|22/100
|-resisted|p2a: Ferroseed
|-damage|p2a: Ferroseed|19/100
|-hitcount|p2a: Ferroseed|5
|
|upkeep
|turn|96
|
|t:|1665539794
|switch|p2a: Sableye|Sableye, F|60/100
|-damage|p2a: Sableye|48/100|[from] Stealth Rock
|move|p1a: Regirock|Body Press|p2a: Sableye
|-immune|p2a: Sableye
|
|-heal|p2a: Sableye|54/100|[from] item: Leftovers
|upkeep
|turn|97
|
|t:|1665539804
|move|p2a: Sableye|Recover|p2a: Sableye
|-heal|p2a: Sableye|100/100
|move|p1a: Regirock|Rest|p1a: Regirock
|-status|p1a: Regirock|slp|[from] move: Rest
|-heal|p1a: Regirock|100/100 slp|[silent]
|
|upkeep
|turn|98
|
|t:|1665539808
|switch|p1a: Quagsire|Quagsire, F|82/100
|-damage|p1a: Quagsire|70/100|[from] Spikes
|switch|p2a: Articuno|Articuno-Galar|84/100
|
|upkeep
|turn|99
|
|t:|1665539811
|move|p2a: Articuno|Hurricane|p1a: Quagsire
|-damage|p1a: Quagsire|3/100
|move|p1a: Quagsire|Recover|p1a: Quagsire
|-heal|p1a: Quagsire|53/100
|
|upkeep
|turn|100
|
|t:|1665539815
|switch|p1a: Doublade|Doublade, F|53/100
|-damage|p1a: Doublade|41/100|[from] Spikes
|move|p2a: Articuno|Hurricane|p1a: Doublade
|-resisted|p1a: Doublade
|-damage|p1a: Doublade|19/100
|
|upkeep
|turn|101
|
|t:|1665539818
|move|p2a: Articuno|U-turn|p1a: Doublade
|-resisted|p1a: Doublade
|-damage|p1a: Doublade|18/100
|
|t:|1665539821
|switch|p2a: Sableye|Sableye, F|100/100|[from]move: U-turn
|-damage|p2a: Sableye|88/100|[from] Stealth Rock
|move|p1a: Doublade|Rest|p1a: Doublade
|-status|p1a: Doublade|slp|[from] move: Rest
|-heal|p1a: Doublade|100/100 slp|[silent]
|
|-heal|p2a: Sableye|94/100|[from] item: Leftovers
|upkeep
|turn|102
|
|t:|1665539834
|switch|p1a: Quagsire|Quagsire, F|53/100
|-damage|p1a: Quagsire|40/100|[from] Spikes
|move|p2a: Sableye|Knock Off|p1a: Quagsire
|-damage|p1a: Quagsire|28/100
|
|-heal|p2a: Sableye|100/100|[from] item: Leftovers
|upkeep
|turn|103
|
|t:|1665539838
|move|p2a: Sableye|Will-O-Wisp|p1a: Quagsire|[miss]
|-miss|p2a: Sableye|p1a: Quagsire
|move|p1a: Quagsire|Recover|p1a: Quagsire
|-heal|p1a: Quagsire|78/100
|
|upkeep
|turn|104
|
|t:|1665539843
|move|p2a: Sableye|Will-O-Wisp|p1a: Quagsire
|-status|p1a: Quagsire|brn
|move|p1a: Quagsire|Toxic|p2a: Sableye|[miss]
|-miss|p1a: Quagsire|p2a: Sableye
|
|-damage|p1a: Quagsire|72/100 brn|[from] brn
|upkeep
|turn|105
|c|☆Lady Writer ☾|jajaja
|-message|Lady Writer ☾ forfeited.
|
|win|AmusablePoet
|n|☆Lady Writer ☾|ladywriter
|n|☆AmusablePoet|amusablepoet
|n|*Lady Monita ☽|ladymonita
|n| 07l中国大妈|07l
|l|*Lady Monita ☽
|l|☆Lady Writer ☾
