|j|☆blib blab blub
|j|☆MentalAdversity
|t:|1645293721
|gametype|singles
|player|p1|blib blab blub|ethan|1344
|player|p2|MentalAdversity|pokefanf-gen4|1440
|teamsize|p1|6
|teamsize|p2|6
|gen|8
|tier|[Gen 8] PU
|rated|
|rule|Sleep Clause Mod: Limit one foe put to sleep
|rule|Species Clause: Limit one of each Pokémon
|rule|OHKO Clause: OHKO moves are banned
|rule|Evasion Moves Clause: Evasion moves are banned
|rule|Endless Battle Clause: Forcing endless battles is banned
|rule|HP Percentage Mod: HP is shown in percentages
|rule|Dynamax Clause: You cannot dynamax
|clearpoke
|poke|p1|Hitmonlee, M|
|poke|p1|Charizard, F|
|poke|p1|Whimsicott, F|
|poke|p1|Jellicent, M|
|poke|p1|Audino, F|
|poke|p1|Gigalith, F|
|poke|p2|Centiskorch, M|
|poke|p2|Corsola-Galar, M|
|poke|p2|Audino, F|
|poke|p2|Togedemaru, M|
|poke|p2|Eldegoss, F|
|poke|p2|Quagsire, F|
|teampreview
|
|t:|1645293737
|start
|switch|p1a: Hitmonlee|Hitmonlee, M|100/100
|switch|p2a: Corsola|Corsola-Galar, M|100/100
|turn|1
|
|t:|1645293740
|move|p1a: Hitmonlee|Knock Off|p2a: Corsola
|-supereffective|p2a: Corsola
|-damage|p2a: Corsola|55/100
|-enditem|p2a: Corsola|Eviolite|[from] move: Knock Off|[of] p1a: Hitmonlee
|move|p2a: Corsola|Stealth Rock|p1a: Hitmonlee
|-sidestart|p1: blib blab blub|move: Stealth Rock
|
|upkeep
|turn|2
|
|t:|1645293747
|move|p1a: Hitmonlee|Knock Off|p2a: Corsola
|-supereffective|p2a: Corsola
|-damage|p2a: Corsola|10/100
|move|p2a: Corsola|Strength Sap|p1a: Hitmonlee
|-unboost|p1a: Hitmonlee|atk|1
|-heal|p2a: Corsola|100/100
|
|upkeep
|turn|3
|
|t:|1645293758
|switch|p1a: Charizard|Charizard, F|100/100
|move|p2a: Corsola|Will-O-Wisp|p1a: Charizard
|-immune|p1a: Charizard
|
|upkeep
|turn|4
|
|t:|1645293773
|switch|p1a: Jellicent|Jellicent, M|100/100
|-damage|p1a: Jellicent|88/100|[from] Stealth Rock
|switch|p2a: Nurse Joy|Audino, F, shiny|100/100
|
|upkeep
|turn|5
|
|t:|1645293776
|move|p1a: Jellicent|Taunt|p2a: Nurse Joy
|-start|p2a: Nurse Joy|move: Taunt
|cant|p2a: Nurse Joy|move: Taunt|Toxic
|
|upkeep
|turn|6
|
|t:|1645293789
|move|p1a: Jellicent|Will-O-Wisp|p2a: Nurse Joy
|-status|p2a: Nurse Joy|brn
|move|p2a: Nurse Joy|Knock Off|p1a: Jellicent
|-supereffective|p1a: Jellicent
|-enditem|p1a: Jellicent|Colbur Berry|[eat]
|-enditem|p1a: Jellicent|Colbur Berry|[weaken]
|-damage|p1a: Jellicent|82/100
|
|-damage|p2a: Nurse Joy|94/100 brn|[from] brn
|upkeep
|turn|7
|
|t:|1645293800
|switch|p1a: Whimsicott|Whimsicott, F|100/100
|move|p2a: Nurse Joy|Knock Off|p1a: Whimsicott
|-resisted|p1a: Whimsicott
|-damage|p1a: Whimsicott|96/100
|-enditem|p1a: Whimsicott|Heavy-Duty Boots|[from] move: Knock Off|[of] p2a: Nurse Joy
|
|-damage|p2a: Nurse Joy|88/100 brn|[from] brn
|-end|p2a: Nurse Joy|move: Taunt
|upkeep
|turn|8
|
|t:|1645293813
|move|p2a: Nurse Joy|Protect|p2a: Nurse Joy
|-singleturn|p2a: Nurse Joy|Protect
|move|p1a: Whimsicott|Encore|p2a: Nurse Joy
|-activate|p2a: Nurse Joy|move: Protect
|
|-damage|p2a: Nurse Joy|82/100 brn|[from] brn
|upkeep
|turn|9
|
|t:|1645293818
|switch|p2a: Togedemaru|Togedemaru, M, shiny|100/100
|move|p1a: Whimsicott|Defog|p2a: Togedemaru
|-unboost|p2a: Togedemaru|evasion|1
|-sideend|p1: blib blab blub|Stealth Rock|[from] move: Defog|[of] p1a: Whimsicott
|
|upkeep
|turn|10
|
|t:|1645293823
|switch|p1a: Jellicent|Jellicent, M|82/100
|move|p2a: Togedemaru|Nuzzle|p1a: Jellicent
|-supereffective|p1a: Jellicent
|-crit|p1a: Jellicent
|-damage|p1a: Jellicent|64/100
|-status|p1a: Jellicent|par
|
|upkeep
|turn|11
|
|t:|1645293835
|switch|p1a: Gigalith|Gigalith, F|100/100
|-weather|Sandstorm|[from] ability: Sand Stream|[of] p1a: Gigalith
|move|p2a: Togedemaru|Assurance|p1a: Gigalith
|-damage|p1a: Gigalith|91/100
|
|-weather|Sandstorm|[upkeep]
|-heal|p1a: Gigalith|97/100|[from] item: Leftovers
|upkeep
|turn|12
|l|☆blib blab blub
|player|p1|
|j|☆blib blab blub
|player|p1|blib blab blub|ethan
|
|t:|1645293928
|switch|p2a: Corsola|Corsola-Galar, M|100/100
|move|p1a: Gigalith|Earthquake|p2a: Corsola
|-damage|p2a: Corsola|78/100
|
|-weather|Sandstorm|[upkeep]
|-damage|p2a: Corsola|71/100|[from] Sandstorm
|-heal|p1a: Gigalith|100/100|[from] item: Leftovers
|upkeep
|turn|13
|
|t:|1645293937
|move|p2a: Corsola|Stealth Rock|p1a: Gigalith
|-sidestart|p1: blib blab blub|move: Stealth Rock
|move|p1a: Gigalith|Toxic|p2a: Corsola
|-status|p2a: Corsola|tox
|
|-weather|Sandstorm|[upkeep]
|-damage|p2a: Corsola|65/100 tox|[from] Sandstorm
|-damage|p2a: Corsola|59/100 tox|[from] psn
|upkeep
|turn|14
|
|t:|1645293941
|move|p2a: Corsola|Strength Sap|p1a: Gigalith
|-unboost|p1a: Gigalith|atk|1
|-heal|p2a: Corsola|100/100 tox
|move|p1a: Gigalith|Stealth Rock|p2a: Corsola
|-sidestart|p2: MentalAdversity|move: Stealth Rock
|
|-weather|Sandstorm|[upkeep]
|-damage|p2a: Corsola|94/100 tox|[from] Sandstorm
|-damage|p2a: Corsola|82/100 tox|[from] psn
|upkeep
|turn|15
|
|t:|1645293952
|switch|p1a: Charizard|Charizard, F|100/100
|move|p2a: Corsola|Will-O-Wisp|p1a: Charizard
|-immune|p1a: Charizard
|
|-weather|none
|-damage|p2a: Corsola|63/100 tox|[from] psn
|upkeep
|turn|16
|
|t:|1645293959
|switch|p2a: Nurse Joy|Audino, F, shiny|100/100 brn
|move|p1a: Charizard|Flamethrower|p2a: Nurse Joy
|-damage|p2a: Nurse Joy|70/100 brn
|
|-damage|p2a: Nurse Joy|63/100 brn|[from] brn
|upkeep
|turn|17
|
|t:|1645293965
|switch|p1a: Whimsicott|Whimsicott, F|96/100
|-damage|p1a: Whimsicott|84/100|[from] Stealth Rock
|move|p2a: Nurse Joy|Knock Off|p1a: Whimsicott
|-resisted|p1a: Whimsicott
|-damage|p1a: Whimsicott|80/100
|
|-damage|p2a: Nurse Joy|57/100 brn|[from] brn
|upkeep
|turn|18
|
|t:|1645293979
|switch|p2a: Eldegoss|Eldegoss, F, shiny|100/100
|move|p1a: Whimsicott|U-turn|p2a: Eldegoss
|-supereffective|p2a: Eldegoss
|-damage|p2a: Eldegoss|76/100
|
|t:|1645293984
|switch|p1a: Charizard|Charizard, F|100/100|[from]move: U-turn
|
|upkeep
|turn|19
|
|t:|1645293998
|move|p2a: Eldegoss|Protect|p2a: Eldegoss
|-singleturn|p2a: Eldegoss|Protect
|move|p1a: Charizard|Flamethrower|p2a: Eldegoss
|-activate|p2a: Eldegoss|move: Protect
|
|upkeep
|turn|20
|j| PUnyTest
|
|t:|1645294027
|switch|p2a: Nurse Joy|Audino, F, shiny|90/100 brn
|move|p1a: Charizard|Flamethrower|p2a: Nurse Joy
|-damage|p2a: Nurse Joy|60/100 brn
|
|-damage|p2a: Nurse Joy|53/100 brn|[from] brn
|upkeep
|turn|21
|
|t:|1645294033
|move|p1a: Charizard|Flamethrower|p2a: Nurse Joy
|-damage|p2a: Nurse Joy|25/100 brn
|move|p2a: Nurse Joy|Toxic|p1a: Charizard
|-status|p1a: Charizard|tox
|
|-damage|p1a: Charizard|94/100 tox|[from] psn
|-damage|p2a: Nurse Joy|19/100 brn|[from] brn
|upkeep
|turn|22
|
|t:|1645294036
|move|p2a: Nurse Joy|Protect|p2a: Nurse Joy
|-singleturn|p2a: Nurse Joy|Protect
|move|p1a: Charizard|Flamethrower|p2a: Nurse Joy
|-activate|p2a: Nurse Joy|move: Protect
|
|-damage|p1a: Charizard|82/100 tox|[from] psn
|-damage|p2a: Nurse Joy|13/100 brn|[from] brn
|upkeep
|turn|23
|
|t:|1645294049
|switch|p2a: Perry the platypus|Quagsire, F, shiny|100/100
|-damage|p2a: Perry the platypus|94/100|[from] Stealth Rock
|move|p1a: Charizard|Air Slash|p2a: Perry the platypus
|-damage|p2a: Perry the platypus|56/100
|
|-heal|p2a: Perry the platypus|62/100|[from] item: Leftovers
|-damage|p1a: Charizard|64/100 tox|[from] psn
|upkeep
|turn|24
|
|t:|1645294054
|move|p1a: Charizard|Air Slash|p2a: Perry the platypus
|-damage|p2a: Perry the platypus|17/100
|cant|p2a: Perry the platypus|flinch
|
|-heal|p2a: Perry the platypus|23/100|[from] item: Leftovers
|-damage|p1a: Charizard|40/100 tox|[from] psn
|upkeep
|turn|25
|
|t:|1645294060
|switch|p1a: Whimsicott|Whimsicott, F|80/100
|-damage|p1a: Whimsicott|68/100|[from] Stealth Rock
|switch|p2a: Nurse Joy|Audino, F, shiny|46/100 brn
|
|-damage|p2a: Nurse Joy|40/100 brn|[from] brn
|upkeep
|turn|26
|
|t:|1645294064
|move|p1a: Whimsicott|Defog|p2a: Nurse Joy
|-unboost|p2a: Nurse Joy|evasion|1
|-sideend|p2: MentalAdversity|Stealth Rock|[from] move: Defog|[of] p1a: Whimsicott
|-sideend|p1: blib blab blub|Stealth Rock|[from] move: Defog|[of] p1a: Whimsicott
|move|p2a: Nurse Joy|Wish|p2a: Nurse Joy
|
|-damage|p2a: Nurse Joy|34/100 brn|[from] brn
|upkeep
|turn|27
|
|t:|1645294076
|switch|p1a: Hitmonlee|Hitmonlee, M|100/100
|move|p2a: Nurse Joy|Protect||[still]
|-fail|p2a: Nurse Joy
|
|-heal|p2a: Nurse Joy|84/100 brn|[from] move: Wish|[wisher] Nurse Joy
|-damage|p2a: Nurse Joy|78/100 brn|[from] brn
|upkeep
|turn|28
|
|t:|1645294083
|switch|p2a: Centiskorch|Centiskorch, M|100/100
|move|p1a: Hitmonlee|High Jump Kick|p2a: Centiskorch
|-resisted|p2a: Centiskorch
|-damage|p2a: Centiskorch|54/100
|-status|p1a: Hitmonlee|brn|[from] ability: Flame Body|[of] p2a: Centiskorch
|
|-damage|p1a: Hitmonlee|94/100 brn|[from] brn
|upkeep
|turn|29
|
|t:|1645294091
|switch|p1a: Audino|Audino, F|100/100
|move|p2a: Centiskorch|Rest|p2a: Centiskorch
|-status|p2a: Centiskorch|slp|[from] move: Rest
|-heal|p2a: Centiskorch|100/100 slp|[silent]
|
|upkeep
|turn|30
|
|t:|1645294097
|switch|p2a: Eldegoss|Eldegoss, F, shiny|100/100
|move|p1a: Audino|Heal Bell|p1a: Audino
|-activate|p1a: Audino|move: Heal Bell
|-curestatus|p1: Charizard|tox|[msg]
|-curestatus|p1: Hitmonlee|brn|[msg]
|-curestatus|p1: Jellicent|par|[msg]
|
|upkeep
|turn|31
|
|t:|1645294104
|switch|p1a: Charizard|Charizard, F|40/100
|move|p2a: Eldegoss|Aromatherapy|p2a: Eldegoss
|-activate|p2a: Eldegoss|move: Aromatherapy
|-curestatus|p2: Nurse Joy|brn|[msg]
|-curestatus|p2: Corsola|tox|[msg]
|-curestatus|p2: Centiskorch|slp|[msg]
|
|upkeep
|turn|32
|
|t:|1645294107
|move|p1a: Charizard|Roost|p1a: Charizard
|-heal|p1a: Charizard|90/100
|-singleturn|p1a: Charizard|move: Roost
|move|p2a: Eldegoss|Leech Seed|p1a: Charizard|[miss]
|-miss|p2a: Eldegoss|p1a: Charizard
|
|upkeep
|turn|33
|
|t:|1645294112
|move|p1a: Charizard|Flamethrower|p2a: Eldegoss
|-supereffective|p2a: Eldegoss
|-damage|p2a: Eldegoss|39/100
|move|p2a: Eldegoss|Leech Seed|p1a: Charizard
|-start|p1a: Charizard|move: Leech Seed
|
|-damage|p1a: Charizard|78/100|[from] Leech Seed|[of] p2a: Eldegoss
|-heal|p2a: Eldegoss|51/100|[silent]
|upkeep
|turn|34
|
|t:|1645294117
|switch|p1a: Hitmonlee|Hitmonlee, M|94/100
|move|p2a: Eldegoss|Protect||[still]
|-fail|p2a: Eldegoss
|
|upkeep
|turn|35
|
|t:|1645294123
|move|p2a: Eldegoss|Protect|p2a: Eldegoss
|-singleturn|p2a: Eldegoss|Protect
|move|p1a: Hitmonlee|Knock Off|p2a: Eldegoss
|-activate|p2a: Eldegoss|move: Protect
|
|upkeep
|turn|36
|
|t:|1645294142
|switch|p2a: Centiskorch|Centiskorch, M|100/100
|move|p1a: Hitmonlee|Knock Off|p2a: Centiskorch
|-damage|p2a: Centiskorch|63/100
|-enditem|p2a: Centiskorch|Heavy-Duty Boots|[from] move: Knock Off|[of] p1a: Hitmonlee
|
|upkeep
|turn|37
|
|t:|1645294149
|switch|p1a: Gigalith|Gigalith, F|100/100
|-weather|Sandstorm|[from] ability: Sand Stream|[of] p1a: Gigalith
|move|p2a: Centiskorch|Knock Off|p1a: Gigalith
|-damage|p1a: Gigalith|82/100
|-enditem|p1a: Gigalith|Leftovers|[from] move: Knock Off|[of] p2a: Centiskorch
|
|-weather|Sandstorm|[upkeep]
|-damage|p2a: Centiskorch|57/100|[from] Sandstorm
|upkeep
|turn|38
|
|t:|1645294154
|switch|p2a: Corsola|Corsola-Galar, M|63/100
|move|p1a: Gigalith|Stealth Rock|p2a: Corsola
|-sidestart|p2: MentalAdversity|move: Stealth Rock
|
|-weather|Sandstorm|[upkeep]
|-damage|p2a: Corsola|57/100|[from] Sandstorm
|upkeep
|turn|39
|
|t:|1645294158
|move|p2a: Corsola|Strength Sap|p1a: Gigalith
|-unboost|p1a: Gigalith|atk|1
|-heal|p2a: Corsola|100/100
|move|p1a: Gigalith|Toxic|p2a: Corsola
|-status|p2a: Corsola|tox
|
|-weather|Sandstorm|[upkeep]
|-damage|p2a: Corsola|94/100 tox|[from] Sandstorm
|-damage|p2a: Corsola|88/100 tox|[from] psn
|upkeep
|turn|40
|
|t:|1645294162
|switch|p1a: Jellicent|Jellicent, M|64/100
|move|p2a: Corsola|Stealth Rock|p1a: Jellicent
|-sidestart|p1: blib blab blub|move: Stealth Rock
|
|-weather|Sandstorm|[upkeep]
|-damage|p1a: Jellicent|58/100|[from] Sandstorm
|-damage|p2a: Corsola|82/100 tox|[from] Sandstorm
|-damage|p2a: Corsola|70/100 tox|[from] psn
|upkeep
|turn|41
|
|t:|1645294169
|switch|p2a: Eldegoss|Eldegoss, F, shiny|84/100
|move|p1a: Jellicent|Hex|p2a: Eldegoss
|-damage|p2a: Eldegoss|71/100
|
|-weather|none
|upkeep
|turn|42
|
|t:|1645294174
|move|p1a: Jellicent|Taunt|p2a: Eldegoss
|-start|p2a: Eldegoss|move: Taunt
|cant|p2a: Eldegoss|move: Taunt|Aromatherapy
|
|upkeep
|turn|43
|
|t:|1645294182
|switch|p1a: Charizard|Charizard, F|78/100
|switch|p2a: Nurse Joy|Audino, F, shiny|100/100
|
|upkeep
|turn|44
|
|t:|1645294186
|switch|p1a: Whimsicott|Whimsicott, F|68/100
|-damage|p1a: Whimsicott|56/100|[from] Stealth Rock
|move|p2a: Nurse Joy|Knock Off|p1a: Whimsicott
|-resisted|p1a: Whimsicott
|-damage|p1a: Whimsicott|50/100
|
|upkeep
|turn|45
|
|t:|1645294193
|move|p1a: Whimsicott|Encore|p2a: Nurse Joy
|-start|p2a: Nurse Joy|Encore
|move|p2a: Nurse Joy|Knock Off|p1a: Whimsicott
|-resisted|p1a: Whimsicott
|-damage|p1a: Whimsicott|45/100
|
|upkeep
|turn|46
|
|t:|1645294196
|move|p1a: Whimsicott|Defog|p2a: Nurse Joy
|-unboost|p2a: Nurse Joy|evasion|1
|-sideend|p2: MentalAdversity|Stealth Rock|[from] move: Defog|[of] p1a: Whimsicott
|-sideend|p1: blib blab blub|Stealth Rock|[from] move: Defog|[of] p1a: Whimsicott
|move|p2a: Nurse Joy|Knock Off|p1a: Whimsicott
|-resisted|p1a: Whimsicott
|-damage|p1a: Whimsicott|39/100
|
|upkeep
|turn|47
|
|t:|1645294200
|move|p1a: Whimsicott|U-turn|p2a: Nurse Joy
|-damage|p2a: Nurse Joy|91/100
|
|t:|1645294206
|switch|p1a: Gigalith|Gigalith, F|82/100|[from]move: U-turn
|-weather|Sandstorm|[from] ability: Sand Stream|[of] p1a: Gigalith
|move|p2a: Nurse Joy|Knock Off|p1a: Gigalith
|-damage|p1a: Gigalith|74/100
|
|-weather|Sandstorm|[upkeep]
|-damage|p2a: Nurse Joy|85/100|[from] Sandstorm
|-end|p2a: Nurse Joy|Encore
|upkeep
|turn|48
|
|t:|1645294222
|switch|p2a: Perry the platypus|Quagsire, F, shiny|23/100
|move|p1a: Gigalith|Rock Blast|p2a: Perry the platypus
|-resisted|p2a: Perry the platypus
|-damage|p2a: Perry the platypus|19/100
|-resisted|p2a: Perry the platypus
|-damage|p2a: Perry the platypus|15/100
|-hitcount|p2a: Perry the platypus|2
|
|-weather|Sandstorm|[upkeep]
|-heal|p2a: Perry the platypus|21/100|[from] item: Leftovers
|upkeep
|turn|49
|
|t:|1645294230
|move|p2a: Perry the platypus|Recover|p2a: Perry the platypus
|-heal|p2a: Perry the platypus|71/100
|move|p1a: Gigalith|Earthquake|p2a: Perry the platypus
|-damage|p2a: Perry the platypus|49/100
|
|-weather|Sandstorm|[upkeep]
|-heal|p2a: Perry the platypus|55/100|[from] item: Leftovers
|upkeep
|turn|50
|
|t:|1645294234
|switch|p1a: Jellicent|Jellicent, M|58/100
|move|p2a: Perry the platypus|Recover|p2a: Perry the platypus
|-heal|p2a: Perry the platypus|100/100
|
|-weather|Sandstorm|[upkeep]
|-damage|p1a: Jellicent|52/100|[from] Sandstorm
|upkeep
|turn|51
|
|t:|1645294243
|switch|p2a: Togedemaru|Togedemaru, M, shiny|100/100
|move|p1a: Jellicent|Will-O-Wisp|p2a: Togedemaru
|-status|p2a: Togedemaru|brn
|
|-weather|none
|-damage|p2a: Togedemaru|95/100 brn|[from] brn
|upkeep
|turn|52
|
|t:|1645294253
|switch|p1a: Hitmonlee|Hitmonlee, M|94/100
|move|p2a: Togedemaru|Nuzzle|p1a: Hitmonlee
|-damage|p1a: Hitmonlee|88/100
|-status|p1a: Hitmonlee|par
|
|-heal|p2a: Togedemaru|100/100 brn|[from] item: Leftovers
|-damage|p2a: Togedemaru|95/100 brn|[from] brn
|upkeep
|turn|53
|
|t:|1645294265
|move|p2a: Togedemaru|Spiky Shield|p2a: Togedemaru
|-singleturn|p2a: Togedemaru|move: Protect
|move|p1a: Hitmonlee|Mach Punch|p2a: Togedemaru
|-activate|p2a: Togedemaru|move: Protect
|-damage|p1a: Hitmonlee|75/100 par|[from] Spiky Shield|[of] p2a: Togedemaru
|
|-heal|p2a: Togedemaru|100/100 brn|[from] item: Leftovers
|-damage|p2a: Togedemaru|95/100 brn|[from] brn
|upkeep
|turn|54
|
|t:|1645294271
|switch|p2a: Centiskorch|Centiskorch, M|57/100
|switch|p1a: Audino|Audino, F|100/100
|
|upkeep
|turn|55
|
|t:|1645294276
|move|p1a: Audino|Protect|p1a: Audino
|-singleturn|p1a: Audino|Protect
|move|p2a: Centiskorch|Knock Off|p1a: Audino
|-activate|p1a: Audino|move: Protect
|
|upkeep
|turn|56
|
|t:|1645294288
|switch|p1a: Gigalith|Gigalith, F|74/100
|-weather|Sandstorm|[from] ability: Sand Stream|[of] p1a: Gigalith
|move|p2a: Centiskorch|Knock Off|p1a: Gigalith
|-damage|p1a: Gigalith|62/100
|
|-weather|Sandstorm|[upkeep]
|-damage|p2a: Centiskorch|50/100|[from] Sandstorm
|upkeep
|turn|57
|
|t:|1645294296
|switch|p2a: Corsola|Corsola-Galar, M|70/100 tox
|switch|p1a: Audino|Audino, F|100/100
|
|-weather|Sandstorm|[upkeep]
|-damage|p1a: Audino|94/100|[from] Sandstorm
|-damage|p2a: Corsola|63/100 tox|[from] Sandstorm
|-heal|p1a: Audino|100/100|[from] item: Leftovers
|-damage|p2a: Corsola|57/100 tox|[from] psn
|upkeep
|turn|58
|
|t:|1645294300
|move|p1a: Audino|Heal Bell|p1a: Audino
|-activate|p1a: Audino|move: Heal Bell
|-curestatus|p1: Hitmonlee|par|[msg]
|move|p2a: Corsola|Stealth Rock|p1a: Audino
|-sidestart|p1: blib blab blub|move: Stealth Rock
|
|-weather|Sandstorm|[upkeep]
|-damage|p1a: Audino|94/100|[from] Sandstorm
|-damage|p2a: Corsola|51/100 tox|[from] Sandstorm
|-heal|p1a: Audino|100/100|[from] item: Leftovers
|-damage|p2a: Corsola|39/100 tox|[from] psn
|upkeep
|turn|59
|
|t:|1645294305
|move|p1a: Audino|Knock Off|p2a: Corsola
|-supereffective|p2a: Corsola
|-damage|p2a: Corsola|23/100 tox
|move|p2a: Corsola|Strength Sap|p1a: Audino
|-unboost|p1a: Audino|atk|1
|-heal|p2a: Corsola|71/100 tox
|
|-weather|Sandstorm|[upkeep]
|-damage|p1a: Audino|94/100|[from] Sandstorm
|-damage|p2a: Corsola|65/100 tox|[from] Sandstorm
|-heal|p1a: Audino|100/100|[from] item: Leftovers
|-damage|p2a: Corsola|46/100 tox|[from] psn
|upkeep
|turn|60
|
|t:|1645294314
|switch|p2a: Centiskorch|Centiskorch, M|50/100
|move|p1a: Audino|Wish|p1a: Audino
|
|-weather|none
|upkeep
|turn|61
|
|t:|1645294322
|switch|p1a: Gigalith|Gigalith, F|62/100
|-damage|p1a: Gigalith|50/100|[from] Stealth Rock
|-weather|Sandstorm|[from] ability: Sand Stream|[of] p1a: Gigalith
|move|p2a: Centiskorch|Rest|p2a: Centiskorch
|-status|p2a: Centiskorch|slp|[from] move: Rest
|-heal|p2a: Centiskorch|100/100 slp|[silent]
|
|-weather|Sandstorm|[upkeep]
|-damage|p2a: Centiskorch|94/100 slp|[from] Sandstorm
|-heal|p1a: Gigalith|100/100|[from] move: Wish|[wisher] Audino
|upkeep
|turn|62
|
|t:|1645294331
|switch|p2a: Perry the platypus|Quagsire, F, shiny|100/100
|move|p1a: Gigalith|Stealth Rock|p2a: Perry the platypus
|-sidestart|p2: MentalAdversity|move: Stealth Rock
|
|-weather|Sandstorm|[upkeep]
|upkeep
|turn|63
|
|t:|1645294338
|move|p2a: Perry the platypus|Scald|p1a: Gigalith
|-supereffective|p1a: Gigalith
|-damage|p1a: Gigalith|81/100
|move|p1a: Gigalith|Toxic|p2a: Perry the platypus
|-status|p2a: Perry the platypus|tox
|
|-weather|Sandstorm|[upkeep]
|-damage|p2a: Perry the platypus|94/100 tox|[from] psn
|upkeep
|turn|64
|
|t:|1645294341
|switch|p1a: Hitmonlee|Hitmonlee, M|75/100
|-damage|p1a: Hitmonlee|69/100|[from] Stealth Rock
|move|p2a: Perry the platypus|Toxic|p1a: Hitmonlee
|-status|p1a: Hitmonlee|tox
|
|-weather|Sandstorm|[upkeep]
|-damage|p1a: Hitmonlee|63/100 tox|[from] Sandstorm
|-heal|p2a: Perry the platypus|100/100 tox|[from] item: Leftovers
|-damage|p1a: Hitmonlee|57/100 tox|[from] psn
|-damage|p2a: Perry the platypus|88/100 tox|[from] psn
|upkeep
|turn|65
|
|t:|1645294351
|move|p1a: Hitmonlee|Knock Off|p2a: Perry the platypus
|-damage|p2a: Perry the platypus|57/100 tox
|-enditem|p2a: Perry the platypus|Leftovers|[from] move: Knock Off|[of] p1a: Hitmonlee
|move|p2a: Perry the platypus|Recover|p2a: Perry the platypus
|-heal|p2a: Perry the platypus|100/100 tox
|
|-weather|none
|-damage|p1a: Hitmonlee|44/100 tox|[from] psn
|-damage|p2a: Perry the platypus|82/100 tox|[from] psn
|upkeep
|turn|66
|
|t:|1645294358
|switch|p1a: Audino|Audino, F|100/100
|-damage|p1a: Audino|88/100|[from] Stealth Rock
|move|p2a: Perry the platypus|Recover|p2a: Perry the platypus
|-heal|p2a: Perry the platypus|100/100 tox
|
|-heal|p1a: Audino|94/100|[from] item: Leftovers
|-damage|p2a: Perry the platypus|76/100 tox|[from] psn
|upkeep
|turn|67
|
|t:|1645294367
|switch|p2a: Eldegoss|Eldegoss, F, shiny|100/100
|move|p1a: Audino|Wish|p1a: Audino
|
|-heal|p1a: Audino|99/100|[from] item: Leftovers
|upkeep
|turn|68
|
|t:|1645294374
|move|p2a: Eldegoss|Aromatherapy|p2a: Eldegoss
|-activate|p2a: Eldegoss|move: Aromatherapy
|-curestatus|p2: Perry the platypus|tox|[msg]
|-curestatus|p2: Centiskorch|slp|[msg]
|-curestatus|p2: Togedemaru|brn|[msg]
|-curestatus|p2: Corsola|tox|[msg]
|move|p1a: Audino|Knock Off|p2a: Eldegoss
|-crit|p2a: Eldegoss
|-damage|p2a: Eldegoss|73/100
|-enditem|p2a: Eldegoss|Heavy-Duty Boots|[from] move: Knock Off|[of] p1a: Audino
|
|-heal|p1a: Audino|100/100|[from] move: Wish|[wisher] Audino
|upkeep
|turn|69
|
|t:|1645294383
|switch|p1a: Charizard|Charizard, F|78/100
|move|p2a: Eldegoss|Rapid Spin|p1a: Charizard
|-damage|p1a: Charizard|69/100
|-boost|p2a: Eldegoss|spe|1
|-sideend|p2: MentalAdversity|Stealth Rock|[from] move: Rapid Spin|[of] p2a: Eldegoss
|
|upkeep
|turn|70
|
|t:|1645294391
|switch|p1a: Whimsicott|Whimsicott, F|39/100
|-damage|p1a: Whimsicott|27/100|[from] Stealth Rock
|switch|p2a: Nurse Joy|Audino, F, shiny|100/100
|
|upkeep
|turn|71
|
|t:|1645294394
|move|p1a: Whimsicott|Defog|p2a: Nurse Joy
|-unboost|p2a: Nurse Joy|evasion|1
|-sideend|p1: blib blab blub|Stealth Rock|[from] move: Defog|[of] p1a: Whimsicott
|move|p2a: Nurse Joy|Toxic|p1a: Whimsicott
|-status|p1a: Whimsicott|tox
|
|-damage|p1a: Whimsicott|21/100 tox|[from] psn
|upkeep
|turn|72
|
|t:|1645294397
|move|p1a: Whimsicott|U-turn|p2a: Nurse Joy
|-damage|p2a: Nurse Joy|90/100
|
|t:|1645294405
|switch|p1a: Hitmonlee|Hitmonlee, M|44/100 tox|[from]move: U-turn
|move|p2a: Nurse Joy|Knock Off|p1a: Hitmonlee
|-resisted|p1a: Hitmonlee
|-damage|p1a: Hitmonlee|27/100 tox
|-enditem|p1a: Hitmonlee|Choice Band|[from] move: Knock Off|[of] p2a: Nurse Joy
|
|-damage|p1a: Hitmonlee|21/100 tox|[from] psn
|upkeep
|turn|73
|
|t:|1645294416
|switch|p1a: Audino|Audino, F|100/100
|move|p2a: Nurse Joy|Protect||[still]
|-fail|p2a: Nurse Joy
|
|upkeep
|turn|74
|
|t:|1645294420
|move|p2a: Nurse Joy|Knock Off|p1a: Audino
|-damage|p1a: Audino|87/100
|-enditem|p1a: Audino|Leftovers|[from] move: Knock Off|[of] p2a: Nurse Joy
|move|p1a: Audino|Heal Bell|p1a: Audino
|-activate|p1a: Audino|move: Heal Bell
|-curestatus|p1: Hitmonlee|tox|[msg]
|-curestatus|p1: Whimsicott|tox|[msg]
|
|upkeep
|turn|75
|
|t:|1645294425
|move|p1a: Audino|Wish|p1a: Audino
|move|p2a: Nurse Joy|Toxic|p1a: Audino
|-status|p1a: Audino|tox
|
|-damage|p1a: Audino|80/100 tox|[from] psn
|upkeep
|turn|76
|
|t:|1645294429
|switch|p1a: Hitmonlee|Hitmonlee, M|21/100
|move|p2a: Nurse Joy|Toxic|p1a: Hitmonlee
|-status|p1a: Hitmonlee|tox
|
|-heal|p1a: Hitmonlee|100/100 tox|[from] move: Wish|[wisher] Audino
|-damage|p1a: Hitmonlee|94/100 tox|[from] psn
|upkeep
|turn|77
|
|t:|1645294434
|switch|p1a: Jellicent|Jellicent, M|52/100
|move|p2a: Nurse Joy|Protect||[still]
|-fail|p2a: Nurse Joy
|
|upkeep
|turn|78
|
|t:|1645294444
|move|p1a: Jellicent|Taunt|p2a: Nurse Joy
|-start|p2a: Nurse Joy|move: Taunt
|move|p2a: Nurse Joy|Knock Off|p1a: Jellicent
|-supereffective|p1a: Jellicent
|-damage|p1a: Jellicent|35/100
|
|upkeep
|turn|79
|
|t:|1645294447
|move|p1a: Jellicent|Recover|p1a: Jellicent
|-heal|p1a: Jellicent|85/100
|move|p2a: Nurse Joy|Knock Off|p1a: Jellicent
|-supereffective|p1a: Jellicent
|-damage|p1a: Jellicent|67/100
|
|upkeep
|turn|80
|
|t:|1645294449
|switch|p2a: Togedemaru|Togedemaru, M, shiny|95/100
|move|p1a: Jellicent|Will-O-Wisp|p2a: Togedemaru
|-status|p2a: Togedemaru|brn
|
|-heal|p2a: Togedemaru|100/100 brn|[from] item: Leftovers
|-damage|p2a: Togedemaru|95/100 brn|[from] brn
|upkeep
|turn|81
|
|t:|1645294456
|move|p2a: Togedemaru|Nuzzle|p1a: Jellicent
|-supereffective|p1a: Jellicent
|-damage|p1a: Jellicent|61/100
|-status|p1a: Jellicent|par
|move|p1a: Jellicent|Hex|p2a: Togedemaru
|-damage|p2a: Togedemaru|57/100 brn
|
|-heal|p2a: Togedemaru|63/100 brn|[from] item: Leftovers
|-damage|p2a: Togedemaru|57/100 brn|[from] brn
|upkeep
|turn|82
|
|t:|1645294467
|switch|p2a: Nurse Joy|Audino, F, shiny|100/100
|move|p1a: Jellicent|Hex|p2a: Nurse Joy
|-immune|p2a: Nurse Joy
|
|upkeep
|turn|83
|
|t:|1645294477
|move|p2a: Nurse Joy|Wish|p2a: Nurse Joy
|move|p1a: Jellicent|Taunt|p2a: Nurse Joy
|-start|p2a: Nurse Joy|move: Taunt
|
|upkeep
|turn|84
|
|t:|1645294500
|switch|p2a: Corsola|Corsola-Galar, M|46/100
|cant|p1a: Jellicent|par
|
|-heal|p2a: Corsola|100/100|[from] move: Wish|[wisher] Nurse Joy
|upkeep
|turn|85
|
|t:|1645294511
|switch|p1a: Audino|Audino, F|100/100 tox
|move|p2a: Corsola|Stealth Rock|p1a: Audino
|-sidestart|p1: blib blab blub|move: Stealth Rock
|
|-damage|p1a: Audino|94/100 tox|[from] psn
|upkeep
|turn|86
|
|t:|1645294514
|switch|p2a: Centiskorch|Centiskorch, M|94/100
|move|p1a: Audino|Heal Bell|p1a: Audino
|-activate|p1a: Audino|move: Heal Bell
|-curestatus|p1a: Audino|tox|[msg]
|-curestatus|p1: Jellicent|par|[msg]
|-curestatus|p1: Hitmonlee|tox|[msg]
|
|upkeep
|turn|87
|
|t:|1645294520
|switch|p1a: Gigalith|Gigalith, F|81/100
|-damage|p1a: Gigalith|69/100|[from] Stealth Rock
|-weather|Sandstorm|[from] ability: Sand Stream|[of] p1a: Gigalith
|move|p2a: Centiskorch|Lunge|p1a: Gigalith
|-damage|p1a: Gigalith|46/100
|-unboost|p1a: Gigalith|atk|1
|
|-weather|Sandstorm|[upkeep]
|-damage|p2a: Centiskorch|88/100|[from] Sandstorm
|upkeep
|turn|88
|
|t:|1645294530
|switch|p2a: Corsola|Corsola-Galar, M|100/100
|move|p1a: Gigalith|Toxic|p2a: Corsola
|-status|p2a: Corsola|tox
|
|-weather|Sandstorm|[upkeep]
|-damage|p2a: Corsola|94/100 tox|[from] Sandstorm
|-damage|p2a: Corsola|88/100 tox|[from] psn
|upkeep
|turn|89
|inactive|Battle timer is ON: inactive players will automatically lose when time's up. (requested by MentalAdversity)
|
|t:|1645294548
|switch|p1a: Jellicent|Jellicent, M|61/100
|-damage|p1a: Jellicent|49/100|[from] Stealth Rock
|move|p2a: Corsola|Night Shade|p1a: Jellicent
|-damage|p1a: Jellicent|24/100
|
|-weather|Sandstorm|[upkeep]
|-damage|p1a: Jellicent|18/100|[from] Sandstorm
|-damage|p2a: Corsola|82/100 tox|[from] Sandstorm
|-damage|p2a: Corsola|70/100 tox|[from] psn
|upkeep
|turn|90
|
|t:|1645294552
|move|p1a: Jellicent|Recover|p1a: Jellicent
|-heal|p1a: Jellicent|68/100
|move|p2a: Corsola|Night Shade|p1a: Jellicent
|-damage|p1a: Jellicent|43/100
|
|-weather|Sandstorm|[upkeep]
|-damage|p1a: Jellicent|37/100|[from] Sandstorm
|-damage|p2a: Corsola|63/100 tox|[from] Sandstorm
|-damage|p2a: Corsola|45/100 tox|[from] psn
|upkeep
|turn|91
|
|t:|1645294555
|switch|p2a: Centiskorch|Centiskorch, M|88/100
|move|p1a: Jellicent|Recover|p1a: Jellicent
|-heal|p1a: Jellicent|87/100
|
|-weather|none
|upkeep
|turn|92
|
|t:|1645294568
|switch|p1a: Hitmonlee|Hitmonlee, M|94/100
|-damage|p1a: Hitmonlee|88/100|[from] Stealth Rock
|move|p2a: Centiskorch|Lunge|p1a: Hitmonlee
|-resisted|p1a: Hitmonlee
|-damage|p1a: Hitmonlee|49/100
|-unboost|p1a: Hitmonlee|atk|1
|
|upkeep
|turn|93
|
|t:|1645294573
|move|p1a: Hitmonlee|Stone Edge|p2a: Centiskorch
|-supereffective|p2a: Centiskorch
|-damage|p2a: Centiskorch|19/100
|move|p2a: Centiskorch|Lunge|p1a: Hitmonlee
|-resisted|p1a: Hitmonlee
|-damage|p1a: Hitmonlee|15/100
|-unboost|p1a: Hitmonlee|atk|1
|
|upkeep
|turn|94
|
|t:|1645294601
|switch|p1a: Audino|Audino, F|100/100
|-damage|p1a: Audino|88/100|[from] Stealth Rock
|switch|p2a: Perry the platypus|Quagsire, F, shiny|76/100
|
|upkeep
|turn|95
|
|t:|1645294604
|move|p1a: Audino|Wish|p1a: Audino
|move|p2a: Perry the platypus|Toxic|p1a: Audino
|-status|p1a: Audino|tox
|
|-damage|p1a: Audino|82/100 tox|[from] psn
|upkeep
|turn|96
|
|t:|1645294612
|switch|p1a: Gigalith|Gigalith, F|46/100
|-damage|p1a: Gigalith|33/100|[from] Stealth Rock
|-weather|Sandstorm|[from] ability: Sand Stream|[of] p1a: Gigalith
|move|p2a: Perry the platypus|Scald|p1a: Gigalith
|-supereffective|p1a: Gigalith
|-damage|p1a: Gigalith|13/100
|
|-weather|Sandstorm|[upkeep]
|-heal|p1a: Gigalith|67/100|[from] move: Wish|[wisher] Audino
|upkeep
|turn|97
|
|t:|1645294617
|move|p2a: Perry the platypus|Toxic|p1a: Gigalith
|-status|p1a: Gigalith|tox
|move|p1a: Gigalith|Toxic|p2a: Perry the platypus
|-status|p2a: Perry the platypus|tox
|
|-weather|Sandstorm|[upkeep]
|-damage|p2a: Perry the platypus|70/100 tox|[from] psn
|-damage|p1a: Gigalith|61/100 tox|[from] psn
|upkeep
|turn|98
|
|t:|1645294624
|switch|p2a: Eldegoss|Eldegoss, F, shiny|100/100
|switch|p1a: Whimsicott|Whimsicott, F|21/100
|-damage|p1a: Whimsicott|8/100|[from] Stealth Rock
|
|-weather|Sandstorm|[upkeep]
|-damage|p1a: Whimsicott|2/100|[from] Sandstorm
|-damage|p2a: Eldegoss|94/100|[from] Sandstorm
|upkeep
|turn|99
|
|t:|1645294633
|move|p1a: Whimsicott|Defog|p2a: Eldegoss
|-unboost|p2a: Eldegoss|evasion|1
|-sideend|p1: blib blab blub|Stealth Rock|[from] move: Defog|[of] p1a: Whimsicott
|move|p2a: Eldegoss|Aromatherapy|p2a: Eldegoss
|-activate|p2a: Eldegoss|move: Aromatherapy
|-curestatus|p2: Corsola|tox|[msg]
|-curestatus|p2: Togedemaru|brn|[msg]
|-curestatus|p2: Perry the platypus|tox|[msg]
|
|-weather|Sandstorm|[upkeep]
|-damage|p1a: Whimsicott|0 fnt|[from] Sandstorm
|-damage|p2a: Eldegoss|88/100|[from] Sandstorm
|faint|p1a: Whimsicott
|upkeep
|
|t:|1645294639
|switch|p1a: Charizard|Charizard, F|69/100
|turn|100
|
|t:|1645294643
|switch|p2a: Nurse Joy|Audino, F, shiny|100/100
|move|p1a: Charizard|Flamethrower|p2a: Nurse Joy
|-damage|p2a: Nurse Joy|73/100
|
|-weather|none
|upkeep
|turn|101
|
|t:|1645294645
|move|p1a: Charizard|Flamethrower|p2a: Nurse Joy
|-damage|p2a: Nurse Joy|40/100
|-status|p2a: Nurse Joy|brn
|move|p2a: Nurse Joy|Knock Off|p1a: Charizard
|-damage|p1a: Charizard|58/100
|-enditem|p1a: Charizard|Heavy-Duty Boots|[from] move: Knock Off|[of] p2a: Nurse Joy
|
|-damage|p2a: Nurse Joy|34/100 brn|[from] brn
|upkeep
|turn|102
|
|t:|1645294654
|switch|p2a: Centiskorch|Centiskorch, M|19/100
|move|p1a: Charizard|Flamethrower|p2a: Centiskorch
|-damage|p2a: Centiskorch|0 fnt
|faint|p2a: Centiskorch
|
|upkeep
|
|t:|1645294656
|switch|p2a: Perry the platypus|Quagsire, F, shiny|70/100
|turn|103
|
|t:|1645294661
|move|p1a: Charizard|Air Slash|p2a: Perry the platypus
|-damage|p2a: Perry the platypus|29/100
|move|p2a: Perry the platypus|Recover|p2a: Perry the platypus
|-heal|p2a: Perry the platypus|79/100
|
|upkeep
|turn|104
|
|t:|1645294664
|move|p1a: Charizard|Air Slash|p2a: Perry the platypus
|-damage|p2a: Perry the platypus|36/100
|move|p2a: Perry the platypus|Scald|p1a: Charizard
|-supereffective|p1a: Charizard
|-damage|p1a: Charizard|8/100
|
|upkeep
|turn|105
|
|t:|1645294682
|switch|p2a: Togedemaru|Togedemaru, M, shiny|57/100
|move|p1a: Charizard|Air Slash|p2a: Togedemaru
|-resisted|p2a: Togedemaru
|-damage|p2a: Togedemaru|49/100
|
|-heal|p2a: Togedemaru|55/100|[from] item: Leftovers
|upkeep
|turn|106
|
|t:|1645294689
|switch|p1a: Audino|Audino, F|100/100 tox
|move|p2a: Togedemaru|Nuzzle|p1a: Audino
|-crit|p1a: Audino
|-damage|p1a: Audino|92/100 tox
|
|-heal|p2a: Togedemaru|61/100|[from] item: Leftovers
|-damage|p1a: Audino|86/100 tox|[from] psn
|upkeep
|turn|107
|
|t:|1645294698
|switch|p2a: Corsola|Corsola-Galar, M|45/100
|move|p1a: Audino|Heal Bell|p1a: Audino
|-activate|p1a: Audino|move: Heal Bell
|-curestatus|p1a: Audino|tox|[msg]
|-curestatus|p1: Gigalith|tox|[msg]
|
|upkeep
|turn|108
|
|t:|1645294702
|move|p1a: Audino|Knock Off|p2a: Corsola
|-supereffective|p2a: Corsola
|-damage|p2a: Corsola|29/100
|move|p2a: Corsola|Night Shade|p1a: Audino
|-immune|p1a: Audino
|
|upkeep
|turn|109
|
|t:|1645294706
|move|p1a: Audino|Wish|p1a: Audino
|move|p2a: Corsola|Stealth Rock|p1a: Audino
|-sidestart|p1: blib blab blub|move: Stealth Rock
|
|upkeep
|turn|110
|
|t:|1645294714
|move|p1a: Audino|Knock Off|p2a: Corsola
|-supereffective|p2a: Corsola
|-damage|p2a: Corsola|14/100
|move|p2a: Corsola|Strength Sap|p1a: Audino
|-unboost|p1a: Audino|atk|1
|-heal|p2a: Corsola|62/100
|
|-heal|p1a: Audino|100/100|[from] move: Wish|[wisher] Audino
|upkeep
|turn|111
|c|☆MentalAdversity|GOODBYE CHARIZARD
|
|t:|1645294729
|move|p1a: Audino|Wish|p1a: Audino
|move|p2a: Corsola|Strength Sap|p1a: Audino
|-unboost|p1a: Audino|atk|1
|-heal|p2a: Corsola|94/100
|
|upkeep
|turn|112
|
|t:|1645294735
|switch|p1a: Gigalith|Gigalith, F|61/100
|-damage|p1a: Gigalith|49/100|[from] Stealth Rock
|-weather|Sandstorm|[from] ability: Sand Stream|[of] p1a: Gigalith
|move|p2a: Corsola|Night Shade|p1a: Gigalith
|-damage|p1a: Gigalith|22/100
|
|-weather|Sandstorm|[upkeep]
|-damage|p2a: Corsola|88/100|[from] Sandstorm
|-heal|p1a: Gigalith|77/100|[from] move: Wish|[wisher] Audino
|upkeep
|turn|113
|
|t:|1645294743
|move|p2a: Corsola|Will-O-Wisp|p1a: Gigalith
|-status|p1a: Gigalith|brn
|move|p1a: Gigalith|Stealth Rock|p2a: Corsola
|-sidestart|p2: MentalAdversity|move: Stealth Rock
|
|-weather|Sandstorm|[upkeep]
|-damage|p2a: Corsola|82/100|[from] Sandstorm
|-damage|p1a: Gigalith|71/100 brn|[from] brn
|upkeep
|turn|114
|
|t:|1645294750
|switch|p2a: Perry the platypus|Quagsire, F, shiny|36/100
|-damage|p2a: Perry the platypus|30/100|[from] Stealth Rock
|move|p1a: Gigalith|Toxic|p2a: Perry the platypus
|-status|p2a: Perry the platypus|tox
|
|-weather|Sandstorm|[upkeep]
|-damage|p2a: Perry the platypus|24/100 tox|[from] psn
|-damage|p1a: Gigalith|65/100 brn|[from] brn
|upkeep
|turn|115
|
|t:|1645294757
|switch|p1a: Audino|Audino, F|100/100
|-damage|p1a: Audino|88/100|[from] Stealth Rock
|move|p2a: Perry the platypus|Recover|p2a: Perry the platypus
|-heal|p2a: Perry the platypus|74/100 tox
|
|-weather|Sandstorm|[upkeep]
|-damage|p1a: Audino|82/100|[from] Sandstorm
|-damage|p2a: Perry the platypus|62/100 tox|[from] psn
|upkeep
|turn|116
|
|t:|1645294764
|switch|p2a: Eldegoss|Eldegoss, F, shiny|100/100
|-damage|p2a: Eldegoss|88/100|[from] Stealth Rock
|move|p1a: Audino|Wish|p1a: Audino
|
|-weather|none
|upkeep
|turn|117
|
|t:|1645294773
|switch|p1a: Hitmonlee|Hitmonlee, M|15/100
|-damage|p1a: Hitmonlee|8/100|[from] Stealth Rock
|move|p2a: Eldegoss|Rapid Spin|p1a: Hitmonlee
|-damage|p1a: Hitmonlee|0 fnt
|-boost|p2a: Eldegoss|spe|1
|-sideend|p2: MentalAdversity|Stealth Rock|[from] move: Rapid Spin|[of] p2a: Eldegoss
|faint|p1a: Hitmonlee
|
|upkeep
|c|☆MentalAdversity|SWITCH
|c|☆MentalAdversity|DO IT
|c|☆MentalAdversity|GOOD BOY
|
|t:|1645294787
|switch|p1a: Jellicent|Jellicent, M|87/100
|-damage|p1a: Jellicent|75/100|[from] Stealth Rock
|turn|118
|
|t:|1645294794
|move|p2a: Eldegoss|Aromatherapy|p2a: Eldegoss
|-activate|p2a: Eldegoss|move: Aromatherapy
|-curestatus|p2: Nurse Joy|brn|[msg]
|-curestatus|p2: Perry the platypus|tox|[msg]
|move|p1a: Jellicent|Taunt|p2a: Eldegoss
|-start|p2a: Eldegoss|move: Taunt
|
|upkeep
|turn|119
|
|t:|1645294800
|switch|p2a: Nurse Joy|Audino, F, shiny|68/100
|move|p1a: Jellicent|Will-O-Wisp|p2a: Nurse Joy
|-status|p2a: Nurse Joy|brn
|
|-damage|p2a: Nurse Joy|61/100 brn|[from] brn
|upkeep
|turn|120
|
|t:|1645294804
|move|p1a: Jellicent|Taunt|p2a: Nurse Joy
|-start|p2a: Nurse Joy|move: Taunt
|move|p2a: Nurse Joy|Knock Off|p1a: Jellicent
|-supereffective|p1a: Jellicent
|-damage|p1a: Jellicent|66/100
|
|-damage|p2a: Nurse Joy|55/100 brn|[from] brn
|upkeep
|turn|121
|
|t:|1645294813
|switch|p1a: Audino|Audino, F|100/100
|-damage|p1a: Audino|88/100|[from] Stealth Rock
|switch|p2a: Eldegoss|Eldegoss, F, shiny|100/100
|
|upkeep
|turn|122
|
|t:|1645294825
|move|p1a: Audino|Protect|p1a: Audino
|-singleturn|p1a: Audino|Protect
|move|p2a: Eldegoss|Leech Seed|p1a: Audino
|-activate|p1a: Audino|move: Protect
|
|upkeep
|turn|123
|
|t:|1645294831
|switch|p1a: Charizard|Charizard, F|8/100
|-damage|p1a: Charizard|0 fnt|[from] Stealth Rock
|faint|p1a: Charizard
|move|p2a: Eldegoss|Leech Seed|p1: Charizard|[notarget]
|-fail|p2a: Eldegoss
|
|upkeep
|c|☆MentalAdversity|ITS OVER
|
|t:|1645294834
|switch|p1a: Jellicent|Jellicent, M|66/100
|-damage|p1a: Jellicent|54/100|[from] Stealth Rock
|turn|124
|
|t:|1645294838
|move|p1a: Jellicent|Taunt|p2a: Eldegoss
|-start|p2a: Eldegoss|move: Taunt
|cant|p2a: Eldegoss|move: Taunt|Leech Seed
|
|upkeep
|turn|125
|c|☆blib blab blub|okay?
|c|☆MentalAdversity|y u stallin
|
|t:|1645294848
|switch|p2a: Nurse Joy|Audino, F, shiny|89/100 brn
|move|p1a: Jellicent|Recover|p1a: Jellicent
|-heal|p1a: Jellicent|100/100
|
|-damage|p2a: Nurse Joy|82/100 brn|[from] brn
|upkeep
|turn|126
|c|☆MentalAdversity|its over brother
|c|☆blib blab blub|youre the one with the stall team
|c|☆blib blab blub|clearly you like ot
|c|☆MentalAdversity|you're the one stalling too
|c|☆MentalAdversity|its over dude
|c|☆MentalAdversity|why waste everyone else's time
|c|☆blib blab blub|you use stall, i stall the game
|inactive|blib blab blub has 120 seconds left.
|c|☆MentalAdversity|sore loser, brother
|c|☆blib blab blub|thats the consequence
|c|☆MentalAdversity|i won fair and square
|
|t:|1645294886
|move|p1a: Jellicent|Taunt|p2a: Nurse Joy
|-start|p2a: Nurse Joy|move: Taunt
|cant|p2a: Nurse Joy|move: Taunt|Toxic
|
|-damage|p2a: Nurse Joy|76/100 brn|[from] brn
|upkeep
|turn|127
|c|☆MentalAdversity|you decide to be a sore loser
|c|☆blib blab blub|yes, but you play stal
|c|☆MentalAdversity|whats your point?
|c|☆MentalAdversity|why are you being a sore loser dude
|c|☆MentalAdversity|you lost fair and square
|c|☆blib blab blub|you cant play stall and complain because i stall
|c|☆MentalAdversity|you lost dude
|inactive|blib blab blub has 90 seconds left.
|inactive|MentalAdversity has 120 seconds left.
|
|t:|1645294918
|switch|p1a: Gigalith|Gigalith, F|65/100 brn
|-damage|p1a: Gigalith|52/100 brn|[from] Stealth Rock
|-weather|Sandstorm|[from] ability: Sand Stream|[of] p1a: Gigalith
|switch|p2a: Eldegoss|Eldegoss, F, shiny|100/100
|
|-weather|Sandstorm|[upkeep]
|-damage|p2a: Eldegoss|94/100|[from] Sandstorm
|-damage|p1a: Gigalith|46/100 brn|[from] brn
|upkeep
|turn|128
|c|☆blib blab blub|ye i know
|inactive|blib blab blub has 90 seconds left.
|inactive|MentalAdversity has 120 seconds left.
|
|t:|1645294931
|move|p2a: Eldegoss|Leech Seed|p1a: Gigalith
|-start|p1a: Gigalith|move: Leech Seed
|move|p1a: Gigalith|Toxic|p2a: Eldegoss
|-status|p2a: Eldegoss|tox
|
|-weather|Sandstorm|[upkeep]
|-damage|p2a: Eldegoss|88/100 tox|[from] Sandstorm
|-damage|p1a: Gigalith|34/100 brn|[from] Leech Seed|[of] p2a: Eldegoss
|-heal|p2a: Eldegoss|100/100 tox|[silent]
|-damage|p2a: Eldegoss|94/100 tox|[from] psn
|-damage|p1a: Gigalith|28/100 brn|[from] brn
|upkeep
|turn|129
|
|t:|1645294935
|switch|p1a: Audino|Audino, F|100/100
|-damage|p1a: Audino|88/100|[from] Stealth Rock
|move|p2a: Eldegoss|Protect||[still]
|-fail|p2a: Eldegoss
|
|-weather|Sandstorm|[upkeep]
|-damage|p2a: Eldegoss|88/100 tox|[from] Sandstorm
|-damage|p1a: Audino|82/100|[from] Sandstorm
|-damage|p2a: Eldegoss|76/100 tox|[from] psn
|upkeep
|turn|130
|
|t:|1645294939
|move|p2a: Eldegoss|Aromatherapy|p2a: Eldegoss
|-activate|p2a: Eldegoss|move: Aromatherapy
|-curestatus|p2a: Eldegoss|tox|[msg]
|-curestatus|p2: Nurse Joy|brn|[msg]
|move|p1a: Audino|Wish|p1a: Audino
|
|-weather|Sandstorm|[upkeep]
|-damage|p2a: Eldegoss|70/100|[from] Sandstorm
|-damage|p1a: Audino|76/100|[from] Sandstorm
|upkeep
|turn|131
|
|t:|1645294947
|switch|p1a: Gigalith|Gigalith, F|28/100 brn
|-damage|p1a: Gigalith|15/100 brn|[from] Stealth Rock
|move|p2a: Eldegoss|Leech Seed|p1a: Gigalith
|-start|p1a: Gigalith|move: Leech Seed
|
|-weather|none
|-heal|p1a: Gigalith|70/100 brn|[from] move: Wish|[wisher] Audino
|-damage|p1a: Gigalith|58/100 brn|[from] Leech Seed|[of] p2a: Eldegoss
|-heal|p2a: Eldegoss|84/100|[silent]
|-damage|p1a: Gigalith|52/100 brn|[from] brn
|upkeep
|turn|132
|l| PUnyTest
|
|t:|1645294952
|move|p2a: Eldegoss|Protect|p2a: Eldegoss
|-singleturn|p2a: Eldegoss|Protect
|move|p1a: Gigalith|Toxic|p2a: Eldegoss
|-activate|p2a: Eldegoss|move: Protect
|
|-damage|p1a: Gigalith|40/100 brn|[from] Leech Seed|[of] p2a: Eldegoss
|-heal|p2a: Eldegoss|98/100|[silent]
|-damage|p1a: Gigalith|33/100 brn|[from] brn
|upkeep
|turn|133
|
|t:|1645294962
|switch|p2a: Perry the platypus|Quagsire, F, shiny|62/100
|switch|p1a: Jellicent|Jellicent, M|100/100
|-damage|p1a: Jellicent|88/100|[from] Stealth Rock
|
|upkeep
|turn|134
|inactive|blib blab blub has 90 seconds left.
|
|t:|1645294981
|switch|p2a: Nurse Joy|Audino, F, shiny|100/100
|move|p1a: Jellicent|Taunt|p2a: Nurse Joy
|-start|p2a: Nurse Joy|move: Taunt
|
|upkeep
|turn|135
|
|t:|1645294986
|move|p1a: Jellicent|Will-O-Wisp|p2a: Nurse Joy
|-status|p2a: Nurse Joy|brn
|move|p2a: Nurse Joy|Knock Off|p1a: Jellicent
|-supereffective|p1a: Jellicent
|-damage|p1a: Jellicent|79/100
|
|-damage|p2a: Nurse Joy|94/100 brn|[from] brn
|upkeep
|turn|136
|inactive|blib blab blub has 90 seconds left.
|
|t:|1645295001
|switch|p1a: Audino|Audino, F|100/100
|-damage|p1a: Audino|88/100|[from] Stealth Rock
|switch|p2a: Togedemaru|Togedemaru, M, shiny|61/100
|
|-heal|p2a: Togedemaru|67/100|[from] item: Leftovers
|upkeep
|turn|137
|
|t:|1645295006
|move|p2a: Togedemaru|Nuzzle|p1a: Audino
|-damage|p1a: Audino|82/100
|-status|p1a: Audino|par
|move|p1a: Audino|Knock Off|p2a: Togedemaru
|-damage|p2a: Togedemaru|47/100
|-enditem|p2a: Togedemaru|Leftovers|[from] move: Knock Off|[of] p1a: Audino
|
|upkeep
|turn|138
|inactive|blib blab blub has 90 seconds left.
|
|t:|1645295017
|move|p1a: Audino|Protect|p1a: Audino
|-singleturn|p1a: Audino|Protect
|move|p2a: Togedemaru|Wish|p2a: Togedemaru
|
|upkeep
|turn|139
|
|t:|1645295022
|switch|p1a: Jellicent|Jellicent, M|79/100
|-damage|p1a: Jellicent|67/100|[from] Stealth Rock
|move|p2a: Togedemaru|Assurance|p1a: Jellicent
|-supereffective|p1a: Jellicent
|-crit|p1a: Jellicent
|-damage|p1a: Jellicent|5/100
|
|-heal|p2a: Togedemaru|97/100|[from] move: Wish|[wisher] Togedemaru
|upkeep
|turn|140
|c|☆MentalAdversity|ITS OVER
|
|t:|1645295029
|move|p2a: Togedemaru|Assurance|p1a: Jellicent
|-supereffective|p1a: Jellicent
|-crit|p1a: Jellicent
|-damage|p1a: Jellicent|0 fnt
|faint|p1a: Jellicent
|
|upkeep
|c|☆MentalAdversity|GTFO OUTTA HERE
|c|☆MentalAdversity|U SORE LOSER
|
|t:|1645295039
|switch|p1a: Audino|Audino, F|100/100 par
|-damage|p1a: Audino|88/100 par|[from] Stealth Rock
|turn|141
|c|☆MentalAdversity|just get better dude
|c|☆blib blab blub|hm?
|c|☆MentalAdversity|jesus you're the definition of a sore loser
|c|☆blib blab blub|im just playing stall
|c|☆MentalAdversity|you lost fair and square
|c|☆MentalAdversity|jesus christ, you're a sore loser dude
|c|☆blib blab blub|and youre the definition of a bad winner
|inactive|MentalAdversity has 120 seconds left.
|c|☆MentalAdversity|who wouldn't be annoyed?
|c|☆MentalAdversity|you tell me, you sore loser.
|
|t:|1645295083
|switch|p2a: Perry the platypus|Quagsire, F, shiny|62/100
|move|p1a: Audino|Protect||[still]
|-fail|p1a: Audino
|
|upkeep
|turn|142
|c|☆blib blab blub|everyone gets annoyed at both of us
|c|☆blib blab blub|youre no better than me
|c|☆MentalAdversity|like you lost, and you decide to be a sore loser dude
|
|t:|1645295102
|move|p2a: Perry the platypus|Recover|p2a: Perry the platypus
|-heal|p2a: Perry the platypus|100/100
|move|p1a: Audino|Knock Off|p2a: Perry the platypus
|-damage|p2a: Perry the platypus|93/100
|
|upkeep
|turn|143
|c|☆MentalAdversity|i played fair and square
|c|☆blib blab blub|youre still a dickhead
|c|☆MentalAdversity|LMAO, thats rich
|
|t:|1645295113
|move|p1a: Audino|Protect|p1a: Audino
|-singleturn|p1a: Audino|Protect
|move|p2a: Perry the platypus|Scald|p1a: Audino
|-activate|p1a: Audino|move: Protect
|
|upkeep
|turn|144
|c|☆MentalAdversity|it takes one to know one, @sshole.
|
|t:|1645295126
|move|p2a: Perry the platypus|Scald|p1a: Audino
|-damage|p1a: Audino|75/100 par
|move|p1a: Audino|Knock Off|p2a: Perry the platypus
|-damage|p2a: Perry the platypus|86/100
|
|upkeep
|turn|145
|c|☆blib blab blub|haven tsaid i aint one
|c|☆MentalAdversity|definition of a sore loser, right here due
|
|t:|1645295143
|switch|p2a: Eldegoss|Eldegoss, F, shiny|100/100
|move|p1a: Audino|Knock Off|p2a: Eldegoss
|-damage|p2a: Eldegoss|89/100
|
|upkeep
|turn|146
|c|☆blib blab blub|and?
|c|☆MentalAdversity|shame on you
|inactive|blib blab blub has 60 seconds left.
|c|☆MentalAdversity|just get better dude
|c|☆blib blab blub|your style of play creates these games, now you gotta deal with it
|c|☆MentalAdversity|thts all i want for you
|c|☆MentalAdversity|i want you to get better
|c|☆MentalAdversity|because this is so sad
|c|☆blib blab blub|cant always insult the other and exepct them to elave
|
|t:|1645295182
|move|p2a: Eldegoss|Leech Seed|p1a: Audino
|-start|p1a: Audino|move: Leech Seed
|move|p1a: Audino|Knock Off|p2a: Eldegoss
|-damage|p2a: Eldegoss|78/100
|
|-damage|p1a: Audino|62/100 par|[from] Leech Seed|[of] p2a: Eldegoss
|-heal|p2a: Eldegoss|94/100|[silent]
|upkeep
|turn|147
|c|☆MentalAdversity|dude, you lost fair and square
|c|☆MentalAdversity|are you that dumb?
|c|☆blib blab blub|i know i lost
|c|☆MentalAdversity|jesus lmao
|
|t:|1645295197
|move|p2a: Eldegoss|Rapid Spin|p1a: Audino
|-damage|p1a: Audino|57/100 par
|-boost|p2a: Eldegoss|spe|1
|move|p1a: Audino|Wish|p1a: Audino
|
|-damage|p1a: Audino|44/100 par|[from] Leech Seed|[of] p2a: Eldegoss
|-heal|p2a: Eldegoss|100/100|[silent]
|upkeep
|turn|148
|c|☆blib blab blub|you wanna play stall, this is stall
|c|☆blib blab blub|you should be happy
|c|☆MentalAdversity|pathetic dude
|inactive|MentalAdversity has 90 seconds left.
|
|t:|1645295211
|switch|p1a: Gigalith|Gigalith, F|33/100 brn
|-damage|p1a: Gigalith|21/100 brn|[from] Stealth Rock
|-weather|Sandstorm|[from] ability: Sand Stream|[of] p1a: Gigalith
|move|p2a: Eldegoss|Rapid Spin|p1a: Gigalith
|-resisted|p1a: Gigalith
|-damage|p1a: Gigalith|19/100 brn
|-boost|p2a: Eldegoss|spe|1
|
|-weather|Sandstorm|[upkeep]
|-damage|p2a: Eldegoss|94/100|[from] Sandstorm
|-heal|p1a: Gigalith|74/100 brn|[from] move: Wish|[wisher] Audino
|-damage|p1a: Gigalith|68/100 brn|[from] brn
|upkeep
|turn|149
|inactive|MentalAdversity has 90 seconds left.
|c|☆blib blab blub|you dont like it?
|inactive|blib blab blub has 30 seconds left.
|c|☆blib blab blub|why dont you just win swiflty then?
|c|☆MentalAdversity|definition of a sore loser right here is what I dont like
|
|t:|1645295234
|switch|p2a: Nurse Joy|Audino, F, shiny|100/100 brn
|move|p1a: Gigalith|Toxic||[still]
|-fail|p1a: Gigalith
|
|-weather|Sandstorm|[upkeep]
|-damage|p2a: Nurse Joy|94/100 brn|[from] Sandstorm
|-damage|p2a: Nurse Joy|88/100 brn|[from] brn
|-damage|p1a: Gigalith|61/100 brn|[from] brn
|upkeep
|turn|150
|inactive|blib blab blub has 30 seconds left this turn.
|c|☆MentalAdversity|it one thing to stall. It's another to be a sore loser lmao
|inactive|MentalAdversity has 90 seconds left.
|c|☆blib blab blub|this is stall
|
|t:|1645295246
|switch|p1a: Audino|Audino, F|77/100 par
|-damage|p1a: Audino|65/100 par|[from] Stealth Rock
|move|p2a: Nurse Joy|Knock Off|p1a: Audino
|-damage|p1a: Audino|60/100 par
|
|-weather|Sandstorm|[upkeep]
|-damage|p2a: Nurse Joy|82/100 brn|[from] Sandstorm
|-damage|p1a: Audino|54/100 par|[from] Sandstorm
|-damage|p2a: Nurse Joy|76/100 brn|[from] brn
|upkeep
|turn|151
|inactive|blib blab blub has 30 seconds left.
|c|☆blib blab blub|this is how you choose to play the game
|c|☆MentalAdversity|this is sore loser you mean
|c|☆blib blab blub|deal with it
|c|☆MentalAdversity|absolutely pathetic lmao
|inactive|blib blab blub has 20 seconds left.
|
|t:|1645295265
|switch|p2a: Togedemaru|Togedemaru, M, shiny|97/100
|move|p1a: Audino|Wish|p1a: Audino
|
|-weather|Sandstorm|[upkeep]
|-damage|p1a: Audino|48/100 par|[from] Sandstorm
|upkeep
|turn|152
|inactive|blib blab blub has 25 seconds left this turn.
|
|t:|1645295270
|move|p1a: Audino|Protect|p1a: Audino
|-singleturn|p1a: Audino|Protect
|move|p2a: Togedemaru|Assurance|p1a: Audino
|-activate|p1a: Audino|move: Protect
|
|-weather|none
|-heal|p1a: Audino|98/100 par|[from] move: Wish|[wisher] Audino
|upkeep
|turn|153
|inactive|blib blab blub has 30 seconds left this turn.
|
|t:|1645295278
|move|p2a: Togedemaru|Assurance|p1a: Audino
|-damage|p1a: Audino|87/100 par
|cant|p1a: Audino|par
|
|upkeep
|turn|154
|inactive|blib blab blub has 30 seconds left this turn.
|
|t:|1645295281
|move|p2a: Togedemaru|Nuzzle|p1a: Audino
|-damage|p1a: Audino|81/100 par
|move|p1a: Audino|Knock Off|p2a: Togedemaru
|-damage|p2a: Togedemaru|81/100
|
|upkeep
|turn|155
|inactive|blib blab blub has 30 seconds left.
|
|t:|1645295290
|move|p2a: Togedemaru|Spiky Shield|p2a: Togedemaru
|-singleturn|p2a: Togedemaru|move: Protect
|move|p1a: Audino|Heal Bell|p1a: Audino
|-activate|p1a: Audino|move: Heal Bell
|-curestatus|p1a: Audino|par|[msg]
|-curestatus|p1: Gigalith|brn|[msg]
|
|upkeep
|turn|156
|
|t:|1645295294
|move|p2a: Togedemaru|Assurance|p1a: Audino
|-damage|p1a: Audino|69/100
|move|p1a: Audino|Knock Off|p2a: Togedemaru
|-damage|p2a: Togedemaru|67/100
|
|upkeep
|turn|157
|
|t:|1645295298
|switch|p1a: Gigalith|Gigalith, F|61/100
|-damage|p1a: Gigalith|49/100|[from] Stealth Rock
|-weather|Sandstorm|[from] ability: Sand Stream|[of] p1a: Gigalith
|move|p2a: Togedemaru|Nuzzle|p1a: Gigalith
|-damage|p1a: Gigalith|44/100
|-status|p1a: Gigalith|par
|
|-weather|Sandstorm|[upkeep]
|upkeep
|turn|158
|
|t:|1645295309
|switch|p2a: Perry the platypus|Quagsire, F, shiny|86/100
|move|p1a: Gigalith|Toxic|p2a: Perry the platypus
|-status|p2a: Perry the platypus|tox
|
|-weather|Sandstorm|[upkeep]
|-damage|p2a: Perry the platypus|80/100 tox|[from] psn
|upkeep
|turn|159
|
|t:|1645295315
|switch|p1a: Audino|Audino, F|100/100
|-damage|p1a: Audino|88/100|[from] Stealth Rock
|move|p2a: Perry the platypus|Scald|p1a: Audino
|-damage|p1a: Audino|76/100
|
|-weather|Sandstorm|[upkeep]
|-damage|p1a: Audino|70/100|[from] Sandstorm
|-damage|p2a: Perry the platypus|68/100 tox|[from] psn
|upkeep
|turn|160
|
|t:|1645295318
|move|p1a: Audino|Knock Off|p2a: Perry the platypus
|-damage|p2a: Perry the platypus|61/100 tox
|move|p2a: Perry the platypus|Toxic|p1a: Audino
|-status|p1a: Audino|tox
|
|-weather|Sandstorm|[upkeep]
|-damage|p1a: Audino|63/100 tox|[from] Sandstorm
|-damage|p1a: Audino|57/100 tox|[from] psn
|-damage|p2a: Perry the platypus|42/100 tox|[from] psn
|upkeep
|turn|161
|
|t:|1645295329
|switch|p2a: Eldegoss|Eldegoss, F, shiny|100/100
|move|p1a: Audino|Heal Bell|p1a: Audino
|-activate|p1a: Audino|move: Heal Bell
|-curestatus|p1a: Audino|tox|[msg]
|-curestatus|p1: Gigalith|par|[msg]
|
|-weather|none
|upkeep
|turn|162
|
|t:|1645295335
|move|p2a: Eldegoss|Aromatherapy|p2a: Eldegoss
|-activate|p2a: Eldegoss|move: Aromatherapy
|-curestatus|p2: Nurse Joy|brn|[msg]
|-curestatus|p2: Perry the platypus|tox|[msg]
|move|p1a: Audino|Wish|p1a: Audino
|
|upkeep
|turn|163
|
|t:|1645295338
|switch|p1a: Gigalith|Gigalith, F|44/100
|-damage|p1a: Gigalith|32/100|[from] Stealth Rock
|-weather|Sandstorm|[from] ability: Sand Stream|[of] p1a: Gigalith
|move|p2a: Eldegoss|Leech Seed|p1a: Gigalith
|-start|p1a: Gigalith|move: Leech Seed
|
|-weather|Sandstorm|[upkeep]
|-damage|p2a: Eldegoss|94/100|[from] Sandstorm
|-heal|p1a: Gigalith|87/100|[from] move: Wish|[wisher] Audino
|-damage|p1a: Gigalith|75/100|[from] Leech Seed|[of] p2a: Eldegoss
|-heal|p2a: Eldegoss|100/100|[silent]
|upkeep
|turn|164
|
|t:|1645295343
|switch|p1a: Audino|Audino, F|90/100
|-damage|p1a: Audino|78/100|[from] Stealth Rock
|move|p2a: Eldegoss|Protect||[still]
|-fail|p2a: Eldegoss
|
|-weather|Sandstorm|[upkeep]
|-damage|p2a: Eldegoss|94/100|[from] Sandstorm
|-damage|p1a: Audino|72/100|[from] Sandstorm
|upkeep
|turn|165
|
|t:|1645295355
|switch|p2a: Perry the platypus|Quagsire, F, shiny|42/100
|move|p1a: Audino|Knock Off|p2a: Perry the platypus
|-damage|p2a: Perry the platypus|36/100
|
|-weather|Sandstorm|[upkeep]
|-damage|p1a: Audino|66/100|[from] Sandstorm
|upkeep
|turn|166
|
|t:|1645295362
|switch|p1a: Gigalith|Gigalith, F|75/100
|-damage|p1a: Gigalith|62/100|[from] Stealth Rock
|move|p2a: Perry the platypus|Recover|p2a: Perry the platypus
|-heal|p2a: Perry the platypus|86/100
|
|-weather|Sandstorm|[upkeep]
|upkeep
|turn|167
|
|t:|1645295366
|switch|p1a: Audino|Audino, F|99/100
|-damage|p1a: Audino|87/100|[from] Stealth Rock
|move|p2a: Perry the platypus|Toxic|p1a: Audino
|-status|p1a: Audino|tox
|
|-weather|none
|-damage|p1a: Audino|80/100 tox|[from] psn
|upkeep
|turn|168
|
|t:|1645295372
|move|p1a: Audino|Protect|p1a: Audino
|-singleturn|p1a: Audino|Protect
|move|p2a: Perry the platypus|Scald|p1a: Audino
|-activate|p1a: Audino|move: Protect
|
|-damage|p1a: Audino|68/100 tox|[from] psn
|upkeep
|turn|169
|
|t:|1645295376
|move|p1a: Audino|Knock Off|p2a: Perry the platypus
|-damage|p2a: Perry the platypus|79/100
|move|p2a: Perry the platypus|Scald|p1a: Audino
|-damage|p1a: Audino|56/100 tox
|
|-damage|p1a: Audino|38/100 tox|[from] psn
|upkeep
|turn|170
|c|☆MentalAdversity|its over, you loser lmao
|
|t:|1645295383
|switch|p1a: Gigalith|Gigalith, F|62/100
|-damage|p1a: Gigalith|50/100|[from] Stealth Rock
|-weather|Sandstorm|[from] ability: Sand Stream|[of] p1a: Gigalith
|move|p2a: Perry the platypus|Scald|p1a: Gigalith
|-supereffective|p1a: Gigalith
|-damage|p1a: Gigalith|29/100
|
|-weather|Sandstorm|[upkeep]
|upkeep
|turn|171
|c|☆MentalAdversity|i want you to take a look at yourself in the mirror, you sore loser
|
|t:|1645295393
|switch|p1a: Audino|Audino, F|71/100 tox
|-damage|p1a: Audino|59/100 tox|[from] Stealth Rock
|move|p2a: Perry the platypus|Scald|p1a: Audino
|-damage|p1a: Audino|46/100 tox
|
|-weather|Sandstorm|[upkeep]
|-damage|p1a: Audino|40/100 tox|[from] Sandstorm
|-damage|p1a: Audino|34/100 tox|[from] psn
|upkeep
|turn|172
|c|☆blib blab blub|i wont forfeit just cause you insult me
|c|☆MentalAdversity|it doesn't even matter
|
|t:|1645295409
|move|p1a: Audino|Wish|p1a: Audino
|move|p2a: Perry the platypus|Scald|p1a: Audino
|-damage|p1a: Audino|22/100 tox
|
|-weather|Sandstorm|[upkeep]
|-damage|p1a: Audino|16/100 tox|[from] Sandstorm
|-damage|p1a: Audino|4/100 tox|[from] psn
|upkeep
|turn|173
|c|☆MentalAdversity|you sealed yourself as a sore loser lmao
|
|t:|1645295417
|move|p1a: Audino|Protect|p1a: Audino
|-singleturn|p1a: Audino|Protect
|move|p2a: Perry the platypus|Scald|p1a: Audino
|-activate|p1a: Audino|move: Protect
|
|-weather|Sandstorm|[upkeep]
|-damage|p1a: Audino|0 fnt|[from] Sandstorm
|faint|p1a: Audino
|upkeep
|c|☆blib blab blub|so?
|
|t:|1645295422
|switch|p1a: Gigalith|Gigalith, F|29/100
|-damage|p1a: Gigalith|16/100|[from] Stealth Rock
|turn|174
|c|☆MentalAdversity|pathetic dude
|c|☆MentalAdversity|take a look at yourself in the mirror
|c|☆MentalAdversity|jesus you need to evaluate your life choices, you sore loser.
|c|☆blib blab blub|dont play stall if you dont like long games
|
|t:|1645295439
|move|p2a: Perry the platypus|Scald|p1a: Gigalith
|-supereffective|p1a: Gigalith
|-damage|p1a: Gigalith|0 fnt
|faint|p1a: Gigalith
|
|win|MentalAdversity
|raw|blib blab blub's rating: 1344 &rarr; <strong>1329</strong><br />(-15 for losing)
|raw|MentalAdversity's rating: 1440 &rarr; <strong>1455</strong><br />(+15 for winning)
|c|☆MentalAdversity|sore loser.
|c|☆MentalAdversity|lmao
