|j|☆HJAD
|j|☆tjay
|player|p1|HJAD|lance-gen2|
|player|p2|tjay|#tjay|
|teamsize|p1|6
|teamsize|p2|6
|gametype|singles
|gen|8
|tier|[Gen 8] PU
|clearpoke
|poke|p1|Manectric, F|
|poke|p1|Shiinotic, M|
|poke|p1|Silvally-*|
|poke|p1|Darumaka, F|
|poke|p1|Mawile, M|
|poke|p1|Mr. Mime, F|
|poke|p2|Silvally-*|
|poke|p2|Fraxure, F|
|poke|p2|Gloom, F|
|poke|p2|Palpitoad, F|
|poke|p2|Klang|
|poke|p2|Manectric, F|
|rule|Sleep Clause Mod: Limit one foe put to sleep
|rule|Species Clause: Limit one of each Pokémon
|rule|OHKO Clause: OHKO moves are banned
|rule|Evasion Moves Clause: Evasion moves are banned
|rule|Endless Battle Clause: Forcing endless battles is banned
|rule|HP Percentage Mod: HP is shown in percentages
|rule|Dynamax Clause: You cannot dynamax
|teampreview
|c|☆tjay|hf
|c|☆HJAD|u2
|
|start
|switch|p1a: Mr. Mime|Mr. Mime, F|100/100
|switch|p2a: Manectric|Manectric, F, shiny|100/100
|turn|1
|
|move|p2a: Manectric|Volt Switch|p1a: Mr. Mime
|-damage|p1a: Mr. Mime|60/100
|
|switch|p2a: Klang|Klang|100/100|[from]move: Volt Switch
|move|p1a: Mr. Mime|Psychic|p2a: Klang
|-resisted|p2a: Klang
|-damage|p2a: Klang|90/100
|
|upkeep
|turn|2
|
|switch|p1a: Manectric|Manectric, F|100/100
|switch|p2a: Palpitoad|Palpitoad, F|100/100
|
|upkeep
|turn|3
|
|move|p1a: Manectric|Switcheroo|p2a: Palpitoad
|-activate|p1a: Manectric|move: Trick|[of] p2a: Palpitoad
|-item|p2a: Palpitoad|Choice Specs|[from] move: Switcheroo
|-item|p1a: Manectric|Eviolite|[from] move: Switcheroo
|move|p2a: Palpitoad|Stealth Rock|p1a: Manectric
|-sidestart|p1: HJAD|move: Stealth Rock
|
|upkeep
|turn|4
|
|switch|p2a: Fraxure|Fraxure, F|100/100
|-ability|p2a: Fraxure|Mold Breaker
|move|p1a: Manectric|Overheat|p2a: Fraxure
|-resisted|p2a: Fraxure
|-crit|p2a: Fraxure
|-damage|p2a: Fraxure|55/100
|-unboost|p1a: Manectric|spa|2
|
|upkeep
|turn|5
|
|move|p1a: Manectric|Volt Switch|p2a: Fraxure
|-resisted|p2a: Fraxure
|-damage|p2a: Fraxure|44/100
|
|switch|p1a: Shiinotic|Shiinotic, M|100/100|[from]move: Volt Switch
|-damage|p1a: Shiinotic|88/100|[from] Stealth Rock
|move|p2a: Fraxure|Stomping Tantrum|p1a: Shiinotic
|-resisted|p1a: Shiinotic
|-damage|p1a: Shiinotic|76/100
|-damage|p2a: Fraxure|27/100|[from] item: Rocky Helmet|[of] p1a: Shiinotic
|
|upkeep
|turn|6
|
|switch|p1a: Silvally|Silvally-Bug|100/100
|-damage|p1a: Silvally|76/100|[from] Stealth Rock
|move|p2a: Fraxure|Poison Jab|p1a: Silvally
|-damage|p1a: Silvally|47/100
|
|upkeep
|turn|7
|
|switch|p2a: Silvally|Silvally-Flying|100/100
|move|p1a: Silvally|Defog|p2a: Silvally
|-unboost|p2a: Silvally|evasion|1
|-sideend|p1: HJAD|Stealth Rock|[from] move: Defog|[of] p1a: Silvally
|
|upkeep
|turn|8
|
|switch|p1a: Mawile|Mawile, M|100/100
|-ability|p1a: Mawile|Intimidate|boost
|-unboost|p2a: Silvally|atk|1
|move|p2a: Silvally|Multi-Attack|p1a: Mawile
|-resisted|p1a: Mawile
|-crit|p1a: Mawile
|-damage|p1a: Mawile|56/100
|
|-heal|p1a: Mawile|62/100|[from] item: Leftovers
|upkeep
|turn|9
|
|move|p2a: Silvally|Flamethrower|p1a: Mawile
|-supereffective|p1a: Mawile
|-damage|p1a: Mawile|18/100
|move|p1a: Mawile|Pain Split|p2a: Silvally
|-sethp|p2a: Silvally|58/100|[from] move: Pain Split|[silent]
|-sethp|p1a: Mawile|64/100|[from] move: Pain Split
|
|-heal|p1a: Mawile|69/100|[from] item: Leftovers
|upkeep
|turn|10
|
|move|p2a: Silvally|Flamethrower|p1a: Mawile
|-supereffective|p1a: Mawile
|-damage|p1a: Mawile|23/100
|move|p1a: Mawile|Stealth Rock|p2a: Silvally
|-sidestart|p2: tjay|move: Stealth Rock
|
|-heal|p1a: Mawile|29/100|[from] item: Leftovers
|upkeep
|turn|11
|
|switch|p1a: Manectric|Manectric, F|100/100
|move|p2a: Silvally|Defog|p1a: Manectric
|-unboost|p1a: Manectric|evasion|1
|-sideend|p2: tjay|Stealth Rock|[from] move: Defog|[of] p2a: Silvally
|
|upkeep
|turn|12
|
|switch|p1a: Silvally|Silvally-Bug|47/100
|switch|p2a: Palpitoad|Palpitoad, F|100/100
|
|upkeep
|turn|13
|
|move|p1a: Silvally|U-turn|p2a: Palpitoad
|-damage|p2a: Palpitoad|72/100
|
|switch|p1a: Mawile|Mawile, M|29/100|[from]move: U-turn
|-ability|p1a: Mawile|Intimidate|boost
|-unboost|p2a: Palpitoad|atk|1
|move|p2a: Palpitoad|Scald|p1a: Mawile
|-damage|p1a: Mawile|0 fnt
|faint|p1a: Mawile
|
|upkeep
|
|switch|p1a: Darumaka|Darumaka, F|100/100
|turn|14
|
|move|p1a: Darumaka|Superpower|p2a: Palpitoad
|-damage|p2a: Palpitoad|0 fnt
|-unboost|p1a: Darumaka|atk|1
|-unboost|p1a: Darumaka|def|1
|faint|p2a: Palpitoad
|
|upkeep
|
|switch|p2a: Fraxure|Fraxure, F|27/100
|-ability|p2a: Fraxure|Mold Breaker
|turn|15
|
|switch|p1a: Silvally|Silvally-Bug|47/100
|move|p2a: Fraxure|Poison Jab|p1a: Silvally
|-damage|p1a: Silvally|15/100
|
|upkeep
|turn|16
|
|switch|p2a: Silvally|Silvally-Flying|58/100
|move|p1a: Silvally|U-turn|p2a: Silvally
|-resisted|p2a: Silvally
|-damage|p2a: Silvally|43/100
|
|switch|p1a: Manectric|Manectric, F|100/100|[from]move: U-turn
|
|upkeep
|turn|17
|
|switch|p2a: Manectric|Manectric, F, shiny|100/100
|move|p1a: Manectric|Volt Switch|p2a: Manectric
|-ability|p2a: Manectric|Lightning Rod|boost
|-boost|p2a: Manectric|spa|1
|
|upkeep
|turn|18
|
|switch|p1a: Silvally|Silvally-Bug|15/100
|move|p2a: Manectric|Flamethrower|p1a: Silvally
|-supereffective|p1a: Silvally
|-damage|p1a: Silvally|0 fnt
|faint|p1a: Silvally
|
|upkeep
|
|switch|p1a: Darumaka|Darumaka, F|100/100
|turn|19
|c|☆HJAD|pick 1
|c|☆HJAD|or go for dodge
|
|switch|p2a: Gloom|Gloom, F|100/100
|move|p1a: Darumaka|Fire Punch|p2a: Gloom
|-supereffective|p2a: Gloom
|-damage|p2a: Gloom|0 fnt
|faint|p2a: Gloom
|
|upkeep
|
|switch|p2a: Fraxure|Fraxure, F|27/100
|-ability|p2a: Fraxure|Mold Breaker
|turn|20
|c|☆HJAD|good pic
|
|switch|p1a: Manectric|Manectric, F|100/100
|move|p2a: Fraxure|Poison Jab|p1a: Manectric
|-damage|p1a: Manectric|51/100
|-status|p1a: Manectric|psn
|
|-damage|p1a: Manectric|39/100 psn|[from] psn
|upkeep
|turn|21
|
|switch|p2a: Manectric|Manectric, F, shiny|100/100
|move|p1a: Manectric|Overheat|p2a: Manectric
|-damage|p2a: Manectric|35/100
|-unboost|p1a: Manectric|spa|2
|
|-damage|p1a: Manectric|26/100 psn|[from] psn
|upkeep
|turn|22
|
|switch|p1a: Mr. Mime|Mr. Mime, F|60/100
|move|p2a: Manectric|Flamethrower|p1a: Mr. Mime
|-damage|p1a: Mr. Mime|22/100
|
|upkeep
|turn|23
|
|switch|p1a: Darumaka|Darumaka, F|100/100
|move|p2a: Manectric|Flamethrower|p1a: Darumaka
|-resisted|p1a: Darumaka
|-damage|p1a: Darumaka|67/100
|
|upkeep
|turn|24
|
|switch|p2a: Silvally|Silvally-Flying|43/100
|move|p1a: Darumaka|Fire Punch|p2a: Silvally|[miss]
|-miss|p1a: Darumaka|p2a: Silvally
|
|upkeep
|turn|25
|c|☆HJAD|ya hate
|c|☆HJAD|to see it
|c|☆tjay|my b
|l|☆HJAD
|player|p1|
|inactive|Battle timer is ON: inactive players will automatically lose when time's up. (requested by tjay)
|j|☆HJAD
|inactive|HJAD reconnected and has 300 seconds left.
|player|p1|HJAD|lance-gen2
|
|switch|p1a: Mr. Mime|Mr. Mime, F|22/100
|move|p2a: Silvally|Multi-Attack|p1a: Mr. Mime
|-damage|p1a: Mr. Mime|0 fnt
|faint|p1a: Mr. Mime
|
|upkeep
|inactiveoff|Battle timer is now OFF.
|
|switch|p1a: Manectric|Manectric, F|26/100 psn
|turn|26
|
|switch|p2a: Klang|Klang|90/100
|move|p1a: Manectric|Volt Switch|p2a: Klang
|-damage|p2a: Klang|73/100
|
|switch|p1a: Darumaka|Darumaka, F|67/100|[from]move: Volt Switch
|
|upkeep
|turn|27
|
|move|p1a: Darumaka|Flame Charge|p2a: Klang
|-supereffective|p2a: Klang
|-damage|p2a: Klang|6/100
|-boost|p1a: Darumaka|spe|1
|move|p2a: Klang|Gear Grind|p1a: Darumaka
|-resisted|p1a: Darumaka
|-damage|p1a: Darumaka|51/100
|-resisted|p1a: Darumaka
|-damage|p1a: Darumaka|36/100
|-hitcount|p1a: Darumaka|2
|
|upkeep
|turn|28
|
|move|p1a: Darumaka|Flame Charge|p2a: Klang
|-supereffective|p2a: Klang
|-damage|p2a: Klang|0 fnt
|-boost|p1a: Darumaka|spe|1
|faint|p2a: Klang
|
|upkeep
|
|switch|p2a: Manectric|Manectric, F, shiny|35/100
|turn|29
|
|switch|p1a: Manectric|Manectric, F|26/100 psn
|move|p2a: Manectric|Volt Switch|p1a: Manectric
|-ability|p1a: Manectric|Lightning Rod|boost
|-boost|p1a: Manectric|spa|1
|
|-damage|p1a: Manectric|14/100 psn|[from] psn
|upkeep
|turn|30
|
|move|p2a: Manectric|Volt Switch|p1a: Manectric
|-ability|p1a: Manectric|Lightning Rod|boost
|-boost|p1a: Manectric|spa|1
|move|p1a: Manectric|Overheat|p2a: Manectric
|-damage|p2a: Manectric|0 fnt
|-unboost|p1a: Manectric|spa|2
|faint|p2a: Manectric
|
|-damage|p1a: Manectric|1/100 psn|[from] psn
|upkeep
|
|switch|p2a: Fraxure|Fraxure, F|27/100
|-ability|p2a: Fraxure|Mold Breaker
|turn|31
|
|switch|p1a: Shiinotic|Shiinotic, M|76/100
|move|p2a: Fraxure|First Impression|p1a: Shiinotic
|-damage|p1a: Shiinotic|48/100
|-damage|p2a: Fraxure|11/100|[from] item: Rocky Helmet|[of] p1a: Shiinotic
|
|upkeep
|turn|32
|
|move|p2a: Fraxure|Poison Jab|p1a: Shiinotic
|-supereffective|p1a: Shiinotic
|-damage|p1a: Shiinotic|0 fnt
|-damage|p2a: Fraxure|0 fnt|[from] item: Rocky Helmet|[of] p1a: Shiinotic
|faint|p1a: Shiinotic
|faint|p2a: Fraxure
|
|upkeep
|c|☆tjay|gg
|
|switch|p2a: Silvally|Silvally-Flying|43/100
|switch|p1a: Manectric|Manectric, F|1/100 psn
|turn|33
|
|move|p1a: Manectric|Thunderbolt|p2a: Silvally
|-supereffective|p2a: Silvally
|-damage|p2a: Silvally|0 fnt
|faint|p2a: Silvally
|
|win|HJAD
|c|☆HJAD|gg
|l|☆tjay
