|raw|<div class="broadcast-blue"><strong>This battle is required to be public due to a player having a name starting with 'pult61a'.</div>
|j|☆thinking of chu
|j|☆pult61a spades
|t:|1626954198
|gametype|singles
|player|p1|thinking of chu|clown|1612
|player|p2|pult61a spades|dawn-gen4pt|1585
|teamsize|p1|6
|teamsize|p2|6
|gen|8
|tier|[Gen 8] PU
|rated|
|rule|Sleep Clause Mod: Limit one foe put to sleep
|rule|Species Clause: Limit one of each Pokémon
|rule|OHKO Clause: OHKO moves are banned
|rule|Evasion Moves Clause: Evasion moves are banned
|rule|Endless Battle Clause: Forcing endless battles is banned
|rule|HP Percentage Mod: HP is shown in percentages
|rule|Dynamax Clause: You cannot dynamax
|clearpoke
|poke|p1|Turtonator, F|
|poke|p1|Lunatone|
|poke|p1|Poliwrath, M|
|poke|p1|Silvally-*|
|poke|p1|Stunfisk-Galar, M|
|poke|p1|Miltank, F|
|poke|p2|Trevenant, F|
|poke|p2|Qwilfish, M|
|poke|p2|Charizard, F|
|poke|p2|Passimian, M|
|poke|p2|Regirock|
|poke|p2|Togedemaru, F|
|teampreview
|j| Tlenit
|
|t:|1626954220
|start
|switch|p1a: Lunatone|Lunatone|100/100
|switch|p2a: Passimian|Passimian, M|100/100
|turn|1
|
|t:|1626954233
|switch|p1a: Silvally|Silvally-Ghost|100/100
|move|p2a: Passimian|U-turn|p1a: Silvally
|-resisted|p1a: Silvally
|-damage|p1a: Silvally|94/100
|
|t:|1626954239
|switch|p2a: Regirock|Regirock|100/100|[from]move: U-turn
|
|upkeep
|turn|2
|j| Gva
|
|t:|1626954249
|move|p1a: Silvally|Multi-Attack|p2a: Regirock
|-damage|p2a: Regirock|82/100
|move|p2a: Regirock|Toxic|p1a: Silvally
|-status|p1a: Silvally|tox
|
|-heal|p2a: Regirock|88/100|[from] item: Leftovers
|-damage|p1a: Silvally|88/100 tox|[from] psn
|upkeep
|turn|3
|
|t:|1626954254
|move|p1a: Silvally|Multi-Attack|p2a: Regirock
|-damage|p2a: Regirock|68/100
|move|p2a: Regirock|Stealth Rock|p1a: Silvally
|-sidestart|p1: thinking of chu|move: Stealth Rock
|
|-heal|p2a: Regirock|74/100|[from] item: Leftovers
|-damage|p1a: Silvally|75/100 tox|[from] psn
|upkeep
|turn|4
|
|t:|1626954257
|move|p1a: Silvally|Multi-Attack|p2a: Regirock
|-damage|p2a: Regirock|54/100
|move|p2a: Regirock|Stone Edge|p1a: Silvally
|-crit|p1a: Silvally
|-damage|p1a: Silvally|41/100 tox
|
|-heal|p2a: Regirock|60/100|[from] item: Leftovers
|-damage|p1a: Silvally|23/100 tox|[from] psn
|upkeep
|turn|5
|
|t:|1626954265
|move|p1a: Silvally|Rest|p1a: Silvally
|-status|p1a: Silvally|slp|[from] move: Rest
|-heal|p1a: Silvally|100/100 slp|[silent]
|move|p2a: Regirock|Stone Edge|p1a: Silvally
|-damage|p1a: Silvally|79/100 slp
|
|-heal|p2a: Regirock|66/100|[from] item: Leftovers
|upkeep
|turn|6
|
|t:|1626954270
|switch|p2a: Charizard|Charizard, F|100/100
|cant|p1a: Silvally|slp
|move|p1a: Silvally|Sleep Talk|p1a: Silvally
|move|p1a: Silvally|Rest||[from]move: Sleep Talk|[still]
|-fail|p1a: Silvally
|
|upkeep
|turn|7
|
|t:|1626954274
|switch|p1a: Lunatone|Lunatone|100/100
|-damage|p1a: Lunatone|88/100|[from] Stealth Rock
|move|p2a: Charizard|Flamethrower|p1a: Lunatone
|-resisted|p1a: Lunatone
|-damage|p1a: Lunatone|66/100
|
|-heal|p1a: Lunatone|72/100|[from] item: Leftovers
|upkeep
|turn|8
|
|t:|1626954277
|switch|p2a: Togedemaru|Togedemaru, F|100/100
|move|p1a: Lunatone|Stealth Rock|p2a: Togedemaru
|-sidestart|p2: pult61a spades|move: Stealth Rock
|
|-heal|p1a: Lunatone|78/100|[from] item: Leftovers
|upkeep
|turn|9
|
|t:|1626954280
|switch|p1a: Stunfisk|Stunfisk-Galar, M|100/100
|-damage|p1a: Stunfisk|97/100|[from] Stealth Rock
|move|p2a: Togedemaru|U-turn|p1a: Stunfisk
|-resisted|p1a: Stunfisk
|-damage|p1a: Stunfisk|91/100
|
|t:|1626954283
|switch|p2a: Trevenant|Trevenant, F|100/100|[from]move: U-turn
|-damage|p2a: Trevenant|88/100|[from] Stealth Rock
|
|-heal|p1a: Stunfisk|97/100|[from] item: Leftovers
|upkeep
|turn|10
|
|t:|1626954286
|switch|p1a: Miltank|Miltank, F|100/100
|-damage|p1a: Miltank|88/100|[from] Stealth Rock
|move|p2a: Trevenant|Earthquake|p1a: Miltank
|-damage|p1a: Miltank|57/100
|
|-heal|p1a: Miltank|63/100|[from] item: Leftovers
|upkeep
|turn|11
|
|t:|1626954295
|switch|p2a: Passimian|Passimian, M|100/100
|-damage|p2a: Passimian|94/100|[from] Stealth Rock
|move|p1a: Miltank|Milk Drink|p1a: Miltank
|-heal|p1a: Miltank|100/100
|
|upkeep
|turn|12
|
|t:|1626954299
|move|p2a: Passimian|Knock Off|p1a: Miltank
|-damage|p1a: Miltank|83/100
|-enditem|p1a: Miltank|Leftovers|[from] move: Knock Off|[of] p2a: Passimian
|move|p1a: Miltank|Milk Drink|p1a: Miltank
|-heal|p1a: Miltank|100/100
|
|upkeep
|turn|13
|
|t:|1626954305
|switch|p2a: Togedemaru|Togedemaru, F|100/100
|-damage|p2a: Togedemaru|94/100|[from] Stealth Rock
|move|p1a: Miltank|Defense Curl|p1a: Miltank
|-boost|p1a: Miltank|def|1
|
|upkeep
|turn|14
|
|t:|1626954310
|move|p1a: Miltank|Body Press|p2a: Togedemaru
|-supereffective|p2a: Togedemaru
|-damage|p2a: Togedemaru|0 fnt
|-damage|p1a: Miltank|88/100|[from] ability: Iron Barbs|[of] p2a: Togedemaru
|faint|p2a: Togedemaru
|
|upkeep
|
|t:|1626954321
|switch|p2a: Charizard|Charizard, F|100/100
|turn|15
|
|t:|1626954323
|switch|p1a: Lunatone|Lunatone|78/100
|-damage|p1a: Lunatone|66/100|[from] Stealth Rock
|move|p2a: Charizard|Toxic|p1a: Lunatone
|-status|p1a: Lunatone|tox
|
|-heal|p1a: Lunatone|72/100 tox|[from] item: Leftovers
|-damage|p1a: Lunatone|66/100 tox|[from] psn
|upkeep
|turn|16
|
|t:|1626954331
|switch|p2a: Regirock|Regirock|66/100
|-damage|p2a: Regirock|53/100|[from] Stealth Rock
|move|p1a: Lunatone|Future Sight|p2a: Regirock
|-start|p1a: Lunatone|move: Future Sight
|
|-heal|p1a: Lunatone|72/100 tox|[from] item: Leftovers
|-heal|p2a: Regirock|59/100|[from] item: Leftovers
|-damage|p1a: Lunatone|60/100 tox|[from] psn
|upkeep
|turn|17
|
|t:|1626954348
|switch|p1a: Poliwrath|Poliwrath, M|100/100
|-damage|p1a: Poliwrath|94/100|[from] Stealth Rock
|move|p2a: Regirock|Body Press|p1a: Poliwrath
|-damage|p1a: Poliwrath|72/100
|
|-heal|p1a: Poliwrath|78/100|[from] item: Leftovers
|-heal|p2a: Regirock|65/100|[from] item: Leftovers
|upkeep
|turn|18
|
|t:|1626954356
|switch|p2a: Trevenant|Trevenant, F|88/100
|-damage|p2a: Trevenant|76/100|[from] Stealth Rock
|move|p1a: Poliwrath|Scald|p2a: Trevenant
|-resisted|p2a: Trevenant
|-damage|p2a: Trevenant|64/100
|-status|p2a: Trevenant|brn
|
|-end|p2a: Trevenant|move: Future Sight
|-damage|p2a: Trevenant|0 fnt
|faint|p2a: Trevenant
|-heal|p1a: Poliwrath|84/100|[from] item: Leftovers
|upkeep
|
|t:|1626954362
|switch|p2a: Qwilfish|Qwilfish, M|100/100
|-damage|p2a: Qwilfish|88/100|[from] Stealth Rock
|-ability|p2a: Qwilfish|Intimidate|boost
|-unboost|p1a: Poliwrath|atk|1
|turn|19
|
|t:|1626954367
|move|p2a: Qwilfish|Swords Dance|p2a: Qwilfish
|-boost|p2a: Qwilfish|atk|2
|move|p1a: Poliwrath|Scald|p2a: Qwilfish
|-resisted|p2a: Qwilfish
|-damage|p2a: Qwilfish|66/100
|
|-heal|p1a: Poliwrath|90/100|[from] item: Leftovers
|upkeep
|turn|20
|
|t:|1626954372
|move|p2a: Qwilfish|Poison Jab|p1a: Poliwrath
|-damage|p1a: Poliwrath|45/100
|move|p1a: Poliwrath|Circle Throw|p2a: Qwilfish
|-resisted|p2a: Qwilfish
|-damage|p2a: Qwilfish|57/100
|drag|p2a: Charizard|Charizard, F|100/100
|
|-heal|p1a: Poliwrath|51/100|[from] item: Leftovers
|upkeep
|turn|21
|
|t:|1626954389
|switch|p1a: Turtonator|Turtonator, F|100/100
|move|p2a: Charizard|Flamethrower|p1a: Turtonator
|-resisted|p1a: Turtonator
|-damage|p1a: Turtonator|86/100
|
|upkeep
|turn|22
|
|t:|1626954392
|move|p2a: Charizard|Defog|p1a: Turtonator
|-unboost|p1a: Turtonator|evasion|1
|-sideend|p1: thinking of chu|Stealth Rock|[from] move: Defog|[of] p2a: Charizard
|-sideend|p2: pult61a spades|Stealth Rock|[from] move: Defog|[of] p2a: Charizard
|move|p1a: Turtonator|Shell Smash|p1a: Turtonator
|-unboost|p1a: Turtonator|def|1
|-unboost|p1a: Turtonator|spd|1
|-boost|p1a: Turtonator|atk|2
|-boost|p1a: Turtonator|spa|2
|-boost|p1a: Turtonator|spe|2
|
|upkeep
|turn|23
|
|t:|1626954401
|move|p1a: Turtonator|Shell Smash|p1a: Turtonator
|-unboost|p1a: Turtonator|def|1
|-unboost|p1a: Turtonator|spd|1
|-boost|p1a: Turtonator|atk|2
|-boost|p1a: Turtonator|spa|2
|-boost|p1a: Turtonator|spe|2
|move|p2a: Charizard|Toxic|p1a: Turtonator
|-status|p1a: Turtonator|tox
|
|-damage|p1a: Turtonator|79/100 tox|[from] psn
|upkeep
|turn|24
|
|t:|1626954413
|move|p1a: Turtonator|Draco Meteor|p2a: Charizard|[miss]
|-miss|p1a: Turtonator|p2a: Charizard
|move|p2a: Charizard|Roost||[still]
|-fail|p2a: Charizard|heal
|
|-damage|p1a: Turtonator|67/100 tox|[from] psn
|upkeep
|turn|25
|
|t:|1626954420
|switch|p2a: Regirock|Regirock|65/100
|move|p1a: Turtonator|Draco Meteor|p2a: Regirock|[miss]
|-miss|p1a: Turtonator|p2a: Regirock
|
|-heal|p2a: Regirock|71/100|[from] item: Leftovers
|-damage|p1a: Turtonator|49/100 tox|[from] psn
|upkeep
|turn|26
|
|t:|1626954423
|move|p1a: Turtonator|Draco Meteor|p2a: Regirock
|-damage|p2a: Regirock|0 fnt
|-unboost|p1a: Turtonator|spa|2
|faint|p2a: Regirock
|
|-damage|p1a: Turtonator|24/100 tox|[from] psn
|upkeep
|
|t:|1626954425
|switch|p2a: Qwilfish|Qwilfish, M|57/100
|-ability|p2a: Qwilfish|Intimidate|boost
|-unboost|p1a: Turtonator|atk|1
|turn|27
|
|t:|1626954428
|move|p2a: Qwilfish|Aqua Jet|p1a: Turtonator
|-damage|p1a: Turtonator|0 fnt
|faint|p1a: Turtonator
|
|upkeep
|
|t:|1626954454
|switch|p1a: Silvally|Silvally-Ghost|79/100 slp
|turn|28
|
|t:|1626954462
|switch|p2a: Charizard|Charizard, F|100/100
|cant|p1a: Silvally|slp
|move|p1a: Silvally|Sleep Talk|p1a: Silvally
|move|p1a: Silvally|Multi-Attack|p2a: Charizard|[from]move: Sleep Talk
|-damage|p2a: Charizard|46/100
|
|upkeep
|turn|29
|
|t:|1626954467
|switch|p1a: Lunatone|Lunatone|60/100 tox
|move|p2a: Charizard|Flamethrower|p1a: Lunatone
|-resisted|p1a: Lunatone
|-damage|p1a: Lunatone|40/100 tox
|
|-heal|p1a: Lunatone|46/100 tox|[from] item: Leftovers
|-damage|p1a: Lunatone|40/100 tox|[from] psn
|upkeep
|turn|30
|
|t:|1626954474
|switch|p2a: Passimian|Passimian, M|94/100
|move|p1a: Lunatone|Moonlight|p1a: Lunatone
|-heal|p1a: Lunatone|90/100 tox
|
|-heal|p1a: Lunatone|96/100 tox|[from] item: Leftovers
|-damage|p1a: Lunatone|84/100 tox|[from] psn
|upkeep
|turn|31
|
|t:|1626954480
|switch|p1a: Silvally|Silvally-Ghost|79/100 slp
|move|p2a: Passimian|U-turn|p1a: Silvally
|-resisted|p1a: Silvally
|-damage|p1a: Silvally|72/100 slp
|
|t:|1626954492
|switch|p2a: Charizard|Charizard, F|46/100|[from]move: U-turn
|
|upkeep
|turn|32
|
|t:|1626954496
|switch|p1a: Lunatone|Lunatone|84/100 tox
|move|p2a: Charizard|Flamethrower|p1a: Lunatone
|-resisted|p1a: Lunatone
|-damage|p1a: Lunatone|62/100 tox
|
|-heal|p1a: Lunatone|69/100 tox|[from] item: Leftovers
|-damage|p1a: Lunatone|62/100 tox|[from] psn
|upkeep
|turn|33
|j| Perceptfion
|
|t:|1626954516
|switch|p2a: Passimian|Passimian, M|94/100
|move|p1a: Lunatone|Future Sight|p2a: Passimian
|-start|p1a: Lunatone|move: Future Sight
|
|-heal|p1a: Lunatone|69/100 tox|[from] item: Leftovers
|-damage|p1a: Lunatone|56/100 tox|[from] psn
|upkeep
|turn|34
|
|t:|1626954528
|switch|p1a: Silvally|Silvally-Ghost|72/100 slp
|move|p2a: Passimian|Knock Off|p1a: Silvally
|-supereffective|p1a: Silvally
|-damage|p1a: Silvally|44/100 slp
|
|upkeep
|turn|35
|
|t:|1626954535
|switch|p2a: Charizard|Charizard, F|46/100
|-curestatus|p1a: Silvally|slp|[msg]
|move|p1a: Silvally|Rest|p1a: Silvally
|-status|p1a: Silvally|slp|[from] move: Rest
|-heal|p1a: Silvally|100/100 slp|[silent]
|
|-end|p2a: Charizard|move: Future Sight
|-damage|p2a: Charizard|0 fnt
|faint|p2a: Charizard
|upkeep
|
|t:|1626954538
|switch|p2a: Qwilfish|Qwilfish, M|57/100
|-ability|p2a: Qwilfish|Intimidate|boost
|-unboost|p1a: Silvally|atk|1
|turn|36
|
|t:|1626954541
|move|p2a: Qwilfish|Swords Dance|p2a: Qwilfish
|-boost|p2a: Qwilfish|atk|2
|cant|p1a: Silvally|slp
|move|p1a: Silvally|Sleep Talk|p1a: Silvally
|move|p1a: Silvally|Multi-Attack|p2a: Qwilfish|[from]move: Sleep Talk
|-damage|p2a: Qwilfish|16/100
|
|upkeep
|turn|37
|
|t:|1626954546
|move|p2a: Qwilfish|Swords Dance|p2a: Qwilfish
|-boost|p2a: Qwilfish|atk|2
|cant|p1a: Silvally|slp
|move|p1a: Silvally|Sleep Talk|p1a: Silvally
|move|p1a: Silvally|Multi-Attack|p2a: Qwilfish|[from]move: Sleep Talk
|-damage|p2a: Qwilfish|0 fnt
|faint|p2a: Qwilfish
|
|upkeep
|-message|pult61a spades forfeited.
|
|win|thinking of chu
|raw|thinking of chu's rating: 1612 &rarr; <strong>1630</strong><br />(+18 for winning)
|raw|pult61a spades's rating: 1585 &rarr; <strong>1567</strong><br />(-18 for losing)
|c|☆thinking of chu|gg
|c|☆pult61a spades|gg
