|j|☆pattek
|j|☆Reseyada
|inactive|Battle timer is ON: inactive players will automatically lose when time's up.
|t:|1648823887
|gametype|singles
|player|p1|pattek|lucas|
|player|p2|Reseyada|opal|
|teamsize|p1|6
|teamsize|p2|6
|gen|8
|tier|[Gen 8] PU
|rated|Tournament battle
|rule|Sleep Clause Mod: Limit one foe put to sleep
|rule|Species Clause: Limit one of each Pokémon
|rule|OHKO Clause: OHKO moves are banned
|rule|Evasion Moves Clause: Evasion moves are banned
|rule|Endless Battle Clause: Forcing endless battles is banned
|rule|HP Percentage Mod: HP is shown in percentages
|rule|Dynamax Clause: You cannot dynamax
|clearpoke
|poke|p1|Sandaconda, F|
|poke|p1|Archeops, F|
|poke|p1|Aggron, F|
|poke|p1|Jellicent, M|
|poke|p1|Clefairy, F|
|poke|p1|Silvally-*|
|poke|p2|Avalugg, F|
|poke|p2|Quagsire, F|
|poke|p2|Corsola-Galar, F|
|poke|p2|Audino, F|
|poke|p2|Weezing, M|
|poke|p2|Mesprit|
|teampreview
|j|*Lady Monita ✿
|j| BB-8-NU
|j| winfamous
|c| winfamous|Bryan smoke em
|j| Meeeee2006
|l| Meeeee2006
|j|+heroictobias
|j| Memedose46
|j| SGS_Nim
|j| myjava
|inactive|pattek has 120 seconds left.
|
|t:|1648823918
|start
|switch|p1a: Jellicent|Jellicent, M|100/100
|switch|p2a: Audino|Audino, F|100/100
|turn|1
|
|t:|1648823921
|switch|p1a: Sandaconda|Sandaconda, F|100/100
|move|p2a: Audino|Knock Off|p1a: Sandaconda
|-damage|p1a: Sandaconda|92/100
|-damage|p2a: Audino|84/100|[from] item: Rocky Helmet|[of] p1a: Sandaconda
|-enditem|p1a: Sandaconda|Rocky Helmet|[from] move: Knock Off|[of] p2a: Audino
|
|upkeep
|turn|2
|c| Memedose46|BRYAN WHO
|j| Champfernape
|c| SGS_Nim|go pattek
|l|sgsnim
|
|t:|1648823930
|switch|p2a: Corsola|Corsola-Galar, F|100/100
|move|p1a: Sandaconda|Stealth Rock|p2a: Corsola
|-sidestart|p2: Reseyada|move: Stealth Rock
|
|upkeep
|turn|3
|j| Axrtix
|
|t:|1648823936
|switch|p1a: Clefairy|Clefairy, F|100/100
|move|p2a: Corsola|Stealth Rock|p1a: Clefairy
|-sidestart|p1: pattek|move: Stealth Rock
|
|upkeep
|turn|4
|j| Lkapkd
|l| Axrtix
|
|t:|1648823940
|switch|p2a: Weezing|Weezing, M|100/100
|-ability|p2a: Weezing|Neutralizing Gas
|-damage|p2a: Weezing|88/100|[from] Stealth Rock
|move|p1a: Clefairy|Moonblast|p2a: Weezing
|-resisted|p2a: Weezing
|-damage|p2a: Weezing|73/100
|
|-heal|p2a: Weezing|79/100|[from] item: Black Sludge
|upkeep
|turn|5
|j| DanDaMan99
|
|t:|1648823943
|move|p2a: Weezing|Toxic Spikes|p1a: Clefairy
|-sidestart|p1: pattek|move: Toxic Spikes
|move|p1a: Clefairy|Teleport|p1a: Clefairy
|l| Lkapkd
|inactive|pattek has 120 seconds left.
|
|t:|1648823982
|switch|p1a: Archeops|Archeops, F|100/100|[from]move: Teleport
|
|-heal|p2a: Weezing|85/100|[from] item: Black Sludge
|upkeep
|turn|6
|inactive|pattek has 120 seconds left.
|
|t:|1648823996
|move|p1a: Archeops|U-turn|p2a: Weezing
|-resisted|p2a: Weezing
|-damage|p2a: Weezing|77/100
|
|t:|1648823998
|switch|p1a: Sandaconda|Sandaconda, F|92/100|[from]move: U-turn
|-status|p1a: Sandaconda|psn
|-damage|p1a: Sandaconda|86/100 psn|[from] Stealth Rock
|move|p2a: Weezing|Will-O-Wisp||[still]
|-fail|p2a: Weezing
|
|-heal|p2a: Weezing|83/100|[from] item: Black Sludge
|-damage|p1a: Sandaconda|73/100 psn|[from] psn
|upkeep
|turn|7
|
|t:|1648824007
|-end|p2a: Weezing|ability: Neutralizing Gas
|switch|p2a: Avalugg|Avalugg, F|100/100
|move|p1a: Sandaconda|Earthquake|p2a: Avalugg
|-crit|p2a: Avalugg
|-damage|p2a: Avalugg|80/100
|
|-damage|p1a: Sandaconda|61/100 psn|[from] psn
|upkeep
|turn|8
|
|t:|1648824018
|switch|p1a: Silvally|Silvally-Poison|100/100
|-damage|p1a: Silvally|88/100|[from] Stealth Rock
|-sideend|p1: pattek|move: Toxic Spikes|[of] p1a: Silvally
|move|p2a: Avalugg|Rapid Spin|p1a: Silvally
|-damage|p1a: Silvally|77/100
|-boost|p2a: Avalugg|spe|1
|-sideend|p2: Reseyada|Stealth Rock|[from] move: Rapid Spin|[of] p2a: Avalugg
|
|upkeep
|turn|9
|j| omnipotent alting
|inactive|Reseyada has 120 seconds left.
|j| Its Dolorous Edd
|j| MagicFlareon
|c| Its Dolorous Edd|wtf
|c| Its Dolorous Edd|first battle i see
|
|t:|1648824069
|switch|p2a: Weezing|Weezing, M|83/100
|-ability|p2a: Weezing|Neutralizing Gas
|move|p1a: Silvally|Defog|p2a: Weezing
|-unboost|p2a: Weezing|evasion|1
|-sideend|p1: pattek|Stealth Rock|[from] move: Defog|[of] p1a: Silvally
|
|-heal|p2a: Weezing|89/100|[from] item: Black Sludge
|upkeep
|turn|10
|
|t:|1648824072
|move|p1a: Silvally|U-turn|p2a: Weezing
|-resisted|p2a: Weezing
|-damage|p2a: Weezing|84/100
|l| Its Dolorous Edd
|
|t:|1648824074
|switch|p1a: Jellicent|Jellicent, M|100/100|[from]move: U-turn
|move|p2a: Weezing|Toxic Spikes|p1a: Jellicent
|-sidestart|p1: pattek|move: Toxic Spikes
|
|-heal|p2a: Weezing|90/100|[from] item: Black Sludge
|upkeep
|turn|11
|inactive|Reseyada has 120 seconds left.
|
|t:|1648824098
|-end|p2a: Weezing|ability: Neutralizing Gas
|switch|p2a: Audino|Audino, F|100/100
|move|p1a: Jellicent|Water Spout|p2a: Audino
|-damage|p2a: Audino|32/100
|
|upkeep
|turn|12
|
|t:|1648824101
|move|p2a: Audino|Protect|p2a: Audino
|-singleturn|p2a: Audino|Protect
|move|p1a: Jellicent|Water Spout|p2a: Audino
|-activate|p2a: Audino|move: Protect
|
|upkeep
|turn|13
|inactive|Reseyada has 120 seconds left.
|
|t:|1648824117
|switch|p2a: Quagsire|Quagsire, F|100/100
|move|p1a: Jellicent|Water Spout|p2a: Quagsire
|-damage|p2a: Quagsire|0 fnt
|faint|p2a: Quagsire
|
|upkeep
|
|t:|1648824119
|switch|p2a: Audino|Audino, F|65/100
|turn|14
|
|t:|1648824122
|move|p1a: Jellicent|Water Spout|p2a: Audino
|-damage|p2a: Audino|1/100
|move|p2a: Audino|Wish|p2a: Audino
|
|upkeep
|turn|15
|inactive|Reseyada has 120 seconds left.
|j| print "hello"
|
|t:|1648824145
|switch|p1a: Silvally|Silvally-Poison|77/100
|-sideend|p1: pattek|move: Toxic Spikes|[of] p1a: Silvally
|move|p2a: Audino|Protect||[still]
|-fail|p2a: Audino
|
|-heal|p2a: Audino|51/100|[from] move: Wish|[wisher] Audino
|upkeep
|turn|16
|
|t:|1648824148
|move|p1a: Silvally|U-turn|p2a: Audino
|-crit|p2a: Audino
|-damage|p2a: Audino|31/100
|
|t:|1648824151
|switch|p1a: Aggron|Aggron, F|100/100|[from]move: U-turn
|move|p2a: Audino|Wish|p2a: Audino
|
|upkeep
|turn|17
|
|t:|1648824167
|switch|p2a: Corsola|Corsola-Galar, F|100/100
|move|p1a: Aggron|Head Smash|p2a: Corsola
|-damage|p2a: Corsola|38/100
|
|-heal|p2a: Corsola|100/100|[from] move: Wish|[wisher] Audino
|upkeep
|turn|18
|
|t:|1648824171
|move|p1a: Aggron|Head Smash|p2a: Corsola
|-damage|p2a: Corsola|44/100
|move|p2a: Corsola|Stealth Rock|p1a: Aggron
|-sidestart|p1: pattek|move: Stealth Rock
|
|upkeep
|turn|19
|
|t:|1648824184
|move|p1a: Aggron|Head Smash|p2a: Corsola
|-damage|p2a: Corsola|0 fnt
|faint|p2a: Corsola
|
|upkeep
|l| print "hello"
|
|t:|1648824193
|switch|p2a: Weezing|Weezing, M|90/100
|-ability|p2a: Weezing|Neutralizing Gas
|turn|20
|
|t:|1648824203
|switch|p1a: Sandaconda|Sandaconda, F|61/100 psn
|-damage|p1a: Sandaconda|55/100 psn|[from] Stealth Rock
|move|p2a: Weezing|Toxic Spikes|p1a: Sandaconda
|-sidestart|p1: pattek|move: Toxic Spikes
|
|-heal|p2a: Weezing|96/100|[from] item: Black Sludge
|-damage|p1a: Sandaconda|42/100 psn|[from] psn
|upkeep
|turn|21
|j| Lkapkd
|
|t:|1648824227
|-end|p2a: Weezing|ability: Neutralizing Gas
|switch|p2a: Mesprit|Mesprit|100/100
|move|p1a: Sandaconda|Rest|p1a: Sandaconda
|-status|p1a: Sandaconda|slp|[from] move: Rest
|-heal|p1a: Sandaconda|100/100 slp|[silent]
|
|upkeep
|turn|22
|
|t:|1648824230
|switch|p1a: Clefairy|Clefairy, F|100/100
|-status|p1a: Clefairy|psn
|move|p2a: Mesprit|Calm Mind|p2a: Mesprit
|-boost|p2a: Mesprit|spa|1
|-boost|p2a: Mesprit|spd|1
|
|upkeep
|turn|23
|j| azul - maril
|
|t:|1648824235
|move|p2a: Mesprit|Calm Mind|p2a: Mesprit
|-boost|p2a: Mesprit|spa|1
|-boost|p2a: Mesprit|spd|1
|move|p1a: Clefairy|Encore|p2a: Mesprit
|-start|p2a: Mesprit|Encore
|
|upkeep
|turn|24
|
|t:|1648824238
|move|p2a: Mesprit|Calm Mind|p2a: Mesprit
|-boost|p2a: Mesprit|spa|1
|-boost|p2a: Mesprit|spd|1
|move|p1a: Clefairy|Teleport|p1a: Clefairy
|
|t:|1648824249
|switch|p1a: Aggron|Aggron, F|100/100|[from]move: Teleport
|-damage|p1a: Aggron|94/100|[from] Stealth Rock
|
|upkeep
|turn|25
|inactive|pattek has 120 seconds left.
|
|t:|1648824285
|move|p1a: Aggron|Heavy Slam|p2a: Mesprit
|-damage|p2a: Mesprit|45/100
|-enditem|p2a: Mesprit|Kee Berry|[eat]
|-boost|p2a: Mesprit|def|1|[from] item: Kee Berry
|move|p2a: Mesprit|Calm Mind|p2a: Mesprit
|-boost|p2a: Mesprit|spa|1
|-boost|p2a: Mesprit|spd|1
|
|upkeep
|turn|26
|
|t:|1648824291
|move|p1a: Aggron|Heavy Slam|p2a: Mesprit
|-damage|p2a: Mesprit|6/100
|move|p2a: Mesprit|Calm Mind|p2a: Mesprit
|-boost|p2a: Mesprit|spa|1
|-boost|p2a: Mesprit|spd|1
|
|-end|p2a: Mesprit|Encore
|upkeep
|turn|27
|
|t:|1648824294
|move|p1a: Aggron|Heavy Slam|p2a: Mesprit
|-damage|p2a: Mesprit|0 fnt
|faint|p2a: Mesprit
|
|upkeep
|c|☆pattek|gg
|c|☆Reseyada|gg
|-message|Reseyada forfeited.
|
|win|pattek
|n|☆pattek|pattek
|n|☆Reseyada|reseyada
|n|*Lady Monita ✿|ladymonita
|n| BB-8-NU|bb8nu
|n| winfamous|winfamous
|n|+heroictobias|heroictobias
|n| Memedose46|memedose46
|n| myjava|myjava
|n| Champfernape|champfernape
|n| DanDaMan99|dandaman99
|n| omnipotent alting|omnipotentalting
|n| MagicFlareon|magicflareon
|n| Lkapkd|lkapkd
|n| azul - maril|azulmaril
|l|*Lady Monita ✿
|l|☆Reseyada
|l| BB-8-NU
|l| myjava
|l|☆pattek
|j|☆pattek
|player|p1|pattek|lucas
|l| omnipotent alting
