|j|☆Lockjaw
|j|☆cafay sen sukr
|t:|1603497786
|player|p1|Lockjaw|sina|1194
|player|p2|cafay sen sukr|swimmer-gen4dp|1332
|teamsize|p1|6
|teamsize|p2|6
|gametype|singles
|gen|8
|tier|[Gen 8] PU
|rated|
|clearpoke
|poke|p1|Pincurchin, M|
|poke|p1|Jolteon, M|
|poke|p1|Swoobat, M|
|poke|p1|Gourgeist-*, F|
|poke|p1|Pawniard, M|
|poke|p1|Golduck, F|
|poke|p2|Dugtrio-Alola, M|
|poke|p2|Appletun, M|
|poke|p2|Corsola-Galar, F|
|poke|p2|Throh, M|
|poke|p2|Type: Null|
|poke|p2|Unfezant, F|
|rule|Sleep Clause Mod: Limit one foe put to sleep
|rule|Species Clause: Limit one of each Pokémon
|rule|OHKO Clause: OHKO moves are banned
|rule|Evasion Moves Clause: Evasion moves are banned
|rule|Endless Battle Clause: Forcing endless battles is banned
|rule|HP Percentage Mod: HP is shown in percentages
|rule|Dynamax Clause: You cannot dynamax
|teampreview
|j| Ktutverde
|c|☆cafay sen sukr|je la sens mal là
|c|☆cafay sen sukr|xd
|c| Ktutverde|pk c'est pas hide wtf
|c|☆cafay sen sukr|jsp
|c|☆cafay sen sukr|je hide jamais
|
|t:|1603497818
|start
|switch|p1a: Gourgeist|Gourgeist-Small, F|100/100
|switch|p2a: Throh|Throh, M|100/100
|-item|p2a: Throh|Leftovers|[from] ability: Frisk|[of] p1a: Gourgeist|[identify]
|turn|1
|c| Ktutverde|la proba que les deux joueurs ne hide pas
|
|t:|1603497832
|switch|p2a: Unfezant|Unfezant, F|100/100
|move|p1a: Gourgeist|Power Whip|p2a: Unfezant
|-resisted|p2a: Unfezant
|-damage|p2a: Unfezant|67/100
|
|upkeep
|turn|2
|
|t:|1603497844
|move|p2a: Unfezant|U-turn|p1a: Gourgeist
|-crit|p1a: Gourgeist
|-damage|p1a: Gourgeist|61/100
|
|t:|1603497847
|switch|p2a: Appletun|Appletun, M|100/100|[from]move: U-turn
|move|p1a: Gourgeist|Poltergeist|p2a: Appletun
|-activate|p2a: Appletun|move: Poltergeist|Eject Pack
|-damage|p2a: Appletun|52/100
|
|upkeep
|turn|3
|
|t:|1603497867
|move|p1a: Gourgeist|Poltergeist|p2a: Appletun
|-activate|p2a: Appletun|move: Poltergeist|Eject Pack
|-damage|p2a: Appletun|7/100
|move|p2a: Appletun|Draco Meteor|p1a: Gourgeist
|-damage|p1a: Gourgeist|0 fnt
|-unboost|p2a: Appletun|spa|2
|-enditem|p2a: Appletun|Eject Pack
|faint|p1a: Gourgeist
|
|t:|1603497874
|switch|p2a: Throh|Throh, M|100/100
|
|upkeep
|
|t:|1603497882
|switch|p1a: Golduck|Golduck, F|100/100
|turn|4
|
|t:|1603497891
|move|p1a: Golduck|Psychic|p2a: Throh
|-supereffective|p2a: Throh
|-damage|p2a: Throh|36/100
|-damage|p1a: Golduck|91/100|[from] item: Life Orb
|move|p2a: Throh|Storm Throw|p1a: Golduck
|-crit|p1a: Golduck
|-damage|p1a: Golduck|40/100
|
|-heal|p2a: Throh|42/100|[from] item: Leftovers
|upkeep
|turn|5
|
|t:|1603497899
|switch|p2a: Appletun|Appletun, M|7/100
|move|p1a: Golduck|Psychic|p2a: Appletun
|-damage|p2a: Appletun|0 fnt
|-damage|p1a: Golduck|30/100|[from] item: Life Orb
|faint|p2a: Appletun
|
|upkeep
|
|t:|1603497902
|switch|p2a: Unfezant|Unfezant, F|67/100
|turn|6
|
|t:|1603497906
|move|p2a: Unfezant|U-turn|p1a: Golduck
|-damage|p1a: Golduck|0 fnt
|faint|p1a: Golduck
|
|t:|1603497911
|switch|p2a: Dugtrio|Dugtrio-Alola, M|100/100|[from]move: U-turn
|
|upkeep
|
|t:|1603497919
|switch|p1a: Jolteon|Jolteon, M|100/100
|turn|7
|
|t:|1603497929
|move|p1a: Jolteon|Volt Switch|p2a: Dugtrio
|-immune|p2a: Dugtrio
|move|p2a: Dugtrio|Earthquake|p1a: Jolteon
|-supereffective|p1a: Jolteon
|-damage|p1a: Jolteon|0 fnt
|faint|p1a: Jolteon
|
|upkeep
|-message|Lockjaw forfeited.
|
|win|cafay sen sukr
|l|☆Lockjaw
|c|☆cafay sen sukr|hein
|l|☆cafay sen sukr
|raw|Lockjaw's rating: 1195 &rarr; <strong>1179</strong><br />(-16 for losing)
|raw|cafay sen sukr's rating: 1332 &rarr; <strong>1345</strong><br />(+13 for winning)
|l| Ktutverde
|j|☆cafay sen sukr
|player|p2|cafay sen sukr|swimmer-gen4dp
