|j|☆Nerolwo
|j|☆panned bomb
|t:|1643502633
|gametype|singles
|player|p1|Nerolwo|2|1158
|player|p2|panned bomb|169|1399
|teamsize|p1|6
|teamsize|p2|6
|gen|8
|tier|[Gen 8] PU
|rated|
|rule|Sleep Clause Mod: Limit one foe put to sleep
|rule|Species Clause: Limit one of each Pokémon
|rule|OHKO Clause: OHKO moves are banned
|rule|Evasion Moves Clause: Evasion moves are banned
|rule|Endless Battle Clause: Forcing endless battles is banned
|rule|HP Percentage Mod: HP is shown in percentages
|rule|Dynamax Clause: You cannot dynamax
|clearpoke
|poke|p1|Articuno|
|poke|p1|Mesprit|
|poke|p1|Hitmontop, M|
|poke|p1|Weezing, F|
|poke|p1|Cinccino, M|
|poke|p1|Jolteon, F|
|poke|p2|Frosmoth, M|
|poke|p2|Lunatone|
|poke|p2|Charizard, F|
|poke|p2|Quagsire, F|
|poke|p2|Skuntank, M|
|poke|p2|Flapple, F|
|teampreview
|
|t:|1643502648
|start
|switch|p1a: Cinccino|Cinccino, M|100/100
|switch|p2a: Flapple|Flapple, F|100/100
|turn|1
|inactive|Battle timer is ON: inactive players will automatically lose when time's up. (requested by Nerolwo)
|
|t:|1643502662
|move|p2a: Flapple|Sucker Punch|p1a: Cinccino|[miss]
|-miss|p2a: Flapple|p1a: Cinccino
|move|p1a: Cinccino|U-turn|p2a: Flapple
|-supereffective|p2a: Flapple
|-damage|p2a: Flapple|46/100
|
|t:|1643502668
|switch|p1a: Hitmontop|Hitmontop, M|100/100|[from]move: U-turn
|-ability|p1a: Hitmontop|Intimidate|boost
|-unboost|p2a: Flapple|atk|1
|
|upkeep
|turn|2
|
|t:|1643502678
|switch|p2a: Charizard|Charizard, F|100/100
|move|p1a: Hitmontop|Fake Out|p2a: Charizard
|-damage|p2a: Charizard|83/100
|
|upkeep
|turn|3
|
|t:|1643502693
|switch|p1a: Mesprit|Mesprit|100/100
|move|p2a: Charizard|Flamethrower|p1a: Mesprit
|-damage|p1a: Mesprit|74/100
|
|-heal|p1a: Mesprit|80/100|[from] item: Leftovers
|upkeep
|turn|4
|
|t:|1643502703
|move|p2a: Charizard|Toxic|p1a: Mesprit
|-status|p1a: Mesprit|tox
|move|p1a: Mesprit|Thunder Wave|p2a: Charizard
|-status|p2a: Charizard|par
|
|-heal|p1a: Mesprit|86/100 tox|[from] item: Leftovers
|-damage|p1a: Mesprit|80/100 tox|[from] psn
|upkeep
|turn|5
|
|t:|1643502715
|move|p1a: Mesprit|Stealth Rock|p2a: Charizard
|-sidestart|p2: panned bomb|move: Stealth Rock
|cant|p2a: Charizard|par
|
|-heal|p1a: Mesprit|86/100 tox|[from] item: Leftovers
|-damage|p1a: Mesprit|74/100 tox|[from] psn
|upkeep
|turn|6
|
|t:|1643502723
|move|p1a: Mesprit|Knock Off|p2a: Charizard
|-damage|p2a: Charizard|50/100 par
|-enditem|p2a: Charizard|Heavy-Duty Boots|[from] move: Knock Off|[of] p1a: Mesprit
|move|p2a: Charizard|Defog|p1a: Mesprit
|-unboost|p1a: Mesprit|evasion|1
|-sideend|p2: panned bomb|Stealth Rock|[from] move: Defog|[of] p2a: Charizard
|
|-heal|p1a: Mesprit|80/100 tox|[from] item: Leftovers
|-damage|p1a: Mesprit|62/100 tox|[from] psn
|upkeep
|turn|7
|
|t:|1643502734
|move|p1a: Mesprit|U-turn|p2a: Charizard
|-resisted|p2a: Charizard
|-damage|p2a: Charizard|45/100 par
|
|t:|1643502739
|switch|p1a: Jolteon|Jolteon, F|100/100|[from]move: U-turn
|cant|p2a: Charizard|par
|
|upkeep
|turn|8
|
|t:|1643502755
|switch|p2a: Quagsire|Quagsire, F|100/100
|move|p1a: Jolteon|Hyper Voice|p2a: Quagsire
|-damage|p2a: Quagsire|52/100
|
|upkeep
|turn|9
|
|t:|1643502767
|switch|p1a: Weezing|Weezing, F|100/100
|move|p2a: Quagsire|Recover|p2a: Quagsire
|-heal|p2a: Quagsire|100/100
|
|upkeep
|turn|10
|
|t:|1643502780
|switch|p2a: Lunatone|Lunatone|100/100
|move|p1a: Weezing|Sludge Bomb|p2a: Lunatone
|-resisted|p2a: Lunatone
|-damage|p2a: Lunatone|85/100
|
|-heal|p2a: Lunatone|91/100|[from] item: Leftovers
|upkeep
|turn|11
|
|t:|1643502806
|switch|p1a: Mesprit|Mesprit|62/100 tox
|move|p2a: Lunatone|Future Sight|p1a: Mesprit
|-start|p2a: Lunatone|move: Future Sight
|
|-heal|p1a: Mesprit|68/100 tox|[from] item: Leftovers
|-heal|p2a: Lunatone|98/100|[from] item: Leftovers
|-damage|p1a: Mesprit|62/100 tox|[from] psn
|upkeep
|turn|12
|
|t:|1643502818
|switch|p2a: Skuntank|Skuntank, M|100/100
|move|p1a: Mesprit|Stealth Rock|p2a: Skuntank
|-sidestart|p2: panned bomb|move: Stealth Rock
|
|-heal|p1a: Mesprit|68/100 tox|[from] item: Leftovers
|-damage|p1a: Mesprit|56/100 tox|[from] psn
|upkeep
|turn|13
|
|t:|1643502832
|move|p2a: Skuntank|Dark Pulse|p1a: Mesprit
|-supereffective|p1a: Mesprit
|-damage|p1a: Mesprit|19/100 tox
|move|p1a: Mesprit|Thunder Wave|p2a: Skuntank
|-status|p2a: Skuntank|par
|
|-end|p1a: Mesprit|move: Future Sight
|-resisted|p1a: Mesprit
|-damage|p1a: Mesprit|2/100 tox
|-heal|p1a: Mesprit|8/100 tox|[from] item: Leftovers
|-damage|p1a: Mesprit|0 fnt|[from] psn
|faint|p1a: Mesprit
|upkeep
|inactive|Nerolwo has 120 seconds left.
|
|t:|1643502865
|switch|p1a: Articuno|Articuno|100/100
|-ability|p1a: Articuno|Pressure
|turn|14
|
|t:|1643502871
|move|p1a: Articuno|Air Slash|p2a: Skuntank
|-damage|p2a: Skuntank|49/100 par
|move|p2a: Skuntank|Corrosive Gas|p1a: Articuno
|-enditem|p1a: Articuno|Leftovers|[from] move: Corrosive Gas|[of] p2a: Skuntank
|
|-heal|p2a: Skuntank|55/100 par|[from] item: Leftovers
|upkeep
|turn|15
|
|t:|1643502879
|switch|p2a: Lunatone|Lunatone|98/100
|-damage|p2a: Lunatone|85/100|[from] Stealth Rock
|move|p1a: Articuno|Air Slash|p2a: Lunatone
|-resisted|p2a: Lunatone
|-damage|p2a: Lunatone|66/100
|
|-heal|p2a: Lunatone|73/100|[from] item: Leftovers
|upkeep
|turn|16
|inactive|Nerolwo has 120 seconds left.
|
|t:|1643502898
|switch|p1a: Hitmontop|Hitmontop, M|100/100
|-ability|p1a: Hitmontop|Intimidate|boost
|-unboost|p2a: Lunatone|atk|1
|move|p2a: Lunatone|Power Gem|p1a: Hitmontop
|-resisted|p1a: Hitmontop
|-damage|p1a: Hitmontop|88/100
|
|-heal|p2a: Lunatone|79/100|[from] item: Leftovers
|upkeep
|turn|17
|
|t:|1643502909
|move|p1a: Hitmontop|Fake Out|p2a: Lunatone
|-resisted|p2a: Lunatone
|-damage|p2a: Lunatone|71/100
|cant|p2a: Lunatone|flinch
|
|-heal|p2a: Lunatone|77/100|[from] item: Leftovers
|upkeep
|turn|18
|
|t:|1643502917
|move|p2a: Lunatone|Future Sight|p1a: Hitmontop
|-start|p2a: Lunatone|move: Future Sight
|move|p1a: Hitmontop|Close Combat|p2a: Lunatone
|-damage|p2a: Lunatone|0 fnt
|-unboost|p1a: Hitmontop|def|1
|-unboost|p1a: Hitmontop|spd|1
|faint|p2a: Lunatone
|
|upkeep
|
|t:|1643502926
|switch|p2a: Frosmoth|Frosmoth, M|100/100
|turn|19
|
|t:|1643502935
|move|p2a: Frosmoth|Substitute|p2a: Frosmoth
|-start|p2a: Frosmoth|Substitute
|-damage|p2a: Frosmoth|76/100
|move|p1a: Hitmontop|Close Combat|p2a: Frosmoth
|-end|p2a: Frosmoth|Substitute
|-unboost|p1a: Hitmontop|def|1
|-unboost|p1a: Hitmontop|spd|1
|
|upkeep
|turn|20
|inactive|Nerolwo has 120 seconds left.
|
|t:|1643502950
|switch|p1a: Articuno|Articuno|100/100
|-ability|p1a: Articuno|Pressure
|move|p2a: Frosmoth|Substitute|p2a: Frosmoth
|-start|p2a: Frosmoth|Substitute
|-damage|p2a: Frosmoth|51/100
|
|-end|p1a: Articuno|move: Future Sight
|-damage|p1a: Articuno|58/100
|upkeep
|turn|21
|inactive|Nerolwo has 120 seconds left.
|inactive|Nerolwo has 90 seconds left.
|
|t:|1643502991
|move|p2a: Frosmoth|Quiver Dance|p2a: Frosmoth
|-boost|p2a: Frosmoth|spa|1
|-boost|p2a: Frosmoth|spd|1
|-boost|p2a: Frosmoth|spe|1
|move|p1a: Articuno|Air Slash|p2a: Frosmoth
|-supereffective|p2a: Frosmoth
|-end|p2a: Frosmoth|Substitute
|
|upkeep
|turn|22
|
|t:|1643503015
|move|p2a: Frosmoth|Quiver Dance|p2a: Frosmoth
|-boost|p2a: Frosmoth|spa|1
|-boost|p2a: Frosmoth|spd|1
|-boost|p2a: Frosmoth|spe|1
|move|p1a: Articuno|Air Slash|p2a: Frosmoth
|-supereffective|p2a: Frosmoth
|-damage|p2a: Frosmoth|28/100
|
|upkeep
|turn|23
|
|t:|1643503025
|move|p2a: Frosmoth|Substitute|p2a: Frosmoth
|-start|p2a: Frosmoth|Substitute
|-damage|p2a: Frosmoth|3/100
|move|p1a: Articuno|Air Slash|p2a: Frosmoth
|-supereffective|p2a: Frosmoth
|-activate|p2a: Frosmoth|move: Substitute|[damage]
|
|upkeep
|turn|24
|
|t:|1643503032
|move|p2a: Frosmoth|Ice Beam|p1a: Articuno
|-damage|p1a: Articuno|0 fnt
|faint|p1a: Articuno
|
|upkeep
|
|t:|1643503039
|switch|p1a: Hitmontop|Hitmontop, M|88/100
|-ability|p1a: Hitmontop|Intimidate|boost
|-immune|p2a: Frosmoth
|turn|25
|
|t:|1643503051
|move|p1a: Hitmontop|Fake Out|p2a: Frosmoth
|-end|p2a: Frosmoth|Substitute
|move|p2a: Frosmoth|Giga Drain|p1a: Hitmontop
|-damage|p1a: Hitmontop|57/100
|-heal|p2a: Frosmoth|18/100|[from] drain|[of] p1a: Hitmontop
|
|upkeep
|turn|26
|
|t:|1643503061
|move|p1a: Hitmontop|Bullet Punch|p2a: Frosmoth
|-supereffective|p2a: Frosmoth
|-damage|p2a: Frosmoth|0 fnt
|faint|p2a: Frosmoth
|
|upkeep
|
|t:|1643503071
|switch|p2a: Flapple|Flapple, F|46/100
|-damage|p2a: Flapple|33/100|[from] Stealth Rock
|turn|27
|inactive|Nerolwo has 120 seconds left.
|
|t:|1643503095
|move|p2a: Flapple|Grav Apple|p1a: Hitmontop
|-damage|p1a: Hitmontop|0 fnt
|faint|p1a: Hitmontop
|
|upkeep
|
|t:|1643503108
|switch|p1a: Cinccino|Cinccino, M|100/100
|turn|28
|
|t:|1643503111
|switch|p2a: Charizard|Charizard, F|45/100 par
|-damage|p2a: Charizard|0 fnt|[from] Stealth Rock
|faint|p2a: Charizard
|move|p1a: Cinccino|U-turn|p2: Charizard|[notarget]
|-fail|p1a: Cinccino
|
|upkeep
|
|t:|1643503120
|switch|p2a: Skuntank|Skuntank, M|55/100 par
|-damage|p2a: Skuntank|42/100 par|[from] Stealth Rock
|turn|29
|
|t:|1643503126
|move|p1a: Cinccino|U-turn|p2a: Skuntank
|-damage|p2a: Skuntank|17/100 par
|
|t:|1643503129
|switch|p1a: Weezing|Weezing, F|100/100|[from]move: U-turn
|cant|p2a: Skuntank|par
|
|-heal|p2a: Skuntank|23/100 par|[from] item: Leftovers
|upkeep
|turn|30
|
|t:|1643503139
|move|p1a: Weezing|Flamethrower|p2a: Skuntank
|-damage|p2a: Skuntank|0 fnt
|faint|p2a: Skuntank
|
|upkeep
|
|t:|1643503147
|switch|p2a: Quagsire|Quagsire, F|100/100
|turn|31
|
|t:|1643503170
|move|p1a: Weezing|Sludge Bomb|p2a: Quagsire
|-resisted|p2a: Quagsire
|-damage|p2a: Quagsire|85/100
|-status|p2a: Quagsire|psn
|move|p2a: Quagsire|Curse|p2a: Quagsire
|-unboost|p2a: Quagsire|spe|1
|-boost|p2a: Quagsire|atk|1
|-boost|p2a: Quagsire|def|1
|
|-damage|p2a: Quagsire|73/100 psn|[from] psn
|upkeep
|turn|32
|
|t:|1643503181
|move|p1a: Weezing|Sludge Bomb|p2a: Quagsire
|-resisted|p2a: Quagsire
|-damage|p2a: Quagsire|57/100 psn
|move|p2a: Quagsire|Curse|p2a: Quagsire
|-unboost|p2a: Quagsire|spe|1
|-boost|p2a: Quagsire|atk|1
|-boost|p2a: Quagsire|def|1
|
|-damage|p2a: Quagsire|44/100 psn|[from] psn
|upkeep
|turn|33
|
|t:|1643503192
|switch|p1a: Cinccino|Cinccino, M|100/100
|move|p2a: Quagsire|Recover|p2a: Quagsire
|-heal|p2a: Quagsire|94/100 psn
|
|-damage|p2a: Quagsire|82/100 psn|[from] psn
|upkeep
|turn|34
|
|t:|1643503200
|move|p1a: Cinccino|Bullet Seed|p2a: Quagsire
|-supereffective|p2a: Quagsire
|-damage|p2a: Quagsire|71/100 psn
|-supereffective|p2a: Quagsire
|-damage|p2a: Quagsire|61/100 psn
|-supereffective|p2a: Quagsire
|-damage|p2a: Quagsire|50/100 psn
|-supereffective|p2a: Quagsire
|-damage|p2a: Quagsire|39/100 psn
|-supereffective|p2a: Quagsire
|-damage|p2a: Quagsire|28/100 psn
|-hitcount|p2a: Quagsire|5
|move|p2a: Quagsire|Earthquake|p1a: Cinccino
|-damage|p1a: Cinccino|0 fnt
|faint|p1a: Cinccino
|
|-damage|p2a: Quagsire|16/100 psn|[from] psn
|upkeep
|inactive|Nerolwo has 120 seconds left.
|
|t:|1643503217
|switch|p1a: Jolteon|Jolteon, F|100/100
|turn|35
|
|t:|1643503221
|move|p1a: Jolteon|Hyper Voice|p2a: Quagsire
|-damage|p2a: Quagsire|0 fnt
|faint|p2a: Quagsire
|
|upkeep
|
|t:|1643503222
|switch|p2a: Flapple|Flapple, F|33/100
|-damage|p2a: Flapple|21/100|[from] Stealth Rock
|turn|36
|
|t:|1643503229
|move|p2a: Flapple|Sucker Punch|p1a: Jolteon
|-damage|p1a: Jolteon|3/100
|move|p1a: Jolteon|Hyper Voice|p2a: Flapple
|-damage|p2a: Flapple|0 fnt
|faint|p2a: Flapple
|
|win|Nerolwo
|raw|Nerolwo's rating: 1158 &rarr; <strong>1198</strong><br />(+40 for winning)
|raw|panned bomb's rating: 1399 &rarr; <strong>1367</strong><br />(-32 for losing)
|l|☆panned bomb
