|j|☆Haffling
|j|☆Carmin
|inactive|Battle timer is ON: inactive players will automatically lose when time's up.
|t:|1660658267
|gametype|singles
|player|p1|Haffling|cyrus|
|player|p2|Carmin|firebreather|
|teamsize|p1|6
|teamsize|p2|6
|gen|8
|tier|[Gen 8] PU
|rated|Tournament battle
|rule|Sleep Clause Mod: Limit one foe put to sleep
|rule|Species Clause: Limit one of each Pokémon
|rule|OHKO Clause: OHKO moves are banned
|rule|Evasion Items Clause: Evasion items are banned
|rule|Evasion Moves Clause: Evasion moves are banned
|rule|Endless Battle Clause: Forcing endless battles is banned
|rule|HP Percentage Mod: HP is shown in percentages
|rule|Dynamax Clause: You cannot dynamax
|clearpoke
|poke|p1|Arctovish|
|poke|p1|Gigalith, F|
|poke|p1|Mesprit|
|poke|p1|Eldegoss, M|
|poke|p1|Scrafty, M|
|poke|p1|Weezing, F|
|poke|p2|Magmortar, M|
|poke|p2|Sandslash, M|
|poke|p2|Gigalith, M|
|poke|p2|Gallade, M|
|poke|p2|Weezing, M|
|poke|p2|Comfey, M|
|teampreview
|j|*Lady Monita
|inactive|Carmin also wants the timer to be on.
|j| Starfall
|j| pult4c1 squashos
|l| pult4c1 squashos
|
|t:|1660658296
|start
|switch|p1a: Gigalith|Gigalith, F|100/100
|switch|p2a: Gallade|Gallade, M|100/100
|-weather|Sandstorm|[from] ability: Sand Stream|[of] p1a: Gigalith
|turn|1
|
|t:|1660658305
|move|p1a: Gigalith|Protect|p1a: Gigalith
|-singleturn|p1a: Gigalith|Protect
|move|p2a: Gallade|Teleport|p2a: Gallade
|
|t:|1660658308
|switch|p2a: Sandslash|Sandslash, M|100/100|[from]move: Teleport
|
|-weather|Sandstorm|[upkeep]
|upkeep
|turn|2
|
|t:|1660658313
|switch|p1a: Eldegoss|Eldegoss, M|100/100
|move|p2a: Sandslash|Spikes|p1a: Eldegoss
|-sidestart|p1: Haffling|Spikes
|
|-weather|Sandstorm|[upkeep]
|-damage|p1a: Eldegoss|94/100|[from] Sandstorm
|upkeep
|turn|3
|
|t:|1660658317
|switch|p2a: Magmortar|Magmortar, M|100/100
|move|p1a: Eldegoss|Rapid Spin|p2a: Magmortar
|-damage|p2a: Magmortar|91/100
|-boost|p1a: Eldegoss|spe|1
|-sideend|p1: Haffling|Spikes|[from] move: Rapid Spin|[of] p1a: Eldegoss
|
|-weather|Sandstorm|[upkeep]
|-damage|p2a: Magmortar|85/100|[from] Sandstorm
|-damage|p1a: Eldegoss|88/100|[from] Sandstorm
|upkeep
|turn|4
|
|t:|1660658324
|switch|p1a: Gigalith|Gigalith, F|100/100
|move|p2a: Magmortar|Focus Blast|p1a: Gigalith|[miss]
|-miss|p2a: Magmortar|p1a: Gigalith
|
|-weather|Sandstorm|[upkeep]
|-damage|p2a: Magmortar|79/100|[from] Sandstorm
|upkeep
|turn|5
|
|t:|1660658330
|switch|p2a: Sandslash|Sandslash, M|100/100
|switch|p1a: Arctovish|Arctovish|100/100
|
|-weather|none
|upkeep
|turn|6
|
|t:|1660658336
|switch|p2a: Weezing|Weezing, M|100/100
|move|p1a: Arctovish|Fishious Rend|p2a: Weezing
|-damage|p2a: Weezing|21/100
|-damage|p1a: Arctovish|84/100|[from] item: Rocky Helmet|[of] p2a: Weezing
|
|upkeep
|turn|7
|
|t:|1660658343
|move|p1a: Arctovish|Fishious Rend|p2a: Weezing
|-damage|p2a: Weezing|0 fnt
|-damage|p1a: Arctovish|67/100|[from] item: Rocky Helmet|[of] p2a: Weezing
|faint|p2a: Weezing
|
|upkeep
|
|t:|1660658349
|switch|p2a: Gallade|Gallade, M|100/100
|turn|8
|
|t:|1660658354
|switch|p1a: Mesprit|Mesprit|100/100
|move|p2a: Gallade|Zen Headbutt|p1a: Mesprit
|-resisted|p1a: Mesprit
|-damage|p1a: Mesprit|75/100
|
|upkeep
|turn|9
|
|t:|1660658359
|switch|p2a: Gigalith|Gigalith, M|100/100
|-weather|Sandstorm|[from] ability: Sand Stream|[of] p2a: Gigalith
|move|p1a: Mesprit|U-turn|p2a: Gigalith
|-damage|p2a: Gigalith|90/100
|
|t:|1660658361
|switch|p1a: Arctovish|Arctovish|67/100|[from]move: U-turn
|
|-weather|Sandstorm|[upkeep]
|-damage|p1a: Arctovish|61/100|[from] Sandstorm
|-heal|p2a: Gigalith|96/100|[from] item: Leftovers
|upkeep
|turn|10
|
|t:|1660658364
|move|p2a: Gigalith|Protect|p2a: Gigalith
|-singleturn|p2a: Gigalith|Protect
|move|p1a: Arctovish|Fishious Rend|p2a: Gigalith
|-activate|p2a: Gigalith|move: Protect
|
|-weather|Sandstorm|[upkeep]
|-damage|p1a: Arctovish|55/100|[from] Sandstorm
|-heal|p2a: Gigalith|100/100|[from] item: Leftovers
|upkeep
|turn|11
|
|t:|1660658367
|switch|p2a: Comfey|Comfey, M|100/100
|move|p1a: Arctovish|Fishious Rend|p2a: Comfey
|-damage|p2a: Comfey|10/100
|
|-weather|Sandstorm|[upkeep]
|-damage|p2a: Comfey|4/100|[from] Sandstorm
|-damage|p1a: Arctovish|49/100|[from] Sandstorm
|upkeep
|turn|12
|
|t:|1660658375
|switch|p1a: Weezing|Weezing, F|100/100
|-ability|p1a: Weezing|Neutralizing Gas
|move|p2a: Comfey|Draining Kiss|p1a: Weezing
|-resisted|p1a: Weezing
|-damage|p1a: Weezing|86/100
|-heal|p2a: Comfey|16/100|[from] drain|[of] p1a: Weezing
|
|-weather|Sandstorm|[upkeep]
|-damage|p2a: Comfey|9/100|[from] Sandstorm
|-damage|p1a: Weezing|80/100|[from] Sandstorm
|-heal|p1a: Weezing|86/100|[from] item: Black Sludge
|upkeep
|turn|13
|
|t:|1660658382
|switch|p2a: Sandslash|Sandslash, M|100/100
|move|p1a: Weezing|Toxic Spikes|p2a: Sandslash
|-sidestart|p2: Carmin|move: Toxic Spikes
|
|-weather|none
|-heal|p1a: Weezing|92/100|[from] item: Black Sludge
|upkeep
|turn|14
|
|t:|1660658388
|-end|p1a: Weezing|ability: Neutralizing Gas
|switch|p1a: Eldegoss|Eldegoss, M|100/100
|move|p2a: Sandslash|Rapid Spin|p1a: Eldegoss
|-damage|p1a: Eldegoss|91/100
|-boost|p2a: Sandslash|spe|1
|-sideend|p2: Carmin|Toxic Spikes|[from] move: Rapid Spin|[of] p2a: Sandslash
|
|upkeep
|turn|15
|
|t:|1660658393
|switch|p2a: Magmortar|Magmortar, M|79/100
|switch|p1a: Gigalith|Gigalith, F|100/100
|-weather|Sandstorm|[from] ability: Sand Stream|[of] p1a: Gigalith
|
|-weather|Sandstorm|[upkeep]
|-damage|p2a: Magmortar|72/100|[from] Sandstorm
|upkeep
|turn|16
|
|t:|1660658398
|switch|p2a: Sandslash|Sandslash, M|100/100
|move|p1a: Gigalith|Earthquake|p2a: Sandslash
|-damage|p2a: Sandslash|73/100
|
|-weather|Sandstorm|[upkeep]
|-heal|p2a: Sandslash|80/100|[from] item: Leftovers
|upkeep
|turn|17
|
|t:|1660658402
|switch|p1a: Eldegoss|Eldegoss, M|100/100
|move|p2a: Sandslash|Spikes|p1a: Eldegoss
|-sidestart|p1: Haffling|Spikes
|
|-weather|Sandstorm|[upkeep]
|-damage|p1a: Eldegoss|94/100|[from] Sandstorm
|-heal|p2a: Sandslash|86/100|[from] item: Leftovers
|upkeep
|turn|18
|
|t:|1660658405
|switch|p2a: Magmortar|Magmortar, M|72/100
|move|p1a: Eldegoss|Rapid Spin|p2a: Magmortar
|-damage|p2a: Magmortar|62/100
|-boost|p1a: Eldegoss|spe|1
|-sideend|p1: Haffling|Spikes|[from] move: Rapid Spin|[of] p1a: Eldegoss
|
|-weather|Sandstorm|[upkeep]
|-damage|p2a: Magmortar|56/100|[from] Sandstorm
|-damage|p1a: Eldegoss|88/100|[from] Sandstorm
|upkeep
|turn|19
|
|t:|1660658409
|switch|p1a: Mesprit|Mesprit|75/100
|move|p2a: Magmortar|Focus Blast|p1a: Mesprit
|-resisted|p1a: Mesprit
|-damage|p1a: Mesprit|51/100
|
|-weather|none
|upkeep
|turn|20
|
|t:|1660658414
|move|p1a: Mesprit|U-turn|p2a: Magmortar
|-resisted|p2a: Magmortar
|-damage|p2a: Magmortar|45/100
|
|t:|1660658417
|switch|p1a: Gigalith|Gigalith, F|100/100|[from]move: U-turn
|-weather|Sandstorm|[from] ability: Sand Stream|[of] p1a: Gigalith
|move|p2a: Magmortar|Fire Blast|p1a: Gigalith|[miss]
|-miss|p2a: Magmortar|p1a: Gigalith
|
|-weather|Sandstorm|[upkeep]
|-damage|p2a: Magmortar|39/100|[from] Sandstorm
|upkeep
|turn|21
|
|t:|1660658421
|switch|p2a: Sandslash|Sandslash, M|86/100
|move|p1a: Gigalith|Earthquake|p2a: Sandslash
|-damage|p2a: Sandslash|58/100
|
|-weather|Sandstorm|[upkeep]
|-heal|p2a: Sandslash|64/100|[from] item: Leftovers
|upkeep
|turn|22
|
|t:|1660658426
|move|p2a: Sandslash|Spikes|p1a: Gigalith
|-sidestart|p1: Haffling|Spikes
|move|p1a: Gigalith|Stealth Rock|p2a: Sandslash
|-sidestart|p2: Carmin|move: Stealth Rock
|
|-weather|Sandstorm|[upkeep]
|-heal|p2a: Sandslash|70/100|[from] item: Leftovers
|upkeep
|turn|23
|
|t:|1660658431
|switch|p1a: Eldegoss|Eldegoss, M|100/100
|move|p2a: Sandslash|Knock Off|p1a: Eldegoss
|-damage|p1a: Eldegoss|81/100
|-enditem|p1a: Eldegoss|Heavy-Duty Boots|[from] move: Knock Off|[of] p2a: Sandslash
|
|-weather|Sandstorm|[upkeep]
|-damage|p1a: Eldegoss|75/100|[from] Sandstorm
|-heal|p2a: Sandslash|76/100|[from] item: Leftovers
|upkeep
|turn|24
|
|t:|1660658435
|move|p2a: Sandslash|Rapid Spin|p1a: Eldegoss
|-damage|p1a: Eldegoss|66/100
|-boost|p2a: Sandslash|spe|1
|-sideend|p2: Carmin|Stealth Rock|[from] move: Rapid Spin|[of] p2a: Sandslash
|move|p1a: Eldegoss|Giga Drain|p2a: Sandslash
|-supereffective|p2a: Sandslash
|-damage|p2a: Sandslash|13/100
|-heal|p1a: Eldegoss|100/100|[from] drain|[of] p2a: Sandslash
|
|-weather|none
|-heal|p2a: Sandslash|19/100|[from] item: Leftovers
|upkeep
|turn|25
|
|t:|1660658438
|switch|p2a: Magmortar|Magmortar, M|39/100
|move|p1a: Eldegoss|Rapid Spin|p2a: Magmortar
|-damage|p2a: Magmortar|28/100
|-boost|p1a: Eldegoss|spe|1
|-sideend|p1: Haffling|Spikes|[from] move: Rapid Spin|[of] p1a: Eldegoss
|
|upkeep
|turn|26
|
|t:|1660658442
|switch|p1a: Gigalith|Gigalith, F|100/100
|-weather|Sandstorm|[from] ability: Sand Stream|[of] p1a: Gigalith
|move|p2a: Magmortar|Scorching Sands|p1a: Gigalith
|-supereffective|p1a: Gigalith
|-damage|p1a: Gigalith|73/100
|
|-weather|Sandstorm|[upkeep]
|-damage|p2a: Magmortar|22/100|[from] Sandstorm
|-heal|p1a: Gigalith|79/100|[from] item: Leftovers
|upkeep
|turn|27
|
|t:|1660658450
|switch|p2a: Sandslash|Sandslash, M|19/100
|move|p1a: Gigalith|Earthquake|p2a: Sandslash
|-damage|p2a: Sandslash|0 fnt
|faint|p2a: Sandslash
|
|-weather|Sandstorm|[upkeep]
|-heal|p1a: Gigalith|86/100|[from] item: Leftovers
|upkeep
|
|t:|1660658457
|switch|p2a: Gigalith|Gigalith, M|100/100
|turn|28
|
|t:|1660658466
|move|p1a: Gigalith|Stealth Rock|p2a: Gigalith
|-sidestart|p2: Carmin|move: Stealth Rock
|move|p2a: Gigalith|Stealth Rock|p1a: Gigalith
|-sidestart|p1: Haffling|move: Stealth Rock
|
|-weather|Sandstorm|[upkeep]
|-heal|p1a: Gigalith|92/100|[from] item: Leftovers
|upkeep
|turn|29
|
|t:|1660658470
|switch|p1a: Eldegoss|Eldegoss, M|100/100
|-damage|p1a: Eldegoss|88/100|[from] Stealth Rock
|move|p2a: Gigalith|Toxic|p1a: Eldegoss
|-status|p1a: Eldegoss|tox
|
|-weather|Sandstorm|[upkeep]
|-damage|p1a: Eldegoss|82/100 tox|[from] Sandstorm
|-damage|p1a: Eldegoss|76/100 tox|[from] psn
|upkeep
|turn|30
|
|t:|1660658475
|move|p1a: Eldegoss|Rapid Spin|p2a: Gigalith
|-resisted|p2a: Gigalith
|-damage|p2a: Gigalith|98/100
|-boost|p1a: Eldegoss|spe|1
|-sideend|p1: Haffling|Stealth Rock|[from] move: Rapid Spin|[of] p1a: Eldegoss
|move|p2a: Gigalith|Stealth Rock|p1a: Eldegoss
|-sidestart|p1: Haffling|move: Stealth Rock
|
|-weather|none
|-heal|p2a: Gigalith|100/100|[from] item: Leftovers
|-damage|p1a: Eldegoss|63/100 tox|[from] psn
|upkeep
|turn|31
|
|t:|1660658479
|move|p2a: Gigalith|Protect|p2a: Gigalith
|-singleturn|p2a: Gigalith|Protect
|move|p1a: Eldegoss|Aromatherapy|p1a: Eldegoss
|-activate|p1a: Eldegoss|move: Aromatherapy
|-curestatus|p1a: Eldegoss|tox|[msg]
|
|upkeep
|turn|32
|
|t:|1660658485
|move|p1a: Eldegoss|Giga Drain|p2a: Gigalith
|-supereffective|p2a: Gigalith
|-damage|p2a: Gigalith|69/100
|-heal|p1a: Eldegoss|81/100|[from] drain|[of] p2a: Gigalith
|move|p2a: Gigalith|Toxic|p1a: Eldegoss
|-status|p1a: Eldegoss|tox
|
|-heal|p2a: Gigalith|76/100|[from] item: Leftovers
|-damage|p1a: Eldegoss|75/100 tox|[from] psn
|upkeep
|turn|33
|
|t:|1660658490
|move|p2a: Gigalith|Protect|p2a: Gigalith
|-singleturn|p2a: Gigalith|Protect
|move|p1a: Eldegoss|Aromatherapy|p1a: Eldegoss
|-activate|p1a: Eldegoss|move: Aromatherapy
|-curestatus|p1a: Eldegoss|tox|[msg]
|
|-heal|p2a: Gigalith|82/100|[from] item: Leftovers
|upkeep
|turn|34
|
|t:|1660658495
|move|p1a: Eldegoss|Leech Seed|p2a: Gigalith
|-start|p2a: Gigalith|move: Leech Seed
|move|p2a: Gigalith|Toxic|p1a: Eldegoss
|-status|p1a: Eldegoss|tox
|
|-heal|p2a: Gigalith|88/100|[from] item: Leftovers
|-damage|p2a: Gigalith|76/100|[from] Leech Seed|[of] p1a: Eldegoss
|-heal|p1a: Eldegoss|89/100 tox|[silent]
|-damage|p1a: Eldegoss|83/100 tox|[from] psn
|upkeep
|turn|35
|l| Starfall
|
|t:|1660658498
|switch|p2a: Gallade|Gallade, M|100/100
|-damage|p2a: Gallade|94/100|[from] Stealth Rock
|move|p1a: Eldegoss|Rapid Spin|p2a: Gallade
|-damage|p2a: Gallade|84/100
|-boost|p1a: Eldegoss|spe|1
|-sideend|p1: Haffling|Stealth Rock|[from] move: Rapid Spin|[of] p1a: Eldegoss
|
|-damage|p1a: Eldegoss|71/100 tox|[from] psn
|upkeep
|turn|36
|
|t:|1660658504
|switch|p1a: Mesprit|Mesprit|51/100
|move|p2a: Gallade|Close Combat|p1a: Mesprit
|-resisted|p1a: Mesprit
|-crit|p1a: Mesprit
|-damage|p1a: Mesprit|0 fnt
|-unboost|p2a: Gallade|def|1
|-unboost|p2a: Gallade|spd|1
|faint|p1a: Mesprit
|
|upkeep
|
|t:|1660658508
|switch|p1a: Weezing|Weezing, F|92/100
|-ability|p1a: Weezing|Neutralizing Gas
|turn|37
|
|t:|1660658513
|switch|p2a: Gigalith|Gigalith, M|76/100
|-damage|p2a: Gigalith|63/100|[from] Stealth Rock
|move|p1a: Weezing|Toxic Spikes|p2a: Gigalith
|-sidestart|p2: Carmin|move: Toxic Spikes
|
|-heal|p1a: Weezing|98/100|[from] item: Black Sludge
|-heal|p2a: Gigalith|69/100|[from] item: Leftovers
|upkeep
|turn|38
|j| PixelMaster98146
|
|t:|1660658520
|move|p1a: Weezing|Toxic Spikes|p2a: Gigalith
|-sidestart|p2: Carmin|move: Toxic Spikes
|move|p2a: Gigalith|Stealth Rock|p1a: Weezing
|-sidestart|p1: Haffling|move: Stealth Rock
|
|-heal|p1a: Weezing|100/100|[from] item: Black Sludge
|-heal|p2a: Gigalith|76/100|[from] item: Leftovers
|upkeep
|turn|39
|
|t:|1660658528
|-end|p1a: Weezing|ability: Neutralizing Gas
|-weather|Sandstorm|[from] ability: Sand Stream|[of] p2a: Gigalith
|switch|p1a: Scrafty|Scrafty, M|100/100
|-damage|p1a: Scrafty|95/100|[from] Stealth Rock
|move|p2a: Gigalith|Rock Blast|p1a: Scrafty
|-resisted|p1a: Scrafty
|-damage|p1a: Scrafty|89/100
|-resisted|p1a: Scrafty
|-damage|p1a: Scrafty|84/100
|-resisted|p1a: Scrafty
|-damage|p1a: Scrafty|78/100
|-resisted|p1a: Scrafty
|-damage|p1a: Scrafty|73/100
|-resisted|p1a: Scrafty
|-damage|p1a: Scrafty|68/100
|-hitcount|p1a: Scrafty|5
|
|-weather|Sandstorm|[upkeep]
|-damage|p1a: Scrafty|62/100|[from] Sandstorm
|-heal|p1a: Scrafty|68/100|[from] item: Leftovers
|-heal|p2a: Gigalith|82/100|[from] item: Leftovers
|upkeep
|turn|40
|l| PixelMaster98146
|
|t:|1660658537
|switch|p2a: Comfey|Comfey, M|9/100
|-damage|p2a: Comfey|0 fnt|[from] Stealth Rock
|faint|p2a: Comfey
|move|p1a: Scrafty|Knock Off|p2: Comfey|[notarget]
|-fail|p1a: Scrafty
|
|-weather|Sandstorm|[upkeep]
|-damage|p1a: Scrafty|62/100|[from] Sandstorm
|-heal|p1a: Scrafty|68/100|[from] item: Leftovers
|upkeep
|
|t:|1660658540
|switch|p2a: Gallade|Gallade, M|84/100
|-damage|p2a: Gallade|78/100|[from] Stealth Rock
|-status|p2a: Gallade|tox
|turn|41
|
|t:|1660658547
|switch|p1a: Weezing|Weezing, F|100/100
|-ability|p1a: Weezing|Neutralizing Gas
|-damage|p1a: Weezing|88/100|[from] Stealth Rock
|move|p2a: Gallade|Zen Headbutt|p1a: Weezing
|-supereffective|p1a: Weezing
|-damage|p1a: Weezing|24/100
|
|-weather|Sandstorm|[upkeep]
|-damage|p2a: Gallade|72/100 tox|[from] Sandstorm
|-damage|p1a: Weezing|18/100|[from] Sandstorm
|-heal|p1a: Weezing|24/100|[from] item: Black Sludge
|-damage|p2a: Gallade|65/100 tox|[from] psn
|upkeep
|turn|42
|
|t:|1660658555
|switch|p2a: Gigalith|Gigalith, M|82/100
|-damage|p2a: Gigalith|69/100|[from] Stealth Rock
|-status|p2a: Gigalith|tox
|move|p1a: Weezing|Pain Split|p2a: Gigalith
|-sethp|p2a: Gigalith|45/100 tox|[from] move: Pain Split|[silent]
|-sethp|p1a: Weezing|50/100|[from] move: Pain Split
|
|-weather|Sandstorm|[upkeep]
|-damage|p1a: Weezing|45/100|[from] Sandstorm
|-heal|p1a: Weezing|50/100|[from] item: Black Sludge
|-heal|p2a: Gigalith|51/100 tox|[from] item: Leftovers
|-damage|p2a: Gigalith|45/100 tox|[from] psn
|upkeep
|turn|43
|
|t:|1660658566
|-end|p1a: Weezing|ability: Neutralizing Gas
|switch|p1a: Eldegoss|Eldegoss, M|100/100 tox
|-damage|p1a: Eldegoss|88/100 tox|[from] Stealth Rock
|switch|p2a: Gallade|Gallade, M|65/100 tox
|-damage|p2a: Gallade|59/100 tox|[from] Stealth Rock
|
|-weather|none
|-damage|p2a: Gallade|53/100 tox|[from] psn
|-damage|p1a: Eldegoss|82/100 tox|[from] psn
|upkeep
|turn|44
|
|t:|1660658572
|move|p2a: Gallade|Close Combat|p1a: Eldegoss
|-damage|p1a: Eldegoss|28/100 tox
|-unboost|p2a: Gallade|def|1
|-unboost|p2a: Gallade|spd|1
|move|p1a: Eldegoss|Rapid Spin|p2a: Gallade
|-damage|p2a: Gallade|38/100 tox
|-boost|p1a: Eldegoss|spe|1
|-sideend|p1: Haffling|Stealth Rock|[from] move: Rapid Spin|[of] p1a: Eldegoss
|
|-damage|p2a: Gallade|26/100 tox|[from] psn
|-damage|p1a: Eldegoss|16/100 tox|[from] psn
|upkeep
|turn|45
|
|t:|1660658579
|switch|p1a: Weezing|Weezing, F|50/100
|-ability|p1a: Weezing|Neutralizing Gas
|move|p2a: Gallade|Close Combat|p1a: Weezing
|-resisted|p1a: Weezing
|-damage|p1a: Weezing|29/100
|-unboost|p2a: Gallade|def|1
|-unboost|p2a: Gallade|spd|1
|
|-heal|p1a: Weezing|35/100|[from] item: Black Sludge
|-damage|p2a: Gallade|7/100 tox|[from] psn
|upkeep
|turn|46
|
|t:|1660658590
|switch|p2a: Gigalith|Gigalith, M|45/100 tox
|-damage|p2a: Gigalith|33/100 tox|[from] Stealth Rock
|move|p1a: Weezing|Sludge Bomb|p2a: Gigalith
|-resisted|p2a: Gigalith
|-damage|p2a: Gigalith|23/100 tox
|
|-heal|p1a: Weezing|41/100|[from] item: Black Sludge
|-heal|p2a: Gigalith|30/100 tox|[from] item: Leftovers
|-damage|p2a: Gigalith|23/100 tox|[from] psn
|upkeep
|turn|47
|
|t:|1660658595
|move|p1a: Weezing|Sludge Bomb|p2a: Gigalith
|-resisted|p2a: Gigalith
|-damage|p2a: Gigalith|14/100 tox
|move|p2a: Gigalith|Stealth Rock|p1a: Weezing
|-sidestart|p1: Haffling|move: Stealth Rock
|
|-heal|p1a: Weezing|47/100|[from] item: Black Sludge
|-heal|p2a: Gigalith|20/100 tox|[from] item: Leftovers
|-damage|p2a: Gigalith|8/100 tox|[from] psn
|upkeep
|turn|48
|
|t:|1660658606
|move|p1a: Weezing|Sludge Bomb|p2a: Gigalith
|-resisted|p2a: Gigalith
|-damage|p2a: Gigalith|0 fnt
|faint|p2a: Gigalith
|
|-heal|p1a: Weezing|53/100|[from] item: Black Sludge
|upkeep
|c|☆Carmin|if i didnt miss this fblast
|c|☆Carmin|you would have lost so hard
|
|t:|1660658614
|switch|p2a: Magmortar|Magmortar, M|22/100
|turn|49
|c|☆Haffling|yea
|c|☆Haffling|but you landed them all the other times we played
|c|☆Haffling|so shrug
|j| DogsAreMeowing
|
|t:|1660658641
|-end|p1a: Weezing|ability: Neutralizing Gas
|switch|p1a: Eldegoss|Eldegoss, M|49/100 tox
|-damage|p1a: Eldegoss|37/100 tox|[from] Stealth Rock
|move|p2a: Magmortar|Fire Blast|p1a: Eldegoss
|-supereffective|p1a: Eldegoss
|-damage|p1a: Eldegoss|0 fnt
|faint|p1a: Eldegoss
|
|upkeep
|c|☆Carmin|i hit my move so i hax
|c|☆Carmin|heh
|
|t:|1660658648
|switch|p1a: Gigalith|Gigalith, F|92/100
|-damage|p1a: Gigalith|79/100|[from] Stealth Rock
|-weather|Sandstorm|[from] ability: Sand Stream|[of] p1a: Gigalith
|turn|50
|c|☆Haffling|i meanyea
|inactive|Haffling has 120 seconds left.
|c|☆Haffling|the move is meant to have a down side
|
|t:|1660658667
|move|p2a: Magmortar|Focus Blast|p1a: Gigalith
|-supereffective|p1a: Gigalith
|-damage|p1a: Gigalith|37/100
|-unboost|p1a: Gigalith|spd|1
|move|p1a: Gigalith|Earthquake|p2a: Magmortar
|-supereffective|p2a: Magmortar
|-damage|p2a: Magmortar|0 fnt
|faint|p2a: Magmortar
|
|-weather|Sandstorm|[upkeep]
|-heal|p1a: Gigalith|43/100|[from] item: Leftovers
|upkeep
|
|t:|1660658670
|switch|p2a: Gallade|Gallade, M|7/100 tox
|-damage|p2a: Gallade|1/100 tox|[from] Stealth Rock
|turn|51
|
|t:|1660658673
|move|p1a: Gigalith|Protect|p1a: Gigalith
|-singleturn|p1a: Gigalith|Protect
|move|p2a: Gallade|Close Combat|p1a: Gigalith
|-activate|p1a: Gigalith|move: Protect
|
|-weather|Sandstorm|[upkeep]
|-damage|p2a: Gallade|0 fnt|[from] Sandstorm
|faint|p2a: Gallade
|
|win|Haffling
|upkeep
|n|☆Haffling|haffling
|n|☆Carmin|carmin
|n|*Lady Monita|ladymonita
|n| DogsAreMeowing|dogsaremeowing
|l|*Lady Monita
|c|☆Haffling|gg
|c|☆Carmin|the only down side there is is your brain
|c|☆Carmin|gg
|l|☆Carmin
|l| DogsAreMeowing
|c|☆Haffling|lol
