|j|☆Dr. Pronoun
|j|☆Notmlg
|t:|1597443825
|player|p1|Dr. Pronoun|scientist-gen4dp|1408
|player|p2|Notmlg|176|1479
|teamsize|p1|6
|teamsize|p2|6
|gametype|singles
|gen|8
|tier|[Gen 8] PU
|rated|
|clearpoke
|poke|p1|Greedent, M|
|poke|p1|Vespiquen, F|
|poke|p1|Dusknoir, F|
|poke|p1|Stunfisk, F|
|poke|p1|Manectric, F|
|poke|p1|Lapras, F|
|poke|p2|Lapras, M|
|poke|p2|Sandslash, F|
|poke|p2|Morpeko, F|
|poke|p2|Dubwool, F|
|poke|p2|Appletun, F|
|poke|p2|Lilligant, F|
|rule|Sleep Clause Mod: Limit one foe put to sleep
|rule|Species Clause: Limit one of each Pokémon
|rule|OHKO Clause: OHKO moves are banned
|rule|Evasion Moves Clause: Evasion moves are banned
|rule|Endless Battle Clause: Forcing endless battles is banned
|rule|HP Percentage Mod: HP is shown in percentages
|rule|Dynamax Clause: You cannot dynamax
|teampreview
|inactive|Battle timer is ON: inactive players will automatically lose when time's up. (requested by Notmlg)
|c|☆Notmlg|gl hf
|c|☆Dr. Pronoun|hf
|inactive|Dr. Pronoun has 120 seconds left.
|
|t:|1597443861
|start
|switch|p1a: Lapras|Lapras, F|100/100
|switch|p2a: Lapras|Lapras, M|100/100
|turn|1
|j| mr.reno
|
|t:|1597443879
|move|p1a: Lapras|Freeze-Dry|p2a: Lapras
|-damage|p2a: Lapras|77/100
|move|p2a: Lapras|Freeze-Dry|p1a: Lapras
|-damage|p1a: Lapras|67/100
|
|upkeep
|turn|2
|l| mr.reno
|
|t:|1597443895
|switch|p1a: Dusknoir|Dusknoir, F|100/100
|-item|p2a: Lapras|Choice Specs|[from] ability: Frisk|[of] p1a: Dusknoir|[identify]
|move|p2a: Lapras|Freeze-Dry|p1a: Dusknoir
|-damage|p1a: Dusknoir|61/100
|
|-heal|p1a: Dusknoir|68/100|[from] item: Leftovers
|upkeep
|turn|3
|
|t:|1597443900
|switch|p2a: Sandslash|Sandslash, F|100/100
|move|p1a: Dusknoir|Poltergeist|p2a: Sandslash
|-activate|p2a: Sandslash|move: Poltergeist|Rocky Helmet
|-damage|p2a: Sandslash|61/100
|
|-heal|p1a: Dusknoir|74/100|[from] item: Leftovers
|upkeep
|turn|4
|
|t:|1597443906
|switch|p1a: Lapras|Lapras, F|67/100
|move|p2a: Sandslash|Knock Off|p1a: Lapras
|-damage|p1a: Lapras|43/100
|-enditem|p1a: Lapras|Heavy-Duty Boots|[from] move: Knock Off|[of] p2a: Sandslash
|
|upkeep
|turn|5
|
|t:|1597443915
|switch|p2a: Lapras|Lapras, M|77/100
|move|p1a: Lapras|Freeze-Dry|p2a: Lapras
|-damage|p2a: Lapras|54/100
|
|upkeep
|turn|6
|
|t:|1597443919
|move|p1a: Lapras|Freeze-Dry|p2a: Lapras
|-damage|p2a: Lapras|30/100
|move|p2a: Lapras|Freeze-Dry|p1a: Lapras
|-damage|p1a: Lapras|9/100
|
|upkeep
|turn|7
|
|t:|1597443923
|move|p1a: Lapras|Freeze-Dry|p2a: Lapras
|-damage|p2a: Lapras|8/100
|move|p2a: Lapras|Freeze-Dry|p1a: Lapras
|-damage|p1a: Lapras|0 fnt
|faint|p1a: Lapras
|
|upkeep
|
|t:|1597443928
|switch|p1a: Dusknoir|Dusknoir, F|74/100
|-item|p2a: Lapras|Choice Specs|[from] ability: Frisk|[of] p1a: Dusknoir|[identify]
|turn|8
|
|t:|1597443937
|move|p1a: Dusknoir|Shadow Sneak|p2a: Lapras
|-damage|p2a: Lapras|0 fnt
|faint|p2a: Lapras
|
|-heal|p1a: Dusknoir|80/100|[from] item: Leftovers
|upkeep
|
|t:|1597443939
|switch|p2a: Sandslash|Sandslash, F|61/100
|turn|9
|
|t:|1597443946
|switch|p1a: Stunfisk|Stunfisk, F|100/100
|move|p2a: Sandslash|Stealth Rock|p1a: Stunfisk
|-sidestart|p1: Dr. Pronoun|move: Stealth Rock
|
|upkeep
|turn|10
|
|t:|1597443950
|move|p2a: Sandslash|Earthquake|p1a: Stunfisk
|-supereffective|p1a: Stunfisk
|-damage|p1a: Stunfisk|45/100
|move|p1a: Stunfisk|Toxic|p2a: Sandslash
|-status|p2a: Sandslash|tox
|
|-damage|p2a: Sandslash|55/100 tox|[from] psn
|upkeep
|turn|11
|
|t:|1597443966
|switch|p1a: Vespiquen|Vespiquen, F|100/100
|-ability|p1a: Vespiquen|Unnerve|p2: Notmlg
|move|p2a: Sandslash|Knock Off|p1a: Vespiquen
|-damage|p1a: Vespiquen|75/100
|-enditem|p1a: Vespiquen|Heavy-Duty Boots|[from] move: Knock Off|[of] p2a: Sandslash
|
|-damage|p2a: Sandslash|42/100 tox|[from] psn
|upkeep
|turn|12
|
|t:|1597443973
|switch|p2a: Morpeko|Morpeko, F|100/100
|move|p1a: Vespiquen|Defog|p2a: Morpeko
|-unboost|p2a: Morpeko|evasion|1
|-sideend|p1: Dr. Pronoun|Stealth Rock|[from] move: Defog|[of] p1a: Vespiquen
|
|-formechange|p2a: Morpeko|Morpeko-Hangry||[from] ability: Hunger Switch
|upkeep
|turn|13
|
|t:|1597443976
|switch|p1a: Stunfisk|Stunfisk, F|45/100
|move|p2a: Morpeko|Aura Wheel|p1a: Stunfisk
|-damage|p1a: Stunfisk|7/100
|-boost|p2a: Morpeko|spe|1
|-damage|p2a: Morpeko|91/100|[from] item: Life Orb
|
|-formechange|p2a: Morpeko|Morpeko||[from] ability: Hunger Switch
|upkeep
|turn|14
|j| Santa Justice
|
|t:|1597443982
|move|p2a: Morpeko|Protect|p2a: Morpeko
|-singleturn|p2a: Morpeko|Protect
|move|p1a: Stunfisk|Stealth Rock|p2a: Morpeko
|-sidestart|p2: Notmlg|move: Stealth Rock
|
|-formechange|p2a: Morpeko|Morpeko-Hangry||[from] ability: Hunger Switch
|upkeep
|turn|15
|
|t:|1597443986
|move|p2a: Morpeko|Aura Wheel|p1a: Stunfisk
|-damage|p1a: Stunfisk|0 fnt
|-boost|p2a: Morpeko|spe|1
|-damage|p2a: Morpeko|81/100|[from] item: Life Orb
|faint|p1a: Stunfisk
|
|-formechange|p2a: Morpeko|Morpeko||[from] ability: Hunger Switch
|upkeep
|
|t:|1597443990
|switch|p1a: Greedent|Greedent, M|100/100
|turn|16
|
|t:|1597443995
|move|p2a: Morpeko|Rapid Spin|p1a: Greedent
|-damage|p1a: Greedent|85/100
|-boost|p2a: Morpeko|spe|1
|-sideend|p2: Notmlg|Stealth Rock|[from] move: Rapid Spin|[of] p2a: Morpeko
|-damage|p2a: Morpeko|71/100|[from] item: Life Orb
|move|p1a: Greedent|Earthquake|p2a: Morpeko
|-supereffective|p2a: Morpeko
|-damage|p2a: Morpeko|0 fnt
|faint|p2a: Morpeko
|
|upkeep
|
|t:|1597443998
|switch|p2a: Sandslash|Sandslash, F|42/100 tox
|turn|17
|
|t:|1597444001
|switch|p1a: Vespiquen|Vespiquen, F|75/100
|-ability|p1a: Vespiquen|Unnerve|p2: Notmlg
|move|p2a: Sandslash|Stealth Rock|p1a: Vespiquen
|-sidestart|p1: Dr. Pronoun|move: Stealth Rock
|
|-damage|p2a: Sandslash|36/100 tox|[from] psn
|upkeep
|turn|18
|
|t:|1597444011
|switch|p2a: Lilligant|Lilligant, F|100/100
|move|p1a: Vespiquen|Defog|p2a: Lilligant
|-unboost|p2a: Lilligant|evasion|1
|-sideend|p1: Dr. Pronoun|Stealth Rock|[from] move: Defog|[of] p1a: Vespiquen
|
|upkeep
|turn|19
|
|t:|1597444017
|switch|p1a: Greedent|Greedent, M|85/100
|move|p2a: Lilligant|Sleep Powder|p1a: Greedent
|-status|p1a: Greedent|slp|[from] move: Sleep Powder
|
|upkeep
|turn|20
|
|t:|1597444020
|switch|p1a: Vespiquen|Vespiquen, F|75/100
|-ability|p1a: Vespiquen|Unnerve|p2: Notmlg
|move|p2a: Lilligant|Quiver Dance|p2a: Lilligant
|-boost|p2a: Lilligant|spa|1
|-boost|p2a: Lilligant|spd|1
|-boost|p2a: Lilligant|spe|1
|
|upkeep
|turn|21
|
|t:|1597444024
|move|p2a: Lilligant|Giga Drain|p1a: Vespiquen
|-resisted|p1a: Vespiquen
|-damage|p1a: Vespiquen|63/100
|-damage|p2a: Lilligant|91/100|[from] item: Life Orb
|move|p1a: Vespiquen|U-turn|p2a: Lilligant
|-supereffective|p2a: Lilligant
|-damage|p2a: Lilligant|26/100
|
|t:|1597444027
|switch|p1a: Dusknoir|Dusknoir, F|80/100|[from]move: U-turn
|-item|p2a: Lilligant|Life Orb|[from] ability: Frisk|[of] p1a: Dusknoir|[identify]
|
|-heal|p1a: Dusknoir|86/100|[from] item: Leftovers
|upkeep
|turn|22
|
|t:|1597444030
|switch|p1a: Vespiquen|Vespiquen, F|63/100
|-ability|p1a: Vespiquen|Unnerve|p2: Notmlg
|move|p2a: Lilligant|Giga Drain|p1a: Vespiquen
|-resisted|p1a: Vespiquen
|-damage|p1a: Vespiquen|51/100
|-heal|p2a: Lilligant|33/100|[from] drain|[of] p1a: Vespiquen
|-damage|p2a: Lilligant|23/100|[from] item: Life Orb
|
|upkeep
|turn|23
|
|t:|1597444033
|move|p2a: Lilligant|Giga Drain|p1a: Vespiquen
|-resisted|p1a: Vespiquen
|-damage|p1a: Vespiquen|39/100
|-heal|p2a: Lilligant|30/100|[from] drain|[of] p1a: Vespiquen
|-damage|p2a: Lilligant|20/100|[from] item: Life Orb
|move|p1a: Vespiquen|Roost|p1a: Vespiquen
|-heal|p1a: Vespiquen|89/100
|-singleturn|p1a: Vespiquen|move: Roost
|
|upkeep
|turn|24
|
|t:|1597444037
|move|p2a: Lilligant|Giga Drain|p1a: Vespiquen
|-resisted|p1a: Vespiquen
|-damage|p1a: Vespiquen|76/100
|-heal|p2a: Lilligant|28/100|[from] drain|[of] p1a: Vespiquen
|-damage|p2a: Lilligant|18/100|[from] item: Life Orb
|move|p1a: Vespiquen|Toxic Spikes|p2a: Lilligant
|-sidestart|p2: Notmlg|move: Toxic Spikes
|
|upkeep
|turn|25
|
|t:|1597444041
|move|p2a: Lilligant|Giga Drain|p1a: Vespiquen
|-resisted|p1a: Vespiquen
|-damage|p1a: Vespiquen|65/100
|-heal|p2a: Lilligant|25/100|[from] drain|[of] p1a: Vespiquen
|-damage|p2a: Lilligant|15/100|[from] item: Life Orb
|move|p1a: Vespiquen|Toxic Spikes|p2a: Lilligant
|-sidestart|p2: Notmlg|move: Toxic Spikes
|
|upkeep
|turn|26
|
|t:|1597444044
|move|p2a: Lilligant|Giga Drain|p1a: Vespiquen
|-resisted|p1a: Vespiquen
|-damage|p1a: Vespiquen|53/100
|-heal|p2a: Lilligant|23/100|[from] drain|[of] p1a: Vespiquen
|-damage|p2a: Lilligant|13/100|[from] item: Life Orb
|move|p1a: Vespiquen|Roost|p1a: Vespiquen
|-heal|p1a: Vespiquen|100/100
|-singleturn|p1a: Vespiquen|move: Roost
|
|upkeep
|turn|27
|
|t:|1597444053
|move|p2a: Lilligant|Pollen Puff|p1a: Vespiquen
|-resisted|p1a: Vespiquen
|-damage|p1a: Vespiquen|83/100
|-damage|p2a: Lilligant|3/100|[from] item: Life Orb
|move|p1a: Vespiquen|U-turn|p2a: Lilligant
|-supereffective|p2a: Lilligant
|-damage|p2a: Lilligant|0 fnt
|faint|p2a: Lilligant
|
|t:|1597444061
|switch|p1a: Dusknoir|Dusknoir, F|86/100|[from]move: U-turn
|
|-heal|p1a: Dusknoir|92/100|[from] item: Leftovers
|upkeep
|
|t:|1597444065
|switch|p2a: Sandslash|Sandslash, F|36/100 tox
|turn|28
|
|t:|1597444075
|move|p2a: Sandslash|Knock Off|p1a: Dusknoir
|-supereffective|p1a: Dusknoir
|-crit|p1a: Dusknoir
|-damage|p1a: Dusknoir|18/100
|-enditem|p1a: Dusknoir|Leftovers|[from] move: Knock Off|[of] p2a: Sandslash
|move|p1a: Dusknoir|Poltergeist|p2a: Sandslash
|-activate|p2a: Sandslash|move: Poltergeist|Rocky Helmet
|-damage|p2a: Sandslash|0 fnt
|faint|p2a: Sandslash
|
|upkeep
|
|t:|1597444082
|switch|p2a: Appletun|Appletun, F|100/100
|-status|p2a: Appletun|tox
|turn|29
|
|t:|1597444085
|switch|p1a: Vespiquen|Vespiquen, F|83/100
|-ability|p1a: Vespiquen|Unnerve|p2: Notmlg
|move|p2a: Appletun|Dragon Pulse|p1a: Vespiquen
|-damage|p1a: Vespiquen|63/100
|
|-damage|p2a: Appletun|94/100 tox|[from] psn
|upkeep
|turn|30
|
|t:|1597444088
|move|p1a: Vespiquen|Roost|p1a: Vespiquen
|-heal|p1a: Vespiquen|100/100
|-singleturn|p1a: Vespiquen|move: Roost
|move|p2a: Appletun|Dragon Pulse|p1a: Vespiquen
|-damage|p1a: Vespiquen|81/100
|
|-heal|p2a: Appletun|100/100 tox|[from] item: Leftovers
|-damage|p2a: Appletun|88/100 tox|[from] psn
|upkeep
|turn|31
|-message|Notmlg forfeited.
|
|win|Dr. Pronoun
|l|☆Notmlg
|raw|Dr. Pronoun's rating: 1408 &rarr; <strong>1431</strong><br />(+23 for winning)
|raw|Notmlg's rating: 1460 &rarr; <strong>1437</strong><br />(-23 for losing)
