|j|☆Jewced test
|j|☆acluh1
|t:|1659038125
|gametype|singles
|player|p1|Jewced test|skyla|
|player|p2|acluh1|karen|
|teamsize|p1|6
|teamsize|p2|6
|gen|8
|tier|[Gen 8] PU
|rated|Tournament battle
|rule|Sleep Clause Mod: Limit one foe put to sleep
|rule|Species Clause: Limit one of each Pokémon
|rule|OHKO Clause: OHKO moves are banned
|rule|Evasion Moves Clause: Evasion moves are banned
|rule|Endless Battle Clause: Forcing endless battles is banned
|rule|HP Percentage Mod: HP is shown in percentages
|rule|Dynamax Clause: You cannot dynamax
|clearpoke
|poke|p1|Thwackey, F|
|poke|p1|Hitmonlee, M|
|poke|p1|Gigalith, F|
|poke|p1|Sandslash, F|
|poke|p1|Magmortar, M|
|poke|p1|Shiinotic, F|
|poke|p2|Charizard, M|
|poke|p2|Gigalith, M|
|poke|p2|Doublade, M|
|poke|p2|Jellicent, F|
|poke|p2|Ribombee, M|
|poke|p2|Scrafty, M|
|teampreview
|inactive|Battle timer is ON: inactive players will automatically lose when time's up. (requested by acluh1)
|j| suloxiv ✿
|
|t:|1659038139
|start
|switch|p1a: Thwackey|Thwackey, F|100/100
|switch|p2a: Doublade|Doublade, M|100/100
|-fieldstart|move: Grassy Terrain|[from] ability: Grassy Surge|[of] p1a: Thwackey
|turn|1
|
|t:|1659038145
|move|p1a: Thwackey|Knock Off|p2a: Doublade
|-supereffective|p2a: Doublade
|-damage|p2a: Doublade|58/100
|-enditem|p2a: Doublade|Eviolite|[from] move: Knock Off|[of] p1a: Thwackey
|move|p2a: Doublade|Iron Head|p1a: Thwackey
|-damage|p1a: Thwackey|29/100
|
|-heal|p1a: Thwackey|35/100|[from] Grassy Terrain
|-heal|p2a: Doublade|64/100|[from] Grassy Terrain
|upkeep
|turn|2
|
|t:|1659038155
|switch|p1a: Magmortar|Magmortar, M|100/100
|move|p2a: Doublade|Shadow Sneak|p1a: Magmortar
|-damage|p1a: Magmortar|65/100
|
|-heal|p1a: Magmortar|72/100|[from] Grassy Terrain
|-heal|p2a: Doublade|70/100|[from] Grassy Terrain
|upkeep
|turn|3
|
|t:|1659038161
|switch|p2a: Gigalith|Gigalith, M, shiny|100/100
|-weather|Sandstorm|[from] ability: Sand Stream|[of] p2a: Gigalith
|move|p1a: Magmortar|Thunderbolt|p2a: Gigalith
|-damage|p2a: Gigalith|83/100
|
|-weather|Sandstorm|[upkeep]
|-damage|p1a: Magmortar|65/100|[from] Sandstorm
|-heal|p1a: Magmortar|72/100|[from] Grassy Terrain
|-heal|p2a: Gigalith|89/100|[from] Grassy Terrain
|-heal|p2a: Gigalith|95/100|[from] item: Leftovers
|upkeep
|turn|4
|
|t:|1659038173
|switch|p1a: Shiinotic|Shiinotic, F|100/100
|move|p2a: Gigalith|Rock Blast|p1a: Shiinotic
|-damage|p1a: Shiinotic|90/100
|-damage|p1a: Shiinotic|80/100
|-hitcount|p1a: Shiinotic|2
|
|-weather|Sandstorm|[upkeep]
|-damage|p1a: Shiinotic|74/100|[from] Sandstorm
|-heal|p1a: Shiinotic|80/100|[from] Grassy Terrain
|-heal|p2a: Gigalith|100/100|[from] Grassy Terrain
|upkeep
|turn|5
|
|t:|1659038176
|move|p2a: Gigalith|Protect|p2a: Gigalith
|-singleturn|p2a: Gigalith|Protect
|move|p1a: Shiinotic|Spore|p2a: Gigalith
|-activate|p2a: Gigalith|move: Protect
|
|-weather|Sandstorm|[upkeep]
|-damage|p1a: Shiinotic|74/100|[from] Sandstorm
|-heal|p1a: Shiinotic|80/100|[from] Grassy Terrain
|-fieldend|move: Grassy Terrain
|upkeep
|turn|6
|j| BaestRim
|l| BaestRim
|j| BaestRim
|l| BaestRim
|
|t:|1659038205
|switch|p2a: Scrafty|Scrafty, M|100/100
|move|p1a: Shiinotic|Spore|p2a: Scrafty
|-status|p2a: Scrafty|slp|[from] move: Spore
|
|-weather|Sandstorm|[upkeep]
|-damage|p2a: Scrafty|95/100 slp|[from] Sandstorm
|-damage|p1a: Shiinotic|74/100|[from] Sandstorm
|upkeep
|turn|7
|
|t:|1659038209
|switch|p2a: Ribombee|Ribombee, M, shiny|100/100
|move|p1a: Shiinotic|Moonblast|p2a: Ribombee
|-damage|p2a: Ribombee|45/100
|
|-weather|none
|upkeep
|turn|8
|
|t:|1659038213
|move|p2a: Ribombee|Sticky Web|p1a: Shiinotic
|-sidestart|p1: Jewced test|move: Sticky Web
|move|p1a: Shiinotic|Moonblast|p2a: Ribombee
|-damage|p2a: Ribombee|0 fnt
|faint|p2a: Ribombee
|
|upkeep
|
|t:|1659038217
|switch|p2a: Doublade|Doublade, M|70/100
|turn|9
|
|t:|1659038222
|switch|p1a: Sandslash|Sandslash, F|100/100
|move|p2a: Doublade|Iron Head|p1a: Sandslash
|-crit|p1a: Sandslash
|-damage|p1a: Sandslash|29/100
|
|upkeep
|turn|10
|
|t:|1659038236
|switch|p2a: Charizard|Charizard, M, shiny|100/100
|move|p1a: Sandslash|Earthquake|p2a: Charizard
|-immune|p2a: Charizard
|
|upkeep
|turn|11
|
|t:|1659038240
|switch|p1a: Gigalith|Gigalith, F|100/100
|-activate|p1a: Gigalith|move: Sticky Web
|-unboost|p1a: Gigalith|spe|1
|-weather|Sandstorm|[from] ability: Sand Stream|[of] p1a: Gigalith
|move|p2a: Charizard|Flamethrower|p1a: Gigalith
|-resisted|p1a: Gigalith
|-damage|p1a: Gigalith|92/100
|
|-weather|Sandstorm|[upkeep]
|-damage|p2a: Charizard|94/100|[from] Sandstorm
|-heal|p1a: Gigalith|98/100|[from] item: Leftovers
|upkeep
|turn|12
|
|t:|1659038243
|move|p2a: Charizard|Toxic|p1a: Gigalith
|-status|p1a: Gigalith|tox
|move|p1a: Gigalith|Stealth Rock|p2a: Charizard
|-sidestart|p2: acluh1|move: Stealth Rock
|
|-weather|Sandstorm|[upkeep]
|-damage|p2a: Charizard|88/100|[from] Sandstorm
|-heal|p1a: Gigalith|100/100 tox|[from] item: Leftovers
|-damage|p1a: Gigalith|94/100 tox|[from] psn
|upkeep
|turn|13
|
|t:|1659038247
|switch|p2a: Jellicent|Jellicent, F|100/100
|-damage|p2a: Jellicent|88/100|[from] Stealth Rock
|move|p1a: Gigalith|Rock Blast|p2a: Jellicent
|-damage|p2a: Jellicent|79/100
|-damage|p2a: Jellicent|71/100
|-damage|p2a: Jellicent|61/100
|-start|p1a: Gigalith|Disable|Rock Blast|[from] ability: Cursed Body|[of] p2a: Jellicent
|-damage|p2a: Jellicent|53/100
|-damage|p2a: Jellicent|45/100
|-hitcount|p2a: Jellicent|5
|
|-weather|Sandstorm|[upkeep]
|-damage|p2a: Jellicent|39/100|[from] Sandstorm
|-heal|p1a: Gigalith|100/100 tox|[from] item: Leftovers
|-damage|p1a: Gigalith|88/100 tox|[from] psn
|upkeep
|turn|14
|
|t:|1659038259
|switch|p1a: Shiinotic|Shiinotic, F|74/100
|-activate|p1a: Shiinotic|move: Sticky Web
|-unboost|p1a: Shiinotic|spe|1
|move|p2a: Jellicent|Recover|p2a: Jellicent
|-heal|p2a: Jellicent|89/100
|
|-weather|Sandstorm|[upkeep]
|-damage|p2a: Jellicent|82/100|[from] Sandstorm
|-damage|p1a: Shiinotic|67/100|[from] Sandstorm
|upkeep
|turn|15
|
|t:|1659038270
|switch|p2a: Doublade|Doublade, M|70/100
|-damage|p2a: Doublade|64/100|[from] Stealth Rock
|move|p1a: Shiinotic|Strength Sap|p2a: Doublade
|-unboost|p2a: Doublade|atk|1
|-heal|p1a: Shiinotic|100/100
|
|-weather|none
|upkeep
|turn|16
|
|t:|1659038276
|move|p2a: Doublade|Swords Dance|p2a: Doublade
|-boost|p2a: Doublade|atk|2
|move|p1a: Shiinotic|Moonblast|p2a: Doublade
|-resisted|p2a: Doublade
|-damage|p2a: Doublade|39/100
|
|upkeep
|turn|17
|j|+Wildfiree
|
|t:|1659038288
|move|p2a: Doublade|Iron Head|p1a: Shiinotic
|-supereffective|p1a: Shiinotic
|-damage|p1a: Shiinotic|0 fnt
|-damage|p2a: Doublade|22/100|[from] item: Rocky Helmet|[of] p1a: Shiinotic
|faint|p1a: Shiinotic
|
|upkeep
|
|t:|1659038295
|switch|p1a: Magmortar|Magmortar, M|72/100
|-activate|p1a: Magmortar|move: Sticky Web
|-unboost|p1a: Magmortar|spe|1
|turn|18
|
|t:|1659038298
|move|p2a: Doublade|Shadow Sneak|p1a: Magmortar
|-damage|p1a: Magmortar|20/100
|move|p1a: Magmortar|Flame Charge|p2a: Doublade
|-supereffective|p2a: Doublade
|-damage|p2a: Doublade|0 fnt
|-boost|p1a: Magmortar|spe|1
|faint|p2a: Doublade
|
|upkeep
|
|t:|1659038311
|switch|p2a: Charizard|Charizard, M, shiny|88/100
|turn|19
|
|t:|1659038317
|move|p2a: Charizard|Defog|p1a: Magmortar
|-unboost|p1a: Magmortar|evasion|1
|-sideend|p1: Jewced test|Sticky Web|[from] move: Defog|[of] p2a: Charizard
|-sideend|p2: acluh1|Stealth Rock|[from] move: Defog|[of] p2a: Charizard
|move|p1a: Magmortar|Thunderbolt|p2a: Charizard
|-supereffective|p2a: Charizard
|-damage|p2a: Charizard|8/100
|
|upkeep
|turn|20
|
|t:|1659038321
|switch|p2a: Gigalith|Gigalith, M, shiny|100/100
|-weather|Sandstorm|[from] ability: Sand Stream|[of] p2a: Gigalith
|move|p1a: Magmortar|Thunderbolt|p2a: Gigalith
|-damage|p2a: Gigalith|85/100
|
|-weather|Sandstorm|[upkeep]
|-damage|p1a: Magmortar|14/100|[from] Sandstorm
|-heal|p2a: Gigalith|91/100|[from] item: Leftovers
|upkeep
|turn|21
|
|t:|1659038330
|move|p1a: Magmortar|Scorching Sands|p2a: Gigalith
|-supereffective|p2a: Gigalith
|-damage|p2a: Gigalith|60/100
|move|p2a: Gigalith|Rock Blast|p1a: Magmortar
|-supereffective|p1a: Magmortar
|-damage|p1a: Magmortar|0 fnt
|faint|p1a: Magmortar
|-hitcount|p1: Magmortar|1
|
|-weather|Sandstorm|[upkeep]
|-heal|p2a: Gigalith|66/100|[from] item: Leftovers
|upkeep
|
|t:|1659038335
|switch|p1a: Thwackey|Thwackey, F|35/100
|-fieldstart|move: Grassy Terrain|[from] ability: Grassy Surge|[of] p1a: Thwackey
|turn|22
|
|t:|1659038339
|move|p2a: Gigalith|Protect|p2a: Gigalith
|-singleturn|p2a: Gigalith|Protect
|move|p1a: Thwackey|Grassy Glide|p2a: Gigalith
|-activate|p2a: Gigalith|move: Protect
|
|-weather|Sandstorm|[upkeep]
|-damage|p1a: Thwackey|29/100|[from] Sandstorm
|-heal|p1a: Thwackey|35/100|[from] Grassy Terrain
|-heal|p2a: Gigalith|73/100|[from] Grassy Terrain
|-heal|p2a: Gigalith|79/100|[from] item: Leftovers
|upkeep
|turn|23
|
|t:|1659038362
|switch|p2a: Charizard|Charizard, M, shiny|8/100
|move|p1a: Thwackey|Grassy Glide|p2a: Charizard
|-resisted|p2a: Charizard
|-damage|p2a: Charizard|0 fnt
|faint|p2a: Charizard
|
|-weather|Sandstorm|[upkeep]
|-damage|p1a: Thwackey|29/100|[from] Sandstorm
|-heal|p1a: Thwackey|35/100|[from] Grassy Terrain
|upkeep
|
|t:|1659038364
|switch|p2a: Scrafty|Scrafty, M|95/100 slp
|turn|24
|
|t:|1659038383
|move|p1a: Thwackey|Grassy Glide|p2a: Scrafty
|-crit|p2a: Scrafty
|-damage|p2a: Scrafty|0 fnt
|faint|p2a: Scrafty
|
|-weather|none
|-heal|p1a: Thwackey|41/100|[from] Grassy Terrain
|upkeep
|
|t:|1659038392
|switch|p2a: Gigalith|Gigalith, M, shiny|79/100
|-weather|Sandstorm|[from] ability: Sand Stream|[of] p2a: Gigalith
|turn|25
|
|t:|1659038400
|switch|p1a: Sandslash|Sandslash, F|29/100
|move|p2a: Gigalith|Protect||[still]
|-fail|p2a: Gigalith
|
|-weather|Sandstorm|[upkeep]
|-heal|p1a: Sandslash|35/100|[from] Grassy Terrain
|-heal|p2a: Gigalith|85/100|[from] Grassy Terrain
|-heal|p2a: Gigalith|91/100|[from] item: Leftovers
|upkeep
|turn|26
|
|t:|1659038404
|move|p2a: Gigalith|Protect|p2a: Gigalith
|-singleturn|p2a: Gigalith|Protect
|move|p1a: Sandslash|Knock Off|p2a: Gigalith
|-activate|p2a: Gigalith|move: Protect
|
|-weather|Sandstorm|[upkeep]
|-heal|p1a: Sandslash|41/100|[from] Grassy Terrain
|-heal|p2a: Gigalith|97/100|[from] Grassy Terrain
|-heal|p2a: Gigalith|100/100|[from] item: Leftovers
|-fieldend|move: Grassy Terrain
|upkeep
|turn|27
|
|t:|1659038409
|switch|p2a: Jellicent|Jellicent, F|82/100
|move|p1a: Sandslash|Knock Off|p2a: Jellicent
|-supereffective|p2a: Jellicent
|-enditem|p2a: Jellicent|Colbur Berry|[eat]
|-enditem|p2a: Jellicent|Colbur Berry|[weaken]
|-damage|p2a: Jellicent|56/100
|
|-weather|Sandstorm|[upkeep]
|-damage|p2a: Jellicent|50/100|[from] Sandstorm
|upkeep
|turn|28
|
|t:|1659038414
|move|p1a: Sandslash|Earthquake|p2a: Jellicent
|-damage|p2a: Jellicent|14/100
|move|p2a: Jellicent|Will-O-Wisp|p1a: Sandslash
|-status|p1a: Sandslash|brn
|
|-weather|Sandstorm|[upkeep]
|-damage|p2a: Jellicent|8/100|[from] Sandstorm
|-damage|p1a: Sandslash|35/100 brn|[from] brn
|upkeep
|turn|29
|
|t:|1659038417
|move|p1a: Sandslash|Earthquake|p2a: Jellicent
|-damage|p2a: Jellicent|0 fnt
|faint|p2a: Jellicent
|
|-weather|none
|-damage|p1a: Sandslash|29/100 brn|[from] brn
|upkeep
|
|t:|1659038419
|switch|p2a: Gigalith|Gigalith, M, shiny|100/100
|-weather|Sandstorm|[from] ability: Sand Stream|[of] p2a: Gigalith
|turn|30
|
|t:|1659038421
|move|p1a: Sandslash|Earthquake|p2a: Gigalith
|-supereffective|p2a: Gigalith
|-damage|p2a: Gigalith|63/100
|move|p2a: Gigalith|Earthquake|p1a: Sandslash
|-damage|p1a: Sandslash|0 fnt
|faint|p1a: Sandslash
|
|-weather|Sandstorm|[upkeep]
|-heal|p2a: Gigalith|69/100|[from] item: Leftovers
|upkeep
|
|t:|1659038428
|switch|p1a: Thwackey|Thwackey, F|41/100
|-fieldstart|move: Grassy Terrain|[from] ability: Grassy Surge|[of] p1a: Thwackey
|turn|31
|
|t:|1659038430
|move|p1a: Thwackey|Grassy Glide|p2a: Gigalith
|-supereffective|p2a: Gigalith
|-damage|p2a: Gigalith|0 fnt
|faint|p2a: Gigalith
|
|win|Jewced test
|n|☆Jewced test|jewcedtest
|n|☆acluh1|acluh1
|n| suloxiv ✿|suloxiv
|n|+Wildfiree|wildfiree
