|j|☆Stuffanime_12
|j|☆Ruzoc
|t:|1609092800
|player|p1|Stuffanime_12|dawn|1220
|player|p2|Ruzoc|gambler|1347
|teamsize|p1|6
|teamsize|p2|6
|gametype|singles
|gen|8
|tier|[Gen 8] PU
|rated|
|clearpoke
|poke|p1|Liepard, F|
|poke|p1|Ludicolo, M|
|poke|p1|Jolteon, M|
|poke|p1|Carracosta, F|
|poke|p1|Kingdra, F|
|poke|p1|Poliwrath, F|
|poke|p2|Stunfisk-Galar, F|
|poke|p2|Indeedee-F, F|
|poke|p2|Arctovish|
|poke|p2|Flapple, F|
|poke|p2|Sandaconda, F|
|poke|p2|Morpeko, M|
|rule|Sleep Clause Mod: Limit one foe put to sleep
|rule|Species Clause: Limit one of each Pokémon
|rule|OHKO Clause: OHKO moves are banned
|rule|Evasion Moves Clause: Evasion moves are banned
|rule|Endless Battle Clause: Forcing endless battles is banned
|rule|HP Percentage Mod: HP is shown in percentages
|rule|Dynamax Clause: You cannot dynamax
|teampreview
|
|t:|1609092816
|start
|switch|p1a: Liepard|Liepard, F|100/100
|switch|p2a: Morpeko|Morpeko, M|100/100
|turn|1
|
|t:|1609092829
|switch|p1a: Jolteon|Jolteon, M|100/100
|move|p2a: Morpeko|Aura Wheel|p1a: Jolteon
|-immune|p1a: Jolteon|[from] ability: Volt Absorb
|
|-formechange|p2a: Morpeko|Morpeko-Hangry||[from] ability: Hunger Switch
|upkeep
|turn|2
|
|t:|1609092841
|switch|p2a: Stunfisk|Stunfisk-Galar, F|100/100
|move|p1a: Jolteon|Rain Dance|p1a: Jolteon
|-weather|RainDance
|
|-weather|RainDance|[upkeep]
|upkeep
|turn|3
|
|t:|1609092848
|move|p1a: Jolteon|Weather Ball|p2a: Stunfisk
|-supereffective|p2a: Stunfisk
|-damage|p2a: Stunfisk|14/100
|move|p2a: Stunfisk|Yawn|p1a: Jolteon
|-start|p1a: Jolteon|move: Yawn|[of] p2a: Stunfisk
|
|-weather|RainDance|[upkeep]
|-heal|p2a: Stunfisk|20/100|[from] item: Leftovers
|upkeep
|turn|4
|inactive|Battle timer is ON: inactive players will automatically lose when time's up. (requested by Ruzoc)
|
|t:|1609092859
|switch|p1a: Ludicolo|Ludicolo, M|100/100
|move|p2a: Stunfisk|Yawn|p1a: Ludicolo
|-start|p1a: Ludicolo|move: Yawn|[of] p2a: Stunfisk
|
|-weather|RainDance|[upkeep]
|-heal|p2a: Stunfisk|27/100|[from] item: Leftovers
|upkeep
|turn|5
|
|t:|1609092866
|switch|p1a: Liepard|Liepard, F|100/100
|move|p2a: Stunfisk|Yawn|p1a: Liepard
|-start|p1a: Liepard|move: Yawn|[of] p2a: Stunfisk
|
|-weather|RainDance|[upkeep]
|-heal|p2a: Stunfisk|33/100|[from] item: Leftovers
|upkeep
|turn|6
|
|t:|1609092881
|switch|p2a: Arctovish|Arctovish|100/100
|move|p1a: Liepard|U-turn|p2a: Arctovish
|-damage|p2a: Arctovish|79/100
|
|t:|1609092887
|switch|p1a: Poliwrath|Poliwrath, F|100/100|[from]move: U-turn
|
|-weather|none
|upkeep
|turn|7
|
|t:|1609092891
|move|p1a: Poliwrath|Rain Dance|p1a: Poliwrath
|-weather|RainDance
|move|p2a: Arctovish|Psychic Fangs|p1a: Poliwrath
|-supereffective|p1a: Poliwrath
|-damage|p1a: Poliwrath|29/100
|-damage|p2a: Arctovish|69/100|[from] item: Life Orb
|
|-weather|RainDance|[upkeep]
|upkeep
|turn|8
|
|t:|1609092898
|move|p1a: Poliwrath|Close Combat|p2a: Arctovish
|-supereffective|p2a: Arctovish
|-damage|p2a: Arctovish|0 fnt
|-unboost|p1a: Poliwrath|def|1
|-unboost|p1a: Poliwrath|spd|1
|-damage|p1a: Poliwrath|19/100|[from] item: Life Orb
|faint|p2a: Arctovish
|
|-weather|RainDance|[upkeep]
|upkeep
|
|t:|1609092901
|switch|p2a: Morpeko|Morpeko, M|100/100
|turn|9
|
|t:|1609092913
|move|p2a: Morpeko|Fake Out|p1a: Poliwrath
|-damage|p1a: Poliwrath|0 fnt
|faint|p1a: Poliwrath
|
|-weather|RainDance|[upkeep]
|-formechange|p2a: Morpeko|Morpeko-Hangry||[from] ability: Hunger Switch
|upkeep
|
|t:|1609092925
|switch|p1a: Kingdra|Kingdra, F|100/100
|turn|10
|
|t:|1609092938
|move|p1a: Kingdra|Surf|p2a: Morpeko
|-enditem|p2a: Morpeko|Focus Sash
|-damage|p2a: Morpeko|1/100
|move|p2a: Morpeko|Aura Wheel|p1a: Kingdra
|-damage|p1a: Kingdra|38/100
|-boost|p2a: Morpeko|spe|1
|
|-weather|RainDance|[upkeep]
|-formechange|p2a: Morpeko|Morpeko||[from] ability: Hunger Switch
|upkeep
|turn|11
|inactive|Stuffanime_12 has 120 seconds left.
|
|t:|1609092973
|switch|p2a: Stunfisk|Stunfisk-Galar, F|33/100
|move|p1a: Kingdra|Surf|p2a: Stunfisk
|-supereffective|p2a: Stunfisk
|-damage|p2a: Stunfisk|0 fnt
|faint|p2a: Stunfisk
|
|-weather|none
|upkeep
|
|t:|1609092976
|switch|p2a: Morpeko|Morpeko, M|1/100
|turn|12
|
|t:|1609092983
|switch|p1a: Jolteon|Jolteon, M|100/100
|move|p2a: Morpeko|Taunt|p1a: Jolteon
|-start|p1a: Jolteon|move: Taunt
|
|-formechange|p2a: Morpeko|Morpeko-Hangry||[from] ability: Hunger Switch
|upkeep
|turn|13
|j| 3456363633g
|l| 3456363633g
|
|t:|1609092992
|switch|p2a: Sandaconda|Sandaconda, F|100/100
|move|p1a: Jolteon|Weather Ball|p2a: Sandaconda
|-damage|p2a: Sandaconda|77/100
|
|-heal|p2a: Sandaconda|83/100|[from] item: Leftovers
|upkeep
|turn|14
|
|t:|1609092998
|switch|p1a: Liepard|Liepard, F|100/100
|move|p2a: Sandaconda|Coil|p2a: Sandaconda
|-boost|p2a: Sandaconda|atk|1
|-boost|p2a: Sandaconda|def|1
|-boost|p2a: Sandaconda|accuracy|1
|
|-heal|p2a: Sandaconda|89/100|[from] item: Leftovers
|upkeep
|turn|15
|
|t:|1609093013
|move|p1a: Liepard|Copycat|p1a: Liepard
|move|p1a: Liepard|Coil|p1a: Liepard|[from]move: Copycat
|-boost|p1a: Liepard|atk|1
|-boost|p1a: Liepard|def|1
|-boost|p1a: Liepard|accuracy|1
|move|p2a: Sandaconda|Scale Shot|p1a: Liepard
|-damage|p1a: Liepard|86/100
|-damage|p1a: Liepard|72/100
|-damage|p1a: Liepard|58/100
|-hitcount|p1a: Liepard|3
|-unboost|p2a: Sandaconda|def|1
|-boost|p2a: Sandaconda|spe|1
|
|-heal|p2a: Sandaconda|95/100|[from] item: Leftovers
|upkeep
|turn|16
|
|t:|1609093025
|move|p1a: Liepard|Rain Dance|p1a: Liepard
|-weather|RainDance
|move|p2a: Sandaconda|Earthquake|p1a: Liepard
|-damage|p1a: Liepard|0 fnt
|faint|p1a: Liepard
|
|-weather|RainDance|[upkeep]
|-heal|p2a: Sandaconda|100/100|[from] item: Leftovers
|upkeep
|
|t:|1609093031
|switch|p1a: Kingdra|Kingdra, F|38/100
|turn|17
|
|t:|1609093036
|switch|p2a: Flapple|Flapple, F|100/100
|move|p1a: Kingdra|Surf|p2a: Flapple
|-resisted|p2a: Flapple
|-damage|p2a: Flapple|61/100
|
|-weather|RainDance|[upkeep]
|upkeep
|turn|18
|
|t:|1609093045
|switch|p1a: Ludicolo|Ludicolo, M|100/100
|move|p2a: Flapple|Sucker Punch||[still]
|-fail|p2a: Flapple
|
|-weather|RainDance|[upkeep]
|upkeep
|turn|19
|
|t:|1609093052
|move|p1a: Ludicolo|Ice Beam|p2a: Flapple
|-supereffective|p2a: Flapple
|-damage|p2a: Flapple|0 fnt
|-damage|p1a: Ludicolo|91/100|[from] item: Life Orb
|faint|p2a: Flapple
|
|-weather|RainDance|[upkeep]
|upkeep
|
|t:|1609093055
|switch|p2a: Morpeko|Morpeko, M|1/100
|turn|20
|
|t:|1609093062
|move|p2a: Morpeko|Fake Out|p1a: Ludicolo
|-damage|p1a: Ludicolo|72/100
|cant|p1a: Ludicolo|flinch
|
|-weather|RainDance|[upkeep]
|-formechange|p2a: Morpeko|Morpeko-Hangry||[from] ability: Hunger Switch
|upkeep
|turn|21
|
|t:|1609093071
|switch|p2a: Sandaconda|Sandaconda, F|100/100
|move|p1a: Ludicolo|Surf|p2a: Sandaconda
|-supereffective|p2a: Sandaconda
|-damage|p2a: Sandaconda|0 fnt
|-damage|p1a: Ludicolo|62/100|[from] item: Life Orb
|faint|p2a: Sandaconda
|
|-weather|RainDance|[upkeep]
|upkeep
|
|t:|1609093073
|switch|p2a: Indeedee|Indeedee-F, F|100/100
|-fieldstart|move: Psychic Terrain|[from] ability: Psychic Surge|[of] p2a: Indeedee
|turn|22
|
|t:|1609093077
|move|p1a: Ludicolo|Surf|p2a: Indeedee
|-damage|p2a: Indeedee|7/100
|-damage|p1a: Ludicolo|52/100|[from] item: Life Orb
|move|p2a: Indeedee|Expanding Force|p1a: Ludicolo
|-damage|p1a: Ludicolo|0 fnt
|faint|p1a: Ludicolo
|
|-weather|RainDance|[upkeep]
|upkeep
|
|t:|1609093106
|switch|p1a: Jolteon|Jolteon, M|100/100
|turn|23
|
|t:|1609093109
|move|p2a: Indeedee|Expanding Force|p1a: Jolteon
|-damage|p1a: Jolteon|7/100
|move|p1a: Jolteon|Thunder|p2a: Indeedee
|-damage|p2a: Indeedee|0 fnt
|faint|p2a: Indeedee
|
|-weather|none
|upkeep
|
|t:|1609093113
|switch|p2a: Morpeko|Morpeko, M|1/100
|turn|24
|inactiveoff|Battle timer is now OFF.
|inactive|Battle timer is ON: inactive players will automatically lose when time's up. (requested by Stuffanime_12)
|inactive|Ruzoc has 120 seconds left.
|inactive|Ruzoc has 90 seconds left.
|inactive|Ruzoc has 60 seconds left.
|j| 3456363633g
|l| 3456363633g
|inactive|Ruzoc has 30 seconds left.
|inactive|Ruzoc has 20 seconds left.
|inactive|Ruzoc has 15 seconds left.
|inactive|Ruzoc has 10 seconds left.
|inactive|Ruzoc has 5 seconds left.
|-message|Ruzoc lost due to inactivity.
|
|win|Stuffanime_12
