|raw|<div class="broadcast-blue"><strong>This battle is required to be public due to a player having a name starting with 'pult94d'.</div>
|j|☆PULT94D TTyL
|j|☆PULT94D STS
|t:|1628632482
|gametype|singles
|player|p1|PULT94D TTyL|iris-gen5bw2|1362
|player|p2|PULT94D STS|smasher|1381
|teamsize|p1|6
|teamsize|p2|6
|gen|8
|tier|[Gen 8] PU
|rated|
|rule|Sleep Clause Mod: Limit one foe put to sleep
|rule|Species Clause: Limit one of each Pokémon
|rule|OHKO Clause: OHKO moves are banned
|rule|Evasion Moves Clause: Evasion moves are banned
|rule|Endless Battle Clause: Forcing endless battles is banned
|rule|HP Percentage Mod: HP is shown in percentages
|rule|Dynamax Clause: You cannot dynamax
|clearpoke
|poke|p1|Sneasel, F|
|poke|p1|Ribombee, M|
|poke|p1|Rotom|
|poke|p1|Stunfisk-Galar, M|
|poke|p1|Wishiwashi, F|
|poke|p1|Weezing, M|
|poke|p2|Hitmonchan, M|
|poke|p2|Sableye, F|
|poke|p2|Miltank, F|
|poke|p2|Qwilfish, F|
|poke|p2|Togedemaru, F|
|poke|p2|Rotom-Fan|
|teampreview
|j| Amopokemon❤️@!
|j| pult94d Copperius
|c| pult94d Copperius|Amopokemon
|c| pult94d Copperius|quien eres
|c|☆PULT94D TTyL|gl
|j| turtledoggo1
|c| pult94d Copperius|>:D
|c|☆PULT94D TTyL|hey turt
|c|☆PULT94D STS|u2
|c| Amopokemon❤️|Pues Amopokemon, quien mas
|
|t:|1628632509
|start
|switch|p1a: Bite|Rotom|100/100
|switch|p2a: Togedemaru|Togedemaru, F|100/100
|turn|1
|
|t:|1628632516
|move|p2a: Togedemaru|U-turn|p1a: Bite
|-resisted|p1a: Bite
|-damage|p1a: Bite|83/100
|c| turtledoggo1|Lilo playing PU :I
|c| turtledoggo1|Oops
|c| turtledoggo1|:O **
|c|☆PULT94D TTyL|:]
|
|t:|1628632528
|switch|p2a: Miltank|Miltank, F|100/100|[from]move: U-turn
|move|p1a: Bite|Will-O-Wisp|p2a: Miltank
|-status|p2a: Miltank|brn
|
|-damage|p2a: Miltank|94/100 brn|[from] brn
|upkeep
|turn|2
|j| muk but backwards
|c| pult94d Copperius|nonononooooo Amopokemon tu no eres amopoke
|
|t:|1628632535
|move|p1a: Bite|Volt Switch|p2a: Miltank
|-damage|p2a: Miltank|58/100 brn
|c| pult94d Copperius|eres un impostor
|c| Amopokemon❤️|.-.
|c| Amopokemon❤️|Impostor de quien wtf
|
|t:|1628632547
|switch|p1a: Moonlight|Stunfisk-Galar, M|100/100|[from]move: Volt Switch
|move|p2a: Miltank|Stealth Rock|p1a: Moonlight
|-sidestart|p1: PULT94D TTyL|move: Stealth Rock
|
|-damage|p2a: Miltank|52/100 brn|[from] brn
|upkeep
|turn|3
|c| turtledoggo1|How's PU been so far
|
|t:|1628632553
|move|p2a: Miltank|Milk Drink|p2a: Miltank
|-heal|p2a: Miltank|100/100 brn
|move|p1a: Moonlight|Stealth Rock|p2a: Miltank
|-sidestart|p2: PULT94D STS|move: Stealth Rock
|
|-damage|p2a: Miltank|94/100 brn|[from] brn
|upkeep
|turn|4
|j| no+de3xdia
|
|t:|1628632561
|move|p2a: Miltank|Hammer Arm|p1a: Moonlight
|-supereffective|p1a: Moonlight
|-damage|p1a: Moonlight|85/100
|-unboost|p2a: Miltank|spe|1
|-enditem|p2a: Miltank|Eject Pack
|j| Pult94d dani
|
|t:|1628632573
|switch|p2a: Qwilfish|Qwilfish, F|100/100
|-damage|p2a: Qwilfish|88/100|[from] Stealth Rock
|-ability|p2a: Qwilfish|Intimidate|boost
|-unboost|p1a: Moonlight|atk|1
|move|p1a: Moonlight|Earthquake|p2a: Qwilfish
|-supereffective|p2a: Qwilfish
|-damage|p2a: Qwilfish|56/100
|
|-heal|p1a: Moonlight|91/100|[from] item: Leftovers
|upkeep
|turn|5
|c|☆PULT94D TTyL|decently fun
|c|☆PULT94D TTyL|ngl turt
|c| pult94d Copperius|impostor
|
|t:|1628632586
|move|p2a: Qwilfish|Pain Split|p1a: Moonlight
|-sethp|p1a: Moonlight|68/100|[from] move: Pain Split|[silent]
|-sethp|p2a: Qwilfish|86/100|[from] move: Pain Split
|move|p1a: Moonlight|Earthquake|p2a: Qwilfish
|-supereffective|p2a: Qwilfish
|-damage|p2a: Qwilfish|55/100
|
|-heal|p1a: Moonlight|74/100|[from] item: Leftovers
|upkeep
|turn|6
|
|t:|1628632605
|move|p2a: Qwilfish|Liquidation|p1a: Moonlight
|-supereffective|p1a: Moonlight
|-damage|p1a: Moonlight|28/100
|move|p1a: Moonlight|Earthquake|p2a: Qwilfish
|-supereffective|p2a: Qwilfish
|-damage|p2a: Qwilfish|24/100
|
|-heal|p1a: Moonlight|35/100|[from] item: Leftovers
|upkeep
|turn|7
|
|t:|1628632617
|move|p1a: Moonlight|Protect|p1a: Moonlight
|-singleturn|p1a: Moonlight|Protect
|move|p2a: Qwilfish|Liquidation|p1a: Moonlight
|-activate|p1a: Moonlight|move: Protect
|
|-heal|p1a: Moonlight|41/100|[from] item: Leftovers
|upkeep
|turn|8
|
|t:|1628632624
|switch|p1a: Bite|Rotom|83/100
|-damage|p1a: Bite|71/100|[from] Stealth Rock
|move|p2a: Qwilfish|Liquidation|p1a: Bite
|-damage|p1a: Bite|17/100
|
|upkeep
|turn|9
|
|t:|1628632643
|switch|p2a: Togedemaru|Togedemaru, F|100/100
|-damage|p2a: Togedemaru|95/100|[from] Stealth Rock
|move|p1a: Bite|Hex|p2a: Togedemaru
|-damage|p2a: Togedemaru|52/100
|
|upkeep
|turn|10
|
|t:|1628632650
|switch|p1a: Never Fight|Weezing, M|100/100
|-ability|p1a: Never Fight|Neutralizing Gas
|-damage|p1a: Never Fight|88/100|[from] Stealth Rock
|move|p2a: Togedemaru|U-turn|p1a: Never Fight
|-resisted|p1a: Never Fight
|-damage|p1a: Never Fight|82/100
|-damage|p2a: Togedemaru|36/100|[from] item: Rocky Helmet|[of] p1a: Never Fight
|
|t:|1628632656
|switch|p2a: Rotom|Rotom-Fan|100/100|[from]move: U-turn
|
|upkeep
|turn|11
|
|t:|1628632664
|move|p2a: Rotom|Nasty Plot|p2a: Rotom
|-boost|p2a: Rotom|spa|2
|move|p1a: Never Fight|Sludge Bomb|p2a: Rotom
|-damage|p2a: Rotom|67/100
|-status|p2a: Rotom|psn
|
|-damage|p2a: Rotom|54/100 psn|[from] psn
|upkeep
|turn|12
|
|t:|1628632675
|-end|p1a: Never Fight|ability: Neutralizing Gas
|switch|p1a: Bite|Rotom|17/100
|-damage|p1a: Bite|5/100|[from] Stealth Rock
|move|p2a: Rotom|Air Slash|p1a: Bite|[miss]
|-miss|p2a: Rotom|p1a: Bite
|
|-damage|p2a: Rotom|42/100 psn|[from] psn
|upkeep
|turn|13
|
|t:|1628632685
|move|p1a: Bite|Hex|p2a: Rotom
|-damage|p2a: Rotom|0 fnt
|faint|p2a: Rotom
|
|upkeep
|c|☆PULT94D STS|Weño
|c|☆PULT94D TTyL|mb for the miss
|j| busken
|l| busken
|c| Amopokemon❤️|Q no decaiga STS
|c| Amopokemon❤️|Vos podes crack
|
|t:|1628632723
|switch|p2a: Miltank|Miltank, F|94/100 brn
|-damage|p2a: Miltank|82/100 brn|[from] Stealth Rock
|turn|14
|c| Pult94d dani|Turtledoggo1
|
|t:|1628632735
|move|p1a: Bite|Volt Switch|p2a: Miltank
|-damage|p2a: Miltank|47/100 brn
|c| Pult94d dani|whens ur run
|c| pult94d Copperius|Amopokemon y a mi no me animas? :(
|c| Pult94d dani|Pobrecito
|
|t:|1628632748
|switch|p1a: Everybody|Wishiwashi, F|100/100|[from]move: Volt Switch
|-damage|p1a: Everybody|88/100|[from] Stealth Rock
|-formechange|p1a: Everybody|Wishiwashi-School||[from] ability: Schooling
|move|p2a: Miltank|Body Slam|p1a: Everybody
|-damage|p1a: Everybody|79/100
|
|-heal|p1a: Everybody|85/100|[from] item: Leftovers
|-damage|p2a: Miltank|41/100 brn|[from] brn
|upkeep
|turn|15
|c| Amopokemon❤️|No se ni quien eres
|c| turtledoggo1|I gave up after round 1
|
|t:|1628632757
|switch|p2a: Hitmonchan|Hitmonchan, M|100/100
|-damage|p2a: Hitmonchan|95/100|[from] Stealth Rock
|move|p1a: Everybody|Scald|p2a: Hitmonchan
|-damage|p2a: Hitmonchan|67/100
|
|-heal|p1a: Everybody|91/100|[from] item: Leftovers
|upkeep
|turn|16
|
|t:|1628632766
|switch|p1a: Bite|Rotom|5/100
|-damage|p1a: Bite|0 fnt|[from] Stealth Rock
|faint|p1a: Bite
|move|p2a: Hitmonchan|Drain Punch|p1: Bite|[notarget]
|-fail|p2a: Hitmonchan
|
|upkeep
|c| turtledoggo1|But ill try to snipe ppl on ladder
|
|t:|1628632775
|switch|p1a: Dancing|Ribombee, M|100/100
|turn|17
|c| pult94d Copperius|Amopokemon eres un impostor
|l| no+de3xdia
|
|t:|1628632785
|switch|p2a: Miltank|Miltank, F|41/100 brn
|-damage|p2a: Miltank|28/100 brn|[from] Stealth Rock
|move|p1a: Dancing|Moonblast|p2a: Miltank
|-damage|p2a: Miltank|0 fnt
|faint|p2a: Miltank
|
|upkeep
|
|t:|1628632792
|switch|p2a: Togedemaru|Togedemaru, F|36/100
|-damage|p2a: Togedemaru|30/100|[from] Stealth Rock
|turn|18
|
|t:|1628632798
|switch|p2a: Qwilfish|Qwilfish, F|24/100
|-damage|p2a: Qwilfish|12/100|[from] Stealth Rock
|-ability|p2a: Qwilfish|Intimidate|boost
|-unboost|p1a: Dancing|atk|1
|switch|p1a: Never Fight|Weezing, M|82/100
|-ability|p1a: Never Fight|Neutralizing Gas
|-damage|p1a: Never Fight|70/100|[from] Stealth Rock
|
|upkeep
|turn|19
|c| Amopokemon❤️|Dudo que haya otro Amopokemon
|c| pult94d Copperius|De Copper05
|
|t:|1628632808
|-end|p1a: Never Fight|ability: Neutralizing Gas
|-ability|p2a: Qwilfish|Intimidate|boost
|-unboost|p1a: Never Fight|atk|1
|switch|p1a: Moonlight|Stunfisk-Galar, M|41/100
|-damage|p1a: Moonlight|38/100|[from] Stealth Rock
|move|p2a: Qwilfish|Pain Split|p1a: Moonlight
|-sethp|p1a: Moonlight|23/100|[from] move: Pain Split|[silent]
|-sethp|p2a: Qwilfish|30/100|[from] move: Pain Split
|
|-heal|p1a: Moonlight|30/100|[from] item: Leftovers
|upkeep
|turn|20
|c| pult94d Copperius|Eres un impostor de Copper05
|
|t:|1628632826
|switch|p1a: Never Fight|Weezing, M|70/100
|-ability|p1a: Never Fight|Neutralizing Gas
|-damage|p1a: Never Fight|57/100|[from] Stealth Rock
|move|p2a: Qwilfish|Liquidation|p1a: Never Fight
|-damage|p1a: Never Fight|38/100
|-unboost|p1a: Never Fight|def|1
|-damage|p2a: Qwilfish|13/100|[from] item: Rocky Helmet|[of] p1a: Never Fight
|
|upkeep
|turn|21
|l| turtledoggo1
|c| Amopokemon❤️|Como que de Copper .-.
|
|t:|1628632834
|-end|p1a: Never Fight|ability: Neutralizing Gas
|-ability|p2a: Qwilfish|Intimidate|boost
|-unboost|p1a: Never Fight|atk|1
|switch|p1a: Moonlight|Stunfisk-Galar, M|30/100
|-damage|p1a: Moonlight|27/100|[from] Stealth Rock
|move|p2a: Qwilfish|Liquidation|p1a: Moonlight
|-supereffective|p1a: Moonlight
|-damage|p1a: Moonlight|0 fnt
|faint|p1a: Moonlight
|
|upkeep
|
|t:|1628632838
|switch|p1a: Dancing|Ribombee, M|100/100
|turn|22
|c| pult94d Copperius|Amopokemon Estoy bromeando
|
|t:|1628632854
|move|p1a: Dancing|Moonblast|p2a: Qwilfish
|-resisted|p2a: Qwilfish
|-damage|p2a: Qwilfish|0 fnt
|faint|p2a: Qwilfish
|
|upkeep
|c| pult94d Copperius|Soy Copper05
|
|t:|1628632863
|switch|p2a: Hitmonchan|Hitmonchan, M|67/100
|-damage|p2a: Hitmonchan|61/100|[from] Stealth Rock
|turn|23
|c| Amopokemon❤️|Si, me di cuenta
|c| Amopokemon❤️|COPPERius
|c| pult94d Copperius|:(
|
|t:|1628632874
|move|p1a: Dancing|Moonblast|p2a: Hitmonchan
|-supereffective|p2a: Hitmonchan
|-damage|p2a: Hitmonchan|9/100
|move|p2a: Hitmonchan|Rapid Spin|p1a: Dancing
|-damage|p1a: Dancing|66/100
|-boost|p2a: Hitmonchan|spe|1
|-sideend|p2: PULT94D STS|Stealth Rock|[from] move: Rapid Spin|[of] p2a: Hitmonchan
|
|upkeep
|turn|24
|
|t:|1628632896
|switch|p1a: Never Fight|Weezing, M|38/100
|-ability|p1a: Never Fight|Neutralizing Gas
|-damage|p1a: Never Fight|26/100|[from] Stealth Rock
|move|p2a: Hitmonchan|Mach Punch|p1a: Never Fight
|-resisted|p1a: Never Fight
|-damage|p1a: Never Fight|19/100
|-damage|p2a: Hitmonchan|0 fnt|[from] item: Rocky Helmet|[of] p1a: Never Fight
|faint|p2a: Hitmonchan
|
|upkeep
|
|t:|1628632902
|switch|p2a: Sableye|Sableye, F|100/100
|turn|25
|
|t:|1628632909
|-end|p1a: Never Fight|ability: Neutralizing Gas
|switch|p1a: Everybody|Wishiwashi, F|91/100
|-damage|p1a: Everybody|79/100|[from] Stealth Rock
|-formechange|p1a: Everybody|Wishiwashi-School||[from] ability: Schooling
|move|p2a: Sableye|Night Shade|p1a: Everybody
|-damage|p1a: Everybody|45/100
|
|-heal|p1a: Everybody|51/100|[from] item: Leftovers
|upkeep
|turn|26
|
|t:|1628632920
|move|p2a: Sableye|Night Shade|p1a: Everybody
|-damage|p1a: Everybody|17/100
|move|p1a: Everybody|Scald|p2a: Sableye
|-damage|p2a: Sableye|42/100
|
|-heal|p2a: Sableye|48/100|[from] item: Leftovers
|-heal|p1a: Everybody|23/100|[from] item: Leftovers
|-formechange|p1a: Everybody|Wishiwashi||[from] ability: Schooling
|upkeep
|turn|27
|
|t:|1628632926
|move|p2a: Sableye|Recover|p2a: Sableye
|-heal|p2a: Sableye|98/100
|move|p1a: Everybody|Rest|p1a: Everybody
|-status|p1a: Everybody|slp|[from] move: Rest
|-heal|p1a: Everybody|100/100 slp|[silent]
|
|-heal|p2a: Sableye|100/100|[from] item: Leftovers
|-formechange|p1a: Everybody|Wishiwashi-School||[from] ability: Schooling
|upkeep
|turn|28
|
|t:|1628632932
|move|p2a: Sableye|Encore|p1a: Everybody
|-start|p1a: Everybody|Encore
|cant|p1a: Everybody|slp
|
|upkeep
|turn|29
|
|t:|1628632937
|move|p2a: Sableye|Night Shade|p1a: Everybody
|-damage|p1a: Everybody|66/100 slp
|cant|p1a: Everybody|slp
|
|-heal|p1a: Everybody|73/100 slp|[from] item: Leftovers
|upkeep
|turn|30
|
|t:|1628632943
|move|p2a: Sableye|Night Shade|p1a: Everybody
|-damage|p1a: Everybody|39/100 slp
|-curestatus|p1a: Everybody|slp|[msg]
|move|p1a: Everybody|Rest|p1a: Everybody
|-status|p1a: Everybody|slp|[from] move: Rest
|-heal|p1a: Everybody|100/100 slp|[silent]
|
|-end|p1a: Everybody|Encore
|upkeep
|turn|31
|
|t:|1628632953
|move|p2a: Sableye|Encore|p1a: Everybody
|-start|p1a: Everybody|Encore
|cant|p1a: Everybody|slp
|
|upkeep
|turn|32
|
|t:|1628632957
|move|p2a: Sableye|Disable|p1a: Everybody
|-start|p1a: Everybody|Disable|Rest
|cant|p1a: Everybody|slp
|
|upkeep
|turn|33
|j| kanibaru@!
|
|t:|1628632970
|move|p2a: Sableye|Night Shade|p1a: Everybody
|-damage|p1a: Everybody|66/100 slp
|-curestatus|p1a: Everybody|slp|[msg]
|-activate|p1a: Everybody|move: Struggle
|move|p1a: Everybody|Struggle|p2a: Sableye
|-damage|p2a: Sableye|87/100
|-damage|p1a: Everybody|41/100|[from] recoil
|
|-heal|p2a: Sableye|93/100|[from] item: Leftovers
|-heal|p1a: Everybody|47/100|[from] item: Leftovers
|-end|p1a: Everybody|Encore
|upkeep
|turn|34
|c| Amopokemon❤️|El verdadero cancer
|
|t:|1628632980
|move|p2a: Sableye|Night Shade|p1a: Everybody
|-damage|p1a: Everybody|13/100
|move|p1a: Everybody|U-turn|p2a: Sableye
|-damage|p2a: Sableye|70/100
|
|t:|1628632983
|switch|p1a: Dancing|Ribombee, M|66/100|[from]move: U-turn
|
|-heal|p2a: Sableye|76/100|[from] item: Leftovers
|upkeep
|turn|35
|
|t:|1628632992
|move|p1a: Dancing|Moonblast|p2a: Sableye
|-supereffective|p2a: Sableye
|-damage|p2a: Sableye|0 fnt
|faint|p2a: Sableye
|
|upkeep
|
|t:|1628632997
|switch|p2a: Togedemaru|Togedemaru, F|30/100
|turn|36
|
|t:|1628633001
|move|p2a: Togedemaru|U-turn|p1a: Dancing
|-resisted|p1a: Dancing
|-damage|p1a: Dancing|45/100
|move|p1a: Dancing|Moonblast|p2a: Togedemaru
|-resisted|p2a: Togedemaru
|-damage|p2a: Togedemaru|0 fnt
|faint|p2a: Togedemaru
|
|win|PULT94D TTyL
|raw|PULT94D TTyL's rating: 1362 &rarr; <strong>1383</strong><br />(+21 for winning)
|raw|PULT94D STS's rating: 1381 &rarr; <strong>1360</strong><br />(-21 for losing)
|c|☆PULT94D TTyL|gg
|c|☆PULT94D STS|a
|c|☆PULT94D STS|missclick
|c| Pult94d dani|wasnt
|c|☆PULT94D STS|xD
|c| Pult94d dani|Well
|l| Amopokemon❤️
|c| Pult94d dani|even then
|c| Pult94d dani|rhelm
|l| kanibaru
|c| Pult94d dani|and ice shard won
|c|☆PULT94D TTyL|ice shard + helmet yeah
|j| Amopokemon❤️@!
|l| pult94d Copperius
||Ladder isn't responding, score probably updated but might not have (Request timeout).
|l|☆PULT94D STS
|l| Pult94d dani
