|j|☆ILoveTheEarth
|j|☆the mellow
|t:|1666745490
|gametype|singles
|player|p1|ILoveTheEarth|fisherman-gen4|1056
|player|p2|the mellow|unknown|1123
|teamsize|p1|6
|teamsize|p2|6
|gen|8
|tier|[Gen 8] PU
|rated|
|rule|Sleep Clause Mod: Limit one foe put to sleep
|rule|Species Clause: Limit one of each Pokémon
|rule|OHKO Clause: OHKO moves are banned
|rule|Evasion Items Clause: Evasion items are banned
|rule|Evasion Moves Clause: Evasion moves are banned
|rule|Endless Battle Clause: Forcing endless battles is banned
|rule|HP Percentage Mod: HP is shown in percentages
|rule|Dynamax Clause: You cannot dynamax
|clearpoke
|poke|p1|Charizard, M|
|poke|p1|Gigalith, F|
|poke|p1|Eldegoss, F|
|poke|p1|Scrafty, F|
|poke|p1|Sandslash, M|
|poke|p1|Quagsire, M|
|poke|p2|Quagsire, M|
|poke|p2|Altaria, F|
|poke|p2|Cradily, F|
|poke|p2|Walrein, M|
|poke|p2|Absol, M|
|poke|p2|Doublade, F|
|teampreview
|
|t:|1666745501
|start
|switch|p1a: Gigalith|Gigalith, F|100/100
|switch|p2a: Absol|Absol, M|100/100
|-weather|Sandstorm|[from] ability: Sand Stream|[of] p1a: Gigalith
|turn|1
|
|t:|1666745511
|switch|p1a: Quagsire|Quagsire, M|100/100
|move|p2a: Absol|Knock Off|p1a: Quagsire
|-damage|p1a: Quagsire|57/100
|-damage|p2a: Absol|84/100|[from] item: Rocky Helmet|[of] p1a: Quagsire
|-enditem|p1a: Quagsire|Rocky Helmet|[from] move: Knock Off|[of] p2a: Absol
|
|-weather|Sandstorm|[upkeep]
|-damage|p2a: Absol|78/100|[from] Sandstorm
|upkeep
|turn|2
|
|t:|1666745517
|switch|p2a: Cradily|Cradily, F|100/100
|move|p1a: Quagsire|Recover|p1a: Quagsire
|-heal|p1a: Quagsire|100/100
|
|-weather|Sandstorm|[upkeep]
|upkeep
|turn|3
|
|t:|1666745522
|switch|p1a: Eldegoss|Eldegoss, F|100/100
|move|p2a: Cradily|Stealth Rock|p1a: Eldegoss
|-sidestart|p1: ILoveTheEarth|move: Stealth Rock
|
|-weather|Sandstorm|[upkeep]
|-damage|p1a: Eldegoss|94/100|[from] Sandstorm
|-heal|p1a: Eldegoss|100/100|[from] item: Leftovers
|upkeep
|turn|4
|
|t:|1666745526
|switch|p2a: Doublade|Doublade, F|100/100
|move|p1a: Eldegoss|Rapid Spin|p2a: Doublade
|-immune|p2a: Doublade
|
|-weather|Sandstorm|[upkeep]
|-damage|p1a: Eldegoss|94/100|[from] Sandstorm
|-heal|p1a: Eldegoss|100/100|[from] item: Leftovers
|upkeep
|turn|5
|
|t:|1666745532
|move|p1a: Eldegoss|Leech Seed|p2a: Doublade
|-start|p2a: Doublade|move: Leech Seed
|move|p2a: Doublade|Shadow Claw|p1a: Eldegoss
|-damage|p1a: Eldegoss|61/100
|
|-weather|none
|-heal|p1a: Eldegoss|67/100|[from] item: Leftovers
|-damage|p2a: Doublade|88/100|[from] Leech Seed|[of] p1a: Eldegoss
|-heal|p1a: Eldegoss|80/100|[silent]
|upkeep
|turn|6
|
|t:|1666745539
|switch|p1a: Quagsire|Quagsire, M|100/100
|-damage|p1a: Quagsire|94/100|[from] Stealth Rock
|move|p2a: Doublade|Shadow Claw|p1a: Quagsire
|-damage|p1a: Quagsire|69/100
|
|-damage|p2a: Doublade|76/100|[from] Leech Seed|[of] p1a: Quagsire
|-heal|p1a: Quagsire|79/100|[silent]
|upkeep
|turn|7
|
|t:|1666745546
|switch|p2a: Cradily|Cradily, F|100/100
|move|p1a: Quagsire|Toxic|p2a: Cradily
|-status|p2a: Cradily|tox
|
|-damage|p2a: Cradily|94/100 tox|[from] psn
|upkeep
|turn|8
|
|t:|1666745552
|switch|p2a: Walrein|Walrein, M|100/100
|switch|p1a: Eldegoss|Eldegoss, F|100/100
|-damage|p1a: Eldegoss|88/100|[from] Stealth Rock
|
|-heal|p1a: Eldegoss|94/100|[from] item: Leftovers
|upkeep
|turn|9
|
|t:|1666745563
|move|p2a: Walrein|Ice Beam|p1a: Eldegoss
|-supereffective|p1a: Eldegoss
|-damage|p1a: Eldegoss|37/100
|move|p1a: Eldegoss|Rapid Spin|p2a: Walrein
|-damage|p2a: Walrein|96/100
|-boost|p1a: Eldegoss|spe|1
|-sideend|p1: ILoveTheEarth|Stealth Rock|[from] move: Rapid Spin|[of] p1a: Eldegoss
|
|-heal|p1a: Eldegoss|43/100|[from] item: Leftovers
|upkeep
|turn|10
|
|t:|1666745571
|switch|p1a: Gigalith|Gigalith, F|100/100
|-weather|Sandstorm|[from] ability: Sand Stream|[of] p1a: Gigalith
|move|p2a: Walrein|Hydro Pump|p1a: Gigalith
|-supereffective|p1a: Gigalith
|-damage|p1a: Gigalith|50/100
|
|-weather|Sandstorm|[upkeep]
|-damage|p2a: Walrein|89/100|[from] Sandstorm
|-heal|p1a: Gigalith|56/100|[from] item: Leftovers
|upkeep
|turn|11
|
|t:|1666745579
|switch|p2a: Quagsire|Quagsire, M|100/100
|switch|p1a: Scrafty|Scrafty, F|100/100
|
|-weather|Sandstorm|[upkeep]
|-damage|p1a: Scrafty|95/100|[from] Sandstorm
|upkeep
|turn|12
|
|t:|1666745586
|switch|p1a: Eldegoss|Eldegoss, F|76/100
|switch|p2a: Absol|Absol, M|78/100
|
|-weather|Sandstorm|[upkeep]
|-damage|p2a: Absol|72/100|[from] Sandstorm
|-damage|p1a: Eldegoss|70/100|[from] Sandstorm
|-heal|p1a: Eldegoss|76/100|[from] item: Leftovers
|upkeep
|turn|13
|
|t:|1666745598
|switch|p1a: Quagsire|Quagsire, M|79/100
|move|p2a: Absol|Knock Off|p1a: Quagsire
|-damage|p1a: Quagsire|48/100
|
|-weather|Sandstorm|[upkeep]
|-damage|p2a: Absol|65/100|[from] Sandstorm
|upkeep
|turn|14
|
|t:|1666745604
|switch|p2a: Walrein|Walrein, M|89/100
|move|p1a: Quagsire|Recover|p1a: Quagsire
|-heal|p1a: Quagsire|98/100
|
|-weather|none
|upkeep
|turn|15
|
|t:|1666745609
|move|p2a: Walrein|Substitute|p2a: Walrein
|-start|p2a: Walrein|Substitute
|-damage|p2a: Walrein|65/100
|move|p1a: Quagsire|Toxic||[still]
|-fail|p1a: Quagsire
|
|upkeep
|turn|16
|
|t:|1666745613
|switch|p1a: Scrafty|Scrafty, F|95/100
|move|p2a: Walrein|Ice Beam|p1a: Scrafty
|-damage|p1a: Scrafty|45/100
|
|upkeep
|turn|17
|
|t:|1666745618
|move|p1a: Scrafty|Drain Punch|p2a: Walrein
|-supereffective|p2a: Walrein
|-end|p2a: Walrein|Substitute
|-heal|p1a: Scrafty|64/100|[from] drain|[of] p2a: Walrein
|move|p2a: Walrein|Brine|p1a: Scrafty
|-damage|p1a: Scrafty|31/100
|
|upkeep
|turn|18
|
|t:|1666745638
|switch|p2a: Absol|Absol, M|65/100
|move|p1a: Scrafty|Knock Off|p2a: Absol
|-resisted|p2a: Absol
|-damage|p2a: Absol|32/100
|-ability|p2a: Absol|Justified|boost
|-boost|p2a: Absol|atk|1
|-enditem|p2a: Absol|Black Glasses|[from] move: Knock Off|[of] p1a: Scrafty
|
|upkeep
|turn|19
|
|t:|1666745647
|switch|p1a: Quagsire|Quagsire, M|98/100
|move|p2a: Absol|Close Combat|p1a: Quagsire
|-damage|p1a: Quagsire|67/100
|-unboost|p2a: Absol|def|1
|-unboost|p2a: Absol|spd|1
|
|upkeep
|turn|20
|
|t:|1666745653
|switch|p2a: Walrein|Walrein, M|65/100
|move|p1a: Quagsire|Toxic|p2a: Walrein
|-status|p2a: Walrein|tox
|
|-damage|p2a: Walrein|58/100 tox|[from] psn
|upkeep
|turn|21
|
|t:|1666745666
|switch|p2a: Altaria|Altaria, F|100/100
|move|p1a: Quagsire|Recover|p1a: Quagsire
|-heal|p1a: Quagsire|100/100
|
|upkeep
|turn|22
|
|t:|1666745672
|switch|p1a: Gigalith|Gigalith, F|56/100
|-weather|Sandstorm|[from] ability: Sand Stream|[of] p1a: Gigalith
|move|p2a: Altaria|Toxic|p1a: Gigalith
|-status|p1a: Gigalith|tox
|
|-weather|Sandstorm|[upkeep]
|-damage|p2a: Altaria|94/100|[from] Sandstorm
|-heal|p1a: Gigalith|62/100 tox|[from] item: Leftovers
|-damage|p1a: Gigalith|56/100 tox|[from] psn
|upkeep
|turn|23
|
|t:|1666745675
|move|p2a: Altaria|Heal Bell|p2a: Altaria
|-activate|p2a: Altaria|move: Heal Bell
|-curestatus|p2: Walrein|tox|[msg]
|-curestatus|p2: Cradily|tox|[msg]
|move|p1a: Gigalith|Stealth Rock|p2a: Altaria
|-sidestart|p2: the mellow|move: Stealth Rock
|
|-weather|Sandstorm|[upkeep]
|-damage|p2a: Altaria|88/100|[from] Sandstorm
|-heal|p1a: Gigalith|62/100 tox|[from] item: Leftovers
|-damage|p1a: Gigalith|50/100 tox|[from] psn
|upkeep
|turn|24
|
|t:|1666745684
|switch|p2a: Cradily|Cradily, F|94/100
|-damage|p2a: Cradily|82/100|[from] Stealth Rock
|switch|p1a: Quagsire|Quagsire, M|100/100
|
|-weather|Sandstorm|[upkeep]
|upkeep
|turn|25
|
|t:|1666745690
|switch|p1a: Eldegoss|Eldegoss, F|100/100
|move|p2a: Cradily|Stealth Rock|p1a: Eldegoss
|-sidestart|p1: ILoveTheEarth|move: Stealth Rock
|
|-weather|Sandstorm|[upkeep]
|-damage|p1a: Eldegoss|94/100|[from] Sandstorm
|-heal|p1a: Eldegoss|100/100|[from] item: Leftovers
|upkeep
|turn|26
|
|t:|1666745694
|move|p1a: Eldegoss|Leech Seed|p2a: Cradily
|-immune|p2a: Cradily
|move|p2a: Cradily|Meteor Beam||[still]
|-prepare|p2a: Cradily|Meteor Beam
|-boost|p2a: Cradily|spa|1
|-enditem|p2a: Cradily|Power Herb
|-anim|p2a: Cradily|Meteor Beam|p1a: Eldegoss|[miss]
|-miss|p2a: Cradily|p1a: Eldegoss
|
|-weather|none
|upkeep
|turn|27
|
|t:|1666745702
|move|p1a: Eldegoss|Rapid Spin|p2a: Cradily
|-resisted|p2a: Cradily
|-damage|p2a: Cradily|79/100
|-boost|p1a: Eldegoss|spe|1
|-sideend|p1: ILoveTheEarth|Stealth Rock|[from] move: Rapid Spin|[of] p1a: Eldegoss
|move|p2a: Cradily|Meteor Beam||[still]
|-prepare|p2a: Cradily|Meteor Beam
|-boost|p2a: Cradily|spa|1
|
|upkeep
|turn|28
|
|t:|1666745708
|switch|p1a: Quagsire|Quagsire, M|100/100
|move|p2a: Cradily|Meteor Beam|p1a: Quagsire|[from]lockedmove
|-resisted|p1a: Quagsire
|-damage|p1a: Quagsire|72/100
|
|upkeep
|turn|29
|
|t:|1666745715
|switch|p1a: Eldegoss|Eldegoss, F|100/100
|move|p2a: Cradily|Stealth Rock|p1a: Eldegoss
|-sidestart|p1: ILoveTheEarth|move: Stealth Rock
|
|upkeep
|turn|30
|
|t:|1666745719
|move|p1a: Eldegoss|Rapid Spin|p2a: Cradily
|-resisted|p2a: Cradily
|-damage|p2a: Cradily|76/100
|-boost|p1a: Eldegoss|spe|1
|-sideend|p1: ILoveTheEarth|Stealth Rock|[from] move: Rapid Spin|[of] p1a: Eldegoss
|move|p2a: Cradily|Giga Drain|p1a: Eldegoss
|-resisted|p1a: Eldegoss
|-damage|p1a: Eldegoss|78/100
|-heal|p2a: Cradily|86/100|[from] drain|[of] p1a: Eldegoss
|
|-heal|p1a: Eldegoss|84/100|[from] item: Leftovers
|upkeep
|turn|31
|
|t:|1666745723
|switch|p1a: Quagsire|Quagsire, M|72/100
|move|p2a: Cradily|Stealth Rock|p1a: Quagsire
|-sidestart|p1: ILoveTheEarth|move: Stealth Rock
|
|upkeep
|turn|32
|
|t:|1666745725
|switch|p1a: Eldegoss|Eldegoss, F|100/100
|-damage|p1a: Eldegoss|88/100|[from] Stealth Rock
|move|p2a: Cradily|Giga Drain|p1a: Eldegoss
|-resisted|p1a: Eldegoss
|-damage|p1a: Eldegoss|68/100
|-heal|p2a: Cradily|95/100|[from] drain|[of] p1a: Eldegoss
|
|-heal|p1a: Eldegoss|74/100|[from] item: Leftovers
|upkeep
|turn|33
|
|t:|1666745730
|move|p1a: Eldegoss|Rapid Spin|p2a: Cradily
|-resisted|p2a: Cradily
|-crit|p2a: Cradily
|-damage|p2a: Cradily|91/100
|-boost|p1a: Eldegoss|spe|1
|-sideend|p1: ILoveTheEarth|Stealth Rock|[from] move: Rapid Spin|[of] p1a: Eldegoss
|move|p2a: Cradily|Meteor Beam||[still]
|-prepare|p2a: Cradily|Meteor Beam
|-boost|p2a: Cradily|spa|1
|
|-heal|p1a: Eldegoss|80/100|[from] item: Leftovers
|upkeep
|turn|34
|
|t:|1666745732
|move|p1a: Eldegoss|Giga Drain|p2a: Cradily
|-damage|p2a: Cradily|72/100
|-heal|p1a: Eldegoss|91/100|[from] drain|[of] p2a: Cradily
|move|p2a: Cradily|Meteor Beam|p1a: Eldegoss|[from]lockedmove
|-damage|p1a: Eldegoss|4/100
|
|-heal|p1a: Eldegoss|10/100|[from] item: Leftovers
|upkeep
|turn|35
|
|t:|1666745736
|move|p1a: Eldegoss|Synthesis|p1a: Eldegoss
|-heal|p1a: Eldegoss|60/100
|move|p2a: Cradily|Stealth Rock|p1a: Eldegoss
|-sidestart|p1: ILoveTheEarth|move: Stealth Rock
|
|-heal|p1a: Eldegoss|66/100|[from] item: Leftovers
|upkeep
|turn|36
|
|t:|1666745738
|move|p1a: Eldegoss|Rapid Spin|p2a: Cradily
|-resisted|p2a: Cradily
|-damage|p2a: Cradily|69/100
|-boost|p1a: Eldegoss|spe|1
|-sideend|p1: ILoveTheEarth|Stealth Rock|[from] move: Rapid Spin|[of] p1a: Eldegoss
|move|p2a: Cradily|Giga Drain|p1a: Eldegoss
|-resisted|p1a: Eldegoss
|-damage|p1a: Eldegoss|39/100
|-heal|p2a: Cradily|80/100|[from] drain|[of] p1a: Eldegoss
|
|-heal|p1a: Eldegoss|45/100|[from] item: Leftovers
|upkeep
|turn|37
|
|t:|1666745747
|switch|p1a: Scrafty|Scrafty, F|31/100
|move|p2a: Cradily|Stealth Rock|p1a: Scrafty
|-sidestart|p1: ILoveTheEarth|move: Stealth Rock
|
|upkeep
|turn|38
|
|t:|1666745749
|move|p1a: Scrafty|Drain Punch|p2a: Cradily
|-supereffective|p2a: Cradily
|-damage|p2a: Cradily|7/100
|-heal|p1a: Scrafty|82/100|[from] drain|[of] p2a: Cradily
|move|p2a: Cradily|Giga Drain|p1a: Scrafty
|-damage|p1a: Scrafty|0 fnt
|-heal|p2a: Cradily|36/100|[from] drain|[of] p1a: Scrafty
|faint|p1a: Scrafty
|
|upkeep
|
|t:|1666745757
|switch|p1a: Sandslash|Sandslash, M|100/100
|-damage|p1a: Sandslash|94/100|[from] Stealth Rock
|turn|39
|
|t:|1666745763
|move|p1a: Sandslash|Earthquake|p2a: Cradily
|-damage|p2a: Cradily|0 fnt
|faint|p2a: Cradily
|-damage|p1a: Sandslash|84/100|[from] item: Life Orb
|
|upkeep
|
|t:|1666745775
|switch|p2a: Quagsire|Quagsire, M|100/100
|-damage|p2a: Quagsire|94/100|[from] Stealth Rock
|turn|40
|
|t:|1666745783
|move|p1a: Sandslash|Rapid Spin|p2a: Quagsire
|-damage|p2a: Quagsire|79/100
|-boost|p1a: Sandslash|spe|1
|-sideend|p1: ILoveTheEarth|Stealth Rock|[from] move: Rapid Spin|[of] p1a: Sandslash
|-damage|p1a: Sandslash|74/100|[from] item: Life Orb
|move|p2a: Quagsire|Liquidation|p1a: Sandslash
|-supereffective|p1a: Sandslash
|-damage|p1a: Sandslash|19/100
|
|-heal|p2a: Quagsire|85/100|[from] item: Leftovers
|upkeep
|turn|41
|
|t:|1666745793
|switch|p1a: Eldegoss|Eldegoss, F|78/100
|move|p2a: Quagsire|Liquidation|p1a: Eldegoss
|-resisted|p1a: Eldegoss
|-damage|p1a: Eldegoss|64/100
|
|-heal|p1a: Eldegoss|70/100|[from] item: Leftovers
|-heal|p2a: Quagsire|91/100|[from] item: Leftovers
|upkeep
|turn|42
|
|t:|1666745797
|switch|p2a: Altaria|Altaria, F|88/100
|move|p1a: Eldegoss|Leech Seed|p2a: Altaria|[miss]
|-miss|p1a: Eldegoss|p2a: Altaria
|
|-heal|p1a: Eldegoss|76/100|[from] item: Leftovers
|upkeep
|turn|43
|
|t:|1666745803
|switch|p1a: Quagsire|Quagsire, M|72/100
|move|p2a: Altaria|Defog|p1a: Quagsire
|-unboost|p1a: Quagsire|evasion|1
|-sideend|p2: the mellow|Stealth Rock|[from] move: Defog|[of] p2a: Altaria
|
|upkeep
|turn|44
|
|t:|1666745811
|switch|p1a: Gigalith|Gigalith, F|50/100 tox
|-weather|Sandstorm|[from] ability: Sand Stream|[of] p1a: Gigalith
|move|p2a: Altaria|Toxic|p1a: Gigalith
|-fail|p1a: Gigalith|tox
|
|-weather|Sandstorm|[upkeep]
|-damage|p2a: Altaria|82/100|[from] Sandstorm
|-heal|p1a: Gigalith|56/100 tox|[from] item: Leftovers
|-damage|p1a: Gigalith|50/100 tox|[from] psn
|upkeep
|turn|45
|
|t:|1666745821
|switch|p2a: Quagsire|Quagsire, M|91/100
|move|p1a: Gigalith|Rock Blast|p2a: Quagsire
|-resisted|p2a: Quagsire
|-damage|p2a: Quagsire|88/100
|-resisted|p2a: Quagsire
|-damage|p2a: Quagsire|83/100
|-resisted|p2a: Quagsire
|-damage|p2a: Quagsire|80/100
|-resisted|p2a: Quagsire
|-damage|p2a: Quagsire|76/100
|-resisted|p2a: Quagsire
|-damage|p2a: Quagsire|72/100
|-hitcount|p2a: Quagsire|5
|
|-weather|Sandstorm|[upkeep]
|-heal|p2a: Quagsire|78/100|[from] item: Leftovers
|-heal|p1a: Gigalith|56/100 tox|[from] item: Leftovers
|-damage|p1a: Gigalith|44/100 tox|[from] psn
|upkeep
|turn|46
|
|t:|1666745834
|switch|p1a: Eldegoss|Eldegoss, F|100/100
|move|p2a: Quagsire|Liquidation|p1a: Eldegoss
|-resisted|p1a: Eldegoss
|-damage|p1a: Eldegoss|86/100
|
|-weather|Sandstorm|[upkeep]
|-damage|p1a: Eldegoss|80/100|[from] Sandstorm
|-heal|p1a: Eldegoss|86/100|[from] item: Leftovers
|-heal|p2a: Quagsire|84/100|[from] item: Leftovers
|upkeep
|turn|47
|
|t:|1666745840
|move|p2a: Quagsire|Protect|p2a: Quagsire
|-singleturn|p2a: Quagsire|Protect
|move|p1a: Eldegoss|Leech Seed|p2a: Quagsire
|-activate|p2a: Quagsire|move: Protect
|
|-weather|Sandstorm|[upkeep]
|-damage|p1a: Eldegoss|80/100|[from] Sandstorm
|-heal|p1a: Eldegoss|86/100|[from] item: Leftovers
|-heal|p2a: Quagsire|90/100|[from] item: Leftovers
|upkeep
|turn|48
|
|t:|1666745847
|switch|p2a: Altaria|Altaria, F|82/100
|move|p1a: Eldegoss|Leech Seed|p2a: Altaria
|-start|p2a: Altaria|move: Leech Seed
|
|-weather|none
|-heal|p1a: Eldegoss|92/100|[from] item: Leftovers
|-damage|p2a: Altaria|69/100|[from] Leech Seed|[of] p1a: Eldegoss
|-heal|p1a: Eldegoss|100/100|[silent]
|upkeep
|turn|49
|
|t:|1666745853
|switch|p2a: Doublade|Doublade, F|76/100
|switch|p1a: Gigalith|Gigalith, F|44/100 tox
|-weather|Sandstorm|[from] ability: Sand Stream|[of] p1a: Gigalith
|
|-weather|Sandstorm|[upkeep]
|-heal|p1a: Gigalith|50/100 tox|[from] item: Leftovers
|-damage|p1a: Gigalith|44/100 tox|[from] psn
|upkeep
|turn|50
|
|t:|1666745865
|switch|p2a: Walrein|Walrein, M|58/100
|switch|p1a: Quagsire|Quagsire, M|72/100
|
|-weather|Sandstorm|[upkeep]
|-damage|p2a: Walrein|52/100|[from] Sandstorm
|upkeep
|turn|51
|
|t:|1666745878
|switch|p1a: Sandslash|Sandslash, M|19/100
|move|p2a: Walrein|Ice Beam|p1a: Sandslash
|-supereffective|p1a: Sandslash
|-damage|p1a: Sandslash|0 fnt
|faint|p1a: Sandslash
|
|-weather|Sandstorm|[upkeep]
|-damage|p2a: Walrein|46/100|[from] Sandstorm
|upkeep
|
|t:|1666745893
|switch|p1a: Eldegoss|Eldegoss, F|100/100
|turn|52
|
|t:|1666745898
|switch|p2a: Doublade|Doublade, F|76/100
|move|p1a: Eldegoss|Giga Drain|p2a: Doublade
|-resisted|p2a: Doublade
|-damage|p2a: Doublade|62/100
|
|-weather|Sandstorm|[upkeep]
|-damage|p1a: Eldegoss|94/100|[from] Sandstorm
|-heal|p1a: Eldegoss|100/100|[from] item: Leftovers
|upkeep
|turn|53
|
|t:|1666745909
|move|p1a: Eldegoss|Leech Seed|p2a: Doublade
|-start|p2a: Doublade|move: Leech Seed
|move|p2a: Doublade|Shadow Claw|p1a: Eldegoss
|-damage|p1a: Eldegoss|61/100
|
|-weather|none
|-heal|p1a: Eldegoss|68/100|[from] item: Leftovers
|-damage|p2a: Doublade|50/100|[from] Leech Seed|[of] p1a: Eldegoss
|-heal|p1a: Eldegoss|80/100|[silent]
|upkeep
|turn|54
|
|t:|1666745915
|switch|p2a: Altaria|Altaria, F|69/100
|move|p1a: Eldegoss|Giga Drain|p2a: Altaria
|-resisted|p2a: Altaria
|-damage|p2a: Altaria|66/100
|-heal|p1a: Eldegoss|82/100|[from] drain|[of] p2a: Altaria
|
|-heal|p1a: Eldegoss|88/100|[from] item: Leftovers
|upkeep
|turn|55
|
|t:|1666745923
|switch|p2a: Doublade|Doublade, F|50/100
|move|p1a: Eldegoss|Leech Seed|p2a: Doublade
|-start|p2a: Doublade|move: Leech Seed
|
|-heal|p1a: Eldegoss|94/100|[from] item: Leftovers
|-damage|p2a: Doublade|37/100|[from] Leech Seed|[of] p1a: Eldegoss
|-heal|p1a: Eldegoss|100/100|[silent]
|upkeep
|turn|56
|
|t:|1666745928
|move|p1a: Eldegoss|Leech Seed||[still]
|-fail|p1a: Eldegoss
|move|p2a: Doublade|Rest|p2a: Doublade
|-status|p2a: Doublade|slp|[from] move: Rest
|-heal|p2a: Doublade|100/100 slp|[silent]
|
|-damage|p2a: Doublade|88/100 slp|[from] Leech Seed|[of] p1a: Eldegoss
|upkeep
|turn|57
|
|t:|1666745933
|switch|p1a: Charizard|Charizard, M|100/100
|switch|p2a: Altaria|Altaria, F|66/100
|
|upkeep
|turn|58
|
|t:|1666745941
|move|p1a: Charizard|Substitute|p1a: Charizard
|-start|p1a: Charizard|Substitute
|-damage|p1a: Charizard|75/100
|move|p2a: Altaria|Roost|p2a: Altaria
|-heal|p2a: Altaria|100/100
|-singleturn|p2a: Altaria|move: Roost
|
|upkeep
|turn|59
|
|t:|1666745946
|switch|p2a: Quagsire|Quagsire, M|90/100
|move|p1a: Charizard|Air Slash|p2a: Quagsire
|-damage|p2a: Quagsire|58/100
|
|-heal|p2a: Quagsire|64/100|[from] item: Leftovers
|upkeep
|turn|60
|
|t:|1666745954
|move|p2a: Quagsire|Protect|p2a: Quagsire
|-singleturn|p2a: Quagsire|Protect
|move|p1a: Charizard|Air Slash|p2a: Quagsire
|-activate|p2a: Quagsire|move: Protect
|
|-heal|p2a: Quagsire|71/100|[from] item: Leftovers
|upkeep
|turn|61
|
|t:|1666745962
|move|p1a: Charizard|Air Slash|p2a: Quagsire
|-damage|p2a: Quagsire|38/100
|move|p2a: Quagsire|Recover|p2a: Quagsire
|-heal|p2a: Quagsire|88/100
|
|-heal|p2a: Quagsire|94/100|[from] item: Leftovers
|upkeep
|turn|62
|
|t:|1666745971
|move|p2a: Quagsire|Protect|p2a: Quagsire
|-singleturn|p2a: Quagsire|Protect
|move|p1a: Charizard|Flamethrower|p2a: Quagsire
|-activate|p2a: Quagsire|move: Protect
|
|-heal|p2a: Quagsire|99/100|[from] item: Leftovers
|upkeep
|turn|63
|
|t:|1666745973
|move|p1a: Charizard|Air Slash|p2a: Quagsire
|-damage|p2a: Quagsire|63/100
|move|p2a: Quagsire|Liquidation|p1a: Charizard
|-supereffective|p1a: Charizard
|-end|p1a: Charizard|Substitute
|
|-heal|p2a: Quagsire|69/100|[from] item: Leftovers
|upkeep
|turn|64
|
|t:|1666745987
|move|p1a: Charizard|Substitute|p1a: Charizard
|-start|p1a: Charizard|Substitute
|-damage|p1a: Charizard|50/100
|move|p2a: Quagsire|Liquidation|p1a: Charizard
|-supereffective|p1a: Charizard
|-crit|p1a: Charizard
|-end|p1a: Charizard|Substitute
|
|-heal|p2a: Quagsire|75/100|[from] item: Leftovers
|upkeep
|turn|65
|
|t:|1666745996
|switch|p1a: Eldegoss|Eldegoss, F|100/100
|move|p2a: Quagsire|Liquidation|p1a: Eldegoss
|-resisted|p1a: Eldegoss
|-damage|p1a: Eldegoss|87/100
|
|-heal|p1a: Eldegoss|93/100|[from] item: Leftovers
|-heal|p2a: Quagsire|81/100|[from] item: Leftovers
|upkeep
|turn|66
|
|t:|1666746000
|move|p2a: Quagsire|Protect|p2a: Quagsire
|-singleturn|p2a: Quagsire|Protect
|move|p1a: Eldegoss|Rapid Spin|p2a: Quagsire
|-activate|p2a: Quagsire|move: Protect
|
|-heal|p1a: Eldegoss|99/100|[from] item: Leftovers
|-heal|p2a: Quagsire|87/100|[from] item: Leftovers
|upkeep
|turn|67
|
|t:|1666746009
|switch|p2a: Doublade|Doublade, F|88/100 slp
|move|p1a: Eldegoss|Leech Seed|p2a: Doublade
|-start|p2a: Doublade|move: Leech Seed
|
|-heal|p1a: Eldegoss|100/100|[from] item: Leftovers
|-damage|p2a: Doublade|76/100 slp|[from] Leech Seed|[of] p1a: Eldegoss
|upkeep
|turn|68
|
|t:|1666746015
|switch|p1a: Charizard|Charizard, M|50/100
|switch|p2a: Altaria|Altaria, F|100/100
|
|upkeep
|turn|69
|
|t:|1666746024
|switch|p2a: Quagsire|Quagsire, M|87/100
|move|p1a: Charizard|Roost|p1a: Charizard
|-heal|p1a: Charizard|100/100
|-singleturn|p1a: Charizard|move: Roost
|
|-heal|p2a: Quagsire|93/100|[from] item: Leftovers
|upkeep
|turn|70
|
|t:|1666746037
|switch|p1a: Eldegoss|Eldegoss, F|100/100
|move|p2a: Quagsire|Earthquake|p1a: Eldegoss
|-resisted|p1a: Eldegoss
|-damage|p1a: Eldegoss|83/100
|
|-heal|p1a: Eldegoss|89/100|[from] item: Leftovers
|-heal|p2a: Quagsire|99/100|[from] item: Leftovers
|upkeep
|turn|71
|
|t:|1666746053
|switch|p2a: Altaria|Altaria, F|100/100
|move|p1a: Eldegoss|Leech Seed|p2a: Altaria
|-start|p2a: Altaria|move: Leech Seed
|
|-heal|p1a: Eldegoss|95/100|[from] item: Leftovers
|-damage|p2a: Altaria|88/100|[from] Leech Seed|[of] p1a: Eldegoss
|-heal|p1a: Eldegoss|100/100|[silent]
|upkeep
|turn|72
|
|t:|1666746063
|switch|p2a: Doublade|Doublade, F|76/100 slp
|move|p1a: Eldegoss|Giga Drain|p2a: Doublade
|-resisted|p2a: Doublade
|-damage|p2a: Doublade|62/100 slp
|
|upkeep
|turn|73
|
|t:|1666746070
|switch|p1a: Charizard|Charizard, M|100/100
|cant|p2a: Doublade|slp
|move|p2a: Doublade|Sleep Talk|p2a: Doublade
|move|p2a: Doublade|Shadow Claw|p1a: Charizard|[from]move: Sleep Talk
|-damage|p1a: Charizard|60/100
|
|upkeep
|turn|74
|
|t:|1666746074
|switch|p2a: Altaria|Altaria, F|88/100
|move|p1a: Charizard|Flamethrower|p2a: Altaria
|-resisted|p2a: Altaria
|-damage|p2a: Altaria|77/100
|
|upkeep
|turn|75
|j| howard ouwler
|
|t:|1666746084
|switch|p2a: Quagsire|Quagsire, M|99/100
|move|p1a: Charizard|Substitute|p1a: Charizard
|-start|p1a: Charizard|Substitute
|-damage|p1a: Charizard|35/100
|
|-heal|p2a: Quagsire|100/100|[from] item: Leftovers
|upkeep
|turn|76
|
|t:|1666746092
|move|p1a: Charizard|Air Slash|p2a: Quagsire
|-damage|p2a: Quagsire|65/100
|move|p2a: Quagsire|Liquidation|p1a: Charizard
|-supereffective|p1a: Charizard
|-end|p1a: Charizard|Substitute
|
|-heal|p2a: Quagsire|71/100|[from] item: Leftovers
|upkeep
|turn|77
|
|t:|1666746110
|switch|p1a: Eldegoss|Eldegoss, F|100/100
|switch|p2a: Doublade|Doublade, F|62/100 slp
|
|upkeep
|turn|78
|
|t:|1666746117
|move|p1a: Eldegoss|Leech Seed|p2a: Doublade
|-start|p2a: Doublade|move: Leech Seed
|cant|p2a: Doublade|slp
|move|p2a: Doublade|Sleep Talk|p2a: Doublade
|move|p2a: Doublade|Rest||[from]move: Sleep Talk|[still]
|-fail|p2a: Doublade
|
|-damage|p2a: Doublade|50/100 slp|[from] Leech Seed|[of] p1a: Eldegoss
|upkeep
|turn|79
|
|t:|1666746124
|switch|p1a: Quagsire|Quagsire, M|72/100
|switch|p2a: Altaria|Altaria, F|77/100
|
|upkeep
|turn|80
|
|t:|1666746134
|switch|p2a: Walrein|Walrein, M|46/100
|switch|p1a: Gigalith|Gigalith, F|44/100 tox
|-weather|Sandstorm|[from] ability: Sand Stream|[of] p1a: Gigalith
|
|-weather|Sandstorm|[upkeep]
|-damage|p2a: Walrein|40/100|[from] Sandstorm
|-heal|p1a: Gigalith|50/100 tox|[from] item: Leftovers
|-damage|p1a: Gigalith|44/100 tox|[from] psn
|upkeep
|turn|81
|
|t:|1666746146
|switch|p1a: Eldegoss|Eldegoss, F|100/100
|move|p2a: Walrein|Brine|p1a: Eldegoss
|-resisted|p1a: Eldegoss
|-damage|p1a: Eldegoss|91/100
|
|-weather|Sandstorm|[upkeep]
|-damage|p2a: Walrein|34/100|[from] Sandstorm
|-damage|p1a: Eldegoss|85/100|[from] Sandstorm
|-heal|p1a: Eldegoss|91/100|[from] item: Leftovers
|upkeep
|turn|82
|
|t:|1666746153
|switch|p2a: Doublade|Doublade, F|50/100 slp
|move|p1a: Eldegoss|Synthesis|p1a: Eldegoss
|-heal|p1a: Eldegoss|100/100
|
|-weather|Sandstorm|[upkeep]
|-damage|p1a: Eldegoss|94/100|[from] Sandstorm
|-heal|p1a: Eldegoss|100/100|[from] item: Leftovers
|upkeep
|turn|83
|
|t:|1666746161
|switch|p1a: Quagsire|Quagsire, M|72/100
|-curestatus|p2a: Doublade|slp|[msg]
|move|p2a: Doublade|Shadow Claw|p1a: Quagsire
|-damage|p1a: Quagsire|48/100
|
|-weather|Sandstorm|[upkeep]
|upkeep
|turn|84
|
|t:|1666746172
|switch|p2a: Altaria|Altaria, F|77/100
|move|p1a: Quagsire|Recover|p1a: Quagsire
|-heal|p1a: Quagsire|98/100
|
|-weather|none
|upkeep
|turn|85
|
|t:|1666746178
|switch|p2a: Walrein|Walrein, M|34/100
|switch|p1a: Gigalith|Gigalith, F|44/100 tox
|-weather|Sandstorm|[from] ability: Sand Stream|[of] p1a: Gigalith
|
|-weather|Sandstorm|[upkeep]
|-damage|p2a: Walrein|28/100|[from] Sandstorm
|-heal|p1a: Gigalith|50/100 tox|[from] item: Leftovers
|-damage|p1a: Gigalith|44/100 tox|[from] psn
|upkeep
|turn|86
|
|t:|1666746185
|move|p2a: Walrein|Ice Beam|p1a: Gigalith
|-damage|p1a: Gigalith|24/100 tox
|move|p1a: Gigalith|Rock Blast|p2a: Walrein
|-supereffective|p2a: Walrein
|-damage|p2a: Walrein|8/100
|-supereffective|p2a: Walrein
|-damage|p2a: Walrein|0 fnt
|faint|p2a: Walrein
|-hitcount|p2: Walrein|2
|
|-weather|Sandstorm|[upkeep]
|-heal|p1a: Gigalith|30/100 tox|[from] item: Leftovers
|-damage|p1a: Gigalith|17/100 tox|[from] psn
|upkeep
|
|t:|1666746190
|switch|p2a: Absol|Absol, M|32/100
|turn|87
|
|t:|1666746195
|switch|p1a: Quagsire|Quagsire, M|98/100
|move|p2a: Absol|Close Combat|p1a: Quagsire
|-damage|p1a: Quagsire|63/100
|-unboost|p2a: Absol|def|1
|-unboost|p2a: Absol|spd|1
|
|-weather|Sandstorm|[upkeep]
|-damage|p2a: Absol|26/100|[from] Sandstorm
|upkeep
|turn|88
|
|t:|1666746204
|move|p2a: Absol|Close Combat|p1a: Quagsire
|-damage|p1a: Quagsire|29/100
|-unboost|p2a: Absol|def|1
|-unboost|p2a: Absol|spd|1
|move|p1a: Quagsire|Scald|p2a: Absol
|-damage|p2a: Absol|0 fnt
|faint|p2a: Absol
|
|-weather|Sandstorm|[upkeep]
|upkeep
|
|t:|1666746210
|switch|p2a: Doublade|Doublade, F|50/100
|turn|89
|
|t:|1666746215
|move|p2a: Doublade|Shadow Claw|p1a: Quagsire
|-crit|p1a: Quagsire
|-damage|p1a: Quagsire|0 fnt
|faint|p1a: Quagsire
|
|-weather|none
|upkeep
|
|t:|1666746220
|switch|p1a: Charizard|Charizard, M|35/100
|turn|90
|
|t:|1666746226
|switch|p2a: Altaria|Altaria, F|77/100
|move|p1a: Charizard|Roost|p1a: Charizard
|-heal|p1a: Charizard|85/100
|-singleturn|p1a: Charizard|move: Roost
|
|upkeep
|turn|91
|
|t:|1666746234
|switch|p2a: Quagsire|Quagsire, M|71/100
|move|p1a: Charizard|Substitute|p1a: Charizard
|-start|p1a: Charizard|Substitute
|-damage|p1a: Charizard|60/100
|
|-heal|p2a: Quagsire|77/100|[from] item: Leftovers
|upkeep
|turn|92
|l| howard ouwler
|
|t:|1666746242
|move|p2a: Quagsire|Protect|p2a: Quagsire
|-singleturn|p2a: Quagsire|Protect
|move|p1a: Charizard|Air Slash|p2a: Quagsire
|-activate|p2a: Quagsire|move: Protect
|
|-heal|p2a: Quagsire|83/100|[from] item: Leftovers
|upkeep
|turn|93
|
|t:|1666746258
|switch|p2a: Altaria|Altaria, F|77/100
|move|p1a: Charizard|Air Slash|p2a: Altaria
|-damage|p2a: Altaria|59/100
|
|upkeep
|turn|94
|
|t:|1666746266
|move|p1a: Charizard|Roost|p1a: Charizard
|-heal|p1a: Charizard|100/100
|-singleturn|p1a: Charizard|move: Roost
|move|p2a: Altaria|Roost|p2a: Altaria
|-heal|p2a: Altaria|100/100
|-singleturn|p2a: Altaria|move: Roost
|
|upkeep
|turn|95
|
|t:|1666746271
|move|p1a: Charizard|Flamethrower|p2a: Altaria
|-resisted|p2a: Altaria
|-damage|p2a: Altaria|88/100
|move|p2a: Altaria|Defog||[still]
|-fail|p2a: Altaria
|
|upkeep
|turn|96
|
|t:|1666746275
|move|p1a: Charizard|Flamethrower|p2a: Altaria
|-resisted|p2a: Altaria
|-damage|p2a: Altaria|77/100
|move|p2a: Altaria|Defog||[still]
|-fail|p2a: Altaria
|
|upkeep
|turn|97
|
|t:|1666746280
|switch|p1a: Gigalith|Gigalith, F|17/100 tox
|-weather|Sandstorm|[from] ability: Sand Stream|[of] p1a: Gigalith
|move|p2a: Altaria|Defog|p1a: Gigalith
|-unboost|p1a: Gigalith|evasion|1
|
|-weather|Sandstorm|[upkeep]
|-damage|p2a: Altaria|71/100|[from] Sandstorm
|-heal|p1a: Gigalith|24/100 tox|[from] item: Leftovers
|-damage|p1a: Gigalith|17/100 tox|[from] psn
|upkeep
|turn|98
|
|t:|1666746287
|switch|p2a: Quagsire|Quagsire, M|83/100
|move|p1a: Gigalith|Earthquake|p2a: Quagsire
|-damage|p2a: Quagsire|63/100
|
|-weather|Sandstorm|[upkeep]
|-heal|p2a: Quagsire|69/100|[from] item: Leftovers
|-heal|p1a: Gigalith|24/100 tox|[from] item: Leftovers
|-damage|p1a: Gigalith|11/100 tox|[from] psn
|upkeep
|turn|99
|
|t:|1666746299
|switch|p1a: Eldegoss|Eldegoss, F|100/100
|move|p2a: Quagsire|Earthquake|p1a: Eldegoss
|-resisted|p1a: Eldegoss
|-damage|p1a: Eldegoss|84/100
|
|-weather|Sandstorm|[upkeep]
|-damage|p1a: Eldegoss|78/100|[from] Sandstorm
|-heal|p1a: Eldegoss|84/100|[from] item: Leftovers
|-heal|p2a: Quagsire|75/100|[from] item: Leftovers
|upkeep
|turn|100
|
|t:|1666746312
|switch|p2a: Altaria|Altaria, F|71/100
|move|p1a: Eldegoss|Giga Drain|p2a: Altaria
|-resisted|p2a: Altaria
|-damage|p2a: Altaria|68/100
|-heal|p1a: Eldegoss|86/100|[from] drain|[of] p2a: Altaria
|
|-weather|Sandstorm|[upkeep]
|-damage|p2a: Altaria|61/100|[from] Sandstorm
|-damage|p1a: Eldegoss|80/100|[from] Sandstorm
|-heal|p1a: Eldegoss|86/100|[from] item: Leftovers
|upkeep
|turn|101
|
|t:|1666746319
|switch|p1a: Gigalith|Gigalith, F|11/100 tox
|move|p2a: Altaria|Toxic|p1a: Gigalith
|-fail|p1a: Gigalith|tox
|
|-weather|none
|-heal|p1a: Gigalith|17/100 tox|[from] item: Leftovers
|-damage|p1a: Gigalith|11/100 tox|[from] psn
|upkeep
|turn|102
|
|t:|1666746324
|switch|p1a: Eldegoss|Eldegoss, F|100/100
|move|p2a: Altaria|Roost|p2a: Altaria
|-heal|p2a: Altaria|100/100
|-singleturn|p2a: Altaria|move: Roost
|
|upkeep
|turn|103
|
|t:|1666746331
|switch|p2a: Doublade|Doublade, F|50/100
|move|p1a: Eldegoss|Leech Seed|p2a: Doublade
|-start|p2a: Doublade|move: Leech Seed
|
|-damage|p2a: Doublade|37/100|[from] Leech Seed|[of] p1a: Eldegoss
|upkeep
|turn|104
|
|t:|1666746341
|switch|p1a: Charizard|Charizard, M|100/100
|move|p2a: Doublade|Rest|p2a: Doublade
|-status|p2a: Doublade|slp|[from] move: Rest
|-heal|p2a: Doublade|100/100 slp|[silent]
|
|-damage|p2a: Doublade|88/100 slp|[from] Leech Seed|[of] p1a: Charizard
|upkeep
|turn|105
|
|t:|1666746347
|switch|p1a: Gigalith|Gigalith, F|11/100 tox
|-weather|Sandstorm|[from] ability: Sand Stream|[of] p1a: Gigalith
|switch|p2a: Altaria|Altaria, F|100/100
|
|-weather|Sandstorm|[upkeep]
|-damage|p2a: Altaria|94/100|[from] Sandstorm
|-heal|p1a: Gigalith|17/100 tox|[from] item: Leftovers
|-damage|p1a: Gigalith|11/100 tox|[from] psn
|upkeep
|turn|106
|
|t:|1666746360
|switch|p1a: Eldegoss|Eldegoss, F|100/100
|move|p2a: Altaria|Toxic|p1a: Eldegoss
|-status|p1a: Eldegoss|tox
|
|-weather|Sandstorm|[upkeep]
|-damage|p2a: Altaria|88/100|[from] Sandstorm
|-damage|p1a: Eldegoss|94/100 tox|[from] Sandstorm
|-heal|p1a: Eldegoss|100/100 tox|[from] item: Leftovers
|-damage|p1a: Eldegoss|94/100 tox|[from] psn
|upkeep
|turn|107
|
|t:|1666746369
|switch|p2a: Doublade|Doublade, F|88/100 slp
|move|p1a: Eldegoss|Leech Seed|p2a: Doublade
|-start|p2a: Doublade|move: Leech Seed
|
|-weather|Sandstorm|[upkeep]
|-damage|p1a: Eldegoss|88/100 tox|[from] Sandstorm
|-heal|p1a: Eldegoss|94/100 tox|[from] item: Leftovers
|-damage|p2a: Doublade|76/100 slp|[from] Leech Seed|[of] p1a: Eldegoss
|-heal|p1a: Eldegoss|100/100 tox|[silent]
|-damage|p1a: Eldegoss|88/100 tox|[from] psn
|upkeep
|turn|108
|
|t:|1666746375
|switch|p1a: Gigalith|Gigalith, F|11/100 tox
|switch|p2a: Altaria|Altaria, F|88/100
|
|-weather|Sandstorm|[upkeep]
|-damage|p2a: Altaria|82/100|[from] Sandstorm
|-heal|p1a: Gigalith|17/100 tox|[from] item: Leftovers
|-damage|p1a: Gigalith|11/100 tox|[from] psn
|upkeep
|turn|109
|
|t:|1666746387
|switch|p2a: Quagsire|Quagsire, M|75/100
|move|p1a: Gigalith|Toxic|p2a: Quagsire
|-status|p2a: Quagsire|tox
|
|-weather|none
|-heal|p2a: Quagsire|81/100 tox|[from] item: Leftovers
|-heal|p1a: Gigalith|17/100 tox|[from] item: Leftovers
|-damage|p2a: Quagsire|75/100 tox|[from] psn
|-damage|p1a: Gigalith|5/100 tox|[from] psn
|upkeep
|turn|110
|
|t:|1666746400
|switch|p2a: Doublade|Doublade, F|76/100 slp
|move|p1a: Gigalith|Rock Blast|p2a: Doublade
|-resisted|p2a: Doublade
|-damage|p2a: Doublade|73/100 slp
|-resisted|p2a: Doublade
|-damage|p2a: Doublade|70/100 slp
|-hitcount|p2a: Doublade|2
|
|-heal|p1a: Gigalith|11/100 tox|[from] item: Leftovers
|-damage|p1a: Gigalith|0 fnt|[from] psn
|faint|p1a: Gigalith
|upkeep
|
|t:|1666746403
|switch|p1a: Charizard|Charizard, M|100/100
|turn|111
|
|t:|1666746408
|switch|p2a: Altaria|Altaria, F|82/100
|move|p1a: Charizard|Air Slash|p2a: Altaria
|-damage|p2a: Altaria|62/100
|
|upkeep
|turn|112
|
|t:|1666746414
|move|p1a: Charizard|Air Slash|p2a: Altaria
|-damage|p2a: Altaria|45/100
|cant|p2a: Altaria|flinch
|
|upkeep
|turn|113
|
|t:|1666746419
|move|p1a: Charizard|Air Slash|p2a: Altaria
|-damage|p2a: Altaria|24/100
|cant|p2a: Altaria|flinch
|
|upkeep
|turn|114
|
|t:|1666746422
|move|p1a: Charizard|Air Slash|p2a: Altaria
|-damage|p2a: Altaria|4/100
|move|p2a: Altaria|Roost|p2a: Altaria
|-heal|p2a: Altaria|54/100
|-singleturn|p2a: Altaria|move: Roost
|
|upkeep
|turn|115
|
|t:|1666746425
|move|p1a: Charizard|Air Slash|p2a: Altaria
|-damage|p2a: Altaria|36/100
|move|p2a: Altaria|Roost|p2a: Altaria
|-heal|p2a: Altaria|86/100
|-singleturn|p2a: Altaria|move: Roost
|
|upkeep
|turn|116
|
|t:|1666746429
|move|p1a: Charizard|Substitute|p1a: Charizard
|-start|p1a: Charizard|Substitute
|-damage|p1a: Charizard|75/100
|move|p2a: Altaria|Heal Bell|p2a: Altaria
|-activate|p2a: Altaria|move: Heal Bell
|-curestatus|p2: Doublade|slp|[msg]
|-curestatus|p2: Quagsire|tox|[msg]
|
|upkeep
|turn|117
|
|t:|1666746435
|move|p1a: Charizard|Air Slash|p2a: Altaria
|-damage|p2a: Altaria|68/100
|move|p2a: Altaria|Defog||[still]
|-fail|p2a: Altaria
|
|upkeep
|turn|118
|
|t:|1666746440
|move|p1a: Charizard|Flamethrower|p2a: Altaria
|-resisted|p2a: Altaria
|-damage|p2a: Altaria|56/100
|move|p2a: Altaria|Roost|p2a: Altaria
|-heal|p2a: Altaria|100/100
|-singleturn|p2a: Altaria|move: Roost
|
|upkeep
|turn|119
|
|t:|1666746445
|move|p1a: Charizard|Flamethrower|p2a: Altaria
|-resisted|p2a: Altaria
|-damage|p2a: Altaria|89/100
|move|p2a: Altaria|Defog||[still]
|-fail|p2a: Altaria
|
|upkeep
|turn|120
|
|t:|1666746451
|move|p1a: Charizard|Air Slash|p2a: Altaria
|-damage|p2a: Altaria|72/100
|move|p2a: Altaria|Defog||[still]
|-fail|p2a: Altaria
|
|upkeep
|turn|121
|
|t:|1666746457
|move|p1a: Charizard|Air Slash|p2a: Altaria
|-damage|p2a: Altaria|52/100
|cant|p2a: Altaria|flinch
|
|upkeep
|turn|122
|
|t:|1666746461
|move|p1a: Charizard|Air Slash|p2a: Altaria
|-damage|p2a: Altaria|34/100
|move|p2a: Altaria|Roost|p2a: Altaria
|-heal|p2a: Altaria|84/100
|-singleturn|p2a: Altaria|move: Roost
|
|upkeep
|turn|123
|
|t:|1666746467
|switch|p1a: Eldegoss|Eldegoss, F|100/100 tox
|move|p2a: Altaria|Defog|p1a: Eldegoss
|-unboost|p1a: Eldegoss|evasion|1
|
|-damage|p1a: Eldegoss|94/100 tox|[from] psn
|upkeep
|turn|124
|
|t:|1666746474
|switch|p2a: Doublade|Doublade, F|70/100
|switch|p1a: Charizard|Charizard, M|75/100
|
|upkeep
|turn|125
|
|t:|1666746480
|switch|p2a: Altaria|Altaria, F|84/100
|move|p1a: Charizard|Substitute|p1a: Charizard
|-start|p1a: Charizard|Substitute
|-damage|p1a: Charizard|50/100
|
|upkeep
|turn|126
|
|t:|1666746488
|move|p1a: Charizard|Roost|p1a: Charizard
|-heal|p1a: Charizard|100/100
|-singleturn|p1a: Charizard|move: Roost
|move|p2a: Altaria|Defog||[still]
|-fail|p2a: Altaria
|
|upkeep
|turn|127
|
|t:|1666746494
|move|p1a: Charizard|Flamethrower|p2a: Altaria
|-resisted|p2a: Altaria
|-damage|p2a: Altaria|73/100
|move|p2a: Altaria|Defog||[still]
|-fail|p2a: Altaria
|
|upkeep
|turn|128
|
|t:|1666746502
|move|p1a: Charizard|Air Slash|p2a: Altaria
|-damage|p2a: Altaria|52/100
|move|p2a: Altaria|Roost|p2a: Altaria
|-heal|p2a: Altaria|100/100
|-singleturn|p2a: Altaria|move: Roost
|
|upkeep
|turn|129
|
|t:|1666746510
|switch|p1a: Eldegoss|Eldegoss, F|100/100 tox
|move|p2a: Altaria|Defog|p1a: Eldegoss
|-unboost|p1a: Eldegoss|evasion|1
|
|-damage|p1a: Eldegoss|94/100 tox|[from] psn
|upkeep
|turn|130
|
|t:|1666746518
|switch|p1a: Charizard|Charizard, M|100/100
|move|p2a: Altaria|Toxic|p1a: Charizard
|-status|p1a: Charizard|tox
|
|-damage|p1a: Charizard|94/100 tox|[from] psn
|upkeep
|turn|131
|-message|ILoveTheEarth forfeited.
|
|win|the mellow
|raw|ILoveTheEarth's rating: 1056 &rarr; <strong>1041</strong><br />(-15 for losing)
|raw|the mellow's rating: 1123 &rarr; <strong>1143</strong><br />(+20 for winning)
|l|☆ILoveTheEarth
||Ladder isn't responding, score probably updated but might not have (Request timeout).
