|j|‽Eichorrnia
|j|☆cafay sukray
|t:|1659016072
|gametype|singles
|player|p1|Eichorrnia|170|1542
|player|p2|cafay sukray|1|1535
|teamsize|p1|6
|teamsize|p2|6
|gen|8
|tier|[Gen 8] PU
|rated|
|rule|Sleep Clause Mod: Limit one foe put to sleep
|rule|Species Clause: Limit one of each Pokémon
|rule|OHKO Clause: OHKO moves are banned
|rule|Evasion Moves Clause: Evasion moves are banned
|rule|Endless Battle Clause: Forcing endless battles is banned
|rule|HP Percentage Mod: HP is shown in percentages
|rule|Dynamax Clause: You cannot dynamax
|clearpoke
|poke|p1|Charizard, F|
|poke|p1|Gigalith, F|
|poke|p1|Sandslash, M|
|poke|p1|Ferroseed, F|
|poke|p1|Lanturn, M|
|poke|p1|Comfey, M|
|poke|p2|Charizard, F|
|poke|p2|Jellicent, M|
|poke|p2|Magneton|
|poke|p2|Abomasnow, F|
|poke|p2|Sandaconda, M|
|poke|p2|Kabutops, M|
|teampreview
|inactive|Battle timer is ON: inactive players will automatically lose when time's up. (requested by Eichorrnia)
|
|t:|1659016085
|start
|switch|p1a: Comfey|Comfey, M|100/100
|switch|p2a: Kabutops|Kabutops, M|100/100
|turn|1
|
|t:|1659016093
|switch|p1a: Gigalith|Gigalith, F|100/100
|-weather|Sandstorm|[from] ability: Sand Stream|[of] p1a: Gigalith
|switch|p2a: Charizard|Charizard, F|100/100
|
|-weather|Sandstorm|[upkeep]
|-damage|p2a: Charizard|94/100|[from] Sandstorm
|upkeep
|turn|2
|
|t:|1659016099
|switch|p2a: Sandaconda|Sandaconda, M|100/100
|move|p1a: Gigalith|Stealth Rock|p2a: Sandaconda
|-sidestart|p2: cafay sukray|move: Stealth Rock
|
|-weather|Sandstorm|[upkeep]
|upkeep
|turn|3
|
|t:|1659016105
|switch|p1a: Charizard|Charizard, F|100/100
|move|p2a: Sandaconda|Stealth Rock|p1a: Charizard
|-sidestart|p1: Eichorrnia|move: Stealth Rock
|
|-weather|Sandstorm|[upkeep]
|-damage|p1a: Charizard|94/100|[from] Sandstorm
|upkeep
|turn|4
|
|t:|1659016117
|switch|p2a: Kabutops|Kabutops, M|100/100
|-damage|p2a: Kabutops|88/100|[from] Stealth Rock
|move|p1a: Charizard|Overheat|p2a: Kabutops
|-resisted|p2a: Kabutops
|-damage|p2a: Kabutops|74/100
|-unboost|p1a: Charizard|spa|2
|
|-weather|Sandstorm|[upkeep]
|-damage|p1a: Charizard|88/100|[from] Sandstorm
|-heal|p2a: Kabutops|80/100|[from] item: Leftovers
|upkeep
|turn|5
|
|t:|1659016142
|switch|p1a: Comfey|Comfey, M|100/100
|move|p2a: Kabutops|Knock Off|p1a: Comfey
|-resisted|p1a: Comfey
|-damage|p1a: Comfey|84/100
|-enditem|p1a: Comfey|Heavy-Duty Boots|[from] move: Knock Off|[of] p2a: Kabutops
|
|-weather|none
|-heal|p2a: Kabutops|86/100|[from] item: Leftovers
|upkeep
|turn|6
|
|t:|1659016154
|switch|p1a: Gigalith|Gigalith, F|100/100
|-damage|p1a: Gigalith|88/100|[from] Stealth Rock
|-weather|Sandstorm|[from] ability: Sand Stream|[of] p1a: Gigalith
|switch|p2a: Charizard|Charizard, F|94/100
|
|-weather|Sandstorm|[upkeep]
|-damage|p2a: Charizard|88/100|[from] Sandstorm
|-heal|p1a: Gigalith|94/100|[from] item: Leftovers
|upkeep
|turn|7
|
|t:|1659016164
|switch|p2a: Sandaconda|Sandaconda, M|100/100
|-damage|p2a: Sandaconda|94/100|[from] Stealth Rock
|switch|p1a: Sandslash|Sandslash, M|100/100
|-damage|p1a: Sandslash|94/100|[from] Stealth Rock
|
|-weather|Sandstorm|[upkeep]
|-heal|p1a: Sandslash|100/100|[from] item: Leftovers
|upkeep
|turn|8
|
|t:|1659016169
|move|p1a: Sandslash|Rapid Spin|p2a: Sandaconda
|-damage|p2a: Sandaconda|85/100
|-boost|p1a: Sandslash|spe|1
|-damage|p1a: Sandslash|84/100|[from] item: Rocky Helmet|[of] p2a: Sandaconda
|-sideend|p1: Eichorrnia|Stealth Rock|[from] move: Rapid Spin|[of] p1a: Sandslash
|move|p2a: Sandaconda|Glare|p1a: Sandslash
|-status|p1a: Sandslash|par
|
|-weather|Sandstorm|[upkeep]
|-heal|p1a: Sandslash|90/100 par|[from] item: Leftovers
|upkeep
|turn|9
|
|t:|1659016177
|move|p1a: Sandslash|Swords Dance|p1a: Sandslash
|-boost|p1a: Sandslash|atk|2
|move|p2a: Sandaconda|Stealth Rock|p1a: Sandslash
|-sidestart|p1: Eichorrnia|move: Stealth Rock
|
|-weather|Sandstorm|[upkeep]
|-heal|p1a: Sandslash|96/100 par|[from] item: Leftovers
|upkeep
|turn|10
|
|t:|1659016188
|move|p1a: Sandslash|Rapid Spin|p2a: Sandaconda
|-damage|p2a: Sandaconda|65/100
|-boost|p1a: Sandslash|spe|1
|-damage|p1a: Sandslash|80/100 par|[from] item: Rocky Helmet|[of] p2a: Sandaconda
|-sideend|p1: Eichorrnia|Stealth Rock|[from] move: Rapid Spin|[of] p1a: Sandslash
|move|p2a: Sandaconda|Earthquake|p1a: Sandslash
|-damage|p1a: Sandslash|42/100 par
|
|-weather|none
|-heal|p1a: Sandslash|48/100 par|[from] item: Leftovers
|upkeep
|turn|11
|
|t:|1659016196
|move|p1a: Sandslash|Earthquake|p2a: Sandaconda
|-damage|p2a: Sandaconda|11/100
|move|p2a: Sandaconda|Stealth Rock|p1a: Sandslash
|-sidestart|p1: Eichorrnia|move: Stealth Rock
|
|-heal|p1a: Sandslash|54/100 par|[from] item: Leftovers
|upkeep
|turn|12
|
|t:|1659016199
|switch|p2a: Jellicent|Jellicent, M|100/100
|-damage|p2a: Jellicent|88/100|[from] Stealth Rock
|cant|p1a: Sandslash|par
|
|-heal|p1a: Sandslash|60/100 par|[from] item: Leftovers
|upkeep
|turn|13
|
|t:|1659016205
|switch|p1a: Lanturn|Lanturn, M|100/100
|-damage|p1a: Lanturn|88/100|[from] Stealth Rock
|move|p2a: Jellicent|Shadow Ball|p1a: Lanturn
|-damage|p1a: Lanturn|46/100
|
|-heal|p1a: Lanturn|52/100|[from] item: Leftovers
|upkeep
|turn|14
|
|t:|1659016209
|move|p1a: Lanturn|Protect|p1a: Lanturn
|-singleturn|p1a: Lanturn|Protect
|move|p2a: Jellicent|Shadow Ball|p1a: Lanturn
|-activate|p1a: Lanturn|move: Protect
|
|-heal|p1a: Lanturn|59/100|[from] item: Leftovers
|upkeep
|turn|15
|
|t:|1659016212
|move|p2a: Jellicent|Shadow Ball|p1a: Lanturn
|-damage|p1a: Lanturn|12/100
|move|p1a: Lanturn|Heal Bell|p1a: Lanturn
|-activate|p1a: Lanturn|move: Heal Bell
|-curestatus|p1: Sandslash|par|[msg]
|
|-heal|p1a: Lanturn|18/100|[from] item: Leftovers
|upkeep
|turn|16
|
|t:|1659016220
|move|p1a: Lanturn|Protect|p1a: Lanturn
|-singleturn|p1a: Lanturn|Protect
|move|p2a: Jellicent|Shadow Ball|p1a: Lanturn
|-activate|p1a: Lanturn|move: Protect
|
|-heal|p1a: Lanturn|24/100|[from] item: Leftovers
|upkeep
|turn|17
|
|t:|1659016223
|switch|p2a: Sandaconda|Sandaconda, M|11/100
|-damage|p2a: Sandaconda|5/100|[from] Stealth Rock
|move|p1a: Lanturn|Protect||[still]
|-fail|p1a: Lanturn
|
|-heal|p1a: Lanturn|30/100|[from] item: Leftovers
|upkeep
|turn|18
|
|t:|1659016230
|move|p1a: Lanturn|Protect|p1a: Lanturn
|-singleturn|p1a: Lanturn|Protect
|move|p2a: Sandaconda|Rest|p2a: Sandaconda
|-status|p2a: Sandaconda|slp|[from] move: Rest
|-heal|p2a: Sandaconda|100/100 slp|[silent]
|
|-heal|p1a: Lanturn|36/100|[from] item: Leftovers
|upkeep
|turn|19
|
|t:|1659016238
|switch|p2a: Abomasnow|Abomasnow, F|100/100
|-damage|p2a: Abomasnow|76/100|[from] Stealth Rock
|-weather|Hail|[from] ability: Snow Warning|[of] p2a: Abomasnow
|move|p1a: Lanturn|Scald|p2a: Abomasnow
|-resisted|p2a: Abomasnow
|-damage|p2a: Abomasnow|63/100
|-status|p2a: Abomasnow|brn
|
|-weather|Hail|[upkeep]
|-damage|p1a: Lanturn|30/100|[from] Hail
|-heal|p1a: Lanturn|36/100|[from] item: Leftovers
|-damage|p2a: Abomasnow|57/100 brn|[from] brn
|upkeep
|turn|20
|
|t:|1659016244
|move|p1a: Lanturn|Protect|p1a: Lanturn
|-singleturn|p1a: Lanturn|Protect
|move|p2a: Abomasnow|Giga Drain|p1a: Lanturn
|-activate|p1a: Lanturn|move: Protect
|
|-weather|Hail|[upkeep]
|-damage|p1a: Lanturn|30/100|[from] Hail
|-heal|p1a: Lanturn|36/100|[from] item: Leftovers
|-damage|p2a: Abomasnow|50/100 brn|[from] brn
|upkeep
|turn|21
|
|t:|1659016249
|switch|p1a: Ferroseed|Ferroseed, F|100/100
|-damage|p1a: Ferroseed|94/100|[from] Stealth Rock
|move|p2a: Abomasnow|Giga Drain|p1a: Ferroseed
|-resisted|p1a: Ferroseed
|-damage|p1a: Ferroseed|84/100
|-heal|p2a: Abomasnow|55/100 brn|[from] drain|[of] p1a: Ferroseed
|
|-weather|Hail|[upkeep]
|-damage|p1a: Ferroseed|78/100|[from] Hail
|-damage|p2a: Abomasnow|49/100 brn|[from] brn
|upkeep
|turn|22
|
|t:|1659016255
|switch|p2a: Charizard|Charizard, F|88/100
|move|p1a: Ferroseed|Knock Off|p2a: Charizard
|-damage|p2a: Charizard|70/100
|-enditem|p2a: Charizard|Heavy-Duty Boots|[from] move: Knock Off|[of] p1a: Ferroseed
|
|-weather|Hail|[upkeep]
|-damage|p2a: Charizard|64/100|[from] Hail
|-damage|p1a: Ferroseed|71/100|[from] Hail
|upkeep
|turn|23
|
|t:|1659016264
|switch|p1a: Gigalith|Gigalith, F|94/100
|-damage|p1a: Gigalith|82/100|[from] Stealth Rock
|-weather|Sandstorm|[from] ability: Sand Stream|[of] p1a: Gigalith
|move|p2a: Charizard|Toxic|p1a: Gigalith
|-status|p1a: Gigalith|tox
|
|-weather|Sandstorm|[upkeep]
|-damage|p2a: Charizard|58/100|[from] Sandstorm
|-heal|p1a: Gigalith|88/100 tox|[from] item: Leftovers
|-damage|p1a: Gigalith|82/100 tox|[from] psn
|upkeep
|turn|24
|
|t:|1659016275
|switch|p1a: Comfey|Comfey, M|84/100
|-damage|p1a: Comfey|72/100|[from] Stealth Rock
|move|p2a: Charizard|Roost|p2a: Charizard
|-heal|p2a: Charizard|100/100
|-singleturn|p2a: Charizard|move: Roost
|
|-weather|Sandstorm|[upkeep]
|-damage|p2a: Charizard|94/100|[from] Sandstorm
|-damage|p1a: Comfey|66/100|[from] Sandstorm
|upkeep
|turn|25
|
|t:|1659016283
|switch|p1a: Gigalith|Gigalith, F|82/100 tox
|-damage|p1a: Gigalith|70/100 tox|[from] Stealth Rock
|move|p2a: Charizard|Flamethrower|p1a: Gigalith
|-resisted|p1a: Gigalith
|-damage|p1a: Gigalith|59/100 tox
|
|-weather|Sandstorm|[upkeep]
|-damage|p2a: Charizard|88/100|[from] Sandstorm
|-heal|p1a: Gigalith|65/100 tox|[from] item: Leftovers
|-damage|p1a: Gigalith|59/100 tox|[from] psn
|upkeep
|turn|26
|
|t:|1659016301
|switch|p2a: Sandaconda|Sandaconda, M|100/100 slp
|-damage|p2a: Sandaconda|94/100 slp|[from] Stealth Rock
|switch|p1a: Comfey|Comfey, M|66/100
|-damage|p1a: Comfey|53/100|[from] Stealth Rock
|
|-weather|Sandstorm|[upkeep]
|-damage|p1a: Comfey|47/100|[from] Sandstorm
|upkeep
|turn|27
|
|t:|1659016306
|switch|p2a: Magneton|Magneton|100/100
|-damage|p2a: Magneton|94/100|[from] Stealth Rock
|move|p1a: Comfey|Calm Mind|p1a: Comfey
|-boost|p1a: Comfey|spa|1
|-boost|p1a: Comfey|spd|1
|
|-weather|none
|upkeep
|turn|28
|
|t:|1659016317
|switch|p1a: Lanturn|Lanturn, M|36/100
|-damage|p1a: Lanturn|24/100|[from] Stealth Rock
|move|p2a: Magneton|Flash Cannon|p1a: Lanturn
|-resisted|p1a: Lanturn
|-crit|p1a: Lanturn
|-damage|p1a: Lanturn|0 fnt
|faint|p1a: Lanturn
|
|upkeep
|
|t:|1659016334
|switch|p1a: Ferroseed|Ferroseed, F|71/100
|-damage|p1a: Ferroseed|65/100|[from] Stealth Rock
|turn|29
|
|t:|1659016342
|move|p2a: Magneton|Flash Cannon|p1a: Ferroseed
|-resisted|p1a: Ferroseed
|-damage|p1a: Ferroseed|37/100
|move|p1a: Ferroseed|Leech Seed|p2a: Magneton
|-start|p2a: Magneton|move: Leech Seed
|
|-damage|p2a: Magneton|82/100|[from] Leech Seed|[of] p1a: Ferroseed
|-heal|p1a: Ferroseed|47/100|[silent]
|upkeep
|turn|30
|
|t:|1659016353
|move|p2a: Magneton|Flash Cannon|p1a: Ferroseed
|-resisted|p1a: Ferroseed
|-damage|p1a: Ferroseed|22/100
|move|p1a: Ferroseed|Gyro Ball|p2a: Magneton
|-resisted|p2a: Magneton
|-damage|p2a: Magneton|71/100
|
|-damage|p2a: Magneton|59/100|[from] Leech Seed|[of] p1a: Ferroseed
|-heal|p1a: Ferroseed|33/100|[silent]
|upkeep
|turn|31
|
|t:|1659016360
|switch|p2a: Jellicent|Jellicent, M|88/100
|-damage|p2a: Jellicent|76/100|[from] Stealth Rock
|move|p1a: Ferroseed|Spikes|p2a: Jellicent
|-sidestart|p2: cafay sukray|Spikes
|
|upkeep
|turn|32
|
|t:|1659016367
|switch|p1a: Gigalith|Gigalith, F|59/100 tox
|-damage|p1a: Gigalith|46/100 tox|[from] Stealth Rock
|-weather|Sandstorm|[from] ability: Sand Stream|[of] p1a: Gigalith
|move|p2a: Jellicent|Shadow Ball|p1a: Gigalith
|-damage|p1a: Gigalith|21/100 tox
|
|-weather|Sandstorm|[upkeep]
|-damage|p2a: Jellicent|70/100|[from] Sandstorm
|-heal|p1a: Gigalith|28/100 tox|[from] item: Leftovers
|-damage|p1a: Gigalith|21/100 tox|[from] psn
|upkeep
|turn|33
|
|t:|1659016378
|move|p1a: Gigalith|Protect|p1a: Gigalith
|-singleturn|p1a: Gigalith|Protect
|move|p2a: Jellicent|Shadow Ball|p1a: Gigalith
|-activate|p1a: Gigalith|move: Protect
|
|-weather|Sandstorm|[upkeep]
|-damage|p2a: Jellicent|64/100|[from] Sandstorm
|-heal|p1a: Gigalith|28/100 tox|[from] item: Leftovers
|-damage|p1a: Gigalith|15/100 tox|[from] psn
|upkeep
|turn|34
|
|t:|1659016380
|move|p2a: Jellicent|Shadow Ball|p1a: Gigalith
|-damage|p1a: Gigalith|0 fnt
|faint|p1a: Gigalith
|
|-weather|Sandstorm|[upkeep]
|-damage|p2a: Jellicent|58/100|[from] Sandstorm
|upkeep
|
|t:|1659016383
|switch|p1a: Comfey|Comfey, M|47/100
|-damage|p1a: Comfey|35/100|[from] Stealth Rock
|turn|35
|
|t:|1659016404
|switch|p2a: Charizard|Charizard, F|88/100
|-damage|p2a: Charizard|39/100|[from] Stealth Rock
|move|p1a: Comfey|Draining Kiss|p2a: Charizard
|-resisted|p2a: Charizard
|-damage|p2a: Charizard|24/100
|-heal|p1a: Comfey|45/100|[from] drain|[of] p2a: Charizard
|
|-weather|Sandstorm|[upkeep]
|-damage|p2a: Charizard|18/100|[from] Sandstorm
|-damage|p1a: Comfey|39/100|[from] Sandstorm
|upkeep
|turn|36
|
|t:|1659016419
|move|p1a: Comfey|Draining Kiss|p2a: Charizard
|-resisted|p2a: Charizard
|-damage|p2a: Charizard|4/100
|-heal|p1a: Comfey|50/100|[from] drain|[of] p2a: Charizard
|move|p2a: Charizard|Flamethrower|p1a: Comfey
|-damage|p1a: Comfey|0 fnt
|faint|p1a: Comfey
|
|-weather|none
|upkeep
|
|t:|1659016428
|switch|p1a: Sandslash|Sandslash, M|60/100
|-damage|p1a: Sandslash|54/100|[from] Stealth Rock
|turn|37
|
|t:|1659016431
|move|p2a: Charizard|Flamethrower|p1a: Sandslash
|-damage|p1a: Sandslash|0 fnt
|faint|p1a: Sandslash
|
|upkeep
|-message|Eichorrnia forfeited.
|
|win|cafay sukray
|raw|Eichorrnia's rating: 1552 &rarr; <strong>1529</strong><br />(-23 for losing)
|raw|cafay sukray's rating: 1504 &rarr; <strong>1527</strong><br />(+23 for winning)
|l|‽Eichorrnia
