|j|☆Dill Dongo67
|j|☆kingqueso141
|t:|1649973028
|gametype|singles
|player|p1|Dill Dongo67|marlon|1375
|player|p2|kingqueso141|rosa|1362
|teamsize|p1|6
|teamsize|p2|6
|gen|8
|tier|[Gen 8] PU
|rated|
|rule|Sleep Clause Mod: Limit one foe put to sleep
|rule|Species Clause: Limit one of each Pokémon
|rule|OHKO Clause: OHKO moves are banned
|rule|Evasion Moves Clause: Evasion moves are banned
|rule|Endless Battle Clause: Forcing endless battles is banned
|rule|HP Percentage Mod: HP is shown in percentages
|rule|Dynamax Clause: You cannot dynamax
|clearpoke
|poke|p1|Weezing, M|
|poke|p1|Sandslash, M|
|poke|p1|Scyther, M|
|poke|p1|Gigalith, F|
|poke|p1|Jolteon, F|
|poke|p1|Charizard, F|
|poke|p2|Centiskorch, F|
|poke|p2|Silvally-*|
|poke|p2|Articuno-Galar|
|poke|p2|Regirock|
|poke|p2|Tangela, F|
|poke|p2|Lanturn, F|
|teampreview
|inactive|Battle timer is ON: inactive players will automatically lose when time's up. (requested by Dill Dongo67)
|
|t:|1649973046
|start
|switch|p1a: Massive Attack|Scyther, M|100/100
|switch|p2a: Lanturn|Lanturn, F|100/100
|turn|1
|
|t:|1649973067
|move|p1a: Massive Attack|U-turn|p2a: Lanturn
|-damage|p2a: Lanturn|65/100
|
|t:|1649973072
|switch|p1a: Fleet Fox|Jolteon, F, shiny|100/100|[from]move: U-turn
|move|p2a: Lanturn|Scald|p1a: Fleet Fox
|-damage|p1a: Fleet Fox|71/100
|
|-heal|p2a: Lanturn|71/100|[from] item: Leftovers
|upkeep
|turn|2
|
|t:|1649973081
|move|p1a: Fleet Fox|Shadow Ball|p2a: Lanturn
|-damage|p2a: Lanturn|43/100
|-unboost|p2a: Lanturn|spd|1
|move|p2a: Lanturn|Toxic|p1a: Fleet Fox
|-status|p1a: Fleet Fox|tox
|
|-heal|p2a: Lanturn|49/100|[from] item: Leftovers
|-damage|p1a: Fleet Fox|65/100 tox|[from] psn
|upkeep
|turn|3
|
|t:|1649973094
|move|p1a: Fleet Fox|Shadow Ball|p2a: Lanturn
|-damage|p2a: Lanturn|1/100
|move|p2a: Lanturn|Scald|p1a: Fleet Fox
|-damage|p1a: Fleet Fox|34/100 tox
|
|-heal|p2a: Lanturn|7/100|[from] item: Leftovers
|-damage|p1a: Fleet Fox|23/100 tox|[from] psn
|upkeep
|turn|4
|
|t:|1649973103
|switch|p2a: Regirock|Regirock|100/100
|move|p1a: Fleet Fox|Shadow Ball|p2a: Regirock
|-crit|p2a: Regirock
|-damage|p2a: Regirock|40/100
|
|-heal|p2a: Regirock|46/100|[from] item: Leftovers
|-damage|p1a: Fleet Fox|5/100 tox|[from] psn
|upkeep
|turn|5
|
|t:|1649973117
|move|p1a: Fleet Fox|Shadow Ball|p2a: Regirock
|-crit|p2a: Regirock
|-damage|p2a: Regirock|0 fnt
|faint|p2a: Regirock
|
|-damage|p1a: Fleet Fox|0 fnt|[from] psn
|faint|p1a: Fleet Fox
|upkeep
|c|☆Dill Dongo67|damn
|c|☆kingqueso141|oof
|
|t:|1649973134
|switch|p1a: Massive Attack|Scyther, M|100/100
|switch|p2a: Centiskorch|Centiskorch, F|100/100
|turn|6
|
|t:|1649973139
|switch|p2a: Silvally|Silvally-Poison|100/100
|move|p1a: Massive Attack|Dual Wingbeat|p2a: Silvally
|-damage|p2a: Silvally|72/100
|-damage|p2a: Silvally|43/100
|-hitcount|p2a: Silvally|2
|
|upkeep
|turn|7
|
|t:|1649973147
|move|p1a: Massive Attack|Dual Wingbeat|p2a: Silvally|[miss]
|-miss|p1a: Massive Attack|p2a: Silvally
|move|p2a: Silvally|Flame Charge|p1a: Massive Attack
|-supereffective|p1a: Massive Attack
|-damage|p1a: Massive Attack|58/100
|-boost|p2a: Silvally|spe|1
|
|upkeep
|turn|8
|
|t:|1649973157
|switch|p1a: Wheezer|Weezing, M, shiny|100/100
|move|p2a: Silvally|Multi-Attack|p1a: Wheezer
|-resisted|p1a: Wheezer
|-damage|p1a: Wheezer|85/100
|-damage|p2a: Silvally|27/100|[from] item: Rocky Helmet|[of] p1a: Wheezer
|
|upkeep
|turn|9
|
|t:|1649973166
|move|p2a: Silvally|U-turn|p1a: Wheezer
|-resisted|p1a: Wheezer
|-damage|p1a: Wheezer|78/100
|-damage|p2a: Silvally|10/100|[from] item: Rocky Helmet|[of] p1a: Wheezer
|
|t:|1649973174
|switch|p2a: Articuno|Articuno-Galar|100/100|[from]move: U-turn
|move|p1a: Wheezer|Will-O-Wisp|p2a: Articuno
|-status|p2a: Articuno|brn
|
|-damage|p2a: Articuno|94/100 brn|[from] brn
|upkeep
|turn|10
|
|t:|1649973182
|switch|p1a: Tricky|Gigalith, F, shiny|100/100
|-weather|Sandstorm|[from] ability: Sand Stream|[of] p1a: Tricky
|move|p2a: Articuno|Freezing Glare|p1a: Tricky
|-damage|p1a: Tricky|64/100
|
|-weather|Sandstorm|[upkeep]
|-damage|p2a: Articuno|88/100 brn|[from] Sandstorm
|-heal|p1a: Tricky|71/100|[from] item: Leftovers
|-damage|p2a: Articuno|82/100 brn|[from] brn
|upkeep
|turn|11
|
|t:|1649973193
|switch|p2a: Tangela|Tangela, F|100/100
|move|p1a: Tricky|Stealth Rock|p2a: Tangela
|-sidestart|p2: kingqueso141|move: Stealth Rock
|
|-weather|Sandstorm|[upkeep]
|-damage|p2a: Tangela|95/100|[from] Sandstorm
|-heal|p1a: Tricky|77/100|[from] item: Leftovers
|upkeep
|turn|12
|
|t:|1649973201
|move|p1a: Tricky|Protect|p1a: Tricky
|-singleturn|p1a: Tricky|Protect
|move|p2a: Tangela|Sleep Powder|p1a: Tricky
|-activate|p1a: Tricky|move: Protect
|
|-weather|Sandstorm|[upkeep]
|-damage|p2a: Tangela|89/100|[from] Sandstorm
|-heal|p1a: Tricky|83/100|[from] item: Leftovers
|upkeep
|turn|13
|
|t:|1649973215
|switch|p1a: Wheezer|Weezing, M, shiny|78/100
|move|p2a: Tangela|Knock Off|p1a: Wheezer
|-damage|p1a: Wheezer|69/100
|-damage|p2a: Tangela|72/100|[from] item: Rocky Helmet|[of] p1a: Wheezer
|-enditem|p1a: Wheezer|Rocky Helmet|[from] move: Knock Off|[of] p2a: Tangela
|
|-weather|Sandstorm|[upkeep]
|-damage|p1a: Wheezer|63/100|[from] Sandstorm
|-damage|p2a: Tangela|66/100|[from] Sandstorm
|upkeep
|turn|14
|
|t:|1649973231
|switch|p2a: Articuno|Articuno-Galar|82/100 brn
|-damage|p2a: Articuno|57/100 brn|[from] Stealth Rock
|move|p1a: Wheezer|Sludge Bomb|p2a: Articuno
|-damage|p2a: Articuno|29/100 brn
|
|-weather|none
|-damage|p2a: Articuno|23/100 brn|[from] brn
|upkeep
|turn|15
|
|t:|1649973240
|switch|p1a: Tricky|Gigalith, F, shiny|83/100
|-weather|Sandstorm|[from] ability: Sand Stream|[of] p1a: Tricky
|move|p2a: Articuno|Psyshock|p1a: Tricky
|-damage|p1a: Tricky|38/100
|
|-weather|Sandstorm|[upkeep]
|-damage|p2a: Articuno|16/100 brn|[from] Sandstorm
|-heal|p1a: Tricky|45/100|[from] item: Leftovers
|-damage|p2a: Articuno|10/100 brn|[from] brn
|upkeep
|turn|16
|
|t:|1649973251
|move|p1a: Tricky|Protect|p1a: Tricky
|-singleturn|p1a: Tricky|Protect
|move|p2a: Articuno|Psyshock|p1a: Tricky
|-activate|p1a: Tricky|move: Protect
|
|-weather|Sandstorm|[upkeep]
|-damage|p2a: Articuno|4/100 brn|[from] Sandstorm
|-heal|p1a: Tricky|51/100|[from] item: Leftovers
|-damage|p2a: Articuno|0 fnt|[from] brn
|faint|p2a: Articuno
|upkeep
|
|t:|1649973257
|switch|p2a: Tangela|Tangela, F|99/100
|-damage|p2a: Tangela|87/100|[from] Stealth Rock
|turn|17
|
|t:|1649973264
|switch|p1a: Wheezer|Weezing, M, shiny|63/100
|move|p2a: Tangela|Sleep Powder|p1a: Wheezer
|-status|p1a: Wheezer|slp|[from] move: Sleep Powder
|
|-weather|Sandstorm|[upkeep]
|-damage|p1a: Wheezer|57/100 slp|[from] Sandstorm
|-damage|p2a: Tangela|81/100|[from] Sandstorm
|upkeep
|turn|18
|
|t:|1649973276
|switch|p1a: Radiohead|Charizard, F|100/100
|switch|p2a: Centiskorch|Centiskorch, F|100/100
|
|-weather|Sandstorm|[upkeep]
|-damage|p1a: Radiohead|94/100|[from] Sandstorm
|-damage|p2a: Centiskorch|94/100|[from] Sandstorm
|upkeep
|turn|19
|
|t:|1649973283
|move|p1a: Radiohead|Toxic|p2a: Centiskorch
|-status|p2a: Centiskorch|tox
|move|p2a: Centiskorch|Fire Lash|p1a: Radiohead
|-resisted|p1a: Radiohead
|-damage|p1a: Radiohead|64/100
|-unboost|p1a: Radiohead|def|1
|
|-weather|none
|-damage|p2a: Centiskorch|88/100 tox|[from] psn
|upkeep
|turn|20
|
|t:|1649973299
|switch|p1a: Tricky|Gigalith, F, shiny|51/100
|-weather|Sandstorm|[from] ability: Sand Stream|[of] p1a: Tricky
|move|p2a: Centiskorch|Knock Off|p1a: Tricky
|-damage|p1a: Tricky|26/100
|-enditem|p1a: Tricky|Leftovers|[from] move: Knock Off|[of] p2a: Centiskorch
|
|-weather|Sandstorm|[upkeep]
|-damage|p2a: Centiskorch|82/100 tox|[from] Sandstorm
|-damage|p2a: Centiskorch|70/100 tox|[from] psn
|upkeep
|turn|21
|
|t:|1649973310
|move|p2a: Centiskorch|Power Whip|p1a: Tricky
|-supereffective|p1a: Tricky
|-damage|p1a: Tricky|0 fnt
|faint|p1a: Tricky
|
|-weather|Sandstorm|[upkeep]
|-damage|p2a: Centiskorch|64/100 tox|[from] Sandstorm
|-damage|p2a: Centiskorch|45/100 tox|[from] psn
|upkeep
|
|t:|1649973318
|switch|p1a: Modest Mouse|Sandslash, M|100/100
|turn|22
|
|t:|1649973321
|move|p1a: Modest Mouse|Rock Slide|p2a: Centiskorch|[miss]
|-miss|p1a: Modest Mouse|p2a: Centiskorch
|move|p2a: Centiskorch|Power Whip|p1a: Modest Mouse
|-supereffective|p1a: Modest Mouse
|-damage|p1a: Modest Mouse|10/100
|
|-weather|Sandstorm|[upkeep]
|-damage|p2a: Centiskorch|39/100 tox|[from] Sandstorm
|-damage|p2a: Centiskorch|14/100 tox|[from] psn
|upkeep
|turn|23
|c|☆Dill Dongo67|fml
|
|t:|1649973336
|switch|p2a: Tangela|Tangela, F|100/100
|-damage|p2a: Tangela|88/100|[from] Stealth Rock
|move|p1a: Modest Mouse|Rapid Spin|p2a: Tangela
|-damage|p2a: Tangela|82/100
|-boost|p1a: Modest Mouse|spe|1
|
|-weather|Sandstorm|[upkeep]
|-damage|p2a: Tangela|76/100|[from] Sandstorm
|upkeep
|turn|24
|c|☆kingqueso141|don't think I can win anyways. Losing regirock to crits was a killer. No answer for zard
|
|t:|1649973363
|switch|p1a: Massive Attack|Scyther, M|58/100
|move|p2a: Tangela|Giga Drain|p1a: Massive Attack
|-resisted|p1a: Massive Attack
|-damage|p1a: Massive Attack|49/100
|-heal|p2a: Tangela|80/100|[from] drain|[of] p1a: Massive Attack
|
|-weather|none
|upkeep
|turn|25
|c|☆Dill Dongo67|i think so too lol i just love Sandslash
|
|t:|1649973380
|move|p1a: Massive Attack|Knock Off|p2a: Tangela
|-damage|p2a: Tangela|65/100
|-enditem|p2a: Tangela|Eviolite|[from] move: Knock Off|[of] p1a: Massive Attack
|move|p2a: Tangela|Sleep Powder|p1a: Massive Attack
|-message|Sleep Clause Mod activated.
|
|upkeep
|turn|26
|c|☆Dill Dongo67|bruh
|c|☆kingqueso141|oh right
|
|t:|1649973389
|move|p1a: Massive Attack|Dual Wingbeat|p2a: Tangela
|-supereffective|p2a: Tangela
|-damage|p2a: Tangela|30/100
|-supereffective|p2a: Tangela
|-damage|p2a: Tangela|0 fnt
|faint|p2a: Tangela
|-hitcount|p2: Tangela|2
|
|upkeep
|
|t:|1649973395
|switch|p2a: Centiskorch|Centiskorch, F|14/100 tox
|turn|27
|
|t:|1649973401
|move|p1a: Massive Attack|Knock Off|p2a: Centiskorch
|-damage|p2a: Centiskorch|0 fnt
|-enditem|p2a: Centiskorch|Heavy-Duty Boots|[from] move: Knock Off|[of] p1a: Massive Attack
|faint|p2a: Centiskorch
|
|upkeep
|
|t:|1649973404
|switch|p2a: Silvally|Silvally-Poison|10/100
|-damage|p2a: Silvally|0 fnt|[from] Stealth Rock
|faint|p2a: Silvally
|
|t:|1649973405
|switch|p2a: Lanturn|Lanturn, F|7/100
|-damage|p2a: Lanturn|0 fnt|[from] Stealth Rock
|faint|p2a: Lanturn
|
|win|Dill Dongo67
|raw|Dill Dongo67's rating: 1375 &rarr; <strong>1394</strong><br />(+19 for winning)
|raw|kingqueso141's rating: 1362 &rarr; <strong>1343</strong><br />(-19 for losing)
|c|☆Dill Dongo67|gg
|c|☆kingqueso141|gg
|c|☆Dill Dongo67|flash fire?
|c|☆kingqueso141|yeah
|c|☆Dill Dongo67|ah thx  <S>
|c|☆Dill Dongo67|gg man cool team
|c|☆kingqueso141|thx
|c|☆Dill Dongo67|definitely got lucky there
|l|☆kingqueso141
