|html|<div class="broadcast-blue"><strong>[Gen 8] PU is currently suspecting Vanilluxe! For information on how to participate check out the <a href="https://www.smogon.com/forums/threads/np-ss-pu-stage-10-ice-cream-vanilluxe-suspect-test.3705646/">suspect thread</a>.</strong></div>
|raw|<div class="broadcast-blue"><strong>This battle is required to be public due to a player having a name starting with 'pult4c1'.</div>
|j|☆double d drizzle
|j|☆PULT4C1 Inder
|t:|1660516172
|gametype|singles
|player|p1|double d drizzle|beauty-gen4dp|1241
|player|p2|PULT4C1 Inder|lyra|1378
|teamsize|p1|6
|teamsize|p2|6
|gen|8
|tier|[Gen 8] PU
|rated|
|rule|Sleep Clause Mod: Limit one foe put to sleep
|rule|Species Clause: Limit one of each Pokémon
|rule|OHKO Clause: OHKO moves are banned
|rule|Evasion Items Clause: Evasion items are banned
|rule|Evasion Moves Clause: Evasion moves are banned
|rule|Endless Battle Clause: Forcing endless battles is banned
|rule|HP Percentage Mod: HP is shown in percentages
|rule|Dynamax Clause: You cannot dynamax
|clearpoke
|poke|p1|Charizard, M|
|poke|p1|Audino, F|
|poke|p1|Togedemaru, F|
|poke|p1|Sandaconda, F|
|poke|p1|Arctovish|
|poke|p1|Galvantula, F|
|poke|p2|Doublade, M|
|poke|p2|Vikavolt, M|
|poke|p2|Archeops, M|
|poke|p2|Silvally-*|
|poke|p2|Turtonator, F|
|poke|p2|Druddigon, M|
|teampreview
|inactive|Battle timer is ON: inactive players will automatically lose when time's up. (requested by PULT4C1 Inder)
|
|t:|1660516194
|start
|switch|p1a: Sandaconda|Sandaconda, F|100/100
|switch|p2a: Druddigon|Druddigon, M|100/100
|-ability|p2a: Druddigon|Mold Breaker
|turn|1
|
|t:|1660516200
|move|p2a: Druddigon|Taunt|p1a: Sandaconda
|-start|p1a: Sandaconda|move: Taunt
|cant|p1a: Sandaconda|move: Taunt|Glare
|
|upkeep
|turn|2
|
|t:|1660516205
|move|p2a: Druddigon|Stealth Rock|p1a: Sandaconda
|-sidestart|p1: double d drizzle|move: Stealth Rock
|move|p1a: Sandaconda|Earthquake|p2a: Druddigon
|-damage|p2a: Druddigon|53/100
|
|upkeep
|turn|3
|
|t:|1660516212
|move|p2a: Druddigon|Earthquake|p1a: Sandaconda
|-damage|p1a: Sandaconda|80/100
|move|p1a: Sandaconda|Earthquake|p2a: Druddigon
|-damage|p2a: Druddigon|4/100
|
|-end|p1a: Sandaconda|move: Taunt
|upkeep
|turn|4
|
|t:|1660516219
|move|p2a: Druddigon|Taunt|p1a: Sandaconda
|-start|p1a: Sandaconda|move: Taunt
|move|p1a: Sandaconda|Earthquake|p2a: Druddigon
|-damage|p2a: Druddigon|0 fnt
|faint|p2a: Druddigon
|
|upkeep
|
|t:|1660516221
|switch|p2a: Vikavolt|Vikavolt, M|100/100
|turn|5
|j| kekkekeke
|
|t:|1660516235
|switch|p1a: Togedemaru|Togedemaru, F|100/100
|-damage|p1a: Togedemaru|95/100|[from] Stealth Rock
|move|p2a: Vikavolt|Bug Buzz|p1a: Togedemaru
|-resisted|p1a: Togedemaru
|-crit|p1a: Togedemaru
|-damage|p1a: Togedemaru|56/100
|-enditem|p2a: Vikavolt|Throat Spray
|-boost|p2a: Vikavolt|spa|1|[from] item: Throat Spray
|
|upkeep
|turn|6
|
|t:|1660516256
|move|p1a: Togedemaru|U-turn|p2a: Vikavolt
|-damage|p2a: Vikavolt|77/100
|
|t:|1660516264
|switch|p1a: Audino|Audino, F|100/100|[from]move: U-turn
|move|p2a: Vikavolt|Agility|p2a: Vikavolt
|-boost|p2a: Vikavolt|spe|2
|
|upkeep
|turn|7
|inactive|PULT4C1 Inder has 120 seconds left.
|
|t:|1660516297
|move|p2a: Vikavolt|Thunderbolt|p1a: Audino
|-damage|p1a: Audino|53/100
|move|p1a: Audino|Toxic|p2a: Vikavolt
|-status|p2a: Vikavolt|tox
|
|-damage|p2a: Vikavolt|71/100 tox|[from] psn
|upkeep
|turn|8
|
|t:|1660516305
|move|p2a: Vikavolt|Thunderbolt|p1a: Audino
|-damage|p1a: Audino|5/100
|move|p1a: Audino|Wish|p1a: Audino
|
|-damage|p2a: Vikavolt|59/100 tox|[from] psn
|upkeep
|turn|9
|
|t:|1660516320
|switch|p2a: Doublade|Doublade, M|100/100
|move|p1a: Audino|Protect||[still]
|-fail|p1a: Audino
|
|-heal|p1a: Audino|55/100|[from] move: Wish|[wisher] Audino
|upkeep
|turn|10
|
|t:|1660516346
|move|p1a: Audino|Knock Off|p2a: Doublade
|-supereffective|p2a: Doublade
|-crit|p2a: Doublade
|-damage|p2a: Doublade|75/100
|-enditem|p2a: Doublade|Eviolite|[from] move: Knock Off|[of] p1a: Audino
|move|p2a: Doublade|Swords Dance|p2a: Doublade
|-boost|p2a: Doublade|atk|2
|
|upkeep
|turn|11
|
|t:|1660516359
|switch|p1a: Sandaconda|Sandaconda, F|80/100
|-damage|p1a: Sandaconda|74/100|[from] Stealth Rock
|move|p2a: Doublade|Close Combat|p1a: Sandaconda
|-damage|p1a: Sandaconda|22/100
|-unboost|p2a: Doublade|def|1
|-unboost|p2a: Doublade|spd|1
|-damage|p2a: Doublade|59/100|[from] item: Rocky Helmet|[of] p1a: Sandaconda
|
|upkeep
|turn|12
|inactive|double d drizzle has 120 seconds left.
|
|t:|1660516375
|switch|p1a: Togedemaru|Togedemaru, F|56/100
|-damage|p1a: Togedemaru|50/100|[from] Stealth Rock
|move|p2a: Doublade|Shadow Sneak|p1a: Togedemaru
|-damage|p1a: Togedemaru|0 fnt
|-damage|p2a: Doublade|47/100|[from] ability: Iron Barbs|[of] p1a: Togedemaru
|faint|p1a: Togedemaru
|
|upkeep
|inactive|double d drizzle has 120 seconds left.
|
|t:|1660516383
|switch|p1a: Charizard|Charizard, M|100/100
|turn|13
|
|t:|1660516386
|move|p2a: Doublade|Shadow Sneak|p1a: Charizard
|-damage|p1a: Charizard|43/100
|move|p1a: Charizard|Flamethrower|p2a: Doublade
|-supereffective|p2a: Doublade
|-damage|p2a: Doublade|0 fnt
|faint|p2a: Doublade
|
|upkeep
|
|t:|1660516391
|switch|p2a: Turtonator|Turtonator, F|100/100
|turn|14
|
|t:|1660516401
|move|p1a: Charizard|Hurricane|p2a: Turtonator
|-damage|p2a: Turtonator|20/100
|move|p2a: Turtonator|Shell Smash|p2a: Turtonator
|-unboost|p2a: Turtonator|def|1
|-unboost|p2a: Turtonator|spd|1
|-boost|p2a: Turtonator|atk|2
|-boost|p2a: Turtonator|spa|2
|-boost|p2a: Turtonator|spe|2
|
|upkeep
|turn|15
|
|t:|1660516410
|move|p2a: Turtonator|Flamethrower|p1a: Charizard
|-resisted|p1a: Charizard
|-damage|p1a: Charizard|0 fnt
|faint|p1a: Charizard
|
|upkeep
|
|t:|1660516423
|switch|p1a: Audino|Audino, F|88/100
|turn|16
|
|t:|1660516429
|move|p2a: Turtonator|Draco Meteor|p1a: Audino|[miss]
|-miss|p2a: Turtonator|p1a: Audino
|move|p1a: Audino|Knock Off|p2a: Turtonator
|-damage|p2a: Turtonator|0 fnt
|-enditem|p2a: Turtonator|Heavy-Duty Boots|[from] move: Knock Off|[of] p1a: Audino
|faint|p2a: Turtonator
|
|upkeep
|
|t:|1660516435
|switch|p2a: Silvally|Silvally-Fairy|100/100
|turn|17
|
|t:|1660516446
|switch|p1a: Galvantula|Galvantula, F|100/100
|move|p2a: Silvally|Swords Dance|p2a: Silvally
|-boost|p2a: Silvally|atk|2
|
|upkeep
|turn|18
|
|t:|1660516454
|move|p1a: Galvantula|Thunder|p2a: Silvally
|-damage|p2a: Silvally|47/100
|move|p2a: Silvally|Flame Charge|p1a: Galvantula
|-supereffective|p1a: Galvantula
|-damage|p1a: Galvantula|0 fnt
|-boost|p2a: Silvally|spe|1
|faint|p1a: Galvantula
|
|upkeep
|-message|double d drizzle forfeited.
|
|win|PULT4C1 Inder
|raw|double d drizzle's rating: 1241 &rarr; <strong>1225</strong><br />(-16 for losing)
|raw|PULT4C1 Inder's rating: 1378 &rarr; <strong>1390</strong><br />(+12 for winning)
|l|☆double d drizzle
