|j|☆yassy slay
|j|☆Haffling test
|t:|1648466925
|gametype|singles
|player|p1|yassy slay|clown|1476
|player|p2|Haffling test|cyrus|1215
|teamsize|p1|6
|teamsize|p2|6
|gen|8
|tier|[Gen 8] PU
|rated|
|rule|Sleep Clause Mod: Limit one foe put to sleep
|rule|Species Clause: Limit one of each Pokémon
|rule|OHKO Clause: OHKO moves are banned
|rule|Evasion Moves Clause: Evasion moves are banned
|rule|Endless Battle Clause: Forcing endless battles is banned
|rule|HP Percentage Mod: HP is shown in percentages
|rule|Dynamax Clause: You cannot dynamax
|clearpoke
|poke|p1|Musharna, M|
|poke|p1|Flapple, F|
|poke|p1|Quagsire, M|
|poke|p1|Cryogonal|
|poke|p1|Cinccino, M|
|poke|p1|Druddigon, M|
|poke|p2|Centiskorch, M|
|poke|p2|Gigalith, M|
|poke|p2|Jellicent, M|
|poke|p2|Eldegoss, M|
|poke|p2|Scrafty, F|
|poke|p2|Manectric, F|
|teampreview
|
|t:|1648466935
|start
|switch|p1a: Cinccino|Cinccino, M|100/100
|switch|p2a: Gigalith|Gigalith, M|100/100
|-weather|Sandstorm|[from] ability: Sand Stream|[of] p2a: Gigalith
|turn|1
|
|t:|1648466945
|move|p2a: Gigalith|Protect|p2a: Gigalith
|-singleturn|p2a: Gigalith|Protect
|move|p1a: Cinccino|Bullet Seed|p2a: Gigalith
|-activate|p2a: Gigalith|move: Protect
|
|-weather|Sandstorm|[upkeep]
|-damage|p1a: Cinccino|94/100|[from] Sandstorm
|upkeep
|turn|2
|
|t:|1648466949
|switch|p1a: Druddigon|Druddigon, M|100/100
|switch|p2a: Eldegoss|Eldegoss, M|100/100
|
|-weather|Sandstorm|[upkeep]
|-damage|p2a: Eldegoss|94/100|[from] Sandstorm
|-damage|p1a: Druddigon|94/100|[from] Sandstorm
|upkeep
|turn|3
|
|t:|1648466953
|move|p2a: Eldegoss|Leech Seed|p1a: Druddigon
|-start|p1a: Druddigon|move: Leech Seed
|move|p1a: Druddigon|Stealth Rock|p2a: Eldegoss
|-sidestart|p2: Haffling test|move: Stealth Rock
|
|-weather|Sandstorm|[upkeep]
|-damage|p2a: Eldegoss|88/100|[from] Sandstorm
|-damage|p1a: Druddigon|88/100|[from] Sandstorm
|-damage|p1a: Druddigon|76/100|[from] Leech Seed|[of] p2a: Eldegoss
|-heal|p2a: Eldegoss|100/100|[silent]
|upkeep
|turn|4
|
|t:|1648466960
|switch|p1a: Flapple|Flapple, F|100/100
|move|p2a: Eldegoss|Rapid Spin|p1a: Flapple
|-damage|p1a: Flapple|90/100
|-boost|p2a: Eldegoss|spe|1
|-sideend|p2: Haffling test|Stealth Rock|[from] move: Rapid Spin|[of] p2a: Eldegoss
|
|-weather|Sandstorm|[upkeep]
|-damage|p1a: Flapple|84/100|[from] Sandstorm
|-damage|p2a: Eldegoss|94/100|[from] Sandstorm
|upkeep
|turn|5
|
|t:|1648466968
|switch|p2a: Centiskorch|Centiskorch, M|100/100
|move|p1a: Flapple|Draco Meteor|p2a: Centiskorch
|-damage|p2a: Centiskorch|14/100
|-unboost|p1a: Flapple|spa|2
|-damage|p1a: Flapple|74/100|[from] item: Life Orb
|
|-weather|none
|upkeep
|turn|6
|
|t:|1648466974
|switch|p1a: Druddigon|Druddigon, M|76/100
|move|p2a: Centiskorch|Leech Life|p1a: Druddigon
|-damage|p1a: Druddigon|47/100
|-heal|p2a: Centiskorch|29/100|[from] drain|[of] p1a: Druddigon
|-damage|p2a: Centiskorch|17/100|[from] ability: Rough Skin|[of] p1a: Druddigon
|-damage|p2a: Centiskorch|0 fnt|[from] item: Rocky Helmet|[of] p1a: Druddigon
|faint|p2a: Centiskorch
|
|upkeep
|
|t:|1648466980
|switch|p2a: Scrafty|Scrafty, F|100/100
|turn|7
|
|t:|1648466984
|move|p2a: Scrafty|Bulk Up|p2a: Scrafty
|-boost|p2a: Scrafty|atk|1
|-boost|p2a: Scrafty|def|1
|move|p1a: Druddigon|Rest|p1a: Druddigon
|-status|p1a: Druddigon|slp|[from] move: Rest
|-heal|p1a: Druddigon|100/100 slp|[silent]
|
|upkeep
|turn|8
|
|t:|1648466991
|move|p2a: Scrafty|Bulk Up|p2a: Scrafty
|-boost|p2a: Scrafty|atk|1
|-boost|p2a: Scrafty|def|1
|cant|p1a: Druddigon|slp
|move|p1a: Druddigon|Sleep Talk|p1a: Druddigon
|move|p1a: Druddigon|Rest||[from]move: Sleep Talk|[still]
|-fail|p1a: Druddigon
|
|upkeep
|turn|9
|
|t:|1648466994
|move|p2a: Scrafty|Knock Off|p1a: Druddigon
|-damage|p1a: Druddigon|52/100 slp
|-damage|p2a: Scrafty|88/100|[from] ability: Rough Skin|[of] p1a: Druddigon
|-damage|p2a: Scrafty|72/100|[from] item: Rocky Helmet|[of] p1a: Druddigon
|-enditem|p1a: Druddigon|Rocky Helmet|[from] move: Knock Off|[of] p2a: Scrafty
|cant|p1a: Druddigon|slp
|move|p1a: Druddigon|Sleep Talk|p1a: Druddigon
|move|p1a: Druddigon|Stealth Rock|p2a: Scrafty|[from]move: Sleep Talk
|-sidestart|p2: Haffling test|move: Stealth Rock
|
|-heal|p2a: Scrafty|78/100|[from] item: Leftovers
|upkeep
|turn|10
|
|t:|1648467009
|move|p2a: Scrafty|Drain Punch|p1a: Druddigon
|-damage|p1a: Druddigon|14/100 slp
|-heal|p2a: Scrafty|98/100|[from] drain|[of] p1a: Druddigon
|-damage|p2a: Scrafty|86/100|[from] ability: Rough Skin|[of] p1a: Druddigon
|-curestatus|p1a: Druddigon|slp|[msg]
|move|p1a: Druddigon|Dragon Tail|p2a: Scrafty
|-damage|p2a: Scrafty|74/100
|drag|p2a: Manectric|Manectric, F|100/100
|
|upkeep
|turn|11
|
|t:|1648467016
|switch|p1a: Musharna|Musharna, M|100/100
|move|p2a: Manectric|Volt Switch|p1a: Musharna
|-damage|p1a: Musharna|81/100
|
|t:|1648467021
|switch|p2a: Eldegoss|Eldegoss, M|100/100|[from]move: Volt Switch
|
|upkeep
|turn|12
|
|t:|1648467025
|switch|p1a: Flapple|Flapple, F|74/100
|move|p2a: Eldegoss|Rapid Spin|p1a: Flapple
|-damage|p1a: Flapple|63/100
|-boost|p2a: Eldegoss|spe|1
|-sideend|p2: Haffling test|Stealth Rock|[from] move: Rapid Spin|[of] p2a: Eldegoss
|
|upkeep
|turn|13
|
|t:|1648467033
|switch|p2a: Gigalith|Gigalith, M|100/100
|-weather|Sandstorm|[from] ability: Sand Stream|[of] p2a: Gigalith
|move|p1a: Flapple|Grav Apple|p2a: Gigalith
|-supereffective|p2a: Gigalith
|-damage|p2a: Gigalith|16/100
|-unboost|p2a: Gigalith|def|1
|-damage|p1a: Flapple|54/100|[from] item: Life Orb
|
|-weather|Sandstorm|[upkeep]
|-damage|p1a: Flapple|47/100|[from] Sandstorm
|-heal|p2a: Gigalith|22/100|[from] item: Leftovers
|upkeep
|turn|14
|
|t:|1648467043
|move|p2a: Gigalith|Protect|p2a: Gigalith
|-singleturn|p2a: Gigalith|Protect
|move|p1a: Flapple|Giga Drain|p2a: Gigalith
|-activate|p2a: Gigalith|move: Protect
|
|-weather|Sandstorm|[upkeep]
|-damage|p1a: Flapple|41/100|[from] Sandstorm
|-heal|p2a: Gigalith|29/100|[from] item: Leftovers
|upkeep
|turn|15
|
|t:|1648467051
|switch|p2a: Eldegoss|Eldegoss, M|100/100
|move|p1a: Flapple|Draco Meteor|p2a: Eldegoss
|-damage|p2a: Eldegoss|36/100
|-unboost|p1a: Flapple|spa|2
|-damage|p1a: Flapple|31/100|[from] item: Life Orb
|
|-weather|Sandstorm|[upkeep]
|-damage|p1a: Flapple|25/100|[from] Sandstorm
|-damage|p2a: Eldegoss|30/100|[from] Sandstorm
|upkeep
|turn|16
|
|t:|1648467062
|switch|p2a: Scrafty|Scrafty, F|74/100
|move|p1a: Flapple|Grav Apple|p2a: Scrafty
|-damage|p2a: Scrafty|22/100
|-unboost|p2a: Scrafty|def|1
|-damage|p1a: Flapple|15/100|[from] item: Life Orb
|
|-weather|Sandstorm|[upkeep]
|-damage|p1a: Flapple|9/100|[from] Sandstorm
|-damage|p2a: Scrafty|16/100|[from] Sandstorm
|-heal|p2a: Scrafty|22/100|[from] item: Leftovers
|upkeep
|turn|17
|j| TF2Fluffy
|
|t:|1648467071
|switch|p1a: Cinccino|Cinccino, M|94/100
|switch|p2a: Eldegoss|Eldegoss, M|63/100
|
|-weather|none
|upkeep
|turn|18
|
|t:|1648467079
|switch|p2a: Gigalith|Gigalith, M|29/100
|-weather|Sandstorm|[from] ability: Sand Stream|[of] p2a: Gigalith
|move|p1a: Cinccino|Triple Axel|p2a: Gigalith
|-damage|p2a: Gigalith|20/100
|-damage|p2a: Gigalith|1/100
|-damage|p2a: Gigalith|0 fnt
|faint|p2a: Gigalith
|-hitcount|p2: Gigalith|3
|
|-weather|Sandstorm|[upkeep]
|-damage|p1a: Cinccino|88/100|[from] Sandstorm
|upkeep
|
|t:|1648467084
|switch|p2a: Jellicent|Jellicent, M|100/100
|turn|19
|
|t:|1648467091
|switch|p1a: Cryogonal|Cryogonal|100/100
|move|p2a: Jellicent|Scald|p1a: Cryogonal
|-damage|p1a: Cryogonal|79/100
|-status|p1a: Cryogonal|brn
|
|-weather|Sandstorm|[upkeep]
|-damage|p1a: Cryogonal|73/100 brn|[from] Sandstorm
|-damage|p2a: Jellicent|94/100|[from] Sandstorm
|-damage|p1a: Cryogonal|67/100 brn|[from] brn
|upkeep
|turn|20
|
|t:|1648467094
|move|p1a: Cryogonal|Knock Off|p2a: Jellicent
|-supereffective|p2a: Jellicent
|-enditem|p2a: Jellicent|Colbur Berry|[eat]
|-enditem|p2a: Jellicent|Colbur Berry|[weaken]
|-damage|p2a: Jellicent|90/100
|move|p2a: Jellicent|Hex|p1a: Cryogonal
|-crit|p1a: Cryogonal
|-damage|p1a: Cryogonal|13/100 brn
|
|-weather|Sandstorm|[upkeep]
|-damage|p1a: Cryogonal|7/100 brn|[from] Sandstorm
|-damage|p2a: Jellicent|84/100|[from] Sandstorm
|-damage|p1a: Cryogonal|1/100 brn|[from] brn
|upkeep
|turn|21
|
|t:|1648467098
|move|p1a: Cryogonal|Recover|p1a: Cryogonal
|-heal|p1a: Cryogonal|51/100 brn
|move|p2a: Jellicent|Hex|p1a: Cryogonal
|-damage|p1a: Cryogonal|15/100 brn
|
|-weather|Sandstorm|[upkeep]
|-damage|p1a: Cryogonal|9/100 brn|[from] Sandstorm
|-damage|p2a: Jellicent|78/100|[from] Sandstorm
|-damage|p1a: Cryogonal|3/100 brn|[from] brn
|upkeep
|turn|22
|
|t:|1648467101
|move|p1a: Cryogonal|Recover|p1a: Cryogonal
|-heal|p1a: Cryogonal|53/100 brn
|move|p2a: Jellicent|Hex|p1a: Cryogonal
|-damage|p1a: Cryogonal|18/100 brn
|
|-weather|none
|-damage|p1a: Cryogonal|12/100 brn|[from] brn
|upkeep
|turn|23
|
|t:|1648467104
|move|p1a: Cryogonal|Recover|p1a: Cryogonal
|-heal|p1a: Cryogonal|63/100 brn
|move|p2a: Jellicent|Hex|p1a: Cryogonal
|-damage|p1a: Cryogonal|25/100 brn
|
|-damage|p1a: Cryogonal|19/100 brn|[from] brn
|upkeep
|turn|24
|
|t:|1648467108
|move|p1a: Cryogonal|Recover|p1a: Cryogonal
|-heal|p1a: Cryogonal|70/100 brn
|move|p2a: Jellicent|Hex|p1a: Cryogonal
|-damage|p1a: Cryogonal|34/100 brn
|
|-damage|p1a: Cryogonal|28/100 brn|[from] brn
|upkeep
|turn|25
|
|t:|1648467113
|move|p1a: Cryogonal|Recover|p1a: Cryogonal
|-heal|p1a: Cryogonal|78/100 brn
|move|p2a: Jellicent|Hex|p1a: Cryogonal
|-damage|p1a: Cryogonal|41/100 brn
|
|-damage|p1a: Cryogonal|35/100 brn|[from] brn
|upkeep
|turn|26
|
|t:|1648467117
|move|p1a: Cryogonal|Recover|p1a: Cryogonal
|-heal|p1a: Cryogonal|85/100 brn
|move|p2a: Jellicent|Hex|p1a: Cryogonal
|-damage|p1a: Cryogonal|48/100 brn
|
|-damage|p1a: Cryogonal|42/100 brn|[from] brn
|upkeep
|turn|27
|
|t:|1648467120
|switch|p1a: Musharna|Musharna, M|81/100
|move|p2a: Jellicent|Scald|p1a: Musharna
|-damage|p1a: Musharna|67/100
|
|upkeep
|turn|28
|
|t:|1648467125
|move|p2a: Jellicent|Will-O-Wisp|p1a: Musharna
|-status|p1a: Musharna|brn
|-activate|p1a: Musharna|ability: Synchronize
|-status|p2a: Jellicent|brn
|move|p1a: Musharna|Psyshock|p2a: Jellicent
|-damage|p2a: Jellicent|54/100 brn
|
|-damage|p2a: Jellicent|48/100 brn|[from] brn
|-damage|p1a: Musharna|61/100 brn|[from] brn
|upkeep
|turn|29
|
|t:|1648467134
|switch|p1a: Cinccino|Cinccino, M|88/100
|move|p2a: Jellicent|Hex|p1a: Cinccino
|-immune|p1a: Cinccino
|
|-damage|p2a: Jellicent|41/100 brn|[from] brn
|upkeep
|turn|30
|
|t:|1648467147
|switch|p2a: Eldegoss|Eldegoss, M|97/100
|move|p1a: Cinccino|Triple Axel|p2a: Eldegoss
|-supereffective|p2a: Eldegoss
|-crit|p2a: Eldegoss
|-damage|p2a: Eldegoss|65/100
|-supereffective|p2a: Eldegoss
|-damage|p2a: Eldegoss|25/100
|-supereffective|p2a: Eldegoss
|-damage|p2a: Eldegoss|0 fnt
|faint|p2a: Eldegoss
|-hitcount|p2: Eldegoss|3
|
|upkeep
|
|t:|1648467152
|switch|p2a: Jellicent|Jellicent, M|41/100 brn
|turn|31
|
|t:|1648467161
|switch|p1a: Druddigon|Druddigon, M|14/100
|move|p2a: Jellicent|Recover|p2a: Jellicent
|-heal|p2a: Jellicent|91/100 brn
|
|-damage|p2a: Jellicent|85/100 brn|[from] brn
|upkeep
|turn|32
|
|t:|1648467165
|move|p2a: Jellicent|Hex|p1a: Druddigon
|-damage|p1a: Druddigon|0 fnt
|faint|p1a: Druddigon
|
|-damage|p2a: Jellicent|79/100 brn|[from] brn
|upkeep
|
|t:|1648467166
|switch|p1a: Flapple|Flapple, F|9/100
|turn|33
|
|t:|1648467171
|switch|p2a: Scrafty|Scrafty, F|22/100
|move|p1a: Flapple|Giga Drain|p2a: Scrafty
|-damage|p2a: Scrafty|0 fnt
|-heal|p1a: Flapple|22/100|[from] drain|[of] p2a: Scrafty
|faint|p2a: Scrafty
|-damage|p1a: Flapple|12/100|[from] item: Life Orb
|
|upkeep
|
|t:|1648467174
|switch|p2a: Manectric|Manectric, F|100/100
|turn|34
|
|t:|1648467177
|switch|p1a: Quagsire|Quagsire, M|100/100
|move|p2a: Manectric|Flamethrower|p1a: Quagsire
|-resisted|p1a: Quagsire
|-damage|p1a: Quagsire|84/100
|
|-heal|p1a: Quagsire|90/100|[from] item: Leftovers
|upkeep
|turn|35
|
|t:|1648467181
|move|p2a: Manectric|Toxic|p1a: Quagsire
|-status|p1a: Quagsire|tox
|move|p1a: Quagsire|Toxic|p2a: Manectric|[miss]
|-miss|p1a: Quagsire|p2a: Manectric
|
|-heal|p1a: Quagsire|96/100 tox|[from] item: Leftovers
|-damage|p1a: Quagsire|90/100 tox|[from] psn
|upkeep
|turn|36
|
|t:|1648467187
|switch|p2a: Jellicent|Jellicent, M|79/100 brn
|move|p1a: Quagsire|Earthquake|p2a: Jellicent
|-damage|p2a: Jellicent|56/100 brn
|
|-heal|p1a: Quagsire|96/100 tox|[from] item: Leftovers
|-damage|p1a: Quagsire|84/100 tox|[from] psn
|-damage|p2a: Jellicent|50/100 brn|[from] brn
|upkeep
|turn|37
|
|t:|1648467194
|switch|p1a: Cryogonal|Cryogonal|42/100 brn
|move|p2a: Jellicent|Recover|p2a: Jellicent
|-heal|p2a: Jellicent|99/100 brn
|
|-damage|p1a: Cryogonal|36/100 brn|[from] brn
|-damage|p2a: Jellicent|94/100 brn|[from] brn
|upkeep
|turn|38
|
|t:|1648467197
|move|p1a: Cryogonal|Ice Beam|p2a: Jellicent
|-resisted|p2a: Jellicent
|-damage|p2a: Jellicent|78/100 brn
|move|p2a: Jellicent|Hex|p1a: Cryogonal
|-damage|p1a: Cryogonal|0 fnt
|faint|p1a: Cryogonal
|
|-damage|p2a: Jellicent|72/100 brn|[from] brn
|upkeep
|
|t:|1648467209
|switch|p1a: Cinccino|Cinccino, M|88/100
|turn|39
|
|t:|1648467212
|move|p1a: Cinccino|Bullet Seed|p2a: Jellicent
|-supereffective|p2a: Jellicent
|-damage|p2a: Jellicent|46/100 brn
|-supereffective|p2a: Jellicent
|-damage|p2a: Jellicent|24/100 brn
|-supereffective|p2a: Jellicent
|-damage|p2a: Jellicent|0 fnt
|faint|p2a: Jellicent
|-hitcount|p2: Jellicent|3
|
|upkeep
|
|t:|1648467213
|switch|p2a: Manectric|Manectric, F|100/100
|turn|40
|
|t:|1648467215
|move|p1a: Cinccino|Bullet Seed|p2a: Manectric
|-damage|p2a: Manectric|70/100
|-damage|p2a: Manectric|41/100
|-damage|p2a: Manectric|10/100
|-hitcount|p2a: Manectric|3
|move|p2a: Manectric|Thunderbolt|p1a: Cinccino
|-damage|p1a: Cinccino|14/100
|
|upkeep
|turn|41
|
|t:|1648467219
|move|p1a: Cinccino|Bullet Seed|p2a: Manectric
|-crit|p2a: Manectric
|-damage|p2a: Manectric|0 fnt
|faint|p2a: Manectric
|-hitcount|p2: Manectric|1
|
|win|yassy slay
|raw|yassy slay's rating: 1476 &rarr; <strong>1483</strong><br />(+7 for winning)
|raw|Haffling test's rating: 1215 &rarr; <strong>1206</strong><br />(-9 for losing)
|c|☆yassy slay|gg
|c|☆Haffling test|Gg
