|j|☆cafay sen sukr
|j|☆AGENCY 4G3NCY
|t:|1624925511
|gametype|singles
|player|p1|cafay sen sukr|swimmer-gen4dp|
|player|p2|AGENCY 4G3NCY|swimmerf|
|teamsize|p1|6
|teamsize|p2|6
|gen|8
|tier|[Gen 8] PU
|rated|Tournament battle
|rule|Sleep Clause Mod: Limit one foe put to sleep
|rule|Species Clause: Limit one of each Pokémon
|rule|OHKO Clause: OHKO moves are banned
|rule|Evasion Moves Clause: Evasion moves are banned
|rule|Endless Battle Clause: Forcing endless battles is banned
|rule|HP Percentage Mod: HP is shown in percentages
|rule|Dynamax Clause: You cannot dynamax
|clearpoke
|poke|p1|Rotom-Frost|
|poke|p1|Gigalith, M|
|poke|p1|Charizard, M|
|poke|p1|Weezing, F|
|poke|p1|Whimsicott, F|
|poke|p1|Passimian, F|
|poke|p2|Scrafty, M|
|poke|p2|Lanturn, M|
|poke|p2|Sandaconda, F|
|poke|p2|Tsareena, F|
|poke|p2|Charizard, F|
|poke|p2|Ribombee, F|
|teampreview
|c|☆cafay sen sukr|hf
|j| Gva
|
|t:|1624925521
|start
|switch|p1a: Charizard|Charizard, M|100/100
|switch|p2a: Sandaconda|Sandaconda, F|100/100
|turn|1
|
|t:|1624925526
|move|p1a: Charizard|Flamethrower|p2a: Sandaconda
|-damage|p2a: Sandaconda|42/100
|move|p2a: Sandaconda|Glare|p1a: Charizard
|-status|p1a: Charizard|par
|
|upkeep
|turn|2
|
|t:|1624925532
|switch|p2a: Lanturn|Lanturn, M|100/100
|move|p1a: Charizard|Flamethrower|p2a: Lanturn
|-resisted|p2a: Lanturn
|-damage|p2a: Lanturn|84/100
|-status|p2a: Lanturn|brn
|
|-heal|p2a: Lanturn|90/100 brn|[from] item: Leftovers
|-damage|p2a: Lanturn|84/100 brn|[from] brn
|upkeep
|turn|3
|
|t:|1624925547
|move|p2a: Lanturn|Volt Switch|p1a: Charizard
|-supereffective|p1a: Charizard
|-damage|p1a: Charizard|47/100 par
|
|t:|1624925553
|switch|p2a: Charizard|Charizard, F|100/100|[from]move: Volt Switch
|move|p1a: Charizard|Earthquake|p2a: Charizard
|-immune|p2a: Charizard
|
|upkeep
|turn|4
|
|t:|1624925561
|switch|p1a: Gigalith|Gigalith, M|100/100
|-weather|Sandstorm|[from] ability: Sand Stream|[of] p1a: Gigalith
|move|p2a: Charizard|Will-O-Wisp|p1a: Gigalith|[miss]
|-miss|p2a: Charizard|p1a: Gigalith
|
|-weather|Sandstorm|[upkeep]
|-damage|p2a: Charizard|94/100|[from] Sandstorm
|upkeep
|turn|5
|c|☆AGENCY 4G3NCY|:(
|
|t:|1624925574
|switch|p2a: Sandaconda|Sandaconda, F|42/100
|move|p1a: Gigalith|Stealth Rock|p2a: Sandaconda
|-sidestart|p2: AGENCY 4G3NCY|move: Stealth Rock
|
|-weather|Sandstorm|[upkeep]
|upkeep
|turn|6
|c|☆cafay sen sukr|:c
|j|%gum
|
|t:|1624925583
|switch|p1a: Rotom|Rotom-Frost|100/100
|move|p2a: Sandaconda|Stealth Rock|p1a: Rotom
|-sidestart|p1: cafay sen sukr|move: Stealth Rock
|
|-weather|Sandstorm|[upkeep]
|-damage|p1a: Rotom|94/100|[from] Sandstorm
|upkeep
|turn|7
|j| zoowi
|
|t:|1624925601
|switch|p2a: Lanturn|Lanturn, M|84/100 brn
|-damage|p2a: Lanturn|72/100 brn|[from] Stealth Rock
|move|p1a: Rotom|Nasty Plot|p1a: Rotom
|-boost|p1a: Rotom|spa|2
|
|-weather|Sandstorm|[upkeep]
|-damage|p1a: Rotom|88/100|[from] Sandstorm
|-damage|p2a: Lanturn|65/100 brn|[from] Sandstorm
|-heal|p2a: Lanturn|72/100 brn|[from] item: Leftovers
|-damage|p2a: Lanturn|65/100 brn|[from] brn
|upkeep
|turn|8
|
|t:|1624925607
|move|p1a: Rotom|Substitute|p1a: Rotom
|-start|p1a: Rotom|Substitute
|-damage|p1a: Rotom|63/100
|move|p2a: Lanturn|Volt Switch|p1a: Rotom
|-resisted|p1a: Rotom
|-activate|p1a: Rotom|move: Substitute|[damage]
|j|+Oathkeepre
|c|☆AGENCY 4G3NCY|danf
|j|+keppy ㋛
|c|☆AGENCY 4G3NCY|dang*
|c|☆AGENCY 4G3NCY|lol i lose
|c|☆cafay sen sukr|no
|
|t:|1624925653
|switch|p2a: Charizard|Charizard, F|94/100|[from]move: Volt Switch
|
|-weather|none
|upkeep
|turn|9
|
|t:|1624925657
|move|p2a: Charizard|Flamethrower|p1a: Rotom
|-supereffective|p1a: Rotom
|-end|p1a: Rotom|Substitute
|move|p1a: Rotom|Thunderbolt|p2a: Charizard
|-supereffective|p2a: Charizard
|-damage|p2a: Charizard|0 fnt
|faint|p2a: Charizard
|
|upkeep
|
|t:|1624925665
|switch|p2a: Scrafty|Scrafty, M|100/100
|-damage|p2a: Scrafty|95/100|[from] Stealth Rock
|turn|10
|l|%gum
|
|t:|1624925670
|move|p1a: Rotom|Thunderbolt|p2a: Scrafty
|-damage|p2a: Scrafty|33/100
|move|p2a: Scrafty|Drain Punch|p1a: Rotom
|-supereffective|p1a: Rotom
|-damage|p1a: Rotom|5/100
|-heal|p2a: Scrafty|57/100|[from] drain|[of] p1a: Rotom
|
|-heal|p2a: Scrafty|63/100|[from] item: Leftovers
|upkeep
|turn|11
|
|t:|1624925680
|move|p1a: Rotom|Blizzard|p2a: Scrafty|[miss]
|-miss|p1a: Rotom|p2a: Scrafty
|move|p2a: Scrafty|Drain Punch|p1a: Rotom
|-supereffective|p1a: Rotom
|-damage|p1a: Rotom|0 fnt
|-heal|p2a: Scrafty|65/100|[from] drain|[of] p1a: Rotom
|faint|p1a: Rotom
|
|-heal|p2a: Scrafty|71/100|[from] item: Leftovers
|upkeep
|
|t:|1624925683
|switch|p1a: Passimian|Passimian, F|100/100
|-damage|p1a: Passimian|94/100|[from] Stealth Rock
|turn|12
|c|☆AGENCY 4G3NCY|sry ab that
|c|☆cafay sen sukr|np
|
|t:|1624925691
|switch|p2a: Sandaconda|Sandaconda, F|42/100
|-damage|p2a: Sandaconda|36/100|[from] Stealth Rock
|move|p1a: Passimian|Close Combat|p2a: Sandaconda
|-damage|p2a: Sandaconda|2/100
|-unboost|p1a: Passimian|def|1
|-unboost|p1a: Passimian|spd|1
|-damage|p1a: Passimian|78/100|[from] item: Rocky Helmet|[of] p2a: Sandaconda
|
|upkeep
|turn|13
|
|t:|1624925695
|move|p1a: Passimian|Close Combat|p2a: Sandaconda
|-damage|p2a: Sandaconda|0 fnt
|-unboost|p1a: Passimian|def|1
|-unboost|p1a: Passimian|spd|1
|-damage|p1a: Passimian|61/100|[from] item: Rocky Helmet|[of] p2a: Sandaconda
|faint|p2a: Sandaconda
|
|upkeep
|
|t:|1624925697
|switch|p2a: Ribombee|Ribombee, F|100/100
|turn|14
|
|t:|1624925705
|switch|p1a: Gigalith|Gigalith, M|100/100
|-damage|p1a: Gigalith|88/100|[from] Stealth Rock
|-weather|Sandstorm|[from] ability: Sand Stream|[of] p1a: Gigalith
|move|p2a: Ribombee|Moonblast|p1a: Gigalith
|-damage|p1a: Gigalith|69/100
|
|-weather|Sandstorm|[upkeep]
|-damage|p2a: Ribombee|94/100|[from] Sandstorm
|-heal|p1a: Gigalith|75/100|[from] item: Leftovers
|upkeep
|turn|15
|
|t:|1624925715
|switch|p2a: Tsareena|Tsareena, F|100/100
|move|p1a: Gigalith|Rock Blast|p2a: Tsareena
|-damage|p2a: Tsareena|85/100
|-damage|p2a: Tsareena|72/100
|-damage|p2a: Tsareena|57/100
|-damage|p2a: Tsareena|42/100
|-damage|p2a: Tsareena|29/100
|-hitcount|p2a: Tsareena|5
|
|-weather|Sandstorm|[upkeep]
|-damage|p2a: Tsareena|23/100|[from] Sandstorm
|-heal|p1a: Gigalith|81/100|[from] item: Leftovers
|upkeep
|turn|16
|
|t:|1624925725
|switch|p1a: Weezing|Weezing, F|100/100
|-ability|p1a: Weezing|Neutralizing Gas
|-damage|p1a: Weezing|88/100|[from] Stealth Rock
|move|p2a: Tsareena|Rapid Spin|p1a: Weezing
|-damage|p1a: Weezing|75/100
|-boost|p2a: Tsareena|spe|1
|-damage|p2a: Tsareena|7/100|[from] item: Rocky Helmet|[of] p1a: Weezing
|-sideend|p2: AGENCY 4G3NCY|Stealth Rock|[from] move: Rapid Spin|[of] p2a: Tsareena
|
|-weather|Sandstorm|[upkeep]
|-damage|p2a: Tsareena|1/100|[from] Sandstorm
|-damage|p1a: Weezing|69/100|[from] Sandstorm
|upkeep
|turn|17
|
|t:|1624925738
|move|p2a: Tsareena|Knock Off|p1a: Weezing
|-damage|p1a: Weezing|47/100
|-damage|p2a: Tsareena|0 fnt|[from] item: Rocky Helmet|[of] p1a: Weezing
|faint|p2a: Tsareena
|move|p1a: Weezing|Sludge Bomb|p2: Tsareena|[notarget]
|-fail|p1a: Weezing
|
|-weather|Sandstorm|[upkeep]
|-damage|p1a: Weezing|41/100|[from] Sandstorm
|upkeep
|
|t:|1624925746
|switch|p2a: Ribombee|Ribombee, F|94/100
|turn|18
|
|t:|1624925752
|move|p2a: Ribombee|Psychic|p1a: Weezing
|-supereffective|p1a: Weezing
|-damage|p1a: Weezing|0 fnt
|faint|p1a: Weezing
|-end|p1a: Weezing|ability: Neutralizing Gas
|
|-weather|none
|upkeep
|
|t:|1624925756
|switch|p1a: Gigalith|Gigalith, M|81/100
|-damage|p1a: Gigalith|69/100|[from] Stealth Rock
|-weather|Sandstorm|[from] ability: Sand Stream|[of] p1a: Gigalith
|turn|19
|
|t:|1624925768
|switch|p2a: Lanturn|Lanturn, M|65/100 brn
|move|p1a: Gigalith|Earthquake|p2a: Lanturn
|-supereffective|p2a: Lanturn
|-damage|p2a: Lanturn|4/100 brn
|
|-weather|Sandstorm|[upkeep]
|-damage|p2a: Lanturn|0 fnt|[from] Sandstorm
|faint|p2a: Lanturn
|-heal|p1a: Gigalith|75/100|[from] item: Leftovers
|upkeep
|j| LLCoolJake
|l| LLCoolJake
|
|t:|1624925810
|switch|p2a: Scrafty|Scrafty, M|71/100
|turn|20
|c|☆AGENCY 4G3NCY|ye gg
|
|t:|1624925830
|switch|p1a: Passimian|Passimian, F|61/100
|-damage|p1a: Passimian|55/100|[from] Stealth Rock
|move|p2a: Scrafty|Bulk Up|p2a: Scrafty
|-boost|p2a: Scrafty|atk|1
|-boost|p2a: Scrafty|def|1
|
|-weather|Sandstorm|[upkeep]
|-damage|p1a: Passimian|49/100|[from] Sandstorm
|-damage|p2a: Scrafty|65/100|[from] Sandstorm
|-heal|p2a: Scrafty|71/100|[from] item: Leftovers
|upkeep
|turn|21
|
|t:|1624925835
|move|p1a: Passimian|Close Combat|p2a: Scrafty
|-supereffective|p2a: Scrafty
|-damage|p2a: Scrafty|0 fnt
|-unboost|p1a: Passimian|def|1
|-unboost|p1a: Passimian|spd|1
|faint|p2a: Scrafty
|
|-weather|Sandstorm|[upkeep]
|-damage|p1a: Passimian|43/100|[from] Sandstorm
|upkeep
|
|t:|1624925838
|switch|p2a: Ribombee|Ribombee, F|94/100
|turn|22
|
|t:|1624925845
|switch|p1a: Gigalith|Gigalith, M|75/100
|-damage|p1a: Gigalith|63/100|[from] Stealth Rock
|move|p2a: Ribombee|Quiver Dance|p2a: Ribombee
|-boost|p2a: Ribombee|spa|1
|-boost|p2a: Ribombee|spd|1
|-boost|p2a: Ribombee|spe|1
|
|-weather|Sandstorm|[upkeep]
|-damage|p2a: Ribombee|88/100|[from] Sandstorm
|-heal|p1a: Gigalith|69/100|[from] item: Leftovers
|upkeep
|turn|23
|
|t:|1624925852
|move|p2a: Ribombee|Moonblast|p1a: Gigalith
|-damage|p1a: Gigalith|38/100
|move|p1a: Gigalith|Rock Blast|p2a: Ribombee
|-supereffective|p2a: Ribombee
|-damage|p2a: Ribombee|42/100
|-supereffective|p2a: Ribombee
|-damage|p2a: Ribombee|1/100
|-hitcount|p2a: Ribombee|2
|
|-weather|none
|-heal|p1a: Gigalith|44/100|[from] item: Leftovers
|upkeep
|turn|24
|c|☆cafay sen sukr|hum
|
|t:|1624925880
|switch|p1a: Charizard|Charizard, M|47/100 par
|move|p2a: Ribombee|Roost|p2a: Ribombee
|-heal|p2a: Ribombee|51/100
|-singleturn|p2a: Ribombee|move: Roost
|
|upkeep
|turn|25
|c|☆AGENCY 4G3NCY|whew
|
|t:|1624925887
|move|p2a: Ribombee|Psychic|p1a: Charizard
|-damage|p1a: Charizard|2/100 par
|-unboost|p1a: Charizard|spd|1
|cant|p1a: Charizard|par
|
|upkeep
|turn|26
|c|☆cafay sen sukr|oh crap
|l|+keppy ㋛
|
|t:|1624925901
|move|p2a: Ribombee|Quiver Dance|p2a: Ribombee
|-boost|p2a: Ribombee|spa|1
|-boost|p2a: Ribombee|spd|1
|-boost|p2a: Ribombee|spe|1
|move|p1a: Charizard|Flamethrower|p2a: Ribombee
|-supereffective|p2a: Ribombee
|-damage|p2a: Ribombee|0 fnt
|faint|p2a: Ribombee
|
|win|cafay sen sukr
|n|☆cafay sen sukr|cafaysensukr
|n|☆AGENCY 4G3NCY|agency4g3ncy
|n| Gva|gva
|n| zoowi|zoowi
|n|+Oathkeepre|oathkeepre
