|j|☆uult1 SOMALIA
|j|☆YoungBeeble
|player|p1|uult1 SOMALIA|alder|1456
|player|p2|YoungBeeble|lusamine-nihilego|1350
|teamsize|p1|6
|teamsize|p2|6
|gametype|singles
|gen|8
|tier|[Gen 8] PU
|rated|
|clearpoke
|poke|p1|Pyukumuku, F|
|poke|p1|Vespiquen, F|
|poke|p1|Hippopotas, M|
|poke|p1|Munchlax, F|
|poke|p1|Leafeon, M|
|poke|p1|Musharna, F|
|poke|p2|Silvally-*|
|poke|p2|Throh, M|
|poke|p2|Crustle, M|
|poke|p2|Vibrava, F|
|poke|p2|Drakloak, M|
|poke|p2|Mr. Mime, F|
|rule|Sleep Clause Mod: Limit one foe put to sleep
|rule|Species Clause: Limit one of each Pokémon
|rule|OHKO Clause: OHKO moves are banned
|rule|Evasion Moves Clause: Evasion moves are banned
|rule|Endless Battle Clause: Forcing endless battles is banned
|rule|HP Percentage Mod: HP is shown in percentages
|rule|Dynamax Clause: You cannot dynamax
|teampreview
|inactive|Battle timer is ON: inactive players will automatically lose when time's up. (requested by uult1 SOMALIA)
|
|start
|switch|p1a: Hippopotas|Hippopotas, M|100/100
|switch|p2a: Crustle|Crustle, M|100/100
|turn|1
|
|move|p2a: Crustle|Spikes|p1a: Hippopotas
|-sidestart|p1: uult1 SOMALIA|Spikes
|move|p1a: Hippopotas|Stealth Rock|p2a: Crustle
|-sidestart|p2: YoungBeeble|move: Stealth Rock
|
|upkeep
|turn|2
|
|move|p2a: Crustle|Stealth Rock|p1a: Hippopotas
|-sidestart|p1: uult1 SOMALIA|move: Stealth Rock
|move|p1a: Hippopotas|Toxic|p2a: Crustle
|-status|p2a: Crustle|tox
|
|-damage|p2a: Crustle|94/100 tox|[from] psn
|upkeep
|turn|3
|
|switch|p2a: Drakloak|Drakloak, M|100/100
|-damage|p2a: Drakloak|88/100|[from] Stealth Rock
|move|p1a: Hippopotas|Earthquake|p2a: Drakloak
|-damage|p2a: Drakloak|51/100
|-start|p1a: Hippopotas|Disable|Earthquake|[from] ability: Cursed Body|[of] p2a: Drakloak
|
|upkeep
|turn|4
|inactive|uult1 SOMALIA has 120 seconds left.
|
|move|p2a: Drakloak|Will-O-Wisp|p1a: Hippopotas
|-status|p1a: Hippopotas|brn
|move|p1a: Hippopotas|Toxic|p2a: Drakloak
|-status|p2a: Drakloak|tox
|
|-damage|p2a: Drakloak|45/100 tox|[from] psn
|-damage|p1a: Hippopotas|94/100 brn|[from] brn
|upkeep
|turn|5
|inactive|uult1 SOMALIA has 120 seconds left.
|
|switch|p1a: Vespiquen|Vespiquen, F|100/100
|-ability|p1a: Vespiquen|Pressure
|move|p2a: Drakloak|Dragon Rush|p1a: Vespiquen
|-crit|p1a: Vespiquen
|-damage|p1a: Vespiquen|48/100
|
|-damage|p2a: Drakloak|33/100 tox|[from] psn
|upkeep
|turn|6
|inactive|uult1 SOMALIA has 120 seconds left.
|
|move|p2a: Drakloak|Dragon Rush|p1a: Vespiquen
|-damage|p1a: Vespiquen|10/100
|move|p1a: Vespiquen|Roost|p1a: Vespiquen
|-heal|p1a: Vespiquen|60/100
|-singleturn|p1a: Vespiquen|move: Roost
|
|-damage|p2a: Drakloak|14/100 tox|[from] psn
|upkeep
|turn|7
|inactive|uult1 SOMALIA has 120 seconds left.
|
|move|p2a: Drakloak|Will-O-Wisp|p1a: Vespiquen
|-status|p1a: Vespiquen|brn
|move|p1a: Vespiquen|Roost|p1a: Vespiquen
|-heal|p1a: Vespiquen|100/100 brn
|-singleturn|p1a: Vespiquen|move: Roost
|
|-damage|p2a: Drakloak|0 fnt|[from] psn
|faint|p2a: Drakloak
|-damage|p1a: Vespiquen|94/100 brn|[from] brn
|upkeep
|
|switch|p2a: Mr. Mime|Mr. Mime, F|100/100
|-damage|p2a: Mr. Mime|88/100|[from] Stealth Rock
|turn|8
|inactive|uult1 SOMALIA has 120 seconds left.
|
|move|p2a: Mr. Mime|Psychic|p1a: Vespiquen
|-crit|p1a: Vespiquen
|-damage|p1a: Vespiquen|38/100 brn
|move|p1a: Vespiquen|Defog|p2a: Mr. Mime
|-unboost|p2a: Mr. Mime|evasion|1
|-sideend|p2: YoungBeeble|Stealth Rock|[from] move: Defog|[of] p1a: Vespiquen
|-sideend|p1: uult1 SOMALIA|Spikes|[from] move: Defog|[of] p1a: Vespiquen
|-sideend|p1: uult1 SOMALIA|Stealth Rock|[from] move: Defog|[of] p1a: Vespiquen
|
|-damage|p1a: Vespiquen|31/100 brn|[from] brn
|upkeep
|turn|9
|inactive|uult1 SOMALIA has 120 seconds left.
|
|switch|p1a: Munchlax|Munchlax, F|100/100
|move|p2a: Mr. Mime|Psychic|p1a: Munchlax
|-damage|p1a: Munchlax|80/100
|
|upkeep
|turn|10
|inactive|uult1 SOMALIA has 120 seconds left.
|
|switch|p2a: Crustle|Crustle, M|94/100 tox
|switch|p1a: Musharna|Musharna, F|100/100
|
|-heal|p2a: Crustle|100/100 tox|[from] item: Leftovers
|-damage|p2a: Crustle|94/100 tox|[from] psn
|upkeep
|turn|11
|
|switch|p1a: Hippopotas|Hippopotas, M|94/100 brn
|move|p2a: Crustle|Spikes|p1a: Hippopotas
|-sidestart|p1: uult1 SOMALIA|Spikes
|
|-heal|p2a: Crustle|100/100 tox|[from] item: Leftovers
|-damage|p2a: Crustle|88/100 tox|[from] psn
|-damage|p1a: Hippopotas|88/100 brn|[from] brn
|upkeep
|turn|12
|
|move|p2a: Crustle|Stealth Rock|p1a: Hippopotas
|-sidestart|p1: uult1 SOMALIA|move: Stealth Rock
|move|p1a: Hippopotas|Stealth Rock|p2a: Crustle
|-sidestart|p2: YoungBeeble|move: Stealth Rock
|
|-heal|p2a: Crustle|94/100 tox|[from] item: Leftovers
|-damage|p2a: Crustle|76/100 tox|[from] psn
|-damage|p1a: Hippopotas|82/100 brn|[from] brn
|upkeep
|turn|13
|
|switch|p2a: Throh|Throh, M|100/100
|-damage|p2a: Throh|94/100|[from] Stealth Rock
|move|p1a: Hippopotas|Earthquake|p2a: Throh
|-damage|p2a: Throh|82/100
|
|-heal|p2a: Throh|88/100|[from] item: Leftovers
|-damage|p1a: Hippopotas|76/100 brn|[from] brn
|upkeep
|turn|14
|
|move|p2a: Throh|Substitute|p2a: Throh
|-start|p2a: Throh|Substitute
|-damage|p2a: Throh|63/100
|move|p1a: Hippopotas|Toxic||[still]
|-fail|p1a: Hippopotas
|
|-heal|p2a: Throh|69/100|[from] item: Leftovers
|-damage|p1a: Hippopotas|70/100 brn|[from] brn
|upkeep
|turn|15
|
|switch|p1a: Pyukumuku|Pyukumuku, F|100/100
|-damage|p1a: Pyukumuku|88/100|[from] Stealth Rock
|-damage|p1a: Pyukumuku|76/100|[from] Spikes
|move|p2a: Throh|Bulk Up|p2a: Throh
|-boost|p2a: Throh|atk|1
|-boost|p2a: Throh|def|1
|
|-heal|p2a: Throh|75/100|[from] item: Leftovers
|-heal|p1a: Pyukumuku|82/100|[from] item: Leftovers
|upkeep
|turn|16
|
|move|p2a: Throh|Knock Off|p1a: Pyukumuku
|-damage|p1a: Pyukumuku|67/100
|-enditem|p1a: Pyukumuku|Leftovers|[from] move: Knock Off|[of] p2a: Throh
|move|p1a: Pyukumuku|Recover|p1a: Pyukumuku
|-heal|p1a: Pyukumuku|100/100
|
|-heal|p2a: Throh|81/100|[from] item: Leftovers
|upkeep
|turn|17
|
|move|p1a: Pyukumuku|Soak||[still]
|-fail|p1a: Pyukumuku
|move|p2a: Throh|Circle Throw|p1a: Pyukumuku
|-damage|p1a: Pyukumuku|87/100
|drag|p1a: Leafeon|Leafeon, M|100/100
|-damage|p1a: Leafeon|88/100|[from] Stealth Rock
|-damage|p1a: Leafeon|76/100|[from] Spikes
|
|-heal|p1a: Leafeon|82/100|[from] item: Leftovers
|-heal|p2a: Throh|88/100|[from] item: Leftovers
|upkeep
|turn|18
|
|move|p1a: Leafeon|Wish|p1a: Leafeon
|move|p2a: Throh|Bulk Up|p2a: Throh
|-boost|p2a: Throh|atk|1
|-boost|p2a: Throh|def|1
|
|-heal|p1a: Leafeon|88/100|[from] item: Leftovers
|-heal|p2a: Throh|94/100|[from] item: Leftovers
|upkeep
|turn|19
|
|switch|p1a: Pyukumuku|Pyukumuku, F|87/100
|-damage|p1a: Pyukumuku|74/100|[from] Stealth Rock
|-damage|p1a: Pyukumuku|62/100|[from] Spikes
|move|p2a: Throh|Circle Throw|p1a: Pyukumuku
|-damage|p1a: Pyukumuku|48/100
|drag|p1a: Musharna|Musharna, F|100/100
|-damage|p1a: Musharna|88/100|[from] Spikes
|-damage|p1a: Musharna|76/100|[from] Stealth Rock
|
|-heal|p1a: Musharna|100/100|[from] move: Wish|[wisher] Leafeon
|-heal|p2a: Throh|99/100|[from] item: Leftovers
|upkeep
|turn|20
|
|move|p2a: Throh|Knock Off|p1a: Musharna
|-supereffective|p1a: Musharna
|-enditem|p1a: Musharna|Colbur Berry|[eat]
|-enditem|p1a: Musharna|Colbur Berry|[weaken]
|-damage|p1a: Musharna|70/100
|move|p1a: Musharna|Heal Bell|p1a: Musharna
|-activate|p1a: Musharna|move: Heal Bell
|-curestatus|p1: Hippopotas|brn|[msg]
|-curestatus|p1: Vespiquen|brn|[msg]
|
|-heal|p2a: Throh|100/100|[from] item: Leftovers
|upkeep
|turn|21
|
|move|p2a: Throh|Knock Off|p1a: Musharna
|-supereffective|p1a: Musharna
|-damage|p1a: Musharna|27/100
|move|p1a: Musharna|Moonlight|p1a: Musharna
|-heal|p1a: Musharna|77/100
|
|upkeep
|turn|22
|
|switch|p1a: Pyukumuku|Pyukumuku, F|48/100
|-damage|p1a: Pyukumuku|36/100|[from] Spikes
|-damage|p1a: Pyukumuku|23/100|[from] Stealth Rock
|move|p2a: Throh|Bulk Up|p2a: Throh
|-boost|p2a: Throh|atk|1
|-boost|p2a: Throh|def|1
|
|upkeep
|turn|23
|
|move|p2a: Throh|Knock Off|p1a: Pyukumuku
|-damage|p1a: Pyukumuku|13/100
|move|p1a: Pyukumuku|Recover|p1a: Pyukumuku
|-heal|p1a: Pyukumuku|63/100
|
|upkeep
|turn|24
|
|move|p2a: Throh|Bulk Up|p2a: Throh
|-boost|p2a: Throh|atk|1
|-boost|p2a: Throh|def|1
|move|p1a: Pyukumuku|Recover|p1a: Pyukumuku
|-heal|p1a: Pyukumuku|100/100
|
|upkeep
|turn|25
|
|move|p2a: Throh|Bulk Up|p2a: Throh
|-boost|p2a: Throh|atk|1
|-boost|p2a: Throh|def|1
|move|p1a: Pyukumuku|Block||[still]
|-fail|p1a: Pyukumuku
|
|upkeep
|turn|26
|
|move|p1a: Pyukumuku|Soak||[still]
|-fail|p1a: Pyukumuku
|move|p2a: Throh|Circle Throw|p1a: Pyukumuku|[miss]
|-miss|p2a: Throh|p1a: Pyukumuku
|
|upkeep
|turn|27
|
|move|p2a: Throh|Bulk Up|p2a: Throh
|-boost|p2a: Throh|atk|1
|-boost|p2a: Throh|def|1
|move|p1a: Pyukumuku|Soak||[still]
|-fail|p1a: Pyukumuku
|
|upkeep
|turn|28
|
|move|p1a: Pyukumuku|Soak||[still]
|-fail|p1a: Pyukumuku
|move|p2a: Throh|Circle Throw|p1a: Pyukumuku|[miss]
|-miss|p2a: Throh|p1a: Pyukumuku
|
|upkeep
|turn|29
|
|move|p1a: Pyukumuku|Soak||[still]
|-fail|p1a: Pyukumuku
|move|p2a: Throh|Circle Throw|p1a: Pyukumuku
|-damage|p1a: Pyukumuku|85/100
|drag|p1a: Hippopotas|Hippopotas, M|70/100
|-damage|p1a: Hippopotas|57/100|[from] Spikes
|-damage|p1a: Hippopotas|51/100|[from] Stealth Rock
|
|upkeep
|turn|30
|
|switch|p1a: Pyukumuku|Pyukumuku, F|85/100
|-damage|p1a: Pyukumuku|73/100|[from] Spikes
|-damage|p1a: Pyukumuku|60/100|[from] Stealth Rock
|move|p2a: Throh|Knock Off|p1a: Pyukumuku
|-damage|p1a: Pyukumuku|50/100
|
|upkeep
|turn|31
|
|move|p1a: Pyukumuku|Recover|p1a: Pyukumuku
|-heal|p1a: Pyukumuku|100/100
|move|p2a: Throh|Circle Throw|p1a: Pyukumuku
|-damage|p1a: Pyukumuku|87/100
|drag|p1a: Munchlax|Munchlax, F|80/100
|-damage|p1a: Munchlax|67/100|[from] Spikes
|-damage|p1a: Munchlax|55/100|[from] Stealth Rock
|
|upkeep
|turn|32
|
|switch|p1a: Pyukumuku|Pyukumuku, F|87/100
|-damage|p1a: Pyukumuku|74/100|[from] Stealth Rock
|-damage|p1a: Pyukumuku|62/100|[from] Spikes
|move|p2a: Throh|Circle Throw|p1a: Pyukumuku
|-damage|p1a: Pyukumuku|49/100
|drag|p1a: Hippopotas|Hippopotas, M|51/100
|-damage|p1a: Hippopotas|39/100|[from] Spikes
|-damage|p1a: Hippopotas|33/100|[from] Stealth Rock
|
|upkeep
|turn|33
|
|move|p2a: Throh|Knock Off|p1a: Hippopotas
|-damage|p1a: Hippopotas|0 fnt
|-enditem|p1a: Hippopotas|Eviolite|[from] move: Knock Off|[of] p2a: Throh
|faint|p1a: Hippopotas
|
|upkeep
|
|switch|p1a: Pyukumuku|Pyukumuku, F|49/100
|-damage|p1a: Pyukumuku|36/100|[from] Spikes
|-damage|p1a: Pyukumuku|24/100|[from] Stealth Rock
|turn|34
|
|move|p1a: Pyukumuku|Recover|p1a: Pyukumuku
|-heal|p1a: Pyukumuku|74/100
|move|p2a: Throh|Circle Throw|p1a: Pyukumuku
|-damage|p1a: Pyukumuku|60/100
|drag|p1a: Vespiquen|Vespiquen, F|31/100
|-ability|p1a: Vespiquen|Pressure
|
|upkeep
|turn|35
|
|move|p2a: Throh|Knock Off|p1a: Vespiquen
|-damage|p1a: Vespiquen|0 fnt
|-enditem|p1a: Vespiquen|Heavy-Duty Boots|[from] move: Knock Off|[of] p2a: Throh
|faint|p1a: Vespiquen
|
|upkeep
|
|switch|p1a: Pyukumuku|Pyukumuku, F|60/100
|-damage|p1a: Pyukumuku|48/100|[from] Spikes
|-damage|p1a: Pyukumuku|36/100|[from] Stealth Rock
|turn|36
|
|move|p1a: Pyukumuku|Recover|p1a: Pyukumuku
|-heal|p1a: Pyukumuku|86/100
|move|p2a: Throh|Circle Throw|p1a: Pyukumuku
|-damage|p1a: Pyukumuku|73/100
|drag|p1a: Leafeon|Leafeon, M|88/100
|-damage|p1a: Leafeon|76/100|[from] Stealth Rock
|-damage|p1a: Leafeon|63/100|[from] Spikes
|
|-heal|p1a: Leafeon|69/100|[from] item: Leftovers
|upkeep
|turn|37
|
|move|p1a: Leafeon|Protect|p1a: Leafeon
|-singleturn|p1a: Leafeon|Protect
|move|p2a: Throh|Circle Throw|p1a: Leafeon
|-activate|p1a: Leafeon|move: Protect
|
|-heal|p1a: Leafeon|75/100|[from] item: Leftovers
|upkeep
|turn|38
|
|switch|p1a: Pyukumuku|Pyukumuku, F|73/100
|-damage|p1a: Pyukumuku|60/100|[from] Stealth Rock
|-damage|p1a: Pyukumuku|48/100|[from] Spikes
|move|p2a: Throh|Knock Off|p1a: Pyukumuku
|-damage|p1a: Pyukumuku|39/100
|
|upkeep
|turn|39
|
|move|p1a: Pyukumuku|Recover|p1a: Pyukumuku
|-heal|p1a: Pyukumuku|89/100
|move|p2a: Throh|Circle Throw|p1a: Pyukumuku
|-damage|p1a: Pyukumuku|76/100
|drag|p1a: Musharna|Musharna, F|77/100
|-damage|p1a: Musharna|65/100|[from] Stealth Rock
|-damage|p1a: Musharna|52/100|[from] Spikes
|
|upkeep
|turn|40
|
|switch|p1a: Pyukumuku|Pyukumuku, F|76/100
|-damage|p1a: Pyukumuku|64/100|[from] Spikes
|-damage|p1a: Pyukumuku|51/100|[from] Stealth Rock
|move|p2a: Throh|Knock Off|p1a: Pyukumuku
|-damage|p1a: Pyukumuku|41/100
|
|upkeep
|turn|41
|
|move|p1a: Pyukumuku|Recover|p1a: Pyukumuku
|-heal|p1a: Pyukumuku|91/100
|move|p2a: Throh|Circle Throw|p1a: Pyukumuku
|-damage|p1a: Pyukumuku|77/100
|drag|p1a: Leafeon|Leafeon, M|75/100
|-damage|p1a: Leafeon|63/100|[from] Stealth Rock
|-damage|p1a: Leafeon|51/100|[from] Spikes
|
|-heal|p1a: Leafeon|57/100|[from] item: Leftovers
|upkeep
|turn|42
|
|move|p1a: Leafeon|Protect|p1a: Leafeon
|-singleturn|p1a: Leafeon|Protect
|move|p2a: Throh|Knock Off|p1a: Leafeon
|-activate|p1a: Leafeon|move: Protect
|
|-heal|p1a: Leafeon|63/100|[from] item: Leftovers
|upkeep
|turn|43
|
|switch|p1a: Pyukumuku|Pyukumuku, F|77/100
|-damage|p1a: Pyukumuku|65/100|[from] Stealth Rock
|-damage|p1a: Pyukumuku|52/100|[from] Spikes
|move|p2a: Throh|Circle Throw|p1a: Pyukumuku
|-damage|p1a: Pyukumuku|40/100
|drag|p1a: Musharna|Musharna, F|52/100
|-damage|p1a: Musharna|40/100|[from] Spikes
|-damage|p1a: Musharna|28/100|[from] Stealth Rock
|
|upkeep
|turn|44
|
|move|p2a: Throh|Knock Off|p1a: Musharna
|-supereffective|p1a: Musharna
|-damage|p1a: Musharna|0 fnt
|faint|p1a: Musharna
|
|upkeep
|
|switch|p1a: Pyukumuku|Pyukumuku, F|40/100
|-damage|p1a: Pyukumuku|27/100|[from] Spikes
|-damage|p1a: Pyukumuku|15/100|[from] Stealth Rock
|turn|45
|
|move|p1a: Pyukumuku|Recover|p1a: Pyukumuku
|-heal|p1a: Pyukumuku|65/100
|move|p2a: Throh|Circle Throw|p1a: Pyukumuku
|-crit|p1a: Pyukumuku
|-damage|p1a: Pyukumuku|45/100
|drag|p1a: Leafeon|Leafeon, M|63/100
|-damage|p1a: Leafeon|50/100|[from] Stealth Rock
|-damage|p1a: Leafeon|38/100|[from] Spikes
|
|-heal|p1a: Leafeon|44/100|[from] item: Leftovers
|upkeep
|turn|46
|
|move|p1a: Leafeon|Protect|p1a: Leafeon
|-singleturn|p1a: Leafeon|Protect
|move|p2a: Throh|Knock Off|p1a: Leafeon
|-activate|p1a: Leafeon|move: Protect
|
|-heal|p1a: Leafeon|50/100|[from] item: Leftovers
|upkeep
|turn|47
|
|move|p1a: Leafeon|Wish|p1a: Leafeon
|move|p2a: Throh|Circle Throw|p1a: Leafeon
|-damage|p1a: Leafeon|0 fnt
|faint|p1a: Leafeon
|
|upkeep
|
|switch|p1a: Pyukumuku|Pyukumuku, F|45/100
|-damage|p1a: Pyukumuku|32/100|[from] Stealth Rock
|-damage|p1a: Pyukumuku|20/100|[from] Spikes
|turn|48
|
|move|p1a: Pyukumuku|Recover|p1a: Pyukumuku
|-heal|p1a: Pyukumuku|70/100
|move|p2a: Throh|Circle Throw|p1a: Pyukumuku
|-damage|p1a: Pyukumuku|57/100
|drag|p1a: Munchlax|Munchlax, F|55/100
|-damage|p1a: Munchlax|42/100|[from] Spikes
|-damage|p1a: Munchlax|30/100|[from] Stealth Rock
|
|-heal|p1a: Munchlax|65/100|[from] move: Wish|[wisher] Leafeon
|upkeep
|turn|49
|
|switch|p1a: Pyukumuku|Pyukumuku, F|57/100
|-damage|p1a: Pyukumuku|45/100|[from] Spikes
|-damage|p1a: Pyukumuku|32/100|[from] Stealth Rock
|move|p2a: Throh|Knock Off|p1a: Pyukumuku
|-damage|p1a: Pyukumuku|23/100
|
|upkeep
|turn|50
|
|switch|p2a: Crustle|Crustle, M|76/100 tox
|-damage|p2a: Crustle|51/100 tox|[from] Stealth Rock
|move|p1a: Pyukumuku|Recover|p1a: Pyukumuku
|-heal|p1a: Pyukumuku|73/100
|
|-heal|p2a: Crustle|57/100 tox|[from] item: Leftovers
|-damage|p2a: Crustle|51/100 tox|[from] psn
|upkeep
|turn|51
|
|move|p2a: Crustle|Spikes|p1a: Pyukumuku
|-sidestart|p1: uult1 SOMALIA|Spikes
|move|p1a: Pyukumuku|Block|p2a: Crustle
|-activate|p2a: Crustle|trapped
|
|-heal|p2a: Crustle|57/100 tox|[from] item: Leftovers
|-damage|p2a: Crustle|45/100 tox|[from] psn
|upkeep
|turn|52
|
|move|p2a: Crustle|Spikes|p1a: Pyukumuku
|-sidestart|p1: uult1 SOMALIA|Spikes
|move|p1a: Pyukumuku|Toxic|p2a: Crustle
|-fail|p2a: Crustle|tox
|
|-heal|p2a: Crustle|51/100 tox|[from] item: Leftovers
|-damage|p2a: Crustle|33/100 tox|[from] psn
|upkeep
|turn|53
|
|move|p2a: Crustle|X-Scissor|p1a: Pyukumuku
|-damage|p1a: Pyukumuku|49/100
|move|p1a: Pyukumuku|Toxic|p2a: Crustle
|-fail|p2a: Crustle|tox
|
|-heal|p2a: Crustle|39/100 tox|[from] item: Leftovers
|-damage|p2a: Crustle|15/100 tox|[from] psn
|upkeep
|turn|54
|
|move|p2a: Crustle|X-Scissor|p1a: Pyukumuku
|-damage|p1a: Pyukumuku|21/100
|move|p1a: Pyukumuku|Recover|p1a: Pyukumuku
|-heal|p1a: Pyukumuku|71/100
|
|-heal|p2a: Crustle|21/100 tox|[from] item: Leftovers
|-damage|p2a: Crustle|0 fnt|[from] psn
|faint|p2a: Crustle
|upkeep
|
|switch|p2a: Mr. Mime|Mr. Mime, F|88/100
|-damage|p2a: Mr. Mime|76/100|[from] Stealth Rock
|turn|55
|j| LaterSpaceCowboy
|
|move|p2a: Mr. Mime|Trick|p1a: Pyukumuku
|-activate|p2a: Mr. Mime|move: Trick|[of] p1a: Pyukumuku
|-item|p1a: Pyukumuku|Choice Specs|[from] move: Trick
|-enditem|p2a: Mr. Mime|Choice Specs|[silent]|[from] move: Trick
|move|p1a: Pyukumuku|Toxic|p2a: Mr. Mime
|-status|p2a: Mr. Mime|tox
|
|-damage|p2a: Mr. Mime|70/100 tox|[from] psn
|upkeep
|turn|56
|l| LaterSpaceCowboy
|j| Dont Eat Bats
|inactive|uult1 SOMALIA has 120 seconds left.
|
|move|p2a: Mr. Mime|Psychic|p1a: Pyukumuku
|-damage|p1a: Pyukumuku|37/100
|-unboost|p1a: Pyukumuku|spd|1
|move|p1a: Pyukumuku|Toxic|p2a: Mr. Mime|[miss]
|-miss|p1a: Pyukumuku|p2a: Mr. Mime
|
|-damage|p2a: Mr. Mime|58/100 tox|[from] psn
|upkeep
|turn|57
|
|move|p2a: Mr. Mime|Psychic|p1a: Pyukumuku
|-damage|p1a: Pyukumuku|0 fnt
|faint|p1a: Pyukumuku
|
|-damage|p2a: Mr. Mime|41/100 tox|[from] psn
|upkeep
|inactive|uult1 SOMALIA has 120 seconds left.
|
|switch|p1a: Munchlax|Munchlax, F|65/100
|-damage|p1a: Munchlax|53/100|[from] Stealth Rock
|-damage|p1a: Munchlax|28/100|[from] Spikes
|turn|58
|
|switch|p2a: Silvally|Silvally-Bug|100/100
|-damage|p2a: Silvally|76/100|[from] Stealth Rock
|move|p1a: Munchlax|Rest|p1a: Munchlax
|-status|p1a: Munchlax|slp|[from] move: Rest
|-heal|p1a: Munchlax|100/100 slp|[silent]
|
|upkeep
|turn|59
|
|move|p2a: Silvally|Swords Dance|p2a: Silvally
|-boost|p2a: Silvally|atk|2
|cant|p1a: Munchlax|slp
|move|p1a: Munchlax|Sleep Talk|p1a: Munchlax
|move|p1a: Munchlax|Rest|p1a: Munchlax|[from]Sleep Talk
|-fail|p1a: Munchlax|heal
|
|upkeep
|turn|60
|
|move|p2a: Silvally|Multi-Attack|p1a: Munchlax
|-damage|p1a: Munchlax|8/100 slp
|cant|p1a: Munchlax|slp
|move|p1a: Munchlax|Sleep Talk|p1a: Munchlax
|move|p1a: Munchlax|Rest|p1a: Munchlax|[from]Sleep Talk
|-fail|p1a: Munchlax
|
|upkeep
|turn|61
|
|move|p2a: Silvally|Multi-Attack|p1a: Munchlax
|-damage|p1a: Munchlax|0 fnt
|faint|p1a: Munchlax
|
|win|YoungBeeble
|l|☆uult1 SOMALIA
