|html|<div class="broadcast-blue"><strong>[Gen 8] PU is currently suspecting Drampa! For information on how to participate check out the <a href="https://www.smogon.com/forums/threads/np-pu-stage-7-i-hear-hyper-voices-in-my-head-drampa-suspect-test.3692992/">suspect thread</a>.</strong></div>
|j|☆one of the bouys
|j|☆jk malding
|t:|1636585214
|gametype|singles
|player|p1|one of the bouys|clown|1590
|player|p2|jk malding|hiker-gen4|1642
|teamsize|p1|6
|teamsize|p2|6
|gen|8
|tier|[Gen 8] PU
|rated|
|rule|Sleep Clause Mod: Limit one foe put to sleep
|rule|Species Clause: Limit one of each Pokémon
|rule|OHKO Clause: OHKO moves are banned
|rule|Evasion Moves Clause: Evasion moves are banned
|rule|Endless Battle Clause: Forcing endless battles is banned
|rule|HP Percentage Mod: HP is shown in percentages
|rule|Dynamax Clause: You cannot dynamax
|clearpoke
|poke|p1|Flapple, M|
|poke|p1|Gourgeist-*, M|
|poke|p1|Sandaconda, M|
|poke|p1|Weezing, F|
|poke|p1|Cryogonal|
|poke|p1|Gigalith, F|
|poke|p2|Wishiwashi, F|
|poke|p2|Weezing, F|
|poke|p2|Aggron, M|
|poke|p2|Silvally-*|
|poke|p2|Tsareena, F|
|poke|p2|Mesprit|
|teampreview
|c|☆jk malding|glhf
|c|☆one of the bouys|u 2
|
|t:|1636585243
|start
|switch|p1a: Gourgeist|Gourgeist-Super, M|100/100
|switch|p2a: Aggron|Aggron, M|100/100
|-item|p2a: Aggron|Leftovers|[from] ability: Frisk|[of] p1a: Gourgeist|[identify]
|turn|1
|
|t:|1636585260
|move|p2a: Aggron|Protect|p2a: Aggron
|-singleturn|p2a: Aggron|Protect
|move|p1a: Gourgeist|Power Whip|p2a: Aggron
|-activate|p2a: Aggron|move: Protect
|
|upkeep
|turn|2
|
|t:|1636585269
|switch|p2a: Weezing|Weezing, F|100/100
|-ability|p2a: Weezing|Neutralizing Gas
|move|p1a: Gourgeist|Poltergeist|p2a: Weezing
|-activate|p2a: Weezing|move: Poltergeist|Rocky Helmet
|-damage|p2a: Weezing|64/100
|
|upkeep
|turn|3
|
|t:|1636585283
|switch|p1a: Gigalith|Gigalith, F|100/100
|move|p2a: Weezing|Will-O-Wisp|p1a: Gigalith|[miss]
|-miss|p2a: Weezing|p1a: Gigalith
|
|upkeep
|turn|4
|
|t:|1636585286
|move|p2a: Weezing|Will-O-Wisp|p1a: Gigalith
|-status|p1a: Gigalith|brn
|move|p1a: Gigalith|Stealth Rock|p2a: Weezing
|-sidestart|p2: jk malding|move: Stealth Rock
|
|-damage|p1a: Gigalith|94/100 brn|[from] brn
|upkeep
|turn|5
|
|t:|1636585298
|switch|p1a: Sandaconda|Sandaconda, M|100/100
|move|p2a: Weezing|Toxic Spikes|p1a: Sandaconda
|-sidestart|p1: one of the bouys|move: Toxic Spikes
|
|upkeep
|turn|6
|
|t:|1636585326
|switch|p1a: Weezing|Weezing, F|100/100
|-ability|p1a: Weezing|Neutralizing Gas
|-sideend|p1: one of the bouys|move: Toxic Spikes|[of] p1a: Weezing
|switch|p2a: Wishiwashi|Wishiwashi, F|100/100
|-damage|p2a: Wishiwashi|88/100|[from] Stealth Rock
|-formechange|p2a: Wishiwashi|Wishiwashi-School||[from] ability: Schooling
|
|-heal|p2a: Wishiwashi|94/100|[from] item: Leftovers
|upkeep
|turn|7
|
|t:|1636585337
|-end|p1a: Weezing|ability: Neutralizing Gas
|switch|p1a: Gourgeist|Gourgeist-Super, M|100/100
|-item|p2a: Wishiwashi|Leftovers|[from] ability: Frisk|[of] p1a: Gourgeist|[identify]
|move|p2a: Wishiwashi|U-turn|p1a: Gourgeist
|-damage|p1a: Gourgeist|85/100
|
|t:|1636585393
|switch|p2a: Aggron|Aggron, M|100/100|[from]move: U-turn
|-damage|p2a: Aggron|94/100|[from] Stealth Rock
|
|-heal|p2a: Aggron|100/100|[from] item: Leftovers
|upkeep
|turn|8
|
|t:|1636585400
|move|p1a: Gourgeist|Power Whip|p2a: Aggron|[miss]
|-miss|p1a: Gourgeist|p2a: Aggron
|move|p2a: Aggron|Stealth Rock|p1a: Gourgeist
|-sidestart|p1: one of the bouys|move: Stealth Rock
|
|upkeep
|turn|9
|
|t:|1636585402
|move|p1a: Gourgeist|Poltergeist|p2a: Aggron
|-activate|p2a: Aggron|move: Poltergeist|Leftovers
|-damage|p2a: Aggron|70/100
|move|p2a: Aggron|Head Smash|p1a: Gourgeist|[miss]
|-miss|p2a: Aggron|p1a: Gourgeist
|
|-heal|p2a: Aggron|76/100|[from] item: Leftovers
|upkeep
|turn|10
|
|t:|1636585406
|move|p1a: Gourgeist|Power Whip|p2a: Aggron
|-damage|p2a: Aggron|42/100
|move|p2a: Aggron|Head Smash|p1a: Gourgeist
|-damage|p1a: Gourgeist|38/100
|
|-heal|p2a: Aggron|48/100|[from] item: Leftovers
|upkeep
|turn|11
|
|t:|1636585413
|move|p1a: Gourgeist|Synthesis|p1a: Gourgeist
|-heal|p1a: Gourgeist|88/100
|move|p2a: Aggron|Head Smash|p1a: Gourgeist
|-damage|p1a: Gourgeist|42/100
|
|-heal|p2a: Aggron|54/100|[from] item: Leftovers
|upkeep
|turn|12
|
|t:|1636585415
|move|p1a: Gourgeist|Synthesis|p1a: Gourgeist
|-heal|p1a: Gourgeist|92/100
|move|p2a: Aggron|Head Smash|p1a: Gourgeist
|-damage|p1a: Gourgeist|42/100
|
|-heal|p2a: Aggron|60/100|[from] item: Leftovers
|upkeep
|turn|13
|
|t:|1636585418
|move|p1a: Gourgeist|Synthesis|p1a: Gourgeist
|-heal|p1a: Gourgeist|92/100
|move|p2a: Aggron|Head Smash|p1a: Gourgeist|[miss]
|-miss|p2a: Aggron|p1a: Gourgeist
|
|-heal|p2a: Aggron|66/100|[from] item: Leftovers
|upkeep
|turn|14
|
|t:|1636585421
|move|p2a: Aggron|Protect|p2a: Aggron
|-singleturn|p2a: Aggron|Protect
|move|p1a: Gourgeist|Poltergeist|p2a: Aggron
|-activate|p2a: Aggron|move: Protect
|
|-heal|p2a: Aggron|72/100|[from] item: Leftovers
|upkeep
|turn|15
|
|t:|1636585432
|move|p1a: Gourgeist|Poltergeist|p2a: Aggron
|-activate|p2a: Aggron|move: Poltergeist|Leftovers
|-damage|p2a: Aggron|44/100
|move|p2a: Aggron|Head Smash|p1a: Gourgeist
|-damage|p1a: Gourgeist|47/100
|
|-heal|p2a: Aggron|50/100|[from] item: Leftovers
|upkeep
|turn|16
|
|t:|1636585455
|switch|p2a: Tsareena|Tsareena, F|100/100
|move|p1a: Gourgeist|Synthesis|p1a: Gourgeist
|-heal|p1a: Gourgeist|97/100
|
|upkeep
|turn|17
|
|t:|1636585457
|move|p2a: Tsareena|Knock Off|p1a: Gourgeist
|-supereffective|p1a: Gourgeist
|-damage|p1a: Gourgeist|57/100
|move|p1a: Gourgeist|Toxic|p2a: Tsareena
|-status|p2a: Tsareena|tox
|
|-damage|p2a: Tsareena|95/100 tox|[from] psn
|upkeep
|turn|18
|
|t:|1636585471
|move|p2a: Tsareena|Knock Off|p1a: Gourgeist
|-supereffective|p1a: Gourgeist
|-damage|p1a: Gourgeist|17/100
|move|p1a: Gourgeist|Synthesis|p1a: Gourgeist
|-heal|p1a: Gourgeist|67/100
|
|-damage|p2a: Tsareena|83/100 tox|[from] psn
|upkeep
|turn|19
|
|t:|1636585482
|switch|p2a: Weezing|Weezing, F|64/100
|-ability|p2a: Weezing|Neutralizing Gas
|-damage|p2a: Weezing|52/100|[from] Stealth Rock
|move|p1a: Gourgeist|Synthesis|p1a: Gourgeist
|-heal|p1a: Gourgeist|100/100
|
|upkeep
|turn|20
|
|t:|1636585489
|switch|p1a: Cryogonal|Cryogonal|100/100
|move|p2a: Weezing|Will-O-Wisp|p1a: Cryogonal
|-status|p1a: Cryogonal|brn
|
|-damage|p1a: Cryogonal|94/100 brn|[from] brn
|upkeep
|turn|21
|
|t:|1636585498
|switch|p1a: Flapple|Flapple, M|100/100
|-damage|p1a: Flapple|88/100|[from] Stealth Rock
|-end|p2a: Weezing|ability: Neutralizing Gas
|switch|p2a: Aggron|Aggron, M|50/100
|-damage|p2a: Aggron|44/100|[from] Stealth Rock
|
|-heal|p2a: Aggron|50/100|[from] item: Leftovers
|upkeep
|turn|22
|
|t:|1636585510
|move|p1a: Flapple|Grav Apple|p2a: Aggron
|-damage|p2a: Aggron|2/100
|-unboost|p2a: Aggron|def|1
|-damage|p1a: Flapple|78/100|[from] item: Life Orb
|move|p2a: Aggron|Body Press|p1a: Flapple
|-damage|p1a: Flapple|45/100
|
|-heal|p2a: Aggron|8/100|[from] item: Leftovers
|upkeep
|turn|23
|
|t:|1636585517
|move|p2a: Aggron|Protect|p2a: Aggron
|-singleturn|p2a: Aggron|Protect
|move|p1a: Flapple|Draco Meteor|p2a: Aggron
|-activate|p2a: Aggron|move: Protect
|
|-heal|p2a: Aggron|14/100|[from] item: Leftovers
|upkeep
|turn|24
|
|t:|1636585531
|move|p1a: Flapple|Grav Apple|p2a: Aggron
|-damage|p2a: Aggron|0 fnt
|faint|p2a: Aggron
|-damage|p1a: Flapple|35/100|[from] item: Life Orb
|
|upkeep
|
|t:|1636585541
|switch|p2a: Silvally|Silvally-Fairy|100/100
|-damage|p2a: Silvally|88/100|[from] Stealth Rock
|turn|25
|
|t:|1636585545
|switch|p2a: Mesprit|Mesprit|100/100
|-damage|p2a: Mesprit|88/100|[from] Stealth Rock
|switch|p1a: Weezing|Weezing, F|100/100
|-ability|p1a: Weezing|Neutralizing Gas
|-damage|p1a: Weezing|88/100|[from] Stealth Rock
|
|upkeep
|turn|26
|
|t:|1636585570
|-end|p1a: Weezing|ability: Neutralizing Gas
|switch|p1a: Cryogonal|Cryogonal|94/100 brn
|move|p2a: Mesprit|Psychic|p1a: Cryogonal
|-damage|p1a: Cryogonal|60/100 brn
|
|-damage|p1a: Cryogonal|54/100 brn|[from] brn
|upkeep
|turn|27
|
|t:|1636585591
|move|p2a: Mesprit|Psychic|p1a: Cryogonal
|-damage|p1a: Cryogonal|17/100 brn
|move|p1a: Cryogonal|Recover|p1a: Cryogonal
|-heal|p1a: Cryogonal|67/100 brn
|
|-damage|p1a: Cryogonal|61/100 brn|[from] brn
|upkeep
|turn|28
|
|t:|1636585599
|switch|p2a: Wishiwashi|Wishiwashi, F|94/100
|-damage|p2a: Wishiwashi|82/100|[from] Stealth Rock
|-formechange|p2a: Wishiwashi|Wishiwashi-School||[from] ability: Schooling
|move|p1a: Cryogonal|Rapid Spin|p2a: Wishiwashi
|-damage|p2a: Wishiwashi|79/100
|-boost|p1a: Cryogonal|spe|1
|-sideend|p1: one of the bouys|Stealth Rock|[from] move: Rapid Spin|[of] p1a: Cryogonal
|
|-heal|p2a: Wishiwashi|86/100|[from] item: Leftovers
|-damage|p1a: Cryogonal|55/100 brn|[from] brn
|upkeep
|turn|29
|
|t:|1636585611
|move|p1a: Cryogonal|Recover|p1a: Cryogonal
|-heal|p1a: Cryogonal|100/100 brn
|move|p2a: Wishiwashi|Scald|p1a: Cryogonal
|-damage|p1a: Cryogonal|68/100 brn
|
|-heal|p2a: Wishiwashi|92/100|[from] item: Leftovers
|-damage|p1a: Cryogonal|62/100 brn|[from] brn
|upkeep
|turn|30
|
|t:|1636585615
|move|p1a: Cryogonal|Toxic|p2a: Wishiwashi
|-status|p2a: Wishiwashi|tox
|move|p2a: Wishiwashi|Scald|p1a: Cryogonal
|-damage|p1a: Cryogonal|32/100 brn
|
|-heal|p2a: Wishiwashi|98/100 tox|[from] item: Leftovers
|-damage|p2a: Wishiwashi|92/100 tox|[from] psn
|-damage|p1a: Cryogonal|26/100 brn|[from] brn
|upkeep
|turn|31
|
|t:|1636585618
|move|p1a: Cryogonal|Recover|p1a: Cryogonal
|-heal|p1a: Cryogonal|76/100 brn
|move|p2a: Wishiwashi|U-turn|p1a: Cryogonal
|-damage|p1a: Cryogonal|38/100 brn
|
|t:|1636585648
|switch|p2a: Silvally|Silvally-Fairy|88/100|[from]move: U-turn
|-damage|p2a: Silvally|76/100|[from] Stealth Rock
|
|-damage|p1a: Cryogonal|31/100 brn|[from] brn
|upkeep
|turn|32
|
|t:|1636585655
|switch|p1a: Weezing|Weezing, F|88/100
|-ability|p1a: Weezing|Neutralizing Gas
|move|p2a: Silvally|Multi-Attack|p1a: Weezing
|-resisted|p1a: Weezing
|-damage|p1a: Weezing|71/100
|-damage|p2a: Silvally|59/100|[from] item: Rocky Helmet|[of] p1a: Weezing
|
|upkeep
|turn|33
|j| SFGDAS
|
|t:|1636585663
|switch|p2a: Wishiwashi|Wishiwashi, F|92/100 tox
|-damage|p2a: Wishiwashi|79/100 tox|[from] Stealth Rock
|-formechange|p2a: Wishiwashi|Wishiwashi-School||[from] ability: Schooling
|move|p1a: Weezing|Sludge Bomb|p2a: Wishiwashi
|-damage|p2a: Wishiwashi|61/100 tox
|
|-heal|p2a: Wishiwashi|67/100 tox|[from] item: Leftovers
|-damage|p2a: Wishiwashi|61/100 tox|[from] psn
|upkeep
|turn|34
|
|t:|1636585667
|-end|p1a: Weezing|ability: Neutralizing Gas
|switch|p1a: Gourgeist|Gourgeist-Super, M|100/100
|-item|p2a: Wishiwashi|Leftovers|[from] ability: Frisk|[of] p1a: Gourgeist|[identify]
|move|p2a: Wishiwashi|U-turn|p1a: Gourgeist
|-damage|p1a: Gourgeist|85/100
|
|t:|1636585714
|switch|p2a: Silvally|Silvally-Fairy|59/100|[from]move: U-turn
|-damage|p2a: Silvally|47/100|[from] Stealth Rock
|
|upkeep
|turn|35
|
|t:|1636585720
|move|p2a: Silvally|Multi-Attack|p1a: Gourgeist
|-damage|p1a: Gourgeist|41/100
|move|p1a: Gourgeist|Power Whip|p2a: Silvally
|-damage|p2a: Silvally|0 fnt
|faint|p2a: Silvally
|
|upkeep
|
|t:|1636585723
|switch|p2a: Mesprit|Mesprit|88/100
|-damage|p2a: Mesprit|76/100|[from] Stealth Rock
|turn|36
|
|t:|1636585726
|switch|p1a: Gigalith|Gigalith, F|94/100 brn
|-weather|Sandstorm|[from] ability: Sand Stream|[of] p1a: Gigalith
|move|p2a: Mesprit|Psychic|p1a: Gigalith
|-damage|p1a: Gigalith|74/100 brn
|
|-weather|Sandstorm|[upkeep]
|-damage|p2a: Mesprit|70/100|[from] Sandstorm
|-heal|p1a: Gigalith|80/100 brn|[from] item: Leftovers
|-damage|p1a: Gigalith|74/100 brn|[from] brn
|upkeep
|turn|37
|
|t:|1636585736
|switch|p2a: Tsareena|Tsareena, F|83/100 tox
|move|p1a: Gigalith|Toxic|p2a: Tsareena
|-fail|p2a: Tsareena|tox
|
|-weather|Sandstorm|[upkeep]
|-damage|p2a: Tsareena|77/100 tox|[from] Sandstorm
|-heal|p1a: Gigalith|80/100 brn|[from] item: Leftovers
|-damage|p2a: Tsareena|71/100 tox|[from] psn
|-damage|p1a: Gigalith|74/100 brn|[from] brn
|upkeep
|turn|38
|
|t:|1636585745
|switch|p1a: Weezing|Weezing, F|71/100
|-ability|p1a: Weezing|Neutralizing Gas
|move|p2a: Tsareena|Knock Off|p1a: Weezing
|-damage|p1a: Weezing|45/100
|-damage|p2a: Tsareena|54/100 tox|[from] item: Rocky Helmet|[of] p1a: Weezing
|-enditem|p1a: Weezing|Rocky Helmet|[from] move: Knock Off|[of] p2a: Tsareena
|
|-weather|Sandstorm|[upkeep]
|-damage|p2a: Tsareena|48/100 tox|[from] Sandstorm
|-damage|p1a: Weezing|39/100|[from] Sandstorm
|-damage|p2a: Tsareena|36/100 tox|[from] psn
|upkeep
|turn|39
|
|t:|1636585758
|switch|p2a: Wishiwashi|Wishiwashi, F|61/100 tox
|-damage|p2a: Wishiwashi|49/100 tox|[from] Stealth Rock
|-formechange|p2a: Wishiwashi|Wishiwashi-School||[from] ability: Schooling
|move|p1a: Weezing|Sludge Bomb|p2a: Wishiwashi
|-damage|p2a: Wishiwashi|29/100 tox
|
|-weather|Sandstorm|[upkeep]
|-damage|p1a: Weezing|33/100|[from] Sandstorm
|-damage|p2a: Wishiwashi|23/100 tox|[from] Sandstorm
|-heal|p2a: Wishiwashi|29/100 tox|[from] item: Leftovers
|-damage|p2a: Wishiwashi|23/100 tox|[from] psn
|-formechange|p2a: Wishiwashi|Wishiwashi||[from] ability: Schooling
|upkeep
|turn|40
|
|t:|1636585766
|move|p1a: Weezing|Sludge Bomb|p2a: Wishiwashi
|-damage|p2a: Wishiwashi|0 fnt
|faint|p2a: Wishiwashi
|
|-weather|none
|upkeep
|
|t:|1636585768
|switch|p2a: Mesprit|Mesprit|70/100
|-damage|p2a: Mesprit|58/100|[from] Stealth Rock
|turn|41
|
|t:|1636585774
|-end|p1a: Weezing|ability: Neutralizing Gas
|switch|p1a: Gigalith|Gigalith, F|74/100 brn
|-weather|Sandstorm|[from] ability: Sand Stream|[of] p1a: Gigalith
|move|p2a: Mesprit|Psychic|p1a: Gigalith
|-damage|p1a: Gigalith|53/100 brn
|
|-weather|Sandstorm|[upkeep]
|-damage|p2a: Mesprit|52/100|[from] Sandstorm
|-heal|p1a: Gigalith|59/100 brn|[from] item: Leftovers
|-damage|p1a: Gigalith|53/100 brn|[from] brn
|upkeep
|turn|42
|
|t:|1636585789
|move|p2a: Mesprit|Psychic|p1a: Gigalith
|-damage|p1a: Gigalith|34/100 brn
|-unboost|p1a: Gigalith|spd|1
|move|p1a: Gigalith|Rock Blast|p2a: Mesprit
|-damage|p2a: Mesprit|45/100
|-damage|p2a: Mesprit|38/100
|-hitcount|p2a: Mesprit|2
|
|-weather|Sandstorm|[upkeep]
|-damage|p2a: Mesprit|32/100|[from] Sandstorm
|-heal|p1a: Gigalith|41/100 brn|[from] item: Leftovers
|-damage|p1a: Gigalith|34/100 brn|[from] brn
|upkeep
|turn|43
|
|t:|1636585800
|move|p2a: Mesprit|Psychic|p1a: Gigalith
|-damage|p1a: Gigalith|6/100 brn
|move|p1a: Gigalith|Toxic|p2a: Mesprit
|-status|p2a: Mesprit|tox
|
|-weather|Sandstorm|[upkeep]
|-damage|p2a: Mesprit|26/100 tox|[from] Sandstorm
|-heal|p1a: Gigalith|12/100 brn|[from] item: Leftovers
|-damage|p2a: Mesprit|20/100 tox|[from] psn
|-damage|p1a: Gigalith|6/100 brn|[from] brn
|upkeep
|turn|44
|
|t:|1636585805
|move|p1a: Gigalith|Protect|p1a: Gigalith
|-singleturn|p1a: Gigalith|Protect
|move|p2a: Mesprit|Psychic|p1a: Gigalith
|-activate|p1a: Gigalith|move: Protect
|
|-weather|Sandstorm|[upkeep]
|-damage|p2a: Mesprit|14/100 tox|[from] Sandstorm
|-heal|p1a: Gigalith|12/100 brn|[from] item: Leftovers
|-damage|p2a: Mesprit|2/100 tox|[from] psn
|-damage|p1a: Gigalith|6/100 brn|[from] brn
|upkeep
|turn|45
|
|t:|1636585831
|move|p2a: Mesprit|Psychic|p1a: Gigalith
|-damage|p1a: Gigalith|0 fnt
|faint|p1a: Gigalith
|
|-weather|none
|-damage|p2a: Mesprit|0 fnt|[from] psn
|faint|p2a: Mesprit
|upkeep
|c|☆jk malding|gg
|
|t:|1636585837
|switch|p2a: Tsareena|Tsareena, F|36/100 tox
|switch|p1a: Cryogonal|Cryogonal|31/100 brn
|turn|46
|c|☆one of the bouys|gg
|
|t:|1636585840
|move|p1a: Cryogonal|Ice Beam|p2a: Tsareena
|-supereffective|p2a: Tsareena
|-damage|p2a: Tsareena|0 fnt
|faint|p2a: Tsareena
|
|-damage|p1a: Cryogonal|25/100 brn|[from] brn
|upkeep
|-message|jk malding forfeited.
|
|win|one of the bouys
|raw|one of the bouys's rating: 1590 &rarr; <strong>1613</strong><br />(+23 for winning)
|raw|jk malding's rating: 1642 &rarr; <strong>1619</strong><br />(-23 for losing)
|l|☆jk malding
