|html|<div class="broadcast-blue"><strong>[Gen 8] PU is currently suspecting Araquanid! For information on how to participate check out the <a href="https://www.smogon.com/forums/threads/np-pu-stage-9-itsy-bitsy-spider.3704256/">suspect thread</a>.</strong></div>
|j|☆Eesturn
|j|☆TDempsy
|t:|1657400500
|gametype|singles
|player|p1|Eesturn|bellelba|1187
|player|p2|TDempsy|2|1068
|teamsize|p1|6
|teamsize|p2|6
|gen|8
|tier|[Gen 8] PU
|rated|
|rule|Sleep Clause Mod: Limit one foe put to sleep
|rule|Species Clause: Limit one of each Pokémon
|rule|OHKO Clause: OHKO moves are banned
|rule|Evasion Moves Clause: Evasion moves are banned
|rule|Endless Battle Clause: Forcing endless battles is banned
|rule|HP Percentage Mod: HP is shown in percentages
|rule|Dynamax Clause: You cannot dynamax
|clearpoke
|poke|p1|Magneton|
|poke|p1|Thwackey, F|
|poke|p1|Togedemaru, M|
|poke|p1|Charizard, M|
|poke|p1|Cinccino, M|
|poke|p1|Jellicent, F|
|poke|p2|Jellicent, F|
|poke|p2|Absol, M|
|poke|p2|Articuno-Galar|
|poke|p2|Aggron, M|
|poke|p2|Cinccino, F|
|poke|p2|Perrserker, F|
|teampreview
|inactive|Battle timer is ON: inactive players will automatically lose when time's up. (requested by TDempsy)
|inactive|TDempsy has 120 seconds left.
|c|☆Eesturn|glhf
|
|t:|1657400548
|start
|switch|p1a: Thwackey|Thwackey, F|100/100
|switch|p2a: Aggron|Aggron, M|100/100
|-fieldstart|move: Grassy Terrain|[from] ability: Grassy Surge|[of] p1a: Thwackey
|turn|1
|
|t:|1657400553
|move|p1a: Thwackey|U-turn|p2a: Aggron
|-resisted|p2a: Aggron
|-damage|p2a: Aggron|93/100
|
|t:|1657400558
|switch|p1a: Jellicent|Jellicent, F|100/100|[from]move: U-turn
|move|p2a: Aggron|Toxic|p1a: Jellicent|[miss]
|-miss|p2a: Aggron|p1a: Jellicent
|
|-heal|p2a: Aggron|99/100|[from] Grassy Terrain
|-heal|p2a: Aggron|100/100|[from] item: Leftovers
|upkeep
|turn|2
|
|t:|1657400579
|move|p1a: Jellicent|Will-O-Wisp|p2a: Aggron
|-status|p2a: Aggron|brn
|move|p2a: Aggron|Toxic|p1a: Jellicent
|-status|p1a: Jellicent|tox
|
|-damage|p1a: Jellicent|94/100 tox|[from] psn
|-damage|p2a: Aggron|94/100 brn|[from] brn
|upkeep
|turn|3
|
|t:|1657400594
|switch|p1a: Magneton|Magneton|100/100
|move|p2a: Aggron|Stealth Rock|p1a: Magneton
|-sidestart|p1: Eesturn|move: Stealth Rock
|
|-heal|p2a: Aggron|100/100 brn|[from] Grassy Terrain
|-damage|p2a: Aggron|94/100 brn|[from] brn
|upkeep
|turn|4
|
|t:|1657400602
|move|p1a: Magneton|Substitute|p1a: Magneton
|-start|p1a: Magneton|Substitute
|-damage|p1a: Magneton|76/100
|move|p2a: Aggron|Heavy Slam|p1a: Magneton
|-resisted|p1a: Magneton
|-activate|p1a: Magneton|move: Substitute|[damage]
|
|-heal|p1a: Magneton|82/100|[from] Grassy Terrain
|-heal|p2a: Aggron|100/100 brn|[from] Grassy Terrain
|-damage|p2a: Aggron|94/100 brn|[from] brn
|upkeep
|turn|5
|
|t:|1657400611
|move|p1a: Magneton|Charge Beam|p2a: Aggron
|-damage|p2a: Aggron|60/100 brn
|-boost|p1a: Magneton|spa|1
|move|p2a: Aggron|Heavy Slam|p1a: Magneton
|-resisted|p1a: Magneton
|-activate|p1a: Magneton|move: Substitute|[damage]
|
|-heal|p1a: Magneton|88/100|[from] Grassy Terrain
|-heal|p2a: Aggron|66/100 brn|[from] Grassy Terrain
|-heal|p2a: Aggron|72/100 brn|[from] item: Leftovers
|-damage|p2a: Aggron|66/100 brn|[from] brn
|-fieldend|move: Grassy Terrain
|upkeep
|turn|6
|
|t:|1657400626
|move|p1a: Magneton|Charge Beam|p2a: Aggron
|-damage|p2a: Aggron|14/100 brn
|-boost|p1a: Magneton|spa|1
|move|p2a: Aggron|Heavy Slam|p1a: Magneton
|-resisted|p1a: Magneton
|-activate|p1a: Magneton|move: Substitute|[damage]
|
|-heal|p2a: Aggron|20/100 brn|[from] item: Leftovers
|-damage|p2a: Aggron|14/100 brn|[from] brn
|upkeep
|turn|7
|
|t:|1657400635
|move|p1a: Magneton|Substitute|p1a: Magneton
|-fail|p1a: Magneton|move: Substitute
|move|p2a: Aggron|Heavy Slam|p1a: Magneton
|-resisted|p1a: Magneton
|-end|p1a: Magneton|Substitute
|
|-heal|p2a: Aggron|20/100 brn|[from] item: Leftovers
|-damage|p2a: Aggron|14/100 brn|[from] brn
|upkeep
|turn|8
|
|t:|1657400643
|move|p1a: Magneton|Substitute|p1a: Magneton
|-start|p1a: Magneton|Substitute
|-damage|p1a: Magneton|63/100
|move|p2a: Aggron|Heavy Slam|p1a: Magneton
|-resisted|p1a: Magneton
|-activate|p1a: Magneton|move: Substitute|[damage]
|
|-heal|p2a: Aggron|20/100 brn|[from] item: Leftovers
|-damage|p2a: Aggron|14/100 brn|[from] brn
|upkeep
|turn|9
|
|t:|1657400652
|move|p1a: Magneton|Recycle||[still]
|-fail|p1a: Magneton
|move|p2a: Aggron|Heavy Slam|p1a: Magneton
|-resisted|p1a: Magneton
|-activate|p1a: Magneton|move: Substitute|[damage]
|
|-heal|p2a: Aggron|20/100 brn|[from] item: Leftovers
|-damage|p2a: Aggron|14/100 brn|[from] brn
|upkeep
|turn|10
|
|t:|1657400662
|move|p1a: Magneton|Recycle||[still]
|-fail|p1a: Magneton
|move|p2a: Aggron|Heavy Slam|p1a: Magneton
|-resisted|p1a: Magneton
|-activate|p1a: Magneton|move: Substitute|[damage]
|
|-heal|p2a: Aggron|20/100 brn|[from] item: Leftovers
|-damage|p2a: Aggron|14/100 brn|[from] brn
|upkeep
|turn|11
|
|t:|1657400670
|move|p1a: Magneton|Substitute|p1a: Magneton
|-fail|p1a: Magneton|move: Substitute
|move|p2a: Aggron|Heavy Slam|p1a: Magneton
|-resisted|p1a: Magneton
|-end|p1a: Magneton|Substitute
|
|-heal|p2a: Aggron|20/100 brn|[from] item: Leftovers
|-damage|p2a: Aggron|14/100 brn|[from] brn
|upkeep
|turn|12
|
|t:|1657400677
|move|p1a: Magneton|Substitute|p1a: Magneton
|-start|p1a: Magneton|Substitute
|-damage|p1a: Magneton|39/100
|move|p2a: Aggron|Heavy Slam|p1a: Magneton
|-resisted|p1a: Magneton
|-activate|p1a: Magneton|move: Substitute|[damage]
|
|-heal|p2a: Aggron|20/100 brn|[from] item: Leftovers
|-damage|p2a: Aggron|14/100 brn|[from] brn
|upkeep
|turn|13
|
|t:|1657400685
|move|p1a: Magneton|Substitute|p1a: Magneton
|-fail|p1a: Magneton|move: Substitute
|move|p2a: Aggron|Heavy Slam|p1a: Magneton
|-resisted|p1a: Magneton
|-activate|p1a: Magneton|move: Substitute|[damage]
|
|-heal|p2a: Aggron|20/100 brn|[from] item: Leftovers
|-damage|p2a: Aggron|14/100 brn|[from] brn
|upkeep
|turn|14
|
|t:|1657400694
|move|p1a: Magneton|Recycle||[still]
|-fail|p1a: Magneton
|move|p2a: Aggron|Heavy Slam|p1a: Magneton
|-resisted|p1a: Magneton
|-activate|p1a: Magneton|move: Substitute|[damage]
|
|-heal|p2a: Aggron|20/100 brn|[from] item: Leftovers
|-damage|p2a: Aggron|14/100 brn|[from] brn
|upkeep
|turn|15
|
|t:|1657400702
|move|p1a: Magneton|Recycle||[still]
|-fail|p1a: Magneton
|move|p2a: Aggron|Heavy Slam|p1a: Magneton
|-resisted|p1a: Magneton
|-end|p1a: Magneton|Substitute
|
|-heal|p2a: Aggron|20/100 brn|[from] item: Leftovers
|-damage|p2a: Aggron|14/100 brn|[from] brn
|upkeep
|turn|16
|
|t:|1657400710
|move|p1a: Magneton|Substitute|p1a: Magneton
|-start|p1a: Magneton|Substitute
|-damage|p1a: Magneton|14/100
|-enditem|p1a: Magneton|Salac Berry|[eat]
|-boost|p1a: Magneton|spe|1|[from] item: Salac Berry
|move|p2a: Aggron|Heavy Slam|p1a: Magneton
|-resisted|p1a: Magneton
|-activate|p1a: Magneton|move: Substitute|[damage]
|
|-heal|p2a: Aggron|20/100 brn|[from] item: Leftovers
|-damage|p2a: Aggron|14/100 brn|[from] brn
|upkeep
|turn|17
|
|t:|1657400721
|move|p1a: Magneton|Recycle|p1a: Magneton
|-item|p1a: Magneton|Salac Berry|[from] move: Recycle
|-enditem|p1a: Magneton|Salac Berry|[eat]
|-boost|p1a: Magneton|spe|1|[from] item: Salac Berry
|move|p2a: Aggron|Heavy Slam|p1a: Magneton
|-resisted|p1a: Magneton
|-activate|p1a: Magneton|move: Substitute|[damage]
|
|-heal|p2a: Aggron|20/100 brn|[from] item: Leftovers
|-damage|p2a: Aggron|14/100 brn|[from] brn
|upkeep
|turn|18
|
|t:|1657400731
|move|p1a: Magneton|Charge Beam|p2a: Aggron
|-damage|p2a: Aggron|0 fnt
|-boost|p1a: Magneton|spa|1
|faint|p2a: Aggron
|
|upkeep
|
|t:|1657400747
|switch|p2a: Articuno|Articuno-Galar|100/100
|turn|19
|
|t:|1657400750
|move|p1a: Magneton|Charge Beam|p2a: Articuno
|-supereffective|p2a: Articuno
|-damage|p2a: Articuno|0 fnt
|faint|p2a: Articuno
|
|upkeep
|-message|TDempsy forfeited.
|
|win|Eesturn
|raw|Eesturn's rating: 1187 &rarr; <strong>1204</strong><br />(+17 for winning)
|raw|TDempsy's rating: 1068 &rarr; <strong>1054</strong><br />(-14 for losing)
|l|☆TDempsy
