|j|☆Lady Writer ☾
|j|☆AncientGrayWolf
|inactive|Battle timer is ON: inactive players will automatically lose when time's up.
|t:|1665881448
|gametype|singles
|player|p1|Lady Writer ☾|furisodegirl-black|
|player|p2|AncientGrayWolf|gentleman|
|teamsize|p1|6
|teamsize|p2|6
|gen|8
|tier|[Gen 8] PU
|rated|Tournament battle
|rule|Sleep Clause Mod: Limit one foe put to sleep
|rule|Species Clause: Limit one of each Pokémon
|rule|OHKO Clause: OHKO moves are banned
|rule|Evasion Items Clause: Evasion items are banned
|rule|Evasion Moves Clause: Evasion moves are banned
|rule|Endless Battle Clause: Forcing endless battles is banned
|rule|HP Percentage Mod: HP is shown in percentages
|rule|Dynamax Clause: You cannot dynamax
|clearpoke
|poke|p1|Regirock|
|poke|p1|Quagsire, M|
|poke|p1|Eldegoss, F|
|poke|p1|Doublade, F|
|poke|p1|Charizard, M|
|poke|p1|Audino, F|
|poke|p2|Charizard, M|
|poke|p2|Scrafty, M|
|poke|p2|Togedemaru, F|
|poke|p2|Eldegoss, M|
|poke|p2|Gigalith, F|
|poke|p2|Quagsire, M|
|teampreview
|j|*Lady Monita ☽
|inactive|Lady Writer ☾ also wants the timer to be on.
|
|t:|1665881469
|start
|switch|p1a: Audino|Audino, F|100/100
|switch|p2a: Scrafty|Scrafty, M|100/100
|turn|1
|j|%Pika Sup
|
|t:|1665881478
|move|p1a: Audino|Protect|p1a: Audino
|-singleturn|p1a: Audino|Protect
|move|p2a: Scrafty|Knock Off|p1a: Audino
|-activate|p1a: Audino|move: Protect
|
|upkeep
|turn|2
|
|t:|1665881486
|move|p2a: Scrafty|Knock Off|p1a: Audino
|-damage|p1a: Audino|61/100
|-enditem|p1a: Audino|Heavy-Duty Boots|[from] move: Knock Off|[of] p2a: Scrafty
|move|p1a: Audino|Knock Off|p2a: Scrafty
|-resisted|p2a: Scrafty
|-damage|p2a: Scrafty|96/100
|-enditem|p2a: Scrafty|Leftovers|[from] move: Knock Off|[of] p1a: Audino
|
|upkeep
|turn|3
|
|t:|1665881505
|move|p1a: Audino|Protect|p1a: Audino
|-singleturn|p1a: Audino|Protect
|move|p2a: Scrafty|Taunt|p1a: Audino
|-activate|p1a: Audino|move: Protect
|
|upkeep
|turn|4
|
|t:|1665881529
|switch|p1a: Quagsire|Quagsire, M|100/100
|move|p2a: Scrafty|Knock Off|p1a: Quagsire
|-damage|p1a: Quagsire|70/100
|-damage|p2a: Scrafty|79/100|[from] item: Rocky Helmet|[of] p1a: Quagsire
|-enditem|p1a: Quagsire|Rocky Helmet|[from] move: Knock Off|[of] p2a: Scrafty
|
|upkeep
|turn|5
|
|t:|1665881538
|move|p2a: Scrafty|Taunt|p1a: Quagsire
|-start|p1a: Quagsire|move: Taunt
|cant|p1a: Quagsire|move: Taunt|Recover
|
|upkeep
|turn|6
|
|t:|1665881543
|switch|p2a: Eldegoss|Eldegoss, M|100/100
|switch|p1a: Charizard|Charizard, M|100/100
|
|upkeep
|turn|7
|
|t:|1665881552
|switch|p2a: Gigalith|Gigalith, F|100/100
|-weather|Sandstorm|[from] ability: Sand Stream|[of] p2a: Gigalith
|move|p1a: Charizard|Toxic|p2a: Gigalith
|-status|p2a: Gigalith|tox
|
|-weather|Sandstorm|[upkeep]
|-damage|p1a: Charizard|94/100|[from] Sandstorm
|-damage|p2a: Gigalith|94/100 tox|[from] psn
|upkeep
|turn|8
|
|t:|1665881563
|switch|p1a: Eldegoss|Eldegoss, F|100/100
|move|p2a: Gigalith|Stealth Rock|p1a: Eldegoss
|-sidestart|p1: Lady Writer ☾|move: Stealth Rock
|
|-weather|Sandstorm|[upkeep]
|-damage|p1a: Eldegoss|94/100|[from] Sandstorm
|-heal|p2a: Gigalith|100/100 tox|[from] item: Leftovers
|-damage|p2a: Gigalith|88/100 tox|[from] psn
|upkeep
|turn|9
|
|t:|1665881575
|switch|p2a: Charizard|Charizard, M|100/100
|move|p1a: Eldegoss|Rapid Spin|p2a: Charizard
|-damage|p2a: Charizard|92/100
|-boost|p1a: Eldegoss|spe|1
|-sideend|p1: Lady Writer ☾|Stealth Rock|[from] move: Rapid Spin|[of] p1a: Eldegoss
|
|-weather|Sandstorm|[upkeep]
|-damage|p2a: Charizard|86/100|[from] Sandstorm
|-damage|p1a: Eldegoss|88/100|[from] Sandstorm
|upkeep
|turn|10
|
|t:|1665881587
|switch|p1a: Regirock|Regirock|100/100
|move|p2a: Charizard|Flamethrower|p1a: Regirock
|-resisted|p1a: Regirock
|-damage|p1a: Regirock|91/100
|
|-weather|Sandstorm|[upkeep]
|-damage|p2a: Charizard|80/100|[from] Sandstorm
|-heal|p1a: Regirock|97/100|[from] item: Leftovers
|upkeep
|turn|11
|
|t:|1665881596
|move|p2a: Charizard|Toxic|p1a: Regirock
|-status|p1a: Regirock|tox
|move|p1a: Regirock|Stealth Rock|p2a: Charizard
|-sidestart|p2: AncientGrayWolf|move: Stealth Rock
|
|-weather|none
|-heal|p1a: Regirock|100/100 tox|[from] item: Leftovers
|-damage|p1a: Regirock|94/100 tox|[from] psn
|upkeep
|turn|12
|
|t:|1665881606
|switch|p2a: Eldegoss|Eldegoss, M|100/100
|switch|p1a: Charizard|Charizard, M|94/100
|
|upkeep
|turn|13
|
|t:|1665881612
|move|p1a: Charizard|Flamethrower|p2a: Eldegoss
|-supereffective|p2a: Eldegoss
|-damage|p2a: Eldegoss|42/100
|move|p2a: Eldegoss|Rapid Spin|p1a: Charizard
|-crit|p1a: Charizard
|-damage|p1a: Charizard|83/100
|-boost|p2a: Eldegoss|spe|1
|-sideend|p2: AncientGrayWolf|Stealth Rock|[from] move: Rapid Spin|[of] p2a: Eldegoss
|
|upkeep
|turn|14
|
|t:|1665881624
|switch|p1a: Regirock|Regirock|94/100 tox
|switch|p2a: Quagsire|Quagsire, M|100/100
|
|-heal|p1a: Regirock|100/100 tox|[from] item: Leftovers
|-damage|p1a: Regirock|94/100 tox|[from] psn
|upkeep
|turn|15
|
|t:|1665881636
|move|p1a: Regirock|Stealth Rock|p2a: Quagsire
|-sidestart|p2: AncientGrayWolf|move: Stealth Rock
|move|p2a: Quagsire|Toxic|p1a: Regirock
|-fail|p1a: Regirock|tox
|
|-heal|p1a: Regirock|100/100 tox|[from] item: Leftovers
|-damage|p1a: Regirock|88/100 tox|[from] psn
|upkeep
|turn|16
|
|t:|1665881648
|switch|p1a: Audino|Audino, F|94/100
|move|p2a: Quagsire|Toxic|p1a: Audino
|-status|p1a: Audino|tox
|
|-damage|p1a: Audino|88/100 tox|[from] psn
|upkeep
|turn|17
|j| Wesh papillon
|
|t:|1665881662
|move|p1a: Audino|Wish|p1a: Audino
|move|p2a: Quagsire|Earthquake|p1a: Audino
|-damage|p1a: Audino|57/100 tox
|
|-damage|p1a: Audino|45/100 tox|[from] psn
|upkeep
|turn|18
|
|t:|1665881668
|move|p1a: Audino|Heal Bell|p1a: Audino
|-activate|p1a: Audino|move: Heal Bell
|-curestatus|p1a: Audino|tox|[msg]
|-curestatus|p1: Regirock|tox|[msg]
|move|p2a: Quagsire|Earthquake|p1a: Audino
|-damage|p1a: Audino|18/100
|
|-heal|p1a: Audino|68/100|[from] move: Wish|[wisher] Audino
|upkeep
|turn|19
|
|t:|1665881685
|switch|p2a: Scrafty|Scrafty, M|79/100
|-damage|p2a: Scrafty|74/100|[from] Stealth Rock
|move|p1a: Audino|Knock Off|p2a: Scrafty
|-resisted|p2a: Scrafty
|-damage|p2a: Scrafty|71/100
|
|upkeep
|turn|20
|
|t:|1665881696
|move|p1a: Audino|Protect|p1a: Audino
|-singleturn|p1a: Audino|Protect
|move|p2a: Scrafty|Close Combat|p1a: Audino
|-activate|p1a: Audino|move: Protect
|
|upkeep
|turn|21
|
|t:|1665881702
|switch|p1a: Eldegoss|Eldegoss, F|100/100
|move|p2a: Scrafty|Knock Off|p1a: Eldegoss
|-damage|p1a: Eldegoss|63/100
|-enditem|p1a: Eldegoss|Heavy-Duty Boots|[from] move: Knock Off|[of] p2a: Scrafty
|
|upkeep
|turn|22
|
|t:|1665881709
|move|p2a: Scrafty|Poison Jab|p1a: Eldegoss
|-supereffective|p1a: Eldegoss
|-damage|p1a: Eldegoss|21/100
|-status|p1a: Eldegoss|psn
|move|p1a: Eldegoss|Giga Drain|p2a: Scrafty
|-damage|p2a: Scrafty|44/100
|-heal|p1a: Eldegoss|33/100 psn|[from] drain|[of] p2a: Scrafty
|
|-damage|p1a: Eldegoss|20/100 psn|[from] psn
|upkeep
|turn|23
|
|t:|1665881721
|switch|p1a: Charizard|Charizard, M|83/100
|move|p2a: Scrafty|Knock Off|p1a: Charizard
|-damage|p1a: Charizard|35/100
|-enditem|p1a: Charizard|Heavy-Duty Boots|[from] move: Knock Off|[of] p2a: Scrafty
|
|upkeep
|turn|24
|
|t:|1665881733
|switch|p2a: Gigalith|Gigalith, F|88/100 tox
|-damage|p2a: Gigalith|76/100 tox|[from] Stealth Rock
|-weather|Sandstorm|[from] ability: Sand Stream|[of] p2a: Gigalith
|move|p1a: Charizard|Roost|p1a: Charizard
|-heal|p1a: Charizard|85/100
|-singleturn|p1a: Charizard|move: Roost
|
|-weather|Sandstorm|[upkeep]
|-damage|p1a: Charizard|79/100|[from] Sandstorm
|-heal|p2a: Gigalith|82/100 tox|[from] item: Leftovers
|-damage|p2a: Gigalith|76/100 tox|[from] psn
|upkeep
|turn|25
|
|t:|1665881746
|switch|p1a: Audino|Audino, F|100/100
|move|p2a: Gigalith|Stealth Rock|p1a: Audino
|-sidestart|p1: Lady Writer ☾|move: Stealth Rock
|
|-weather|Sandstorm|[upkeep]
|-damage|p1a: Audino|94/100|[from] Sandstorm
|-heal|p2a: Gigalith|82/100 tox|[from] item: Leftovers
|-damage|p2a: Gigalith|70/100 tox|[from] psn
|upkeep
|turn|26
|
|t:|1665881758
|switch|p2a: Eldegoss|Eldegoss, M|76/100
|move|p1a: Audino|Wish|p1a: Audino
|
|-weather|Sandstorm|[upkeep]
|-damage|p2a: Eldegoss|70/100|[from] Sandstorm
|-damage|p1a: Audino|88/100|[from] Sandstorm
|upkeep
|turn|27
|
|t:|1665881767
|switch|p1a: Doublade|Doublade, F|100/100
|-damage|p1a: Doublade|94/100|[from] Stealth Rock
|move|p2a: Eldegoss|Aromatherapy|p2a: Eldegoss
|-activate|p2a: Eldegoss|move: Aromatherapy
|-curestatus|p2: Gigalith|tox|[msg]
|
|-weather|Sandstorm|[upkeep]
|-damage|p2a: Eldegoss|63/100|[from] Sandstorm
|-heal|p1a: Doublade|100/100|[from] move: Wish|[wisher] Audino
|upkeep
|turn|28
|
|t:|1665881780
|move|p2a: Eldegoss|Leech Seed|p1a: Doublade
|-start|p1a: Doublade|move: Leech Seed
|move|p1a: Doublade|Iron Head|p2a: Eldegoss
|-damage|p2a: Eldegoss|41/100
|
|-weather|none
|-damage|p1a: Doublade|88/100|[from] Leech Seed|[of] p2a: Eldegoss
|-heal|p2a: Eldegoss|53/100|[silent]
|upkeep
|turn|29
|
|t:|1665881788
|switch|p1a: Audino|Audino, F|100/100
|-damage|p1a: Audino|88/100|[from] Stealth Rock
|move|p2a: Eldegoss|Giga Drain|p1a: Audino
|-damage|p1a: Audino|73/100
|-heal|p2a: Eldegoss|63/100|[from] drain|[of] p1a: Audino
|
|upkeep
|turn|30
|
|t:|1665881797
|move|p2a: Eldegoss|Rapid Spin|p1a: Audino
|-damage|p1a: Audino|67/100
|-boost|p2a: Eldegoss|spe|1
|-sideend|p2: AncientGrayWolf|Stealth Rock|[from] move: Rapid Spin|[of] p2a: Eldegoss
|move|p1a: Audino|Knock Off|p2a: Eldegoss
|-damage|p2a: Eldegoss|52/100
|-enditem|p2a: Eldegoss|Heavy-Duty Boots|[from] move: Knock Off|[of] p1a: Audino
|
|upkeep
|turn|31
|
|t:|1665881805
|move|p2a: Eldegoss|Leech Seed|p1a: Audino
|-start|p1a: Audino|move: Leech Seed
|move|p1a: Audino|Wish|p1a: Audino
|
|-damage|p1a: Audino|55/100|[from] Leech Seed|[of] p2a: Eldegoss
|-heal|p2a: Eldegoss|67/100|[silent]
|upkeep
|turn|32
|j| Aftx
|
|t:|1665881815
|switch|p2a: Togedemaru|Togedemaru, F|100/100
|switch|p1a: Eldegoss|Eldegoss, F|54/100 psn
|-damage|p1a: Eldegoss|41/100 psn|[from] Stealth Rock
|
|-heal|p1a: Eldegoss|100/100 psn|[from] move: Wish|[wisher] Audino
|-damage|p1a: Eldegoss|88/100 psn|[from] psn
|upkeep
|turn|33
|j|+Fragments
|
|t:|1665881829
|move|p2a: Togedemaru|Wish|p2a: Togedemaru
|move|p1a: Eldegoss|Aromatherapy|p1a: Eldegoss
|-activate|p1a: Eldegoss|move: Aromatherapy
|-curestatus|p1a: Eldegoss|psn|[msg]
|
|upkeep
|turn|34
|
|t:|1665881838
|move|p2a: Togedemaru|Iron Head|p1a: Eldegoss
|-damage|p1a: Eldegoss|66/100
|cant|p1a: Eldegoss|flinch
|
|upkeep
|turn|35
|c|+Fragments|Lady Writer stop being sweaty
|
|t:|1665881843
|move|p2a: Togedemaru|Iron Head|p1a: Eldegoss
|-damage|p1a: Eldegoss|44/100
|move|p1a: Eldegoss|Rapid Spin|p2a: Togedemaru
|-resisted|p2a: Togedemaru
|-damage|p2a: Togedemaru|96/100
|-boost|p1a: Eldegoss|spe|1
|-sideend|p1: Lady Writer ☾|Stealth Rock|[from] move: Rapid Spin|[of] p1a: Eldegoss
|
|-heal|p2a: Togedemaru|100/100|[from] item: Leftovers
|upkeep
|turn|36
|c|☆Lady Writer ☾|im not
|c|☆Lady Writer ☾|??
|
|t:|1665881856
|switch|p1a: Quagsire|Quagsire, M|70/100
|move|p2a: Togedemaru|Wish|p2a: Togedemaru
|
|upkeep
|turn|37
|c|+Fragments|ur so sweaty rn
|
|t:|1665881861
|move|p2a: Togedemaru|U-turn|p1a: Quagsire
|-damage|p1a: Quagsire|58/100
|
|t:|1665881865
|switch|p2a: Scrafty|Scrafty, M|44/100|[from]move: U-turn
|move|p1a: Quagsire|Recover|p1a: Quagsire
|-heal|p1a: Quagsire|100/100
|
|-heal|p2a: Scrafty|100/100|[from] move: Wish|[wisher] Togedemaru
|upkeep
|turn|38
|c|☆Lady Writer ☾|i like using this team
|c|☆Lady Writer ☾|sue me
|j| joey milktank
|
|t:|1665881875
|move|p2a: Scrafty|Taunt|p1a: Quagsire
|-start|p1a: Quagsire|move: Taunt
|move|p1a: Quagsire|Earthquake|p2a: Scrafty
|-damage|p2a: Scrafty|65/100
|
|upkeep
|turn|39
|c|+Fragments|mans really having fun with this
|c|+Fragments|ur sus
|
|t:|1665881888
|move|p2a: Scrafty|Close Combat|p1a: Quagsire
|-damage|p1a: Quagsire|61/100
|-unboost|p2a: Scrafty|def|1
|-unboost|p2a: Scrafty|spd|1
|move|p1a: Quagsire|Earthquake|p2a: Scrafty
|-damage|p2a: Scrafty|30/100
|
|upkeep
|turn|40
|c|☆Lady Writer ☾|call me theodore mani
|
|t:|1665881900
|switch|p2a: Eldegoss|Eldegoss, M|100/100
|switch|p1a: Charizard|Charizard, M|79/100
|
|upkeep
|turn|41
|l|%Pika Sup
|
|t:|1665881908
|switch|p2a: Gigalith|Gigalith, F|70/100
|-weather|Sandstorm|[from] ability: Sand Stream|[of] p2a: Gigalith
|move|p1a: Charizard|Toxic|p2a: Gigalith
|-status|p2a: Gigalith|tox
|
|-weather|Sandstorm|[upkeep]
|-damage|p1a: Charizard|72/100|[from] Sandstorm
|-heal|p2a: Gigalith|76/100 tox|[from] item: Leftovers
|-damage|p2a: Gigalith|70/100 tox|[from] psn
|upkeep
|turn|42
|j| Arcanine1929
|
|t:|1665881921
|switch|p1a: Eldegoss|Eldegoss, F|77/100
|move|p2a: Gigalith|Earthquake|p1a: Eldegoss
|-resisted|p1a: Eldegoss
|-damage|p1a: Eldegoss|65/100
|
|-weather|Sandstorm|[upkeep]
|-damage|p1a: Eldegoss|59/100|[from] Sandstorm
|-heal|p2a: Gigalith|76/100 tox|[from] item: Leftovers
|-damage|p2a: Gigalith|64/100 tox|[from] psn
|upkeep
|turn|43
|
|t:|1665881934
|switch|p2a: Togedemaru|Togedemaru, F|100/100
|move|p1a: Eldegoss|Leech Seed|p2a: Togedemaru
|-start|p2a: Togedemaru|move: Leech Seed
|
|-weather|Sandstorm|[upkeep]
|-damage|p1a: Eldegoss|53/100|[from] Sandstorm
|-damage|p2a: Togedemaru|88/100|[from] Leech Seed|[of] p1a: Eldegoss
|-heal|p1a: Eldegoss|66/100|[silent]
|upkeep
|turn|44
|
|t:|1665881944
|switch|p1a: Regirock|Regirock|88/100
|move|p2a: Togedemaru|Wish|p2a: Togedemaru
|
|-weather|Sandstorm|[upkeep]
|-heal|p2a: Togedemaru|94/100|[from] item: Leftovers
|-heal|p1a: Regirock|94/100|[from] item: Leftovers
|-damage|p2a: Togedemaru|82/100|[from] Leech Seed|[of] p1a: Regirock
|-heal|p1a: Regirock|100/100|[silent]
|upkeep
|turn|45
|
|t:|1665881953
|move|p2a: Togedemaru|Iron Head|p1a: Regirock
|-supereffective|p1a: Regirock
|-damage|p1a: Regirock|75/100
|cant|p1a: Regirock|flinch
|
|-weather|none
|-heal|p2a: Togedemaru|100/100|[from] move: Wish|[wisher] Togedemaru
|-heal|p1a: Regirock|81/100|[from] item: Leftovers
|-damage|p2a: Togedemaru|88/100|[from] Leech Seed|[of] p1a: Regirock
|-heal|p1a: Regirock|93/100|[silent]
|upkeep
|turn|46
|
|t:|1665881963
|move|p2a: Togedemaru|U-turn|p1a: Regirock
|-damage|p1a: Regirock|85/100
|
|t:|1665881974
|switch|p2a: Scrafty|Scrafty, M|30/100|[from]move: U-turn
|move|p1a: Regirock|Stealth Rock|p2a: Scrafty
|-sidestart|p2: AncientGrayWolf|move: Stealth Rock
|
|-heal|p1a: Regirock|91/100|[from] item: Leftovers
|upkeep
|turn|47
|c| Wesh papillon|such a sweaty team omg?
|
|t:|1665881981
|move|p2a: Scrafty|Knock Off|p1a: Regirock
|-damage|p1a: Regirock|72/100
|-enditem|p1a: Regirock|Leftovers|[from] move: Knock Off|[of] p2a: Scrafty
|move|p1a: Regirock|Body Press|p2a: Scrafty
|-supereffective|p2a: Scrafty
|-damage|p2a: Scrafty|0 fnt
|faint|p2a: Scrafty
|
|upkeep
|c| Wesh papillon|HO is a lot sweaty ive herd
|c| Arcanine1929|first ko
|c| Wesh papillon|,_,
|
|t:|1665882003
|switch|p2a: Eldegoss|Eldegoss, M|100/100
|-damage|p2a: Eldegoss|88/100|[from] Stealth Rock
|turn|48
|c|☆Lady Writer ☾|ho is mega sweaty
|c|+Fragments|not as sweaty as this
|inactive|AncientGrayWolf has 120 seconds left.
|c|+Fragments|this is max sweat
|c|☆Lady Writer ☾|ho is better than stall
|
|t:|1665882026
|switch|p2a: Quagsire|Quagsire, M|100/100
|switch|p1a: Doublade|Doublade, F|88/100
|
|upkeep
|turn|49
|j| BALOOR
|inactive|AncientGrayWolf has 120 seconds left.
|c|☆Lady Writer ☾|so your point is nullified
|
|t:|1665882045
|move|p1a: Doublade|Shadow Claw|p2a: Quagsire
|-damage|p2a: Quagsire|82/100
|move|p2a: Quagsire|Toxic|p1a: Doublade
|-immune|p1a: Doublade
|
|upkeep
|turn|50
|c|+Fragments|nullify ur mother
|c|☆Lady Writer ☾|predicted.
|
|t:|1665882056
|move|p1a: Doublade|Shadow Claw|p2a: Quagsire
|-damage|p2a: Quagsire|63/100
|move|p2a: Quagsire|Earthquake|p1a: Doublade
|-supereffective|p1a: Doublade
|-damage|p1a: Doublade|56/100
|
|upkeep
|turn|51
|inactive|AncientGrayWolf has 120 seconds left.
|
|t:|1665882065
|move|p1a: Doublade|Shadow Claw|p2a: Quagsire
|-damage|p2a: Quagsire|43/100
|move|p2a: Quagsire|Scald|p1a: Doublade
|-damage|p1a: Doublade|41/100
|
|upkeep
|turn|52
|
|t:|1665882071
|move|p1a: Doublade|Rest|p1a: Doublade
|-status|p1a: Doublade|slp|[from] move: Rest
|-heal|p1a: Doublade|100/100 slp|[silent]
|move|p2a: Quagsire|Scald|p1a: Doublade
|-damage|p1a: Doublade|85/100 slp
|
|upkeep
|turn|53
|
|t:|1665882079
|switch|p1a: Eldegoss|Eldegoss, F|99/100
|move|p2a: Quagsire|Recover|p2a: Quagsire
|-heal|p2a: Quagsire|93/100
|
|upkeep
|turn|54
|
|t:|1665882098
|switch|p2a: Eldegoss|Eldegoss, M|100/100
|-damage|p2a: Eldegoss|88/100|[from] Stealth Rock
|move|p1a: Eldegoss|Aromatherapy|p1a: Eldegoss
|-activate|p1a: Eldegoss|move: Aromatherapy
|-curestatus|p1: Doublade|slp|[msg]
|
|upkeep
|turn|55
|
|t:|1665882109
|switch|p1a: Doublade|Doublade, F|85/100
|move|p2a: Eldegoss|Leech Seed|p1a: Doublade
|-start|p1a: Doublade|move: Leech Seed
|
|-damage|p1a: Doublade|72/100|[from] Leech Seed|[of] p2a: Eldegoss
|-heal|p2a: Eldegoss|100/100|[silent]
|upkeep
|turn|56
|
|t:|1665882119
|move|p2a: Eldegoss|Giga Drain|p1a: Doublade
|-resisted|p1a: Doublade
|-damage|p1a: Doublade|64/100
|move|p1a: Doublade|Swords Dance|p1a: Doublade
|-boost|p1a: Doublade|atk|2
|
|-damage|p1a: Doublade|51/100|[from] Leech Seed|[of] p2a: Eldegoss
|upkeep
|turn|57
|inactive|AncientGrayWolf has 120 seconds left.
|
|t:|1665882142
|switch|p2a: Quagsire|Quagsire, M|93/100
|move|p1a: Doublade|Shadow Claw|p2a: Quagsire
|-damage|p2a: Quagsire|74/100
|
|-damage|p1a: Doublade|39/100|[from] Leech Seed|[of] p2a: Quagsire
|-heal|p2a: Quagsire|84/100|[silent]
|upkeep
|turn|58
|inactive|AncientGrayWolf has 120 seconds left.
|
|t:|1665882152
|switch|p1a: Eldegoss|Eldegoss, F|100/100
|move|p2a: Quagsire|Scald|p1a: Eldegoss
|-resisted|p1a: Eldegoss
|-damage|p1a: Eldegoss|92/100
|
|upkeep
|turn|59
|inactive|AncientGrayWolf has 120 seconds left.
|
|t:|1665882159
|switch|p1a: Audino|Audino, F|88/100
|move|p2a: Quagsire|Toxic|p1a: Audino|[miss]
|-miss|p2a: Quagsire|p1a: Audino
|
|upkeep
|turn|60
|
|t:|1665882165
|move|p1a: Audino|Knock Off|p2a: Quagsire
|-damage|p2a: Quagsire|73/100
|-enditem|p2a: Quagsire|Heavy-Duty Boots|[from] move: Knock Off|[of] p1a: Audino
|move|p2a: Quagsire|Earthquake|p1a: Audino
|-crit|p1a: Audino
|-damage|p1a: Audino|42/100
|
|upkeep
|turn|61
|
|t:|1665882176
|switch|p1a: Eldegoss|Eldegoss, F|100/100
|move|p2a: Quagsire|Earthquake|p1a: Eldegoss
|-resisted|p1a: Eldegoss
|-damage|p1a: Eldegoss|88/100
|
|upkeep
|turn|62
|
|t:|1665882191
|switch|p2a: Eldegoss|Eldegoss, M|100/100
|-damage|p2a: Eldegoss|88/100|[from] Stealth Rock
|move|p1a: Eldegoss|Giga Drain|p2a: Eldegoss
|-resisted|p2a: Eldegoss
|-damage|p2a: Eldegoss|78/100
|-heal|p1a: Eldegoss|93/100|[from] drain|[of] p2a: Eldegoss
|
|upkeep
|turn|63
|
|t:|1665882204
|switch|p1a: Doublade|Doublade, F|39/100
|move|p2a: Eldegoss|Aromatherapy|p2a: Eldegoss
|-activate|p2a: Eldegoss|move: Aromatherapy
|-curestatus|p2: Gigalith|tox|[msg]
|
|upkeep
|turn|64
|
|t:|1665882212
|move|p2a: Eldegoss|Giga Drain|p1a: Doublade
|-resisted|p1a: Doublade
|-damage|p1a: Doublade|31/100
|-heal|p2a: Eldegoss|82/100|[from] drain|[of] p1a: Doublade
|move|p1a: Doublade|Rest|p1a: Doublade
|-status|p1a: Doublade|slp|[from] move: Rest
|-heal|p1a: Doublade|100/100 slp|[silent]
|
|upkeep
|turn|65
|
|t:|1665882222
|switch|p2a: Gigalith|Gigalith, F|64/100
|-damage|p2a: Gigalith|51/100|[from] Stealth Rock
|-weather|Sandstorm|[from] ability: Sand Stream|[of] p2a: Gigalith
|cant|p1a: Doublade|slp
|
|-weather|Sandstorm|[upkeep]
|-heal|p2a: Gigalith|57/100|[from] item: Leftovers
|upkeep
|turn|66
|j| teres bahji
|
|t:|1665882235
|switch|p1a: Quagsire|Quagsire, M|61/100
|move|p2a: Gigalith|Stealth Rock|p1a: Quagsire
|-sidestart|p1: Lady Writer ☾|move: Stealth Rock
|
|-weather|Sandstorm|[upkeep]
|-heal|p2a: Gigalith|64/100|[from] item: Leftovers
|upkeep
|turn|67
|
|t:|1665882244
|move|p1a: Quagsire|Recover|p1a: Quagsire
|-heal|p1a: Quagsire|100/100
|move|p2a: Gigalith|Earthquake|p1a: Quagsire
|-damage|p1a: Quagsire|78/100
|
|-weather|Sandstorm|[upkeep]
|-heal|p2a: Gigalith|70/100|[from] item: Leftovers
|upkeep
|turn|68
|
|t:|1665882252
|switch|p2a: Eldegoss|Eldegoss, M|100/100
|-damage|p2a: Eldegoss|88/100|[from] Stealth Rock
|move|p1a: Quagsire|Toxic|p2a: Eldegoss|[miss]
|-miss|p1a: Quagsire|p2a: Eldegoss
|
|-weather|Sandstorm|[upkeep]
|-damage|p2a: Eldegoss|82/100|[from] Sandstorm
|upkeep
|turn|69
|j| Mom Doers LLC
|c|+Fragments|teres bahji are you here to call lw bad words with me
|
|t:|1665882267
|switch|p1a: Eldegoss|Eldegoss, F|100/100
|-damage|p1a: Eldegoss|88/100|[from] Stealth Rock
|move|p2a: Eldegoss|Giga Drain|p1a: Eldegoss
|-resisted|p1a: Eldegoss
|-damage|p1a: Eldegoss|79/100
|-heal|p2a: Eldegoss|87/100|[from] drain|[of] p1a: Eldegoss
|
|-weather|none
|upkeep
|turn|70
|c| teres bahji|i didnt know he was here
|
|t:|1665882279
|switch|p2a: Charizard|Charizard, M|80/100
|move|p1a: Eldegoss|Rapid Spin|p2a: Charizard
|-damage|p2a: Charizard|72/100
|-boost|p1a: Eldegoss|spe|1
|-sideend|p1: Lady Writer ☾|Stealth Rock|[from] move: Rapid Spin|[of] p1a: Eldegoss
|
|upkeep
|turn|71
|c| teres bahji|lol
|c|+Fragments|how did u get here
|
|t:|1665882294
|switch|p1a: Regirock|Regirock|72/100
|move|p2a: Charizard|Flamethrower|p1a: Regirock
|-resisted|p1a: Regirock
|-damage|p1a: Regirock|56/100
|
|upkeep
|turn|72
|c|☆Lady Writer ☾|LOL
|
|t:|1665882301
|move|p2a: Charizard|Toxic|p1a: Regirock
|-status|p1a: Regirock|tox
|move|p1a: Regirock|Body Press|p2a: Charizard
|-resisted|p2a: Charizard
|-damage|p2a: Charizard|43/100
|
|-damage|p1a: Regirock|50/100 tox|[from] psn
|upkeep
|turn|73
|c| teres bahji|clicked ur name
|c| teres bahji|fragments
|c| teres bahji|Lol
|j| Waloogi67
|c|☆Lady Writer ☾|but once you got here
|c|☆Lady Writer ☾|you know
|l| Waloogi67
|
|t:|1665882326
|move|p2a: Charizard|Hurricane|p1a: Regirock
|-resisted|p1a: Regirock
|-damage|p1a: Regirock|29/100 tox
|move|p1a: Regirock|Rest|p1a: Regirock
|-status|p1a: Regirock|slp|[from] move: Rest
|-heal|p1a: Regirock|100/100 slp|[silent]
|
|upkeep
|turn|74
|c| teres bahji|i actually didnt pay attention
|
|t:|1665882336
|move|p2a: Charizard|Roost|p2a: Charizard
|-heal|p2a: Charizard|93/100
|-singleturn|p2a: Charizard|move: Roost
|cant|p1a: Regirock|slp
|
|upkeep
|turn|75
|c|☆Lady Writer ☾|??
|c|☆Lady Writer ☾|just stalking frags
|c|☆Lady Writer ☾|understandabe
|c| teres bahji|havent he ssaid
|c| teres bahji|that
|
|t:|1665882348
|switch|p2a: Togedemaru|Togedemaru, F|88/100
|-damage|p2a: Togedemaru|82/100|[from] Stealth Rock
|cant|p1a: Regirock|slp
|
|-heal|p2a: Togedemaru|88/100|[from] item: Leftovers
|upkeep
|turn|76
|c| teres bahji|i wouldnt know
|c| teres bahji|u were here
|c| teres bahji|'-'
|
|t:|1665882357
|move|p2a: Togedemaru|Iron Head|p1a: Regirock
|-supereffective|p1a: Regirock
|-damage|p1a: Regirock|77/100 slp
|-curestatus|p1a: Regirock|slp|[msg]
|cant|p1a: Regirock|flinch
|
|-heal|p2a: Togedemaru|94/100|[from] item: Leftovers
|upkeep
|turn|77
|
|t:|1665882364
|move|p2a: Togedemaru|Iron Head|p1a: Regirock
|-supereffective|p1a: Regirock
|-damage|p1a: Regirock|51/100
|cant|p1a: Regirock|flinch
|
|-heal|p2a: Togedemaru|99/100|[from] item: Leftovers
|upkeep
|turn|78
|j| Noodle_G
|c|☆Lady Writer ☾|man
|c|☆Lady Writer ☾|he's sacked this
|c|☆Lady Writer ☾|3 times now
|
|t:|1665882374
|move|p2a: Togedemaru|Iron Head|p1a: Regirock
|-supereffective|p1a: Regirock
|-damage|p1a: Regirock|25/100
|move|p1a: Regirock|Rest|p1a: Regirock
|-status|p1a: Regirock|slp|[from] move: Rest
|-heal|p1a: Regirock|100/100 slp|[silent]
|
|-heal|p2a: Togedemaru|100/100|[from] item: Leftovers
|upkeep
|turn|79
|c| teres bahji|imagine using togede
|
|t:|1665882388
|switch|p1a: Quagsire|Quagsire, M|78/100
|move|p2a: Togedemaru|U-turn|p1a: Quagsire
|-damage|p1a: Quagsire|68/100
|
|t:|1665882395
|switch|p2a: Eldegoss|Eldegoss, M|100/100|[from]move: U-turn
|-damage|p2a: Eldegoss|88/100|[from] Stealth Rock
|
|upkeep
|turn|80
|
|t:|1665882403
|switch|p1a: Charizard|Charizard, M|72/100
|move|p2a: Eldegoss|Rapid Spin|p1a: Charizard
|-damage|p1a: Charizard|65/100
|-boost|p2a: Eldegoss|spe|1
|-sideend|p2: AncientGrayWolf|Stealth Rock|[from] move: Rapid Spin|[of] p2a: Eldegoss
|
|upkeep
|turn|81
|j|%Pika Sup
|
|t:|1665882416
|move|p1a: Charizard|Roost|p1a: Charizard
|-heal|p1a: Charizard|100/100
|-singleturn|p1a: Charizard|move: Roost
|move|p2a: Eldegoss|Leech Seed|p1a: Charizard
|-start|p1a: Charizard|move: Leech Seed
|
|-damage|p1a: Charizard|88/100|[from] Leech Seed|[of] p2a: Eldegoss
|-heal|p2a: Eldegoss|100/100|[silent]
|upkeep
|turn|82
|l|%Pika Sup
|j| sanjaydas
|c| teres bahji|we need to make a moltres team
|
|t:|1665882435
|switch|p1a: Audino|Audino, F|75/100
|switch|p2a: Gigalith|Gigalith, F|70/100
|-weather|Sandstorm|[from] ability: Sand Stream|[of] p2a: Gigalith
|
|-weather|Sandstorm|[upkeep]
|-damage|p1a: Audino|69/100|[from] Sandstorm
|-heal|p2a: Gigalith|76/100|[from] item: Leftovers
|upkeep
|turn|83
|c| teres bahji|for the rbtt
|
|t:|1665882451
|move|p1a: Audino|Knock Off|p2a: Gigalith
|-damage|p2a: Gigalith|65/100
|-enditem|p2a: Gigalith|Leftovers|[from] move: Knock Off|[of] p1a: Audino
|move|p2a: Gigalith|Stealth Rock|p1a: Audino
|-sidestart|p1: Lady Writer ☾|move: Stealth Rock
|
|-weather|Sandstorm|[upkeep]
|-damage|p1a: Audino|63/100|[from] Sandstorm
|upkeep
|turn|84
|c|☆Lady Writer ☾|idemo
|j| ban123456
|
|t:|1665882465
|switch|p1a: Quagsire|Quagsire, M|68/100
|-damage|p1a: Quagsire|62/100|[from] Stealth Rock
|switch|p2a: Eldegoss|Eldegoss, M|100/100
|
|-weather|Sandstorm|[upkeep]
|-damage|p2a: Eldegoss|94/100|[from] Sandstorm
|upkeep
|turn|85
|c|+Fragments|there are better birbs
|
|t:|1665882476
|switch|p1a: Eldegoss|Eldegoss, F|100/100
|-damage|p1a: Eldegoss|88/100|[from] Stealth Rock
|move|p2a: Eldegoss|Giga Drain|p1a: Eldegoss
|-resisted|p1a: Eldegoss
|-damage|p1a: Eldegoss|78/100
|-heal|p2a: Eldegoss|99/100|[from] drain|[of] p1a: Eldegoss
|
|-weather|Sandstorm|[upkeep]
|-damage|p1a: Eldegoss|72/100|[from] Sandstorm
|-damage|p2a: Eldegoss|93/100|[from] Sandstorm
|upkeep
|turn|86
|c| teres bahji|moltres g
|c| teres bahji|i mean
|c|☆Lady Writer ☾|WINGS
|
|t:|1665882486
|move|p2a: Eldegoss|Giga Drain|p1a: Eldegoss
|-resisted|p1a: Eldegoss
|-damage|p1a: Eldegoss|62/100
|-heal|p2a: Eldegoss|98/100|[from] drain|[of] p1a: Eldegoss
|move|p1a: Eldegoss|Rapid Spin|p2a: Eldegoss
|-damage|p2a: Eldegoss|93/100
|-boost|p1a: Eldegoss|spe|1
|-sideend|p1: Lady Writer ☾|Stealth Rock|[from] move: Rapid Spin|[of] p1a: Eldegoss
|
|-weather|none
|upkeep
|turn|87
|
|t:|1665882495
|switch|p1a: Audino|Audino, F|96/100
|move|p2a: Eldegoss|Giga Drain|p1a: Audino
|-damage|p1a: Audino|80/100
|-heal|p2a: Eldegoss|100/100|[from] drain|[of] p1a: Audino
|
|upkeep
|turn|88
|
|t:|1665882501
|move|p2a: Eldegoss|Leech Seed|p1a: Audino
|-start|p1a: Audino|move: Leech Seed
|move|p1a: Audino|Wish|p1a: Audino
|
|-damage|p1a: Audino|68/100|[from] Leech Seed|[of] p2a: Eldegoss
|upkeep
|turn|89
|
|t:|1665882519
|switch|p2a: Togedemaru|Togedemaru, F|100/100
|switch|p1a: Eldegoss|Eldegoss, F|95/100
|
|-heal|p1a: Eldegoss|100/100|[from] move: Wish|[wisher] Audino
|upkeep
|turn|90
|
|t:|1665882527
|switch|p1a: Quagsire|Quagsire, M|62/100
|move|p2a: Togedemaru|U-turn|p1a: Quagsire
|-damage|p1a: Quagsire|51/100
|
|t:|1665882537
|switch|p2a: Quagsire|Quagsire, M|73/100|[from]move: U-turn
|
|upkeep
|turn|91
|
|t:|1665882545
|move|p1a: Quagsire|Recover|p1a: Quagsire
|-heal|p1a: Quagsire|100/100
|move|p2a: Quagsire|Toxic|p1a: Quagsire
|-status|p1a: Quagsire|tox
|
|-damage|p1a: Quagsire|94/100 tox|[from] psn
|upkeep
|turn|92
|l| ban123456
|l| sanjaydas
|
|t:|1665882553
|switch|p1a: Audino|Audino, F|100/100
|move|p2a: Quagsire|Earthquake|p1a: Audino
|-damage|p1a: Audino|70/100
|
|upkeep
|turn|93
|
|t:|1665882559
|move|p1a: Audino|Heal Bell|p1a: Audino
|-activate|p1a: Audino|move: Heal Bell
|-curestatus|p1: Regirock|slp|[msg]
|-curestatus|p1: Quagsire|tox|[msg]
|-curestatus|p1: Doublade|slp|[msg]
|move|p2a: Quagsire|Earthquake|p1a: Audino
|-damage|p1a: Audino|42/100
|
|upkeep
|turn|94
|
|t:|1665882568
|switch|p1a: Doublade|Doublade, F|100/100
|move|p2a: Quagsire|Earthquake|p1a: Doublade
|-supereffective|p1a: Doublade
|-damage|p1a: Doublade|73/100
|
|upkeep
|turn|95
|
|t:|1665882575
|switch|p1a: Eldegoss|Eldegoss, F|100/100
|move|p2a: Quagsire|Scald|p1a: Eldegoss
|-resisted|p1a: Eldegoss
|-damage|p1a: Eldegoss|92/100
|
|upkeep
|turn|96
|
|t:|1665882584
|switch|p1a: Audino|Audino, F|76/100
|move|p2a: Quagsire|Toxic|p1a: Audino
|-status|p1a: Audino|tox
|
|-damage|p1a: Audino|70/100 tox|[from] psn
|upkeep
|turn|97
|
|t:|1665882594
|switch|p2a: Charizard|Charizard, M|93/100
|move|p1a: Audino|Wish|p1a: Audino
|
|-damage|p1a: Audino|57/100 tox|[from] psn
|upkeep
|turn|98
|
|t:|1665882605
|switch|p1a: Regirock|Regirock|100/100
|move|p2a: Charizard|Hurricane|p1a: Regirock
|-resisted|p1a: Regirock
|-damage|p1a: Regirock|82/100
|
|-heal|p1a: Regirock|100/100|[from] move: Wish|[wisher] Audino
|upkeep
|turn|99
|
|t:|1665882613
|move|p2a: Charizard|Toxic|p1a: Regirock
|-status|p1a: Regirock|tox
|move|p1a: Regirock|Rock Blast|p2a: Charizard
|-supereffective|p2a: Charizard
|-damage|p2a: Charizard|45/100
|-supereffective|p2a: Charizard
|-damage|p2a: Charizard|0 fnt
|faint|p2a: Charizard
|-hitcount|p2: Charizard|2
|
|-damage|p1a: Regirock|94/100 tox|[from] psn
|upkeep
|c|☆AncientGrayWolf|;(
|c|☆AncientGrayWolf|:(
|inactive|AncientGrayWolf has 120 seconds left.
|c|☆Lady Writer ☾|charizard is very weak to rock type moves
|c|☆AncientGrayWolf|ofc lol
|
|t:|1665882652
|switch|p2a: Togedemaru|Togedemaru, F|100/100
|turn|100
|
|t:|1665882663
|move|p2a: Togedemaru|Iron Head|p1a: Regirock
|-supereffective|p1a: Regirock
|-damage|p1a: Regirock|70/100 tox
|move|p1a: Regirock|Body Press|p2a: Togedemaru
|-supereffective|p2a: Togedemaru
|-damage|p2a: Togedemaru|0 fnt
|faint|p2a: Togedemaru
|
|-damage|p1a: Regirock|58/100 tox|[from] psn
|upkeep
|
|t:|1665882682
|switch|p2a: Eldegoss|Eldegoss, M|100/100
|turn|101
|j| sanjaydas
|l| Noodle_G
|inactive|Lady Writer ☾ has 120 seconds left.
|inactive|AncientGrayWolf has 90 seconds left.
|
|t:|1665882731
|switch|p1a: Doublade|Doublade, F|73/100
|move|p2a: Eldegoss|Giga Drain|p1a: Doublade
|-resisted|p1a: Doublade
|-damage|p1a: Doublade|65/100
|
|upkeep
|turn|102
|inactive|AncientGrayWolf has 90 seconds left.
|
|t:|1665882743
|switch|p1a: Eldegoss|Eldegoss, F|100/100
|move|p2a: Eldegoss|Leech Seed|p1a: Eldegoss
|-immune|p1a: Eldegoss
|
|upkeep
|turn|103
|inactive|AncientGrayWolf has 90 seconds left.
|j| Bouncy Cat Parm
|c|☆AncientGrayWolf|im pretty much sure im done here
|c|☆AncientGrayWolf|so gg! was fun for awile lol
|inactive|AncientGrayWolf has 60 seconds left.
|
|t:|1665882787
|switch|p2a: Quagsire|Quagsire, M|73/100
|move|p1a: Eldegoss|Aromatherapy|p1a: Eldegoss
|-activate|p1a: Eldegoss|move: Aromatherapy
|-curestatus|p1: Audino|tox|[msg]
|-curestatus|p1: Regirock|tox|[msg]
|
|upkeep
|turn|104
|l| Mom Doers LLC
|c| teres bahji|gg ig
|c|☆Lady Writer ☾|gg
|
|t:|1665882797
|move|p1a: Eldegoss|Giga Drain|p2a: Quagsire
|-supereffective|p2a: Quagsire
|-damage|p2a: Quagsire|0 fnt
|faint|p2a: Quagsire
|
|upkeep
|
|t:|1665882802
|switch|p2a: Gigalith|Gigalith, F|65/100
|-weather|Sandstorm|[from] ability: Sand Stream|[of] p2a: Gigalith
|turn|105
|inactive|AncientGrayWolf has 60 seconds left.
|
|t:|1665882808
|switch|p1a: Doublade|Doublade, F|65/100
|move|p2a: Gigalith|Stealth Rock|p1a: Doublade
|-sidestart|p1: Lady Writer ☾|move: Stealth Rock
|
|-weather|Sandstorm|[upkeep]
|upkeep
|turn|106
|inactive|AncientGrayWolf has 60 seconds left.
|
|t:|1665882814
|move|p1a: Doublade|Iron Head|p2a: Gigalith
|-supereffective|p2a: Gigalith
|-damage|p2a: Gigalith|19/100
|move|p2a: Gigalith|Earthquake|p1a: Doublade
|-supereffective|p1a: Doublade
|-damage|p1a: Doublade|34/100
|
|-weather|Sandstorm|[upkeep]
|upkeep
|turn|107
|inactive|AncientGrayWolf has 60 seconds left.
|
|t:|1665882820
|move|p1a: Doublade|Iron Head|p2a: Gigalith
|-supereffective|p2a: Gigalith
|-damage|p2a: Gigalith|0 fnt
|faint|p2a: Gigalith
|
|-weather|Sandstorm|[upkeep]
|upkeep
|
|t:|1665882825
|switch|p2a: Eldegoss|Eldegoss, M|100/100
|turn|108
|
|t:|1665882833
|switch|p1a: Eldegoss|Eldegoss, F|100/100
|-damage|p1a: Eldegoss|88/100|[from] Stealth Rock
|move|p2a: Eldegoss|Giga Drain|p1a: Eldegoss
|-resisted|p1a: Eldegoss
|-damage|p1a: Eldegoss|78/100
|
|-weather|Sandstorm|[upkeep]
|-damage|p1a: Eldegoss|72/100|[from] Sandstorm
|-damage|p2a: Eldegoss|94/100|[from] Sandstorm
|upkeep
|turn|109
|c|+Fragments|ur a true peepee poopoo man if u bring this again lw
|
|t:|1665882843
|move|p2a: Eldegoss|Giga Drain|p1a: Eldegoss
|-resisted|p1a: Eldegoss
|-damage|p1a: Eldegoss|62/100
|-heal|p2a: Eldegoss|99/100|[from] drain|[of] p1a: Eldegoss
|move|p1a: Eldegoss|Rapid Spin|p2a: Eldegoss
|-damage|p2a: Eldegoss|94/100
|-boost|p1a: Eldegoss|spe|1
|-sideend|p1: Lady Writer ☾|Stealth Rock|[from] move: Rapid Spin|[of] p1a: Eldegoss
|
|-weather|none
|upkeep
|turn|110
|
|t:|1665882851
|switch|p1a: Charizard|Charizard, M|88/100
|move|p2a: Eldegoss|Giga Drain|p1a: Charizard
|-resisted|p1a: Charizard
|-damage|p1a: Charizard|82/100
|-heal|p2a: Eldegoss|98/100|[from] drain|[of] p1a: Charizard
|
|upkeep
|turn|111
|c| teres bahji|wait a sec
|j|%Pika Sup
|c| teres bahji|fragments
|c| teres bahji|if u r here
|
|t:|1665882859
|move|p1a: Charizard|Flamethrower|p2a: Eldegoss
|-supereffective|p2a: Eldegoss
|-damage|p2a: Eldegoss|33/100
|move|p2a: Eldegoss|Leech Seed|p1a: Charizard
|-start|p1a: Charizard|move: Leech Seed
|
|-damage|p1a: Charizard|69/100|[from] Leech Seed|[of] p2a: Eldegoss
|-heal|p2a: Eldegoss|47/100|[silent]
|upkeep
|turn|112
|c| teres bahji|it means u aint in the tour
|
|t:|1665882866
|move|p1a: Charizard|Flamethrower|p2a: Eldegoss
|-supereffective|p2a: Eldegoss
|-damage|p2a: Eldegoss|0 fnt
|faint|p2a: Eldegoss
|
|win|Lady Writer ☾
|n|☆Lady Writer ☾|ladywriter
|n|☆AncientGrayWolf|ancientgraywolf
|n|*Lady Monita ☽|ladymonita
|n| Wesh papillon|weshpapillon
|n| Aftx|aftx
|n|+Fragments|fragments
|n| joey milktank|joeymilktank
|n| Arcanine1929|arcanine1929
|n| BALOOR|baloor
|n| teres bahji|teresbahji
|n| sanjaydas|sanjaydas
|n| Bouncy Cat Parm|bouncycatparm
|n| Pika Sup|pikasup
|l|*Lady Monita ☽
|l|☆Lady Writer ☾
|c| Bouncy Cat Parm|gg ong
|l| Pika Sup
|c|+Fragments|yea I lost in quarters
|c|+Fragments|very sad
|l| BALOOR
|c| teres bahji|oh
|c|☆AncientGrayWolf|gg good luck in next round!
|l|☆AncientGrayWolf
|l| teres bahji
