|raw|<div class="broadcast-blue"><strong>This battle is required to be public due to a player having a name starting with 'pult4c1'.</div>
|j|☆PULT4C1 chlo
|j|☆PULT4C1 Inder
|t:|1660651340
|gametype|singles
|player|p1|PULT4C1 chlo|#chlo|1395
|player|p2|PULT4C1 Inder|lyra|1429
|teamsize|p1|6
|teamsize|p2|6
|gen|8
|tier|[Gen 8] PU
|rated|
|rule|Sleep Clause Mod: Limit one foe put to sleep
|rule|Species Clause: Limit one of each Pokémon
|rule|OHKO Clause: OHKO moves are banned
|rule|Evasion Items Clause: Evasion items are banned
|rule|Evasion Moves Clause: Evasion moves are banned
|rule|Endless Battle Clause: Forcing endless battles is banned
|rule|HP Percentage Mod: HP is shown in percentages
|rule|Dynamax Clause: You cannot dynamax
|clearpoke
|poke|p1|Aurorus, M|
|poke|p1|Archeops, M|
|poke|p1|Gourgeist-*, F|
|poke|p1|Ninetales, M|
|poke|p1|Silvally-*|
|poke|p1|Magneton|
|poke|p2|Gigalith, M|
|poke|p2|Sandslash, M|
|poke|p2|Ribombee, M|
|poke|p2|Arctovish|
|poke|p2|Tangela, M|
|poke|p2|Gallade, M|
|teampreview
|inactive|Battle timer is ON: inactive players will automatically lose when time's up. (requested by PULT4C1 chlo)
|inactive|PULT4C1 Inder also wants the timer to be on.
|c|☆PULT4C1 Inder|hf
|c|☆PULT4C1 chlo|u2
|
|t:|1660651357
|start
|switch|p1a: Aurorus|Aurorus, M|100/100
|switch|p2a: Gallade|Gallade, M|100/100
|turn|1
|
|t:|1660651361
|move|p2a: Gallade|Knock Off|p1a: Aurorus
|-damage|p1a: Aurorus|67/100
|-enditem|p1a: Aurorus|Focus Sash|[from] move: Knock Off|[of] p2a: Gallade
|move|p1a: Aurorus|Stealth Rock|p2a: Gallade
|-sidestart|p2: PULT4C1 Inder|move: Stealth Rock
|
|upkeep
|turn|2
|
|t:|1660651371
|move|p2a: Gallade|Drain Punch|p1a: Aurorus
|-supereffective|p1a: Aurorus
|-damage|p1a: Aurorus|0 fnt
|faint|p1a: Aurorus
|
|upkeep
|
|t:|1660651377
|switch|p1a: Gourgeist|Gourgeist-Small, F|100/100
|-item|p2a: Gallade|Assault Vest|[from] ability: Frisk|[of] p1a: Gourgeist|[identify]
|turn|3
|j| Haffling
|
|t:|1660651389
|switch|p2a: Tangela|Tangela, M|100/100
|-damage|p2a: Tangela|88/100|[from] Stealth Rock
|move|p1a: Gourgeist|Substitute|p1a: Gourgeist
|-start|p1a: Gourgeist|Substitute
|-damage|p1a: Gourgeist|76/100
|
|upkeep
|turn|4
|
|t:|1660651408
|move|p1a: Gourgeist|Poltergeist|p2a: Tangela
|-activate|p2a: Tangela|move: Poltergeist|Eviolite
|-crit|p2a: Tangela
|-damage|p2a: Tangela|49/100
|-damage|p1a: Gourgeist|66/100|[from] item: Life Orb
|move|p2a: Tangela|Knock Off|p1a: Gourgeist
|-supereffective|p1a: Gourgeist
|-end|p1a: Gourgeist|Substitute
|
|upkeep
|turn|5
|
|t:|1660651426
|move|p1a: Gourgeist|Poltergeist|p2a: Tangela|[miss]
|-miss|p1a: Gourgeist|p2a: Tangela
|move|p2a: Tangela|Knock Off|p1a: Gourgeist
|-supereffective|p1a: Gourgeist
|-damage|p1a: Gourgeist|36/100
|-enditem|p1a: Gourgeist|Life Orb|[from] move: Knock Off|[of] p2a: Tangela
|
|upkeep
|turn|6
|
|t:|1660651440
|switch|p2a: Gigalith|Gigalith, M|100/100
|-damage|p2a: Gigalith|88/100|[from] Stealth Rock
|-weather|Sandstorm|[from] ability: Sand Stream|[of] p2a: Gigalith
|move|p1a: Gourgeist|Poltergeist|p2a: Gigalith
|-activate|p2a: Gigalith|move: Poltergeist|Leftovers
|-crit|p2a: Gigalith
|-damage|p2a: Gigalith|37/100
|
|-weather|Sandstorm|[upkeep]
|-damage|p1a: Gourgeist|30/100|[from] Sandstorm
|-heal|p2a: Gigalith|44/100|[from] item: Leftovers
|upkeep
|turn|7
|j| kapucha
|j| pult4c1 yan
|
|t:|1660651460
|switch|p2a: Tangela|Tangela, M|83/100
|-damage|p2a: Tangela|70/100|[from] Stealth Rock
|move|p1a: Gourgeist|Poltergeist|p2a: Tangela
|-activate|p2a: Tangela|move: Poltergeist|Eviolite
|-damage|p2a: Tangela|51/100
|
|-weather|Sandstorm|[upkeep]
|-damage|p1a: Gourgeist|24/100|[from] Sandstorm
|-damage|p2a: Tangela|45/100|[from] Sandstorm
|upkeep
|turn|8
|
|t:|1660651473
|move|p1a: Gourgeist|Poltergeist|p2a: Tangela|[miss]
|-miss|p1a: Gourgeist|p2a: Tangela
|move|p2a: Tangela|Sludge Bomb|p1a: Gourgeist
|-damage|p1a: Gourgeist|0 fnt
|faint|p1a: Gourgeist
|
|-weather|Sandstorm|[upkeep]
|-damage|p2a: Tangela|39/100|[from] Sandstorm
|upkeep
|
|t:|1660651475
|switch|p1a: Magneton|Magneton|100/100
|turn|9
|l| pult4c1 yan
|
|t:|1660651487
|switch|p2a: Arctovish|Arctovish|100/100
|move|p1a: Magneton|Flash Cannon|p2a: Arctovish
|-damage|p2a: Arctovish|70/100
|
|-weather|Sandstorm|[upkeep]
|-damage|p2a: Arctovish|63/100|[from] Sandstorm
|upkeep
|turn|10
|
|t:|1660651492
|move|p1a: Magneton|Charge Beam|p2a: Arctovish|[miss]
|-miss|p1a: Magneton|p2a: Arctovish
|move|p2a: Arctovish|Rest|p2a: Arctovish
|-status|p2a: Arctovish|slp|[from] move: Rest
|-heal|p2a: Arctovish|100/100 slp|[silent]
|
|-weather|none
|upkeep
|turn|11
|
|t:|1660651504
|move|p1a: Magneton|Flash Cannon|p2a: Arctovish
|-damage|p2a: Arctovish|68/100 slp
|cant|p2a: Arctovish|slp
|move|p2a: Arctovish|Sleep Talk|p2a: Arctovish
|move|p2a: Arctovish|Fishious Rend|p1a: Magneton|[from]move: Sleep Talk
|-damage|p1a: Magneton|58/100
|
|upkeep
|turn|12
|c|☆PULT4C1 chlo|dsghkdbf
|c|☆PULT4C1 chlo|whys it rest talk
|
|t:|1660651513
|switch|p2a: Sandslash|Sandslash, M|100/100
|-damage|p2a: Sandslash|94/100|[from] Stealth Rock
|move|p1a: Magneton|Charge Beam|p2a: Sandslash
|-immune|p2a: Sandslash
|
|-heal|p2a: Sandslash|100/100|[from] item: Leftovers
|upkeep
|turn|13
|c|☆PULT4C1 Inder|hahaha
|c|☆PULT4C1 Inder|it’s quite interesting nah ?
|
|t:|1660651542
|move|p1a: Magneton|Flash Cannon|p2a: Sandslash
|-crit|p2a: Sandslash
|-damage|p2a: Sandslash|8/100
|move|p2a: Sandslash|Rapid Spin|p1a: Magneton
|-resisted|p1a: Magneton
|-damage|p1a: Magneton|48/100
|-boost|p2a: Sandslash|spe|1
|-sideend|p2: PULT4C1 Inder|Stealth Rock|[from] move: Rapid Spin|[of] p2a: Sandslash
|
|-heal|p2a: Sandslash|14/100|[from] item: Leftovers
|upkeep
|turn|14
|c|☆PULT4C1 chlo|yea but i dont see the reason for running it :sob:
|
|t:|1660651557
|switch|p1a: Archeops|Archeops, M|100/100
|move|p2a: Sandslash|Earthquake|p1a: Archeops
|-immune|p1a: Archeops
|
|-heal|p2a: Sandslash|20/100|[from] item: Leftovers
|upkeep
|turn|15
|
|t:|1660651570
|switch|p2a: Arctovish|Arctovish|68/100 slp
|move|p1a: Archeops|Air Slash|p2a: Arctovish|[miss]
|-miss|p1a: Archeops|p2a: Arctovish
|
|upkeep
|turn|16
|
|t:|1660651577
|move|p1a: Archeops|Meteor Beam||[still]
|-prepare|p1a: Archeops|Meteor Beam
|-boost|p1a: Archeops|spa|1
|-enditem|p1a: Archeops|Power Herb
|-anim|p1a: Archeops|Meteor Beam|p2a: Arctovish
|-supereffective|p2a: Arctovish
|-damage|p2a: Arctovish|0 fnt
|faint|p2a: Arctovish
|
|upkeep
|
|t:|1660651579
|switch|p2a: Ribombee|Ribombee, M|100/100
|turn|17
|
|t:|1660651584
|move|p2a: Ribombee|Moonblast|p1a: Archeops
|-damage|p1a: Archeops|31/100
|move|p1a: Archeops|Air Slash|p2a: Ribombee
|-supereffective|p2a: Ribombee
|-damage|p2a: Ribombee|5/100
|
|upkeep
|turn|18
|
|t:|1660651593
|switch|p1a: Magneton|Magneton|48/100
|move|p2a: Ribombee|Moonblast|p1a: Magneton
|-resisted|p1a: Magneton
|-damage|p1a: Magneton|8/100
|-enditem|p1a: Magneton|Salac Berry|[eat]
|-boost|p1a: Magneton|spe|1|[from] item: Salac Berry
|
|upkeep
|turn|19
|
|t:|1660651610
|switch|p2a: Gallade|Gallade, M|100/100
|move|p1a: Magneton|Flash Cannon|p2a: Gallade
|-damage|p2a: Gallade|78/100
|
|upkeep
|turn|20
|
|t:|1660651613
|move|p1a: Magneton|Thunderbolt|p2a: Gallade
|-damage|p2a: Gallade|54/100
|move|p2a: Gallade|Drain Punch|p1a: Magneton
|-supereffective|p1a: Magneton
|-crit|p1a: Magneton
|-damage|p1a: Magneton|0 fnt
|-heal|p2a: Gallade|57/100|[from] drain|[of] p1a: Magneton
|faint|p1a: Magneton
|
|upkeep
|
|t:|1660651616
|switch|p1a: Silvally|Silvally-Fairy|100/100
|turn|21
|
|t:|1660651622
|switch|p2a: Tangela|Tangela, M|72/100
|move|p1a: Silvally|Swords Dance|p1a: Silvally
|-boost|p1a: Silvally|atk|2
|
|upkeep
|turn|22
|
|t:|1660651628
|move|p1a: Silvally|Multi-Attack|p2a: Tangela
|-damage|p2a: Tangela|24/100
|move|p2a: Tangela|Sludge Bomb|p1a: Silvally
|-supereffective|p1a: Silvally
|-damage|p1a: Silvally|52/100
|
|upkeep
|turn|23
|
|t:|1660651642
|switch|p2a: Gigalith|Gigalith, M|44/100
|-weather|Sandstorm|[from] ability: Sand Stream|[of] p2a: Gigalith
|move|p1a: Silvally|Flame Charge|p2a: Gigalith
|-resisted|p2a: Gigalith
|-damage|p2a: Gigalith|33/100
|-boost|p1a: Silvally|spe|1
|
|-weather|Sandstorm|[upkeep]
|-damage|p1a: Silvally|46/100|[from] Sandstorm
|-heal|p2a: Gigalith|39/100|[from] item: Leftovers
|upkeep
|turn|24
|j| Wild drud
|
|t:|1660651654
|switch|p2a: Ribombee|Ribombee, M|5/100
|move|p1a: Silvally|Swords Dance|p1a: Silvally
|-boost|p1a: Silvally|atk|2
|
|-weather|Sandstorm|[upkeep]
|-damage|p1a: Silvally|40/100|[from] Sandstorm
|-damage|p2a: Ribombee|0 fnt|[from] Sandstorm
|faint|p2a: Ribombee
|upkeep
|
|t:|1660651656
|switch|p2a: Tangela|Tangela, M|58/100
|turn|25
|
|t:|1660651660
|move|p1a: Silvally|Multi-Attack|p2a: Tangela
|-damage|p2a: Tangela|0 fnt
|faint|p2a: Tangela
|
|-weather|Sandstorm|[upkeep]
|-damage|p1a: Silvally|34/100|[from] Sandstorm
|upkeep
|
|t:|1660651665
|switch|p2a: Sandslash|Sandslash, M|20/100
|turn|26
|
|t:|1660651667
|move|p1a: Silvally|Multi-Attack|p2a: Sandslash
|-damage|p2a: Sandslash|0 fnt
|faint|p2a: Sandslash
|
|-weather|Sandstorm|[upkeep]
|-damage|p1a: Silvally|28/100|[from] Sandstorm
|upkeep
|
|t:|1660651669
|switch|p2a: Gigalith|Gigalith, M|39/100
|turn|27
|
|t:|1660651671
|move|p1a: Silvally|Multi-Attack|p2a: Gigalith
|-damage|p2a: Gigalith|0 fnt
|faint|p2a: Gigalith
|
|-weather|none
|upkeep
|c|☆PULT4C1 Inder|gg
|c|☆PULT4C1 chlo|gg
|-message|PULT4C1 Inder forfeited.
|
|win|PULT4C1 chlo
|raw|PULT4C1 chlo's rating: 1395 &rarr; <strong>1418</strong><br />(+23 for winning)
|raw|PULT4C1 Inder's rating: 1448 &rarr; <strong>1425</strong><br />(-23 for losing)
