|j|☆Olijj
|j|☆cafay sukray
|t:|1658920460
|gametype|singles
|player|p1|Olijj|zinzolin|1240
|player|p2|cafay sukray|swimmer-gen4dp|1569
|teamsize|p1|6
|teamsize|p2|6
|gen|8
|tier|[Gen 8] PU
|rated|
|rule|Sleep Clause Mod: Limit one foe put to sleep
|rule|Species Clause: Limit one of each Pokémon
|rule|OHKO Clause: OHKO moves are banned
|rule|Evasion Moves Clause: Evasion moves are banned
|rule|Endless Battle Clause: Forcing endless battles is banned
|rule|HP Percentage Mod: HP is shown in percentages
|rule|Dynamax Clause: You cannot dynamax
|clearpoke
|poke|p1|Gigalith, F|
|poke|p1|Sandslash, M|
|poke|p1|Lanturn, M|
|poke|p1|Aurorus, M|
|poke|p1|Gourgeist-*, F|
|poke|p1|Sliggoo, F|
|poke|p2|Basculin, F|
|poke|p2|Carracosta, M|
|poke|p2|Ribombee, M|
|poke|p2|Gallade, M|
|poke|p2|Turtonator, M|
|poke|p2|Shiinotic, F|
|teampreview
|
|t:|1658920481
|start
|switch|p1a: Gigalith|Gigalith, F|100/100
|switch|p2a: Turtonator|Turtonator, M|100/100
|-weather|Sandstorm|[from] ability: Sand Stream|[of] p1a: Gigalith
|turn|1
|
|t:|1658920491
|switch|p2a: Carracosta|Carracosta, M|100/100
|move|p1a: Gigalith|Stone Edge|p2a: Carracosta
|-damage|p2a: Carracosta|71/100
|
|-weather|Sandstorm|[upkeep]
|-heal|p2a: Carracosta|77/100|[from] item: Leftovers
|upkeep
|turn|2
|
|t:|1658920498
|move|p2a: Carracosta|Stealth Rock|p1a: Gigalith
|-sidestart|p1: Olijj|move: Stealth Rock
|move|p1a: Gigalith|Toxic|p2a: Carracosta
|-status|p2a: Carracosta|tox
|
|-weather|Sandstorm|[upkeep]
|-heal|p2a: Carracosta|84/100 tox|[from] item: Leftovers
|-damage|p2a: Carracosta|77/100 tox|[from] psn
|upkeep
|turn|3
|
|t:|1658920503
|switch|p2a: Gallade|Gallade, M|100/100
|move|p1a: Gigalith|Stealth Rock|p2a: Gallade
|-sidestart|p2: cafay sukray|move: Stealth Rock
|
|-weather|Sandstorm|[upkeep]
|-damage|p2a: Gallade|94/100|[from] Sandstorm
|upkeep
|turn|4
|
|t:|1658920507
|switch|p1a: Gourgeist|Gourgeist-Large, F|100/100
|-damage|p1a: Gourgeist|88/100|[from] Stealth Rock
|-item|p2a: Gallade|Life Orb|[from] ability: Frisk|[of] p1a: Gourgeist|[identify]
|move|p2a: Gallade|Swords Dance|p2a: Gallade
|-boost|p2a: Gallade|atk|2
|
|-weather|Sandstorm|[upkeep]
|-damage|p2a: Gallade|88/100|[from] Sandstorm
|-damage|p1a: Gourgeist|82/100|[from] Sandstorm
|upkeep
|turn|5
|
|t:|1658920512
|move|p2a: Gallade|Zen Headbutt|p1a: Gourgeist
|-damage|p1a: Gourgeist|13/100
|-damage|p2a: Gallade|79/100|[from] item: Life Orb
|cant|p1a: Gourgeist|flinch
|
|-weather|Sandstorm|[upkeep]
|-damage|p2a: Gallade|72/100|[from] Sandstorm
|-damage|p1a: Gourgeist|7/100|[from] Sandstorm
|upkeep
|turn|6
|
|t:|1658920517
|move|p1a: Gourgeist|Shadow Sneak|p2a: Gallade
|-supereffective|p2a: Gallade
|-damage|p2a: Gallade|22/100
|move|p2a: Gallade|Knock Off|p1a: Gourgeist
|-supereffective|p1a: Gourgeist
|-enditem|p1a: Gourgeist|Colbur Berry|[eat]
|-enditem|p1a: Gourgeist|Colbur Berry|[weaken]
|-damage|p1a: Gourgeist|0 fnt
|faint|p1a: Gourgeist
|-damage|p2a: Gallade|12/100|[from] item: Life Orb
|
|-weather|Sandstorm|[upkeep]
|-damage|p2a: Gallade|6/100|[from] Sandstorm
|upkeep
|
|t:|1658920528
|switch|p1a: Sandslash|Sandslash, M|100/100
|-damage|p1a: Sandslash|94/100|[from] Stealth Rock
|turn|7
|
|t:|1658920532
|move|p1a: Sandslash|Rapid Spin|p2a: Gallade
|-damage|p2a: Gallade|0 fnt
|-boost|p1a: Sandslash|spe|1
|-sideend|p1: Olijj|Stealth Rock|[from] move: Rapid Spin|[of] p1a: Sandslash
|faint|p2a: Gallade
|-damage|p1a: Sandslash|84/100|[from] item: Life Orb
|
|-weather|Sandstorm|[upkeep]
|upkeep
|
|t:|1658920536
|switch|p2a: Shiinotic|Shiinotic, F|100/100
|-damage|p2a: Shiinotic|88/100|[from] Stealth Rock
|turn|8
|
|t:|1658920542
|switch|p1a: Sliggoo|Sliggoo, F|100/100
|move|p2a: Shiinotic|Spore|p1a: Sliggoo
|-ability|p1a: Sliggoo|Sap Sipper|boost
|-boost|p1a: Sliggoo|atk|1
|
|-weather|none
|-heal|p2a: Shiinotic|94/100|[from] item: Leftovers
|upkeep
|turn|9
|
|t:|1658920548
|switch|p2a: Carracosta|Carracosta, M|77/100 tox
|-damage|p2a: Carracosta|65/100 tox|[from] Stealth Rock
|move|p1a: Sliggoo|Iron Tail|p2a: Carracosta|[miss]
|-miss|p1a: Sliggoo|p2a: Carracosta
|
|-heal|p2a: Carracosta|71/100 tox|[from] item: Leftovers
|-damage|p2a: Carracosta|65/100 tox|[from] psn
|upkeep
|turn|10
|
|t:|1658920553
|move|p1a: Sliggoo|Iron Tail|p2a: Carracosta|[miss]
|-miss|p1a: Sliggoo|p2a: Carracosta
|move|p2a: Carracosta|Stealth Rock|p1a: Sliggoo
|-sidestart|p1: Olijj|move: Stealth Rock
|
|-heal|p2a: Carracosta|71/100 tox|[from] item: Leftovers
|-damage|p2a: Carracosta|59/100 tox|[from] psn
|upkeep
|turn|11
|c|☆Olijj|fuckin slug
|
|t:|1658920561
|move|p1a: Sliggoo|Iron Tail|p2a: Carracosta
|-damage|p2a: Carracosta|31/100 tox
|move|p2a: Carracosta|Knock Off|p1a: Sliggoo
|-damage|p1a: Sliggoo|72/100
|-enditem|p1a: Sliggoo|Eviolite|[from] move: Knock Off|[of] p2a: Carracosta
|
|-heal|p2a: Carracosta|37/100 tox|[from] item: Leftovers
|-damage|p2a: Carracosta|19/100 tox|[from] psn
|upkeep
|turn|12
|c|☆cafay sukray|xd
|
|t:|1658920568
|move|p1a: Sliggoo|Acid Armor|p1a: Sliggoo
|-boost|p1a: Sliggoo|def|2
|move|p2a: Carracosta|Rock Blast|p1a: Sliggoo
|-damage|p1a: Sliggoo|64/100
|-damage|p1a: Sliggoo|56/100
|-damage|p1a: Sliggoo|48/100
|-hitcount|p1a: Sliggoo|3
|
|-heal|p2a: Carracosta|25/100 tox|[from] item: Leftovers
|-damage|p2a: Carracosta|0 fnt|[from] psn
|faint|p2a: Carracosta
|upkeep
|
|t:|1658920571
|switch|p2a: Turtonator|Turtonator, M|100/100
|-damage|p2a: Turtonator|76/100|[from] Stealth Rock
|turn|13
|
|t:|1658920576
|move|p2a: Turtonator|Dragon Pulse|p1a: Sliggoo
|-supereffective|p1a: Sliggoo
|-damage|p1a: Sliggoo|0 fnt
|faint|p1a: Sliggoo
|
|upkeep
|
|t:|1658920583
|switch|p1a: Gigalith|Gigalith, F|100/100
|-damage|p1a: Gigalith|88/100|[from] Stealth Rock
|-weather|Sandstorm|[from] ability: Sand Stream|[of] p1a: Gigalith
|turn|14
|
|t:|1658920588
|move|p2a: Turtonator|Rapid Spin|p1a: Gigalith
|-resisted|p1a: Gigalith
|-damage|p1a: Gigalith|85/100
|-boost|p2a: Turtonator|spe|1
|-sideend|p2: cafay sukray|Stealth Rock|[from] move: Rapid Spin|[of] p2a: Turtonator
|move|p1a: Gigalith|Toxic|p2a: Turtonator
|-status|p2a: Turtonator|tox
|-enditem|p2a: Turtonator|Lum Berry|[eat]
|-curestatus|p2a: Turtonator|tox|[msg]
|
|-weather|Sandstorm|[upkeep]
|-damage|p2a: Turtonator|69/100|[from] Sandstorm
|upkeep
|turn|15
|
|t:|1658920593
|move|p2a: Turtonator|Dragon Pulse|p1a: Gigalith
|-damage|p1a: Gigalith|65/100
|move|p1a: Gigalith|Stone Edge|p2a: Turtonator
|-supereffective|p2a: Turtonator
|-damage|p2a: Turtonator|0 fnt
|faint|p2a: Turtonator
|
|-weather|Sandstorm|[upkeep]
|upkeep
|
|t:|1658920596
|switch|p2a: Basculin|Basculin, F|100/100
|turn|16
|
|t:|1658920599
|switch|p1a: Lanturn|Lanturn, M|100/100
|-damage|p1a: Lanturn|88/100|[from] Stealth Rock
|move|p2a: Basculin|Flip Turn|p1a: Lanturn
|-heal|p1a: Lanturn|100/100|[from] ability: Water Absorb|[of] p2a: Basculin
|
|-weather|Sandstorm|[upkeep]
|-damage|p2a: Basculin|94/100|[from] Sandstorm
|-damage|p1a: Lanturn|94/100|[from] Sandstorm
|-heal|p1a: Lanturn|100/100|[from] item: Leftovers
|upkeep
|turn|17
|
|t:|1658920607
|switch|p2a: Ribombee|Ribombee, M|100/100
|move|p1a: Lanturn|Volt Switch|p2a: Ribombee
|-damage|p2a: Ribombee|68/100
|
|t:|1658920615
|switch|p1a: Aurorus|Aurorus, M|100/100|[from]move: Volt Switch
|
|-weather|Sandstorm|[upkeep]
|-damage|p2a: Ribombee|62/100|[from] Sandstorm
|upkeep
|turn|18
|
|t:|1658920621
|move|p2a: Ribombee|Moonblast|p1a: Aurorus
|-crit|p1a: Aurorus
|-damage|p1a: Aurorus|49/100
|move|p1a: Aurorus|Weather Ball|p2a: Ribombee
|-supereffective|p2a: Ribombee
|-damage|p2a: Ribombee|0 fnt
|faint|p2a: Ribombee
|
|-weather|Sandstorm|[upkeep]
|upkeep
|
|t:|1658920625
|switch|p2a: Basculin|Basculin, F|94/100
|turn|19
|
|t:|1658920632
|switch|p2a: Shiinotic|Shiinotic, F|94/100
|move|p1a: Aurorus|Weather Ball|p2a: Shiinotic
|-damage|p2a: Shiinotic|42/100
|
|-weather|Sandstorm|[upkeep]
|-damage|p2a: Shiinotic|36/100|[from] Sandstorm
|-heal|p2a: Shiinotic|42/100|[from] item: Leftovers
|upkeep
|turn|20
|
|t:|1658920640
|switch|p2a: Basculin|Basculin, F|94/100
|move|p1a: Aurorus|Weather Ball|p2a: Basculin
|-damage|p2a: Basculin|0 fnt
|faint|p2a: Basculin
|
|-weather|Sandstorm|[upkeep]
|upkeep
|
|t:|1658920641
|switch|p2a: Shiinotic|Shiinotic, F|42/100
|turn|21
|
|t:|1658920647
|move|p1a: Aurorus|Weather Ball|p2a: Shiinotic
|-damage|p2a: Shiinotic|0 fnt
|faint|p2a: Shiinotic
|
|win|Olijj
|raw|Olijj's rating: 1240 &rarr; <strong>1283</strong><br />(+43 for winning)
|raw|cafay sukray's rating: 1569 &rarr; <strong>1534</strong><br />(-35 for losing)
|c|☆Olijj|gg
|c|☆cafay sukray|gg
|l|☆cafay sukray
