|j|☆Gulag champ
|j|☆Dragon/Ground
|player|p1|Gulag champ|1|
|player|p2|Dragon/Ground|silver|
|teamsize|p1|6
|teamsize|p2|6
|gametype|singles
|gen|8
|tier|[Gen 8] PU
|clearpoke
|poke|p1|Stunfisk, F|
|poke|p1|Mareanie, F|
|poke|p1|Pikachu, F|
|poke|p1|Type: Null|
|poke|p1|Vespiquen, F|
|poke|p1|Dusknoir, F|
|poke|p2|Kadabra, M|
|poke|p2|Shiinotic, M|
|poke|p2|Type: Null|
|poke|p2|Throh, M|
|poke|p2|Stonjourner, M|
|poke|p2|Mr. Mime-Galar, M|
|rule|Sleep Clause Mod: Limit one foe put to sleep
|rule|Species Clause: Limit one of each Pokémon
|rule|OHKO Clause: OHKO moves are banned
|rule|Evasion Moves Clause: Evasion moves are banned
|rule|Endless Battle Clause: Forcing endless battles is banned
|rule|HP Percentage Mod: HP is shown in percentages
|rule|Dynamax Clause: You cannot dynamax
|teampreview
|c|☆Dragon/Ground|gl hf
|c|☆Gulag champ|Hey man ty for challenge
|inactive|Battle timer is ON: inactive players will automatically lose when time's up. (requested by Gulag champ)
|c|☆Dragon/Ground|no problem, anything to help
|
|start
|switch|p1a: Stunfisk|Stunfisk, F|100/100
|switch|p2a: Stonjourner|Stonjourner, M|100/100
|turn|1
|
|move|p2a: Stonjourner|Earthquake|p1a: Stunfisk
|-supereffective|p1a: Stunfisk
|-crit|p1a: Stunfisk
|-damage|p1a: Stunfisk|19/100
|-damage|p2a: Stonjourner|91/100|[from] item: Life Orb
|move|p1a: Stunfisk|Earth Power|p2a: Stonjourner
|-supereffective|p2a: Stonjourner
|-damage|p2a: Stonjourner|0 fnt
|faint|p2a: Stonjourner
|
|upkeep
|j| fashionista
|
|switch|p2a: Mr. Mime|Mr. Mime-Galar, M|100/100
|turn|2
|
|switch|p1a: Type: Null|Type: Null|100/100
|move|p2a: Mr. Mime|Psyshock|p1a: Type: Null
|-damage|p1a: Type: Null|80/100
|
|upkeep
|turn|3
|
|switch|p2a: Throh|Throh, M|100/100
|move|p1a: Type: Null|U-turn|p2a: Throh
|-resisted|p2a: Throh
|-damage|p2a: Throh|93/100
|
|switch|p1a: Mareanie|Mareanie, F|100/100|[from]move: U-turn
|
|-status|p2a: Throh|brn|[from] item: Flame Orb
|upkeep
|turn|4
|
|move|p2a: Throh|Knock Off|p1a: Mareanie
|-damage|p1a: Mareanie|67/100
|-enditem|p1a: Mareanie|Eviolite|[from] move: Knock Off|[of] p2a: Throh
|move|p1a: Mareanie|Haze|p1a: Mareanie
|-clearallboost
|
|-damage|p2a: Throh|87/100 brn|[from] brn
|upkeep
|turn|5
|c|☆Gulag champ|Oops missclick
|
|switch|p1a: Vespiquen|Vespiquen, F|100/100
|-ability|p1a: Vespiquen|Pressure
|move|p2a: Throh|Earthquake|p1a: Vespiquen
|-immune|p1a: Vespiquen
|
|-damage|p2a: Throh|81/100 brn|[from] brn
|upkeep
|turn|6
|
|move|p2a: Throh|Knock Off|p1a: Vespiquen
|-damage|p1a: Vespiquen|66/100
|-enditem|p1a: Vespiquen|Heavy-Duty Boots|[from] move: Knock Off|[of] p2a: Throh
|move|p1a: Vespiquen|U-turn|p2a: Throh
|-resisted|p2a: Throh
|-crit|p2a: Throh
|-damage|p2a: Throh|67/100 brn
|
|switch|p1a: Pikachu|Pikachu, F|100/100|[from]move: U-turn
|
|-damage|p2a: Throh|61/100 brn|[from] brn
|upkeep
|turn|7
|
|switch|p2a: Shiinotic|Shiinotic, M|100/100
|move|p1a: Pikachu|Volt Switch|p2a: Shiinotic
|-resisted|p2a: Shiinotic
|-damage|p2a: Shiinotic|85/100
|
|switch|p1a: Mareanie|Mareanie, F|100/100|[from]move: Volt Switch
|
|upkeep
|turn|8
|
|switch|p2a: Kadabra|Kadabra, M|100/100
|move|p1a: Mareanie|Toxic Spikes|p2a: Kadabra
|-sidestart|p2: Dragon/Ground|move: Toxic Spikes
|
|upkeep
|turn|9
|
|switch|p1a: Type: Null|Type: Null|80/100
|move|p2a: Kadabra|Psychic|p1a: Type: Null
|-damage|p1a: Type: Null|56/100
|
|upkeep
|turn|10
|
|switch|p2a: Throh|Throh, M|61/100 brn
|move|p1a: Type: Null|U-turn|p2a: Throh
|-resisted|p2a: Throh
|-damage|p2a: Throh|54/100 brn
|
|switch|p1a: Pikachu|Pikachu, F|100/100|[from]move: U-turn
|
|-damage|p2a: Throh|47/100 brn|[from] brn
|upkeep
|turn|11
|
|switch|p2a: Type: Null|Type: Null|100/100
|-status|p2a: Type: Null|psn
|move|p1a: Pikachu|Volt Switch|p2a: Type: Null
|-damage|p2a: Type: Null|88/100 psn
|
|switch|p1a: Stunfisk|Stunfisk, F|19/100|[from]move: Volt Switch
|
|-damage|p2a: Type: Null|76/100 psn|[from] psn
|upkeep
|turn|12
|
|move|p2a: Type: Null|Crush Claw|p1a: Stunfisk
|-crit|p1a: Stunfisk
|-damage|p1a: Stunfisk|0 fnt
|-damage|p2a: Type: Null|59/100 psn|[from] item: Rocky Helmet|[of] p1a: Stunfisk
|faint|p1a: Stunfisk
|
|-damage|p2a: Type: Null|47/100 psn|[from] psn
|upkeep
|c|☆Dragon/Ground|sorry about that
|
|switch|p1a: Dusknoir|Dusknoir, F|100/100
|-item|p2a: Type: Null|Eviolite|[from] ability: Frisk|[of] p1a: Dusknoir|[identify]
|turn|13
|
|move|p1a: Dusknoir|Power-Up Punch|p2a: Type: Null
|-supereffective|p2a: Type: Null
|-damage|p2a: Type: Null|31/100 psn
|-boost|p1a: Dusknoir|atk|1
|move|p2a: Type: Null|U-turn|p1a: Dusknoir
|-resisted|p1a: Dusknoir
|-damage|p1a: Dusknoir|92/100
|
|switch|p2a: Throh|Throh, M|47/100 brn|[from]move: U-turn
|
|-damage|p2a: Throh|41/100 brn|[from] brn
|upkeep
|turn|14
|
|switch|p1a: Vespiquen|Vespiquen, F|66/100
|-ability|p1a: Vespiquen|Pressure
|move|p2a: Throh|Knock Off|p1a: Vespiquen
|-damage|p1a: Vespiquen|46/100
|
|-damage|p2a: Throh|35/100 brn|[from] brn
|upkeep
|turn|15
|
|switch|p2a: Shiinotic|Shiinotic, M|85/100
|-status|p2a: Shiinotic|psn
|move|p1a: Vespiquen|U-turn|p2a: Shiinotic
|-damage|p2a: Shiinotic|67/100 psn
|-damage|p1a: Vespiquen|29/100|[from] item: Rocky Helmet|[of] p2a: Shiinotic
|-status|p1a: Vespiquen|slp|[from] ability: Effect Spore|[of] p2a: Shiinotic
|
|switch|p1a: Type: Null|Type: Null|56/100|[from]move: U-turn
|
|-damage|p2a: Shiinotic|54/100 psn|[from] psn
|upkeep
|turn|16
|
|move|p1a: Type: Null|Rest|p1a: Type: Null
|-status|p1a: Type: Null|slp|[from] move: Rest
|-heal|p1a: Type: Null|100/100 slp|[silent]
|move|p2a: Shiinotic|Strength Sap|p1a: Type: Null
|-unboost|p1a: Type: Null|atk|1
|-heal|p2a: Shiinotic|100/100 psn
|
|-damage|p2a: Shiinotic|88/100 psn|[from] psn
|upkeep
|turn|17
|
|cant|p1a: Type: Null|slp
|move|p1a: Type: Null|Sleep Talk|p1a: Type: Null
|move|p1a: Type: Null|Toxic||[from]Sleep Talk|[still]
|-fail|p1a: Type: Null
|move|p2a: Shiinotic|Leech Seed|p1a: Type: Null
|-start|p1a: Type: Null|move: Leech Seed
|
|-damage|p1a: Type: Null|88/100 slp|[from] Leech Seed|[of] p2a: Shiinotic
|-heal|p2a: Shiinotic|100/100 psn|[silent]
|-damage|p2a: Shiinotic|88/100 psn|[from] psn
|upkeep
|turn|18
|
|switch|p2a: Throh|Throh, M|35/100 brn
|cant|p1a: Type: Null|slp
|move|p1a: Type: Null|Sleep Talk|p1a: Type: Null
|move|p1a: Type: Null|Toxic||[from]Sleep Talk|[still]
|-fail|p1a: Type: Null
|
|-damage|p1a: Type: Null|76/100 slp|[from] Leech Seed|[of] p2a: Throh
|-heal|p2a: Throh|47/100 brn|[silent]
|-damage|p2a: Throh|41/100 brn|[from] brn
|upkeep
|turn|19
|
|switch|p1a: Mareanie|Mareanie, F|100/100
|move|p2a: Throh|Circle Throw|p1a: Mareanie
|-resisted|p1a: Mareanie
|-damage|p1a: Mareanie|75/100
|drag|p1a: Vespiquen|Vespiquen, F|29/100 slp
|-ability|p1a: Vespiquen|Pressure
|
|-damage|p2a: Throh|35/100 brn|[from] brn
|upkeep
|turn|20
|
|move|p2a: Throh|Knock Off|p1a: Vespiquen
|-damage|p1a: Vespiquen|9/100 slp
|cant|p1a: Vespiquen|slp
|
|-damage|p2a: Throh|28/100 brn|[from] brn
|upkeep
|turn|21
|
|switch|p1a: Mareanie|Mareanie, F|100/100
|move|p2a: Throh|Knock Off|p1a: Mareanie
|-damage|p1a: Mareanie|69/100
|
|-damage|p2a: Throh|22/100 brn|[from] brn
|upkeep
|turn|22
|
|switch|p1a: Vespiquen|Vespiquen, F|9/100 slp
|-ability|p1a: Vespiquen|Pressure
|move|p2a: Throh|Circle Throw|p1a: Vespiquen
|-resisted|p1a: Vespiquen
|-damage|p1a: Vespiquen|2/100 slp
|drag|p1a: Type: Null|Type: Null|76/100 slp
|
|-damage|p2a: Throh|16/100 brn|[from] brn
|upkeep
|turn|23
|
|switch|p1a: Vespiquen|Vespiquen, F|2/100 slp
|-ability|p1a: Vespiquen|Pressure
|move|p2a: Throh|Knock Off|p1a: Vespiquen
|-damage|p1a: Vespiquen|0 fnt
|faint|p1a: Vespiquen
|
|-damage|p2a: Throh|10/100 brn|[from] brn
|upkeep
|
|switch|p1a: Pikachu|Pikachu, F|100/100
|turn|24
|
|switch|p2a: Shiinotic|Shiinotic, M|88/100 psn
|move|p1a: Pikachu|Volt Switch|p2a: Shiinotic
|-resisted|p2a: Shiinotic
|-damage|p2a: Shiinotic|73/100 psn
|
|switch|p1a: Mareanie|Mareanie, F|100/100|[from]move: Volt Switch
|
|-damage|p2a: Shiinotic|61/100 psn|[from] psn
|upkeep
|turn|25
|
|move|p1a: Mareanie|Knock Off|p2a: Shiinotic
|-resisted|p2a: Shiinotic
|-damage|p2a: Shiinotic|55/100 psn
|-damage|p1a: Mareanie|84/100|[from] item: Rocky Helmet|[of] p2a: Shiinotic
|-enditem|p2a: Shiinotic|Rocky Helmet|[from] move: Knock Off|[of] p1a: Mareanie
|move|p2a: Shiinotic|Leech Seed|p1a: Mareanie
|-start|p1a: Mareanie|move: Leech Seed
|
|-damage|p1a: Mareanie|72/100|[from] Leech Seed|[of] p2a: Shiinotic
|-heal|p2a: Shiinotic|66/100 psn|[silent]
|-damage|p2a: Shiinotic|54/100 psn|[from] psn
|upkeep
|turn|26
|
|switch|p1a: Type: Null|Type: Null|76/100 slp
|switch|p2a: Throh|Throh, M|10/100 brn
|
|-damage|p2a: Throh|4/100 brn|[from] brn
|upkeep
|turn|27
|
|switch|p1a: Mareanie|Mareanie, F|100/100
|move|p2a: Throh|Knock Off|p1a: Mareanie
|-damage|p1a: Mareanie|67/100
|
|-damage|p2a: Throh|0 fnt|[from] brn
|faint|p2a: Throh
|upkeep
|
|switch|p2a: Kadabra|Kadabra, M|100/100
|-status|p2a: Kadabra|psn
|turn|28
|
|switch|p1a: Type: Null|Type: Null|76/100 slp
|move|p2a: Kadabra|Psychic|p1a: Type: Null
|-damage|p1a: Type: Null|52/100 slp
|
|upkeep
|turn|29
|
|switch|p2a: Type: Null|Type: Null|31/100 psn
|-curestatus|p1a: Type: Null|slp|[msg]
|move|p1a: Type: Null|U-turn|p2a: Type: Null
|-damage|p2a: Type: Null|21/100 psn
|
|switch|p1a: Pikachu|Pikachu, F|100/100|[from]move: U-turn
|
|-damage|p2a: Type: Null|9/100 psn|[from] psn
|upkeep
|turn|30
|
|move|p1a: Pikachu|Volt Switch|p2a: Type: Null
|-damage|p2a: Type: Null|0 fnt
|faint|p2a: Type: Null
|
|switch|p1a: Type: Null|Type: Null|52/100|[from]move: Volt Switch
|
|upkeep
|
|switch|p2a: Mr. Mime|Mr. Mime-Galar, M|100/100
|turn|31
|
|move|p2a: Mr. Mime|Rapid Spin|p1a: Type: Null
|-damage|p1a: Type: Null|48/100
|-boost|p2a: Mr. Mime|spe|1
|-sideend|p2: Dragon/Ground|Toxic Spikes|[from] move: Rapid Spin|[of] p2a: Mr. Mime
|move|p1a: Type: Null|U-turn|p2a: Mr. Mime
|-supereffective|p2a: Mr. Mime
|-damage|p2a: Mr. Mime|41/100
|
|switch|p1a: Pikachu|Pikachu, F|100/100|[from]move: U-turn
|
|upkeep
|turn|32
|
|move|p1a: Pikachu|Fake Out|p2a: Mr. Mime
|-damage|p2a: Mr. Mime|5/100
|cant|p2a: Mr. Mime|flinch
|
|upkeep
|turn|33
|
|move|p1a: Pikachu|Extreme Speed|p2a: Mr. Mime
|-damage|p2a: Mr. Mime|0 fnt
|faint|p2a: Mr. Mime
|
|upkeep
|
|switch|p2a: Shiinotic|Shiinotic, M|54/100 psn
|turn|34
|
|move|p1a: Pikachu|Volt Switch|p2a: Shiinotic
|-resisted|p2a: Shiinotic
|-damage|p2a: Shiinotic|38/100 psn
|
|switch|p1a: Type: Null|Type: Null|48/100|[from]move: Volt Switch
|move|p2a: Shiinotic|Moonblast|p1a: Type: Null
|-damage|p1a: Type: Null|36/100
|-unboost|p1a: Type: Null|spa|1
|
|-damage|p2a: Shiinotic|26/100 psn|[from] psn
|upkeep
|turn|35
|c|☆Dragon/Ground|this is a really solid team
|c|☆Dragon/Ground|like fuck
|
|move|p1a: Type: Null|Rest|p1a: Type: Null
|-status|p1a: Type: Null|slp|[from] move: Rest
|-heal|p1a: Type: Null|100/100 slp|[silent]
|move|p2a: Shiinotic|Leech Seed|p1a: Type: Null
|-start|p1a: Type: Null|move: Leech Seed
|
|-damage|p1a: Type: Null|88/100 slp|[from] Leech Seed|[of] p2a: Shiinotic
|-heal|p2a: Shiinotic|41/100 psn|[silent]
|-damage|p2a: Shiinotic|29/100 psn|[from] psn
|upkeep
|turn|36
|c|☆Gulag champ|Thanks bro
|c| fashionista|there's a reason he's #1 rn lol
|c| fashionista|v solid
|c|☆Dragon/Ground|i didn't-
|inactive|Dragon/Ground has 270 seconds left.
|c|☆Gulag champ|Your team is very good thou
|c|☆Dragon/Ground|that's how far i got....?
|inactive|Gulag champ has 270 seconds left.
|c|☆Dragon/Ground|honestly
|c|☆Gulag champ|My only way past shinno is pp stall
|c|☆Dragon/Ground|i'm not the best at team making
|
|switch|p1a: Mareanie|Mareanie, F|99/100
|move|p2a: Shiinotic|Strength Sap|p1a: Mareanie
|-unboost|p1a: Mareanie|atk|1
|-heal|p2a: Shiinotic|72/100 psn
|
|-damage|p2a: Shiinotic|60/100 psn|[from] psn
|upkeep
|turn|37
|inactive|Dragon/Ground has 270 seconds left.
|c| fashionista|both solid squads yah
|
|switch|p1a: Type: Null|Type: Null|88/100 slp
|move|p2a: Shiinotic|Leech Seed|p1a: Type: Null
|-start|p1a: Type: Null|move: Leech Seed
|
|-damage|p1a: Type: Null|76/100 slp|[from] Leech Seed|[of] p2a: Shiinotic
|-heal|p2a: Shiinotic|75/100 psn|[silent]
|-damage|p2a: Shiinotic|63/100 psn|[from] psn
|upkeep
|turn|38
|inactive|Dragon/Ground has 270 seconds left.
|
|switch|p1a: Mareanie|Mareanie, F|100/100
|move|p2a: Shiinotic|Moonblast|p1a: Mareanie
|-resisted|p1a: Mareanie
|-damage|p1a: Mareanie|73/100
|
|-damage|p2a: Shiinotic|50/100 psn|[from] psn
|upkeep
|turn|39
|
|switch|p1a: Pikachu|Pikachu, F|100/100
|switch|p2a: Kadabra|Kadabra, M|100/100 psn
|
|upkeep
|turn|40
|
|switch|p2a: Shiinotic|Shiinotic, M|50/100 psn
|move|p1a: Pikachu|Fake Out|p2a: Shiinotic
|-damage|p2a: Shiinotic|36/100 psn
|
|-damage|p2a: Shiinotic|23/100 psn|[from] psn
|upkeep
|turn|41
|
|move|p1a: Pikachu|Volt Tackle|p2a: Shiinotic
|-resisted|p2a: Shiinotic
|-damage|p2a: Shiinotic|0 fnt
|-damage|p1a: Pikachu|89/100|[from] Recoil
|faint|p2a: Shiinotic
|
|upkeep
|
|switch|p2a: Kadabra|Kadabra, M|100/100 psn
|turn|42
|inactive|Gulag champ has 270 seconds left.
|
|switch|p1a: Dusknoir|Dusknoir, F|92/100
|-item|p2a: Kadabra|Life Orb|[from] ability: Frisk|[of] p1a: Dusknoir|[identify]
|move|p2a: Kadabra|Psychic|p1a: Dusknoir
|-damage|p1a: Dusknoir|47/100
|
|upkeep
|turn|43
|
|move|p1a: Dusknoir|Shadow Sneak|p2a: Kadabra
|-supereffective|p2a: Kadabra
|-damage|p2a: Kadabra|0 fnt
|faint|p2a: Kadabra
|
|win|Gulag champ
|c|☆Dragon/Ground|gg
|c|☆Gulag champ|gg
|c|☆Dragon/Ground|thanks for that
|c|☆Gulag champ|ty for battle
|c|☆Dragon/Ground|maybe we can rematch later
|c|☆Gulag champ|of course
|l| fashionista
|c|☆Gulag champ|I have few teams to try
|c|☆Gulag champ|just HMU
|c|☆Dragon/Ground|perfect, i'll make a few teams
