|html|<div class="broadcast-blue"><strong>[Gen 8] PU is currently suspecting Vanilluxe! For information on how to participate check out the <a href="https://www.smogon.com/forums/threads/np-ss-pu-stage-10-ice-cream-vanilluxe-suspect-test.3705646/">suspect thread</a>.</strong></div>
|j|☆Ho3nConfirm3d
|j|☆sugar ovens
|t:|1659812968
|gametype|singles
|player|p1|Ho3nConfirm3d|#ho3nconfirm3d|
|player|p2|sugar ovens|twins|
|teamsize|p1|6
|teamsize|p2|6
|gen|8
|tier|[Gen 8] PU
|rule|Sleep Clause Mod: Limit one foe put to sleep
|rule|Species Clause: Limit one of each Pokémon
|rule|OHKO Clause: OHKO moves are banned
|rule|Evasion Items Clause: Evasion items are banned
|rule|Evasion Moves Clause: Evasion moves are banned
|rule|Endless Battle Clause: Forcing endless battles is banned
|rule|HP Percentage Mod: HP is shown in percentages
|rule|Dynamax Clause: You cannot dynamax
|clearpoke
|poke|p1|Aggron, F|
|poke|p1|Froslass, F|
|poke|p1|Ribombee, F|
|poke|p1|Eldegoss, M|
|poke|p1|Archeops, F|
|poke|p1|Magmortar, F|
|poke|p2|Scyther, F|
|poke|p2|Scrafty, F|
|poke|p2|Sandaconda, F|
|poke|p2|Aggron, F|
|poke|p2|Whimsicott, F|
|poke|p2|Lanturn, F|
|teampreview
|c|☆sugar ovens|gl hf
|j| pop smoke
|c|☆Ho3nConfirm3d|u2
|j| Belindas Dad
|j| yandaud
|j| PUVS banana split
|c| PUVS banana split|go skip
|inactive|Battle timer is ON: inactive players will automatically lose when time's up. (requested by Ho3nConfirm3d)
|j| Electric win
|j| quagsgoneツ
|inactive|sugar ovens has 270 seconds left.
|inactive|sugar ovens has 240 seconds left.
|
|t:|1659813092
|start
|switch|p1a: Froslass|Froslass, F|100/100
|switch|p2a: Aggron|Aggron, F|100/100
|turn|1
|inactive|Ho3nConfirm3d has 270 seconds left.
|
|t:|1659813130
|move|p1a: Froslass|Destiny Bond|p1a: Froslass
|-singlemove|p1a: Froslass|Destiny Bond
|move|p2a: Aggron|Head Smash|p1a: Froslass
|-supereffective|p1a: Froslass
|-damage|p1a: Froslass|0 fnt
|-start|p2a: Aggron|Disable|Head Smash|[from] ability: Cursed Body|[of] p1a: Froslass
|faint|p1a: Froslass
|-activate|p1a: Froslass|move: Destiny Bond
|faint|p2a: Aggron
|
|upkeep
|inactive|Ho3nConfirm3d has 270 seconds left.
|inactive|sugar ovens has 270 seconds left.
|inactive|Ho3nConfirm3d has 240 seconds left.
|
|t:|1659813168
|switch|p1a: Archeops|Archeops, F|100/100
|switch|p2a: Lanturn|Lanturn, F|100/100
|turn|2
|l| Electric win
|inactive|sugar ovens has 270 seconds left.
|
|t:|1659813202
|move|p1a: Archeops|U-turn|p2a: Lanturn
|-damage|p2a: Lanturn|66/100
|
|t:|1659813209
|switch|p1a: Eldegoss|Eldegoss, M|100/100|[from]move: U-turn
|move|p2a: Lanturn|Volt Switch|p1a: Eldegoss
|-resisted|p1a: Eldegoss
|-damage|p1a: Eldegoss|88/100
|
|t:|1659813220
|switch|p2a: Scrafty|Scrafty, F|100/100|[from]move: Volt Switch
|
|upkeep
|turn|3
|j| 768 dead wrong
|
|t:|1659813234
|switch|p1a: Ribombee|Ribombee, F|100/100
|move|p2a: Scrafty|Substitute|p2a: Scrafty
|-start|p2a: Scrafty|Substitute
|-damage|p2a: Scrafty|76/100
|
|-heal|p2a: Scrafty|82/100|[from] item: Leftovers
|upkeep
|turn|4
|
|t:|1659813240
|move|p1a: Ribombee|Moonblast|p2a: Scrafty
|-supereffective|p2a: Scrafty
|-end|p2a: Scrafty|Substitute
|move|p2a: Scrafty|Poison Jab|p1a: Ribombee
|-supereffective|p1a: Ribombee
|-damage|p1a: Ribombee|10/100
|
|-heal|p2a: Scrafty|88/100|[from] item: Leftovers
|upkeep
|turn|5
|inactive|sugar ovens has 270 seconds left.
|
|t:|1659813255
|switch|p2a: Lanturn|Lanturn, F|66/100
|move|p1a: Ribombee|Moonblast|p2a: Lanturn
|-damage|p2a: Lanturn|31/100
|
|upkeep
|turn|6
|j| wild drud
|inactive|sugar ovens has 270 seconds left.
|c| wild drud|GOOOO HO3N
|
|t:|1659813262
|move|p1a: Ribombee|Moonblast|p2a: Lanturn
|-damage|p2a: Lanturn|0 fnt
|faint|p2a: Lanturn
|
|upkeep
|c|☆Ho3nConfirm3d|wild drud
|inactive|sugar ovens has 270 seconds left.
|c|☆Ho3nConfirm3d|look at turn 1
|c| wild drud|ok
|j| thekingkarp
|j| pinkdragontamer
|c| wild drud|That sure was a turn
|inactive|sugar ovens has 240 seconds left.
|j| ShaggyMollusk744
|c|☆Ho3nConfirm3d|Yeah turn 1 was definitely a turn
|c|☆Ho3nConfirm3d|specifically
|c|☆Ho3nConfirm3d|it was  a turn that happened first
|c| 768 dead wrong|o_o
|c|☆Ho3nConfirm3d|so we call it
|c|☆Ho3nConfirm3d|turn 1
|inactive|sugar ovens has 210 seconds left.
|c|☆Ho3nConfirm3d|turn 1 was succeeded by turn 2
|c|☆Ho3nConfirm3d|and preceded by team preview
|c|☆Ho3nConfirm3d|technology is amazing!
|c| 768 dead wrong|stop talking and win games :neutral_face:
|c| wild drud|You really are smart
|c|☆Ho3nConfirm3d|I love the world of pokemon
|inactive|sugar ovens has 180 seconds left.
|
|t:|1659813357
|switch|p2a: Whimsicott|Whimsicott, F|100/100
|turn|7
|c| wild drud|thanks ho3n for this explanation
|c|☆Ho3nConfirm3d|anytime
|j|@Lily
|
|t:|1659813380
|switch|p1a: Magmortar|Magmortar, F|100/100
|move|p2a: Whimsicott|Moonblast|p1a: Magmortar
|-resisted|p1a: Magmortar
|-damage|p1a: Magmortar|88/100
|-unboost|p1a: Magmortar|spa|1
|
|upkeep
|turn|8
|c| 768 dead wrong|dropped
|inactive|sugar ovens has 180 seconds left.
|j| deg
|
|t:|1659813409
|move|p2a: Whimsicott|Moonblast|p1a: Magmortar
|-resisted|p1a: Magmortar
|-damage|p1a: Magmortar|75/100
|move|p1a: Magmortar|Lava Plume|p2a: Whimsicott
|-supereffective|p2a: Whimsicott
|-damage|p2a: Whimsicott|29/100
|
|upkeep
|turn|9
|inactive|sugar ovens has 150 seconds left.
|inactive|sugar ovens has 120 seconds left.
|
|t:|1659813471
|move|p2a: Whimsicott|Encore|p1a: Magmortar
|-start|p1a: Magmortar|Encore
|move|p1a: Magmortar|Lava Plume|p2a: Whimsicott
|-supereffective|p2a: Whimsicott
|-damage|p2a: Whimsicott|0 fnt
|faint|p2a: Whimsicott
|
|upkeep
|
|t:|1659813476
|switch|p2a: Scrafty|Scrafty, F|88/100
|turn|10
|inactive|sugar ovens has 120 seconds left.
|l| Belindas Dad
|j| Belindas Dad
|
|t:|1659813509
|move|p1a: Magmortar|Lava Plume|p2a: Scrafty
|-damage|p2a: Scrafty|65/100
|-status|p2a: Scrafty|brn
|move|p2a: Scrafty|Close Combat|p1a: Magmortar
|-damage|p1a: Magmortar|46/100
|-unboost|p2a: Scrafty|def|1
|-unboost|p2a: Scrafty|spd|1
|
|-heal|p2a: Scrafty|71/100 brn|[from] item: Leftovers
|-damage|p2a: Scrafty|65/100 brn|[from] brn
|upkeep
|turn|11
|l| Belindas Dad
|j| Lambovino
|inactive|sugar ovens has 90 seconds left.
|
|t:|1659813536
|switch|p2a: Sandaconda|Sandaconda, F|100/100
|move|p1a: Magmortar|Lava Plume|p2a: Sandaconda
|-damage|p2a: Sandaconda|59/100
|
|-heal|p2a: Sandaconda|65/100|[from] item: Leftovers
|-end|p1a: Magmortar|Encore
|upkeep
|turn|12
|inactive|sugar ovens has 90 seconds left.
|
|t:|1659813548
|switch|p1a: Eldegoss|Eldegoss, M|100/100
|move|p2a: Sandaconda|Earthquake|p1a: Eldegoss
|-resisted|p1a: Eldegoss
|-damage|p1a: Eldegoss|82/100
|
|-heal|p2a: Sandaconda|71/100|[from] item: Leftovers
|upkeep
|turn|13
|
|t:|1659813554
|switch|p2a: Scyther|Scyther, F|100/100
|move|p1a: Eldegoss|Leech Seed|p2a: Scyther
|-start|p2a: Scyther|move: Leech Seed
|
|-damage|p2a: Scyther|88/100|[from] Leech Seed|[of] p1a: Eldegoss
|-heal|p1a: Eldegoss|92/100|[silent]
|upkeep
|turn|14
|l| pop smoke
|
|t:|1659813569
|switch|p1a: Archeops|Archeops, F|100/100
|move|p2a: Scyther|U-turn|p1a: Archeops
|-resisted|p1a: Archeops
|-damage|p1a: Archeops|74/100
|inactive|sugar ovens has 90 seconds left.
|j| god mami pix
|inactive|sugar ovens has 60 seconds left.
|
|t:|1659813616
|switch|p2a: Sandaconda|Sandaconda, F|71/100|[from]move: U-turn
|
|-heal|p2a: Sandaconda|77/100|[from] item: Leftovers
|upkeep
|turn|15
|inactive|sugar ovens has 60 seconds left.
|
|t:|1659813635
|move|p1a: Archeops|Knock Off|p2a: Sandaconda
|-damage|p2a: Sandaconda|40/100
|-enditem|p2a: Sandaconda|Leftovers|[from] move: Knock Off|[of] p1a: Archeops
|move|p2a: Sandaconda|Stone Edge|p1a: Archeops
|-supereffective|p1a: Archeops
|-damage|p1a: Archeops|0 fnt
|faint|p1a: Archeops
|
|upkeep
|
|t:|1659813647
|switch|p1a: Ribombee|Ribombee, F|10/100
|turn|16
|j| ojr
|
|t:|1659813655
|move|p1a: Ribombee|Moonblast|p2a: Sandaconda
|-damage|p2a: Sandaconda|0 fnt
|faint|p2a: Sandaconda
|
|upkeep
|
|t:|1659813658
|switch|p2a: Scyther|Scyther, F|88/100
|turn|17
|
|t:|1659813663
|move|p1a: Ribombee|Moonblast|p2a: Scyther
|-damage|p2a: Scyther|7/100
|-unboost|p2a: Scyther|spa|1
|move|p2a: Scyther|U-turn|p1a: Ribombee
|-resisted|p1a: Ribombee
|-damage|p1a: Ribombee|0 fnt
|faint|p1a: Ribombee
|j| nihilego believer
|
|t:|1659813672
|switch|p2a: Scrafty|Scrafty, F|65/100 brn|[from]move: U-turn
|
|-heal|p2a: Scrafty|71/100 brn|[from] item: Leftovers
|-damage|p2a: Scrafty|65/100 brn|[from] brn
|upkeep
|
|t:|1659813676
|switch|p1a: Magmortar|Magmortar, F|46/100
|turn|18
|j|+mushamu
|inactive|sugar ovens has 90 seconds left.
|l| 768 dead wrong
|
|t:|1659813701
|move|p1a: Magmortar|Lava Plume|p2a: Scrafty
|-damage|p2a: Scrafty|30/100 brn
|move|p2a: Scrafty|Substitute|p2a: Scrafty
|-start|p2a: Scrafty|Substitute
|-damage|p2a: Scrafty|6/100 brn
|
|-heal|p2a: Scrafty|12/100 brn|[from] item: Leftovers
|-damage|p2a: Scrafty|6/100 brn|[from] brn
|upkeep
|turn|19
|
|t:|1659813723
|move|p1a: Magmortar|Lava Plume|p2a: Scrafty
|-end|p2a: Scrafty|Substitute
|move|p2a: Scrafty|Close Combat|p1a: Magmortar
|-damage|p1a: Magmortar|17/100
|-unboost|p2a: Scrafty|def|1
|-unboost|p2a: Scrafty|spd|1
|
|-heal|p2a: Scrafty|12/100 brn|[from] item: Leftovers
|-damage|p2a: Scrafty|6/100 brn|[from] brn
|upkeep
|turn|20
|
|t:|1659813732
|move|p1a: Magmortar|Rest|p1a: Magmortar
|-status|p1a: Magmortar|slp|[from] move: Rest
|-heal|p1a: Magmortar|100/100 slp|[silent]
|move|p2a: Scrafty|Close Combat|p1a: Magmortar
|-damage|p1a: Magmortar|71/100 slp
|-unboost|p2a: Scrafty|def|1
|-unboost|p2a: Scrafty|spd|1
|
|-heal|p2a: Scrafty|12/100 brn|[from] item: Leftovers
|-damage|p2a: Scrafty|6/100 brn|[from] brn
|upkeep
|turn|21
|l|+mushamu
|
|t:|1659813744
|cant|p1a: Magmortar|slp
|move|p1a: Magmortar|Sleep Talk|p1a: Magmortar
|move|p1a: Magmortar|Lava Plume|p2a: Scrafty|[from]move: Sleep Talk
|-crit|p2a: Scrafty
|-damage|p2a: Scrafty|0 fnt
|faint|p2a: Scrafty
|
|upkeep
|
|t:|1659813749
|switch|p2a: Scyther|Scyther, F|7/100
|turn|22
|
|t:|1659813758
|move|p2a: Scyther|Dual Wingbeat|p1a: Magmortar
|-damage|p1a: Magmortar|39/100 slp
|-damage|p1a: Magmortar|8/100 slp
|-status|p2a: Scyther|brn|[from] ability: Flame Body|[of] p1a: Magmortar
|-hitcount|p1a: Magmortar|2
|cant|p1a: Magmortar|slp
|move|p1a: Magmortar|Sleep Talk|p1a: Magmortar
|move|p1a: Magmortar|Lava Plume|p2a: Scyther|[from]move: Sleep Talk
|-supereffective|p2a: Scyther
|-damage|p2a: Scyther|0 fnt
|faint|p2a: Scyther
|
|win|Ho3nConfirm3d
|c|☆Ho3nConfirm3d|gg
|j| ekekelelelel
|l|☆sugar ovens
|l| ShaggyMollusk744
|l| quagsgoneツ
|j| 768 dead wrong
|l| ekekelelelel
|l| yandaud
|l| deg
|l| nihilego believer
|l| Lambovino
|l| ojr
|j| BAGOFTRIXX
|j| ekekelelelel
