|j|☆Nocterem
|j|☆yassy slay
|t:|1652884676
|gametype|singles
|player|p1|Nocterem|blue-gen2|1455
|player|p2|yassy slay|clown|1612
|teamsize|p1|6
|teamsize|p2|6
|gen|8
|tier|[Gen 8] PU
|rated|
|rule|Sleep Clause Mod: Limit one foe put to sleep
|rule|Species Clause: Limit one of each Pokémon
|rule|OHKO Clause: OHKO moves are banned
|rule|Evasion Moves Clause: Evasion moves are banned
|rule|Endless Battle Clause: Forcing endless battles is banned
|rule|HP Percentage Mod: HP is shown in percentages
|rule|Dynamax Clause: You cannot dynamax
|clearpoke
|poke|p1|Malamar, M|
|poke|p1|Rotom-Fan|
|poke|p1|Leafeon, M|
|poke|p1|Pyukumuku, F|
|poke|p1|Silvally-*|
|poke|p1|Cofagrigus, M|
|poke|p2|Gothitelle, F|
|poke|p2|Lunatone|
|poke|p2|Aggron, M|
|poke|p2|Accelgor, M|
|poke|p2|Thievul, F|
|poke|p2|Leafeon, F|
|teampreview
|
|t:|1652884688
|start
|switch|p1a: Rotom|Rotom-Fan, shiny|100/100
|switch|p2a: Accelgor|Accelgor, M|100/100
|turn|1
|
|t:|1652884691
|switch|p2a: Aggron|Aggron, M|100/100
|move|p1a: Rotom|Air Slash|p2a: Aggron|[miss]
|-miss|p1a: Rotom|p2a: Aggron
|
|upkeep
|turn|2
|
|t:|1652884694
|move|p1a: Rotom|Will-O-Wisp|p2a: Aggron
|-status|p2a: Aggron|brn
|move|p2a: Aggron|Stealth Rock|p1a: Rotom
|-sidestart|p1: Nocterem|move: Stealth Rock
|
|-damage|p2a: Aggron|94/100 brn|[from] brn
|upkeep
|turn|3
|
|t:|1652884700
|switch|p2a: Lunatone|Lunatone|100/100
|move|p1a: Rotom|Volt Switch|p2a: Lunatone
|-damage|p2a: Lunatone|64/100
|
|t:|1652884705
|switch|p1a: Leafeon|Leafeon, M, shiny|100/100|[from]move: Volt Switch
|-damage|p1a: Leafeon|88/100|[from] Stealth Rock
|
|-heal|p1a: Leafeon|94/100|[from] item: Leftovers
|-heal|p2a: Lunatone|70/100|[from] item: Leftovers
|upkeep
|turn|4
|
|t:|1652884708
|switch|p2a: Accelgor|Accelgor, M|100/100
|move|p1a: Leafeon|Knock Off|p2a: Accelgor
|-crit|p2a: Accelgor
|-damage|p2a: Accelgor|51/100
|-activate|p2a: Accelgor|ability: Sticky Hold
|
|-heal|p1a: Leafeon|100/100|[from] item: Leftovers
|upkeep
|turn|5
|
|t:|1652884712
|switch|p1a: Rotom|Rotom-Fan, shiny|100/100
|move|p2a: Accelgor|Toxic Spikes|p1a: Rotom
|-sidestart|p1: Nocterem|move: Toxic Spikes
|
|upkeep
|turn|6
|
|t:|1652884716
|switch|p2a: Lunatone|Lunatone|70/100
|move|p1a: Rotom|Defog|p2a: Lunatone
|-unboost|p2a: Lunatone|evasion|1
|-sideend|p1: Nocterem|Toxic Spikes|[from] move: Defog|[of] p1a: Rotom
|-sideend|p1: Nocterem|Stealth Rock|[from] move: Defog|[of] p1a: Rotom
|
|-heal|p2a: Lunatone|77/100|[from] item: Leftovers
|upkeep
|turn|7
|
|t:|1652884718
|move|p2a: Lunatone|Power Gem|p1a: Rotom
|-supereffective|p1a: Rotom
|-damage|p1a: Rotom|22/100
|move|p1a: Rotom|Volt Switch|p2a: Lunatone
|-damage|p2a: Lunatone|44/100
|
|t:|1652884725
|switch|p1a: Malamar|Malamar, M|100/100|[from]move: Volt Switch
|
|-heal|p2a: Lunatone|51/100|[from] item: Leftovers
|upkeep
|turn|8
|
|t:|1652884745
|switch|p2a: Leafeon|Leafeon, F|100/100
|move|p1a: Malamar|Rock Slide|p2a: Leafeon
|-damage|p2a: Leafeon|81/100
|
|upkeep
|turn|9
|
|t:|1652884755
|switch|p2a: Accelgor|Accelgor, M|51/100
|switch|p1a: Silvally|Silvally-Fire, shiny|100/100
|
|upkeep
|turn|10
|
|t:|1652884763
|switch|p2a: Aggron|Aggron, M|94/100 brn
|move|p1a: Silvally|Flame Charge|p2a: Aggron
|-damage|p2a: Aggron|81/100 brn
|-boost|p1a: Silvally|spe|1
|
|-heal|p2a: Aggron|87/100 brn|[from] item: Leftovers
|-damage|p2a: Aggron|81/100 brn|[from] brn
|upkeep
|turn|11
|
|t:|1652884768
|switch|p1a: Rotom|Rotom-Fan, shiny|22/100
|move|p2a: Aggron|Stealth Rock|p1a: Rotom
|-sidestart|p1: Nocterem|move: Stealth Rock
|
|-heal|p2a: Aggron|87/100 brn|[from] item: Leftovers
|-damage|p2a: Aggron|81/100 brn|[from] brn
|upkeep
|turn|12
|
|t:|1652884773
|switch|p2a: Lunatone|Lunatone|51/100
|move|p1a: Rotom|Volt Switch|p2a: Lunatone
|-damage|p2a: Lunatone|19/100
|
|t:|1652884776
|switch|p1a: Leafeon|Leafeon, M, shiny|100/100|[from]move: Volt Switch
|-damage|p1a: Leafeon|88/100|[from] Stealth Rock
|
|-heal|p1a: Leafeon|94/100|[from] item: Leftovers
|-heal|p2a: Lunatone|25/100|[from] item: Leftovers
|upkeep
|turn|13
|
|t:|1652884779
|switch|p2a: Accelgor|Accelgor, M|51/100
|move|p1a: Leafeon|Leaf Blade|p2a: Accelgor
|-resisted|p2a: Accelgor
|-damage|p2a: Accelgor|27/100
|
|-heal|p1a: Leafeon|100/100|[from] item: Leftovers
|upkeep
|turn|14
|
|t:|1652884783
|move|p2a: Accelgor|Recover|p2a: Accelgor
|-heal|p2a: Accelgor|77/100
|move|p1a: Leafeon|Leaf Blade|p2a: Accelgor
|-resisted|p2a: Accelgor
|-damage|p2a: Accelgor|54/100
|
|upkeep
|turn|15
|
|t:|1652884788
|switch|p1a: Pyukumuku|Pyukumuku, F|100/100
|-damage|p1a: Pyukumuku|88/100|[from] Stealth Rock
|move|p2a: Accelgor|Knock Off|p1a: Pyukumuku
|-damage|p1a: Pyukumuku|77/100
|-enditem|p1a: Pyukumuku|Leftovers|[from] move: Knock Off|[of] p2a: Accelgor
|
|upkeep
|turn|16
|
|t:|1652884804
|switch|p2a: Thievul|Thievul, F|100/100
|move|p1a: Pyukumuku|Toxic|p2a: Thievul
|-status|p2a: Thievul|tox
|
|-damage|p2a: Thievul|94/100 tox|[from] psn
|upkeep
|turn|17
|
|t:|1652884807
|move|p2a: Thievul|Dark Pulse|p1a: Pyukumuku
|-damage|p1a: Pyukumuku|42/100
|move|p1a: Pyukumuku|Recover|p1a: Pyukumuku
|-heal|p1a: Pyukumuku|92/100
|
|-damage|p2a: Thievul|82/100 tox|[from] psn
|upkeep
|turn|18
|
|t:|1652884812
|switch|p2a: Leafeon|Leafeon, F|81/100
|move|p1a: Pyukumuku|Recover|p1a: Pyukumuku
|-heal|p1a: Pyukumuku|100/100
|
|upkeep
|turn|19
|
|t:|1652884815
|switch|p1a: Leafeon|Leafeon, M, shiny|100/100
|-damage|p1a: Leafeon|88/100|[from] Stealth Rock
|move|p2a: Leafeon|Heal Bell|p2a: Leafeon
|-activate|p2a: Leafeon|move: Heal Bell
|-curestatus|p2: Thievul|tox|[msg]
|-curestatus|p2: Aggron|brn|[msg]
|
|-heal|p1a: Leafeon|94/100|[from] item: Leftovers
|upkeep
|turn|20
|
|t:|1652884821
|switch|p2a: Accelgor|Accelgor, M|54/100
|move|p1a: Leafeon|Wish|p1a: Leafeon
|
|-heal|p1a: Leafeon|100/100|[from] item: Leftovers
|upkeep
|turn|21
|
|t:|1652884827
|switch|p1a: Rotom|Rotom-Fan, shiny|22/100
|move|p2a: Accelgor|Knock Off|p1a: Rotom
|-damage|p1a: Rotom|9/100
|-enditem|p1a: Rotom|Heavy-Duty Boots|[from] move: Knock Off|[of] p2a: Accelgor
|
|-heal|p1a: Rotom|59/100|[from] move: Wish|[wisher] Leafeon
|upkeep
|turn|22
|
|t:|1652884835
|switch|p2a: Aggron|Aggron, M|81/100
|move|p1a: Rotom|Air Slash|p2a: Aggron
|-resisted|p2a: Aggron
|-damage|p2a: Aggron|74/100
|
|-heal|p2a: Aggron|80/100|[from] item: Leftovers
|upkeep
|turn|23
|j| DJStankyJunk
|
|t:|1652884839
|move|p1a: Rotom|Volt Switch|p2a: Aggron
|-damage|p2a: Aggron|52/100
|
|t:|1652884845
|switch|p1a: Leafeon|Leafeon, M, shiny|100/100|[from]move: Volt Switch
|-damage|p1a: Leafeon|88/100|[from] Stealth Rock
|move|p2a: Aggron|Head Smash|p1a: Leafeon
|-damage|p1a: Leafeon|41/100
|-damage|p2a: Aggron|31/100|[from] Recoil
|
|-heal|p1a: Leafeon|47/100|[from] item: Leftovers
|-heal|p2a: Aggron|37/100|[from] item: Leftovers
|upkeep
|turn|24
|
|t:|1652884853
|switch|p2a: Accelgor|Accelgor, M|54/100
|move|p1a: Leafeon|Wish|p1a: Leafeon
|
|-heal|p1a: Leafeon|53/100|[from] item: Leftovers
|upkeep
|turn|25
|
|t:|1652884857
|switch|p1a: Rotom|Rotom-Fan, shiny|59/100
|-damage|p1a: Rotom|34/100|[from] Stealth Rock
|move|p2a: Accelgor|Toxic Spikes|p1a: Rotom
|-sidestart|p1: Nocterem|move: Toxic Spikes
|
|-heal|p1a: Rotom|84/100|[from] move: Wish|[wisher] Leafeon
|upkeep
|turn|26
|
|t:|1652884865
|switch|p2a: Thievul|Thievul, F|82/100
|move|p1a: Rotom|Defog|p2a: Thievul
|-unboost|p2a: Thievul|evasion|1
|-sideend|p1: Nocterem|Toxic Spikes|[from] move: Defog|[of] p1a: Rotom
|-sideend|p1: Nocterem|Stealth Rock|[from] move: Defog|[of] p1a: Rotom
|
|upkeep
|turn|27
|
|t:|1652884890
|move|p2a: Thievul|Dark Pulse|p1a: Rotom
|-damage|p1a: Rotom|33/100
|move|p1a: Rotom|Volt Switch|p2a: Thievul
|-damage|p2a: Thievul|44/100
|
|t:|1652884900
|switch|p1a: Silvally|Silvally-Fire, shiny|100/100|[from]move: Volt Switch
|
|upkeep
|turn|28
|
|t:|1652884908
|switch|p2a: Aggron|Aggron, M|37/100
|move|p1a: Silvally|Multi-Attack|p2a: Aggron
|-damage|p2a: Aggron|7/100
|
|-heal|p2a: Aggron|13/100|[from] item: Leftovers
|upkeep
|turn|29
|
|t:|1652884927
|switch|p2a: Gothitelle|Gothitelle, F|100/100
|move|p1a: Silvally|Flame Charge|p2a: Gothitelle
|-damage|p2a: Gothitelle|86/100
|-boost|p1a: Silvally|spe|1
|
|upkeep
|turn|30
|
|t:|1652884931
|move|p1a: Silvally|Swords Dance|p1a: Silvally
|-boost|p1a: Silvally|atk|2
|move|p2a: Gothitelle|Cosmic Power|p2a: Gothitelle
|-boost|p2a: Gothitelle|def|1
|-boost|p2a: Gothitelle|spd|1
|
|upkeep
|turn|31
|
|t:|1652884935
|move|p1a: Silvally|Multi-Attack|p2a: Gothitelle
|-damage|p2a: Gothitelle|34/100
|move|p2a: Gothitelle|Cosmic Power|p2a: Gothitelle
|-boost|p2a: Gothitelle|def|1
|-boost|p2a: Gothitelle|spd|1
|
|upkeep
|turn|32
|
|t:|1652884939
|move|p1a: Silvally|Multi-Attack|p2a: Gothitelle
|-damage|p2a: Gothitelle|0 fnt
|faint|p2a: Gothitelle
|
|upkeep
|c|☆yassy slay|gg
|-message|yassy slay forfeited.
|
|win|Nocterem
|raw|Nocterem's rating: 1455 &rarr; <strong>1483</strong><br />(+28 for winning)
|raw|yassy slay's rating: 1612 &rarr; <strong>1584</strong><br />(-28 for losing)
|c|☆Nocterem|gg
|l|☆yassy slay
||Ladder isn't responding, score probably updated but might not have (Request timeout).
