|j|☆Eesturn
|j|☆BigDaddyTriolo
|t:|1618336574
|gametype|singles
|player|p1|Eesturn|psychic-gen4|1275
|player|p2|BigDaddyTriolo|266|1268
|teamsize|p1|6
|teamsize|p2|6
|gen|8
|tier|[Gen 8] PU
|rated|
|clearpoke
|poke|p1|Slowpoke, M|
|poke|p1|Ribombee, F|
|poke|p1|Sandaconda, M|
|poke|p1|Charizard, M|
|poke|p1|Whimsicott, M|
|poke|p1|Heliolisk, M|
|poke|p2|Scrafty, M|
|poke|p2|Weezing, F|
|poke|p2|Silvally-*|
|poke|p2|Lanturn, M|
|poke|p2|Jellicent, F|
|poke|p2|Lycanroc, F|
|rule|Sleep Clause Mod: Limit one foe put to sleep
|rule|Species Clause: Limit one of each Pokémon
|rule|OHKO Clause: OHKO moves are banned
|rule|Evasion Moves Clause: Evasion moves are banned
|rule|Endless Battle Clause: Forcing endless battles is banned
|rule|HP Percentage Mod: HP is shown in percentages
|rule|Dynamax Clause: You cannot dynamax
|teampreview
|c|☆Eesturn|glhf
|c|☆BigDaddyTriolo|slowpoke.
|c|☆Eesturn|so true
|
|t:|1618336593
|start
|switch|p1a: Ribombee|Ribombee, F|100/100
|switch|p2a: Jellicent|Jellicent, F|100/100
|turn|1
|
|t:|1618336603
|move|p1a: Ribombee|U-turn|p2a: Jellicent
|-resisted|p2a: Jellicent
|-damage|p2a: Jellicent|93/100
|
|t:|1618336606
|switch|p1a: Heliolisk|Heliolisk, M|100/100|[from]move: U-turn
|move|p2a: Jellicent|Hydro Pump|p1a: Heliolisk
|-immune|p1a: Heliolisk|[from] ability: Dry Skin
|
|upkeep
|turn|2
|
|t:|1618336619
|switch|p1a: Whimsicott|Whimsicott, M|100/100
|switch|p2a: Silvally|Silvally-Steel|100/100
|
|upkeep
|turn|3
|
|t:|1618336626
|switch|p1a: Slowpoke|Slowpoke, M|100/100
|move|p2a: Silvally|Parting Shot|p1a: Slowpoke
|-unboost|p1a: Slowpoke|atk|1
|-unboost|p1a: Slowpoke|spa|1
|
|t:|1618336639
|switch|p2a: Scrafty|Scrafty, M|100/100|[from]move: Parting Shot
|
|upkeep
|turn|4
|
|t:|1618336645
|move|p2a: Scrafty|Knock Off|p1a: Slowpoke
|-supereffective|p1a: Slowpoke
|-damage|p1a: Slowpoke|47/100
|-enditem|p1a: Slowpoke|Eviolite|[from] move: Knock Off|[of] p2a: Scrafty
|move|p1a: Slowpoke|Teleport|p1a: Slowpoke
|
|t:|1618336650
|switch|p1a: Ribombee|Ribombee, F|100/100|[from]move: Teleport
|
|upkeep
|turn|5
|
|t:|1618336655
|move|p1a: Ribombee|Moonblast|p2a: Scrafty
|-supereffective|p2a: Scrafty
|-damage|p2a: Scrafty|0 fnt
|faint|p2a: Scrafty
|
|upkeep
|
|t:|1618336669
|switch|p2a: Weezing|Weezing, F|100/100
|turn|6
|
|t:|1618336678
|switch|p1a: Sandaconda|Sandaconda, M|100/100
|move|p2a: Weezing|Will-O-Wisp|p1a: Sandaconda
|-status|p1a: Sandaconda|brn
|
|-activate|p1a: Sandaconda|ability: Shed Skin
|-curestatus|p1a: Sandaconda|brn|[msg]
|upkeep
|turn|7
|
|t:|1618336700
|switch|p1a: Slowpoke|Slowpoke, M|80/100
|move|p2a: Weezing|Taunt|p1a: Slowpoke
|-start|p1a: Slowpoke|move: Taunt
|
|upkeep
|turn|8
|
|t:|1618336709
|switch|p2a: Jellicent|Jellicent, F|93/100
|move|p1a: Slowpoke|Scald|p2a: Jellicent
|-heal|p2a: Jellicent|100/100|[from] ability: Water Absorb|[of] p1a: Slowpoke
|
|upkeep
|turn|9
|
|t:|1618336716
|switch|p1a: Heliolisk|Heliolisk, M|100/100
|move|p2a: Jellicent|Giga Drain|p1a: Heliolisk
|-damage|p1a: Heliolisk|56/100
|
|upkeep
|turn|10
|
|t:|1618336723
|switch|p2a: Lanturn|Lanturn, M|100/100
|move|p1a: Heliolisk|Hyper Voice|p2a: Lanturn
|-damage|p2a: Lanturn|56/100
|
|upkeep
|turn|11
|
|t:|1618336730
|move|p1a: Heliolisk|Hyper Voice|p2a: Lanturn
|-damage|p2a: Lanturn|11/100
|move|p2a: Lanturn|Volt Switch|p1a: Heliolisk
|-resisted|p1a: Heliolisk
|-damage|p1a: Heliolisk|35/100
|
|t:|1618336738
|switch|p2a: Lycanroc|Lycanroc, F|100/100|[from]move: Volt Switch
|
|upkeep
|turn|12
|
|t:|1618336746
|switch|p1a: Slowpoke|Slowpoke, M|100/100
|move|p2a: Lycanroc|Stone Edge|p1a: Slowpoke
|-damage|p1a: Slowpoke|42/100
|-damage|p2a: Lycanroc|91/100|[from] item: Life Orb
|
|upkeep
|turn|13
|
|t:|1618336755
|switch|p2a: Jellicent|Jellicent, F|100/100
|move|p1a: Slowpoke|Yawn|p2a: Jellicent
|-start|p2a: Jellicent|move: Yawn|[of] p1a: Slowpoke
|
|upkeep
|turn|14
|
|t:|1618336763
|move|p2a: Jellicent|Giga Drain|p1a: Slowpoke
|-supereffective|p1a: Slowpoke
|-damage|p1a: Slowpoke|0 fnt
|faint|p1a: Slowpoke
|
|-end|p2a: Jellicent|move: Yawn|[silent]
|-status|p2a: Jellicent|slp
|upkeep
|
|t:|1618336783
|switch|p1a: Heliolisk|Heliolisk, M|35/100
|turn|15
|
|t:|1618336795
|switch|p1a: Sandaconda|Sandaconda, M|100/100
|cant|p2a: Jellicent|slp
|
|upkeep
|turn|16
|
|t:|1618336800
|move|p1a: Sandaconda|Coil|p1a: Sandaconda
|-boost|p1a: Sandaconda|atk|1
|-boost|p1a: Sandaconda|def|1
|-boost|p1a: Sandaconda|accuracy|1
|cant|p2a: Jellicent|slp
|
|upkeep
|turn|17
|
|t:|1618336806
|move|p1a: Sandaconda|Earthquake|p2a: Jellicent
|-damage|p2a: Jellicent|35/100 slp
|cant|p2a: Jellicent|slp
|
|upkeep
|turn|18
|
|t:|1618336811
|switch|p2a: Weezing|Weezing, F|100/100
|move|p1a: Sandaconda|Stone Edge|p2a: Weezing
|-damage|p2a: Weezing|78/100
|
|-heal|p2a: Weezing|84/100|[from] item: Black Sludge
|upkeep
|turn|19
|
|t:|1618336830
|switch|p1a: Charizard|Charizard, M|100/100
|move|p2a: Weezing|Sludge Bomb|p1a: Charizard
|-damage|p1a: Charizard|64/100
|-status|p1a: Charizard|psn
|
|-heal|p2a: Weezing|90/100|[from] item: Black Sludge
|-damage|p1a: Charizard|51/100 psn|[from] psn
|upkeep
|turn|20
|
|t:|1618336841
|switch|p2a: Jellicent|Jellicent, F|35/100 slp
|move|p1a: Charizard|Hurricane|p2a: Jellicent|[miss]
|-miss|p1a: Charizard|p2a: Jellicent
|
|-damage|p1a: Charizard|39/100 psn|[from] psn
|upkeep
|turn|21
|
|t:|1618336849
|move|p1a: Charizard|Hurricane|p2a: Jellicent
|-damage|p2a: Jellicent|0 fnt
|faint|p2a: Jellicent
|
|-damage|p1a: Charizard|26/100 psn|[from] psn
|upkeep
|
|t:|1618336857
|switch|p2a: Lycanroc|Lycanroc, F|91/100
|turn|22
|
|t:|1618336868
|move|p2a: Lycanroc|Accelerock|p1a: Charizard
|-supereffective|p1a: Charizard
|-damage|p1a: Charizard|0 fnt
|-damage|p2a: Lycanroc|81/100|[from] item: Life Orb
|faint|p1a: Charizard
|
|upkeep
|
|t:|1618336878
|switch|p1a: Whimsicott|Whimsicott, M|100/100
|turn|23
|
|t:|1618336886
|switch|p2a: Silvally|Silvally-Steel|100/100
|move|p1a: Whimsicott|Toxic|p2a: Silvally
|-immune|p2a: Silvally
|
|upkeep
|turn|24
|
|t:|1618336894
|move|p2a: Silvally|Parting Shot|p1a: Whimsicott
|-unboost|p1a: Whimsicott|atk|1
|-unboost|p1a: Whimsicott|spa|1
|
|t:|1618336898
|switch|p2a: Weezing|Weezing, F|90/100|[from]move: Parting Shot
|move|p1a: Whimsicott|U-turn|p2a: Weezing
|-resisted|p2a: Weezing
|-damage|p2a: Weezing|88/100
|
|t:|1618336903
|switch|p1a: Ribombee|Ribombee, F|100/100|[from]move: U-turn
|
|-heal|p2a: Weezing|94/100|[from] item: Black Sludge
|upkeep
|turn|25
|
|t:|1618336911
|move|p1a: Ribombee|Trick|p2a: Weezing
|-activate|p1a: Ribombee|move: Trick|[of] p2a: Weezing
|-item|p2a: Weezing|Choice Specs|[from] move: Trick
|-item|p1a: Ribombee|Black Sludge|[from] move: Trick
|move|p2a: Weezing|Sludge Bomb|p1a: Ribombee
|-supereffective|p1a: Ribombee
|-damage|p1a: Ribombee|0 fnt
|faint|p1a: Ribombee
|
|upkeep
|
|t:|1618336917
|switch|p1a: Sandaconda|Sandaconda, M|100/100
|turn|26
|c|☆BigDaddyTriolo|GIMME THOSE SPECS BOY
|
|t:|1618336925
|move|p1a: Sandaconda|Coil|p1a: Sandaconda
|-boost|p1a: Sandaconda|atk|1
|-boost|p1a: Sandaconda|def|1
|-boost|p1a: Sandaconda|accuracy|1
|move|p2a: Weezing|Sludge Bomb|p1a: Sandaconda
|-resisted|p1a: Sandaconda
|-damage|p1a: Sandaconda|82/100
|-status|p1a: Sandaconda|psn
|-enditem|p1a: Sandaconda|Maranga Berry|[eat]
|-boost|p1a: Sandaconda|spd|1|[from] item: Maranga Berry
|
|-damage|p1a: Sandaconda|70/100 psn|[from] psn
|upkeep
|turn|27
|
|t:|1618336941
|switch|p2a: Silvally|Silvally-Steel|100/100
|move|p1a: Sandaconda|Coil|p1a: Sandaconda
|-boost|p1a: Sandaconda|atk|1
|-boost|p1a: Sandaconda|def|1
|-boost|p1a: Sandaconda|accuracy|1
|
|-activate|p1a: Sandaconda|ability: Shed Skin
|-curestatus|p1a: Sandaconda|psn|[msg]
|upkeep
|turn|28
|
|t:|1618336952
|move|p2a: Silvally|Parting Shot|p1a: Sandaconda
|-unboost|p1a: Sandaconda|atk|1
|-unboost|p1a: Sandaconda|spa|1
|
|t:|1618336958
|switch|p2a: Lanturn|Lanturn, M|11/100|[from]move: Parting Shot
|move|p1a: Sandaconda|Coil|p1a: Sandaconda
|-boost|p1a: Sandaconda|atk|1
|-boost|p1a: Sandaconda|def|1
|-boost|p1a: Sandaconda|accuracy|1
|
|upkeep
|turn|29
|
|t:|1618336967
|move|p2a: Lanturn|Scald|p1a: Sandaconda
|-supereffective|p1a: Sandaconda
|-damage|p1a: Sandaconda|33/100
|-status|p1a: Sandaconda|brn
|move|p1a: Sandaconda|Stone Edge|p2a: Lanturn
|-damage|p2a: Lanturn|0 fnt
|faint|p2a: Lanturn
|
|-damage|p1a: Sandaconda|27/100 brn|[from] brn
|upkeep
|
|t:|1618336983
|switch|p2a: Silvally|Silvally-Steel|100/100
|turn|30
|
|t:|1618336986
|move|p2a: Silvally|Flamethrower|p1a: Sandaconda
|-damage|p1a: Sandaconda|17/100 brn
|move|p1a: Sandaconda|Rest|p1a: Sandaconda
|-status|p1a: Sandaconda|slp|[from] move: Rest
|-heal|p1a: Sandaconda|100/100 slp|[silent]
|
|upkeep
|turn|31
|
|t:|1618336995
|move|p2a: Silvally|Parting Shot|p1a: Sandaconda
|-unboost|p1a: Sandaconda|atk|1
|-unboost|p1a: Sandaconda|spa|1
|
|t:|1618337002
|switch|p2a: Weezing|Weezing, F|94/100|[from]move: Parting Shot
|cant|p1a: Sandaconda|slp
|
|upkeep
|turn|32
|
|t:|1618337008
|cant|p1a: Sandaconda|slp
|move|p2a: Weezing|Sludge Bomb|p1a: Sandaconda
|-resisted|p1a: Sandaconda
|-damage|p1a: Sandaconda|88/100 slp
|
|upkeep
|turn|33
|
|t:|1618337016
|-curestatus|p1a: Sandaconda|slp|[msg]
|move|p1a: Sandaconda|Coil|p1a: Sandaconda
|-boost|p1a: Sandaconda|atk|1
|-boost|p1a: Sandaconda|def|1
|-boost|p1a: Sandaconda|accuracy|1
|move|p2a: Weezing|Sludge Bomb|p1a: Sandaconda
|-resisted|p1a: Sandaconda
|-damage|p1a: Sandaconda|77/100
|-status|p1a: Sandaconda|psn
|
|-damage|p1a: Sandaconda|64/100 psn|[from] psn
|upkeep
|turn|34
|
|t:|1618337028
|move|p1a: Sandaconda|Stone Edge|p2a: Weezing
|-crit|p2a: Weezing
|-damage|p2a: Weezing|50/100
|move|p2a: Weezing|Sludge Bomb|p1a: Sandaconda
|-resisted|p1a: Sandaconda
|-damage|p1a: Sandaconda|53/100 psn
|
|-damage|p1a: Sandaconda|40/100 psn|[from] psn
|upkeep
|turn|35
|c|☆BigDaddyTriolo|once i get this crit it's over
|
|t:|1618337037
|move|p1a: Sandaconda|Rest|p1a: Sandaconda
|-status|p1a: Sandaconda|slp|[from] move: Rest
|-heal|p1a: Sandaconda|100/100 slp|[silent]
|move|p2a: Weezing|Sludge Bomb|p1a: Sandaconda
|-resisted|p1a: Sandaconda
|-damage|p1a: Sandaconda|88/100 slp
|
|upkeep
|turn|36
|
|t:|1618337046
|cant|p1a: Sandaconda|slp
|move|p2a: Weezing|Sludge Bomb|p1a: Sandaconda
|-resisted|p1a: Sandaconda
|-damage|p1a: Sandaconda|77/100 slp
|
|upkeep
|turn|37
|
|t:|1618337052
|cant|p1a: Sandaconda|slp
|move|p2a: Weezing|Sludge Bomb|p1a: Sandaconda
|-resisted|p1a: Sandaconda
|-damage|p1a: Sandaconda|66/100 slp
|
|upkeep
|turn|38
|
|t:|1618337057
|-curestatus|p1a: Sandaconda|slp|[msg]
|move|p1a: Sandaconda|Stone Edge|p2a: Weezing
|-damage|p2a: Weezing|20/100
|move|p2a: Weezing|Sludge Bomb|p1a: Sandaconda
|-resisted|p1a: Sandaconda
|-damage|p1a: Sandaconda|54/100
|
|upkeep
|turn|39
|
|t:|1618337065
|move|p1a: Sandaconda|Coil|p1a: Sandaconda
|-boost|p1a: Sandaconda|atk|1
|-boost|p1a: Sandaconda|def|1
|-boost|p1a: Sandaconda|accuracy|1
|move|p2a: Weezing|Sludge Bomb|p1a: Sandaconda
|-resisted|p1a: Sandaconda
|-damage|p1a: Sandaconda|43/100
|
|upkeep
|turn|40
|
|t:|1618337072
|move|p1a: Sandaconda|Rest|p1a: Sandaconda
|-status|p1a: Sandaconda|slp|[from] move: Rest
|-heal|p1a: Sandaconda|100/100 slp|[silent]
|move|p2a: Weezing|Sludge Bomb|p1a: Sandaconda
|-resisted|p1a: Sandaconda
|-damage|p1a: Sandaconda|90/100 slp
|
|upkeep
|turn|41
|
|t:|1618337081
|cant|p1a: Sandaconda|slp
|move|p2a: Weezing|Sludge Bomb|p1a: Sandaconda
|-resisted|p1a: Sandaconda
|-damage|p1a: Sandaconda|78/100 slp
|
|upkeep
|turn|42
|
|t:|1618337088
|cant|p1a: Sandaconda|slp
|move|p2a: Weezing|Sludge Bomb|p1a: Sandaconda
|-resisted|p1a: Sandaconda
|-damage|p1a: Sandaconda|65/100 slp
|
|upkeep
|turn|43
|
|t:|1618337093
|-curestatus|p1a: Sandaconda|slp|[msg]
|move|p1a: Sandaconda|Stone Edge|p2a: Weezing
|-crit|p2a: Weezing
|-damage|p2a: Weezing|0 fnt
|faint|p2a: Weezing
|
|upkeep
|
|t:|1618337093
|switch|p2a: Lycanroc|Lycanroc, F|81/100
|turn|44
|
|t:|1618337114
|move|p2a: Lycanroc|Close Combat|p1a: Sandaconda
|-damage|p1a: Sandaconda|53/100
|-unboost|p2a: Lycanroc|def|1
|-unboost|p2a: Lycanroc|spd|1
|-damage|p2a: Lycanroc|71/100|[from] item: Life Orb
|move|p1a: Sandaconda|Earthquake|p2a: Lycanroc
|-supereffective|p2a: Lycanroc
|-damage|p2a: Lycanroc|0 fnt
|faint|p2a: Lycanroc
|
|upkeep
|-message|BigDaddyTriolo forfeited.
|
|win|Eesturn
|l|☆BigDaddyTriolo
|raw|Eesturn's rating: 1275 &rarr; <strong>1299</strong><br />(+24 for winning)
|raw|BigDaddyTriolo's rating: 1268 &rarr; <strong>1244</strong><br />(-24 for losing)
|c|☆Eesturn|gg
||Ladder isn't responding, score probably updated but might not have (Request timeout).
