|j|☆CaspaRuskoYo
|j|☆qwe4ftgjkop
|t:|1602493984
|player|p1|CaspaRuskoYo|1|1113
|player|p2|qwe4ftgjkop|acetrainerf-gen4dp|1213
|teamsize|p1|6
|teamsize|p2|6
|gametype|singles
|gen|8
|tier|[Gen 8] PU
|rated|
|clearpoke
|poke|p1|Throh, M|
|poke|p1|Jolteon, M|
|poke|p1|Cramorant, M|
|poke|p1|Klinklang|
|poke|p1|Corsola-Galar, M|
|poke|p1|Silvally-*|
|poke|p2|Gothitelle, F|
|poke|p2|Liepard, M|
|poke|p2|Linoone-Galar, F|
|poke|p2|Jolteon, M|
|poke|p2|Ferroseed, F|
|poke|p2|Sandslash, M|
|rule|Sleep Clause Mod: Limit one foe put to sleep
|rule|Species Clause: Limit one of each Pokémon
|rule|OHKO Clause: OHKO moves are banned
|rule|Evasion Moves Clause: Evasion moves are banned
|rule|Endless Battle Clause: Forcing endless battles is banned
|rule|HP Percentage Mod: HP is shown in percentages
|rule|Dynamax Clause: You cannot dynamax
|teampreview
|inactive|Battle timer is ON: inactive players will automatically lose when time's up. (requested by CaspaRuskoYo)
|inactive|CaspaRuskoYo has 120 seconds left.
|inactive|CaspaRuskoYo has 90 seconds left.
|
|t:|1602494061
|start
|switch|p1a: Throh|Throh, M|100/100
|switch|p2a: Linoone|Linoone-Galar, F|100/100
|turn|1
|
|t:|1602494074
|move|p2a: Linoone|Protect|p2a: Linoone
|-singleturn|p2a: Linoone|Protect
|move|p1a: Throh|Substitute|p1a: Throh
|-start|p1a: Throh|Substitute
|-damage|p1a: Throh|76/100
|
|-heal|p1a: Throh|82/100|[from] item: Leftovers
|-status|p2a: Linoone|tox|[from] item: Toxic Orb
|upkeep
|turn|2
|
|t:|1602494084
|move|p2a: Linoone|Facade|p1a: Throh
|-end|p1a: Throh|Substitute
|move|p1a: Throh|Bulk Up|p1a: Throh
|-boost|p1a: Throh|atk|1
|-boost|p1a: Throh|def|1
|
|-heal|p1a: Throh|88/100|[from] item: Leftovers
|-damage|p2a: Linoone|94/100 tox|[from] psn
|upkeep
|turn|3
|
|t:|1602494094
|move|p2a: Linoone|Knock Off|p1a: Throh
|-resisted|p1a: Throh
|-damage|p1a: Throh|78/100
|-enditem|p1a: Throh|Leftovers|[from] move: Knock Off|[of] p2a: Linoone
|move|p1a: Throh|Storm Throw|p2a: Linoone
|-supereffective|p2a: Linoone
|-crit|p2a: Linoone
|-damage|p2a: Linoone|0 fnt
|faint|p2a: Linoone
|
|upkeep
|
|t:|1602494110
|switch|p2a: Jolteon|Jolteon, M|100/100
|turn|4
|
|t:|1602494132
|move|p2a: Jolteon|Toxic|p1a: Throh
|-status|p1a: Throh|tox
|move|p1a: Throh|Storm Throw|p2a: Jolteon
|-crit|p2a: Jolteon
|-damage|p2a: Jolteon|0 fnt
|faint|p2a: Jolteon
|
|-damage|p1a: Throh|72/100 tox|[from] psn
|upkeep
|
|t:|1602494143
|switch|p2a: Gothitelle|Gothitelle, F|100/100
|turn|5
|
|t:|1602494151
|switch|p1a: Klinklang|Klinklang|100/100
|move|p2a: Gothitelle|Cosmic Power|p2a: Gothitelle
|-boost|p2a: Gothitelle|def|1
|-boost|p2a: Gothitelle|spd|1
|
|upkeep
|turn|6
|
|t:|1602494162
|move|p1a: Klinklang|Toxic|p2a: Gothitelle
|-status|p2a: Gothitelle|tox
|move|p2a: Gothitelle|Mean Look|p1a: Klinklang
|-activate|p1a: Klinklang|trapped
|
|-damage|p2a: Gothitelle|94/100 tox|[from] psn
|upkeep
|turn|7
|
|t:|1602494168
|move|p1a: Klinklang|Substitute|p1a: Klinklang
|-start|p1a: Klinklang|Substitute
|-damage|p1a: Klinklang|75/100
|move|p2a: Gothitelle|Cosmic Power|p2a: Gothitelle
|-boost|p2a: Gothitelle|def|1
|-boost|p2a: Gothitelle|spd|1
|
|-heal|p1a: Klinklang|82/100|[from] item: Leftovers
|-heal|p2a: Gothitelle|100/100 tox|[from] item: Leftovers
|-damage|p2a: Gothitelle|88/100 tox|[from] psn
|upkeep
|turn|8
|
|t:|1602494184
|move|p1a: Klinklang|Shift Gear|p1a: Klinklang
|-boost|p1a: Klinklang|spe|2
|-boost|p1a: Klinklang|atk|1
|move|p2a: Gothitelle|Cosmic Power|p2a: Gothitelle
|-boost|p2a: Gothitelle|def|1
|-boost|p2a: Gothitelle|spd|1
|
|-heal|p1a: Klinklang|88/100|[from] item: Leftovers
|-heal|p2a: Gothitelle|94/100 tox|[from] item: Leftovers
|-damage|p2a: Gothitelle|76/100 tox|[from] psn
|upkeep
|turn|9
|
|t:|1602494204
|move|p1a: Klinklang|Shift Gear|p1a: Klinklang
|-boost|p1a: Klinklang|spe|2
|-boost|p1a: Klinklang|atk|1
|move|p2a: Gothitelle|Cosmic Power|p2a: Gothitelle
|-boost|p2a: Gothitelle|def|1
|-boost|p2a: Gothitelle|spd|1
|
|-heal|p1a: Klinklang|94/100|[from] item: Leftovers
|-heal|p2a: Gothitelle|82/100 tox|[from] item: Leftovers
|-damage|p2a: Gothitelle|58/100 tox|[from] psn
|upkeep
|turn|10
|
|t:|1602494214
|move|p1a: Klinklang|Shift Gear|p1a: Klinklang
|-boost|p1a: Klinklang|spe|2
|-boost|p1a: Klinklang|atk|1
|move|p2a: Gothitelle|Rest|p2a: Gothitelle
|-status|p2a: Gothitelle|slp|[from] move: Rest
|-heal|p2a: Gothitelle|100/100 slp|[silent]
|
|-heal|p1a: Klinklang|99/100|[from] item: Leftovers
|upkeep
|turn|11
|
|t:|1602494223
|move|p1a: Klinklang|Shift Gear|p1a: Klinklang
|-boost|p1a: Klinklang|spe|0
|-boost|p1a: Klinklang|atk|1
|cant|p2a: Gothitelle|slp
|
|-heal|p1a: Klinklang|100/100|[from] item: Leftovers
|upkeep
|turn|12
|
|t:|1602494229
|move|p1a: Klinklang|Shift Gear|p1a: Klinklang
|-boost|p1a: Klinklang|spe|0
|-boost|p1a: Klinklang|atk|1
|cant|p2a: Gothitelle|slp
|
|upkeep
|turn|13
|
|t:|1602494235
|move|p1a: Klinklang|Shift Gear|p1a: Klinklang
|-boost|p1a: Klinklang|spe|0
|-boost|p1a: Klinklang|atk|1
|-curestatus|p2a: Gothitelle|slp|[msg]
|move|p2a: Gothitelle|Stored Power|p1a: Klinklang
|-resisted|p1a: Klinklang
|-end|p1a: Klinklang|Substitute
|
|upkeep
|turn|14
|
|t:|1602494244
|move|p1a: Klinklang|Substitute|p1a: Klinklang
|-start|p1a: Klinklang|Substitute
|-damage|p1a: Klinklang|75/100
|move|p2a: Gothitelle|Stored Power|p1a: Klinklang
|-resisted|p1a: Klinklang
|-end|p1a: Klinklang|Substitute
|
|-heal|p1a: Klinklang|82/100|[from] item: Leftovers
|upkeep
|turn|15
|
|t:|1602494252
|move|p1a: Klinklang|Toxic|p2a: Gothitelle
|-status|p2a: Gothitelle|tox
|move|p2a: Gothitelle|Stored Power|p1a: Klinklang
|-resisted|p1a: Klinklang
|-damage|p1a: Klinklang|55/100
|
|-heal|p1a: Klinklang|61/100|[from] item: Leftovers
|-damage|p2a: Gothitelle|94/100 tox|[from] psn
|upkeep
|turn|16
|
|t:|1602494260
|move|p1a: Klinklang|Gear Grind|p2a: Gothitelle
|-damage|p2a: Gothitelle|79/100 tox
|-damage|p2a: Gothitelle|63/100 tox
|-hitcount|p2a: Gothitelle|2
|move|p2a: Gothitelle|Cosmic Power|p2a: Gothitelle
|-boost|p2a: Gothitelle|def|1
|-boost|p2a: Gothitelle|spd|1
|
|-heal|p1a: Klinklang|67/100|[from] item: Leftovers
|-heal|p2a: Gothitelle|69/100 tox|[from] item: Leftovers
|-damage|p2a: Gothitelle|57/100 tox|[from] psn
|upkeep
|turn|17
|
|t:|1602494283
|move|p1a: Klinklang|Gear Grind|p2a: Gothitelle
|-damage|p2a: Gothitelle|43/100 tox
|-damage|p2a: Gothitelle|29/100 tox
|-hitcount|p2a: Gothitelle|2
|move|p2a: Gothitelle|Rest|p2a: Gothitelle
|-status|p2a: Gothitelle|slp|[from] move: Rest
|-heal|p2a: Gothitelle|100/100 slp|[silent]
|
|-heal|p1a: Klinklang|74/100|[from] item: Leftovers
|upkeep
|turn|18
|
|t:|1602494298
|move|p1a: Klinklang|Gear Grind|p2a: Gothitelle
|-damage|p2a: Gothitelle|87/100 slp
|-damage|p2a: Gothitelle|72/100 slp
|-hitcount|p2a: Gothitelle|2
|cant|p2a: Gothitelle|slp
|
|-heal|p1a: Klinklang|80/100|[from] item: Leftovers
|-heal|p2a: Gothitelle|78/100 slp|[from] item: Leftovers
|upkeep
|turn|19
|
|t:|1602494307
|move|p1a: Klinklang|Gear Grind|p2a: Gothitelle|[miss]
|-miss|p1a: Klinklang|p2a: Gothitelle
|cant|p2a: Gothitelle|slp
|
|-heal|p1a: Klinklang|86/100|[from] item: Leftovers
|-heal|p2a: Gothitelle|84/100 slp|[from] item: Leftovers
|upkeep
|turn|20
|
|t:|1602494314
|move|p1a: Klinklang|Gear Grind|p2a: Gothitelle
|-damage|p2a: Gothitelle|69/100 slp
|-damage|p2a: Gothitelle|54/100 slp
|-hitcount|p2a: Gothitelle|2
|-curestatus|p2a: Gothitelle|slp|[msg]
|move|p2a: Gothitelle|Cosmic Power|p2a: Gothitelle
|-boost|p2a: Gothitelle|def|1
|-boost|p2a: Gothitelle|spd|1
|
|-heal|p1a: Klinklang|92/100|[from] item: Leftovers
|-heal|p2a: Gothitelle|60/100|[from] item: Leftovers
|upkeep
|turn|21
|
|t:|1602494325
|move|p1a: Klinklang|Toxic|p2a: Gothitelle
|-status|p2a: Gothitelle|tox
|move|p2a: Gothitelle|Stored Power|p1a: Klinklang
|-resisted|p1a: Klinklang
|-damage|p1a: Klinklang|52/100
|
|-heal|p1a: Klinklang|59/100|[from] item: Leftovers
|-heal|p2a: Gothitelle|66/100 tox|[from] item: Leftovers
|-damage|p2a: Gothitelle|60/100 tox|[from] psn
|upkeep
|turn|22
|
|t:|1602494335
|move|p1a: Klinklang|Gear Grind|p2a: Gothitelle|[miss]
|-miss|p1a: Klinklang|p2a: Gothitelle
|move|p2a: Gothitelle|Stored Power|p1a: Klinklang
|-resisted|p1a: Klinklang
|-damage|p1a: Klinklang|17/100
|
|-heal|p1a: Klinklang|23/100|[from] item: Leftovers
|-heal|p2a: Gothitelle|66/100 tox|[from] item: Leftovers
|-damage|p2a: Gothitelle|54/100 tox|[from] psn
|upkeep
|turn|23
|
|t:|1602494344
|move|p1a: Klinklang|Gear Grind|p2a: Gothitelle
|-damage|p2a: Gothitelle|40/100 tox
|-damage|p2a: Gothitelle|28/100 tox
|-hitcount|p2a: Gothitelle|2
|move|p2a: Gothitelle|Rest|p2a: Gothitelle
|-status|p2a: Gothitelle|slp|[from] move: Rest
|-heal|p2a: Gothitelle|100/100 slp|[silent]
|
|-heal|p1a: Klinklang|30/100|[from] item: Leftovers
|upkeep
|turn|24
|
|t:|1602494361
|move|p1a: Klinklang|Shift Gear|p1a: Klinklang
|-boost|p1a: Klinklang|spe|0
|-boost|p1a: Klinklang|atk|0
|cant|p2a: Gothitelle|slp
|
|-heal|p1a: Klinklang|36/100|[from] item: Leftovers
|upkeep
|turn|25
|
|t:|1602494370
|move|p1a: Klinklang|Gear Grind|p2a: Gothitelle
|-damage|p2a: Gothitelle|87/100 slp
|-damage|p2a: Gothitelle|73/100 slp
|-hitcount|p2a: Gothitelle|2
|cant|p2a: Gothitelle|slp
|
|-heal|p1a: Klinklang|42/100|[from] item: Leftovers
|-heal|p2a: Gothitelle|79/100 slp|[from] item: Leftovers
|upkeep
|turn|26
|
|t:|1602494379
|move|p1a: Klinklang|Gear Grind|p2a: Gothitelle
|-damage|p2a: Gothitelle|66/100 slp
|-damage|p2a: Gothitelle|53/100 slp
|-hitcount|p2a: Gothitelle|2
|-curestatus|p2a: Gothitelle|slp|[msg]
|move|p2a: Gothitelle|Stored Power|p1a: Klinklang
|-resisted|p1a: Klinklang
|-damage|p1a: Klinklang|0 fnt
|faint|p1a: Klinklang
|
|-heal|p2a: Gothitelle|59/100|[from] item: Leftovers
|upkeep
|-message|CaspaRuskoYo forfeited.
|
|win|qwe4ftgjkop
|l|☆CaspaRuskoYo
|raw|CaspaRuskoYo's rating: 1113 &rarr; <strong>1095</strong><br />(-18 for losing)
|raw|qwe4ftgjkop's rating: 1213 &rarr; <strong>1231</strong><br />(+18 for winning)
