|j|☆pokken111
|j|☆kurtyv
|t:|1621955112
|gametype|singles
|player|p1|pokken111|red-gen7|1307
|player|p2|kurtyv|102|1354
|teamsize|p1|6
|teamsize|p2|6
|gen|8
|tier|[Gen 8] PU
|rated|
|rule|Sleep Clause Mod: Limit one foe put to sleep
|rule|Species Clause: Limit one of each Pokémon
|rule|OHKO Clause: OHKO moves are banned
|rule|Evasion Moves Clause: Evasion moves are banned
|rule|Endless Battle Clause: Forcing endless battles is banned
|rule|HP Percentage Mod: HP is shown in percentages
|rule|Dynamax Clause: You cannot dynamax
|clearpoke
|poke|p1|Druddigon, F|
|poke|p1|Charizard, M|
|poke|p1|Gigalith, F|
|poke|p1|Mesprit|
|poke|p1|Passimian, M|
|poke|p1|Heliolisk, F|
|poke|p2|Carbink|
|poke|p2|Cursola, F|
|poke|p2|Aromatisse, F|
|poke|p2|Exeggutor-Alola, F|
|poke|p2|Beheeyem, F|
|poke|p2|Octillery, F|
|teampreview
|
|t:|1621955159
|start
|switch|p1a: Passimian|Passimian, M|100/100
|switch|p2a: Carbink|Carbink|100/100
|turn|1
|
|t:|1621955178
|move|p1a: Passimian|U-turn|p2a: Carbink
|-resisted|p2a: Carbink
|-damage|p2a: Carbink|94/100
|
|t:|1621955189
|switch|p1a: Gigalith|Gigalith, F|100/100|[from]move: U-turn
|-weather|Sandstorm|[from] ability: Sand Stream|[of] p1a: Gigalith
|move|p2a: Carbink|Stealth Rock|p1a: Gigalith
|-sidestart|p1: pokken111|move: Stealth Rock
|
|-weather|Sandstorm|[upkeep]
|upkeep
|turn|2
|
|t:|1621955217
|move|p2a: Carbink|Body Press|p1a: Gigalith
|-supereffective|p1a: Gigalith
|-damage|p1a: Gigalith|49/100
|move|p1a: Gigalith|Stealth Rock|p2a: Carbink
|-sidestart|p2: kurtyv|move: Stealth Rock
|
|-weather|Sandstorm|[upkeep]
|-heal|p1a: Gigalith|55/100|[from] item: Leftovers
|upkeep
|turn|3
|
|t:|1621955225
|move|p2a: Carbink|Body Press|p1a: Gigalith
|-supereffective|p1a: Gigalith
|-damage|p1a: Gigalith|4/100
|move|p1a: Gigalith|Earthquake|p2a: Carbink
|-supereffective|p2a: Carbink
|-damage|p2a: Carbink|57/100
|
|-weather|Sandstorm|[upkeep]
|-heal|p1a: Gigalith|10/100|[from] item: Leftovers
|upkeep
|turn|4
|
|t:|1621955230
|move|p1a: Gigalith|Earthquake|p2a: Carbink
|-supereffective|p2a: Carbink
|-damage|p2a: Carbink|20/100
|move|p2a: Carbink|Trick Room|p2a: Carbink
|-fieldstart|move: Trick Room|[of] p2a: Carbink
|
|-weather|Sandstorm|[upkeep]
|-heal|p1a: Gigalith|16/100|[from] item: Leftovers
|upkeep
|turn|5
|
|t:|1621955235
|move|p1a: Gigalith|Earthquake|p2a: Carbink
|-supereffective|p2a: Carbink
|-damage|p2a: Carbink|0 fnt
|faint|p2a: Carbink
|
|-weather|none
|-heal|p1a: Gigalith|22/100|[from] item: Leftovers
|upkeep
|
|t:|1621955265
|switch|p2a: Cursola|Cursola, F|100/100
|-damage|p2a: Cursola|88/100|[from] Stealth Rock
|turn|6
|
|t:|1621955295
|move|p2a: Cursola|Meteor Beam||[still]
|-prepare|p2a: Cursola|Meteor Beam
|-boost|p2a: Cursola|spa|1
|-enditem|p2a: Cursola|Power Herb
|-anim|p2a: Cursola|Meteor Beam|p1a: Gigalith
|-damage|p1a: Gigalith|0 fnt
|faint|p1a: Gigalith
|
|upkeep
|
|t:|1621955302
|switch|p1a: Charizard|Charizard, M|100/100
|turn|7
|
|t:|1621955322
|move|p2a: Cursola|Shadow Ball|p1a: Charizard
|-damage|p1a: Charizard|13/100
|move|p1a: Charizard|Flamethrower|p2a: Cursola
|-damage|p2a: Cursola|48/100
|
|upkeep
|turn|8
|
|t:|1621955329
|move|p2a: Cursola|Shadow Ball|p1a: Charizard
|-damage|p1a: Charizard|0 fnt
|faint|p1a: Charizard
|
|-fieldend|move: Trick Room
|upkeep
|
|t:|1621955336
|switch|p1a: Druddigon|Druddigon, F|100/100
|-damage|p1a: Druddigon|88/100|[from] Stealth Rock
|turn|9
|
|t:|1621955339
|move|p1a: Druddigon|Crunch|p2a: Cursola
|-supereffective|p2a: Cursola
|-crit|p2a: Cursola
|-damage|p2a: Cursola|0 fnt
|-ability|p2a: Cursola|Perish Body
|faint|p2a: Cursola
|
|-start|p1a: Druddigon|perish3
|upkeep
|
|t:|1621955348
|switch|p2a: Aromatisse|Aromatisse, F|100/100
|-damage|p2a: Aromatisse|88/100|[from] Stealth Rock
|turn|10
|
|t:|1621955354
|move|p1a: Druddigon|Gunk Shot|p2a: Aromatisse
|-supereffective|p2a: Aromatisse
|-damage|p2a: Aromatisse|0 fnt
|faint|p2a: Aromatisse
|
|-start|p1a: Druddigon|perish2
|upkeep
|
|t:|1621955357
|switch|p2a: Beheeyem|Beheeyem, F|100/100
|-damage|p2a: Beheeyem|88/100|[from] Stealth Rock
|turn|11
|
|t:|1621955362
|switch|p1a: Mesprit|Mesprit|100/100
|-damage|p1a: Mesprit|88/100|[from] Stealth Rock
|move|p2a: Beheeyem|Trick Room|p2a: Beheeyem
|-fieldstart|move: Trick Room|[of] p2a: Beheeyem
|
|upkeep
|turn|12
|
|t:|1621955369
|move|p2a: Beheeyem|Meteor Beam||[still]
|-prepare|p2a: Beheeyem|Meteor Beam
|-boost|p2a: Beheeyem|spa|1
|-enditem|p2a: Beheeyem|Power Herb
|-anim|p2a: Beheeyem|Meteor Beam|p1a: Mesprit|[miss]
|-miss|p2a: Beheeyem|p1a: Mesprit
|move|p1a: Mesprit|Shadow Ball|p2a: Beheeyem
|-supereffective|p2a: Beheeyem
|-damage|p2a: Beheeyem|37/100
|
|upkeep
|turn|13
|
|t:|1621955376
|move|p2a: Beheeyem|Dark Pulse|p1a: Mesprit
|-supereffective|p1a: Mesprit
|-enditem|p1a: Mesprit|Colbur Berry|[eat]
|-enditem|p1a: Mesprit|Colbur Berry|[weaken]
|-damage|p1a: Mesprit|37/100
|move|p1a: Mesprit|Shadow Ball|p2a: Beheeyem
|-supereffective|p2a: Beheeyem
|-damage|p2a: Beheeyem|0 fnt
|faint|p2a: Beheeyem
|
|upkeep
|
|t:|1621955382
|switch|p2a: Octillery|Octillery, F|100/100
|-damage|p2a: Octillery|88/100|[from] Stealth Rock
|turn|14
|
|t:|1621955387
|move|p2a: Octillery|Water Spout|p1a: Mesprit
|-damage|p1a: Mesprit|0 fnt
|faint|p1a: Mesprit
|
|upkeep
|
|t:|1621955393
|switch|p1a: Passimian|Passimian, M|100/100
|-damage|p1a: Passimian|94/100|[from] Stealth Rock
|turn|15
|
|t:|1621955397
|move|p2a: Octillery|Water Spout|p1a: Passimian
|-damage|p1a: Passimian|0 fnt
|faint|p1a: Passimian
|
|-fieldend|move: Trick Room
|upkeep
|
|t:|1621955401
|switch|p1a: Druddigon|Druddigon, F|88/100
|-damage|p1a: Druddigon|75/100|[from] Stealth Rock
|turn|16
|
|t:|1621955404
|move|p1a: Druddigon|Outrage|p2a: Octillery
|-damage|p2a: Octillery|0 fnt
|faint|p2a: Octillery
|-damage|p1a: Druddigon|66/100|[from] item: Life Orb
|
|upkeep
|
|t:|1621955407
|switch|p2a: Exeggutor|Exeggutor-Alola, F|100/100
|-damage|p2a: Exeggutor|88/100|[from] Stealth Rock
|-item|p1a: Druddigon|Life Orb|[from] ability: Frisk|[of] p2a: Exeggutor|[identify]
|turn|17
|
|t:|1621955412
|move|p1a: Druddigon|Outrage|p2a: Exeggutor|[from]lockedmove
|-supereffective|p2a: Exeggutor
|-damage|p2a: Exeggutor|0 fnt
|faint|p2a: Exeggutor
|-damage|p1a: Druddigon|56/100|[from] item: Life Orb
|
|win|pokken111
|raw|pokken111's rating: 1307 &rarr; <strong>1330</strong><br />(+23 for winning)
|raw|kurtyv's rating: 1353 &rarr; <strong>1330</strong><br />(-23 for losing)
||Ladder isn't responding, score probably updated but might not have (Request timeout).
