|html|<div class="broadcast-blue"><strong>[Gen 8] PU is currently suspecting Virizion! For information on how to participate check out the <a href="https://www.smogon.com/forums/threads/np-pu-stage-4-and-justice-for-all-virizion-suspect-test.3676543/">suspect thread</a>.</strong></div>
|j|☆Testpu12
|j|☆IgaodaMassa
|t:|1611335200
|player|p1|Testpu12|blue-gen1|1390
|player|p2|IgaodaMassa|265|1321
|teamsize|p1|6
|teamsize|p2|6
|gametype|singles
|gen|8
|tier|[Gen 8] PU
|rated|
|clearpoke
|poke|p1|Basculin-Blue-Striped, M|
|poke|p1|Aromatisse, M|
|poke|p1|Virizion|
|poke|p1|Silvally-*|
|poke|p1|Talonflame, F|
|poke|p1|Palossand, M|
|poke|p2|Vaporeon, M|
|poke|p2|Archeops, M|
|poke|p2|Passimian, M|
|poke|p2|Heliolisk, F|
|poke|p2|Claydol|
|poke|p2|Talonflame, F|
|rule|Sleep Clause Mod: Limit one foe put to sleep
|rule|Species Clause: Limit one of each Pokémon
|rule|OHKO Clause: OHKO moves are banned
|rule|Evasion Moves Clause: Evasion moves are banned
|rule|Endless Battle Clause: Forcing endless battles is banned
|rule|HP Percentage Mod: HP is shown in percentages
|rule|Dynamax Clause: You cannot dynamax
|teampreview
|inactive|Battle timer is ON: inactive players will automatically lose when time's up. (requested by IgaodaMassa)
|
|t:|1611335226
|start
|switch|p1a: Silvally|Silvally-Poison|100/100
|switch|p2a: Heliolisk|Heliolisk, F|100/100
|turn|1
|
|t:|1611335239
|move|p2a: Heliolisk|Volt Switch|p1a: Silvally
|-damage|p1a: Silvally|70/100
|
|t:|1611335244
|switch|p2a: Claydol|Claydol|100/100|[from]move: Volt Switch
|move|p1a: Silvally|Toxic|p2a: Claydol
|-status|p2a: Claydol|tox
|
|-damage|p2a: Claydol|94/100 tox|[from] psn
|upkeep
|turn|2
|
|t:|1611335248
|move|p1a: Silvally|Parting Shot|p2a: Claydol
|-unboost|p2a: Claydol|atk|1
|-unboost|p2a: Claydol|spa|1
|
|t:|1611335252
|switch|p1a: Palossand|Palossand, M|100/100|[from]move: Parting Shot
|move|p2a: Claydol|Stealth Rock|p1a: Palossand
|-sidestart|p1: Testpu12|move: Stealth Rock
|
|-heal|p2a: Claydol|100/100 tox|[from] item: Leftovers
|-damage|p2a: Claydol|88/100 tox|[from] psn
|upkeep
|turn|3
|j| sparrow's tail
|
|t:|1611335265
|move|p2a: Claydol|Toxic|p1a: Palossand
|-status|p1a: Palossand|tox
|move|p1a: Palossand|Stealth Rock|p2a: Claydol
|-sidestart|p2: IgaodaMassa|move: Stealth Rock
|
|-heal|p2a: Claydol|94/100 tox|[from] item: Leftovers
|-damage|p2a: Claydol|76/100 tox|[from] psn
|-damage|p1a: Palossand|94/100 tox|[from] psn
|upkeep
|turn|4
|
|t:|1611335272
|switch|p2a: Vaporeon|Vaporeon, M|100/100
|-damage|p2a: Vaporeon|88/100|[from] Stealth Rock
|move|p1a: Palossand|Shadow Ball|p2a: Vaporeon
|-damage|p2a: Vaporeon|66/100
|
|-heal|p2a: Vaporeon|73/100|[from] item: Leftovers
|-damage|p1a: Palossand|82/100 tox|[from] psn
|upkeep
|turn|5
|
|t:|1611335275
|switch|p1a: Aromatisse|Aromatisse, M|100/100
|-damage|p1a: Aromatisse|88/100|[from] Stealth Rock
|move|p2a: Vaporeon|Wish|p2a: Vaporeon
|
|-heal|p2a: Vaporeon|79/100|[from] item: Leftovers
|-heal|p1a: Aromatisse|94/100|[from] item: Leftovers
|upkeep
|turn|6
|
|t:|1611335285
|move|p2a: Vaporeon|Heal Bell|p2a: Vaporeon
|-activate|p2a: Vaporeon|move: Heal Bell
|-curestatus|p2: Claydol|tox|[msg]
|move|p1a: Aromatisse|Heal Bell|p1a: Aromatisse
|-activate|p1a: Aromatisse|move: Heal Bell
|-curestatus|p1: Palossand|tox|[msg]
|
|-heal|p2a: Vaporeon|100/100|[from] move: Wish|[wisher] Vaporeon
|-heal|p1a: Aromatisse|100/100|[from] item: Leftovers
|upkeep
|turn|7
|
|t:|1611335296
|move|p2a: Vaporeon|Wish|p2a: Vaporeon
|move|p1a: Aromatisse|Moonblast|p2a: Vaporeon
|-damage|p2a: Vaporeon|76/100
|
|-heal|p2a: Vaporeon|82/100|[from] item: Leftovers
|upkeep
|turn|8
|l| sparrow's tail
|
|t:|1611335301
|switch|p2a: Claydol|Claydol|76/100
|-damage|p2a: Claydol|70/100|[from] Stealth Rock
|switch|p1a: Virizion|Virizion|100/100
|-damage|p1a: Virizion|94/100|[from] Stealth Rock
|
|-heal|p2a: Claydol|100/100|[from] move: Wish|[wisher] Vaporeon
|upkeep
|turn|9
|
|t:|1611335313
|move|p1a: Virizion|Leaf Storm|p2a: Claydol
|-supereffective|p2a: Claydol
|-damage|p2a: Claydol|19/100
|-unboost|p1a: Virizion|spa|2
|-damage|p1a: Virizion|84/100|[from] item: Life Orb
|move|p2a: Claydol|Psychic|p1a: Virizion
|-supereffective|p1a: Virizion
|-damage|p1a: Virizion|47/100
|
|-heal|p2a: Claydol|25/100|[from] item: Leftovers
|upkeep
|turn|10
|l|☆IgaodaMassa
|inactive|IgaodaMassa disconnected and has a minute to reconnect!
|player|p2|
|j|☆IgaodaMassa
|inactive|IgaodaMassa reconnected and has 130 seconds left.
|player|p2|IgaodaMassa|265
|inactive|IgaodaMassa has 120 seconds left.
|
|t:|1611335344
|switch|p2a: Talonflame|Talonflame, F|100/100
|move|p1a: Virizion|Stone Edge|p2a: Talonflame
|-supereffective|p2a: Talonflame
|-damage|p2a: Talonflame|0 fnt
|-damage|p1a: Virizion|37/100|[from] item: Life Orb
|faint|p2a: Talonflame
|
|upkeep
|inactive|IgaodaMassa has 120 seconds left.
|
|t:|1611335352
|switch|p2a: Archeops|Archeops, M|100/100
|turn|11
|
|t:|1611335362
|switch|p1a: Palossand|Palossand, M|82/100
|-damage|p1a: Palossand|76/100|[from] Stealth Rock
|move|p2a: Archeops|Dual Wingbeat|p1a: Palossand
|-damage|p1a: Palossand|62/100
|-damage|p2a: Archeops|84/100|[from] item: Rocky Helmet|[of] p1a: Palossand
|-damage|p1a: Palossand|49/100
|-damage|p2a: Archeops|68/100|[from] item: Rocky Helmet|[of] p1a: Palossand
|-hitcount|p1a: Palossand|2
|
|upkeep
|turn|12
|
|t:|1611335375
|switch|p2a: Vaporeon|Vaporeon, M|82/100
|-damage|p2a: Vaporeon|69/100|[from] Stealth Rock
|move|p1a: Palossand|Shore Up|p1a: Palossand
|-heal|p1a: Palossand|99/100
|
|-heal|p2a: Vaporeon|76/100|[from] item: Leftovers
|upkeep
|turn|13
|
|t:|1611335380
|switch|p1a: Aromatisse|Aromatisse, M|100/100
|-damage|p1a: Aromatisse|88/100|[from] Stealth Rock
|move|p2a: Vaporeon|Wish|p2a: Vaporeon
|
|-heal|p2a: Vaporeon|82/100|[from] item: Leftovers
|-heal|p1a: Aromatisse|94/100|[from] item: Leftovers
|upkeep
|turn|14
|
|t:|1611335384
|switch|p2a: Claydol|Claydol|25/100
|-damage|p2a: Claydol|19/100|[from] Stealth Rock
|move|p1a: Aromatisse|Moonblast|p2a: Claydol
|-damage|p2a: Claydol|0 fnt
|faint|p2a: Claydol
|
|-heal|p1a: Aromatisse|100/100|[from] item: Leftovers
|upkeep
|
|t:|1611335388
|switch|p2a: Passimian|Passimian, M|100/100
|-damage|p2a: Passimian|94/100|[from] Stealth Rock
|turn|15
|
|t:|1611335398
|move|p1a: Aromatisse|Protect|p1a: Aromatisse
|-singleturn|p1a: Aromatisse|Protect
|move|p2a: Passimian|U-turn|p1a: Aromatisse
|-activate|p1a: Aromatisse|move: Protect
|
|upkeep
|turn|16
|l|☆IgaodaMassa
|inactive|IgaodaMassa disconnected and has a minute to reconnect!
|player|p2|
|j|☆IgaodaMassa
|inactive|IgaodaMassa reconnected and has 135 seconds left.
|player|p2|IgaodaMassa|265
|
|t:|1611335420
|move|p2a: Passimian|U-turn|p1a: Aromatisse
|-resisted|p1a: Aromatisse
|-damage|p1a: Aromatisse|93/100
|
|t:|1611335425
|switch|p2a: Vaporeon|Vaporeon, M|82/100|[from]move: U-turn
|-damage|p2a: Vaporeon|69/100|[from] Stealth Rock
|move|p1a: Aromatisse|Wish|p1a: Aromatisse
|
|-heal|p2a: Vaporeon|76/100|[from] item: Leftovers
|-heal|p1a: Aromatisse|99/100|[from] item: Leftovers
|upkeep
|turn|17
|
|t:|1611335430
|switch|p1a: Virizion|Virizion|37/100
|-damage|p1a: Virizion|31/100|[from] Stealth Rock
|move|p2a: Vaporeon|Wish|p2a: Vaporeon
|
|-heal|p1a: Virizion|94/100|[from] move: Wish|[wisher] Aromatisse
|-heal|p2a: Vaporeon|82/100|[from] item: Leftovers
|upkeep
|turn|18
|
|t:|1611335444
|switch|p2a: Passimian|Passimian, M|94/100
|-damage|p2a: Passimian|88/100|[from] Stealth Rock
|move|p1a: Virizion|Leaf Storm|p2a: Passimian
|-damage|p2a: Passimian|0 fnt
|-unboost|p1a: Virizion|spa|2
|-damage|p1a: Virizion|84/100|[from] item: Life Orb
|faint|p2a: Passimian
|
|upkeep
|inactive|IgaodaMassa has 120 seconds left.
|c|☆IgaodaMassa|Virizion assaut vest ?
|c|☆IgaodaMassa|37% psichyc
|c|☆IgaodaMassa|To pow
|inactive|IgaodaMassa has 90 seconds left.
|c|☆IgaodaMassa|Low
|
|t:|1611335509
|switch|p2a: Archeops|Archeops, M|68/100
|turn|19
|c|☆Testpu12|Claydol psychic tickles
|
|t:|1611335526
|switch|p2a: Heliolisk|Heliolisk, F|100/100
|-damage|p2a: Heliolisk|88/100|[from] Stealth Rock
|switch|p1a: Palossand|Palossand, M|99/100
|-damage|p1a: Palossand|93/100|[from] Stealth Rock
|
|upkeep
|turn|20
|
|t:|1611335532
|switch|p1a: Aromatisse|Aromatisse, M|99/100
|-damage|p1a: Aromatisse|86/100|[from] Stealth Rock
|move|p2a: Heliolisk|Surf|p1a: Aromatisse
|-damage|p1a: Aromatisse|51/100
|
|-heal|p1a: Aromatisse|57/100|[from] item: Leftovers
|upkeep
|turn|21
|
|t:|1611335539
|switch|p2a: Archeops|Archeops, M|68/100
|move|p1a: Aromatisse|Wish|p1a: Aromatisse
|
|-heal|p1a: Aromatisse|63/100|[from] item: Leftovers
|upkeep
|turn|22
|
|t:|1611335548
|switch|p2a: Heliolisk|Heliolisk, F|88/100
|-damage|p2a: Heliolisk|76/100|[from] Stealth Rock
|move|p1a: Aromatisse|Protect||[still]
|-fail|p1a: Aromatisse
|
|-heal|p1a: Aromatisse|100/100|[from] move: Wish|[wisher] Aromatisse
|upkeep
|turn|23
|
|t:|1611335559
|move|p1a: Aromatisse|Protect|p1a: Aromatisse
|-singleturn|p1a: Aromatisse|Protect
|move|p2a: Heliolisk|Surf|p1a: Aromatisse
|-activate|p1a: Aromatisse|move: Protect
|
|upkeep
|turn|24
|inactive|IgaodaMassa has 120 seconds left.
|c|☆IgaodaMassa|GG
|-message|IgaodaMassa forfeited.
|
|win|Testpu12
|l|☆IgaodaMassa
|c|☆Testpu12|Gg
||Ladder (probably) updated, but score could not be retrieved (Request timeout).
