|j|☆Thecrimdawg
|j|☆one of the bouys
|t:|1633378190
|gametype|singles
|player|p1|Thecrimdawg|ghetsis-gen5bw|1233
|player|p2|one of the bouys|clown|1518
|teamsize|p1|6
|teamsize|p2|6
|gen|8
|tier|[Gen 8] PU
|rated|
|rule|Sleep Clause Mod: Limit one foe put to sleep
|rule|Species Clause: Limit one of each Pokémon
|rule|OHKO Clause: OHKO moves are banned
|rule|Evasion Moves Clause: Evasion moves are banned
|rule|Endless Battle Clause: Forcing endless battles is banned
|rule|HP Percentage Mod: HP is shown in percentages
|rule|Dynamax Clause: You cannot dynamax
|clearpoke
|poke|p1|Cinccino, M|
|poke|p1|Scyther, F|
|poke|p1|Scrafty, F|
|poke|p1|Flapple, M|
|poke|p1|Frosmoth, M|
|poke|p1|Silvally-*|
|poke|p2|Flapple, F|
|poke|p2|Frosmoth, M|
|poke|p2|Mawile, F|
|poke|p2|Miltank, F|
|poke|p2|Altaria, F|
|poke|p2|Lunatone|
|teampreview
|inactive|Battle timer is ON: inactive players will automatically lose when time's up. (requested by Thecrimdawg)
|
|t:|1633378200
|start
|switch|p1a: God|Silvally-Ghost|100/100
|switch|p2a: Mawile|Mawile, F|100/100
|-ability|p2a: Mawile|Intimidate|boost
|-unboost|p1a: God|atk|1
|turn|1
|
|t:|1633378209
|move|p1a: God|Swords Dance|p1a: God
|-boost|p1a: God|atk|2
|move|p2a: Mawile|Stealth Rock|p1a: God
|-sidestart|p1: Thecrimdawg|move: Stealth Rock
|
|upkeep
|turn|2
|
|t:|1633378214
|switch|p2a: Miltank|Miltank, F|100/100
|move|p1a: God|Flame Charge|p2a: Miltank
|-damage|p2a: Miltank|87/100
|-boost|p1a: God|spe|1
|
|upkeep
|turn|3
|
|t:|1633378222
|switch|p1a: Blade|Scyther, F|100/100
|move|p2a: Miltank|Body Slam|p1a: Blade
|-damage|p1a: Blade|65/100
|
|upkeep
|turn|4
|
|t:|1633378229
|move|p1a: Blade|Toxic|p2a: Miltank
|-status|p2a: Miltank|tox
|move|p2a: Miltank|Body Slam|p1a: Blade
|-damage|p1a: Blade|28/100
|
|-damage|p2a: Miltank|81/100 tox|[from] psn
|upkeep
|turn|5
|
|t:|1633378237
|move|p1a: Blade|Defog|p2a: Miltank
|-unboost|p2a: Miltank|evasion|1
|-sideend|p1: Thecrimdawg|Stealth Rock|[from] move: Defog|[of] p1a: Blade
|move|p2a: Miltank|Heal Bell|p2a: Miltank
|-activate|p2a: Miltank|move: Heal Bell
|-curestatus|p2a: Miltank|tox|[msg]
|
|upkeep
|turn|6
|
|t:|1633378247
|switch|p2a: Mawile|Mawile, F|100/100
|-ability|p2a: Mawile|Intimidate|boost
|-unboost|p1a: Blade|atk|1
|move|p1a: Blade|U-turn|p2a: Mawile
|-resisted|p2a: Mawile
|-damage|p2a: Mawile|96/100
|-damage|p1a: Blade|12/100|[from] item: Rocky Helmet|[of] p2a: Mawile
|j| AsianChild44
|
|t:|1633378267
|switch|p1a: Hooligan|Scrafty, F|100/100|[from]move: U-turn
|
|upkeep
|turn|7
|
|t:|1633378272
|move|p1a: Hooligan|Knock Off|p2a: Mawile
|-resisted|p2a: Mawile
|-damage|p2a: Mawile|75/100
|-damage|p1a: Hooligan|84/100|[from] item: Rocky Helmet|[of] p2a: Mawile
|-enditem|p2a: Mawile|Rocky Helmet|[from] move: Knock Off|[of] p1a: Hooligan
|move|p2a: Mawile|Play Rough|p1a: Hooligan
|-supereffective|p1a: Hooligan
|-damage|p1a: Hooligan|0 fnt
|faint|p1a: Hooligan
|
|upkeep
|
|t:|1633378286
|switch|p1a: God|Silvally-Ghost|100/100
|turn|8
|
|t:|1633378298
|switch|p2a: Miltank|Miltank, F|81/100
|move|p1a: God|Swords Dance|p1a: God
|-boost|p1a: God|atk|2
|
|upkeep
|turn|9
|
|t:|1633378305
|move|p1a: God|Rock Slide|p2a: Miltank
|-damage|p2a: Miltank|56/100
|move|p2a: Miltank|Body Slam|p1a: God
|-damage|p1a: God|73/100
|
|upkeep
|turn|10
|
|t:|1633378312
|move|p1a: God|Swords Dance|p1a: God
|-boost|p1a: God|atk|2
|move|p2a: Miltank|Milk Drink|p2a: Miltank
|-heal|p2a: Miltank|100/100
|
|upkeep
|turn|11
|
|t:|1633378318
|move|p1a: God|Rock Slide|p2a: Miltank
|-damage|p2a: Miltank|60/100
|cant|p2a: Miltank|flinch
|
|upkeep
|turn|12
|
|t:|1633378324
|move|p1a: God|Rock Slide|p2a: Miltank|[miss]
|-miss|p1a: God|p2a: Miltank
|move|p2a: Miltank|Milk Drink|p2a: Miltank
|-heal|p2a: Miltank|100/100
|
|upkeep
|turn|13
|
|t:|1633378330
|move|p1a: God|Swords Dance|p1a: God
|-boost|p1a: God|atk|2
|move|p2a: Miltank|Body Press|p1a: God
|-damage|p1a: God|45/100
|
|upkeep
|turn|14
|
|t:|1633378337
|move|p1a: God|Rock Slide|p2a: Miltank
|-damage|p2a: Miltank|50/100
|move|p2a: Miltank|Body Slam|p1a: God
|-damage|p1a: God|17/100
|
|upkeep
|turn|15
|
|t:|1633378345
|move|p1a: God|Flame Charge|p2a: Miltank
|-damage|p2a: Miltank|17/100
|-boost|p1a: God|spe|1
|move|p2a: Miltank|Body Slam|p1a: God
|-damage|p1a: God|0 fnt
|faint|p1a: God
|
|upkeep
|
|t:|1633378355
|switch|p1a: Frosty|Frosmoth, M|100/100
|turn|16
|
|t:|1633378360
|switch|p2a: Lunatone|Lunatone|100/100
|move|p1a: Frosty|Ice Beam|p2a: Lunatone
|-damage|p2a: Lunatone|44/100
|
|-heal|p2a: Lunatone|50/100|[from] item: Leftovers
|upkeep
|turn|17
|
|t:|1633378369
|move|p1a: Frosty|Bug Buzz|p2a: Lunatone
|-supereffective|p2a: Lunatone
|-damage|p2a: Lunatone|0 fnt
|faint|p2a: Lunatone
|
|upkeep
|
|t:|1633378377
|switch|p2a: Flapple|Flapple, F|100/100
|turn|18
|
|t:|1633378385
|move|p2a: Flapple|Outrage|p1a: Frosty
|-damage|p1a: Frosty|0 fnt
|faint|p1a: Frosty
|-damage|p2a: Flapple|91/100|[from] item: Life Orb
|
|upkeep
|
|t:|1633378391
|switch|p1a: Blade|Scyther, F|12/100
|turn|19
|
|t:|1633378396
|move|p1a: Blade|Dual Wingbeat|p2a: Flapple
|-supereffective|p2a: Flapple
|-damage|p2a: Flapple|13/100
|-supereffective|p2a: Flapple
|-damage|p2a: Flapple|0 fnt
|faint|p2a: Flapple
|-hitcount|p2: Flapple|2
|
|upkeep
|
|t:|1633378403
|switch|p2a: Mawile|Mawile, F|75/100
|-ability|p2a: Mawile|Intimidate|boost
|-unboost|p1a: Blade|atk|1
|turn|20
|
|t:|1633378408
|move|p1a: Blade|U-turn|p2a: Mawile
|-resisted|p2a: Mawile
|-damage|p2a: Mawile|71/100
|
|t:|1633378429
|switch|p1a: Cutie|Cinccino, M|100/100|[from]move: U-turn
|move|p2a: Mawile|Knock Off|p1a: Cutie
|-damage|p1a: Cutie|68/100
|-enditem|p1a: Cutie|Life Orb|[from] move: Knock Off|[of] p2a: Mawile
|
|upkeep
|turn|21
|
|t:|1633378444
|switch|p2a: Miltank|Miltank, F|17/100
|move|p1a: Cutie|Tail Slap|p2a: Miltank
|-damage|p2a: Miltank|11/100
|-damage|p2a: Miltank|4/100
|-damage|p2a: Miltank|0 fnt
|faint|p2a: Miltank
|-hitcount|p2: Miltank|3
|
|upkeep
|
|t:|1633378449
|switch|p2a: Mawile|Mawile, F|71/100
|-ability|p2a: Mawile|Intimidate|boost
|-unboost|p1a: Cutie|atk|1
|turn|22
|
|t:|1633378457
|switch|p1a: Blade|Scyther, F|12/100
|move|p2a: Mawile|Play Rough|p1a: Blade
|-damage|p1a: Blade|0 fnt
|faint|p1a: Blade
|
|upkeep
|
|t:|1633378465
|switch|p1a: Cutie|Cinccino, M|68/100
|turn|23
|
|t:|1633378468
|switch|p2a: Altaria|Altaria, F|100/100
|move|p1a: Cutie|Tail Slap|p2a: Altaria
|-damage|p2a: Altaria|90/100
|-crit|p2a: Altaria
|-damage|p2a: Altaria|76/100
|-damage|p2a: Altaria|67/100
|-damage|p2a: Altaria|58/100
|-crit|p2a: Altaria
|-damage|p2a: Altaria|43/100
|-hitcount|p2a: Altaria|5
|
|upkeep
|turn|24
|
|t:|1633378479
|move|p1a: Cutie|Tail Slap|p2a: Altaria
|-damage|p2a: Altaria|34/100
|-damage|p2a: Altaria|24/100
|-damage|p2a: Altaria|14/100
|-crit|p2a: Altaria
|-damage|p2a: Altaria|1/100
|-damage|p2a: Altaria|0 fnt
|faint|p2a: Altaria
|-hitcount|p2: Altaria|5
|
|upkeep
|
|t:|1633378481
|switch|p2a: Mawile|Mawile, F|71/100
|-ability|p2a: Mawile|Intimidate|boost
|-unboost|p1a: Cutie|atk|1
|turn|25
|
|t:|1633378492
|move|p1a: Cutie|Tail Slap|p2a: Mawile
|-resisted|p2a: Mawile
|-damage|p2a: Mawile|68/100
|-resisted|p2a: Mawile
|-damage|p2a: Mawile|65/100
|-resisted|p2a: Mawile
|-damage|p2a: Mawile|62/100
|-resisted|p2a: Mawile
|-damage|p2a: Mawile|59/100
|-resisted|p2a: Mawile
|-damage|p2a: Mawile|56/100
|-hitcount|p2a: Mawile|5
|move|p2a: Mawile|Play Rough|p1a: Cutie
|-damage|p1a: Cutie|18/100
|
|upkeep
|turn|26
|
|t:|1633378505
|move|p1a: Cutie|Tail Slap|p2a: Mawile
|-resisted|p2a: Mawile
|-damage|p2a: Mawile|53/100
|-resisted|p2a: Mawile
|-damage|p2a: Mawile|50/100
|-resisted|p2a: Mawile
|-damage|p2a: Mawile|47/100
|-resisted|p2a: Mawile
|-damage|p2a: Mawile|43/100
|-resisted|p2a: Mawile
|-damage|p2a: Mawile|40/100
|-hitcount|p2a: Mawile|5
|move|p2a: Mawile|Knock Off|p1a: Cutie
|-damage|p1a: Cutie|0 fnt
|faint|p1a: Cutie
|
|upkeep
|
|t:|1633378518
|switch|p1a: Yummy|Flapple, M|100/100
|turn|27
|
|t:|1633378521
|move|p1a: Yummy|Grav Apple|p2a: Mawile
|-resisted|p2a: Mawile
|-damage|p2a: Mawile|13/100
|-unboost|p2a: Mawile|def|1
|move|p2a: Mawile|Pain Split|p1a: Yummy
|-sethp|p1a: Yummy|57/100|[from] move: Pain Split|[silent]
|-sethp|p2a: Mawile|53/100|[from] move: Pain Split
|
|upkeep
|turn|28
|
|t:|1633378530
|move|p1a: Yummy|Grav Apple|p2a: Mawile
|-resisted|p2a: Mawile
|-damage|p2a: Mawile|18/100
|-unboost|p2a: Mawile|def|1
|move|p2a: Mawile|Play Rough|p1a: Yummy
|-supereffective|p1a: Yummy
|-damage|p1a: Yummy|0 fnt
|faint|p1a: Yummy
|
|win|one of the bouys
|raw|Thecrimdawg's rating: 1233 &rarr; <strong>1225</strong><br />(-8 for losing)
|raw|one of the bouys's rating: 1518 &rarr; <strong>1524</strong><br />(+6 for winning)
|c|☆one of the bouys|gg
|l|☆Thecrimdawg
