|raw|<div class="broadcast-blue"><strong>This battle is required to be public due to a player having a name starting with 'pult4c1'.</div>
|j|☆PULT4C1 Carmin
|j|☆PULT4C1 Inder
|t:|1660915877
|gametype|singles
|player|p1|PULT4C1 Carmin|firebreather|1449
|player|p2|PULT4C1 Inder|lyra|1646
|teamsize|p1|6
|teamsize|p2|6
|gen|8
|tier|[Gen 8] PU
|rated|
|rule|Sleep Clause Mod: Limit one foe put to sleep
|rule|Species Clause: Limit one of each Pokémon
|rule|OHKO Clause: OHKO moves are banned
|rule|Evasion Items Clause: Evasion items are banned
|rule|Evasion Moves Clause: Evasion moves are banned
|rule|Endless Battle Clause: Forcing endless battles is banned
|rule|HP Percentage Mod: HP is shown in percentages
|rule|Dynamax Clause: You cannot dynamax
|clearpoke
|poke|p1|Golduck, F|
|poke|p1|Kangaskhan, F|
|poke|p1|Mawile, M|
|poke|p1|Silvally-*|
|poke|p1|Mesprit|
|poke|p1|Morpeko, F|
|poke|p2|Doublade, M|
|poke|p2|Vikavolt, M|
|poke|p2|Archeops, F|
|poke|p2|Silvally-*|
|poke|p2|Turtonator, F|
|poke|p2|Druddigon, M|
|teampreview
|inactive|Battle timer is ON: inactive players will automatically lose when time's up. (requested by PULT4C1 Carmin)
|inactive|PULT4C1 Inder also wants the timer to be on.
|c|☆PULT4C1 Carmin|oh le sniper
|j| QiYU5
|c|☆PULT4C1 Inder|j’avoue tout
|inactive|PULT4C1 Carmin has 120 seconds left.
|c|☆PULT4C1 Inder|Je reste un gamin impatient avant tour
|c|☆PULT4C1 Carmin|bien vu
|
|t:|1660915931
|start
|switch|p1a: Kangaskhan|Kangaskhan, F|100/100
|switch|p2a: Druddigon|Druddigon, M|100/100
|-ability|p2a: Druddigon|Mold Breaker
|turn|1
|
|t:|1660915944
|switch|p2a: Doublade|Doublade, M|100/100
|move|p1a: Kangaskhan|Fake Out|p2a: Doublade
|-resisted|p2a: Doublade
|-damage|p2a: Doublade|94/100
|
|upkeep
|turn|2
|
|t:|1660915953
|switch|p1a: Mawile|Mawile, M|100/100
|-ability|p1a: Mawile|Intimidate|boost
|-unboost|p2a: Doublade|atk|1
|switch|p2a: Vikavolt|Vikavolt, M|100/100
|
|upkeep
|turn|3
|j| xskelly34
|
|t:|1660915958
|move|p2a: Vikavolt|Thunderbolt|p1a: Mawile
|-damage|p1a: Mawile|7/100
|move|p1a: Mawile|Stealth Rock|p2a: Vikavolt
|-sidestart|p2: PULT4C1 Inder|move: Stealth Rock
|
|-heal|p1a: Mawile|13/100|[from] item: Leftovers
|upkeep
|turn|4
|l| QiYU5
|
|t:|1660915967
|move|p2a: Vikavolt|Agility|p2a: Vikavolt
|-boost|p2a: Vikavolt|spe|2
|move|p1a: Mawile|Knock Off|p2a: Vikavolt
|-damage|p2a: Vikavolt|76/100
|-enditem|p2a: Vikavolt|Throat Spray|[from] move: Knock Off|[of] p1a: Mawile
|
|-heal|p1a: Mawile|19/100|[from] item: Leftovers
|upkeep
|turn|5
|
|t:|1660915974
|move|p2a: Vikavolt|Thunderbolt|p1a: Mawile
|-damage|p1a: Mawile|0 fnt
|faint|p1a: Mawile
|
|upkeep
|
|t:|1660915982
|switch|p1a: Kangaskhan|Kangaskhan, F|100/100
|turn|6
|
|t:|1660915984
|move|p1a: Kangaskhan|Fake Out|p2a: Vikavolt
|-damage|p2a: Vikavolt|48/100
|cant|p2a: Vikavolt|flinch
|
|upkeep
|turn|7
|
|t:|1660915987
|move|p2a: Vikavolt|Thunderbolt|p1a: Kangaskhan
|-damage|p1a: Kangaskhan|46/100
|-status|p1a: Kangaskhan|par
|move|p1a: Kangaskhan|Double-Edge|p2a: Vikavolt
|-damage|p2a: Vikavolt|0 fnt
|faint|p2a: Vikavolt
|-damage|p1a: Kangaskhan|32/100 par|[from] Recoil
|
|upkeep
|
|t:|1660915990
|switch|p2a: Druddigon|Druddigon, M|100/100
|-damage|p2a: Druddigon|88/100|[from] Stealth Rock
|-ability|p2a: Druddigon|Mold Breaker
|turn|8
|
|t:|1660915992
|move|p2a: Druddigon|Stealth Rock|p1a: Kangaskhan
|-sidestart|p1: PULT4C1 Carmin|move: Stealth Rock
|move|p1a: Kangaskhan|Facade|p2a: Druddigon
|-damage|p2a: Druddigon|0 fnt
|faint|p2a: Druddigon
|
|upkeep
|
|t:|1660916000
|switch|p2a: Silvally|Silvally-Fairy|100/100
|-damage|p2a: Silvally|88/100|[from] Stealth Rock
|turn|9
|
|t:|1660916004
|move|p2a: Silvally|Multi-Attack|p1a: Kangaskhan
|-damage|p1a: Kangaskhan|0 fnt
|faint|p1a: Kangaskhan
|
|upkeep
|c|☆PULT4C1 Inder|mhhh
|c|☆PULT4C1 Inder|Ca me semble compliqué
|inactive|PULT4C1 Carmin has 120 seconds left.
|c|☆PULT4C1 Carmin|je sais pourquoi j'avais mis mawile dans la team
|c|☆PULT4C1 Inder|va falloir la jouer fine celle la
|c|☆PULT4C1 Carmin|et je sais pas pourquoi je l'ai sac
|c|☆PULT4C1 Carmin|mdr
|c|☆PULT4C1 Inder|mdrrr
|c|☆PULT4C1 Inder|sans mawile
|c|☆PULT4C1 Inder|tu te faisais sweep
|c|☆PULT4C1 Inder|!
|inactive|PULT4C1 Carmin has 90 seconds left.
|c|☆PULT4C1 Carmin|nan en vrai ca allait je crois
|c|☆PULT4C1 Carmin|kang c'est bulky
|c|☆PULT4C1 Carmin|j'aurais du hard
|c|☆PULT4C1 Inder|hard ct un play
|c|☆PULT4C1 Inder|ouais
|inactive|PULT4C1 Carmin has 60 seconds left.
|j| QiYU5
|c|☆PULT4C1 Inder|Attention timer
|
|t:|1660916122
|switch|p1a: Mesprit|Mesprit|100/100
|-damage|p1a: Mesprit|88/100|[from] Stealth Rock
|turn|10
|
|t:|1660916139
|move|p1a: Mesprit|Psychic|p2a: Silvally
|-damage|p2a: Silvally|45/100
|move|p2a: Silvally|Multi-Attack|p1a: Mesprit
|-damage|p1a: Mesprit|32/100
|
|upkeep
|turn|11
|
|t:|1660916143
|switch|p2a: Doublade|Doublade, M|94/100
|-damage|p2a: Doublade|88/100|[from] Stealth Rock
|move|p1a: Mesprit|Psychic|p2a: Doublade
|-resisted|p2a: Doublade
|-damage|p2a: Doublade|63/100
|
|upkeep
|turn|12
|l| QiYU5
|inactive|PULT4C1 Carmin has 60 seconds left.
|
|t:|1660916153
|switch|p1a: Golduck|Golduck, F|100/100
|-damage|p1a: Golduck|88/100|[from] Stealth Rock
|-ability|p1a: Golduck|Cloud Nine
|move|p2a: Doublade|Close Combat|p1a: Golduck
|-damage|p1a: Golduck|27/100
|-unboost|p2a: Doublade|def|1
|-unboost|p2a: Doublade|spd|1
|
|upkeep
|turn|13
|
|t:|1660916165
|move|p2a: Doublade|Shadow Sneak|p1a: Golduck
|-damage|p1a: Golduck|0 fnt
|faint|p1a: Golduck
|
|upkeep
|
|t:|1660916168
|switch|p1a: Morpeko|Morpeko, F|100/100
|turn|14
|
|t:|1660916177
|switch|p2a: Silvally|Silvally-Fairy|45/100
|-damage|p2a: Silvally|32/100|[from] Stealth Rock
|move|p1a: Morpeko|Protect||[still]
|-fail|p1a: Morpeko
|
|-formechange|p1a: Morpeko|Morpeko-Hangry||[from] ability: Hunger Switch
|upkeep
|turn|15
|j| PULT4C1 Haffling
|
|t:|1660916196
|switch|p2a: Turtonator|Turtonator, F|100/100
|move|p1a: Morpeko|Protect||[still]
|-fail|p1a: Morpeko
|
|-formechange|p1a: Morpeko|Morpeko||[from] ability: Hunger Switch
|upkeep
|turn|16
|
|t:|1660916200
|move|p1a: Morpeko|Parting Shot|p2a: Turtonator
|-unboost|p2a: Turtonator|atk|1
|-unboost|p2a: Turtonator|spa|1
|
|t:|1660916202
|switch|p1a: Silvally|Silvally-Fairy|100/100|[from]move: Parting Shot
|-damage|p1a: Silvally|88/100|[from] Stealth Rock
|move|p2a: Turtonator|Draco Meteor|p1a: Silvally
|-immune|p1a: Silvally
|
|upkeep
|turn|17
|inactive|PULT4C1 Carmin has 90 seconds left.
|
|t:|1660916224
|switch|p2a: Silvally|Silvally-Fairy|32/100
|-damage|p2a: Silvally|20/100|[from] Stealth Rock
|move|p1a: Silvally|Multi-Attack|p2a: Silvally
|-damage|p2a: Silvally|0 fnt
|faint|p2a: Silvally
|
|upkeep
|
|t:|1660916233
|switch|p2a: Archeops|Archeops, F|100/100
|-damage|p2a: Archeops|76/100|[from] Stealth Rock
|turn|18
|j| QiYU5
|inactive|PULT4C1 Carmin has 90 seconds left.
|l| QiYU5
|
|t:|1660916268
|move|p2a: Archeops|Meteor Beam||[still]
|-prepare|p2a: Archeops|Meteor Beam
|-boost|p2a: Archeops|spa|1
|-enditem|p2a: Archeops|Power Herb
|-anim|p2a: Archeops|Meteor Beam|p1a: Silvally
|-damage|p1a: Silvally|10/100
|move|p1a: Silvally|Multi-Attack|p2a: Archeops
|-damage|p2a: Archeops|8/100
|
|upkeep
|turn|19
|j| QiYU5
|inactive|PULT4C1 Carmin has 60 seconds left.
|inactive|PULT4C1 Carmin has 30 seconds left.
|inactive|PULT4C1 Carmin has 20 seconds left.
|inactive|PULT4C1 Carmin has 15 seconds left.
|
|t:|1660916336
|move|p2a: Archeops|Air Slash|p1a: Silvally
|-damage|p1a: Silvally|0 fnt
|faint|p1a: Silvally
|
|upkeep
|inactive|PULT4C1 Carmin has 20 seconds left this turn.
|inactive|PULT4C1 Carmin has 15 seconds left.
|inactive|PULT4C1 Inder no longer wants the timer on, but the timer is staying on because pult4c1carmin still does.
|
|t:|1660916342
|switch|p1a: Mesprit|Mesprit|32/100
|-damage|p1a: Mesprit|20/100|[from] Stealth Rock
|turn|20
|inactive|PULT4C1 Carmin has 25 seconds left this turn.
|inactive|PULT4C1 Carmin has 20 seconds left.
|inactive|PULT4C1 Carmin has 15 seconds left.
|
|t:|1660916353
|move|p1a: Mesprit|U-turn|p2a: Archeops
|-resisted|p2a: Archeops
|-damage|p2a: Archeops|0 fnt
|faint|p2a: Archeops
|inactive|PULT4C1 Carmin has 20 seconds left this turn.
|
|t:|1660916355
|switch|p1a: Morpeko|Morpeko, F|100/100|[from]move: U-turn
|
|-formechange|p1a: Morpeko|Morpeko-Hangry||[from] ability: Hunger Switch
|upkeep
|inactive|PULT4C1 Carmin has 25 seconds left this turn.
|
|t:|1660916360
|switch|p2a: Turtonator|Turtonator, F|100/100
|turn|21
|inactive|PULT4C1 Carmin has 30 seconds left.
|
|t:|1660916366
|move|p1a: Morpeko|Aura Wheel|p2a: Turtonator
|-damage|p2a: Turtonator|53/100
|-boost|p1a: Morpeko|spe|1
|move|p2a: Turtonator|Draco Meteor|p1a: Morpeko
|-damage|p1a: Morpeko|0 fnt
|-unboost|p2a: Turtonator|spa|2
|faint|p1a: Morpeko
|
|upkeep
|inactive|PULT4C1 Carmin has 30 seconds left.
|
|t:|1660916372
|switch|p1a: Mesprit|Mesprit|20/100
|-damage|p1a: Mesprit|7/100|[from] Stealth Rock
|turn|22
|
|t:|1660916376
|move|p1a: Mesprit|Healing Wish||[still]
|-fail|p1a: Mesprit
|move|p2a: Turtonator|Flamethrower|p1a: Mesprit
|-damage|p1a: Mesprit|0 fnt
|faint|p1a: Mesprit
|
|win|PULT4C1 Inder
|raw|PULT4C1 Carmin's rating: 1449 &rarr; <strong>1439</strong><br />(-10 for losing)
|raw|PULT4C1 Inder's rating: 1646 &rarr; <strong>1656</strong><br />(+10 for winning)
|c|☆PULT4C1 Carmin|gg
|c|☆PULT4C1 Inder|gg
|c|☆PULT4C1 Inder|t’as vu
|c|☆PULT4C1 Inder|j’ai reclimb
|c|☆PULT4C1 Carmin|ouais j'ai vu
|c|☆PULT4C1 Carmin|bg
|l| QiYU5
|c|☆PULT4C1 Inder|ct serre de ouf damn
|c|☆PULT4C1 Inder|t’as faillis me farm
|c|☆PULT4C1 Inder|avec une meme team
|c|☆PULT4C1 Carmin|je voulais pas
||Ladder isn't responding, score probably updated but might not have (Request timeout).
