|j|☆PULT4T2 za
|j|☆Crabman394
|t:|1661611531
|gametype|singles
|player|p1|PULT4T2 za|acetrainer-gen4dp|1554
|player|p2|Crabman394|skyla|1540
|teamsize|p1|6
|teamsize|p2|6
|gen|8
|tier|[Gen 8] PU
|rated|
|rule|Sleep Clause Mod: Limit one foe put to sleep
|rule|Species Clause: Limit one of each Pokémon
|rule|OHKO Clause: OHKO moves are banned
|rule|Evasion Items Clause: Evasion items are banned
|rule|Evasion Moves Clause: Evasion moves are banned
|rule|Endless Battle Clause: Forcing endless battles is banned
|rule|HP Percentage Mod: HP is shown in percentages
|rule|Dynamax Clause: You cannot dynamax
|clearpoke
|poke|p1|Doublade, F|
|poke|p1|Sandslash, F|
|poke|p1|Eldegoss, F|
|poke|p1|Ribombee, M|
|poke|p1|Scyther, M|
|poke|p1|Gigalith, F|
|poke|p2|Frosmoth, F|
|poke|p2|Jolteon, M|
|poke|p2|Weezing, M|
|poke|p2|Audino, F|
|poke|p2|Sandaconda, M|
|poke|p2|Silvally-*|
|teampreview
|j| Shiki Breeki
|inactive|Battle timer is ON: inactive players will automatically lose when time's up. (requested by Crabman394)
|inactive|PULT4T2 za has 120 seconds left.
|inactive|PULT4T2 za has 90 seconds left.
|
|t:|1661611655
|start
|switch|p1a: Gigalith|Gigalith, F|100/100
|switch|p2a: Silvally|Silvally-Water|100/100
|-weather|Sandstorm|[from] ability: Sand Stream|[of] p1a: Gigalith
|turn|1
|
|t:|1661611668
|switch|p1a: Eldegoss|Eldegoss, F|100/100
|move|p2a: Silvally|Flamethrower|p1a: Eldegoss
|-supereffective|p1a: Eldegoss
|-damage|p1a: Eldegoss|71/100
|
|-weather|Sandstorm|[upkeep]
|-damage|p2a: Silvally|94/100|[from] Sandstorm
|-damage|p1a: Eldegoss|65/100|[from] Sandstorm
|upkeep
|turn|2
|
|t:|1661611681
|move|p2a: Silvally|Parting Shot|p1a: Eldegoss
|-unboost|p1a: Eldegoss|atk|1
|-unboost|p1a: Eldegoss|spa|1
|
|t:|1661611687
|switch|p2a: Weezing|Weezing, M|100/100|[from]move: Parting Shot
|move|p1a: Eldegoss|Leech Seed|p2a: Weezing
|-start|p2a: Weezing|move: Leech Seed
|
|-weather|Sandstorm|[upkeep]
|-damage|p1a: Eldegoss|59/100|[from] Sandstorm
|-damage|p2a: Weezing|95/100|[from] Sandstorm
|-heal|p2a: Weezing|100/100|[from] item: Black Sludge
|-damage|p2a: Weezing|88/100|[from] Leech Seed|[of] p1a: Eldegoss
|-heal|p1a: Eldegoss|72/100|[silent]
|upkeep
|turn|3
|
|t:|1661611701
|switch|p1a: Sandslash|Sandslash, F|100/100
|move|p2a: Weezing|Will-O-Wisp|p1a: Sandslash|[miss]
|-miss|p2a: Weezing|p1a: Sandslash
|
|-weather|Sandstorm|[upkeep]
|-damage|p2a: Weezing|82/100|[from] Sandstorm
|-heal|p2a: Weezing|88/100|[from] item: Black Sludge
|-damage|p2a: Weezing|76/100|[from] Leech Seed|[of] p1a: Sandslash
|upkeep
|turn|4
|
|t:|1661611711
|move|p1a: Sandslash|Knock Off|p2a: Weezing
|-damage|p2a: Weezing|60/100
|-enditem|p2a: Weezing|Black Sludge|[from] move: Knock Off|[of] p1a: Sandslash
|move|p2a: Weezing|Will-O-Wisp|p1a: Sandslash
|-status|p1a: Sandslash|brn
|
|-weather|Sandstorm|[upkeep]
|-damage|p2a: Weezing|54/100|[from] Sandstorm
|-damage|p2a: Weezing|42/100|[from] Leech Seed|[of] p1a: Sandslash
|-damage|p1a: Sandslash|94/100 brn|[from] brn
|upkeep
|turn|5
|
|t:|1661611726
|switch|p2a: Silvally|Silvally-Water|94/100
|move|p1a: Sandslash|Spikes|p2a: Silvally
|-sidestart|p2: Crabman394|Spikes
|
|-weather|none
|-heal|p1a: Sandslash|100/100 brn|[from] item: Leftovers
|-damage|p1a: Sandslash|94/100 brn|[from] brn
|upkeep
|turn|6
|
|t:|1661611735
|switch|p1a: Eldegoss|Eldegoss, F|100/100
|move|p2a: Silvally|Multi-Attack|p1a: Eldegoss
|-resisted|p1a: Eldegoss
|-damage|p1a: Eldegoss|82/100
|
|upkeep
|turn|7
|
|t:|1661611754
|move|p2a: Silvally|Defog|p1a: Eldegoss
|-unboost|p1a: Eldegoss|evasion|1
|-sideend|p2: Crabman394|Spikes|[from] move: Defog|[of] p2a: Silvally
|move|p1a: Eldegoss|Giga Drain|p2a: Silvally
|-supereffective|p2a: Silvally
|-damage|p2a: Silvally|53/100
|-heal|p1a: Eldegoss|100/100|[from] drain|[of] p2a: Silvally
|
|upkeep
|turn|8
|
|t:|1661611763
|move|p2a: Silvally|Parting Shot|p1a: Eldegoss
|-unboost|p1a: Eldegoss|atk|1
|-unboost|p1a: Eldegoss|spa|1
|
|t:|1661611766
|switch|p2a: Audino|Audino, F|100/100|[from]move: Parting Shot
|move|p1a: Eldegoss|Leech Seed|p2a: Audino
|-start|p2a: Audino|move: Leech Seed
|
|-damage|p2a: Audino|88/100|[from] Leech Seed|[of] p1a: Eldegoss
|upkeep
|turn|9
|inactive|PULT4T2 za has 120 seconds left.
|
|t:|1661611798
|switch|p1a: Gigalith|Gigalith, F|100/100
|-weather|Sandstorm|[from] ability: Sand Stream|[of] p1a: Gigalith
|move|p2a: Audino|Knock Off|p1a: Gigalith
|-damage|p1a: Gigalith|90/100
|-enditem|p1a: Gigalith|Leftovers|[from] move: Knock Off|[of] p2a: Audino
|
|-weather|Sandstorm|[upkeep]
|-damage|p2a: Audino|82/100|[from] Sandstorm
|-heal|p2a: Audino|88/100|[from] item: Leftovers
|-damage|p2a: Audino|76/100|[from] Leech Seed|[of] p1a: Gigalith
|-heal|p1a: Gigalith|100/100|[silent]
|upkeep
|turn|10
|
|t:|1661611812
|move|p2a: Audino|Wish|p2a: Audino
|move|p1a: Gigalith|Stealth Rock|p2a: Audino
|-sidestart|p2: Crabman394|move: Stealth Rock
|
|-weather|Sandstorm|[upkeep]
|-damage|p2a: Audino|70/100|[from] Sandstorm
|-heal|p2a: Audino|76/100|[from] item: Leftovers
|-damage|p2a: Audino|63/100|[from] Leech Seed|[of] p1a: Gigalith
|upkeep
|turn|11
|
|t:|1661611821
|switch|p2a: Silvally|Silvally-Water|53/100
|-damage|p2a: Silvally|40/100|[from] Stealth Rock
|switch|p1a: Ribombee|Ribombee, M|100/100
|
|-weather|Sandstorm|[upkeep]
|-damage|p1a: Ribombee|95/100|[from] Sandstorm
|-damage|p2a: Silvally|34/100|[from] Sandstorm
|-heal|p2a: Silvally|86/100|[from] move: Wish|[wisher] Audino
|upkeep
|turn|12
|
|t:|1661611843
|move|p1a: Ribombee|Moonblast|p2a: Silvally
|-damage|p2a: Silvally|49/100
|-unboost|p2a: Silvally|spa|1
|move|p2a: Silvally|Multi-Attack|p1a: Ribombee
|-damage|p1a: Ribombee|28/100
|
|-weather|Sandstorm|[upkeep]
|-damage|p1a: Ribombee|22/100|[from] Sandstorm
|-damage|p2a: Silvally|43/100|[from] Sandstorm
|upkeep
|turn|13
|
|t:|1661611857
|move|p1a: Ribombee|Moonblast|p2a: Silvally
|-damage|p2a: Silvally|6/100
|move|p2a: Silvally|Parting Shot|p1a: Ribombee
|-unboost|p1a: Ribombee|atk|1
|-unboost|p1a: Ribombee|spa|1
|
|t:|1661611867
|switch|p2a: Jolteon|Jolteon, M|100/100|[from]move: Parting Shot
|-damage|p2a: Jolteon|88/100|[from] Stealth Rock
|
|-weather|none
|upkeep
|turn|14
|
|t:|1661611877
|switch|p1a: Gigalith|Gigalith, F|100/100
|-weather|Sandstorm|[from] ability: Sand Stream|[of] p1a: Gigalith
|move|p2a: Jolteon|Toxic|p1a: Gigalith
|-status|p1a: Gigalith|tox
|
|-weather|Sandstorm|[upkeep]
|-damage|p2a: Jolteon|82/100|[from] Sandstorm
|-damage|p1a: Gigalith|94/100 tox|[from] psn
|upkeep
|turn|15
|
|t:|1661611889
|switch|p2a: Silvally|Silvally-Water|6/100
|-damage|p2a: Silvally|0 fnt|[from] Stealth Rock
|faint|p2a: Silvally
|switch|p1a: Sandslash|Sandslash, F|94/100 brn
|
|-weather|Sandstorm|[upkeep]
|-heal|p1a: Sandslash|100/100 brn|[from] item: Leftovers
|-damage|p1a: Sandslash|94/100 brn|[from] brn
|upkeep
|inactive|Crabman394 has 120 seconds left.
|
|t:|1661611904
|switch|p2a: Sandaconda|Sandaconda, M|100/100
|-damage|p2a: Sandaconda|94/100|[from] Stealth Rock
|turn|16
|
|t:|1661611910
|switch|p1a: Eldegoss|Eldegoss, F|100/100
|move|p2a: Sandaconda|Stealth Rock|p1a: Eldegoss
|-sidestart|p1: PULT4T2 za|move: Stealth Rock
|
|-weather|Sandstorm|[upkeep]
|-damage|p1a: Eldegoss|94/100|[from] Sandstorm
|upkeep
|turn|17
|
|t:|1661611926
|switch|p2a: Audino|Audino, F|96/100
|-damage|p2a: Audino|84/100|[from] Stealth Rock
|move|p1a: Eldegoss|Rapid Spin|p2a: Audino
|-damage|p2a: Audino|78/100
|-boost|p1a: Eldegoss|spe|1
|-sideend|p1: PULT4T2 za|Stealth Rock|[from] move: Rapid Spin|[of] p1a: Eldegoss
|
|-weather|Sandstorm|[upkeep]
|-damage|p1a: Eldegoss|88/100|[from] Sandstorm
|-damage|p2a: Audino|72/100|[from] Sandstorm
|-heal|p2a: Audino|78/100|[from] item: Leftovers
|upkeep
|turn|18
|
|t:|1661611938
|switch|p1a: Ribombee|Ribombee, M|22/100
|move|p2a: Audino|Wish|p2a: Audino
|
|-weather|none
|-heal|p2a: Audino|84/100|[from] item: Leftovers
|upkeep
|turn|19
|inactive|Crabman394 has 120 seconds left.
|
|t:|1661611957
|switch|p2a: Jolteon|Jolteon, M|82/100
|-damage|p2a: Jolteon|70/100|[from] Stealth Rock
|move|p1a: Ribombee|Aromatherapy|p1a: Ribombee
|-activate|p1a: Ribombee|move: Aromatherapy
|-curestatus|p1: Gigalith|tox|[msg]
|-curestatus|p1: Sandslash|brn|[msg]
|
|-heal|p2a: Jolteon|100/100|[from] move: Wish|[wisher] Audino
|upkeep
|turn|20
|inactive|Crabman394 has 120 seconds left.
|
|t:|1661611972
|switch|p1a: Gigalith|Gigalith, F|94/100
|-weather|Sandstorm|[from] ability: Sand Stream|[of] p1a: Gigalith
|move|p2a: Jolteon|Toxic|p1a: Gigalith
|-status|p1a: Gigalith|tox
|
|-weather|Sandstorm|[upkeep]
|-damage|p2a: Jolteon|95/100|[from] Sandstorm
|-damage|p1a: Gigalith|88/100 tox|[from] psn
|upkeep
|turn|21
|inactive|Crabman394 has 120 seconds left.
|
|t:|1661611983
|switch|p2a: Sandaconda|Sandaconda, M|94/100
|-damage|p2a: Sandaconda|88/100|[from] Stealth Rock
|move|p1a: Gigalith|Earthquake|p2a: Sandaconda
|-damage|p2a: Sandaconda|71/100
|
|-weather|Sandstorm|[upkeep]
|-damage|p1a: Gigalith|76/100 tox|[from] psn
|upkeep
|turn|22
|
|t:|1661611993
|switch|p2a: Frosmoth|Frosmoth, F|100/100
|switch|p1a: Sandslash|Sandslash, F|94/100
|
|-weather|Sandstorm|[upkeep]
|-damage|p2a: Frosmoth|94/100|[from] Sandstorm
|-heal|p1a: Sandslash|100/100|[from] item: Leftovers
|upkeep
|turn|23
|inactive|Crabman394 has 120 seconds left.
|
|t:|1661612009
|switch|p1a: Gigalith|Gigalith, F|76/100 tox
|move|p2a: Frosmoth|Ice Beam|p1a: Gigalith
|-damage|p1a: Gigalith|52/100 tox
|
|-weather|Sandstorm|[upkeep]
|-damage|p2a: Frosmoth|88/100|[from] Sandstorm
|-damage|p1a: Gigalith|46/100 tox|[from] psn
|upkeep
|turn|24
|inactive|Crabman394 has 120 seconds left.
|
|t:|1661612034
|switch|p2a: Sandaconda|Sandaconda, M|71/100
|-damage|p2a: Sandaconda|65/100|[from] Stealth Rock
|move|p1a: Gigalith|Rest|p1a: Gigalith
|-status|p1a: Gigalith|slp|[from] move: Rest
|-heal|p1a: Gigalith|100/100 slp|[silent]
|
|-weather|none
|upkeep
|turn|25
|
|t:|1661612044
|switch|p1a: Sandslash|Sandslash, F|100/100
|move|p2a: Sandaconda|Stealth Rock|p1a: Sandslash
|-sidestart|p1: PULT4T2 za|move: Stealth Rock
|
|upkeep
|turn|26
|inactive|Crabman394 has 120 seconds left.
|
|t:|1661612054
|switch|p2a: Audino|Audino, F|100/100
|-damage|p2a: Audino|88/100|[from] Stealth Rock
|move|p1a: Sandslash|Spikes|p2a: Audino
|-sidestart|p2: Crabman394|Spikes
|
|-heal|p2a: Audino|94/100|[from] item: Leftovers
|upkeep
|turn|27
|l| Shiki Breeki
|
|t:|1661612064
|move|p1a: Sandslash|Spikes|p2a: Audino
|-sidestart|p2: Crabman394|Spikes
|move|p2a: Audino|Wish|p2a: Audino
|
|-heal|p2a: Audino|99/100|[from] item: Leftovers
|upkeep
|turn|28
|
|t:|1661612070
|switch|p2a: Frosmoth|Frosmoth, F|88/100
|move|p1a: Sandslash|Rapid Spin|p2a: Frosmoth
|-damage|p2a: Frosmoth|67/100
|-boost|p1a: Sandslash|spe|1
|-sideend|p1: PULT4T2 za|Stealth Rock|[from] move: Rapid Spin|[of] p1a: Sandslash
|
|-heal|p2a: Frosmoth|100/100|[from] move: Wish|[wisher] Audino
|upkeep
|turn|29
|
|t:|1661612089
|switch|p1a: Doublade|Doublade, F|100/100
|move|p2a: Frosmoth|Quiver Dance|p2a: Frosmoth
|-boost|p2a: Frosmoth|spa|1
|-boost|p2a: Frosmoth|spd|1
|-boost|p2a: Frosmoth|spe|1
|
|upkeep
|turn|30
|
|t:|1661612098
|move|p2a: Frosmoth|Ice Beam|p1a: Doublade
|-resisted|p1a: Doublade
|-damage|p1a: Doublade|53/100
|-status|p1a: Doublade|frz
|cant|p1a: Doublade|frz
|
|upkeep
|turn|31
|j| hugobla
|
|t:|1661612114
|switch|p1a: Gigalith|Gigalith, F|100/100 slp
|-weather|Sandstorm|[from] ability: Sand Stream|[of] p1a: Gigalith
|move|p2a: Frosmoth|Quiver Dance|p2a: Frosmoth
|-boost|p2a: Frosmoth|spa|1
|-boost|p2a: Frosmoth|spd|1
|-boost|p2a: Frosmoth|spe|1
|
|-weather|Sandstorm|[upkeep]
|-damage|p2a: Frosmoth|94/100|[from] Sandstorm
|upkeep
|turn|32
|
|t:|1661612125
|move|p2a: Frosmoth|Giga Drain|p1a: Gigalith
|-supereffective|p1a: Gigalith
|-damage|p1a: Gigalith|45/100 slp
|-heal|p2a: Frosmoth|100/100|[from] drain|[of] p1a: Gigalith
|cant|p1a: Gigalith|slp
|
|-weather|Sandstorm|[upkeep]
|-damage|p2a: Frosmoth|94/100|[from] Sandstorm
|upkeep
|turn|33
|-message|PULT4T2 za forfeited.
|
|win|Crabman394
|raw|PULT4T2 za's rating: 1522 &rarr; <strong>1503</strong><br />(-19 for losing)
|raw|Crabman394's rating: 1540 &rarr; <strong>1559</strong><br />(+19 for winning)
|l|☆PULT4T2 za
||Ladder isn't responding, score probably updated but might not have (Request timeout).
