|j|☆Supix
|j|☆Pathooblers
|t:|1614607946
|player|p1|Supix|cheren|1434
|player|p2|Pathooblers|266|1351
|teamsize|p1|6
|teamsize|p2|6
|gametype|singles
|gen|8
|tier|[Gen 8] PU
|rated|
|clearpoke
|poke|p1|Uxie|
|poke|p1|Gurdurr, M|
|poke|p1|Vikavolt, F|
|poke|p1|Exeggutor-Alola, M|
|poke|p1|Aggron, F|
|poke|p1|Aromatisse, M|
|poke|p2|Accelgor, F|
|poke|p2|Heliolisk, M|
|poke|p2|Passimian, F|
|poke|p2|Corsola-Galar, F|
|poke|p2|Braviary, M|
|poke|p2|Sandaconda, F|
|rule|Sleep Clause Mod: Limit one foe put to sleep
|rule|Species Clause: Limit one of each Pokémon
|rule|OHKO Clause: OHKO moves are banned
|rule|Evasion Moves Clause: Evasion moves are banned
|rule|Endless Battle Clause: Forcing endless battles is banned
|rule|HP Percentage Mod: HP is shown in percentages
|rule|Dynamax Clause: You cannot dynamax
|teampreview
|inactive|Battle timer is ON: inactive players will automatically lose when time's up. (requested by Supix)
|
|t:|1614607959
|start
|switch|p1a: Aromatisse|Aromatisse, M|100/100
|switch|p2a: Accelgor|Accelgor, F, shiny|100/100
|turn|1
|
|t:|1614607973
|move|p1a: Aromatisse|Protect|p1a: Aromatisse
|-singleturn|p1a: Aromatisse|Protect
|move|p2a: Accelgor|Infestation|p1a: Aromatisse
|-activate|p1a: Aromatisse|move: Protect
|
|upkeep
|turn|2
|
|t:|1614607994
|switch|p1a: Aggron|Aggron, F|100/100
|move|p2a: Accelgor|Toxic Spikes|p1a: Aggron
|-sidestart|p1: Supix|move: Toxic Spikes
|
|upkeep
|turn|3
|
|t:|1614608002
|switch|p2a: Sandaconda|Sandaconda, F|100/100
|move|p1a: Aggron|Heavy Slam|p2a: Sandaconda
|-damage|p2a: Sandaconda|24/100
|
|-heal|p2a: Sandaconda|30/100|[from] item: Leftovers
|upkeep
|turn|4
|
|t:|1614608013
|switch|p1a: Vikavolt|Vikavolt, F|100/100
|move|p2a: Sandaconda|Earthquake|p1a: Vikavolt
|-immune|p1a: Vikavolt|[from] ability: Levitate
|
|-heal|p2a: Sandaconda|36/100|[from] item: Leftovers
|upkeep
|turn|5
|
|t:|1614608019
|switch|p2a: Corsola|Corsola-Galar, F|100/100
|switch|p1a: Gurdurr|Gurdurr, M|100/100
|-status|p1a: Gurdurr|psn
|
|-damage|p1a: Gurdurr|88/100 psn|[from] psn
|upkeep
|turn|6
|
|t:|1614608027
|switch|p2a: Braviary|Braviary, M|100/100
|move|p1a: Gurdurr|Knock Off|p2a: Braviary
|-crit|p2a: Braviary
|-damage|p2a: Braviary|47/100
|-enditem|p2a: Braviary|Heavy-Duty Boots|[from] move: Knock Off|[of] p1a: Gurdurr
|
|-damage|p1a: Gurdurr|76/100 psn|[from] psn
|upkeep
|turn|7
|
|t:|1614608052
|move|p2a: Braviary|Roost|p2a: Braviary
|-heal|p2a: Braviary|98/100
|-singleturn|p2a: Braviary|move: Roost
|move|p1a: Gurdurr|Drain Punch|p2a: Braviary
|-supereffective|p2a: Braviary
|-damage|p2a: Braviary|14/100
|-heal|p1a: Gurdurr|100/100 psn|[from] drain|[of] p2a: Braviary
|
|-damage|p1a: Gurdurr|88/100 psn|[from] psn
|upkeep
|turn|8
|
|t:|1614608073
|move|p1a: Gurdurr|Mach Punch|p2a: Braviary
|-damage|p2a: Braviary|0 fnt
|faint|p2a: Braviary
|
|-damage|p1a: Gurdurr|76/100 psn|[from] psn
|upkeep
|
|t:|1614608076
|switch|p2a: Heliolisk|Heliolisk, M|100/100
|turn|9
|
|t:|1614608082
|switch|p2a: Corsola|Corsola-Galar, F|100/100
|move|p1a: Gurdurr|Mach Punch|p2a: Corsola
|-immune|p2a: Corsola
|
|-damage|p1a: Gurdurr|64/100 psn|[from] psn
|upkeep
|turn|10
|
|t:|1614608086
|switch|p2a: Sandaconda|Sandaconda, F|36/100
|move|p1a: Gurdurr|Knock Off|p2a: Sandaconda
|-damage|p2a: Sandaconda|8/100
|-enditem|p2a: Sandaconda|Leftovers|[from] move: Knock Off|[of] p1a: Gurdurr
|
|-damage|p1a: Gurdurr|51/100 psn|[from] psn
|upkeep
|turn|11
|
|t:|1614608094
|switch|p2a: Corsola|Corsola-Galar, F|100/100
|move|p1a: Gurdurr|Mach Punch|p2a: Corsola
|-immune|p2a: Corsola
|
|-damage|p1a: Gurdurr|39/100 psn|[from] psn
|upkeep
|turn|12
|
|t:|1614608097
|switch|p2a: Sandaconda|Sandaconda, F|8/100
|move|p1a: Gurdurr|Knock Off|p2a: Sandaconda
|-damage|p2a: Sandaconda|0 fnt
|faint|p2a: Sandaconda
|
|-damage|p1a: Gurdurr|27/100 psn|[from] psn
|upkeep
|
|t:|1614608106
|switch|p2a: Passimian|Passimian, F|100/100
|turn|13
|
|t:|1614608112
|switch|p1a: Uxie|Uxie|100/100
|move|p2a: Passimian|Close Combat|p1a: Uxie
|-resisted|p1a: Uxie
|-damage|p1a: Uxie|82/100
|-unboost|p2a: Passimian|def|1
|-unboost|p2a: Passimian|spd|1
|
|upkeep
|turn|14
|
|t:|1614608120
|switch|p2a: Accelgor|Accelgor, F, shiny|100/100
|move|p1a: Uxie|Stealth Rock|p2a: Accelgor
|-sidestart|p2: Pathooblers|move: Stealth Rock
|
|upkeep
|turn|15
|
|t:|1614608128
|move|p2a: Accelgor|Spikes|p1a: Uxie
|-sidestart|p1: Supix|Spikes
|move|p1a: Uxie|U-turn|p2a: Accelgor
|-damage|p2a: Accelgor|77/100
|
|t:|1614608131
|switch|p1a: Vikavolt|Vikavolt, F|100/100|[from]move: U-turn
|
|upkeep
|turn|16
|
|t:|1614608135
|move|p2a: Accelgor|Infestation|p1a: Vikavolt
|-damage|p1a: Vikavolt|91/100
|-activate|p1a: Vikavolt|move: Infestation|[of] p2a: Accelgor
|move|p1a: Vikavolt|Bug Buzz|p2a: Accelgor
|-damage|p2a: Accelgor|0 fnt
|-damage|p1a: Vikavolt|82/100|[from] item: Life Orb
|faint|p2a: Accelgor
|
|-end|p1a: Vikavolt|Infestation|[partiallytrapped]|[silent]
|upkeep
|
|t:|1614608141
|switch|p2a: Corsola|Corsola-Galar, F|100/100
|-damage|p2a: Corsola|88/100|[from] Stealth Rock
|turn|17
|
|t:|1614608145
|move|p2a: Corsola|Stealth Rock|p1a: Vikavolt
|-sidestart|p1: Supix|move: Stealth Rock
|move|p1a: Vikavolt|Volt Switch|p2a: Corsola
|-damage|p2a: Corsola|60/100
|-start|p1a: Vikavolt|Disable|Volt Switch|[from] ability: Cursed Body|[of] p2a: Corsola
|-damage|p1a: Vikavolt|72/100|[from] item: Life Orb
|
|t:|1614608148
|switch|p1a: Gurdurr|Gurdurr, M|27/100 psn|[from]move: Volt Switch
|-damage|p1a: Gurdurr|21/100 psn|[from] Stealth Rock
|-damage|p1a: Gurdurr|8/100 psn|[from] Spikes
|
|-damage|p1a: Gurdurr|0 fnt|[from] psn
|faint|p1a: Gurdurr
|upkeep
|inactive|Supix has 120 seconds left.
|
|t:|1614608194
|switch|p1a: Exeggutor|Exeggutor-Alola, M|100/100
|-damage|p1a: Exeggutor|88/100|[from] Stealth Rock
|-damage|p1a: Exeggutor|76/100|[from] Spikes
|-status|p1a: Exeggutor|psn
|-item|p2a: Corsola|Eviolite|[from] ability: Frisk|[of] p1a: Exeggutor|[identify]
|turn|18
|inactive|Pathooblers has 120 seconds left.
|
|t:|1614608227
|move|p2a: Corsola|Strength Sap|p1a: Exeggutor
|-unboost|p1a: Exeggutor|atk|1
|-enditem|p1a: Exeggutor|Eject Pack
|-heal|p2a: Corsola|100/100
|inactive|Supix has 120 seconds left.
|
|t:|1614608240
|switch|p1a: Uxie|Uxie|82/100
|-damage|p1a: Uxie|70/100|[from] Stealth Rock
|
|upkeep
|turn|19
|inactive|Supix has 120 seconds left.
|
|t:|1614608248
|move|p2a: Corsola|Night Shade|p1a: Uxie
|-damage|p1a: Uxie|41/100
|move|p1a: Uxie|Trick Room|p1a: Uxie
|-fieldstart|move: Trick Room|[of] p1a: Uxie
|
|upkeep
|turn|20
|inactive|Supix has 120 seconds left.
|
|t:|1614608272
|move|p2a: Corsola|Night Shade|p1a: Uxie
|-damage|p1a: Uxie|13/100
|move|p1a: Uxie|U-turn|p2a: Corsola
|-resisted|p2a: Corsola
|-damage|p2a: Corsola|96/100
|
|t:|1614608279
|switch|p1a: Aggron|Aggron, F|100/100|[from]move: U-turn
|-damage|p1a: Aggron|94/100|[from] Stealth Rock
|-damage|p1a: Aggron|82/100|[from] Spikes
|
|upkeep
|turn|21
|
|t:|1614608286
|move|p1a: Aggron|Head Smash|p2a: Corsola
|-damage|p2a: Corsola|11/100
|move|p2a: Corsola|Strength Sap|p1a: Aggron
|-unboost|p1a: Aggron|atk|1
|-heal|p2a: Corsola|100/100
|
|upkeep
|turn|22
|inactive|Supix has 120 seconds left.
|
|t:|1614608300
|switch|p1a: Vikavolt|Vikavolt, F|72/100
|-damage|p1a: Vikavolt|47/100|[from] Stealth Rock
|move|p2a: Corsola|Strength Sap|p1a: Vikavolt
|-unboost|p1a: Vikavolt|atk|1
|
|upkeep
|turn|23
|
|t:|1614608308
|move|p1a: Vikavolt|Thunderbolt|p2a: Corsola
|-damage|p2a: Corsola|62/100
|-damage|p1a: Vikavolt|37/100|[from] item: Life Orb
|move|p2a: Corsola|Night Shade|p1a: Vikavolt
|-damage|p1a: Vikavolt|9/100
|
|-fieldend|move: Trick Room
|upkeep
|turn|24
|
|t:|1614608314
|move|p2a: Corsola|Strength Sap|p1a: Vikavolt
|-unboost|p1a: Vikavolt|atk|1
|-heal|p2a: Corsola|91/100
|move|p1a: Vikavolt|Thunderbolt|p2a: Corsola
|-damage|p2a: Corsola|55/100
|-status|p2a: Corsola|par
|-damage|p1a: Vikavolt|0 fnt|[from] item: Life Orb
|faint|p1a: Vikavolt
|
|upkeep
|
|t:|1614608329
|switch|p1a: Uxie|Uxie|13/100
|-damage|p1a: Uxie|1/100|[from] Stealth Rock
|turn|25
|
|t:|1614608337
|move|p2a: Corsola|Strength Sap|p1a: Uxie
|-unboost|p1a: Uxie|atk|1
|-heal|p2a: Corsola|100/100 par
|move|p1a: Uxie|Trick Room|p1a: Uxie
|-fieldstart|move: Trick Room|[of] p1a: Uxie
|
|upkeep
|turn|26
|
|t:|1614608347
|cant|p2a: Corsola|par
|move|p1a: Uxie|U-turn|p2a: Corsola
|-resisted|p2a: Corsola
|-damage|p2a: Corsola|98/100 par
|-start|p1a: Uxie|Disable|U-turn|[from] ability: Cursed Body|[of] p2a: Corsola
|-enditem|p1a: Uxie|Mental Herb
|-end|p1a: Uxie|Disable
|
|t:|1614608357
|switch|p1a: Aromatisse|Aromatisse, M|100/100|[from]move: U-turn
|-damage|p1a: Aromatisse|88/100|[from] Stealth Rock
|-status|p1a: Aromatisse|psn
|-damage|p1a: Aromatisse|76/100 psn|[from] Spikes
|
|-heal|p1a: Aromatisse|82/100 psn|[from] item: Leftovers
|-damage|p1a: Aromatisse|70/100 psn|[from] psn
|upkeep
|turn|27
|
|t:|1614608367
|switch|p2a: Heliolisk|Heliolisk, M|100/100
|-damage|p2a: Heliolisk|88/100|[from] Stealth Rock
|move|p1a: Aromatisse|Wish|p1a: Aromatisse
|
|-heal|p1a: Aromatisse|76/100 psn|[from] item: Leftovers
|-damage|p1a: Aromatisse|64/100 psn|[from] psn
|upkeep
|turn|28
|
|t:|1614608372
|move|p1a: Aromatisse|Moonblast|p2a: Heliolisk
|-damage|p2a: Heliolisk|44/100
|-unboost|p2a: Heliolisk|spa|1
|move|p2a: Heliolisk|Volt Switch|p1a: Aromatisse
|-damage|p1a: Aromatisse|46/100 psn
|
|t:|1614608378
|switch|p2a: Corsola|Corsola-Galar, F|98/100 par|[from]move: Volt Switch
|-damage|p2a: Corsola|85/100 par|[from] Stealth Rock
|
|-heal|p1a: Aromatisse|96/100 psn|[from] move: Wish|[wisher] Aromatisse
|-heal|p1a: Aromatisse|100/100 psn|[from] item: Leftovers
|-damage|p1a: Aromatisse|88/100 psn|[from] psn
|upkeep
|turn|29
|
|t:|1614608386
|move|p2a: Corsola|Night Shade|p1a: Aromatisse
|-damage|p1a: Aromatisse|64/100 psn
|move|p1a: Aromatisse|Wish|p1a: Aromatisse
|
|-heal|p1a: Aromatisse|70/100 psn|[from] item: Leftovers
|-damage|p1a: Aromatisse|57/100 psn|[from] psn
|-fieldend|move: Trick Room
|upkeep
|turn|30
|
|t:|1614608395
|move|p1a: Aromatisse|Moonblast|p2a: Corsola
|-damage|p2a: Corsola|69/100 par
|cant|p2a: Corsola|par
|
|-heal|p1a: Aromatisse|100/100 psn|[from] move: Wish|[wisher] Aromatisse
|-damage|p1a: Aromatisse|88/100 psn|[from] psn
|upkeep
|turn|31
|
|t:|1614608401
|move|p1a: Aromatisse|Wish|p1a: Aromatisse
|move|p2a: Corsola|Night Shade|p1a: Aromatisse
|-damage|p1a: Aromatisse|64/100 psn
|
|-heal|p1a: Aromatisse|70/100 psn|[from] item: Leftovers
|-damage|p1a: Aromatisse|57/100 psn|[from] psn
|upkeep
|turn|32
|
|t:|1614608405
|move|p1a: Aromatisse|Moonblast|p2a: Corsola
|-damage|p2a: Corsola|52/100 par
|-unboost|p2a: Corsola|spa|1
|move|p2a: Corsola|Strength Sap|p1a: Aromatisse
|-unboost|p1a: Aromatisse|atk|1
|-heal|p2a: Corsola|98/100 par
|
|-heal|p1a: Aromatisse|100/100 psn|[from] move: Wish|[wisher] Aromatisse
|-damage|p1a: Aromatisse|88/100 psn|[from] psn
|upkeep
|turn|33
|
|t:|1614608415
|move|p1a: Aromatisse|Moonblast|p2a: Corsola
|-damage|p2a: Corsola|82/100 par
|move|p2a: Corsola|Night Shade|p1a: Aromatisse
|-damage|p1a: Aromatisse|64/100 psn
|
|-heal|p1a: Aromatisse|70/100 psn|[from] item: Leftovers
|-damage|p1a: Aromatisse|57/100 psn|[from] psn
|upkeep
|turn|34
|
|t:|1614608420
|switch|p2a: Heliolisk|Heliolisk, M|44/100
|-damage|p2a: Heliolisk|31/100|[from] Stealth Rock
|move|p1a: Aromatisse|Wish|p1a: Aromatisse
|
|-heal|p1a: Aromatisse|64/100 psn|[from] item: Leftovers
|-damage|p1a: Aromatisse|51/100 psn|[from] psn
|upkeep
|turn|35
|
|t:|1614608424
|move|p1a: Aromatisse|Protect|p1a: Aromatisse
|-singleturn|p1a: Aromatisse|Protect
|move|p2a: Heliolisk|Hyper Voice|p1a: Aromatisse
|-activate|p1a: Aromatisse|move: Protect
|
|-heal|p1a: Aromatisse|100/100 psn|[from] move: Wish|[wisher] Aromatisse
|-damage|p1a: Aromatisse|88/100 psn|[from] psn
|upkeep
|turn|36
|
|t:|1614608430
|move|p2a: Heliolisk|Hyper Voice|p1a: Aromatisse
|-damage|p1a: Aromatisse|57/100 psn
|move|p1a: Aromatisse|Wish|p1a: Aromatisse
|
|-heal|p1a: Aromatisse|63/100 psn|[from] item: Leftovers
|-damage|p1a: Aromatisse|51/100 psn|[from] psn
|upkeep
|turn|37
|
|t:|1614608442
|move|p2a: Heliolisk|Hyper Voice|p1a: Aromatisse
|-damage|p1a: Aromatisse|16/100 psn
|move|p1a: Aromatisse|Moonblast|p2a: Heliolisk
|-damage|p2a: Heliolisk|0 fnt
|faint|p2a: Heliolisk
|
|-heal|p1a: Aromatisse|66/100 psn|[from] move: Wish|[wisher] Aromatisse
|-heal|p1a: Aromatisse|72/100 psn|[from] item: Leftovers
|-damage|p1a: Aromatisse|59/100 psn|[from] psn
|upkeep
|
|t:|1614608453
|switch|p2a: Passimian|Passimian, F|100/100
|-damage|p2a: Passimian|94/100|[from] Stealth Rock
|turn|38
|
|t:|1614608458
|move|p2a: Passimian|Rock Slide|p1a: Aromatisse
|-damage|p1a: Aromatisse|35/100 psn
|move|p1a: Aromatisse|Wish|p1a: Aromatisse
|
|-heal|p1a: Aromatisse|41/100 psn|[from] item: Leftovers
|-damage|p1a: Aromatisse|29/100 psn|[from] psn
|upkeep
|turn|39
|
|t:|1614608464
|move|p1a: Aromatisse|Protect|p1a: Aromatisse
|-singleturn|p1a: Aromatisse|Protect
|move|p2a: Passimian|Rock Slide|p1a: Aromatisse
|-activate|p1a: Aromatisse|move: Protect
|
|-heal|p1a: Aromatisse|79/100 psn|[from] move: Wish|[wisher] Aromatisse
|-heal|p1a: Aromatisse|85/100 psn|[from] item: Leftovers
|-damage|p1a: Aromatisse|72/100 psn|[from] psn
|upkeep
|turn|40
|
|t:|1614608475
|switch|p1a: Aggron|Aggron, F|82/100
|-damage|p1a: Aggron|70/100|[from] Spikes
|-damage|p1a: Aggron|64/100|[from] Stealth Rock
|move|p2a: Passimian|Rock Slide|p1a: Aggron
|-resisted|p1a: Aggron
|-damage|p1a: Aggron|56/100
|
|upkeep
|turn|41
|
|t:|1614608480
|switch|p2a: Corsola|Corsola-Galar, F|82/100 par
|-damage|p2a: Corsola|70/100 par|[from] Stealth Rock
|move|p1a: Aggron|Head Smash|p2a: Corsola
|-damage|p2a: Corsola|0 fnt
|-start|p1a: Aggron|Disable|Head Smash|[from] ability: Cursed Body|[of] p2a: Corsola
|faint|p2a: Corsola
|
|upkeep
|
|t:|1614608486
|switch|p2a: Passimian|Passimian, F|94/100
|-damage|p2a: Passimian|88/100|[from] Stealth Rock
|turn|42
|
|t:|1614608490
|move|p2a: Passimian|Close Combat|p1a: Aggron
|-supereffective|p1a: Aggron
|-damage|p1a: Aggron|0 fnt
|-unboost|p2a: Passimian|def|1
|-unboost|p2a: Passimian|spd|1
|faint|p1a: Aggron
|
|upkeep
|
|t:|1614608493
|switch|p1a: Aromatisse|Aromatisse, M|72/100 psn
|-damage|p1a: Aromatisse|60/100 psn|[from] Spikes
|-damage|p1a: Aromatisse|48/100 psn|[from] Stealth Rock
|turn|43
|
|t:|1614608496
|move|p2a: Passimian|Close Combat|p1a: Aromatisse
|-resisted|p1a: Aromatisse
|-damage|p1a: Aromatisse|18/100 psn
|-unboost|p2a: Passimian|def|1
|-unboost|p2a: Passimian|spd|1
|move|p1a: Aromatisse|Moonblast|p2a: Passimian
|-supereffective|p2a: Passimian
|-damage|p2a: Passimian|0 fnt
|faint|p2a: Passimian
|
|win|Supix
|l|☆Pathooblers
||Ladder (probably) updated, but score could not be retrieved (Request timeout).
