|j|☆Seaqueen Love
|j|☆hjames
|player|p1|Seaqueen Love|ilima|1277
|player|p2|hjames|2|1357
|teamsize|p1|6
|teamsize|p2|6
|gametype|singles
|gen|8
|tier|[Gen 8] PU
|rated|
|clearpoke
|poke|p1|Silvally-*|
|poke|p1|Crustle, M|
|poke|p1|Appletun, M|
|poke|p1|Shedinja|
|poke|p1|Mr. Rime, M|
|poke|p1|Hitmontop, M|
|poke|p2|Crustle, F|
|poke|p2|Mr. Rime, M|
|poke|p2|Falinks|
|poke|p2|Appletun, M|
|poke|p2|Silvally-*|
|poke|p2|Dubwool, F|
|rule|Sleep Clause Mod: Limit one foe put to sleep
|rule|Species Clause: Limit one of each Pokémon
|rule|OHKO Clause: OHKO moves are banned
|rule|Evasion Moves Clause: Evasion moves are banned
|rule|Endless Battle Clause: Forcing endless battles is banned
|rule|HP Percentage Mod: HP is shown in percentages
|rule|Dynamax Clause: You cannot dynamax
|teampreview
|
|start
|switch|p1a: Crustle|Crustle, M|100/100
|switch|p2a: Silvally|Silvally-Poison|100/100
|turn|1
|
|move|p2a: Silvally|Surf|p1a: Crustle
|-supereffective|p1a: Crustle
|-damage|p1a: Crustle|59/100
|move|p1a: Crustle|Earthquake|p2a: Silvally
|-supereffective|p2a: Silvally
|-damage|p2a: Silvally|46/100
|
|upkeep
|turn|2
|
|move|p2a: Silvally|Surf|p1a: Crustle
|-supereffective|p1a: Crustle
|-damage|p1a: Crustle|13/100
|move|p1a: Crustle|Spikes|p2a: Silvally
|-sidestart|p2: hjames|Spikes
|
|upkeep
|turn|3
|
|move|p2a: Silvally|Surf|p1a: Crustle
|-supereffective|p1a: Crustle
|-damage|p1a: Crustle|0 fnt
|faint|p1a: Crustle
|
|upkeep
|
|switch|p1a: Hitmontop|Hitmontop, M|100/100
|turn|4
|
|move|p1a: Hitmontop|Fake Out|p2a: Silvally
|-damage|p2a: Silvally|17/100
|-damage|p1a: Hitmontop|91/100|[from] item: Life Orb
|cant|p2a: Silvally|flinch
|
|upkeep
|turn|5
|
|move|p1a: Hitmontop|Mach Punch|p2a: Silvally
|-resisted|p2a: Silvally
|-damage|p2a: Silvally|0 fnt
|-damage|p1a: Hitmontop|81/100|[from] item: Life Orb
|faint|p2a: Silvally
|
|upkeep
|
|switch|p2a: Appletun|Appletun, M|100/100
|-damage|p2a: Appletun|88/100|[from] Spikes
|turn|6
|
|switch|p1a: Silvally|Silvally-Poison|100/100
|move|p2a: Appletun|Apple Acid|p1a: Silvally
|-resisted|p1a: Silvally
|-damage|p1a: Silvally|86/100
|-unboost|p1a: Silvally|spd|1
|
|-heal|p2a: Appletun|94/100|[from] item: Leftovers
|upkeep
|turn|7
|
|move|p1a: Silvally|Multi-Attack|p2a: Appletun
|-supereffective|p2a: Appletun
|-damage|p2a: Appletun|23/100
|move|p2a: Appletun|Draco Meteor|p1a: Silvally
|-damage|p1a: Silvally|19/100
|-unboost|p2a: Appletun|spa|2
|
|-heal|p2a: Appletun|29/100|[from] item: Leftovers
|upkeep
|turn|8
|
|switch|p2a: Falinks|Falinks|100/100
|-damage|p2a: Falinks|88/100|[from] Spikes
|move|p1a: Silvally|Multi-Attack|p2a: Falinks
|-damage|p2a: Falinks|43/100
|
|upkeep
|turn|9
|
|move|p1a: Silvally|Multi-Attack|p2a: Falinks
|-damage|p2a: Falinks|0 fnt
|faint|p2a: Falinks
|
|upkeep
|
|switch|p2a: Dubwool|Dubwool, F|100/100
|-damage|p2a: Dubwool|88/100|[from] Spikes
|turn|10
|
|move|p1a: Silvally|Flamethrower|p2a: Dubwool
|-damage|p2a: Dubwool|46/100
|move|p2a: Dubwool|Cotton Guard|p2a: Dubwool
|-boost|p2a: Dubwool|def|3
|
|-heal|p2a: Dubwool|52/100|[from] item: Leftovers
|upkeep
|turn|11
|
|move|p1a: Silvally|Flamethrower|p2a: Dubwool
|-damage|p2a: Dubwool|12/100
|move|p2a: Dubwool|Body Press|p1a: Silvally
|-resisted|p1a: Silvally
|-damage|p1a: Silvally|0 fnt
|faint|p1a: Silvally
|
|-heal|p2a: Dubwool|18/100|[from] item: Leftovers
|upkeep
|
|switch|p1a: Mr. Rime|Mr. Rime, M|100/100
|turn|12
|
|switch|p2a: Mr. Rime|Mr. Rime, M|100/100
|-damage|p2a: Mr. Rime|88/100|[from] Spikes
|move|p1a: Mr. Rime|Ice Beam|p2a: Mr. Rime
|-resisted|p2a: Mr. Rime
|-damage|p2a: Mr. Rime|64/100
|
|upkeep
|turn|13
|
|switch|p1a: Shedinja|Shedinja|100/100
|move|p2a: Mr. Rime|Shadow Ball|p1a: Shedinja
|-supereffective|p1a: Shedinja
|-damage|p1a: Shedinja|0 fnt
|-damage|p2a: Mr. Rime|54/100|[from] item: Life Orb
|faint|p1a: Shedinja
|
|upkeep
|
|switch|p1a: Hitmontop|Hitmontop, M|81/100
|turn|14
|
|switch|p2a: Appletun|Appletun, M|29/100
|-damage|p2a: Appletun|17/100|[from] Spikes
|move|p1a: Hitmontop|Fake Out|p2a: Appletun
|-damage|p2a: Appletun|0 fnt
|-damage|p1a: Hitmontop|71/100|[from] item: Life Orb
|faint|p2a: Appletun
|
|upkeep
|
|switch|p2a: Dubwool|Dubwool, F|18/100
|-damage|p2a: Dubwool|5/100|[from] Spikes
|turn|15
|
|move|p1a: Hitmontop|Mach Punch|p2a: Dubwool
|-supereffective|p2a: Dubwool
|-damage|p2a: Dubwool|0 fnt
|-damage|p1a: Hitmontop|61/100|[from] item: Life Orb
|faint|p2a: Dubwool
|
|upkeep
|
|switch|p2a: Crustle|Crustle, F|100/100
|-damage|p2a: Crustle|88/100|[from] Spikes
|turn|16
|
|move|p1a: Hitmontop|Close Combat|p2a: Crustle
|-damage|p2a: Crustle|20/100
|-unboost|p1a: Hitmontop|def|1
|-unboost|p1a: Hitmontop|spd|1
|-damage|p1a: Hitmontop|51/100|[from] item: Life Orb
|move|p2a: Crustle|Shell Smash|p2a: Crustle
|-unboost|p2a: Crustle|def|1
|-unboost|p2a: Crustle|spd|1
|-boost|p2a: Crustle|atk|2
|-boost|p2a: Crustle|spa|2
|-boost|p2a: Crustle|spe|2
|-enditem|p2a: Crustle|White Herb
|-clearnegativeboost|p2a: Crustle|[silent]
|
|upkeep
|turn|17
|
|move|p1a: Hitmontop|Mach Punch|p2a: Crustle
|-crit|p2a: Crustle
|-damage|p2a: Crustle|0 fnt
|-damage|p1a: Hitmontop|41/100|[from] item: Life Orb
|faint|p2a: Crustle
|
|upkeep
|
|switch|p2a: Mr. Rime|Mr. Rime, M|54/100
|-damage|p2a: Mr. Rime|42/100|[from] Spikes
|turn|18
|
|move|p1a: Hitmontop|Mach Punch|p2a: Mr. Rime
|-damage|p2a: Mr. Rime|0 fnt
|-damage|p1a: Hitmontop|31/100|[from] item: Life Orb
|faint|p2a: Mr. Rime
|
|win|Seaqueen Love
|raw|Seaqueen Love's rating: 1277 &rarr; <strong>1307</strong><br />(+30 for winning)
|raw|hjames's rating: 1357 &rarr; <strong>1333</strong><br />(-24 for losing)
|l|☆hjames
