|j|☆Testpu12
|j|☆pachiyeesu
|t:|1610166633
|player|p1|Testpu12|dawn|1136
|player|p2|pachiyeesu|101|1071
|teamsize|p1|6
|teamsize|p2|6
|gametype|singles
|gen|8
|tier|[Gen 8] PU
|rated|
|clearpoke
|poke|p1|Sandslash-Alola, M|
|poke|p1|Raichu, F|
|poke|p1|Mesprit|
|poke|p1|Aromatisse, F|
|poke|p1|Druddigon, M|
|poke|p1|Weezing, F|
|poke|p2|Cradily, F|
|poke|p2|Sandslash, M|
|poke|p2|Miltank, F|
|poke|p2|Vaporeon, M|
|poke|p2|Lanturn, M|
|poke|p2|Unfezant, M|
|rule|Sleep Clause Mod: Limit one foe put to sleep
|rule|Species Clause: Limit one of each Pokémon
|rule|OHKO Clause: OHKO moves are banned
|rule|Evasion Moves Clause: Evasion moves are banned
|rule|Endless Battle Clause: Forcing endless battles is banned
|rule|HP Percentage Mod: HP is shown in percentages
|rule|Dynamax Clause: You cannot dynamax
|teampreview
|inactive|Battle timer is ON: inactive players will automatically lose when time's up. (requested by Testpu12)
|
|t:|1610166645
|start
|switch|p1a: Weezing|Weezing, F|100/100
|switch|p2a: Fanfic|Vaporeon, M|100/100
|turn|1
|
|t:|1610166650
|move|p2a: Fanfic|Substitute|p2a: Fanfic
|-start|p2a: Fanfic|Substitute
|-damage|p2a: Fanfic|76/100
|move|p1a: Weezing|Toxic Spikes|p2a: Fanfic
|-sidestart|p2: pachiyeesu|move: Toxic Spikes
|
|-heal|p2a: Fanfic|82/100|[from] item: Leftovers
|upkeep
|turn|2
|
|t:|1610166660
|move|p2a: Fanfic|Work Up|p2a: Fanfic
|-boost|p2a: Fanfic|atk|1
|-boost|p2a: Fanfic|spa|1
|move|p1a: Weezing|Sludge Bomb|p2a: Fanfic
|-activate|p2a: Fanfic|move: Substitute|[damage]
|
|-heal|p2a: Fanfic|88/100|[from] item: Leftovers
|upkeep
|turn|3
|
|t:|1610166669
|move|p2a: Fanfic|Work Up|p2a: Fanfic
|-boost|p2a: Fanfic|atk|1
|-boost|p2a: Fanfic|spa|1
|move|p1a: Weezing|Sludge Bomb|p2a: Fanfic
|-end|p2a: Fanfic|Substitute
|
|-heal|p2a: Fanfic|94/100|[from] item: Leftovers
|upkeep
|turn|4
|
|t:|1610166677
|switch|p1a: Raichu|Raichu, F|100/100
|move|p2a: Fanfic|Substitute|p2a: Fanfic
|-start|p2a: Fanfic|Substitute
|-damage|p2a: Fanfic|69/100
|
|-heal|p2a: Fanfic|75/100|[from] item: Leftovers
|upkeep
|turn|5
|
|t:|1610166684
|move|p1a: Raichu|Volt Switch|p2a: Fanfic
|-supereffective|p2a: Fanfic
|-end|p2a: Fanfic|Substitute
|
|t:|1610166694
|switch|p1a: Sandslash|Sandslash-Alola, M|100/100|[from]move: Volt Switch
|move|p2a: Fanfic|Hydro Pump|p1a: Sandslash|[miss]
|-miss|p2a: Fanfic|p1a: Sandslash
|
|-heal|p2a: Fanfic|81/100|[from] item: Leftovers
|upkeep
|turn|6
|
|t:|1610166702
|move|p1a: Sandslash|Earthquake|p2a: Fanfic
|-damage|p2a: Fanfic|50/100
|move|p2a: Fanfic|Substitute|p2a: Fanfic
|-start|p2a: Fanfic|Substitute
|-damage|p2a: Fanfic|26/100
|
|-heal|p2a: Fanfic|32/100|[from] item: Leftovers
|upkeep
|turn|7
|
|t:|1610166709
|move|p1a: Sandslash|Earthquake|p2a: Fanfic
|-end|p2a: Fanfic|Substitute
|move|p2a: Fanfic|Hydro Pump|p1a: Sandslash|[miss]
|-miss|p2a: Fanfic|p1a: Sandslash
|
|-heal|p2a: Fanfic|38/100|[from] item: Leftovers
|upkeep
|turn|8
|
|t:|1610166716
|switch|p1a: Weezing|Weezing, F|100/100
|move|p2a: Fanfic|Hydro Pump|p1a: Weezing|[miss]
|-miss|p2a: Fanfic|p1a: Weezing
|
|-heal|p2a: Fanfic|44/100|[from] item: Leftovers
|upkeep
|turn|9
|c|☆pachiyeesu|Bruh
|
|t:|1610166726
|switch|p1a: Raichu|Raichu, F|100/100
|move|p2a: Fanfic|Substitute|p2a: Fanfic
|-start|p2a: Fanfic|Substitute
|-damage|p2a: Fanfic|19/100
|
|-heal|p2a: Fanfic|25/100|[from] item: Leftovers
|upkeep
|turn|10
|
|t:|1610166733
|move|p1a: Raichu|Volt Switch|p2a: Fanfic
|-supereffective|p2a: Fanfic
|-end|p2a: Fanfic|Substitute
|
|t:|1610166740
|switch|p1a: Weezing|Weezing, F|100/100|[from]move: Volt Switch
|move|p2a: Fanfic|Hydro Pump|p1a: Weezing|[miss]
|-miss|p2a: Fanfic|p1a: Weezing
|
|-heal|p2a: Fanfic|31/100|[from] item: Leftovers
|upkeep
|turn|11
|
|t:|1610166749
|switch|p1a: Raichu|Raichu, F|100/100
|move|p2a: Fanfic|Hydro Pump|p1a: Raichu|[miss]
|-miss|p2a: Fanfic|p1a: Raichu
|
|-heal|p2a: Fanfic|37/100|[from] item: Leftovers
|upkeep
|turn|12
|c|☆pachiyeesu|???????????
|
|t:|1610166760
|switch|p2a: Baiter|Lanturn, M|100/100
|-status|p2a: Baiter|psn
|move|p1a: Raichu|Volt Tackle|p2a: Baiter
|-immune|p2a: Baiter|[from] ability: Volt Absorb
|
|-damage|p2a: Baiter|88/100 psn|[from] psn
|upkeep
|turn|13
|
|t:|1610166772
|switch|p1a: Aromatisse|Aromatisse, F|100/100
|move|p2a: Baiter|Volt Switch|p1a: Aromatisse
|-damage|p1a: Aromatisse|77/100
|
|t:|1610166782
|switch|p2a: Alan|Unfezant, M|100/100|[from]move: Volt Switch
|
|upkeep
|turn|14
|
|t:|1610166791
|move|p2a: Alan|Brave Bird|p1a: Aromatisse
|-damage|p1a: Aromatisse|15/100
|-damage|p2a: Alan|73/100|[from] Recoil
|move|p1a: Aromatisse|Moonblast|p2a: Alan
|-damage|p2a: Alan|14/100
|
|upkeep
|turn|15
|l|☆Testpu12
|inactive|Testpu12 disconnected and has a minute to reconnect!
|player|p1|
|inactive|Testpu12 has 30 seconds to reconnect!
|inactive|Testpu12 has 20 seconds to reconnect!
|inactive|Testpu12 has 15 seconds to reconnect!
|j|☆Testpu12
|inactive|Testpu12 reconnected and has 105 seconds left.
|player|p1|Testpu12|dawn
|
|t:|1610166840
|move|p2a: Alan|Brave Bird|p1a: Aromatisse
|-damage|p1a: Aromatisse|0 fnt
|-damage|p2a: Alan|8/100|[from] Recoil
|faint|p1a: Aromatisse
|
|upkeep
|
|t:|1610166845
|switch|p1a: Sandslash|Sandslash-Alola, M|100/100
|turn|16
|
|t:|1610166848
|move|p1a: Sandslash|Iron Head|p2a: Alan
|-damage|p2a: Alan|0 fnt
|faint|p2a: Alan
|
|upkeep
|
|t:|1610166853
|switch|p2a: Sandic|Sandslash, M|100/100
|-status|p2a: Sandic|psn
|turn|17
|
|t:|1610166857
|switch|p1a: Weezing|Weezing, F|100/100
|move|p2a: Sandic|Spikes|p1a: Weezing
|-sidestart|p1: Testpu12|Spikes
|
|-damage|p2a: Sandic|88/100 psn|[from] psn
|upkeep
|turn|18
|
|t:|1610166866
|switch|p2a: Fanfic|Vaporeon, M|37/100
|-status|p2a: Fanfic|psn
|move|p1a: Weezing|Toxic Spikes|p2a: Fanfic
|-sidestart|p2: pachiyeesu|move: Toxic Spikes
|
|-heal|p2a: Fanfic|43/100 psn|[from] item: Leftovers
|-damage|p2a: Fanfic|31/100 psn|[from] psn
|upkeep
|turn|19
|
|t:|1610166875
|move|p2a: Fanfic|Substitute|p2a: Fanfic
|-start|p2a: Fanfic|Substitute
|-damage|p2a: Fanfic|6/100 psn
|move|p1a: Weezing|Sludge Bomb|p2a: Fanfic
|-activate|p2a: Fanfic|move: Substitute|[damage]
|
|-heal|p2a: Fanfic|12/100 psn|[from] item: Leftovers
|-damage|p2a: Fanfic|0 fnt|[from] psn
|faint|p2a: Fanfic
|upkeep
|c|☆Testpu12|What is this
|inactive|pachiyeesu has 120 seconds left.
|inactive|pachiyeesu has 90 seconds left.
|-message|pachiyeesu forfeited.
|
|win|Testpu12
|raw|Testpu12's rating: 1110 &rarr; <strong>1132</strong><br />(+22 for winning)
|raw|pachiyeesu's rating: 1071 &rarr; <strong>1053</strong><br />(-18 for losing)
