|j|☆Down2bdown
|j|☆yassy slay
|t:|1653566950
|gametype|singles
|player|p1|Down2bdown|101|1350
|player|p2|yassy slay|clown|1545
|teamsize|p1|6
|teamsize|p2|6
|gen|8
|tier|[Gen 8] PU
|rated|
|rule|Sleep Clause Mod: Limit one foe put to sleep
|rule|Species Clause: Limit one of each Pokémon
|rule|OHKO Clause: OHKO moves are banned
|rule|Evasion Moves Clause: Evasion moves are banned
|rule|Endless Battle Clause: Forcing endless battles is banned
|rule|HP Percentage Mod: HP is shown in percentages
|rule|Dynamax Clause: You cannot dynamax
|clearpoke
|poke|p1|Aromatisse, F|
|poke|p1|Silvally-*|
|poke|p1|Ninetales, F|
|poke|p1|Glastrier|
|poke|p1|Beheeyem, M|
|poke|p1|Scrafty, M|
|poke|p2|Flapple, F|
|poke|p2|Archeops, M|
|poke|p2|Golduck, M|
|poke|p2|Ribombee, M|
|poke|p2|Sandaconda, F|
|poke|p2|Magneton|
|teampreview
|inactive|Battle timer is ON: inactive players will automatically lose when time's up. (requested by Down2bdown)
|
|t:|1653566966
|start
|switch|p1a: Glastrier|Glastrier|100/100
|switch|p2a: Golduck|Golduck, M|100/100
|-ability|p2a: Golduck|Cloud Nine
|turn|1
|
|t:|1653566977
|move|p2a: Golduck|Substitute|p2a: Golduck
|-start|p2a: Golduck|Substitute
|-damage|p2a: Golduck|75/100
|move|p1a: Glastrier|Swords Dance|p1a: Glastrier
|-boost|p1a: Glastrier|atk|2
|
|-heal|p2a: Golduck|82/100|[from] item: Leftovers
|upkeep
|turn|2
|-activate|p1a: Glastrier|item: Quick Claw
|
|t:|1653566986
|move|p1a: Glastrier|High Horsepower|p2a: Golduck
|-end|p2a: Golduck|Substitute
|move|p2a: Golduck|Toxic|p1a: Glastrier
|-status|p1a: Glastrier|tox
|
|-heal|p2a: Golduck|88/100|[from] item: Leftovers
|-damage|p1a: Glastrier|94/100 tox|[from] psn
|upkeep
|turn|3
|
|t:|1653566996
|move|p2a: Golduck|Scald|p1a: Glastrier
|-damage|p1a: Glastrier|72/100 tox
|move|p1a: Glastrier|Icicle Crash|p2a: Golduck
|-resisted|p2a: Golduck
|-damage|p2a: Golduck|34/100
|
|-heal|p2a: Golduck|40/100|[from] item: Leftovers
|-damage|p1a: Glastrier|60/100 tox|[from] psn
|upkeep
|turn|4
|
|t:|1653567006
|move|p2a: Golduck|Scald|p1a: Glastrier
|-damage|p1a: Glastrier|38/100 tox
|move|p1a: Glastrier|High Horsepower|p2a: Golduck
|-damage|p2a: Golduck|0 fnt
|faint|p2a: Golduck
|-ability|p1a: Glastrier|Chilling Neigh|boost
|-boost|p1a: Glastrier|atk|1
|
|-damage|p1a: Glastrier|20/100 tox|[from] psn
|upkeep
|
|t:|1653567021
|switch|p2a: Magneton|Magneton|100/100
|turn|5
|-activate|p1a: Glastrier|item: Quick Claw
|
|t:|1653567024
|move|p1a: Glastrier|High Horsepower|p2a: Magneton
|-supereffective|p2a: Magneton
|-damage|p2a: Magneton|0 fnt
|faint|p2a: Magneton
|-ability|p1a: Glastrier|Chilling Neigh|boost
|-boost|p1a: Glastrier|atk|1
|
|-damage|p1a: Glastrier|0 fnt|[from] psn
|faint|p1a: Glastrier
|upkeep
|
|t:|1653567043
|switch|p2a: Archeops|Archeops, M|100/100
|switch|p1a: Aromatisse|Aromatisse, F|100/100
|turn|6
|
|t:|1653567049
|move|p2a: Archeops|Stone Edge|p1a: Aromatisse|[miss]
|-miss|p2a: Archeops|p1a: Aromatisse
|move|p1a: Aromatisse|Thunderbolt|p2a: Archeops
|-supereffective|p2a: Archeops
|-damage|p2a: Archeops|4/100
|
|upkeep
|turn|7
|
|t:|1653567056
|move|p2a: Archeops|U-turn|p1a: Aromatisse
|-resisted|p1a: Aromatisse
|-damage|p1a: Aromatisse|94/100
|
|t:|1653567058
|switch|p2a: Sandaconda|Sandaconda, F|100/100|[from]move: U-turn
|move|p1a: Aromatisse|Moonblast|p2a: Sandaconda
|-damage|p2a: Sandaconda|44/100
|-unboost|p2a: Sandaconda|spa|1
|
|upkeep
|turn|8
|
|t:|1653567067
|move|p2a: Sandaconda|Earthquake|p1a: Aromatisse
|-damage|p1a: Aromatisse|56/100
|move|p1a: Aromatisse|Moonblast|p2a: Sandaconda
|-damage|p2a: Sandaconda|0 fnt
|faint|p2a: Sandaconda
|
|upkeep
|
|t:|1653567075
|switch|p2a: Ribombee|Ribombee, M|100/100
|turn|9
|
|t:|1653567078
|move|p2a: Ribombee|Quiver Dance|p2a: Ribombee
|-boost|p2a: Ribombee|spa|1
|-boost|p2a: Ribombee|spd|1
|-boost|p2a: Ribombee|spe|1
|move|p1a: Aromatisse|Flash Cannon|p2a: Ribombee
|-supereffective|p2a: Ribombee
|-damage|p2a: Ribombee|45/100
|
|upkeep
|turn|10
|-activate|p1a: Aromatisse|item: Quick Claw
|
|t:|1653567085
|move|p1a: Aromatisse|Flash Cannon|p2a: Ribombee
|-supereffective|p2a: Ribombee
|-damage|p2a: Ribombee|0 fnt
|faint|p2a: Ribombee
|
|upkeep
|
|t:|1653567095
|switch|p2a: Flapple|Flapple, F|100/100
|turn|11
|
|t:|1653567098
|move|p2a: Flapple|Grav Apple|p1a: Aromatisse
|-damage|p1a: Aromatisse|0 fnt
|faint|p1a: Aromatisse
|
|upkeep
|
|t:|1653567114
|switch|p1a: Scrafty|Scrafty, M|100/100
|turn|12
|-activate|p1a: Scrafty|item: Quick Claw
|
|t:|1653567118
|move|p1a: Scrafty|Knock Off|p2a: Flapple
|-damage|p2a: Flapple|40/100
|-enditem|p2a: Flapple|Liechi Berry|[from] move: Knock Off|[of] p1a: Scrafty
|move|p2a: Flapple|Dragon Dance|p2a: Flapple
|-boost|p2a: Flapple|atk|1
|-boost|p2a: Flapple|spe|1
|
|upkeep
|turn|13
|
|t:|1653567127
|move|p2a: Flapple|Acrobatics|p1a: Scrafty
|-supereffective|p1a: Scrafty
|-damage|p1a: Scrafty|0 fnt
|faint|p1a: Scrafty
|
|upkeep
|
|t:|1653567135
|switch|p1a: Silvally|Silvally|100/100
|turn|14
|
|t:|1653567141
|move|p2a: Flapple|Grav Apple|p1a: Silvally|[miss]
|-miss|p2a: Flapple|p1a: Silvally
|move|p1a: Silvally|Multi-Attack|p2a: Flapple
|-damage|p2a: Flapple|0 fnt
|faint|p2a: Flapple
|
|upkeep
|
|t:|1653567143
|switch|p2a: Archeops|Archeops, M|4/100
|turn|15
|
|t:|1653567151
|move|p2a: Archeops|Roost|p2a: Archeops
|-heal|p2a: Archeops|54/100
|-singleturn|p2a: Archeops|move: Roost
|move|p1a: Silvally|Flame Charge|p2a: Archeops
|-resisted|p2a: Archeops
|-damage|p2a: Archeops|42/100
|-boost|p1a: Silvally|spe|1
|
|upkeep
|turn|16
|-activate|p1a: Silvally|item: Quick Claw
|
|t:|1653567161
|move|p1a: Silvally|Swords Dance|p1a: Silvally
|-boost|p1a: Silvally|atk|2
|move|p2a: Archeops|Roost|p2a: Archeops
|-heal|p2a: Archeops|92/100
|-singleturn|p2a: Archeops|move: Roost
|
|upkeep
|turn|17
|
|t:|1653567169
|move|p2a: Archeops|Stone Edge|p1a: Silvally|[miss]
|-miss|p2a: Archeops|p1a: Silvally
|move|p1a: Silvally|Crunch|p2a: Archeops
|-damage|p2a: Archeops|9/100
|
|upkeep
|turn|18
|-message|yassy slay forfeited.
|
|win|Down2bdown
|raw|Down2bdown's rating: 1350 &rarr; <strong>1380</strong><br />(+30 for winning)
|raw|yassy slay's rating: 1545 &rarr; <strong>1515</strong><br />(-30 for losing)
