|j|‽ihavelowgxe
|j|☆A floor mat
|t:|1615212826
|player|p1|ihavelowgxe|ethan|1538
|player|p2|A floor mat|unknown|1427
|teamsize|p1|6
|teamsize|p2|6
|gametype|singles
|gen|8
|tier|[Gen 8] PU
|rated|
|clearpoke
|poke|p1|Archeops, F|
|poke|p1|Coalossal, F|
|poke|p1|Virizion|
|poke|p1|Weezing, M|
|poke|p1|Throh, M|
|poke|p1|Aromatisse, M|
|poke|p2|Vanilluxe, M|
|poke|p2|Arctovish|
|poke|p2|Sandslash-Alola, M|
|poke|p2|Aurorus, M|
|poke|p2|Froslass, F|
|poke|p2|Lycanroc, F|
|rule|Sleep Clause Mod: Limit one foe put to sleep
|rule|Species Clause: Limit one of each Pokémon
|rule|OHKO Clause: OHKO moves are banned
|rule|Evasion Moves Clause: Evasion moves are banned
|rule|Endless Battle Clause: Forcing endless battles is banned
|rule|HP Percentage Mod: HP is shown in percentages
|rule|Dynamax Clause: You cannot dynamax
|teampreview
|inactive|Battle timer is ON: inactive players will automatically lose when time's up. (requested by ihavelowgxe)
|c|☆A floor mat|hf!
|
|t:|1615212850
|start
|switch|p1a: Weezing|Weezing, M|100/100
|switch|p2a: Ice Ice Baby|Vanilluxe, M|100/100
|-weather|Hail|[from] ability: Snow Warning|[of] p2a: Ice Ice Baby
|turn|1
|
|t:|1615212856
|switch|p1a: Coalossal|Coalossal, F|100/100
|move|p2a: Ice Ice Baby|Blizzard|p1a: Coalossal
|-resisted|p1a: Coalossal
|-damage|p1a: Coalossal|78/100
|
|-weather|Hail|[upkeep]
|-damage|p1a: Coalossal|72/100|[from] Hail
|upkeep
|turn|2
|
|t:|1615212864
|switch|p2a: Run Run Rudolph|Lycanroc, F|100/100
|move|p1a: Coalossal|Stealth Rock|p2a: Run Run Rudolph
|-sidestart|p2: A floor mat|move: Stealth Rock
|
|-weather|Hail|[upkeep]
|-damage|p2a: Run Run Rudolph|94/100|[from] Hail
|-damage|p1a: Coalossal|66/100|[from] Hail
|upkeep
|turn|3
|
|t:|1615212871
|switch|p1a: Throh|Throh, M|100/100
|move|p2a: Run Run Rudolph|Stealth Rock|p1a: Throh
|-sidestart|p1: ihavelowgxe|move: Stealth Rock
|
|-weather|Hail|[upkeep]
|-damage|p2a: Run Run Rudolph|88/100|[from] Hail
|-damage|p1a: Throh|94/100|[from] Hail
|-heal|p1a: Throh|100/100|[from] item: Leftovers
|upkeep
|turn|4
|
|t:|1615212879
|switch|p2a: Coldest Winter|Froslass, F|100/100
|move|p1a: Throh|Circle Throw|p2a: Coldest Winter
|-immune|p2a: Coldest Winter
|
|-weather|Hail|[upkeep]
|-damage|p1a: Throh|94/100|[from] Hail
|-heal|p1a: Throh|100/100|[from] item: Leftovers
|upkeep
|turn|5
|
|t:|1615212889
|move|p2a: Coldest Winter|Blizzard|p1a: Throh
|-damage|p1a: Throh|73/100
|move|p1a: Throh|Knock Off|p2a: Coldest Winter
|-supereffective|p2a: Coldest Winter
|-damage|p2a: Coldest Winter|31/100
|-enditem|p2a: Coldest Winter|Heavy-Duty Boots|[from] move: Knock Off|[of] p1a: Throh
|
|-weather|Hail|[upkeep]
|-damage|p1a: Throh|66/100|[from] Hail
|-heal|p1a: Throh|73/100|[from] item: Leftovers
|upkeep
|turn|6
|
|t:|1615212898
|move|p2a: Coldest Winter|Destiny Bond|p2a: Coldest Winter
|-singlemove|p2a: Coldest Winter|Destiny Bond
|move|p1a: Throh|Bulk Up|p1a: Throh
|-boost|p1a: Throh|atk|1
|-boost|p1a: Throh|def|1
|
|-weather|Hail|[upkeep]
|-damage|p1a: Throh|66/100|[from] Hail
|-heal|p1a: Throh|73/100|[from] item: Leftovers
|upkeep
|turn|7
|
|t:|1615212907
|move|p2a: Coldest Winter|Blizzard|p1a: Throh
|-damage|p1a: Throh|48/100
|move|p1a: Throh|Knock Off|p2a: Coldest Winter|[miss]
|-miss|p1a: Throh|p2a: Coldest Winter
|
|-weather|Hail|[upkeep]
|-damage|p1a: Throh|42/100|[from] Hail
|-heal|p1a: Throh|48/100|[from] item: Leftovers
|upkeep
|turn|8
|
|t:|1615212915
|move|p2a: Coldest Winter|Blizzard|p1a: Throh
|-damage|p1a: Throh|22/100
|move|p1a: Throh|Rest|p1a: Throh
|-status|p1a: Throh|slp|[from] move: Rest
|-heal|p1a: Throh|100/100 slp|[silent]
|
|-weather|none
|upkeep
|turn|9
|
|t:|1615212930
|move|p2a: Coldest Winter|Spikes|p1a: Throh
|-sidestart|p1: ihavelowgxe|Spikes
|cant|p1a: Throh|slp
|
|upkeep
|turn|10
|
|t:|1615212934
|move|p2a: Coldest Winter|Spikes|p1a: Throh
|-sidestart|p1: ihavelowgxe|Spikes
|cant|p1a: Throh|slp
|
|upkeep
|turn|11
|
|t:|1615212938
|move|p2a: Coldest Winter|Destiny Bond|p2a: Coldest Winter
|-singlemove|p2a: Coldest Winter|Destiny Bond
|-curestatus|p1a: Throh|slp|[msg]
|move|p1a: Throh|Bulk Up|p1a: Throh
|-boost|p1a: Throh|atk|1
|-boost|p1a: Throh|def|1
|
|upkeep
|turn|12
|
|t:|1615212946
|move|p2a: Coldest Winter|Shadow Ball|p1a: Throh
|-damage|p1a: Throh|83/100
|-unboost|p1a: Throh|spd|1
|move|p1a: Throh|Knock Off|p2a: Coldest Winter
|-supereffective|p2a: Coldest Winter
|-damage|p2a: Coldest Winter|0 fnt
|faint|p2a: Coldest Winter
|
|-heal|p1a: Throh|89/100|[from] item: Leftovers
|upkeep
|
|t:|1615212958
|switch|p2a: Ice Ice Baby|Vanilluxe, M|100/100
|-damage|p2a: Ice Ice Baby|76/100|[from] Stealth Rock
|-weather|Hail|[from] ability: Snow Warning|[of] p2a: Ice Ice Baby
|turn|13
|
|t:|1615212967
|move|p2a: Ice Ice Baby|Blizzard|p1a: Throh
|-damage|p1a: Throh|41/100
|move|p1a: Throh|Circle Throw|p2a: Ice Ice Baby
|-supereffective|p2a: Ice Ice Baby
|-damage|p2a: Ice Ice Baby|0 fnt
|faint|p2a: Ice Ice Baby
|
|-weather|Hail|[upkeep]
|-damage|p1a: Throh|35/100|[from] Hail
|-heal|p1a: Throh|41/100|[from] item: Leftovers
|upkeep
|
|t:|1615212978
|switch|p2a: Bright Lights|Aurorus, M|100/100
|-damage|p2a: Bright Lights|76/100|[from] Stealth Rock
|turn|14
|
|t:|1615212984
|move|p2a: Bright Lights|Blizzard|p1a: Throh
|-damage|p1a: Throh|0 fnt
|faint|p1a: Throh
|
|-weather|Hail|[upkeep]
|upkeep
|
|t:|1615212994
|switch|p1a: Archeops|Archeops, F|100/100
|turn|15
|
|t:|1615212997
|switch|p2a: Run Run Rudolph|Lycanroc, F|88/100
|-damage|p2a: Run Run Rudolph|76/100|[from] Stealth Rock
|move|p1a: Archeops|Earthquake|p2a: Run Run Rudolph
|-supereffective|p2a: Run Run Rudolph
|-damage|p2a: Run Run Rudolph|0 fnt
|faint|p2a: Run Run Rudolph
|
|-weather|Hail|[upkeep]
|-damage|p1a: Archeops|94/100|[from] Hail
|upkeep
|
|t:|1615213011
|switch|p2a: Upside Down|Arctovish|100/100
|-damage|p2a: Upside Down|76/100|[from] Stealth Rock
|turn|16
|
|t:|1615213028
|switch|p1a: Coalossal|Coalossal, F|66/100
|move|p2a: Upside Down|Fishious Rend|p1a: Coalossal
|-supereffective|p1a: Coalossal
|-damage|p1a: Coalossal|0 fnt
|-damage|p2a: Upside Down|66/100|[from] item: Life Orb
|faint|p1a: Coalossal
|
|-weather|Hail|[upkeep]
|upkeep
|
|t:|1615213034
|switch|p1a: Weezing|Weezing, M|100/100
|-damage|p1a: Weezing|88/100|[from] Stealth Rock
|turn|17
|
|t:|1615213039
|move|p2a: Upside Down|Substitute|p2a: Upside Down
|-start|p2a: Upside Down|Substitute
|-damage|p2a: Upside Down|41/100
|move|p1a: Weezing|Sludge Bomb|p2a: Upside Down
|-end|p2a: Upside Down|Substitute
|
|-weather|Hail|[upkeep]
|-damage|p1a: Weezing|82/100|[from] Hail
|upkeep
|turn|18
|
|t:|1615213046
|move|p2a: Upside Down|Fishious Rend|p1a: Weezing
|-damage|p1a: Weezing|27/100
|-damage|p2a: Upside Down|24/100|[from] item: Rocky Helmet|[of] p1a: Weezing
|-damage|p2a: Upside Down|14/100|[from] item: Life Orb
|move|p1a: Weezing|Sludge Bomb|p2a: Upside Down
|-damage|p2a: Upside Down|0 fnt
|faint|p2a: Upside Down
|
|-weather|Hail|[upkeep]
|-damage|p1a: Weezing|21/100|[from] Hail
|upkeep
|
|t:|1615213056
|switch|p2a: Let It Snow|Sandslash-Alola, M|100/100
|-damage|p2a: Let It Snow|88/100|[from] Stealth Rock
|turn|19
|
|t:|1615213061
|move|p2a: Let It Snow|Icicle Spear|p1a: Weezing
|-damage|p1a: Weezing|9/100
|-damage|p1a: Weezing|0 fnt
|-hitcount|p1a: Weezing|2
|faint|p1a: Weezing
|
|-weather|Hail|[upkeep]
|upkeep
|
|t:|1615213066
|switch|p1a: Aromatisse|Aromatisse, M|100/100
|-damage|p1a: Aromatisse|88/100|[from] Stealth Rock
|-damage|p1a: Aromatisse|72/100|[from] Spikes
|turn|20
|
|t:|1615213070
|move|p1a: Aromatisse|Protect|p1a: Aromatisse
|-singleturn|p1a: Aromatisse|Protect
|move|p2a: Let It Snow|Icicle Spear|p1a: Aromatisse
|-activate|p1a: Aromatisse|move: Protect
|
|-weather|none
|-heal|p1a: Aromatisse|78/100|[from] item: Leftovers
|upkeep
|turn|21
|
|t:|1615213077
|switch|p2a: Bright Lights|Aurorus, M|76/100
|-damage|p2a: Bright Lights|51/100|[from] Stealth Rock
|-weather|Hail|[from] ability: Snow Warning|[of] p2a: Bright Lights
|move|p1a: Aromatisse|Wish|p1a: Aromatisse
|
|-weather|Hail|[upkeep]
|-damage|p1a: Aromatisse|72/100|[from] Hail
|-heal|p1a: Aromatisse|78/100|[from] item: Leftovers
|upkeep
|turn|22
|
|t:|1615213086
|move|p2a: Bright Lights|Blizzard|p1a: Aromatisse
|-damage|p1a: Aromatisse|45/100
|move|p1a: Aromatisse|Moonblast|p2a: Bright Lights
|-damage|p2a: Bright Lights|20/100
|-unboost|p2a: Bright Lights|spa|1
|
|-weather|Hail|[upkeep]
|-damage|p1a: Aromatisse|39/100|[from] Hail
|-heal|p1a: Aromatisse|89/100|[from] move: Wish|[wisher] Aromatisse
|-heal|p1a: Aromatisse|95/100|[from] item: Leftovers
|upkeep
|turn|23
|
|t:|1615213097
|switch|p2a: Let It Snow|Sandslash-Alola, M|88/100
|-damage|p2a: Let It Snow|76/100|[from] Stealth Rock
|move|p1a: Aromatisse|Protect||[still]
|-fail|p1a: Aromatisse
|
|-weather|Hail|[upkeep]
|-damage|p1a: Aromatisse|89/100|[from] Hail
|-heal|p1a: Aromatisse|95/100|[from] item: Leftovers
|upkeep
|turn|24
|
|t:|1615213107
|move|p1a: Aromatisse|Protect|p1a: Aromatisse
|-singleturn|p1a: Aromatisse|Protect
|move|p2a: Let It Snow|Iron Head|p1a: Aromatisse
|-activate|p1a: Aromatisse|move: Protect
|
|-weather|Hail|[upkeep]
|-damage|p1a: Aromatisse|89/100|[from] Hail
|-heal|p1a: Aromatisse|95/100|[from] item: Leftovers
|upkeep
|turn|25
|
|t:|1615213117
|move|p2a: Let It Snow|Iron Head|p1a: Aromatisse
|-supereffective|p1a: Aromatisse
|-damage|p1a: Aromatisse|0 fnt
|faint|p1a: Aromatisse
|
|-weather|Hail|[upkeep]
|upkeep
|
|t:|1615213122
|switch|p1a: Virizion|Virizion|100/100
|-damage|p1a: Virizion|84/100|[from] Spikes
|-damage|p1a: Virizion|78/100|[from] Stealth Rock
|turn|26
|
|t:|1615213129
|switch|p2a: Bright Lights|Aurorus, M|20/100
|-damage|p2a: Bright Lights|0 fnt|[from] Stealth Rock
|faint|p2a: Bright Lights
|move|p1a: Virizion|Giga Drain|p2: Bright Lights|[notarget]
|-fail|p1a: Virizion
|
|-weather|Hail|[upkeep]
|-damage|p1a: Virizion|72/100|[from] Hail
|upkeep
|
|t:|1615213137
|switch|p2a: Let It Snow|Sandslash-Alola, M|76/100
|-damage|p2a: Let It Snow|63/100|[from] Stealth Rock
|turn|27
|
|t:|1615213141
|move|p2a: Let It Snow|Icicle Spear|p1a: Virizion
|-supereffective|p1a: Virizion
|-damage|p1a: Virizion|15/100
|-supereffective|p1a: Virizion
|-damage|p1a: Virizion|0 fnt
|-hitcount|p1a: Virizion|2
|faint|p1a: Virizion
|
|-weather|Hail|[upkeep]
|upkeep
|
|t:|1615213143
|switch|p1a: Archeops|Archeops, F|94/100
|turn|28
|
|t:|1615213149
|move|p2a: Let It Snow|Icicle Spear|p1a: Archeops
|-supereffective|p1a: Archeops
|-damage|p1a: Archeops|34/100
|-supereffective|p1a: Archeops
|-damage|p1a: Archeops|0 fnt
|-hitcount|p1a: Archeops|2
|faint|p1a: Archeops
|
|win|A floor mat
|raw|ihavelowgxe's rating: 1538 &rarr; <strong>1512</strong><br />(-26 for losing)
|raw|A floor mat's rating: 1427 &rarr; <strong>1453</strong><br />(+26 for winning)
|l|‽ihavelowgxe
|c|☆A floor mat|gg
