|raw|<div class="broadcast-blue"><strong>This battle is required to be public due to a player having a name starting with 'pult94d'.</div>
|j|☆Presepevivente
|j|☆pult94d baby keem
|t:|1628847370
|gametype|singles
|player|p1|Presepevivente|depotagent|1373
|player|p2|pult94d baby keem|dragontamer|1489
|teamsize|p1|6
|teamsize|p2|6
|gen|8
|tier|[Gen 8] PU
|rated|
|rule|Sleep Clause Mod: Limit one foe put to sleep
|rule|Species Clause: Limit one of each Pokémon
|rule|OHKO Clause: OHKO moves are banned
|rule|Evasion Moves Clause: Evasion moves are banned
|rule|Endless Battle Clause: Forcing endless battles is banned
|rule|HP Percentage Mod: HP is shown in percentages
|rule|Dynamax Clause: You cannot dynamax
|clearpoke
|poke|p1|Eldegoss, M|
|poke|p1|Arctozolt|
|poke|p1|Sandslash-Alola, F|
|poke|p1|Carbink|
|poke|p1|Cofagrigus, M|
|poke|p1|Articuno-Galar|
|poke|p2|Silvally-*|
|poke|p2|Audino, F|
|poke|p2|Weezing, F|
|poke|p2|Clefairy, M|
|poke|p2|Quagsire, F|
|poke|p2|Mesprit|
|teampreview
|
|t:|1628847385
|start
|switch|p1a: Carbink|Carbink|100/100
|switch|p2a: Clefairy|Clefairy, M|100/100
|turn|1
|
|t:|1628847389
|move|p1a: Carbink|Magic Coat|p1a: Carbink
|-singleturn|p1a: Carbink|move: Magic Coat
|move|p2a: Clefairy|Stealth Rock|p1a: Carbink
|move|p1a: Carbink|Stealth Rock|p2a: Clefairy|[from]Magic Coat
|-sidestart|p2: pult94d baby keem|move: Stealth Rock
|
|upkeep
|turn|2
|
|t:|1628847396
|move|p1a: Carbink|Hail|p1a: Carbink
|-weather|Hail
|move|p2a: Clefairy|Stealth Rock|p1a: Carbink
|-sidestart|p1: Presepevivente|move: Stealth Rock
|
|-weather|Hail|[upkeep]
|-damage|p1a: Carbink|95/100|[from] Hail
|upkeep
|turn|3
|
|t:|1628847404
|switch|p1a: Arctozolt|Arctozolt|100/100
|-damage|p1a: Arctozolt|76/100|[from] Stealth Rock
|switch|p2a: Quagsire|Quagsire, F|100/100
|-damage|p2a: Quagsire|94/100|[from] Stealth Rock
|
|-weather|Hail|[upkeep]
|-damage|p2a: Quagsire|88/100|[from] Hail
|-heal|p2a: Quagsire|94/100|[from] item: Leftovers
|upkeep
|turn|4
|
|t:|1628847409
|move|p1a: Arctozolt|Freeze-Dry|p2a: Quagsire
|-supereffective|p2a: Quagsire
|-damage|p2a: Quagsire|0 fnt
|faint|p2a: Quagsire
|-damage|p1a: Arctozolt|66/100|[from] item: Life Orb
|
|-weather|Hail|[upkeep]
|upkeep
|
|t:|1628847413
|switch|p2a: Weezing|Weezing, F|100/100
|-ability|p2a: Weezing|Neutralizing Gas
|-damage|p2a: Weezing|88/100|[from] Stealth Rock
|turn|5
|
|t:|1628847420
|switch|p1a: Articuno|Articuno-Galar|100/100
|move|p2a: Weezing|Will-O-Wisp|p1a: Articuno
|-status|p1a: Articuno|brn
|
|-weather|Hail|[upkeep]
|-damage|p1a: Articuno|94/100 brn|[from] Hail
|-damage|p2a: Weezing|82/100|[from] Hail
|-damage|p1a: Articuno|88/100 brn|[from] brn
|upkeep
|turn|6
|
|t:|1628847425
|-end|p2a: Weezing|ability: Neutralizing Gas
|switch|p2a: Clefairy|Clefairy, M|100/100
|move|p1a: Articuno|Future Sight|p2a: Clefairy
|-start|p1a: Articuno|move: Future Sight
|
|-weather|Hail|[upkeep]
|-damage|p1a: Articuno|82/100 brn|[from] Hail
|-damage|p1a: Articuno|76/100 brn|[from] brn
|upkeep
|turn|7
|
|t:|1628847436
|switch|p1a: Sandslash|Sandslash-Alola, F|100/100
|-damage|p1a: Sandslash|88/100|[from] Stealth Rock
|move|p2a: Clefairy|Seismic Toss|p1a: Sandslash
|-damage|p1a: Sandslash|54/100
|
|-weather|Hail|[upkeep]
|upkeep
|turn|8
|
|t:|1628847444
|switch|p2a: Silvally|Silvally-Steel|100/100
|-damage|p2a: Silvally|94/100|[from] Stealth Rock
|move|p1a: Sandslash|Rapid Spin|p2a: Silvally
|-resisted|p2a: Silvally
|-damage|p2a: Silvally|88/100
|-boost|p1a: Sandslash|spe|1
|-sideend|p1: Presepevivente|Stealth Rock|[from] move: Rapid Spin|[of] p1a: Sandslash
|
|-weather|Hail|[upkeep]
|-damage|p2a: Silvally|82/100|[from] Hail
|-end|p2a: Silvally|move: Future Sight
|-resisted|p2a: Silvally
|-damage|p2a: Silvally|62/100
|upkeep
|turn|9
|
|t:|1628847452
|switch|p1a: Cofagrigus|Cofagrigus, M|100/100
|move|p2a: Silvally|Flamethrower|p1a: Cofagrigus
|-damage|p1a: Cofagrigus|85/100
|
|-weather|none
|upkeep
|turn|10
|
|t:|1628847457
|move|p2a: Silvally|Defog|p1a: Cofagrigus
|-unboost|p1a: Cofagrigus|evasion|1
|-sideend|p2: pult94d baby keem|Stealth Rock|[from] move: Defog|[of] p2a: Silvally
|move|p1a: Cofagrigus|Iron Defense|p1a: Cofagrigus
|-boost|p1a: Cofagrigus|def|2
|
|upkeep
|turn|11
|
|t:|1628847464
|switch|p2a: Clefairy|Clefairy, M|100/100
|switch|p1a: Articuno|Articuno-Galar|76/100 brn
|
|-damage|p1a: Articuno|69/100 brn|[from] brn
|upkeep
|turn|12
|
|t:|1628847469
|move|p1a: Articuno|Future Sight|p2a: Clefairy
|-start|p1a: Articuno|move: Future Sight
|move|p2a: Clefairy|Stealth Rock|p1a: Articuno
|-sidestart|p1: Presepevivente|move: Stealth Rock
|
|-damage|p1a: Articuno|63/100 brn|[from] brn
|upkeep
|turn|13
|
|t:|1628847476
|switch|p1a: Carbink|Carbink|95/100
|-damage|p1a: Carbink|82/100|[from] Stealth Rock
|move|p2a: Clefairy|Seismic Toss|p1a: Carbink
|-damage|p1a: Carbink|49/100
|
|upkeep
|turn|14
|
|t:|1628847483
|move|p1a: Carbink|Stealth Rock|p2a: Clefairy
|-sidestart|p2: pult94d baby keem|move: Stealth Rock
|move|p2a: Clefairy|Seismic Toss|p1a: Carbink
|-damage|p1a: Carbink|16/100
|
|-end|p2a: Clefairy|move: Future Sight
|-damage|p2a: Clefairy|62/100
|upkeep
|turn|15
|
|t:|1628847488
|move|p1a: Carbink|Hail|p1a: Carbink
|-weather|Hail
|move|p2a: Clefairy|Soft-Boiled|p2a: Clefairy
|-heal|p2a: Clefairy|100/100
|
|-weather|Hail|[upkeep]
|-damage|p1a: Carbink|10/100|[from] Hail
|upkeep
|turn|16
|
|t:|1628847493
|move|p1a: Carbink|Misty Explosion|p2a: Clefairy
|-damage|p2a: Clefairy|88/100
|faint|p1a: Carbink
|move|p2a: Clefairy|Soft-Boiled|p2a: Clefairy
|-heal|p2a: Clefairy|100/100
|
|-weather|Hail|[upkeep]
|upkeep
|
|t:|1628847498
|switch|p1a: Sandslash|Sandslash-Alola, F|54/100
|-damage|p1a: Sandslash|41/100|[from] Stealth Rock
|turn|17
|
|t:|1628847503
|switch|p2a: Weezing|Weezing, F|82/100
|-ability|p2a: Weezing|Neutralizing Gas
|-damage|p2a: Weezing|70/100|[from] Stealth Rock
|move|p1a: Sandslash|Rapid Spin|p2a: Weezing
|-damage|p2a: Weezing|60/100
|-boost|p1a: Sandslash|spe|1
|-damage|p1a: Sandslash|25/100|[from] item: Rocky Helmet|[of] p2a: Weezing
|-sideend|p1: Presepevivente|Stealth Rock|[from] move: Rapid Spin|[of] p1a: Sandslash
|
|-weather|Hail|[upkeep]
|-damage|p2a: Weezing|54/100|[from] Hail
|upkeep
|turn|18
|
|t:|1628847514
|switch|p1a: Eldegoss|Eldegoss, M|100/100
|-end|p2a: Weezing|ability: Neutralizing Gas
|switch|p2a: Audino|Audino, F|100/100
|
|-weather|Hail|[upkeep]
|-damage|p1a: Eldegoss|94/100|[from] Hail
|-damage|p2a: Audino|94/100|[from] Hail
|upkeep
|turn|19
|
|t:|1628847519
|move|p1a: Eldegoss|Sleep Powder|p2a: Audino
|-status|p2a: Audino|slp|[from] move: Sleep Powder
|cant|p2a: Audino|slp
|
|-weather|Hail|[upkeep]
|-damage|p1a: Eldegoss|88/100|[from] Hail
|-damage|p2a: Audino|88/100 slp|[from] Hail
|upkeep
|turn|20
|
|t:|1628847524
|switch|p1a: Arctozolt|Arctozolt|66/100
|-curestatus|p2a: Audino|slp|[msg]
|move|p2a: Audino|Wish|p2a: Audino
|
|-weather|Hail|[upkeep]
|-damage|p2a: Audino|82/100|[from] Hail
|upkeep
|turn|21
|
|t:|1628847529
|move|p1a: Arctozolt|Bolt Beak|p2a: Audino
|-damage|p2a: Audino|0 fnt
|faint|p2a: Audino
|-damage|p1a: Arctozolt|56/100|[from] item: Life Orb
|
|-weather|Hail|[upkeep]
|upkeep
|
|t:|1628847533
|switch|p2a: Weezing|Weezing, F|54/100
|-ability|p2a: Weezing|Neutralizing Gas
|-damage|p2a: Weezing|42/100|[from] Stealth Rock
|turn|22
|
|t:|1628847537
|move|p1a: Arctozolt|Bolt Beak|p2a: Weezing
|-damage|p2a: Weezing|0 fnt
|-damage|p1a: Arctozolt|40/100|[from] item: Rocky Helmet|[of] p2a: Weezing
|faint|p2a: Weezing
|-end|p2a: Weezing|ability: Neutralizing Gas
|-damage|p1a: Arctozolt|30/100|[from] item: Life Orb
|
|-weather|none
|upkeep
|
|t:|1628847543
|switch|p2a: Silvally|Silvally-Steel|62/100
|-damage|p2a: Silvally|55/100|[from] Stealth Rock
|turn|23
|
|t:|1628847548
|switch|p1a: Cofagrigus|Cofagrigus, M|85/100
|move|p2a: Silvally|Defog|p1a: Cofagrigus
|-unboost|p1a: Cofagrigus|evasion|1
|-sideend|p2: pult94d baby keem|Stealth Rock|[from] move: Defog|[of] p2a: Silvally
|
|upkeep
|turn|24
|
|t:|1628847560
|switch|p2a: Clefairy|Clefairy, M|100/100
|move|p1a: Cofagrigus|Body Press|p2a: Clefairy
|-resisted|p2a: Clefairy
|-damage|p2a: Clefairy|85/100
|
|upkeep
|turn|25
|
|t:|1628847564
|switch|p1a: Sandslash|Sandslash-Alola, F|25/100
|move|p2a: Clefairy|Stealth Rock|p1a: Sandslash
|-sidestart|p1: Presepevivente|move: Stealth Rock
|
|upkeep
|turn|26
|
|t:|1628847568
|move|p1a: Sandslash|Hail|p1a: Sandslash
|-weather|Hail
|move|p2a: Clefairy|Seismic Toss|p1a: Sandslash
|-damage|p1a: Sandslash|0 fnt
|faint|p1a: Sandslash
|
|-weather|Hail|[upkeep]
|upkeep
|
|t:|1628847576
|switch|p1a: Arctozolt|Arctozolt|30/100
|-damage|p1a: Arctozolt|5/100|[from] Stealth Rock
|turn|27
|
|t:|1628847587
|switch|p2a: Silvally|Silvally-Steel|55/100
|move|p1a: Arctozolt|Bolt Beak|p2a: Silvally
|-damage|p2a: Silvally|0 fnt
|faint|p2a: Silvally
|-damage|p1a: Arctozolt|0 fnt|[from] item: Life Orb
|faint|p1a: Arctozolt
|
|-weather|Hail|[upkeep]
|upkeep
|
|t:|1628847591
|switch|p2a: Clefairy|Clefairy, M|85/100
|switch|p1a: Eldegoss|Eldegoss, M|100/100
|-damage|p1a: Eldegoss|88/100|[from] Stealth Rock
|turn|28
|
|t:|1628847593
|move|p1a: Eldegoss|Sleep Powder|p2a: Clefairy
|-status|p2a: Clefairy|slp|[from] move: Sleep Powder
|cant|p2a: Clefairy|slp
|
|-weather|Hail|[upkeep]
|-damage|p1a: Eldegoss|82/100|[from] Hail
|upkeep
|turn|29
|
|t:|1628847596
|switch|p2a: Mesprit|Mesprit|100/100
|move|p1a: Eldegoss|Weather Ball|p2a: Mesprit
|-damage|p2a: Mesprit|70/100
|-damage|p1a: Eldegoss|72/100|[from] item: Life Orb
|
|-weather|Hail|[upkeep]
|-damage|p1a: Eldegoss|66/100|[from] Hail
|-damage|p2a: Mesprit|64/100|[from] Hail
|upkeep
|turn|30
|
|t:|1628847599
|move|p1a: Eldegoss|Pollen Puff|p2a: Mesprit
|-supereffective|p2a: Mesprit
|-damage|p2a: Mesprit|6/100
|-damage|p1a: Eldegoss|56/100|[from] item: Life Orb
|move|p2a: Mesprit|Calm Mind|p2a: Mesprit
|-boost|p2a: Mesprit|spa|1
|-boost|p2a: Mesprit|spd|1
|
|-weather|Hail|[upkeep]
|-damage|p1a: Eldegoss|50/100|[from] Hail
|-damage|p2a: Mesprit|0 fnt|[from] Hail
|faint|p2a: Mesprit
|upkeep
|
|t:|1628847601
|switch|p2a: Clefairy|Clefairy, M|85/100 slp
|turn|31
|
|t:|1628847607
|move|p1a: Eldegoss|Giga Drain|p2a: Clefairy
|-damage|p2a: Clefairy|58/100 slp
|-heal|p1a: Eldegoss|68/100|[from] drain|[of] p2a: Clefairy
|-damage|p1a: Eldegoss|58/100|[from] item: Life Orb
|cant|p2a: Clefairy|slp
|
|-weather|Hail|[upkeep]
|-damage|p1a: Eldegoss|51/100|[from] Hail
|upkeep
|turn|32
|
|t:|1628847615
|move|p1a: Eldegoss|Giga Drain|p2a: Clefairy
|-damage|p2a: Clefairy|33/100 slp
|-heal|p1a: Eldegoss|68/100|[from] drain|[of] p2a: Clefairy
|-damage|p1a: Eldegoss|58/100|[from] item: Life Orb
|cant|p2a: Clefairy|slp
|
|-weather|Hail|[upkeep]
|-damage|p1a: Eldegoss|52/100|[from] Hail
|upkeep
|turn|33
|
|t:|1628847622
|move|p1a: Eldegoss|Giga Drain|p2a: Clefairy
|-damage|p2a: Clefairy|9/100 slp
|-heal|p1a: Eldegoss|68/100|[from] drain|[of] p2a: Clefairy
|-damage|p1a: Eldegoss|58/100|[from] item: Life Orb
|-curestatus|p2a: Clefairy|slp|[msg]
|move|p2a: Clefairy|Soft-Boiled|p2a: Clefairy
|-heal|p2a: Clefairy|59/100
|
|-weather|none
|upkeep
|turn|34
|
|t:|1628847630
|move|p1a: Eldegoss|Sleep Powder|p2a: Clefairy
|-status|p2a: Clefairy|slp|[from] move: Sleep Powder
|cant|p2a: Clefairy|slp
|
|upkeep
|turn|35
|
|t:|1628847632
|move|p1a: Eldegoss|Giga Drain|p2a: Clefairy
|-damage|p2a: Clefairy|34/100 slp
|-heal|p1a: Eldegoss|74/100|[from] drain|[of] p2a: Clefairy
|-damage|p1a: Eldegoss|64/100|[from] item: Life Orb
|cant|p2a: Clefairy|slp
|
|upkeep
|turn|36
|
|t:|1628847638
|move|p1a: Eldegoss|Sleep Powder|p2a: Clefairy
|-fail|p2a: Clefairy|slp
|cant|p2a: Clefairy|slp
|
|upkeep
|turn|37
|
|t:|1628847642
|move|p1a: Eldegoss|Giga Drain|p2a: Clefairy
|-damage|p2a: Clefairy|10/100 slp
|-heal|p1a: Eldegoss|80/100|[from] drain|[of] p2a: Clefairy
|-damage|p1a: Eldegoss|70/100|[from] item: Life Orb
|-curestatus|p2a: Clefairy|slp|[msg]
|move|p2a: Clefairy|Soft-Boiled|p2a: Clefairy
|-heal|p2a: Clefairy|60/100
|
|upkeep
|turn|38
|
|t:|1628847654
|move|p1a: Eldegoss|Giga Drain|p2a: Clefairy
|-damage|p2a: Clefairy|34/100
|-heal|p1a: Eldegoss|88/100|[from] drain|[of] p2a: Clefairy
|-damage|p1a: Eldegoss|78/100|[from] item: Life Orb
|move|p2a: Clefairy|Soft-Boiled|p2a: Clefairy
|-heal|p2a: Clefairy|84/100
|
|upkeep
|turn|39
|
|t:|1628847661
|move|p1a: Eldegoss|Giga Drain|p2a: Clefairy
|-damage|p2a: Clefairy|57/100
|-heal|p1a: Eldegoss|96/100|[from] drain|[of] p2a: Clefairy
|-damage|p1a: Eldegoss|86/100|[from] item: Life Orb
|move|p2a: Clefairy|Toxic|p1a: Eldegoss
|-status|p1a: Eldegoss|tox
|
|-damage|p1a: Eldegoss|79/100 tox|[from] psn
|upkeep
|turn|40
|
|t:|1628847669
|move|p1a: Eldegoss|Sleep Powder|p2a: Clefairy
|-status|p2a: Clefairy|slp|[from] move: Sleep Powder
|cant|p2a: Clefairy|slp
|
|-damage|p1a: Eldegoss|67/100 tox|[from] psn
|upkeep
|turn|41
|
|t:|1628847673
|move|p1a: Eldegoss|Giga Drain|p2a: Clefairy
|-damage|p2a: Clefairy|33/100 slp
|-heal|p1a: Eldegoss|83/100 tox|[from] drain|[of] p2a: Clefairy
|-damage|p1a: Eldegoss|73/100 tox|[from] item: Life Orb
|-curestatus|p2a: Clefairy|slp|[msg]
|move|p2a: Clefairy|Soft-Boiled|p2a: Clefairy
|-heal|p2a: Clefairy|84/100
|
|-damage|p1a: Eldegoss|55/100 tox|[from] psn
|upkeep
|turn|42
|
|t:|1628847683
|switch|p1a: Articuno|Articuno-Galar|63/100 brn
|move|p2a: Clefairy|Soft-Boiled|p2a: Clefairy
|-heal|p2a: Clefairy|100/100
|
|-damage|p1a: Articuno|57/100 brn|[from] brn
|upkeep
|turn|43
|
|t:|1628847687
|move|p1a: Articuno|Future Sight|p2a: Clefairy
|-start|p1a: Articuno|move: Future Sight
|move|p2a: Clefairy|Seismic Toss|p1a: Articuno
|-damage|p1a: Articuno|26/100 brn
|
|-damage|p1a: Articuno|20/100 brn|[from] brn
|upkeep
|turn|44
|
|t:|1628847693
|move|p1a: Articuno|Air Slash|p2a: Clefairy
|-damage|p2a: Clefairy|77/100
|move|p2a: Clefairy|Seismic Toss|p1a: Articuno
|-damage|p1a: Articuno|0 fnt
|faint|p1a: Articuno
|
|upkeep
|
|t:|1628847700
|switch|p1a: Eldegoss|Eldegoss, M|88/100 tox
|-damage|p1a: Eldegoss|76/100 tox|[from] Stealth Rock
|turn|45
|
|t:|1628847704
|move|p1a: Eldegoss|Sleep Powder|p2a: Clefairy
|-status|p2a: Clefairy|slp|[from] move: Sleep Powder
|cant|p2a: Clefairy|slp
|
|-end|p2a: Clefairy|move: Future Sight
|-damage|p2a: Clefairy|35/100 slp
|-damage|p1a: Eldegoss|69/100 tox|[from] psn
|upkeep
|turn|46
|
|t:|1628847708
|move|p1a: Eldegoss|Giga Drain|p2a: Clefairy
|-damage|p2a: Clefairy|10/100 slp
|-heal|p1a: Eldegoss|86/100 tox|[from] drain|[of] p2a: Clefairy
|-damage|p1a: Eldegoss|76/100 tox|[from] item: Life Orb
|cant|p2a: Clefairy|slp
|
|-damage|p1a: Eldegoss|64/100 tox|[from] psn
|upkeep
|turn|47
|
|t:|1628847714
|move|p1a: Eldegoss|Giga Drain|p2a: Clefairy
|-damage|p2a: Clefairy|0 fnt
|-heal|p1a: Eldegoss|71/100 tox|[from] drain|[of] p2a: Clefairy
|faint|p2a: Clefairy
|-damage|p1a: Eldegoss|61/100 tox|[from] item: Life Orb
|
|win|Presepevivente
|raw|Presepevivente's rating: 1373 &rarr; <strong>1399</strong><br />(+26 for winning)
|raw|pult94d baby keem's rating: 1489 &rarr; <strong>1463</strong><br />(-26 for losing)
|l|☆pult94d baby keem
|c|☆Presepevivente|Gg
