|j|☆HJAD
|j|☆bobbbo
|t:|1614889157
|player|p1|HJAD|lance-gen2|1393
|player|p2|bobbbo|caitlin|1246
|teamsize|p1|6
|teamsize|p2|6
|gametype|singles
|gen|8
|tier|[Gen 8] PU
|rated|
|clearpoke
|poke|p1|Clefairy, M|
|poke|p1|Garbodor, M|
|poke|p1|Kangaskhan, F|
|poke|p1|Lanturn, F|
|poke|p1|Talonflame, F|
|poke|p1|Cofagrigus, M|
|poke|p2|Frosmoth, M|
|poke|p2|Thwackey, M|
|poke|p2|Cryogonal|
|poke|p2|Lurantis, M|
|poke|p2|Regirock|
|poke|p2|Magmortar, F|
|rule|Sleep Clause Mod: Limit one foe put to sleep
|rule|Species Clause: Limit one of each Pokémon
|rule|OHKO Clause: OHKO moves are banned
|rule|Evasion Moves Clause: Evasion moves are banned
|rule|Endless Battle Clause: Forcing endless battles is banned
|rule|HP Percentage Mod: HP is shown in percentages
|rule|Dynamax Clause: You cannot dynamax
|teampreview
|inactive|Battle timer is ON: inactive players will automatically lose when time's up. (requested by bobbbo)
|c|☆HJAD|hf
|
|t:|1614889177
|start
|switch|p1a: Lanturn|Lanturn, F|100/100
|switch|p2a: Regirock|Regirock|100/100
|turn|1
|
|t:|1614889182
|switch|p2a: Thwackey|Thwackey, M|100/100
|-fieldstart|move: Grassy Terrain|[from] ability: Grassy Surge|[of] p2a: Thwackey
|move|p1a: Lanturn|Scald|p2a: Thwackey
|-resisted|p2a: Thwackey
|-damage|p2a: Thwackey|79/100
|-status|p2a: Thwackey|brn
|
|-heal|p2a: Thwackey|85/100 brn|[from] Grassy Terrain
|-damage|p2a: Thwackey|79/100 brn|[from] brn
|upkeep
|turn|2
|
|t:|1614889187
|switch|p1a: Garbodor|Garbodor, M|100/100
|move|p2a: Thwackey|U-turn|p1a: Garbodor
|-resisted|p1a: Garbodor
|-damage|p1a: Garbodor|94/100
|-damage|p2a: Thwackey|63/100 brn|[from] item: Rocky Helmet|[of] p1a: Garbodor
|
|t:|1614889191
|switch|p2a: Regirock|Regirock|100/100|[from]move: U-turn
|
|-heal|p1a: Garbodor|99/100|[from] Grassy Terrain
|upkeep
|turn|3
|
|t:|1614889196
|move|p1a: Garbodor|Spikes|p2a: Regirock
|-sidestart|p2: bobbbo|Spikes
|move|p2a: Regirock|Curse|p2a: Regirock
|-unboost|p2a: Regirock|spe|1
|-boost|p2a: Regirock|atk|1
|-boost|p2a: Regirock|def|1
|
|-heal|p1a: Garbodor|100/100|[from] Grassy Terrain
|upkeep
|turn|4
|
|t:|1614889208
|move|p1a: Garbodor|Corrosive Gas|p2a: Regirock
|-enditem|p2a: Regirock|Leftovers|[from] move: Corrosive Gas|[of] p1a: Garbodor
|move|p2a: Regirock|Curse|p2a: Regirock
|-unboost|p2a: Regirock|spe|1
|-boost|p2a: Regirock|atk|1
|-boost|p2a: Regirock|def|1
|
|upkeep
|turn|5
|
|t:|1614889217
|switch|p1a: Clefairy|Clefairy, M|100/100
|move|p2a: Regirock|Curse|p2a: Regirock
|-unboost|p2a: Regirock|spe|1
|-boost|p2a: Regirock|atk|1
|-boost|p2a: Regirock|def|1
|
|-fieldend|move: Grassy Terrain
|upkeep
|turn|6
|
|t:|1614889221
|move|p1a: Clefairy|Stealth Rock|p2a: Regirock
|-sidestart|p2: bobbbo|move: Stealth Rock
|move|p2a: Regirock|Rock Blast|p1a: Clefairy
|-damage|p1a: Clefairy|85/100
|-damage|p1a: Clefairy|68/100
|-hitcount|p1a: Clefairy|2
|
|upkeep
|turn|7
|
|t:|1614889225
|move|p1a: Clefairy|Moonblast|p2a: Regirock
|-damage|p2a: Regirock|85/100
|move|p2a: Regirock|Curse|p2a: Regirock
|-unboost|p2a: Regirock|spe|1
|-boost|p2a: Regirock|atk|1
|-boost|p2a: Regirock|def|1
|
|upkeep
|turn|8
|
|t:|1614889228
|move|p1a: Clefairy|Moonblast|p2a: Regirock
|-damage|p2a: Regirock|71/100
|move|p2a: Regirock|Curse|p2a: Regirock
|-unboost|p2a: Regirock|spe|1
|-boost|p2a: Regirock|atk|1
|-boost|p2a: Regirock|def|1
|
|upkeep
|turn|9
|
|t:|1614889237
|move|p1a: Clefairy|Moonblast|p2a: Regirock
|-damage|p2a: Regirock|56/100
|move|p2a: Regirock|Rock Blast|p1a: Clefairy
|-crit|p1a: Clefairy
|-damage|p1a: Clefairy|34/100
|-damage|p1a: Clefairy|11/100
|-hitcount|p1a: Clefairy|2
|
|upkeep
|turn|10
|
|t:|1614889241
|move|p1a: Clefairy|Moonblast|p2a: Regirock
|-damage|p2a: Regirock|41/100
|move|p2a: Regirock|Curse|p2a: Regirock
|-unboost|p2a: Regirock|spe|1
|-boost|p2a: Regirock|atk|1
|-boost|p2a: Regirock|def|1
|
|upkeep
|turn|11
|
|t:|1614889246
|move|p1a: Clefairy|Moonblast|p2a: Regirock
|-damage|p2a: Regirock|27/100
|move|p2a: Regirock|Rest|p2a: Regirock
|-status|p2a: Regirock|slp|[from] move: Rest
|-heal|p2a: Regirock|100/100 slp|[silent]
|
|upkeep
|turn|12
|
|t:|1614889248
|switch|p1a: Lanturn|Lanturn, F|100/100
|cant|p2a: Regirock|slp
|
|upkeep
|turn|13
|
|t:|1614889253
|move|p1a: Lanturn|Scald|p2a: Regirock
|-supereffective|p2a: Regirock
|-damage|p2a: Regirock|72/100 slp
|cant|p2a: Regirock|slp
|
|upkeep
|turn|14
|
|t:|1614889256
|move|p1a: Lanturn|Scald|p2a: Regirock
|-supereffective|p2a: Regirock
|-damage|p2a: Regirock|44/100 slp
|-curestatus|p2a: Regirock|slp|[msg]
|move|p2a: Regirock|Body Press|p1a: Lanturn
|-damage|p1a: Lanturn|0 fnt
|faint|p1a: Lanturn
|
|upkeep
|-message|HJAD forfeited.
|
|win|bobbbo
|l|☆HJAD
|c|☆bobbbo|ÜN ÜN ÜN
