|j|☆rtyuj4tyjrtyj
|j|☆bababi
|t:|1641827224
|gametype|singles
|player|p1|rtyuj4tyjrtyj|101|1195
|player|p2|bababi|cress|1460
|teamsize|p1|6
|teamsize|p2|6
|gen|8
|tier|[Gen 8] PU
|rated|
|rule|Sleep Clause Mod: Limit one foe put to sleep
|rule|Species Clause: Limit one of each Pokémon
|rule|OHKO Clause: OHKO moves are banned
|rule|Evasion Moves Clause: Evasion moves are banned
|rule|Endless Battle Clause: Forcing endless battles is banned
|rule|HP Percentage Mod: HP is shown in percentages
|rule|Dynamax Clause: You cannot dynamax
|clearpoke
|poke|p1|Tyrunt, F|
|poke|p1|Aron, L1, M|
|poke|p1|Cottonee, F|
|poke|p1|Lickitung, M|
|poke|p1|Dwebble, F|
|poke|p1|Sinistea-Antique|
|poke|p2|Perrserker, M|
|poke|p2|Gigalith, F|
|poke|p2|Alcremie, F|
|poke|p2|Altaria, M|
|poke|p2|Persian-Alola, M|
|poke|p2|Sandslash, M|
|teampreview
|
|t:|1641827239
|start
|switch|p1a: Aron|Aron, L1, M|100/100
|switch|p2a: Gigalith|Gigalith, F|100/100
|-weather|Sandstorm|[from] ability: Sand Stream|[of] p2a: Gigalith
|turn|1
|
|t:|1641827245
|move|p2a: Gigalith|Stealth Rock|p1a: Aron
|-sidestart|p1: rtyuj4tyjrtyj|move: Stealth Rock
|move|p1a: Aron|Toxic|p2a: Gigalith
|-status|p2a: Gigalith|tox
|
|-weather|Sandstorm|[upkeep]
|-damage|p2a: Gigalith|94/100 tox|[from] psn
|upkeep
|turn|2
|
|t:|1641827251
|move|p2a: Gigalith|Rock Blast|p1a: Aron
|-resisted|p1a: Aron
|-ability|p1a: Aron|Sturdy
|-damage|p1a: Aron|9/100
|-enditem|p1a: Aron|Berry Juice
|-heal|p1a: Aron|100/100|[from] item: Berry Juice
|-resisted|p1a: Aron
|-ability|p1a: Aron|Sturdy
|-damage|p1a: Aron|9/100
|-hitcount|p1a: Aron|2
|move|p1a: Aron|Endeavor|p2a: Gigalith
|-damage|p2a: Gigalith|1/100 tox
|
|-weather|Sandstorm|[upkeep]
|-heal|p2a: Gigalith|7/100 tox|[from] item: Leftovers
|-damage|p2a: Gigalith|0 fnt|[from] psn
|faint|p2a: Gigalith
|upkeep
|
|t:|1641827257
|switch|p2a: Sandslash|Sandslash, M|100/100
|turn|3
|
|t:|1641827268
|move|p2a: Sandslash|Earthquake|p1a: Aron
|-supereffective|p1a: Aron
|-damage|p1a: Aron|0 fnt
|faint|p1a: Aron
|
|-weather|Sandstorm|[upkeep]
|upkeep
|
|t:|1641827273
|switch|p1a: Cottonee|Cottonee, F|100/100
|-damage|p1a: Cottonee|88/100|[from] Stealth Rock
|turn|4
|
|t:|1641827277
|switch|p2a: Persian|Persian-Alola, M|100/100
|move|p1a: Cottonee|Defog|p2a: Persian
|-hint|Since gen 7, Dark is immune to Prankster moves.
|-immune|p2a: Persian
|
|-weather|Sandstorm|[upkeep]
|-damage|p2a: Persian|95/100|[from] Sandstorm
|-damage|p1a: Cottonee|82/100|[from] Sandstorm
|upkeep
|turn|5
|
|t:|1641827290
|move|p2a: Persian|Toxic|p1a: Cottonee
|-status|p1a: Cottonee|tox
|move|p1a: Cottonee|Dazzling Gleam|p2a: Persian
|-supereffective|p2a: Persian
|-damage|p2a: Persian|60/100
|
|-weather|none
|-damage|p1a: Cottonee|76/100 tox|[from] psn
|upkeep
|turn|6
|
|t:|1641827298
|move|p2a: Persian|Parting Shot|p1a: Cottonee
|-unboost|p1a: Cottonee|atk|1
|-unboost|p1a: Cottonee|spa|1
|
|t:|1641827300
|switch|p2a: Perrserker|Perrserker, M|100/100|[from]move: Parting Shot
|move|p1a: Cottonee|Dazzling Gleam|p2a: Perrserker
|-resisted|p2a: Perrserker
|-damage|p2a: Perrserker|92/100
|
|-heal|p2a: Perrserker|98/100|[from] item: Leftovers
|-damage|p1a: Cottonee|64/100 tox|[from] psn
|upkeep
|turn|7
|
|t:|1641827308
|move|p1a: Cottonee|Defog|p2a: Perrserker
|-unboost|p2a: Perrserker|evasion|1
|-sideend|p1: rtyuj4tyjrtyj|Stealth Rock|[from] move: Defog|[of] p1a: Cottonee
|move|p2a: Perrserker|Substitute|p2a: Perrserker
|-start|p2a: Perrserker|Substitute
|-damage|p2a: Perrserker|73/100
|
|-heal|p2a: Perrserker|79/100|[from] item: Leftovers
|-damage|p1a: Cottonee|46/100 tox|[from] psn
|upkeep
|turn|8
|
|t:|1641827319
|move|p1a: Cottonee|Encore|p2a: Perrserker
|-start|p2a: Perrserker|Encore
|move|p2a: Perrserker|Substitute|p2a: Perrserker
|-fail|p2a: Perrserker|move: Substitute
|
|-heal|p2a: Perrserker|85/100|[from] item: Leftovers
|-damage|p1a: Cottonee|22/100 tox|[from] psn
|upkeep
|turn|9
|
|t:|1641827329
|switch|p1a: Tyrunt|Tyrunt, F|100/100
|move|p2a: Perrserker|Substitute|p2a: Perrserker
|-fail|p2a: Perrserker|move: Substitute
|
|-heal|p2a: Perrserker|91/100|[from] item: Leftovers
|upkeep
|turn|10
|
|t:|1641827335
|move|p2a: Perrserker|Substitute|p2a: Perrserker
|-fail|p2a: Perrserker|move: Substitute
|move|p1a: Tyrunt|Earthquake|p2a: Perrserker
|-supereffective|p2a: Perrserker
|-end|p2a: Perrserker|Substitute
|
|-heal|p2a: Perrserker|97/100|[from] item: Leftovers
|-end|p2a: Perrserker|Encore
|upkeep
|turn|11
|
|t:|1641827343
|move|p2a: Perrserker|Iron Head|p1a: Tyrunt
|-supereffective|p1a: Tyrunt
|-ability|p1a: Tyrunt|Sturdy
|-damage|p1a: Tyrunt|1/100
|move|p1a: Tyrunt|Close Combat|p2a: Perrserker
|-supereffective|p2a: Perrserker
|-damage|p2a: Perrserker|7/100
|-unboost|p1a: Tyrunt|def|1
|-unboost|p1a: Tyrunt|spd|1
|
|-heal|p2a: Perrserker|13/100|[from] item: Leftovers
|upkeep
|turn|12
|-enditem|p1a: Tyrunt|Custap Berry|[eat]
|-activate|p1a: Tyrunt|item: Custap Berry|[consumed]
|
|t:|1641827358
|move|p1a: Tyrunt|Close Combat|p2a: Perrserker
|-supereffective|p2a: Perrserker
|-damage|p2a: Perrserker|0 fnt
|-unboost|p1a: Tyrunt|def|1
|-unboost|p1a: Tyrunt|spd|1
|faint|p2a: Perrserker
|
|upkeep
|
|t:|1641827363
|switch|p2a: Sandslash|Sandslash, M|100/100
|turn|13
|
|t:|1641827367
|move|p2a: Sandslash|Earthquake|p1a: Tyrunt
|-supereffective|p1a: Tyrunt
|-damage|p1a: Tyrunt|0 fnt
|faint|p1a: Tyrunt
|
|upkeep
|
|t:|1641827379
|switch|p1a: Lickitung|Lickitung, M|100/100
|turn|14
|
|t:|1641827385
|move|p2a: Sandslash|Swords Dance|p2a: Sandslash
|-boost|p2a: Sandslash|atk|2
|move|p1a: Lickitung|Toxic|p2a: Sandslash
|-status|p2a: Sandslash|tox
|
|-damage|p2a: Sandslash|94/100 tox|[from] psn
|upkeep
|turn|15
|
|t:|1641827393
|switch|p1a: Cottonee|Cottonee, F|22/100 tox
|move|p2a: Sandslash|Earthquake|p1a: Cottonee
|-resisted|p1a: Cottonee
|-damage|p1a: Cottonee|0 fnt
|faint|p1a: Cottonee
|
|-heal|p2a: Sandslash|100/100 tox|[from] item: Leftovers
|-damage|p2a: Sandslash|88/100 tox|[from] psn
|upkeep
|
|t:|1641827402
|switch|p1a: Dwebble|Dwebble, F|100/100
|turn|16
|
|t:|1641827404
|move|p2a: Sandslash|Earthquake|p1a: Dwebble
|-ability|p1a: Dwebble|Sturdy
|-damage|p1a: Dwebble|1/100
|-enditem|p1a: Dwebble|Liechi Berry|[eat]
|-boost|p1a: Dwebble|atk|1|[from] item: Liechi Berry
|move|p1a: Dwebble|Shell Smash|p1a: Dwebble
|-unboost|p1a: Dwebble|def|1
|-unboost|p1a: Dwebble|spd|1
|-boost|p1a: Dwebble|atk|2
|-boost|p1a: Dwebble|spa|2
|-boost|p1a: Dwebble|spe|2
|
|-heal|p2a: Sandslash|94/100 tox|[from] item: Leftovers
|-damage|p2a: Sandslash|76/100 tox|[from] psn
|upkeep
|turn|17
|
|t:|1641827417
|move|p1a: Dwebble|Flail|p2a: Sandslash
|-damage|p2a: Sandslash|0 fnt
|faint|p2a: Sandslash
|
|upkeep
|
|t:|1641827422
|switch|p2a: Persian|Persian-Alola, M|60/100
|turn|18
|
|t:|1641827426
|move|p1a: Dwebble|Flail|p2a: Persian
|-damage|p2a: Persian|0 fnt
|faint|p2a: Persian
|
|upkeep
|
|t:|1641827430
|switch|p2a: Altaria|Altaria, M|100/100
|turn|19
|
|t:|1641827432
|move|p1a: Dwebble|Flail|p2a: Altaria
|-damage|p2a: Altaria|10/100
|move|p2a: Altaria|Flamethrower|p1a: Dwebble
|-damage|p1a: Dwebble|0 fnt
|faint|p1a: Dwebble
|
|upkeep
|
|t:|1641827439
|switch|p1a: Sinistea|Sinistea-Antique|100/100
|turn|20
|
|t:|1641827442
|move|p2a: Altaria|Toxic|p1a: Sinistea
|-status|p1a: Sinistea|tox
|move|p1a: Sinistea|Shell Smash|p1a: Sinistea
|-unboost|p1a: Sinistea|def|1
|-unboost|p1a: Sinistea|spd|1
|-boost|p1a: Sinistea|atk|2
|-boost|p1a: Sinistea|spa|2
|-boost|p1a: Sinistea|spe|2
|
|-damage|p1a: Sinistea|95/100 tox|[from] psn
|upkeep
|turn|21
|
|t:|1641827450
|move|p1a: Sinistea|Stored Power|p2a: Altaria
|-damage|p2a: Altaria|0 fnt
|faint|p2a: Altaria
|
|-damage|p1a: Sinistea|83/100 tox|[from] psn
|upkeep
|
|t:|1641827454
|switch|p2a: Alcremie|Alcremie, F|100/100
|turn|22
|
|t:|1641827457
|move|p1a: Sinistea|Stored Power|p2a: Alcremie
|-crit|p2a: Alcremie
|-damage|p2a: Alcremie|10/100
|move|p2a: Alcremie|Calm Mind|p2a: Alcremie
|-boost|p2a: Alcremie|spa|1
|-boost|p2a: Alcremie|spd|1
|
|-damage|p1a: Sinistea|65/100 tox|[from] psn
|upkeep
|turn|23
|-message|bababi forfeited.
|
|win|rtyuj4tyjrtyj
|raw|rtyuj4tyjrtyj's rating: 1195 &rarr; <strong>1236</strong><br />(+41 for winning)
|raw|bababi's rating: 1460 &rarr; <strong>1427</strong><br />(-33 for losing)
|l|☆bababi
||Ladder isn't responding, score probably updated but might not have (Request timeout).
