|j|☆Teddytom
|j|☆ayo bb
|t:|1621442545
|gametype|singles
|player|p1|Teddytom|koga|1335
|player|p2|ayo bb|170|1592
|teamsize|p1|6
|teamsize|p2|6
|gen|8
|tier|[Gen 8] PU
|rated|
|rule|Sleep Clause Mod: Limit one foe put to sleep
|rule|Species Clause: Limit one of each Pokémon
|rule|OHKO Clause: OHKO moves are banned
|rule|Evasion Moves Clause: Evasion moves are banned
|rule|Endless Battle Clause: Forcing endless battles is banned
|rule|HP Percentage Mod: HP is shown in percentages
|rule|Dynamax Clause: You cannot dynamax
|clearpoke
|poke|p1|Jellicent, F|
|poke|p1|Gigalith, M|
|poke|p1|Magmortar, F|
|poke|p1|Vikavolt, M|
|poke|p1|Passimian, F|
|poke|p1|Tsareena, F|
|poke|p2|Morpeko, M|
|poke|p2|Scyther, F|
|poke|p2|Garbodor, F|
|poke|p2|Wishiwashi, F|
|poke|p2|Turtonator, M|
|poke|p2|Stunfisk-Galar, M|
|teampreview
|inactive|Battle timer is ON: inactive players will automatically lose when time's up. (requested by Teddytom)
|
|t:|1621442567
|start
|switch|p1a: Vikavolt|Vikavolt, M|100/100
|switch|p2a: Wishiwashi|Wishiwashi, F|100/100
|-formechange|p2a: Wishiwashi|Wishiwashi-School||[from] ability: Schooling
|turn|1
|
|t:|1621442575
|switch|p2a: Stunfisk|Stunfisk-Galar, M|100/100
|move|p1a: Vikavolt|Sticky Web|p2a: Stunfisk
|-sidestart|p2: ayo bb|move: Sticky Web
|
|upkeep
|turn|2
|
|t:|1621442582
|switch|p1a: Jellicent|Jellicent, F|100/100
|move|p2a: Stunfisk|Stealth Rock|p1a: Jellicent
|-sidestart|p1: Teddytom|move: Stealth Rock
|
|upkeep
|turn|3
|
|t:|1621442589
|switch|p2a: Wishiwashi|Wishiwashi, F|100/100
|-activate|p2a: Wishiwashi|move: Sticky Web
|-unboost|p2a: Wishiwashi|spe|1
|-formechange|p2a: Wishiwashi|Wishiwashi-School||[from] ability: Schooling
|move|p1a: Jellicent|Scald|p2a: Wishiwashi
|-resisted|p2a: Wishiwashi
|-damage|p2a: Wishiwashi|91/100
|-status|p2a: Wishiwashi|brn
|
|-heal|p2a: Wishiwashi|97/100 brn|[from] item: Leftovers
|-damage|p2a: Wishiwashi|91/100 brn|[from] brn
|upkeep
|turn|4
|
|t:|1621442602
|move|p1a: Jellicent|Hex|p2a: Wishiwashi
|-damage|p2a: Wishiwashi|63/100 brn
|move|p2a: Wishiwashi|U-turn|p1a: Jellicent
|-resisted|p1a: Jellicent
|-damage|p1a: Jellicent|96/100
|
|t:|1621442606
|switch|p2a: Morpeko|Morpeko, M|100/100|[from]move: U-turn
|
|-formechange|p2a: Morpeko|Morpeko-Hangry||[from] ability: Hunger Switch
|upkeep
|turn|5
|
|t:|1621442613
|move|p2a: Morpeko|Taunt|p1a: Jellicent
|-start|p1a: Jellicent|move: Taunt
|cant|p1a: Jellicent|move: Taunt|Will-O-Wisp
|
|-formechange|p2a: Morpeko|Morpeko||[from] ability: Hunger Switch
|upkeep
|turn|6
|
|t:|1621442619
|switch|p1a: Vikavolt|Vikavolt, M|100/100
|move|p2a: Morpeko|Aura Wheel|p1a: Vikavolt
|-resisted|p1a: Vikavolt
|-crit|p1a: Vikavolt
|-damage|p1a: Vikavolt|58/100
|-boost|p2a: Morpeko|spe|1
|
|-formechange|p2a: Morpeko|Morpeko-Hangry||[from] ability: Hunger Switch
|upkeep
|turn|7
|
|t:|1621442631
|move|p2a: Morpeko|Parting Shot|p1a: Vikavolt
|-unboost|p1a: Vikavolt|atk|1
|-unboost|p1a: Vikavolt|spa|1
|
|t:|1621442641
|switch|p2a: Stunfisk|Stunfisk-Galar, M|100/100|[from]move: Parting Shot
|-activate|p2a: Stunfisk|move: Sticky Web
|-unboost|p2a: Stunfisk|spe|1
|move|p1a: Vikavolt|Bug Buzz|p2a: Stunfisk
|-resisted|p2a: Stunfisk
|-damage|p2a: Stunfisk|89/100
|-unboost|p2a: Stunfisk|spd|1
|
|-heal|p2a: Stunfisk|95/100|[from] item: Leftovers
|upkeep
|turn|8
|
|t:|1621442651
|move|p1a: Vikavolt|Energy Ball|p2a: Stunfisk
|-damage|p2a: Stunfisk|69/100
|-unboost|p2a: Stunfisk|spd|1
|move|p2a: Stunfisk|Yawn|p1a: Vikavolt
|-start|p1a: Vikavolt|move: Yawn|[of] p2a: Stunfisk
|
|-heal|p2a: Stunfisk|75/100|[from] item: Leftovers
|upkeep
|turn|9
|
|t:|1621442659
|switch|p1a: Tsareena|Tsareena, F|100/100
|move|p2a: Stunfisk|Snap Trap|p1a: Tsareena
|-resisted|p1a: Tsareena
|-damage|p1a: Tsareena|97/100
|-activate|p1a: Tsareena|move: Snap Trap|[of] p2a: Stunfisk
|
|-heal|p2a: Stunfisk|81/100|[from] item: Leftovers
|-damage|p1a: Tsareena|84/100|[from] move: Snap Trap|[partiallytrapped]
|upkeep
|turn|10
|
|t:|1621442669
|switch|p2a: Garbodor|Garbodor, F|100/100
|-activate|p2a: Garbodor|move: Sticky Web
|-unboost|p2a: Garbodor|spe|1
|move|p1a: Tsareena|Rapid Spin|p2a: Garbodor
|-damage|p2a: Garbodor|86/100
|-boost|p1a: Tsareena|spe|1
|-damage|p1a: Tsareena|68/100|[from] item: Rocky Helmet|[of] p2a: Garbodor
|-sideend|p1: Teddytom|Stealth Rock|[from] move: Rapid Spin|[of] p1a: Tsareena
|-end|p1a: Tsareena|Snap Trap|[partiallytrapped]
|
|upkeep
|turn|11
|
|t:|1621442681
|switch|p1a: Gigalith|Gigalith, M|100/100
|-weather|Sandstorm|[from] ability: Sand Stream|[of] p1a: Gigalith
|move|p2a: Garbodor|Spikes|p1a: Gigalith
|-sidestart|p1: Teddytom|Spikes
|
|-weather|Sandstorm|[upkeep]
|-damage|p2a: Garbodor|80/100|[from] Sandstorm
|upkeep
|turn|12
|
|t:|1621442692
|move|p2a: Garbodor|Spikes|p1a: Gigalith
|-sidestart|p1: Teddytom|Spikes
|move|p1a: Gigalith|Stealth Rock|p2a: Garbodor
|-sidestart|p2: ayo bb|move: Stealth Rock
|
|-weather|Sandstorm|[upkeep]
|-damage|p2a: Garbodor|74/100|[from] Sandstorm
|upkeep
|turn|13
|
|t:|1621442699
|move|p2a: Garbodor|Spikes|p1a: Gigalith
|-sidestart|p1: Teddytom|Spikes
|move|p1a: Gigalith|Earthquake|p2a: Garbodor
|-supereffective|p2a: Garbodor
|-damage|p2a: Garbodor|29/100
|
|-weather|Sandstorm|[upkeep]
|-damage|p2a: Garbodor|23/100|[from] Sandstorm
|upkeep
|turn|14
|
|t:|1621442707
|move|p2a: Garbodor|Pain Split|p1a: Gigalith
|-sethp|p1a: Gigalith|61/100|[from] move: Pain Split|[silent]
|-sethp|p2a: Garbodor|63/100|[from] move: Pain Split
|move|p1a: Gigalith|Rock Blast|p2a: Garbodor
|-damage|p2a: Garbodor|55/100
|-damage|p2a: Garbodor|46/100
|-damage|p2a: Garbodor|37/100
|-damage|p2a: Garbodor|29/100
|-hitcount|p2a: Garbodor|4
|
|-weather|Sandstorm|[upkeep]
|-damage|p2a: Garbodor|22/100|[from] Sandstorm
|-heal|p1a: Gigalith|68/100|[from] item: Leftovers
|upkeep
|turn|15
|
|t:|1621442721
|move|p2a: Garbodor|Pain Split|p1a: Gigalith
|-sethp|p1a: Gigalith|45/100|[from] move: Pain Split|[silent]
|-sethp|p2a: Garbodor|46/100|[from] move: Pain Split
|move|p1a: Gigalith|Rock Blast|p2a: Garbodor
|-crit|p2a: Garbodor
|-damage|p2a: Garbodor|33/100
|-damage|p2a: Garbodor|24/100
|-hitcount|p2a: Garbodor|2
|
|-weather|none
|-heal|p1a: Gigalith|51/100|[from] item: Leftovers
|upkeep
|turn|16
|
|t:|1621442731
|move|p2a: Garbodor|Stomping Tantrum|p1a: Gigalith
|-supereffective|p1a: Gigalith
|-crit|p1a: Gigalith
|-damage|p1a: Gigalith|18/100
|move|p1a: Gigalith|Rock Blast|p2a: Garbodor
|-damage|p2a: Garbodor|15/100
|-damage|p2a: Garbodor|7/100
|-damage|p2a: Garbodor|0 fnt
|faint|p2a: Garbodor
|-hitcount|p2: Garbodor|3
|
|-heal|p1a: Gigalith|24/100|[from] item: Leftovers
|upkeep
|
|t:|1621442737
|switch|p2a: Morpeko|Morpeko, M|100/100
|turn|17
|
|t:|1621442747
|move|p1a: Gigalith|Protect|p1a: Gigalith
|-singleturn|p1a: Gigalith|Protect
|move|p2a: Morpeko|Aura Wheel|p1a: Gigalith
|-activate|p1a: Gigalith|move: Protect
|
|-heal|p1a: Gigalith|30/100|[from] item: Leftovers
|-formechange|p2a: Morpeko|Morpeko-Hangry||[from] ability: Hunger Switch
|upkeep
|turn|18
|
|t:|1621442756
|move|p2a: Morpeko|Aura Wheel|p1a: Gigalith
|-damage|p1a: Gigalith|0 fnt
|-boost|p2a: Morpeko|spe|1
|faint|p1a: Gigalith
|
|-formechange|p2a: Morpeko|Morpeko||[from] ability: Hunger Switch
|upkeep
|
|t:|1621442768
|switch|p1a: Magmortar|Magmortar, F|100/100
|-damage|p1a: Magmortar|76/100|[from] Spikes
|turn|19
|
|t:|1621442778
|move|p2a: Morpeko|Protect|p2a: Morpeko
|-singleturn|p2a: Morpeko|Protect
|move|p1a: Magmortar|Scorching Sands|p2a: Morpeko
|-activate|p2a: Morpeko|move: Protect
|
|-formechange|p2a: Morpeko|Morpeko-Hangry||[from] ability: Hunger Switch
|upkeep
|turn|20
|
|t:|1621442786
|switch|p1a: Tsareena|Tsareena, F|68/100
|move|p2a: Morpeko|Parting Shot|p1a: Tsareena
|-unboost|p1a: Tsareena|atk|1
|-unboost|p1a: Tsareena|spa|1
|
|t:|1621442790
|switch|p2a: Scyther|Scyther, F|100/100|[from]move: Parting Shot
|
|upkeep
|turn|21
|
|t:|1621442803
|switch|p1a: Jellicent|Jellicent, F|96/100
|-damage|p1a: Jellicent|71/100|[from] Spikes
|move|p2a: Scyther|Dual Wingbeat|p1a: Jellicent
|-damage|p1a: Jellicent|49/100
|-start|p2a: Scyther|Disable|Dual Wingbeat|[from] ability: Cursed Body|[of] p1a: Jellicent
|-damage|p1a: Jellicent|27/100
|-hitcount|p1a: Jellicent|2
|
|upkeep
|turn|22
|
|t:|1621442815
|move|p2a: Scyther|U-turn|p1a: Jellicent
|-resisted|p1a: Jellicent
|-damage|p1a: Jellicent|15/100
|
|t:|1621442821
|switch|p2a: Wishiwashi|Wishiwashi, F|63/100 brn|[from]move: U-turn
|-activate|p2a: Wishiwashi|move: Sticky Web
|-unboost|p2a: Wishiwashi|spe|1
|-damage|p2a: Wishiwashi|50/100 brn|[from] Stealth Rock
|-formechange|p2a: Wishiwashi|Wishiwashi-School||[from] ability: Schooling
|move|p1a: Jellicent|Will-O-Wisp|p2a: Wishiwashi
|-fail|p2a: Wishiwashi|brn
|
|-heal|p2a: Wishiwashi|57/100 brn|[from] item: Leftovers
|-damage|p2a: Wishiwashi|50/100 brn|[from] brn
|upkeep
|turn|23
|
|t:|1621442834
|move|p1a: Jellicent|Recover|p1a: Jellicent
|-heal|p1a: Jellicent|65/100
|move|p2a: Wishiwashi|U-turn|p1a: Jellicent
|-resisted|p1a: Jellicent
|-damage|p1a: Jellicent|61/100
|
|t:|1621442837
|switch|p2a: Morpeko|Morpeko, M|100/100|[from]move: U-turn
|
|-formechange|p2a: Morpeko|Morpeko-Hangry||[from] ability: Hunger Switch
|upkeep
|turn|24
|
|t:|1621442845
|move|p2a: Morpeko|Taunt|p1a: Jellicent
|-start|p1a: Jellicent|move: Taunt
|cant|p1a: Jellicent|move: Taunt|Will-O-Wisp
|
|-formechange|p2a: Morpeko|Morpeko||[from] ability: Hunger Switch
|upkeep
|turn|25
|
|t:|1621442863
|switch|p1a: Magmortar|Magmortar, F|76/100
|-damage|p1a: Magmortar|51/100|[from] Spikes
|move|p2a: Morpeko|Aura Wheel|p1a: Magmortar
|-damage|p1a: Magmortar|0 fnt
|-boost|p2a: Morpeko|spe|1
|faint|p1a: Magmortar
|
|-formechange|p2a: Morpeko|Morpeko-Hangry||[from] ability: Hunger Switch
|upkeep
|
|t:|1621442875
|switch|p1a: Tsareena|Tsareena, F|68/100
|turn|26
|
|t:|1621442883
|move|p2a: Morpeko|Aura Wheel|p1a: Tsareena
|-damage|p1a: Tsareena|16/100
|-boost|p2a: Morpeko|spe|1
|move|p1a: Tsareena|Rapid Spin|p2a: Morpeko
|-damage|p2a: Morpeko|62/100
|-boost|p1a: Tsareena|spe|1
|-sideend|p1: Teddytom|Spikes|[from] move: Rapid Spin|[of] p1a: Tsareena
|
|-formechange|p2a: Morpeko|Morpeko||[from] ability: Hunger Switch
|upkeep
|turn|27
|
|t:|1621442894
|move|p2a: Morpeko|Aura Wheel|p1a: Tsareena
|-resisted|p1a: Tsareena
|-damage|p1a: Tsareena|0 fnt
|-boost|p2a: Morpeko|spe|1
|faint|p1a: Tsareena
|
|-formechange|p2a: Morpeko|Morpeko-Hangry||[from] ability: Hunger Switch
|upkeep
|
|t:|1621442903
|switch|p1a: Passimian|Passimian, F|100/100
|turn|28
|
|t:|1621442913
|move|p2a: Morpeko|Protect|p2a: Morpeko
|-singleturn|p2a: Morpeko|Protect
|move|p1a: Passimian|Knock Off|p2a: Morpeko
|-activate|p2a: Morpeko|move: Protect
|
|-formechange|p2a: Morpeko|Morpeko||[from] ability: Hunger Switch
|upkeep
|turn|29
|
|t:|1621442919
|move|p2a: Morpeko|Aura Wheel|p1a: Passimian
|-damage|p1a: Passimian|47/100
|-boost|p2a: Morpeko|spe|1
|move|p1a: Passimian|Knock Off|p2a: Morpeko
|-resisted|p2a: Morpeko
|-damage|p2a: Morpeko|32/100
|-enditem|p2a: Morpeko|Heavy-Duty Boots|[from] move: Knock Off|[of] p1a: Passimian
|
|-formechange|p2a: Morpeko|Morpeko-Hangry||[from] ability: Hunger Switch
|upkeep
|turn|30
|
|t:|1621442932
|switch|p1a: Vikavolt|Vikavolt, M|58/100
|move|p2a: Morpeko|Aura Wheel|p1a: Vikavolt
|-damage|p1a: Vikavolt|0 fnt
|-boost|p2a: Morpeko|spe|1
|faint|p1a: Vikavolt
|
|-formechange|p2a: Morpeko|Morpeko||[from] ability: Hunger Switch
|upkeep
|
|t:|1621442941
|switch|p1a: Jellicent|Jellicent, F|61/100
|turn|31
|-message|Teddytom forfeited.
|
|win|ayo bb
|raw|Teddytom's rating: 1335 &rarr; <strong>1328</strong><br />(-7 for losing)
|raw|ayo bb's rating: 1592 &rarr; <strong>1599</strong><br />(+7 for winning)
|l|☆Teddytom
