|j|☆St1ckyM4st3r
|j|☆Haffling
|t:|1664478957
|gametype|singles
|player|p1|St1ckyM4st3r|galacticgrunt|
|player|p2|Haffling|cyrus|
|teamsize|p1|6
|teamsize|p2|6
|gen|8
|tier|[Gen 8] PU
|rated|Tournament battle
|rule|Sleep Clause Mod: Limit one foe put to sleep
|rule|Species Clause: Limit one of each Pokémon
|rule|OHKO Clause: OHKO moves are banned
|rule|Evasion Items Clause: Evasion items are banned
|rule|Evasion Moves Clause: Evasion moves are banned
|rule|Endless Battle Clause: Forcing endless battles is banned
|rule|HP Percentage Mod: HP is shown in percentages
|rule|Dynamax Clause: You cannot dynamax
|clearpoke
|poke|p1|Trevenant, M|
|poke|p1|Rhydon, M|
|poke|p1|Wishiwashi, M|
|poke|p1|Togedemaru, F|
|poke|p1|Charizard, F|
|poke|p1|Ribombee, M|
|poke|p2|Audino, M|
|poke|p2|Eldegoss, M|
|poke|p2|Corsola, M|
|poke|p2|Duosion, M|
|poke|p2|Mareanie, M|
|poke|p2|Mienfoo, M|
|teampreview
|c|☆St1ckyM4st3r|???
|c|☆Haffling|?
|c|☆St1ckyM4st3r|how dare you
|j| waterbends
|c|☆Haffling|what?
|c|☆St1ckyM4st3r|mono regenerator is cursed
|c|☆Haffling|i mean its dumb fun
|
|t:|1664479000
|start
|switch|p1a: Trevenant|Trevenant, M|100/100
|switch|p2a: Mienfoo|Mienfoo, M, shiny|100/100
|turn|1
|c|☆St1ckyM4st3r|for who
|
|t:|1664479010
|switch|p1a: Ribombee|Ribombee, M|100/100
|move|p2a: Mienfoo|Knock Off|p1a: Ribombee
|-resisted|p1a: Ribombee
|-damage|p1a: Ribombee|84/100
|-enditem|p1a: Ribombee|Heavy-Duty Boots|[from] move: Knock Off|[of] p2a: Mienfoo
|
|upkeep
|turn|2
|c|☆Haffling|everyone
|c| waterbends|who brings mono regen stall to a friendly room tour omgg haffling you are  evil
|c|☆Haffling|its not a good team
|c| waterbends|user error
|
|t:|1664479048
|switch|p1a: Rhydon|Rhydon, M|100/100
|switch|p2a: Eldegoss|Eldegoss, M|100/100
|
|upkeep
|turn|3
|j| taylor polynomials
|
|t:|1664479064
|switch|p1a: Trevenant|Trevenant, M|100/100
|move|p2a: Eldegoss|Grass Knot|p1a: Trevenant
|-resisted|p1a: Trevenant
|-damage|p1a: Trevenant|85/100
|
|upkeep
|turn|4
|
|t:|1664479073
|move|p1a: Trevenant|Wood Hammer|p2a: Eldegoss
|-resisted|p2a: Eldegoss
|-damage|p2a: Eldegoss|63/100
|-damage|p1a: Trevenant|72/100|[from] Recoil
|move|p2a: Eldegoss|Grass Knot|p1a: Trevenant
|-resisted|p1a: Trevenant
|-damage|p1a: Trevenant|57/100
|
|upkeep
|turn|5
|
|t:|1664479080
|switch|p1a: Charizard|Charizard, F|100/100
|move|p2a: Eldegoss|Grass Knot|p1a: Charizard
|-resisted|p1a: Charizard
|-damage|p1a: Charizard|93/100
|
|upkeep
|turn|6
|
|t:|1664479096
|switch|p1a: Rhydon|Rhydon, M|100/100
|switch|p2a: Audino|Audino, M|100/100
|
|upkeep
|turn|7
|
|t:|1664479103
|move|p1a: Rhydon|Stealth Rock|p2a: Audino
|-sidestart|p2: Haffling|move: Stealth Rock
|move|p2a: Audino|Knock Off|p1a: Rhydon
|-damage|p1a: Rhydon|93/100
|-enditem|p1a: Rhydon|Eviolite|[from] move: Knock Off|[of] p2a: Audino
|
|upkeep
|turn|8
|
|t:|1664479115
|move|p1a: Rhydon|Heat Crash|p2a: Audino
|-damage|p2a: Audino|78/100
|move|p2a: Audino|Knock Off|p1a: Rhydon
|-damage|p1a: Rhydon|86/100
|
|upkeep
|turn|9
|
|t:|1664479125
|move|p1a: Rhydon|Earthquake|p2a: Audino
|-damage|p2a: Audino|31/100
|move|p2a: Audino|Wish|p2a: Audino
|
|upkeep
|turn|10
|
|t:|1664479134
|move|p2a: Audino|Protect|p2a: Audino
|-singleturn|p2a: Audino|Protect
|move|p1a: Rhydon|Rock Blast|p2a: Audino
|-activate|p2a: Audino|move: Protect
|
|-heal|p2a: Audino|81/100|[from] move: Wish|[wisher] Audino
|upkeep
|turn|11
|
|t:|1664479143
|switch|p2a: Eldegoss|Eldegoss, M|96/100
|move|p1a: Rhydon|Earthquake|p2a: Eldegoss
|-resisted|p2a: Eldegoss
|-damage|p2a: Eldegoss|77/100
|
|upkeep
|turn|12
|
|t:|1664479154
|switch|p2a: Audino|Audino, M|100/100
|switch|p1a: Trevenant|Trevenant, M|57/100
|
|upkeep
|turn|13
|
|t:|1664479157
|move|p2a: Audino|Protect|p2a: Audino
|-singleturn|p2a: Audino|Protect
|move|p1a: Trevenant|Horn Leech|p2a: Audino
|-activate|p2a: Audino|move: Protect
|
|upkeep
|turn|14
|
|t:|1664479161
|switch|p2a: Eldegoss|Eldegoss, M|100/100
|move|p1a: Trevenant|Horn Leech|p2a: Eldegoss
|-resisted|p2a: Eldegoss
|-damage|p2a: Eldegoss|76/100
|-heal|p1a: Trevenant|70/100|[from] drain|[of] p2a: Eldegoss
|
|upkeep
|turn|15
|
|t:|1664479170
|move|p1a: Trevenant|Horn Leech|p2a: Eldegoss
|-resisted|p2a: Eldegoss
|-crit|p2a: Eldegoss
|-damage|p2a: Eldegoss|42/100
|-heal|p1a: Trevenant|87/100|[from] drain|[of] p2a: Eldegoss
|move|p2a: Eldegoss|Grass Knot|p1a: Trevenant
|-resisted|p1a: Trevenant
|-damage|p1a: Trevenant|72/100
|
|upkeep
|turn|16
|
|t:|1664479180
|move|p1a: Trevenant|Horn Leech|p2a: Eldegoss
|-resisted|p2a: Eldegoss
|-damage|p2a: Eldegoss|19/100
|-heal|p1a: Trevenant|84/100|[from] drain|[of] p2a: Eldegoss
|move|p2a: Eldegoss|Grass Knot|p1a: Trevenant
|-resisted|p1a: Trevenant
|-damage|p1a: Trevenant|69/100
|
|upkeep
|turn|17
|
|t:|1664479184
|switch|p2a: Mareanie|Mareanie, M|100/100
|-damage|p2a: Mareanie|88/100|[from] Stealth Rock
|move|p1a: Trevenant|Horn Leech|p2a: Mareanie
|-damage|p2a: Mareanie|39/100
|-heal|p1a: Trevenant|93/100|[from] drain|[of] p2a: Mareanie
|
|upkeep
|turn|18
|
|t:|1664479188
|switch|p2a: Eldegoss|Eldegoss, M|52/100
|move|p1a: Trevenant|Horn Leech|p2a: Eldegoss
|-resisted|p2a: Eldegoss
|-damage|p2a: Eldegoss|27/100
|-heal|p1a: Trevenant|100/100|[from] drain|[of] p2a: Eldegoss
|
|upkeep
|turn|19
|
|t:|1664479192
|switch|p2a: Audino|Audino, M|100/100
|move|p1a: Trevenant|Horn Leech|p2a: Audino
|-damage|p2a: Audino|51/100
|
|upkeep
|turn|20
|
|t:|1664479198
|switch|p1a: Rhydon|Rhydon, M|86/100
|move|p2a: Audino|Protect||[still]
|-fail|p2a: Audino
|
|upkeep
|turn|21
|
|t:|1664479209
|move|p2a: Audino|Protect|p2a: Audino
|-singleturn|p2a: Audino|Protect
|move|p1a: Rhydon|Earthquake|p2a: Audino
|-activate|p2a: Audino|move: Protect
|
|upkeep
|turn|22
|
|t:|1664479216
|switch|p2a: Corsola|Corsola, M, shiny|100/100
|move|p1a: Rhydon|Heat Crash|p2a: Corsola
|-resisted|p2a: Corsola
|-damage|p2a: Corsola|94/100
|
|upkeep
|turn|23
|
|t:|1664479226
|move|p1a: Rhydon|Earthquake|p2a: Corsola
|-supereffective|p2a: Corsola
|-damage|p2a: Corsola|24/100
|move|p2a: Corsola|Stealth Rock|p1a: Rhydon
|-sidestart|p1: St1ckyM4st3r|move: Stealth Rock
|
|upkeep
|turn|24
|
|t:|1664479234
|switch|p2a: Audino|Audino, M|84/100
|move|p1a: Rhydon|Rock Blast|p2a: Audino
|-damage|p2a: Audino|73/100
|-damage|p2a: Audino|62/100
|-hitcount|p2a: Audino|2
|
|upkeep
|turn|25
|
|t:|1664479243
|move|p2a: Audino|Protect|p2a: Audino
|-singleturn|p2a: Audino|Protect
|move|p1a: Rhydon|Earthquake|p2a: Audino
|-activate|p2a: Audino|move: Protect
|
|upkeep
|turn|26
|
|t:|1664479251
|move|p1a: Rhydon|Heat Crash|p2a: Audino
|-damage|p2a: Audino|39/100
|move|p2a: Audino|Wish|p2a: Audino
|
|upkeep
|turn|27
|
|t:|1664479256
|switch|p1a: Trevenant|Trevenant, M|100/100
|-damage|p1a: Trevenant|88/100|[from] Stealth Rock
|move|p2a: Audino|Protect||[still]
|-fail|p2a: Audino
|
|-heal|p2a: Audino|89/100|[from] move: Wish|[wisher] Audino
|upkeep
|turn|28
|
|t:|1664479259
|move|p2a: Audino|Protect|p2a: Audino
|-singleturn|p2a: Audino|Protect
|move|p1a: Trevenant|Wood Hammer|p2a: Audino
|-activate|p2a: Audino|move: Protect
|
|upkeep
|turn|29
|l| waterbends
|
|t:|1664479272
|switch|p2a: Eldegoss|Eldegoss, M|60/100
|move|p1a: Trevenant|Wood Hammer|p2a: Eldegoss
|-resisted|p2a: Eldegoss
|-damage|p2a: Eldegoss|20/100
|-damage|p1a: Trevenant|74/100|[from] Recoil
|
|upkeep
|turn|30
|
|t:|1664479288
|switch|p2a: Duosion|Duosion, M|100/100
|-damage|p2a: Duosion|88/100|[from] Stealth Rock
|move|p1a: Trevenant|Wood Hammer|p2a: Duosion
|-damage|p2a: Duosion|0 fnt
|faint|p2a: Duosion
|-damage|p1a: Trevenant|44/100|[from] Recoil
|
|upkeep
|
|t:|1664479290
|switch|p2a: Mienfoo|Mienfoo, M, shiny|100/100
|-damage|p2a: Mienfoo|94/100|[from] Stealth Rock
|turn|31
|
|t:|1664479319
|switch|p1a: Wishiwashi|Wishiwashi, M|100/100
|-damage|p1a: Wishiwashi|88/100|[from] Stealth Rock
|-formechange|p1a: Wishiwashi|Wishiwashi-School||[from] ability: Schooling
|move|p2a: Mienfoo|Knock Off|p1a: Wishiwashi
|-damage|p1a: Wishiwashi|74/100
|-enditem|p1a: Wishiwashi|Leftovers|[from] move: Knock Off|[of] p2a: Mienfoo
|
|upkeep
|turn|32
|
|t:|1664479328
|move|p2a: Mienfoo|U-turn|p1a: Wishiwashi
|-damage|p1a: Wishiwashi|62/100
|
|t:|1664479331
|switch|p2a: Eldegoss|Eldegoss, M|54/100|[from]move: U-turn
|move|p1a: Wishiwashi|U-turn|p2a: Eldegoss
|-supereffective|p2a: Eldegoss
|-damage|p2a: Eldegoss|17/100
|
|t:|1664479337
|switch|p1a: Trevenant|Trevenant, M|44/100|[from]move: U-turn
|-damage|p1a: Trevenant|31/100|[from] Stealth Rock
|
|upkeep
|turn|33
|
|t:|1664479342
|switch|p2a: Mienfoo|Mienfoo, M, shiny|100/100
|-damage|p2a: Mienfoo|94/100|[from] Stealth Rock
|move|p1a: Trevenant|Horn Leech|p2a: Mienfoo
|-damage|p2a: Mienfoo|13/100
|-heal|p1a: Trevenant|70/100|[from] drain|[of] p2a: Mienfoo
|
|upkeep
|turn|34
|
|t:|1664479351
|switch|p1a: Wishiwashi|Wishiwashi, M|62/100
|-damage|p1a: Wishiwashi|50/100|[from] Stealth Rock
|-formechange|p1a: Wishiwashi|Wishiwashi-School||[from] ability: Schooling
|move|p2a: Mienfoo|Knock Off|p1a: Wishiwashi
|-damage|p1a: Wishiwashi|41/100
|
|upkeep
|turn|35
|
|t:|1664479357
|move|p2a: Mienfoo|U-turn|p1a: Wishiwashi
|-damage|p1a: Wishiwashi|31/100
|
|t:|1664479360
|switch|p2a: Mareanie|Mareanie, M|72/100|[from]move: U-turn
|-damage|p2a: Mareanie|60/100|[from] Stealth Rock
|move|p1a: Wishiwashi|U-turn|p2a: Mareanie
|-resisted|p2a: Mareanie
|-damage|p2a: Mareanie|51/100
|
|t:|1664479364
|switch|p1a: Trevenant|Trevenant, M|70/100|[from]move: U-turn
|-damage|p1a: Trevenant|57/100|[from] Stealth Rock
|
|upkeep
|turn|36
|
|t:|1664479373
|move|p1a: Trevenant|Horn Leech|p2a: Mareanie
|-damage|p2a: Mareanie|6/100
|-heal|p1a: Trevenant|80/100|[from] drain|[of] p2a: Mareanie
|move|p2a: Mareanie|Toxic Spikes|p1a: Trevenant
|-sidestart|p1: St1ckyM4st3r|move: Toxic Spikes
|
|upkeep
|turn|37
|
|t:|1664479381
|switch|p2a: Eldegoss|Eldegoss, M|50/100
|move|p1a: Trevenant|Horn Leech|p2a: Eldegoss
|-resisted|p2a: Eldegoss
|-damage|p2a: Eldegoss|27/100
|-heal|p1a: Trevenant|92/100|[from] drain|[of] p2a: Eldegoss
|
|upkeep
|turn|38
|
|t:|1664479390
|switch|p1a: Charizard|Charizard, F|93/100
|switch|p2a: Audino|Audino, M|100/100
|
|upkeep
|turn|39
|
|t:|1664479394
|move|p1a: Charizard|Defog|p2a: Audino
|-unboost|p2a: Audino|evasion|1
|-sideend|p2: Haffling|Stealth Rock|[from] move: Defog|[of] p1a: Charizard
|-sideend|p1: St1ckyM4st3r|Toxic Spikes|[from] move: Defog|[of] p1a: Charizard
|-sideend|p1: St1ckyM4st3r|Stealth Rock|[from] move: Defog|[of] p1a: Charizard
|move|p2a: Audino|Knock Off|p1a: Charizard
|-damage|p1a: Charizard|72/100
|-enditem|p1a: Charizard|Heavy-Duty Boots|[from] move: Knock Off|[of] p2a: Audino
|
|upkeep
|turn|40
|
|t:|1664479401
|switch|p1a: Rhydon|Rhydon, M|86/100
|move|p2a: Audino|Wish|p2a: Audino
|
|upkeep
|turn|41
|
|t:|1664479407
|switch|p2a: Corsola|Corsola, M, shiny|57/100
|move|p1a: Rhydon|Heat Crash|p2a: Corsola
|-resisted|p2a: Corsola
|-crit|p2a: Corsola
|-damage|p2a: Corsola|46/100
|
|-heal|p2a: Corsola|100/100|[from] move: Wish|[wisher] Audino
|upkeep
|turn|42
|
|t:|1664479413
|switch|p1a: Charizard|Charizard, F|72/100
|move|p2a: Corsola|Stealth Rock|p1a: Charizard
|-sidestart|p1: St1ckyM4st3r|move: Stealth Rock
|
|upkeep
|turn|43
|
|t:|1664479415
|move|p1a: Charizard|Defog|p2a: Corsola
|-unboost|p2a: Corsola|evasion|1
|-sideend|p1: St1ckyM4st3r|Stealth Rock|[from] move: Defog|[of] p1a: Charizard
|move|p2a: Corsola|Toxic|p1a: Charizard
|-status|p1a: Charizard|tox
|
|-damage|p1a: Charizard|66/100 tox|[from] psn
|upkeep
|turn|44
|
|t:|1664479417
|move|p1a: Charizard|Focus Blast|p2a: Corsola
|-supereffective|p2a: Corsola
|-damage|p2a: Corsola|19/100
|move|p2a: Corsola|Stealth Rock|p1a: Charizard
|-sidestart|p1: St1ckyM4st3r|move: Stealth Rock
|
|-damage|p1a: Charizard|54/100 tox|[from] psn
|upkeep
|turn|45
|
|t:|1664479428
|switch|p2a: Audino|Audino, M|100/100
|move|p1a: Charizard|Defog|p2a: Audino
|-unboost|p2a: Audino|evasion|1
|-sideend|p1: St1ckyM4st3r|Stealth Rock|[from] move: Defog|[of] p1a: Charizard
|
|-damage|p1a: Charizard|36/100 tox|[from] psn
|upkeep
|turn|46
|
|t:|1664479437
|switch|p1a: Rhydon|Rhydon, M|86/100
|move|p2a: Audino|Wish|p2a: Audino
|
|upkeep
|turn|47
|
|t:|1664479447
|switch|p1a: Trevenant|Trevenant, M|92/100
|switch|p2a: Corsola|Corsola, M, shiny|52/100
|
|-heal|p2a: Corsola|100/100|[from] move: Wish|[wisher] Audino
|upkeep
|turn|48
|
|t:|1664479459
|switch|p2a: Audino|Audino, M|100/100
|move|p1a: Trevenant|Wood Hammer|p2a: Audino
|-damage|p2a: Audino|11/100
|-damage|p1a: Trevenant|53/100|[from] Recoil
|
|upkeep
|turn|49
|
|t:|1664479470
|switch|p2a: Eldegoss|Eldegoss, M|60/100
|move|p1a: Trevenant|Wood Hammer|p2a: Eldegoss
|-resisted|p2a: Eldegoss
|-damage|p2a: Eldegoss|26/100
|-damage|p1a: Trevenant|41/100|[from] Recoil
|
|upkeep
|turn|50
|
|t:|1664479491
|switch|p2a: Mienfoo|Mienfoo, M, shiny|46/100
|move|p1a: Trevenant|Wood Hammer|p2a: Mienfoo
|-damage|p2a: Mienfoo|0 fnt
|faint|p2a: Mienfoo
|-damage|p1a: Trevenant|27/100|[from] Recoil
|
|upkeep
|
|t:|1664479495
|switch|p2a: Eldegoss|Eldegoss, M|60/100
|turn|51
|
|t:|1664479501
|switch|p1a: Charizard|Charizard, F|36/100 tox
|move|p2a: Eldegoss|Grass Knot|p1a: Charizard
|-resisted|p1a: Charizard
|-damage|p1a: Charizard|29/100 tox
|
|-damage|p1a: Charizard|23/100 tox|[from] psn
|upkeep
|turn|52
|
|t:|1664479511
|switch|p1a: Trevenant|Trevenant, M|27/100
|switch|p2a: Mareanie|Mareanie, M|39/100
|
|upkeep
|turn|53
|
|t:|1664479517
|move|p1a: Trevenant|Horn Leech|p2a: Mareanie
|-damage|p2a: Mareanie|0 fnt
|-heal|p1a: Trevenant|46/100|[from] drain|[of] p2a: Mareanie
|faint|p2a: Mareanie
|
|upkeep
|
|t:|1664479520
|switch|p2a: Eldegoss|Eldegoss, M|93/100
|turn|54
|
|t:|1664479524
|switch|p1a: Togedemaru|Togedemaru, F|100/100
|move|p2a: Eldegoss|Grass Knot|p1a: Togedemaru
|-resisted|p1a: Togedemaru
|-damage|p1a: Togedemaru|98/100
|-damage|p2a: Eldegoss|81/100|[from] ability: Iron Barbs|[of] p1a: Togedemaru
|
|upkeep
|turn|55
|
|t:|1664479528
|move|p1a: Togedemaru|Wish|p1a: Togedemaru
|move|p2a: Eldegoss|Leech Seed|p1a: Togedemaru
|-start|p1a: Togedemaru|move: Leech Seed
|
|-damage|p1a: Togedemaru|86/100|[from] Leech Seed|[of] p2a: Eldegoss
|-heal|p2a: Eldegoss|93/100|[silent]
|upkeep
|turn|56
|
|t:|1664479532
|switch|p2a: Corsola|Corsola, M, shiny|100/100
|move|p1a: Togedemaru|U-turn|p2a: Corsola
|-damage|p2a: Corsola|88/100
|
|t:|1664479537
|switch|p1a: Trevenant|Trevenant, M|46/100|[from]move: U-turn
|
|-heal|p1a: Trevenant|99/100|[from] move: Wish|[wisher] Togedemaru
|upkeep
|turn|57
|
|t:|1664479542
|move|p1a: Trevenant|Wood Hammer|p2a: Corsola
|-supereffective|p2a: Corsola
|-damage|p2a: Corsola|0 fnt
|faint|p2a: Corsola
|-damage|p1a: Trevenant|69/100|[from] Recoil
|
|upkeep
|
|t:|1664479545
|switch|p2a: Eldegoss|Eldegoss, M|100/100
|turn|58
|
|t:|1664479549
|switch|p1a: Togedemaru|Togedemaru, F|86/100
|move|p2a: Eldegoss|Leech Seed|p1a: Togedemaru
|-start|p1a: Togedemaru|move: Leech Seed
|
|-damage|p1a: Togedemaru|73/100|[from] Leech Seed|[of] p2a: Eldegoss
|upkeep
|turn|59
|
|t:|1664479553
|switch|p2a: Audino|Audino, M|44/100
|move|p1a: Togedemaru|Wish|p1a: Togedemaru
|
|-damage|p1a: Togedemaru|61/100|[from] Leech Seed|[of] p2a: Audino
|-heal|p2a: Audino|54/100|[silent]
|upkeep
|turn|60
|c|☆Haffling|man remember when i said this was a bad tam
|
|t:|1664479576
|move|p1a: Togedemaru|U-turn|p2a: Audino
|-damage|p2a: Audino|41/100
|
|t:|1664479601
|switch|p1a: Wishiwashi|Wishiwashi, M|31/100|[from]move: U-turn
|-formechange|p1a: Wishiwashi|Wishiwashi-School||[from] ability: Schooling
|move|p2a: Audino|Knock Off|p1a: Wishiwashi
|-crit|p1a: Wishiwashi
|-damage|p1a: Wishiwashi|18/100
|
|-heal|p1a: Wishiwashi|75/100|[from] move: Wish|[wisher] Togedemaru
|upkeep
|turn|61
|
|t:|1664479606
|move|p2a: Audino|Wish|p2a: Audino
|move|p1a: Wishiwashi|U-turn|p2a: Audino
|-damage|p2a: Audino|22/100
|
|t:|1664479608
|switch|p1a: Trevenant|Trevenant, M|69/100|[from]move: U-turn
|
|upkeep
|turn|62
|
|t:|1664479613
|move|p2a: Audino|Protect|p2a: Audino
|-singleturn|p2a: Audino|Protect
|move|p1a: Trevenant|Wood Hammer|p2a: Audino
|-activate|p2a: Audino|move: Protect
|
|-heal|p2a: Audino|72/100|[from] move: Wish|[wisher] Audino
|upkeep
|turn|63
|
|t:|1664479617
|switch|p2a: Eldegoss|Eldegoss, M|100/100
|move|p1a: Trevenant|Wood Hammer|p2a: Eldegoss
|-resisted|p2a: Eldegoss
|-damage|p2a: Eldegoss|65/100
|-damage|p1a: Trevenant|57/100|[from] Recoil
|
|upkeep
|turn|64
|
|t:|1664479622
|move|p1a: Trevenant|Wood Hammer|p2a: Eldegoss
|-resisted|p2a: Eldegoss
|-damage|p2a: Eldegoss|27/100
|-damage|p1a: Trevenant|44/100|[from] Recoil
|move|p2a: Eldegoss|Grass Knot|p1a: Trevenant
|-resisted|p1a: Trevenant
|-damage|p1a: Trevenant|30/100
|
|upkeep
|turn|65
|
|t:|1664479626
|switch|p2a: Audino|Audino, M|100/100
|move|p1a: Trevenant|Wood Hammer|p2a: Audino
|-damage|p2a: Audino|13/100
|-damage|p1a: Trevenant|0 fnt|[from] Recoil
|faint|p1a: Trevenant
|
|upkeep
|
|t:|1664479633
|switch|p1a: Ribombee|Ribombee, M|84/100
|turn|66
|
|t:|1664479636
|switch|p2a: Eldegoss|Eldegoss, M|61/100
|move|p1a: Ribombee|Quiver Dance|p1a: Ribombee
|-boost|p1a: Ribombee|spa|1
|-boost|p1a: Ribombee|spd|1
|-boost|p1a: Ribombee|spe|1
|
|upkeep
|turn|67
|
|t:|1664479642
|move|p1a: Ribombee|Quiver Dance|p1a: Ribombee
|-boost|p1a: Ribombee|spa|1
|-boost|p1a: Ribombee|spd|1
|-boost|p1a: Ribombee|spe|1
|move|p2a: Eldegoss|Leech Seed|p1a: Ribombee
|-start|p1a: Ribombee|move: Leech Seed
|
|-damage|p1a: Ribombee|72/100|[from] Leech Seed|[of] p2a: Eldegoss
|-heal|p2a: Eldegoss|71/100|[silent]
|upkeep
|turn|68
|
|t:|1664479646
|move|p1a: Ribombee|Moonblast|p2a: Eldegoss
|-damage|p2a: Eldegoss|0 fnt
|faint|p2a: Eldegoss
|
|upkeep
|
|t:|1664479649
|switch|p2a: Audino|Audino, M|46/100
|turn|69
|
|t:|1664479653
|move|p1a: Ribombee|Moonblast|p2a: Audino
|-damage|p2a: Audino|0 fnt
|faint|p2a: Audino
|
|win|St1ckyM4st3r
|n|☆St1ckyM4st3r|st1ckym4st3r
|n|☆Haffling|haffling
|n| taylor polynomials|taylorpolynomials
