|j|☆Enderkyki
|j|☆Tintincpajouer
|t:|1627136534
|gametype|singles
|player|p1|Enderkyki|blackbelt-gen4dp|1132
|player|p2|Tintincpajouer|266|1177
|teamsize|p1|6
|teamsize|p2|6
|gen|8
|tier|[Gen 8] PU
|rated|
|rule|Sleep Clause Mod: Limit one foe put to sleep
|rule|Species Clause: Limit one of each Pokémon
|rule|OHKO Clause: OHKO moves are banned
|rule|Evasion Moves Clause: Evasion moves are banned
|rule|Endless Battle Clause: Forcing endless battles is banned
|rule|HP Percentage Mod: HP is shown in percentages
|rule|Dynamax Clause: You cannot dynamax
|clearpoke
|poke|p1|Dubwool, M|
|poke|p1|Archeops, M|
|poke|p1|Absol, M|
|poke|p1|Aggron, M|
|poke|p1|Quagsire, M|
|poke|p1|Altaria, M|
|poke|p2|Hitmonlee, M|
|poke|p2|Jolteon, F|
|poke|p2|Sandslash, F|
|poke|p2|Scyther, F|
|poke|p2|Haunter, F|
|poke|p2|Absol, M|
|teampreview
|inactive|Battle timer is ON: inactive players will automatically lose when time's up. (requested by Enderkyki)
|
|t:|1627136547
|start
|switch|p1a: Aggron|Aggron, M, shiny|100/100
|switch|p2a: Sandslash|Sandslash, F|100/100
|turn|1
|
|t:|1627136555
|switch|p1a: Archeops|Archeops, M, shiny|100/100
|move|p2a: Sandslash|Earthquake|p1a: Archeops
|-immune|p1a: Archeops
|
|upkeep
|turn|2
|
|t:|1627136563
|move|p1a: Archeops|U-turn|p2a: Sandslash
|-damage|p2a: Sandslash|82/100
|
|t:|1627136567
|switch|p1a: Quagsire|Quagsire, M|100/100|[from]move: U-turn
|move|p2a: Sandslash|Toxic|p1a: Quagsire
|-status|p1a: Quagsire|tox
|
|-damage|p1a: Quagsire|94/100 tox|[from] psn
|upkeep
|turn|3
|
|t:|1627136580
|move|p2a: Sandslash|Stealth Rock|p1a: Quagsire
|-sidestart|p1: Enderkyki|move: Stealth Rock
|move|p1a: Quagsire|Toxic|p2a: Sandslash
|-status|p2a: Sandslash|tox
|
|-heal|p1a: Quagsire|100/100 tox|[from] item: Leftovers
|-damage|p2a: Sandslash|76/100 tox|[from] psn
|-damage|p1a: Quagsire|88/100 tox|[from] psn
|upkeep
|turn|4
|
|t:|1627136589
|switch|p2a: Haunter|Haunter, F|100/100
|move|p1a: Quagsire|Scald|p2a: Haunter
|-damage|p2a: Haunter|53/100
|
|-heal|p1a: Quagsire|94/100 tox|[from] item: Leftovers
|-damage|p1a: Quagsire|76/100 tox|[from] psn
|upkeep
|turn|5
|
|t:|1627136600
|move|p2a: Haunter|Shadow Ball|p1a: Quagsire
|-damage|p1a: Quagsire|26/100 tox
|move|p1a: Quagsire|Scald|p2a: Haunter
|-damage|p2a: Haunter|5/100
|
|-heal|p1a: Quagsire|32/100 tox|[from] item: Leftovers
|-damage|p1a: Quagsire|8/100 tox|[from] psn
|upkeep
|turn|6
|
|t:|1627136615
|switch|p2a: Jolteon|Jolteon, F|100/100
|switch|p1a: Altaria|Altaria, M, shiny|100/100
|
|upkeep
|turn|7
|
|t:|1627136623
|move|p2a: Jolteon|Volt Switch|p1a: Altaria
|-damage|p1a: Altaria|78/100
|
|t:|1627136631
|switch|p2a: Absol|Absol, M|100/100|[from]move: Volt Switch
|move|p1a: Altaria|Defog|p2a: Absol
|-unboost|p2a: Absol|evasion|1
|-sideend|p1: Enderkyki|Stealth Rock|[from] move: Defog|[of] p1a: Altaria
|
|upkeep
|turn|8
|
|t:|1627136642
|switch|p1a: Aggron|Aggron, M, shiny|100/100
|move|p2a: Absol|Swords Dance|p2a: Absol
|-boost|p2a: Absol|atk|2
|
|upkeep
|turn|9
|
|t:|1627136654
|move|p2a: Absol|Close Combat|p1a: Aggron
|-supereffective|p1a: Aggron
|-ability|p1a: Aggron|Sturdy
|-damage|p1a: Aggron|1/100
|-unboost|p2a: Absol|def|1
|-unboost|p2a: Absol|spd|1
|-damage|p2a: Absol|91/100|[from] item: Life Orb
|move|p1a: Aggron|Heavy Slam|p2a: Absol
|-damage|p2a: Absol|0 fnt
|faint|p2a: Absol
|
|-heal|p1a: Aggron|7/100|[from] item: Leftovers
|upkeep
|
|t:|1627136668
|switch|p2a: Sandslash|Sandslash, F|76/100 tox
|turn|10
|
|t:|1627136674
|move|p2a: Sandslash|Stealth Rock|p1a: Aggron
|-sidestart|p1: Enderkyki|move: Stealth Rock
|move|p1a: Aggron|Stealth Rock|p2a: Sandslash
|-sidestart|p2: Tintincpajouer|move: Stealth Rock
|
|-heal|p1a: Aggron|13/100|[from] item: Leftovers
|-damage|p2a: Sandslash|70/100 tox|[from] psn
|upkeep
|turn|11
|
|t:|1627136687
|switch|p1a: Altaria|Altaria, M, shiny|78/100
|move|p2a: Sandslash|Rapid Spin|p1a: Altaria
|-damage|p1a: Altaria|66/100
|-boost|p2a: Sandslash|spe|1
|-sideend|p2: Tintincpajouer|Stealth Rock|[from] move: Rapid Spin|[of] p2a: Sandslash
|
|-damage|p2a: Sandslash|57/100 tox|[from] psn
|upkeep
|turn|12
|
|t:|1627136698
|move|p2a: Sandslash|Toxic|p1a: Altaria
|-status|p1a: Altaria|tox
|move|p1a: Altaria|Heal Bell|p1a: Altaria
|-activate|p1a: Altaria|move: Heal Bell
|-curestatus|p1a: Altaria|tox|[msg]
|-curestatus|p1: Quagsire|tox|[msg]
|
|-damage|p2a: Sandslash|39/100 tox|[from] psn
|upkeep
|turn|13
|
|t:|1627136710
|switch|p2a: Jolteon|Jolteon, F|100/100
|move|p1a: Altaria|Defog|p2a: Jolteon
|-unboost|p2a: Jolteon|evasion|1
|-sideend|p1: Enderkyki|Stealth Rock|[from] move: Defog|[of] p1a: Altaria
|
|upkeep
|turn|14
|
|t:|1627136720
|move|p2a: Jolteon|Shadow Ball|p1a: Altaria
|-damage|p1a: Altaria|49/100
|move|p1a: Altaria|Roost|p1a: Altaria
|-heal|p1a: Altaria|99/100
|-singleturn|p1a: Altaria|move: Roost
|
|upkeep
|turn|15
|
|t:|1627136729
|move|p2a: Jolteon|Toxic|p1a: Altaria
|-status|p1a: Altaria|tox
|move|p1a: Altaria|Dragon Pulse|p2a: Jolteon
|-damage|p2a: Jolteon|71/100
|
|-damage|p1a: Altaria|92/100 tox|[from] psn
|upkeep
|turn|16
|
|t:|1627136753
|move|p2a: Jolteon|Thunderbolt|p1a: Altaria
|-damage|p1a: Altaria|66/100 tox
|move|p1a: Altaria|Dragon Pulse|p2a: Jolteon
|-damage|p2a: Jolteon|43/100
|
|-damage|p1a: Altaria|54/100 tox|[from] psn
|upkeep
|turn|17
|
|t:|1627136763
|switch|p2a: Haunter|Haunter, F|5/100
|move|p1a: Altaria|Roost|p1a: Altaria
|-heal|p1a: Altaria|100/100 tox
|-singleturn|p1a: Altaria|move: Roost
|
|-damage|p1a: Altaria|82/100 tox|[from] psn
|upkeep
|turn|18
|
|t:|1627136775
|move|p2a: Haunter|Trick|p1a: Altaria
|-activate|p2a: Haunter|move: Trick|[of] p1a: Altaria
|-item|p1a: Altaria|Choice Scarf|[from] move: Trick
|-item|p2a: Haunter|Heavy-Duty Boots|[from] move: Trick
|move|p1a: Altaria|Dragon Pulse|p2a: Haunter
|-damage|p2a: Haunter|0 fnt
|faint|p2a: Haunter
|
|-damage|p1a: Altaria|57/100 tox|[from] psn
|upkeep
|
|t:|1627136786
|switch|p2a: Sandslash|Sandslash, F|39/100 tox
|turn|19
|
|t:|1627136791
|switch|p1a: Aggron|Aggron, M, shiny|13/100
|move|p2a: Sandslash|Stealth Rock|p1a: Aggron
|-sidestart|p1: Enderkyki|move: Stealth Rock
|
|-heal|p1a: Aggron|19/100|[from] item: Leftovers
|-damage|p2a: Sandslash|32/100 tox|[from] psn
|upkeep
|turn|20
|
|t:|1627136800
|move|p2a: Sandslash|Earthquake|p1a: Aggron
|-supereffective|p1a: Aggron
|-damage|p1a: Aggron|0 fnt
|faint|p1a: Aggron
|
|-damage|p2a: Sandslash|20/100 tox|[from] psn
|upkeep
|
|t:|1627136808
|switch|p1a: Roulito|Dubwool, M|100/100
|-damage|p1a: Roulito|88/100|[from] Stealth Rock
|turn|21
|
|t:|1627136814
|move|p1a: Roulito|Cotton Guard|p1a: Roulito
|-boost|p1a: Roulito|def|3
|move|p2a: Sandslash|Toxic|p1a: Roulito
|-status|p1a: Roulito|tox
|
|-heal|p1a: Roulito|94/100 tox|[from] item: Leftovers
|-damage|p1a: Roulito|88/100 tox|[from] psn
|-damage|p2a: Sandslash|1/100 tox|[from] psn
|upkeep
|turn|22
|
|t:|1627136825
|move|p1a: Roulito|Cotton Guard|p1a: Roulito
|-boost|p1a: Roulito|def|3
|move|p2a: Sandslash|Earthquake|p1a: Roulito
|-damage|p1a: Roulito|80/100 tox
|
|-heal|p1a: Roulito|86/100 tox|[from] item: Leftovers
|-damage|p1a: Roulito|75/100 tox|[from] psn
|-damage|p2a: Sandslash|0 fnt|[from] psn
|faint|p2a: Sandslash
|upkeep
|
|t:|1627136835
|switch|p2a: Hitmonlee|Hitmonlee, M|100/100
|turn|23
|
|t:|1627136839
|move|p1a: Roulito|Rest|p1a: Roulito
|-status|p1a: Roulito|slp|[from] move: Rest
|-heal|p1a: Roulito|100/100 slp|[silent]
|move|p2a: Hitmonlee|High Jump Kick|p1a: Roulito
|-supereffective|p1a: Roulito
|-damage|p1a: Roulito|74/100 slp
|
|-heal|p1a: Roulito|80/100 slp|[from] item: Leftovers
|upkeep
|turn|24
|
|t:|1627136853
|cant|p1a: Roulito|slp
|move|p1a: Roulito|Sleep Talk|p1a: Roulito
|move|p1a: Roulito|Cotton Guard|p1a: Roulito|[from]move: Sleep Talk
|-boost|p1a: Roulito|def|0
|move|p2a: Hitmonlee|High Jump Kick|p1a: Roulito
|-supereffective|p1a: Roulito
|-crit|p1a: Roulito
|-damage|p1a: Roulito|0 fnt
|faint|p1a: Roulito
|
|upkeep
|
|t:|1627136877
|switch|p1a: Archeops|Archeops, M, shiny|100/100
|turn|25
|
|t:|1627136895
|switch|p2a: Scyther|Scyther, F|100/100
|move|p1a: Archeops|Head Smash|p2a: Scyther
|-supereffective|p2a: Scyther
|-damage|p2a: Scyther|0 fnt
|faint|p2a: Scyther
|-damage|p1a: Archeops|52/100|[from] Recoil
|
|upkeep
|
|t:|1627136904
|switch|p2a: Jolteon|Jolteon, F|43/100
|turn|26
|
|t:|1627136911
|switch|p1a: Quagsire|Quagsire, M|8/100
|-damage|p1a: Quagsire|2/100|[from] Stealth Rock
|move|p2a: Jolteon|Thunderbolt|p1a: Quagsire
|-immune|p1a: Quagsire
|
|-heal|p1a: Quagsire|8/100|[from] item: Leftovers
|upkeep
|turn|27
|
|t:|1627136925
|move|p2a: Jolteon|Shadow Ball|p1a: Quagsire
|-damage|p1a: Quagsire|0 fnt
|faint|p1a: Quagsire
|
|upkeep
|
|t:|1627136931
|switch|p1a: Absol|Absol, M, shiny|100/100
|-damage|p1a: Absol|88/100|[from] Stealth Rock
|turn|28
|
|t:|1627136936
|switch|p2a: Hitmonlee|Hitmonlee, M|100/100
|move|p1a: Absol|Night Slash|p2a: Hitmonlee
|-resisted|p2a: Hitmonlee
|-crit|p2a: Hitmonlee
|-damage|p2a: Hitmonlee|41/100
|
|upkeep
|turn|29
|
|t:|1627136948
|switch|p1a: Altaria|Altaria, M, shiny|57/100
|-damage|p1a: Altaria|32/100|[from] Stealth Rock
|move|p2a: Hitmonlee|Mach Punch|p1a: Altaria
|-resisted|p1a: Altaria
|-damage|p1a: Altaria|14/100
|
|upkeep
|turn|30
|
|t:|1627136964
|switch|p2a: Jolteon|Jolteon, F|43/100
|move|p1a: Altaria|Dragon Pulse|p2a: Jolteon
|-damage|p2a: Jolteon|15/100
|
|upkeep
|turn|31
|
|t:|1627136977
|move|p2a: Jolteon|Thunderbolt|p1a: Altaria
|-damage|p1a: Altaria|0 fnt
|faint|p1a: Altaria
|
|upkeep
|
|t:|1627136983
|switch|p1a: Absol|Absol, M, shiny|88/100
|-damage|p1a: Absol|76/100|[from] Stealth Rock
|turn|32
|
|t:|1627136990
|move|p1a: Absol|Night Slash|p2a: Jolteon
|-crit|p2a: Jolteon
|-damage|p2a: Jolteon|0 fnt
|faint|p2a: Jolteon
|
|upkeep
|
|t:|1627136996
|switch|p2a: Hitmonlee|Hitmonlee, M|41/100
|turn|33
|
|t:|1627137001
|move|p2a: Hitmonlee|Mach Punch|p1a: Absol
|-supereffective|p1a: Absol
|-damage|p1a: Absol|0 fnt
|faint|p1a: Absol
|
|upkeep
|
|t:|1627137008
|switch|p1a: Archeops|Archeops, M, shiny|52/100
|turn|34
|
|t:|1627137017
|move|p2a: Hitmonlee|Mach Punch|p1a: Archeops
|-damage|p1a: Archeops|0 fnt
|faint|p1a: Archeops
|
|win|Tintincpajouer
|raw|Enderkyki's rating: 1132 &rarr; <strong>1110</strong><br />(-22 for losing)
|raw|Tintincpajouer's rating: 1177 &rarr; <strong>1199</strong><br />(+22 for winning)
|c|☆Tintincpajouer|Gg
|l|☆Enderkyki
