|j|☆Lyra SS
|j|☆BulbaBrain
|player|p1|Lyra SS|lyra|1182
|player|p2|BulbaBrain|plumeria|1351
|teamsize|p1|6
|teamsize|p2|6
|gametype|singles
|gen|8
|tier|[Gen 8] PU
|rated|
|clearpoke
|poke|p1|Falinks|
|poke|p1|Mawile, F|
|poke|p1|Manectric, M|
|poke|p1|Lapras, F|
|poke|p1|Leafeon, F|
|poke|p1|Mr. Rime, M|
|poke|p2|Leafeon, M|
|poke|p2|Palpitoad, F|
|poke|p2|Manectric, M|
|poke|p2|Glaceon, F|
|poke|p2|Throh, M|
|poke|p2|Silvally-*|
|rule|Sleep Clause Mod: Limit one foe put to sleep
|rule|Species Clause: Limit one of each Pokémon
|rule|OHKO Clause: OHKO moves are banned
|rule|Evasion Moves Clause: Evasion moves are banned
|rule|Endless Battle Clause: Forcing endless battles is banned
|rule|HP Percentage Mod: HP is shown in percentages
|rule|Dynamax Clause: You cannot dynamax
|teampreview
|inactive|Battle timer is ON: inactive players will automatically lose when time's up. (requested by Lyra SS)
|inactive|BulbaBrain has 120 seconds left.
|inactive|BulbaBrain has 90 seconds left.
|
|start
|switch|p1a: Mawile|Mawile, F|100/100
|switch|p2a: Silvally|Silvally-Bug|100/100
|-ability|p1a: Mawile|Intimidate|boost
|-unboost|p2a: Silvally|atk|1
|turn|1
|j| BigKeoni
|l| BigKeoni
|inactive|Lyra SS has 120 seconds left.
|
|move|p2a: Silvally|Flamethrower|p1a: Mawile
|-supereffective|p1a: Mawile
|-damage|p1a: Mawile|12/100
|move|p1a: Mawile|Stealth Rock|p2a: Silvally
|-sidestart|p2: BulbaBrain|move: Stealth Rock
|
|-heal|p1a: Mawile|18/100|[from] item: Leftovers
|upkeep
|turn|2
|
|switch|p1a: Lapras|Lapras, F|100/100
|move|p2a: Silvally|U-turn|p1a: Lapras
|-damage|p1a: Lapras|88/100
|
|switch|p2a: Manectric|Manectric, M|100/100|[from]move: U-turn
|-damage|p2a: Manectric|88/100|[from] Stealth Rock
|
|upkeep
|turn|3
|
|switch|p1a: Manectric|Manectric, M, shiny|100/100
|move|p2a: Manectric|Overheat|p1a: Manectric
|-damage|p1a: Manectric|0 fnt
|-unboost|p2a: Manectric|spa|2
|faint|p1a: Manectric
|
|upkeep
|
|switch|p1a: Falinks|Falinks|100/100
|turn|4
|
|switch|p2a: Throh|Throh, M|100/100
|-damage|p2a: Throh|94/100|[from] Stealth Rock
|move|p1a: Falinks|No Retreat|p1a: Falinks
|-boost|p1a: Falinks|atk|1
|-boost|p1a: Falinks|def|1
|-boost|p1a: Falinks|spa|1
|-boost|p1a: Falinks|spd|1
|-boost|p1a: Falinks|spe|1
|-start|p1a: Falinks|move: No Retreat
|
|-heal|p2a: Throh|100/100|[from] item: Leftovers
|upkeep
|turn|5
|
|move|p1a: Falinks|Zen Headbutt|p2a: Throh
|-supereffective|p2a: Throh
|-damage|p2a: Throh|20/100
|move|p2a: Throh|Circle Throw|p1a: Falinks
|-damage|p1a: Falinks|87/100
|drag|p1a: Lapras|Lapras, F|88/100
|
|-heal|p2a: Throh|26/100|[from] item: Leftovers
|upkeep
|turn|6
|inactive|Lyra SS has 120 seconds left.
|
|move|p1a: Lapras|Hydro Pump|p2a: Throh
|-damage|p2a: Throh|0 fnt
|faint|p2a: Throh
|
|upkeep
|
|switch|p2a: Manectric|Manectric, M|88/100
|-damage|p2a: Manectric|76/100|[from] Stealth Rock
|turn|7
|
|move|p2a: Manectric|Thunderbolt|p1a: Lapras
|-supereffective|p1a: Lapras
|-damage|p1a: Lapras|0 fnt
|faint|p1a: Lapras
|
|upkeep
|
|switch|p1a: Mr. Rime|Mr. Rime, M|100/100
|turn|8
|
|switch|p2a: Glaceon|Glaceon, F|100/100
|-damage|p2a: Glaceon|76/100|[from] Stealth Rock
|move|p1a: Mr. Rime|Psychic|p2a: Glaceon
|-damage|p2a: Glaceon|38/100
|
|-heal|p2a: Glaceon|44/100|[from] item: Leftovers
|upkeep
|turn|9
|
|move|p1a: Mr. Rime|Psychic|p2a: Glaceon
|-damage|p2a: Glaceon|8/100
|move|p2a: Glaceon|Wish|p2a: Glaceon
|
|-heal|p2a: Glaceon|14/100|[from] item: Leftovers
|upkeep
|turn|10
|
|move|p2a: Glaceon|Protect|p2a: Glaceon
|-singleturn|p2a: Glaceon|Protect
|move|p1a: Mr. Rime|Psychic|p2a: Glaceon
|-activate|p2a: Glaceon|move: Protect
|
|-heal|p2a: Glaceon|64/100|[from] move: Wish|[wisher] Glaceon
|-heal|p2a: Glaceon|70/100|[from] item: Leftovers
|upkeep
|turn|11
|
|move|p1a: Mr. Rime|Psychic|p2a: Glaceon
|-damage|p2a: Glaceon|38/100
|move|p2a: Glaceon|Wish|p2a: Glaceon
|
|-heal|p2a: Glaceon|44/100|[from] item: Leftovers
|upkeep
|turn|12
|
|switch|p1a: Falinks|Falinks|87/100
|switch|p2a: Silvally|Silvally-Bug|100/100
|-damage|p2a: Silvally|76/100|[from] Stealth Rock
|
|-heal|p2a: Silvally|100/100|[from] move: Wish|[wisher] Glaceon
|upkeep
|turn|13
|
|switch|p1a: Mawile|Mawile, F|18/100
|-ability|p1a: Mawile|Intimidate|boost
|-unboost|p2a: Silvally|atk|1
|move|p2a: Silvally|Defog|p1a: Mawile
|-unboost|p1a: Mawile|evasion|1
|-sideend|p2: BulbaBrain|Stealth Rock|[from] move: Defog|[of] p2a: Silvally
|
|-heal|p1a: Mawile|24/100|[from] item: Leftovers
|upkeep
|turn|14
|-message|Lyra SS forfeited.
|
|win|BulbaBrain
|l|☆Lyra SS
|c|☆BulbaBrain|yh
|raw|Lyra SS's rating: 1157 &rarr; <strong>1145</strong><br />(-12 for losing)
|raw|BulbaBrain's rating: 1351 &rarr; <strong>1361</strong><br />(+10 for winning)
|c|☆BulbaBrain|thats called getting outplayed
