|j|☆SKron
|j|☆mefrog
|t:|1616028588
|player|p1|SKron|n|1381
|player|p2|mefrog|veteran|1387
|teamsize|p1|6
|teamsize|p2|6
|gametype|singles
|gen|8
|tier|[Gen 8] PU
|rated|
|clearpoke
|poke|p1|Regigigas|
|poke|p1|Centiskorch, M|
|poke|p1|Gurdurr, M|
|poke|p1|Qwilfish, M|
|poke|p1|Dugtrio, M|
|poke|p1|Morpeko, F|
|poke|p2|Uxie|
|poke|p2|Ludicolo, M|
|poke|p2|Golduck, M|
|poke|p2|Meowstic, M|
|poke|p2|Kabutops, F|
|poke|p2|Qwilfish, F|
|rule|Sleep Clause Mod: Limit one foe put to sleep
|rule|Species Clause: Limit one of each Pokémon
|rule|OHKO Clause: OHKO moves are banned
|rule|Evasion Moves Clause: Evasion moves are banned
|rule|Endless Battle Clause: Forcing endless battles is banned
|rule|HP Percentage Mod: HP is shown in percentages
|rule|Dynamax Clause: You cannot dynamax
|teampreview
|
|t:|1616028595
|start
|switch|p1a: Regigigas|Regigigas|100/100
|switch|p2a: Uxie|Uxie|100/100
|-start|p1a: Regigigas|ability: Slow Start
|turn|1
|inactive|Battle timer is ON: inactive players will automatically lose when time's up. (requested by SKron)
|
|t:|1616028620
|move|p2a: Uxie|Rain Dance|p2a: Uxie
|-weather|RainDance
|move|p1a: Regigigas|Substitute|p1a: Regigigas
|-start|p1a: Regigigas|Substitute
|-damage|p1a: Regigigas|76/100
|
|-weather|RainDance|[upkeep]
|-heal|p1a: Regigigas|82/100|[from] item: Leftovers
|upkeep
|turn|2
|
|t:|1616028625
|move|p2a: Uxie|U-turn|p1a: Regigigas
|-activate|p1a: Regigigas|move: Substitute|[damage]
|
|t:|1616028635
|switch|p2a: Qwilfish|Qwilfish, F|100/100|[from]move: U-turn
|move|p1a: Regigigas|Body Slam|p2a: Qwilfish
|-damage|p2a: Qwilfish|70/100
|
|-weather|RainDance|[upkeep]
|-heal|p1a: Regigigas|88/100|[from] item: Leftovers
|upkeep
|turn|3
|
|t:|1616028644
|move|p1a: Regigigas|Protect|p1a: Regigigas
|-singleturn|p1a: Regigigas|Protect
|move|p2a: Qwilfish|Liquidation|p1a: Regigigas
|-activate|p1a: Regigigas|move: Protect
|
|-weather|RainDance|[upkeep]
|-heal|p1a: Regigigas|94/100|[from] item: Leftovers
|upkeep
|turn|4
|j| LegendaryPUplayer
|
|t:|1616028665
|move|p2a: Qwilfish|Liquidation|p1a: Regigigas
|-end|p1a: Regigigas|Substitute
|-damage|p2a: Qwilfish|60/100|[from] item: Life Orb
|move|p1a: Regigigas|Substitute|p1a: Regigigas
|-start|p1a: Regigigas|Substitute
|-damage|p1a: Regigigas|69/100
|
|-weather|RainDance|[upkeep]
|-heal|p1a: Regigigas|75/100|[from] item: Leftovers
|upkeep
|turn|5
|
|t:|1616028672
|move|p1a: Regigigas|Protect|p1a: Regigigas
|-singleturn|p1a: Regigigas|Protect
|move|p2a: Qwilfish|Liquidation|p1a: Regigigas
|-activate|p1a: Regigigas|move: Protect
|
|-weather|RainDance|[upkeep]
|-heal|p1a: Regigigas|82/100|[from] item: Leftovers
|-end|p1a: Regigigas|Slow Start
|upkeep
|turn|6
|
|t:|1616028677
|move|p2a: Qwilfish|Liquidation|p1a: Regigigas
|-end|p1a: Regigigas|Substitute
|-damage|p2a: Qwilfish|50/100|[from] item: Life Orb
|move|p1a: Regigigas|Substitute|p1a: Regigigas
|-start|p1a: Regigigas|Substitute
|-damage|p1a: Regigigas|57/100
|
|-weather|RainDance|[upkeep]
|-heal|p1a: Regigigas|63/100|[from] item: Leftovers
|upkeep
|turn|7
|
|t:|1616028683
|move|p1a: Regigigas|Protect|p1a: Regigigas
|-singleturn|p1a: Regigigas|Protect
|move|p2a: Qwilfish|Liquidation|p1a: Regigigas
|-activate|p1a: Regigigas|move: Protect
|
|-weather|RainDance|[upkeep]
|-heal|p1a: Regigigas|69/100|[from] item: Leftovers
|upkeep
|turn|8
|
|t:|1616028687
|move|p2a: Qwilfish|Liquidation|p1a: Regigigas
|-end|p1a: Regigigas|Substitute
|-damage|p2a: Qwilfish|40/100|[from] item: Life Orb
|move|p1a: Regigigas|Substitute|p1a: Regigigas
|-start|p1a: Regigigas|Substitute
|-damage|p1a: Regigigas|44/100
|
|-weather|none
|-heal|p1a: Regigigas|50/100|[from] item: Leftovers
|upkeep
|turn|9
|
|t:|1616028692
|move|p1a: Regigigas|Body Slam|p2a: Qwilfish
|-damage|p2a: Qwilfish|0 fnt
|faint|p2a: Qwilfish
|
|-heal|p1a: Regigigas|57/100|[from] item: Leftovers
|upkeep
|
|t:|1616028701
|switch|p2a: Golduck|Golduck, M|100/100
|turn|10
|c| LegendaryPUplayer|well played
|
|t:|1616028707
|move|p1a: Regigigas|Knock Off|p2a: Golduck
|-damage|p2a: Golduck|54/100
|-enditem|p2a: Golduck|Life Orb|[from] move: Knock Off|[of] p1a: Regigigas
|move|p2a: Golduck|Surf|p1a: Regigigas
|-end|p1a: Regigigas|Substitute
|
|-heal|p1a: Regigigas|63/100|[from] item: Leftovers
|upkeep
|turn|11
|
|t:|1616028718
|move|p1a: Regigigas|Protect|p1a: Regigigas
|-singleturn|p1a: Regigigas|Protect
|move|p2a: Golduck|Surf|p1a: Regigigas
|-activate|p1a: Regigigas|move: Protect
|
|-heal|p1a: Regigigas|69/100|[from] item: Leftovers
|upkeep
|turn|12
|
|t:|1616028724
|move|p1a: Regigigas|Body Slam|p2a: Golduck
|-damage|p2a: Golduck|0 fnt
|faint|p2a: Golduck
|
|-heal|p1a: Regigigas|75/100|[from] item: Leftovers
|upkeep
|
|t:|1616028730
|switch|p2a: Kabutops|Kabutops, F|100/100
|turn|13
|
|t:|1616028734
|move|p1a: Regigigas|Knock Off|p2a: Kabutops
|-damage|p2a: Kabutops|61/100
|-enditem|p2a: Kabutops|Life Orb|[from] move: Knock Off|[of] p1a: Regigigas
|move|p2a: Kabutops|Swords Dance|p2a: Kabutops
|-boost|p2a: Kabutops|atk|2
|
|-heal|p1a: Regigigas|81/100|[from] item: Leftovers
|upkeep
|turn|14
|
|t:|1616028743
|move|p1a: Regigigas|Substitute|p1a: Regigigas
|-start|p1a: Regigigas|Substitute
|-damage|p1a: Regigigas|56/100
|move|p2a: Kabutops|Liquidation|p1a: Regigigas
|-end|p1a: Regigigas|Substitute
|
|-heal|p1a: Regigigas|62/100|[from] item: Leftovers
|upkeep
|turn|15
|
|t:|1616028750
|move|p1a: Regigigas|Body Slam|p2a: Kabutops
|-resisted|p2a: Kabutops
|-damage|p2a: Kabutops|32/100
|move|p2a: Kabutops|Liquidation|p1a: Regigigas
|-damage|p1a: Regigigas|0 fnt
|faint|p1a: Regigigas
|-end|p1a: Regigigas|Slow Start|[silent]
|
|upkeep
|
|t:|1616028757
|switch|p1a: Gurdurr|Gurdurr, M|100/100
|turn|16
|
|t:|1616028763
|switch|p2a: Uxie|Uxie|100/100
|move|p1a: Gurdurr|Mach Punch|p2a: Uxie
|-resisted|p2a: Uxie
|-damage|p2a: Uxie|94/100
|
|upkeep
|turn|17
|
|t:|1616028765
|move|p2a: Uxie|Rain Dance|p2a: Uxie
|-weather|RainDance
|move|p1a: Gurdurr|Knock Off|p2a: Uxie
|-supereffective|p2a: Uxie
|-damage|p2a: Uxie|57/100
|-enditem|p2a: Uxie|Damp Rock|[from] move: Knock Off|[of] p1a: Gurdurr
|
|-weather|RainDance|[upkeep]
|upkeep
|turn|18
|
|t:|1616028774
|move|p2a: Uxie|Memento|p1a: Gurdurr
|-unboost|p1a: Gurdurr|atk|2
|-unboost|p1a: Gurdurr|spa|2
|faint|p2a: Uxie
|move|p1a: Gurdurr|Knock Off|p2: Uxie|[notarget]
|-fail|p1a: Gurdurr
|
|-weather|RainDance|[upkeep]
|upkeep
|
|t:|1616028778
|switch|p2a: Ludicolo|Ludicolo, M|100/100
|turn|19
|
|t:|1616028784
|switch|p1a: Qwilfish|Qwilfish, M|100/100
|-ability|p1a: Qwilfish|Intimidate|boost
|-unboost|p2a: Ludicolo|atk|1
|move|p2a: Ludicolo|Weather Ball|p1a: Qwilfish
|-resisted|p1a: Qwilfish
|-damage|p1a: Qwilfish|33/100
|-damage|p2a: Ludicolo|91/100|[from] item: Life Orb
|
|-weather|RainDance|[upkeep]
|-heal|p1a: Qwilfish|39/100|[from] item: Black Sludge
|upkeep
|turn|20
|
|t:|1616028813
|move|p2a: Ludicolo|Giga Drain|p1a: Qwilfish
|-damage|p1a: Qwilfish|0 fnt
|-heal|p2a: Ludicolo|100/100|[from] drain|[of] p1a: Qwilfish
|-damage|p2a: Ludicolo|91/100|[from] item: Life Orb
|faint|p1a: Qwilfish
|
|-weather|RainDance|[upkeep]
|upkeep
|inactive|SKron has 120 seconds left.
|
|t:|1616028856
|switch|p1a: Gurdurr|Gurdurr, M|100/100
|turn|21
|
|t:|1616028867
|move|p2a: Ludicolo|Weather Ball|p1a: Gurdurr
|-damage|p1a: Gurdurr|13/100
|-damage|p2a: Ludicolo|81/100|[from] item: Life Orb
|move|p1a: Gurdurr|Drain Punch|p2a: Ludicolo
|-damage|p2a: Ludicolo|16/100
|-heal|p1a: Gurdurr|38/100|[from] drain|[of] p2a: Ludicolo
|
|-weather|RainDance|[upkeep]
|upkeep
|turn|22
|inactive|SKron has 120 seconds left.
|
|t:|1616028875
|switch|p2a: Meowstic|Meowstic, M|100/100
|move|p1a: Gurdurr|Mach Punch|p2a: Meowstic
|-resisted|p2a: Meowstic
|-damage|p2a: Meowstic|90/100
|
|-weather|RainDance|[upkeep]
|upkeep
|turn|23
|
|t:|1616028880
|switch|p1a: Morpeko|Morpeko, F|100/100
|move|p2a: Meowstic|Yawn|p1a: Morpeko
|-hint|Since gen 7, Dark is immune to Prankster moves.
|-immune|p1a: Morpeko
|
|-weather|RainDance|[upkeep]
|-formechange|p1a: Morpeko|Morpeko-Hangry||[from] ability: Hunger Switch
|upkeep
|turn|24
|
|t:|1616028885
|move|p2a: Meowstic|Reflect|p2a: Meowstic
|-sidestart|p2: mefrog|Reflect
|move|p1a: Morpeko|Aura Wheel|p2a: Meowstic
|-supereffective|p2a: Meowstic
|-damage|p2a: Meowstic|50/100
|-boost|p1a: Morpeko|spe|1
|
|-weather|none
|-formechange|p1a: Morpeko|Morpeko||[from] ability: Hunger Switch
|upkeep
|turn|25
|
|t:|1616028892
|move|p2a: Meowstic|Rain Dance|p2a: Meowstic
|-weather|RainDance
|move|p1a: Morpeko|Aura Wheel|p2a: Meowstic
|-damage|p2a: Meowstic|31/100
|-boost|p1a: Morpeko|spe|1
|
|-weather|RainDance|[upkeep]
|-formechange|p1a: Morpeko|Morpeko-Hangry||[from] ability: Hunger Switch
|upkeep
|turn|26
|
|t:|1616028898
|move|p2a: Meowstic|Light Screen|p2a: Meowstic
|-sidestart|p2: mefrog|move: Light Screen
|move|p1a: Morpeko|Aura Wheel|p2a: Meowstic
|-supereffective|p2a: Meowstic
|-damage|p2a: Meowstic|0 fnt
|-boost|p1a: Morpeko|spe|1
|faint|p2a: Meowstic
|
|-weather|RainDance|[upkeep]
|-formechange|p1a: Morpeko|Morpeko||[from] ability: Hunger Switch
|upkeep
|
|t:|1616028901
|switch|p2a: Kabutops|Kabutops, F|32/100
|turn|27
|
|t:|1616028905
|move|p2a: Kabutops|Aqua Jet|p1a: Morpeko
|-damage|p1a: Morpeko|41/100
|move|p1a: Morpeko|Aura Wheel|p2a: Kabutops
|-supereffective|p2a: Kabutops
|-damage|p2a: Kabutops|0 fnt
|-boost|p1a: Morpeko|spe|1
|faint|p2a: Kabutops
|
|-weather|RainDance|[upkeep]
|-formechange|p1a: Morpeko|Morpeko-Hangry||[from] ability: Hunger Switch
|upkeep
|-message|mefrog forfeited.
|
|win|SKron
|raw|SKron's rating: 1381 &rarr; <strong>1401</strong><br />(+20 for winning)
|raw|mefrog's rating: 1387 &rarr; <strong>1367</strong><br />(-20 for losing)
|l|☆mefrog
|l|☆SKron
|c| LegendaryPUplayer|oml
