|raw|<div class="broadcast-blue"><strong>This battle is required to be public due to a player having a name starting with 'pult4c1'.</div>
|j|☆PULT4C1 Redemption
|j|☆pult4C1 ntr
|t:|1660946165
|gametype|singles
|player|p1|PULT4C1 Redemption|#redemption|1348
|player|p2|pult4C1 ntr|galacticgrunt|1574
|teamsize|p1|6
|teamsize|p2|6
|gen|8
|tier|[Gen 8] PU
|rated|
|rule|Sleep Clause Mod: Limit one foe put to sleep
|rule|Species Clause: Limit one of each Pokémon
|rule|OHKO Clause: OHKO moves are banned
|rule|Evasion Items Clause: Evasion items are banned
|rule|Evasion Moves Clause: Evasion moves are banned
|rule|Endless Battle Clause: Forcing endless battles is banned
|rule|HP Percentage Mod: HP is shown in percentages
|rule|Dynamax Clause: You cannot dynamax
|clearpoke
|poke|p1|Archeops, F|
|poke|p1|Rapidash-Galar, M|
|poke|p1|Frosmoth, F|
|poke|p1|Doublade, M|
|poke|p1|Lycanroc, F|
|poke|p1|Charizard, F|
|poke|p2|Shuckle, F|
|poke|p2|Whimsicott, F|
|poke|p2|Silvally-*|
|poke|p2|Mesprit|
|poke|p2|Morpeko, M|
|poke|p2|Gallade, M|
|teampreview
|j| PULT4C1 Carmin
|
|t:|1660946186
|start
|switch|p1a: Archeops|Archeops, F|100/100
|switch|p2a: Shuckle|Shuckle, F|100/100
|turn|1
|
|t:|1660946193
|move|p1a: Archeops|Taunt|p2a: Shuckle
|-start|p2a: Shuckle|move: Taunt
|-enditem|p2a: Shuckle|Mental Herb
|-end|p2a: Shuckle|move: Taunt
|move|p2a: Shuckle|Sticky Web|p1a: Archeops
|-sidestart|p1: PULT4C1 Redemption|move: Sticky Web
|
|upkeep
|turn|2
|
|t:|1660946201
|switch|p2a: Whimsicott|Whimsicott, F|100/100
|move|p1a: Archeops|Stealth Rock|p2a: Whimsicott
|-sidestart|p2: pult4C1 ntr|move: Stealth Rock
|
|upkeep
|turn|3
|
|t:|1660946209
|move|p2a: Whimsicott|Moonblast|p1a: Archeops
|-damage|p1a: Archeops|44/100
|move|p1a: Archeops|Head Smash|p2a: Whimsicott|[miss]
|-miss|p1a: Archeops|p2a: Whimsicott
|
|upkeep
|turn|4
|j| Delysse
|
|t:|1660946215
|move|p2a: Whimsicott|Moonblast|p1a: Archeops
|-damage|p1a: Archeops|0 fnt
|faint|p1a: Archeops
|
|upkeep
|
|t:|1660946220
|switch|p1a: Frosmoth|Frosmoth, F|100/100
|turn|5
|
|t:|1660946223
|move|p2a: Whimsicott|Memento|p1a: Frosmoth
|-unboost|p1a: Frosmoth|atk|2
|-unboost|p1a: Frosmoth|spa|2
|faint|p2a: Whimsicott
|move|p1a: Frosmoth|Ice Beam|p2: Whimsicott|[notarget]
|-fail|p1a: Frosmoth
|
|upkeep
|
|t:|1660946231
|switch|p2a: Silvally|Silvally-Ghost|100/100
|-damage|p2a: Silvally|88/100|[from] Stealth Rock
|turn|6
|inactive|Battle timer is ON: inactive players will automatically lose when time's up. (requested by pult4C1 ntr)
|
|t:|1660946325
|switch|p1a: Charizard|Charizard, F|100/100
|move|p2a: Silvally|Swords Dance|p2a: Silvally
|-boost|p2a: Silvally|atk|2
|
|upkeep
|turn|7
|
|t:|1660946335
|move|p2a: Silvally|Flame Charge|p1a: Charizard
|-resisted|p1a: Charizard
|-damage|p1a: Charizard|81/100
|-boost|p2a: Silvally|spe|1
|move|p1a: Charizard|Earthquake|p2a: Silvally
|-damage|p2a: Silvally|57/100
|
|upkeep
|turn|8
|
|t:|1660946360
|move|p2a: Silvally|Multi-Attack|p1a: Charizard
|-damage|p1a: Charizard|0 fnt
|faint|p1a: Charizard
|
|upkeep
|inactive|PULT4C1 Redemption has 120 seconds left.
|
|t:|1660946372
|switch|p1a: Lycanroc|Lycanroc, F|100/100
|-activate|p1a: Lycanroc|move: Sticky Web
|-unboost|p1a: Lycanroc|spe|1
|turn|9
|
|t:|1660946376
|move|p1a: Lycanroc|Accelerock|p2a: Silvally
|-damage|p2a: Silvally|30/100
|-damage|p1a: Lycanroc|91/100|[from] item: Life Orb
|move|p2a: Silvally|Multi-Attack|p1a: Lycanroc
|-damage|p1a: Lycanroc|0 fnt
|faint|p1a: Lycanroc
|
|upkeep
|
|t:|1660946379
|switch|p1a: Doublade|Doublade, M|100/100
|-activate|p1a: Doublade|move: Sticky Web
|-unboost|p1a: Doublade|spe|1
|turn|10
|
|t:|1660946383
|switch|p2a: Shuckle|Shuckle, F|100/100
|-damage|p2a: Shuckle|76/100|[from] Stealth Rock
|move|p1a: Doublade|Shadow Sneak|p2a: Shuckle
|-damage|p2a: Shuckle|61/100
|
|upkeep
|turn|11
|
|t:|1660946410
|move|p1a: Doublade|Swords Dance|p1a: Doublade
|-boost|p1a: Doublade|atk|2
|move|p2a: Shuckle|Encore|p1a: Doublade
|-start|p1a: Doublade|Encore
|
|upkeep
|turn|12
|
|t:|1660946425
|switch|p1a: Frosmoth|Frosmoth, F|100/100
|switch|p2a: Silvally|Silvally-Ghost|30/100
|-damage|p2a: Silvally|17/100|[from] Stealth Rock
|
|upkeep
|turn|13
|inactive|PULT4C1 Redemption has 120 seconds left.
|
|t:|1660946442
|switch|p1a: Rapidash|Rapidash-Galar, M|100/100
|-activate|p1a: Rapidash|move: Sticky Web
|-unboost|p1a: Rapidash|spe|1
|move|p2a: Silvally|Multi-Attack|p1a: Rapidash
|-supereffective|p1a: Rapidash
|-damage|p1a: Rapidash|0 fnt
|faint|p1a: Rapidash
|
|upkeep
|
|t:|1660946443
|switch|p1a: Doublade|Doublade, M|100/100
|-activate|p1a: Doublade|move: Sticky Web
|-unboost|p1a: Doublade|spe|1
|turn|14
|
|t:|1660946445
|move|p1a: Doublade|Shadow Sneak|p2a: Silvally
|-supereffective|p2a: Silvally
|-damage|p2a: Silvally|0 fnt
|faint|p2a: Silvally
|
|upkeep
|
|t:|1660946449
|switch|p2a: Morpeko|Morpeko, M|100/100
|turn|15
|
|t:|1660946460
|move|p2a: Morpeko|Aura Wheel|p1a: Doublade
|-damage|p1a: Doublade|75/100
|-boost|p2a: Morpeko|spe|1
|move|p1a: Doublade|Close Combat|p2a: Morpeko
|-supereffective|p2a: Morpeko
|-damage|p2a: Morpeko|0 fnt
|-unboost|p1a: Doublade|def|1
|-unboost|p1a: Doublade|spd|1
|faint|p2a: Morpeko
|
|upkeep
|
|t:|1660946467
|switch|p2a: Mesprit|Mesprit|100/100
|-damage|p2a: Mesprit|88/100|[from] Stealth Rock
|turn|16
|
|t:|1660946471
|switch|p1a: Frosmoth|Frosmoth, F|100/100
|move|p2a: Mesprit|Psychic|p1a: Frosmoth
|-damage|p1a: Frosmoth|72/100
|
|-heal|p2a: Mesprit|94/100|[from] item: Leftovers
|upkeep
|turn|17
|
|t:|1660946483
|switch|p2a: Gallade|Gallade, M|100/100
|-damage|p2a: Gallade|94/100|[from] Stealth Rock
|move|p1a: Frosmoth|Quiver Dance|p1a: Frosmoth
|-boost|p1a: Frosmoth|spa|1
|-boost|p1a: Frosmoth|spd|1
|-boost|p1a: Frosmoth|spe|1
|
|upkeep
|turn|18
|
|t:|1660946485
|move|p1a: Frosmoth|Ice Beam|p2a: Gallade
|-damage|p2a: Gallade|18/100
|-enditem|p2a: Gallade|Salac Berry|[eat]
|-boost|p2a: Gallade|spe|1|[from] item: Salac Berry
|move|p2a: Gallade|Close Combat|p1a: Frosmoth
|-damage|p1a: Frosmoth|0 fnt
|-unboost|p2a: Gallade|def|1
|-unboost|p2a: Gallade|spd|1
|faint|p1a: Frosmoth
|
|upkeep
|
|t:|1660946492
|switch|p1a: Doublade|Doublade, M|75/100
|-activate|p1a: Doublade|move: Sticky Web
|-unboost|p1a: Doublade|spe|1
|turn|19
|j| PULT4C1 Haffling
|
|t:|1660946512
|switch|p2a: Shuckle|Shuckle, F|61/100
|-damage|p2a: Shuckle|36/100|[from] Stealth Rock
|move|p1a: Doublade|Shadow Sneak|p2a: Shuckle
|-damage|p2a: Shuckle|24/100
|
|upkeep
|turn|20
|
|t:|1660946528
|move|p1a: Doublade|Iron Head|p2a: Shuckle
|-supereffective|p2a: Shuckle
|-crit|p2a: Shuckle
|-damage|p2a: Shuckle|0 fnt
|faint|p2a: Shuckle
|
|upkeep
|
|t:|1660946533
|switch|p2a: Mesprit|Mesprit|94/100
|-damage|p2a: Mesprit|82/100|[from] Stealth Rock
|turn|21
|
|t:|1660946537
|move|p2a: Mesprit|Psychic|p1a: Doublade
|-resisted|p1a: Doublade
|-damage|p1a: Doublade|48/100
|move|p1a: Doublade|Swords Dance|p1a: Doublade
|-boost|p1a: Doublade|atk|2
|
|-heal|p2a: Mesprit|88/100|[from] item: Leftovers
|upkeep
|turn|22
|
|t:|1660946541
|move|p1a: Doublade|Shadow Sneak|p2a: Mesprit
|-supereffective|p2a: Mesprit
|-damage|p2a: Mesprit|0 fnt
|faint|p2a: Mesprit
|
|upkeep
|
|t:|1660946543
|switch|p2a: Gallade|Gallade, M|18/100
|-damage|p2a: Gallade|12/100|[from] Stealth Rock
|turn|23
|
|t:|1660946545
|move|p1a: Doublade|Shadow Sneak|p2a: Gallade
|-supereffective|p2a: Gallade
|-damage|p2a: Gallade|0 fnt
|faint|p2a: Gallade
|
|win|PULT4C1 Redemption
|raw|PULT4C1 Redemption's rating: 1348 &rarr; <strong>1379</strong><br />(+31 for winning)
|raw|pult4C1 ntr's rating: 1574 &rarr; <strong>1543</strong><br />(-31 for losing)
|l|☆pult4C1 ntr
