|raw|<div class="broadcast-blue"><strong>This battle is required to be public due to a player having a name starting with 'pult4t2'.</div>
|j|☆robloxgammer
|j|☆PULT4T2 Irish
|t:|1661436644
|gametype|singles
|player|p1|robloxgammer|clay|1441
|player|p2|PULT4T2 Irish|misty|1491
|teamsize|p1|6
|teamsize|p2|6
|gen|8
|tier|[Gen 8] PU
|rated|
|rule|Sleep Clause Mod: Limit one foe put to sleep
|rule|Species Clause: Limit one of each Pokémon
|rule|OHKO Clause: OHKO moves are banned
|rule|Evasion Items Clause: Evasion items are banned
|rule|Evasion Moves Clause: Evasion moves are banned
|rule|Endless Battle Clause: Forcing endless battles is banned
|rule|HP Percentage Mod: HP is shown in percentages
|rule|Dynamax Clause: You cannot dynamax
|clearpoke
|poke|p1|Morpeko, F|
|poke|p1|Glastrier|
|poke|p1|Mesprit|
|poke|p1|Wishiwashi, M|
|poke|p1|Druddigon, M|
|poke|p1|Charizard, M|
|poke|p2|Scrafty, M|
|poke|p2|Weezing, M|
|poke|p2|Doublade, F|
|poke|p2|Jolteon, F|
|poke|p2|Coalossal, F|
|poke|p2|Wishiwashi, F|
|teampreview
|j| QiYu5
|l| QiYu5
|j| Carmin
|j| pult4t2 yan
|c| pult4t2 yan|ice horse <3
|
|t:|1661436705
|start
|switch|p1a: Morpeko|Morpeko, F|100/100
|switch|p2a: Scrafty|Scrafty, M|100/100
|turn|1
|
|t:|1661436729
|move|p1a: Morpeko|Parting Shot|p2a: Scrafty
|-unboost|p2a: Scrafty|atk|1
|-unboost|p2a: Scrafty|spa|1
|
|t:|1661436739
|switch|p1a: Charizard|Charizard, M|100/100|[from]move: Parting Shot
|move|p2a: Scrafty|Close Combat|p1a: Charizard
|-resisted|p1a: Charizard
|-damage|p1a: Charizard|73/100
|-unboost|p2a: Scrafty|def|1
|-unboost|p2a: Scrafty|spd|1
|
|upkeep
|turn|2
|
|t:|1661436749
|switch|p1a: Wishiwashi|Wishiwashi, M|100/100
|-formechange|p1a: Wishiwashi|Wishiwashi-School||[from] ability: Schooling
|switch|p2a: Wishiwashi|Wishiwashi, F|100/100
|-formechange|p2a: Wishiwashi|Wishiwashi-School||[from] ability: Schooling
|
|upkeep
|turn|3
|
|t:|1661436757
|move|p2a: Wishiwashi|Scald|p1a: Wishiwashi
|-resisted|p1a: Wishiwashi
|-damage|p1a: Wishiwashi|83/100
|move|p1a: Wishiwashi|U-turn|p2a: Wishiwashi
|-damage|p2a: Wishiwashi|86/100
|
|t:|1661436769
|switch|p1a: Morpeko|Morpeko, F|100/100|[from]move: U-turn
|
|-heal|p2a: Wishiwashi|92/100|[from] item: Leftovers
|-formechange|p1a: Morpeko|Morpeko-Hangry||[from] ability: Hunger Switch
|upkeep
|turn|4
|
|t:|1661436777
|move|p1a: Morpeko|Parting Shot|p2a: Wishiwashi
|-unboost|p2a: Wishiwashi|atk|1
|-unboost|p2a: Wishiwashi|spa|1
|
|t:|1661436781
|switch|p1a: Mesprit|Mesprit|100/100|[from]move: Parting Shot
|move|p2a: Wishiwashi|Scald|p1a: Mesprit
|-damage|p1a: Mesprit|84/100
|
|-heal|p2a: Wishiwashi|98/100|[from] item: Leftovers
|upkeep
|turn|5
|
|t:|1661436790
|switch|p2a: Coalossal|Coalossal, F|100/100
|move|p1a: Mesprit|Knock Off|p2a: Coalossal
|-damage|p2a: Coalossal|84/100
|-status|p1a: Mesprit|brn|[from] ability: Flame Body|[of] p2a: Coalossal
|-enditem|p2a: Coalossal|Heavy-Duty Boots|[from] move: Knock Off|[of] p1a: Mesprit
|
|-damage|p1a: Mesprit|78/100 brn|[from] brn
|upkeep
|turn|6
|
|t:|1661436797
|switch|p1a: Glastrier|Glastrier|100/100
|move|p2a: Coalossal|Stealth Rock|p1a: Glastrier
|-sidestart|p1: robloxgammer|move: Stealth Rock
|
|upkeep
|turn|7
|
|t:|1661436815
|switch|p2a: Weezing|Weezing, M|100/100
|move|p1a: Glastrier|High Horsepower|p2a: Weezing
|-immune|p2a: Weezing|[from] ability: Levitate
|
|upkeep
|turn|8
|
|t:|1661436828
|switch|p1a: Charizard|Charizard, M|73/100
|move|p2a: Weezing|Sludge Bomb|p1a: Charizard
|-damage|p1a: Charizard|45/100
|
|upkeep
|turn|9
|
|t:|1661436838
|switch|p2a: Jolteon|Jolteon, F|100/100
|move|p1a: Charizard|Defog|p2a: Jolteon
|-unboost|p2a: Jolteon|evasion|1
|-sideend|p1: robloxgammer|Stealth Rock|[from] move: Defog|[of] p1a: Charizard
|
|upkeep
|turn|10
|
|t:|1661436850
|switch|p1a: Morpeko|Morpeko, F|100/100
|move|p2a: Jolteon|Volt Switch|p1a: Morpeko
|-resisted|p1a: Morpeko
|-damage|p1a: Morpeko|67/100
|
|t:|1661436856
|switch|p2a: Coalossal|Coalossal, F|84/100|[from]move: Volt Switch
|
|-heal|p1a: Morpeko|73/100|[from] item: Leftovers
|-formechange|p1a: Morpeko|Morpeko-Hangry||[from] ability: Hunger Switch
|upkeep
|turn|11
|
|t:|1661436863
|move|p1a: Morpeko|Super Fang|p2a: Coalossal
|-damage|p2a: Coalossal|42/100
|move|p2a: Coalossal|Stealth Rock|p1a: Morpeko
|-sidestart|p1: robloxgammer|move: Stealth Rock
|
|-heal|p1a: Morpeko|79/100|[from] item: Leftovers
|-formechange|p1a: Morpeko|Morpeko||[from] ability: Hunger Switch
|upkeep
|turn|12
|
|t:|1661436871
|switch|p2a: Weezing|Weezing, M|100/100
|move|p1a: Morpeko|Aura Wheel|p2a: Weezing
|-damage|p2a: Weezing|70/100
|-boost|p1a: Morpeko|spe|1
|
|-heal|p1a: Morpeko|85/100|[from] item: Leftovers
|-formechange|p1a: Morpeko|Morpeko-Hangry||[from] ability: Hunger Switch
|upkeep
|turn|13
|
|t:|1661436879
|move|p1a: Morpeko|Super Fang|p2a: Weezing
|-damage|p2a: Weezing|35/100
|move|p2a: Weezing|Will-O-Wisp|p1a: Morpeko
|-status|p1a: Morpeko|brn
|
|-heal|p1a: Morpeko|92/100 brn|[from] item: Leftovers
|-damage|p1a: Morpeko|85/100 brn|[from] brn
|-formechange|p1a: Morpeko|Morpeko||[from] ability: Hunger Switch
|upkeep
|turn|14
|
|t:|1661436889
|move|p1a: Morpeko|Parting Shot|p2a: Weezing
|-unboost|p2a: Weezing|atk|1
|-unboost|p2a: Weezing|spa|1
|
|t:|1661436893
|switch|p1a: Charizard|Charizard, M|45/100|[from]move: Parting Shot
|move|p2a: Weezing|Pain Split|p1a: Charizard
|-sethp|p1a: Charizard|39/100|[from] move: Pain Split|[silent]
|-sethp|p2a: Weezing|42/100|[from] move: Pain Split
|
|upkeep
|turn|15
|
|t:|1661436900
|switch|p2a: Jolteon|Jolteon, F|100/100
|move|p1a: Charizard|Defog|p2a: Jolteon
|-unboost|p2a: Jolteon|evasion|1
|-sideend|p1: robloxgammer|Stealth Rock|[from] move: Defog|[of] p1a: Charizard
|
|upkeep
|turn|16
|
|t:|1661436908
|switch|p1a: Morpeko|Morpeko, F|85/100 brn
|move|p2a: Jolteon|Volt Switch|p1a: Morpeko
|-resisted|p1a: Morpeko
|-damage|p1a: Morpeko|55/100 brn
|
|t:|1661436911
|switch|p2a: Scrafty|Scrafty, M|100/100|[from]move: Volt Switch
|
|-heal|p1a: Morpeko|61/100 brn|[from] item: Leftovers
|-damage|p1a: Morpeko|55/100 brn|[from] brn
|-formechange|p1a: Morpeko|Morpeko-Hangry||[from] ability: Hunger Switch
|upkeep
|turn|17
|j| Persona111
|
|t:|1661436917
|move|p1a: Morpeko|Parting Shot|p2a: Scrafty
|-unboost|p2a: Scrafty|atk|1
|-unboost|p2a: Scrafty|spa|1
|
|t:|1661436926
|switch|p1a: Wishiwashi|Wishiwashi, M|83/100|[from]move: Parting Shot
|-formechange|p1a: Wishiwashi|Wishiwashi-School||[from] ability: Schooling
|move|p2a: Scrafty|Knock Off|p1a: Wishiwashi
|-damage|p1a: Wishiwashi|56/100
|-enditem|p1a: Wishiwashi|Leftovers|[from] move: Knock Off|[of] p2a: Scrafty
|
|upkeep
|turn|18
|
|t:|1661436933
|switch|p2a: Wishiwashi|Wishiwashi, F|98/100
|-formechange|p2a: Wishiwashi|Wishiwashi-School||[from] ability: Schooling
|move|p1a: Wishiwashi|U-turn|p2a: Wishiwashi
|-damage|p2a: Wishiwashi|83/100
|inactive|Battle timer is ON: inactive players will automatically lose when time's up. (requested by PULT4T2 Irish)
|
|t:|1661436956
|switch|p1a: Druddigon|Druddigon, M|100/100|[from]move: U-turn
|
|-heal|p2a: Wishiwashi|89/100|[from] item: Leftovers
|upkeep
|turn|19
|
|t:|1661436965
|move|p1a: Druddigon|Scale Shot|p2a: Wishiwashi
|-damage|p2a: Wishiwashi|77/100
|-damage|p2a: Wishiwashi|65/100
|-damage|p2a: Wishiwashi|53/100
|-damage|p2a: Wishiwashi|42/100
|-damage|p2a: Wishiwashi|30/100
|-hitcount|p2a: Wishiwashi|5
|-unboost|p1a: Druddigon|def|1
|-boost|p1a: Druddigon|spe|1
|-damage|p1a: Druddigon|91/100|[from] item: Life Orb
|move|p2a: Wishiwashi|Scald|p1a: Druddigon
|-resisted|p1a: Druddigon
|-damage|p1a: Druddigon|66/100
|
|-heal|p2a: Wishiwashi|36/100|[from] item: Leftovers
|upkeep
|turn|20
|
|t:|1661436983
|switch|p2a: Doublade|Doublade, F|100/100
|move|p1a: Druddigon|Crunch|p2a: Doublade
|-supereffective|p2a: Doublade
|-damage|p2a: Doublade|54/100
|
|upkeep
|turn|21
|
|t:|1661437009
|switch|p1a: Morpeko|Morpeko, F|55/100 brn
|move|p2a: Doublade|Close Combat|p1a: Morpeko
|-supereffective|p1a: Morpeko
|-damage|p1a: Morpeko|0 fnt
|-unboost|p2a: Doublade|def|1
|-unboost|p2a: Doublade|spd|1
|faint|p1a: Morpeko
|
|upkeep
|inactive|robloxgammer has 120 seconds left.
|
|t:|1661437023
|switch|p1a: Druddigon|Druddigon, M|66/100
|turn|22
|inactive|robloxgammer has 120 seconds left.
|
|t:|1661437035
|switch|p2a: Scrafty|Scrafty, M|100/100
|move|p1a: Druddigon|Earthquake|p2a: Scrafty
|-damage|p2a: Scrafty|49/100
|-damage|p1a: Druddigon|56/100|[from] item: Life Orb
|
|upkeep
|turn|23
|inactive|robloxgammer has 120 seconds left.
|
|t:|1661437046
|move|p2a: Scrafty|Close Combat|p1a: Druddigon
|-damage|p1a: Druddigon|0 fnt
|-unboost|p2a: Scrafty|def|1
|-unboost|p2a: Scrafty|spd|1
|faint|p1a: Druddigon
|
|upkeep
|inactive|robloxgammer has 120 seconds left.
|
|t:|1661437067
|switch|p1a: Wishiwashi|Wishiwashi, M|56/100
|-formechange|p1a: Wishiwashi|Wishiwashi-School||[from] ability: Schooling
|turn|24
|
|t:|1661437070
|move|p2a: Scrafty|Close Combat|p1a: Wishiwashi
|-damage|p1a: Wishiwashi|2/100
|-unboost|p2a: Scrafty|def|1
|-unboost|p2a: Scrafty|spd|1
|move|p1a: Wishiwashi|Scald|p2a: Scrafty
|-damage|p2a: Scrafty|0 fnt
|faint|p2a: Scrafty
|
|-formechange|p1a: Wishiwashi|Wishiwashi||[from] ability: Schooling
|upkeep
|
|t:|1661437074
|switch|p2a: Jolteon|Jolteon, F|100/100
|turn|25
|inactive|robloxgammer has 120 seconds left.
|
|t:|1661437086
|move|p2a: Jolteon|Thunderbolt|p1a: Wishiwashi
|-supereffective|p1a: Wishiwashi
|-damage|p1a: Wishiwashi|0 fnt
|faint|p1a: Wishiwashi
|
|upkeep
|inactive|robloxgammer has 120 seconds left.
|
|t:|1661437097
|switch|p1a: Glastrier|Glastrier|100/100
|turn|26
|
|t:|1661437099
|move|p2a: Jolteon|Volt Switch|p1a: Glastrier
|-damage|p1a: Glastrier|70/100
|
|t:|1661437102
|switch|p2a: Weezing|Weezing, M|42/100|[from]move: Volt Switch
|move|p1a: Glastrier|Icicle Crash|p2a: Weezing
|-damage|p2a: Weezing|0 fnt
|faint|p2a: Weezing
|-ability|p1a: Glastrier|Chilling Neigh|boost
|-boost|p1a: Glastrier|atk|1
|
|upkeep
|
|t:|1661437109
|switch|p2a: Jolteon|Jolteon, F|100/100
|turn|27
|
|t:|1661437113
|move|p2a: Jolteon|Volt Switch|p1a: Glastrier
|-damage|p1a: Glastrier|42/100
|
|t:|1661437115
|switch|p2a: Coalossal|Coalossal, F|42/100|[from]move: Volt Switch
|move|p1a: Glastrier|Icicle Crash|p2a: Coalossal
|-resisted|p2a: Coalossal
|-damage|p2a: Coalossal|0 fnt
|faint|p2a: Coalossal
|-ability|p1a: Glastrier|Chilling Neigh|boost
|-boost|p1a: Glastrier|atk|1
|
|upkeep
|inactive|PULT4T2 Irish has 120 seconds left.
|inactive|PULT4T2 Irish has 90 seconds left.
|
|t:|1661437187
|switch|p2a: Jolteon|Jolteon, F|100/100
|turn|28
|
|t:|1661437191
|move|p2a: Jolteon|Volt Switch|p1a: Glastrier
|-damage|p1a: Glastrier|10/100
|
|t:|1661437194
|switch|p2a: Wishiwashi|Wishiwashi, F|36/100|[from]move: Volt Switch
|-formechange|p2a: Wishiwashi|Wishiwashi-School||[from] ability: Schooling
|move|p1a: Glastrier|Icicle Crash|p2a: Wishiwashi
|-resisted|p2a: Wishiwashi
|-damage|p2a: Wishiwashi|0 fnt
|faint|p2a: Wishiwashi
|-ability|p1a: Glastrier|Chilling Neigh|boost
|-boost|p1a: Glastrier|atk|1
|
|upkeep
|j| PULT4T2 Redemption
|
|t:|1661437195
|switch|p2a: Jolteon|Jolteon, F|100/100
|turn|29
|j| Chirac
|
|t:|1661437206
|switch|p1a: Charizard|Charizard, M|39/100
|move|p2a: Jolteon|Thunderbolt|p1a: Charizard
|-supereffective|p1a: Charizard
|-damage|p1a: Charizard|0 fnt
|faint|p1a: Charizard
|
|upkeep
|
|t:|1661437210
|switch|p1a: Mesprit|Mesprit|78/100 brn
|turn|30
|
|t:|1661437216
|move|p2a: Jolteon|Shadow Ball|p1a: Mesprit
|-supereffective|p1a: Mesprit
|-damage|p1a: Mesprit|42/100 brn
|move|p1a: Mesprit|Healing Wish|p1a: Mesprit
|faint|p1a: Mesprit
|
|upkeep
|
|t:|1661437224
|switch|p1a: Glastrier|Glastrier|10/100
|-heal|p1a: Glastrier|100/100|[from] move: Healing Wish
|turn|31
|
|t:|1661437233
|move|p2a: Jolteon|Volt Switch|p1a: Glastrier
|-damage|p1a: Glastrier|71/100
|
|t:|1661437235
|switch|p2a: Doublade|Doublade, F|54/100|[from]move: Volt Switch
|move|p1a: Glastrier|High Horsepower|p2a: Doublade
|-supereffective|p2a: Doublade
|-damage|p2a: Doublade|0 fnt
|faint|p2a: Doublade
|-ability|p1a: Glastrier|Chilling Neigh|boost
|-boost|p1a: Glastrier|atk|1
|
|upkeep
|
|t:|1661437237
|switch|p2a: Jolteon|Jolteon, F|100/100
|turn|32
|
|t:|1661437246
|move|p2a: Jolteon|Thunderbolt|p1a: Glastrier
|-damage|p1a: Glastrier|33/100
|move|p1a: Glastrier|High Horsepower|p2a: Jolteon
|-supereffective|p2a: Jolteon
|-damage|p2a: Jolteon|0 fnt
|faint|p2a: Jolteon
|
|win|robloxgammer
|raw|robloxgammer's rating: 1441 &rarr; <strong>1464</strong><br />(+23 for winning)
|raw|PULT4T2 Irish's rating: 1491 &rarr; <strong>1468</strong><br />(-23 for losing)
|j| Royal1604
|c|☆robloxgammer|gg
|c|☆PULT4T2 Irish|gg
|l| Royal1604
|l|☆PULT4T2 Irish
|l| PULT4T2 Redemption
|l| Chirac
|c|☆robloxgammer|morpeko ez
|j| Chirac
|j| PULT4T2 Redemption
|c| Carmin|t"as pas honte ?
|c| Chirac|gamin
|c| Carmin|de bm comme ca, gros gamin...
|j| Royal1604
|l| PULT4T2 Redemption
|l| Chirac
|l| Royal1604
|l| Carmin
|c|☆robloxgammer|dsl
||Ladder isn't responding, score probably updated but might not have (Request timeout).
|c|☆robloxgammer|je savais pas qu'il y avait un tour
|c|☆robloxgammer|j'ai pas joué au tier depuis des mois
|l| pult4t2 yan
