|j|☆acluh1
|j|☆waterbends
|t:|1651541738
|gametype|singles
|player|p1|acluh1|sabrina|1384
|player|p2|waterbends|ninjaboy|1354
|teamsize|p1|6
|teamsize|p2|6
|gen|8
|tier|[Gen 8] PU
|rated|
|rule|Sleep Clause Mod: Limit one foe put to sleep
|rule|Species Clause: Limit one of each Pokémon
|rule|OHKO Clause: OHKO moves are banned
|rule|Evasion Moves Clause: Evasion moves are banned
|rule|Endless Battle Clause: Forcing endless battles is banned
|rule|HP Percentage Mod: HP is shown in percentages
|rule|Dynamax Clause: You cannot dynamax
|clearpoke
|poke|p1|Charizard, F|
|poke|p1|Ferroseed, F|
|poke|p1|Jellicent, M|
|poke|p1|Ribombee, M|
|poke|p1|Scrafty, M|
|poke|p1|Togedemaru, F|
|poke|p2|Jellicent, M|
|poke|p2|Cinccino, F|
|poke|p2|Garbodor, M|
|poke|p2|Ribombee, F|
|poke|p2|Ferroseed, F|
|poke|p2|Cryogonal|
|teampreview
|inactive|Battle timer is ON: inactive players will automatically lose when time's up. (requested by acluh1)
|c|☆waterbends|hfhf
|c|☆acluh1|glgl
|
|t:|1651541760
|start
|switch|p1a: Ferroseed|Ferroseed, F, shiny|100/100
|switch|p2a: Ferroseed|Ferroseed, F|100/100
|turn|1
|
|t:|1651541769
|switch|p2a: Cinccino|Cinccino, F|100/100
|move|p1a: Ferroseed|Stealth Rock|p2a: Cinccino
|-sidestart|p2: waterbends|move: Stealth Rock
|
|upkeep
|turn|2
|
|t:|1651541771
|move|p2a: Cinccino|Knock Off|p1a: Ferroseed
|-damage|p1a: Ferroseed|84/100
|-activate|p1a: Ferroseed|ability: Iron Barbs
|-activate|p2a: Cinccino|item: Protective Pads
|-enditem|p1a: Ferroseed|Eviolite|[from] move: Knock Off|[of] p2a: Cinccino
|move|p1a: Ferroseed|Leech Seed|p2a: Cinccino
|-start|p2a: Cinccino|move: Leech Seed
|
|-damage|p2a: Cinccino|88/100|[from] Leech Seed|[of] p1a: Ferroseed
|-heal|p1a: Ferroseed|97/100|[silent]
|upkeep
|turn|3
|
|t:|1651541777
|switch|p2a: Garbodor|Garbodor, M|100/100
|-damage|p2a: Garbodor|88/100|[from] Stealth Rock
|move|p1a: Ferroseed|Gyro Ball|p2a: Garbodor
|-damage|p2a: Garbodor|63/100
|-damage|p1a: Ferroseed|80/100|[from] item: Rocky Helmet|[of] p2a: Garbodor
|
|upkeep
|turn|4
|
|t:|1651541782
|switch|p1a: Charizard|Charizard, F, shiny|100/100
|move|p2a: Garbodor|Spikes|p1a: Charizard
|-sidestart|p1: acluh1|Spikes
|
|upkeep
|turn|5
|
|t:|1651541790
|switch|p2a: Jellicent|Jellicent, M|100/100
|-damage|p2a: Jellicent|88/100|[from] Stealth Rock
|move|p1a: Charizard|Fire Blast|p2a: Jellicent
|-resisted|p2a: Jellicent
|-damage|p2a: Jellicent|68/100
|
|upkeep
|turn|6
|
|t:|1651541794
|move|p1a: Charizard|Defog|p2a: Jellicent
|-unboost|p2a: Jellicent|evasion|1
|-sideend|p2: waterbends|Stealth Rock|[from] move: Defog|[of] p1a: Charizard
|-sideend|p1: acluh1|Spikes|[from] move: Defog|[of] p1a: Charizard
|move|p2a: Jellicent|Taunt|p1a: Charizard
|-start|p1a: Charizard|move: Taunt
|
|upkeep
|turn|7
|
|t:|1651541798
|switch|p1a: Togedemaru|Togedemaru, F|100/100
|move|p2a: Jellicent|Recover|p2a: Jellicent
|-heal|p2a: Jellicent|100/100
|
|upkeep
|turn|8
|
|t:|1651541805
|switch|p2a: Ferroseed|Ferroseed, F|100/100
|move|p1a: Togedemaru|U-turn|p2a: Ferroseed
|-damage|p2a: Ferroseed|84/100
|-damage|p1a: Togedemaru|88/100|[from] ability: Iron Barbs|[of] p2a: Ferroseed
|
|t:|1651541808
|switch|p1a: Charizard|Charizard, F, shiny|100/100|[from]move: U-turn
|
|upkeep
|turn|9
|
|t:|1651541811
|switch|p2a: Cryogonal|Cryogonal|100/100
|move|p1a: Charizard|Hurricane|p2a: Cryogonal
|-damage|p2a: Cryogonal|67/100
|
|upkeep
|turn|10
|
|t:|1651541813
|switch|p1a: Scrafty|Scrafty, M|100/100
|move|p2a: Cryogonal|Toxic|p1a: Scrafty
|-status|p1a: Scrafty|tox
|-enditem|p1a: Scrafty|Lum Berry|[eat]
|-curestatus|p1a: Scrafty|tox|[msg]
|
|upkeep
|turn|11
|
|t:|1651541819
|switch|p2a: Ribombee|Ribombee, F|100/100
|switch|p1a: Charizard|Charizard, F, shiny|100/100
|
|upkeep
|turn|12
|
|t:|1651541824
|switch|p2a: Jellicent|Jellicent, M|100/100
|move|p1a: Charizard|Fire Blast|p2a: Jellicent
|-resisted|p2a: Jellicent
|-damage|p2a: Jellicent|80/100
|
|upkeep
|turn|13
|
|t:|1651541834
|move|p1a: Charizard|Hurricane|p2a: Jellicent|[miss]
|-miss|p1a: Charizard|p2a: Jellicent
|move|p2a: Jellicent|Hex|p1a: Charizard
|-damage|p1a: Charizard|76/100
|
|upkeep
|turn|14
|
|t:|1651541847
|switch|p1a: Ferroseed|Ferroseed, F, shiny|80/100
|move|p2a: Jellicent|Taunt|p1a: Ferroseed
|-start|p1a: Ferroseed|move: Taunt
|
|upkeep
|turn|15
|
|t:|1651541857
|switch|p1a: Ribombee|Ribombee, M, shiny|100/100
|move|p2a: Jellicent|Will-O-Wisp|p1a: Ribombee
|-status|p1a: Ribombee|brn
|
|-damage|p1a: Ribombee|94/100 brn|[from] brn
|upkeep
|turn|16
|
|t:|1651541866
|switch|p2a: Ferroseed|Ferroseed, F|84/100
|move|p1a: Ribombee|Quiver Dance|p1a: Ribombee
|-boost|p1a: Ribombee|spa|1
|-boost|p1a: Ribombee|spd|1
|-boost|p1a: Ribombee|spe|1
|
|-damage|p1a: Ribombee|88/100 brn|[from] brn
|upkeep
|turn|17
|
|t:|1651541869
|move|p1a: Ribombee|Bug Buzz|p2a: Ferroseed
|-damage|p2a: Ferroseed|49/100
|move|p2a: Ferroseed|Stealth Rock|p1a: Ribombee
|-sidestart|p1: acluh1|move: Stealth Rock
|
|-damage|p1a: Ribombee|82/100 brn|[from] brn
|upkeep
|turn|18
|
|t:|1651541872
|move|p1a: Ribombee|Bug Buzz|p2a: Ferroseed
|-damage|p2a: Ferroseed|11/100
|-unboost|p2a: Ferroseed|spd|1
|move|p2a: Ferroseed|Gyro Ball|p1a: Ribombee
|-supereffective|p1a: Ribombee
|-damage|p1a: Ribombee|0 fnt
|faint|p1a: Ribombee
|
|upkeep
|
|t:|1651541876
|switch|p1a: Charizard|Charizard, F, shiny|76/100
|turn|19
|
|t:|1651541882
|move|p1a: Charizard|Defog|p2a: Ferroseed
|-unboost|p2a: Ferroseed|evasion|1
|-sideend|p1: acluh1|Stealth Rock|[from] move: Defog|[of] p1a: Charizard
|move|p2a: Ferroseed|Leech Seed|p1a: Charizard
|-start|p1a: Charizard|move: Leech Seed
|
|-damage|p1a: Charizard|63/100|[from] Leech Seed|[of] p2a: Ferroseed
|-heal|p2a: Ferroseed|24/100|[silent]
|upkeep
|turn|20
|
|t:|1651541890
|switch|p1a: Scrafty|Scrafty, M|100/100
|move|p2a: Ferroseed|Protect||[still]
|-fail|p2a: Ferroseed
|
|upkeep
|turn|21
|
|t:|1651541899
|switch|p2a: Ribombee|Ribombee, F|100/100
|move|p1a: Scrafty|Iron Head|p2a: Ribombee
|-supereffective|p2a: Ribombee
|-damage|p2a: Ribombee|22/100
|
|upkeep
|turn|22
|
|t:|1651541903
|switch|p1a: Ferroseed|Ferroseed, F, shiny|80/100
|move|p2a: Ribombee|Moonblast|p1a: Ferroseed
|-resisted|p1a: Ferroseed
|-damage|p1a: Ferroseed|56/100
|
|upkeep
|turn|23
|
|t:|1651541909
|switch|p2a: Garbodor|Garbodor, M|63/100
|move|p1a: Ferroseed|Leech Seed|p2a: Garbodor
|-start|p2a: Garbodor|move: Leech Seed
|
|-damage|p2a: Garbodor|51/100|[from] Leech Seed|[of] p1a: Ferroseed
|-heal|p1a: Ferroseed|71/100|[silent]
|upkeep
|turn|24
|
|t:|1651541914
|move|p2a: Garbodor|Spikes|p1a: Ferroseed
|-sidestart|p1: acluh1|Spikes
|move|p1a: Ferroseed|Stealth Rock|p2a: Garbodor
|-sidestart|p2: waterbends|move: Stealth Rock
|
|-damage|p2a: Garbodor|39/100|[from] Leech Seed|[of] p1a: Ferroseed
|-heal|p1a: Ferroseed|85/100|[silent]
|upkeep
|turn|25
|
|t:|1651541921
|switch|p2a: Jellicent|Jellicent, M|80/100
|-damage|p2a: Jellicent|68/100|[from] Stealth Rock
|move|p1a: Ferroseed|Spikes|p2a: Jellicent
|-sidestart|p2: waterbends|Spikes
|
|upkeep
|turn|26
|
|t:|1651541926
|move|p2a: Jellicent|Will-O-Wisp|p1a: Ferroseed
|-status|p1a: Ferroseed|brn
|move|p1a: Ferroseed|Leech Seed|p2a: Jellicent
|-start|p2a: Jellicent|move: Leech Seed
|
|-damage|p2a: Jellicent|55/100|[from] Leech Seed|[of] p1a: Ferroseed
|-heal|p1a: Ferroseed|100/100 brn|[silent]
|-damage|p1a: Ferroseed|94/100 brn|[from] brn
|upkeep
|turn|27
|
|t:|1651541935
|move|p2a: Jellicent|Recover|p2a: Jellicent
|-heal|p2a: Jellicent|100/100
|move|p1a: Ferroseed|Spikes|p2a: Jellicent
|-sidestart|p2: waterbends|Spikes
|
|-damage|p2a: Jellicent|88/100|[from] Leech Seed|[of] p1a: Ferroseed
|-heal|p1a: Ferroseed|100/100 brn|[silent]
|-damage|p1a: Ferroseed|94/100 brn|[from] brn
|upkeep
|turn|28
|
|t:|1651541938
|switch|p2a: Cryogonal|Cryogonal|67/100
|move|p1a: Ferroseed|Spikes|p2a: Cryogonal
|-sidestart|p2: waterbends|Spikes
|
|-damage|p1a: Ferroseed|88/100 brn|[from] brn
|upkeep
|turn|29
|
|t:|1651541944
|switch|p1a: Charizard|Charizard, F, shiny|63/100
|move|p2a: Cryogonal|Rapid Spin|p1a: Charizard
|-damage|p1a: Charizard|55/100
|-boost|p2a: Cryogonal|spe|1
|-sideend|p2: waterbends|Spikes|[from] move: Rapid Spin|[of] p2a: Cryogonal
|-sideend|p2: waterbends|Stealth Rock|[from] move: Rapid Spin|[of] p2a: Cryogonal
|
|upkeep
|turn|30
|
|t:|1651541947
|move|p2a: Cryogonal|Recover|p2a: Cryogonal
|-heal|p2a: Cryogonal|100/100
|move|p1a: Charizard|Fire Blast|p2a: Cryogonal
|-supereffective|p2a: Cryogonal
|-damage|p2a: Cryogonal|31/100
|
|upkeep
|turn|31
|
|t:|1651541952
|move|p2a: Cryogonal|Recover|p2a: Cryogonal
|-heal|p2a: Cryogonal|81/100
|move|p1a: Charizard|Roost|p1a: Charizard
|-heal|p1a: Charizard|100/100
|-singleturn|p1a: Charizard|move: Roost
|
|upkeep
|turn|32
|
|t:|1651541954
|move|p2a: Cryogonal|Toxic|p1a: Charizard
|-status|p1a: Charizard|tox
|move|p1a: Charizard|Fire Blast|p2a: Cryogonal
|-supereffective|p2a: Cryogonal
|-damage|p2a: Cryogonal|4/100
|
|-damage|p1a: Charizard|94/100 tox|[from] psn
|upkeep
|turn|33
|
|t:|1651541957
|move|p2a: Cryogonal|Recover|p2a: Cryogonal
|-heal|p2a: Cryogonal|54/100
|move|p1a: Charizard|Fire Blast|p2a: Cryogonal
|-supereffective|p2a: Cryogonal
|-damage|p2a: Cryogonal|0 fnt
|faint|p2a: Cryogonal
|
|-damage|p1a: Charizard|82/100 tox|[from] psn
|upkeep
|
|t:|1651541963
|switch|p2a: Cinccino|Cinccino, F|88/100
|turn|34
|
|t:|1651541968
|switch|p1a: Ferroseed|Ferroseed, F, shiny|88/100 brn
|-damage|p1a: Ferroseed|76/100 brn|[from] Spikes
|move|p2a: Cinccino|Tail Slap|p1a: Ferroseed
|-resisted|p1a: Ferroseed
|-damage|p1a: Ferroseed|71/100 brn
|-activate|p1a: Ferroseed|ability: Iron Barbs
|-activate|p2a: Cinccino|item: Protective Pads
|-resisted|p1a: Ferroseed
|-damage|p1a: Ferroseed|66/100 brn
|-activate|p1a: Ferroseed|ability: Iron Barbs
|-activate|p2a: Cinccino|item: Protective Pads
|-resisted|p1a: Ferroseed
|-damage|p1a: Ferroseed|62/100 brn
|-activate|p1a: Ferroseed|ability: Iron Barbs
|-activate|p2a: Cinccino|item: Protective Pads
|-resisted|p1a: Ferroseed
|-damage|p1a: Ferroseed|57/100 brn
|-activate|p1a: Ferroseed|ability: Iron Barbs
|-activate|p2a: Cinccino|item: Protective Pads
|-resisted|p1a: Ferroseed
|-damage|p1a: Ferroseed|52/100 brn
|-activate|p1a: Ferroseed|ability: Iron Barbs
|-activate|p2a: Cinccino|item: Protective Pads
|-hitcount|p1a: Ferroseed|5
|
|-damage|p1a: Ferroseed|46/100 brn|[from] brn
|upkeep
|turn|35
|
|t:|1651541976
|move|p2a: Cinccino|U-turn|p1a: Ferroseed
|-damage|p1a: Ferroseed|27/100 brn
|-activate|p1a: Ferroseed|ability: Iron Barbs
|-activate|p2a: Cinccino|item: Protective Pads
|
|t:|1651541981
|switch|p2a: Jellicent|Jellicent, M|88/100|[from]move: U-turn
|move|p1a: Ferroseed|Leech Seed|p2a: Jellicent
|-start|p2a: Jellicent|move: Leech Seed
|
|-damage|p2a: Jellicent|76/100|[from] Leech Seed|[of] p1a: Ferroseed
|-heal|p1a: Ferroseed|44/100 brn|[silent]
|-damage|p1a: Ferroseed|38/100 brn|[from] brn
|upkeep
|turn|36
|
|t:|1651541990
|move|p2a: Jellicent|Hex|p1a: Ferroseed
|-crit|p1a: Ferroseed
|-damage|p1a: Ferroseed|0 fnt
|faint|p1a: Ferroseed
|
|upkeep
|
|t:|1651542005
|switch|p1a: Togedemaru|Togedemaru, F|88/100
|-damage|p1a: Togedemaru|76/100|[from] Spikes
|turn|37
|
|t:|1651542007
|switch|p2a: Ferroseed|Ferroseed, F|24/100
|move|p1a: Togedemaru|Zing Zap|p2a: Ferroseed
|-resisted|p2a: Ferroseed
|-damage|p2a: Ferroseed|11/100
|-damage|p1a: Togedemaru|64/100|[from] ability: Iron Barbs|[of] p2a: Ferroseed
|
|upkeep
|turn|38
|
|t:|1651542012
|move|p1a: Togedemaru|Zing Zap|p2a: Ferroseed
|-resisted|p2a: Ferroseed
|-damage|p2a: Ferroseed|0 fnt
|-damage|p1a: Togedemaru|52/100|[from] ability: Iron Barbs|[of] p2a: Ferroseed
|faint|p2a: Ferroseed
|
|upkeep
|
|t:|1651542017
|switch|p2a: Garbodor|Garbodor, M|39/100
|turn|39
|
|t:|1651542023
|switch|p1a: Charizard|Charizard, F, shiny|82/100 tox
|move|p2a: Garbodor|Pain Split|p1a: Charizard
|-sethp|p1a: Charizard|64/100 tox|[from] move: Pain Split|[silent]
|-sethp|p2a: Garbodor|54/100|[from] move: Pain Split
|
|-damage|p1a: Charizard|58/100 tox|[from] psn
|upkeep
|turn|40
|
|t:|1651542028
|move|p1a: Charizard|Fire Blast|p2a: Garbodor
|-damage|p2a: Garbodor|0 fnt
|faint|p2a: Garbodor
|
|-damage|p1a: Charizard|46/100 tox|[from] psn
|upkeep
|
|t:|1651542032
|switch|p2a: Cinccino|Cinccino, F|88/100
|turn|41
|
|t:|1651542035
|move|p2a: Cinccino|Tail Slap|p1a: Charizard
|-crit|p1a: Charizard
|-damage|p1a: Charizard|24/100 tox
|-crit|p1a: Charizard
|-damage|p1a: Charizard|0 fnt
|faint|p1a: Charizard
|-hitcount|p1: Charizard|2
|
|upkeep
|
|t:|1651542039
|switch|p1a: Jellicent|Jellicent, M|100/100
|-damage|p1a: Jellicent|88/100|[from] Spikes
|turn|42
|
|t:|1651542051
|move|p2a: Cinccino|Bullet Seed|p1a: Jellicent
|-supereffective|p1a: Jellicent
|-damage|p1a: Jellicent|73/100
|-start|p2a: Cinccino|Disable|Bullet Seed|[from] ability: Cursed Body|[of] p1a: Jellicent
|-supereffective|p1a: Jellicent
|-damage|p1a: Jellicent|57/100
|-supereffective|p1a: Jellicent
|-damage|p1a: Jellicent|43/100
|-supereffective|p1a: Jellicent
|-damage|p1a: Jellicent|27/100
|-supereffective|p1a: Jellicent
|-damage|p1a: Jellicent|10/100
|-hitcount|p1a: Jellicent|5
|move|p1a: Jellicent|Scald|p2a: Cinccino
|-damage|p2a: Cinccino|47/100
|
|upkeep
|turn|43
|
|t:|1651542057
|move|p2a: Cinccino|Knock Off|p1a: Jellicent
|-supereffective|p1a: Jellicent
|-enditem|p1a: Jellicent|Colbur Berry|[eat]
|-enditem|p1a: Jellicent|Colbur Berry|[weaken]
|-damage|p1a: Jellicent|0 fnt
|faint|p1a: Jellicent
|
|upkeep
|
|t:|1651542059
|switch|p1a: Togedemaru|Togedemaru, F|52/100
|-damage|p1a: Togedemaru|40/100|[from] Spikes
|turn|44
|
|t:|1651542065
|move|p1a: Togedemaru|Zing Zap|p2a: Cinccino
|-crit|p2a: Cinccino
|-damage|p2a: Cinccino|0 fnt
|faint|p2a: Cinccino
|
|upkeep
|
|t:|1651542067
|switch|p2a: Jellicent|Jellicent, M|76/100
|turn|45
|
|t:|1651542071
|move|p1a: Togedemaru|Zing Zap|p2a: Jellicent
|-supereffective|p2a: Jellicent
|-damage|p2a: Jellicent|16/100
|move|p2a: Jellicent|Will-O-Wisp|p1a: Togedemaru
|-status|p1a: Togedemaru|brn
|
|-damage|p1a: Togedemaru|34/100 brn|[from] brn
|upkeep
|turn|46
|
|t:|1651542074
|move|p1a: Togedemaru|Zing Zap|p2a: Jellicent
|-supereffective|p2a: Jellicent
|-damage|p2a: Jellicent|0 fnt
|faint|p2a: Jellicent
|
|-damage|p1a: Togedemaru|28/100 brn|[from] brn
|upkeep
|
|t:|1651542076
|switch|p2a: Ribombee|Ribombee, F|22/100
|turn|47
|
|t:|1651542080
|switch|p1a: Scrafty|Scrafty, M|100/100
|-damage|p1a: Scrafty|88/100|[from] Spikes
|move|p2a: Ribombee|Roost|p2a: Ribombee
|-heal|p2a: Ribombee|72/100
|-singleturn|p2a: Ribombee|move: Roost
|
|upkeep
|turn|48
|
|t:|1651542083
|move|p2a: Ribombee|Moonblast|p1a: Scrafty
|-supereffective|p1a: Scrafty
|-damage|p1a: Scrafty|0 fnt
|faint|p1a: Scrafty
|
|upkeep
|
|t:|1651542085
|switch|p1a: Togedemaru|Togedemaru, F|28/100 brn
|-damage|p1a: Togedemaru|16/100 brn|[from] Spikes
|turn|49
|
|t:|1651542088
|move|p1a: Togedemaru|Iron Head|p2a: Ribombee
|-supereffective|p2a: Ribombee
|-damage|p2a: Ribombee|6/100
|move|p2a: Ribombee|Moonblast|p1a: Togedemaru
|-resisted|p1a: Togedemaru
|-damage|p1a: Togedemaru|0 fnt
|faint|p1a: Togedemaru
|
|win|waterbends
|raw|acluh1's rating: 1384 &rarr; <strong>1362</strong><br />(-22 for losing)
|raw|waterbends's rating: 1354 &rarr; <strong>1376</strong><br />(+22 for winning)
|c|☆waterbends|gg
|l|☆acluh1
||Ladder isn't responding, score probably updated but might not have (Request timeout).
