|j|☆so happy world
|j|☆k8ppy
|t:|1601758006
|player|p1|so happy world|iris-gen5bw2|
|player|p2|k8ppy|juggler|
|teamsize|p1|6
|teamsize|p2|6
|gametype|singles
|gen|8
|tier|[Gen 8] PU
|rated|Tournament battle
|clearpoke
|poke|p1|Alcremie, F|
|poke|p1|Ferroseed, F|
|poke|p1|Sandslash, F|
|poke|p1|Sawk, M|
|poke|p1|Galvantula, M|
|poke|p1|Golduck, M|
|poke|p2|Dusclops, F|
|poke|p2|Appletun, F|
|poke|p2|Lickilicky, F|
|poke|p2|Stunfisk, M|
|poke|p2|Mr. Rime, M|
|poke|p2|Sawk, M|
|rule|Sleep Clause Mod: Limit one foe put to sleep
|rule|Species Clause: Limit one of each Pokémon
|rule|OHKO Clause: OHKO moves are banned
|rule|Evasion Moves Clause: Evasion moves are banned
|rule|Endless Battle Clause: Forcing endless battles is banned
|rule|HP Percentage Mod: HP is shown in percentages
|rule|Dynamax Clause: You cannot dynamax
|teampreview
|j| a secret alt
|j|%tlenit
|j| RadishesAreSpooky
|inactive|Battle timer is ON: inactive players will automatically lose when time's up. (requested by so happy world)
|j| ftihuokjrs
|
|t:|1601758038
|start
|switch|p1a: Sawk|Sawk, M|100/100
|switch|p2a: Lickilicky|Lickilicky, F|100/100
|turn|1
|
|t:|1601758044
|switch|p2a: Stunfisk|Stunfisk, M|100/100
|move|p1a: Sawk|Knock Off|p2a: Stunfisk
|-damage|p2a: Stunfisk|63/100
|-damage|p1a: Sawk|84/100|[from] item: Rocky Helmet|[of] p2a: Stunfisk
|-enditem|p2a: Stunfisk|Rocky Helmet|[from] move: Knock Off|[of] p1a: Sawk
|
|upkeep
|turn|2
|
|t:|1601758051
|switch|p1a: Ferroseed|Ferroseed, F|100/100
|move|p2a: Stunfisk|Stealth Rock|p1a: Ferroseed
|-sidestart|p1: so happy world|move: Stealth Rock
|
|upkeep
|turn|3
|j|+soulgazer
|
|t:|1601758062
|switch|p2a: Sawk|Sawk, M|100/100
|-ability|p2a: Sawk|Mold Breaker
|move|p1a: Ferroseed|Spikes|p2a: Sawk
|-sidestart|p2: k8ppy|Spikes
|
|upkeep
|turn|4
|
|t:|1601758069
|move|p1a: Ferroseed|Protect|p1a: Ferroseed
|-singleturn|p1a: Ferroseed|Protect
|move|p2a: Sawk|Poison Jab|p1a: Ferroseed
|-activate|p1a: Ferroseed|move: Protect
|
|upkeep
|turn|5
|
|t:|1601758079
|switch|p2a: Lickilicky|Lickilicky, F|100/100
|-damage|p2a: Lickilicky|88/100|[from] Spikes
|move|p1a: Ferroseed|Leech Seed|p2a: Lickilicky
|-start|p2a: Lickilicky|move: Leech Seed
|
|-heal|p2a: Lickilicky|94/100|[from] item: Leftovers
|-damage|p2a: Lickilicky|82/100|[from] Leech Seed|[of] p1a: Ferroseed
|upkeep
|turn|6
|
|t:|1601758085
|switch|p1a: Sandslash|Sandslash, F|100/100
|move|p2a: Lickilicky|Swords Dance|p2a: Lickilicky
|-boost|p2a: Lickilicky|atk|2
|
|-heal|p2a: Lickilicky|88/100|[from] item: Leftovers
|-damage|p2a: Lickilicky|75/100|[from] Leech Seed|[of] p1a: Sandslash
|upkeep
|turn|7
|
|t:|1601758090
|move|p1a: Sandslash|Knock Off|p2a: Lickilicky
|-damage|p2a: Lickilicky|56/100
|-enditem|p2a: Lickilicky|Leftovers|[from] move: Knock Off|[of] p1a: Sandslash
|move|p2a: Lickilicky|Body Slam|p1a: Sandslash
|-damage|p1a: Sandslash|48/100
|-status|p1a: Sandslash|par
|
|-damage|p2a: Lickilicky|43/100|[from] Leech Seed|[of] p1a: Sandslash
|-heal|p1a: Sandslash|62/100 par|[silent]
|upkeep
|turn|8
|
|t:|1601758098
|move|p2a: Lickilicky|Body Slam|p1a: Sandslash
|-damage|p1a: Sandslash|13/100 par
|move|p1a: Sandslash|Stealth Rock|p2a: Lickilicky
|-sidestart|p2: k8ppy|move: Stealth Rock
|
|-damage|p2a: Lickilicky|31/100|[from] Leech Seed|[of] p1a: Sandslash
|-heal|p1a: Sandslash|27/100 par|[silent]
|upkeep
|turn|9
|
|t:|1601758103
|switch|p1a: Ferroseed|Ferroseed, F|100/100
|-damage|p1a: Ferroseed|94/100|[from] Stealth Rock
|move|p2a: Lickilicky|Knock Off|p1a: Ferroseed
|-damage|p1a: Ferroseed|49/100
|-damage|p2a: Lickilicky|18/100|[from] ability: Iron Barbs|[of] p1a: Ferroseed
|-enditem|p1a: Ferroseed|Eviolite|[from] move: Knock Off|[of] p2a: Lickilicky
|
|-damage|p2a: Lickilicky|6/100|[from] Leech Seed|[of] p1a: Ferroseed
|-heal|p1a: Ferroseed|66/100|[silent]
|upkeep
|turn|10
|j| zoowi
|
|t:|1601758112
|move|p2a: Lickilicky|Knock Off|p1a: Ferroseed
|-damage|p1a: Ferroseed|20/100
|-damage|p2a: Lickilicky|0 fnt|[from] ability: Iron Barbs|[of] p1a: Ferroseed
|faint|p2a: Lickilicky
|move|p1a: Ferroseed|Spikes|p2: Lickilicky
|-sidestart|p2: k8ppy|Spikes
|
|upkeep
|
|t:|1601758118
|switch|p2a: Mr. Rime|Mr. Rime, M|100/100
|turn|11
|
|t:|1601758122
|move|p2a: Mr. Rime|Rapid Spin|p1a: Ferroseed
|-resisted|p1a: Ferroseed
|-damage|p1a: Ferroseed|14/100
|-boost|p2a: Mr. Rime|spe|1
|-damage|p2a: Mr. Rime|88/100|[from] ability: Iron Barbs|[of] p1a: Ferroseed
|-sideend|p2: k8ppy|Spikes|[from] move: Rapid Spin|[of] p2a: Mr. Rime
|-sideend|p2: k8ppy|Stealth Rock|[from] move: Rapid Spin|[of] p2a: Mr. Rime
|move|p1a: Ferroseed|Leech Seed|p2a: Mr. Rime|[miss]
|-miss|p1a: Ferroseed|p2a: Mr. Rime
|
|upkeep
|turn|12
|
|t:|1601758128
|move|p2a: Mr. Rime|Ice Beam|p1a: Ferroseed
|-damage|p1a: Ferroseed|0 fnt
|faint|p1a: Ferroseed
|
|upkeep
|
|t:|1601758131
|switch|p1a: Galvantula|Galvantula, M|100/100
|turn|13
|
|t:|1601758138
|move|p2a: Mr. Rime|Ice Beam|p1a: Galvantula
|-damage|p1a: Galvantula|18/100
|move|p1a: Galvantula|Bug Buzz|p2a: Mr. Rime
|-supereffective|p2a: Mr. Rime
|-damage|p2a: Mr. Rime|2/100
|
|upkeep
|turn|14
|
|t:|1601758145
|switch|p1a: Sandslash|Sandslash, F|27/100 par
|move|p2a: Mr. Rime|Ice Beam|p1a: Sandslash
|-supereffective|p1a: Sandslash
|-damage|p1a: Sandslash|0 fnt
|faint|p1a: Sandslash
|
|upkeep
|
|t:|1601758147
|switch|p1a: Golduck|Golduck, M|100/100
|-damage|p1a: Golduck|88/100|[from] Stealth Rock
|-ability|p1a: Golduck|Cloud Nine
|turn|15
|
|t:|1601758161
|switch|p2a: Dusclops|Dusclops, F|100/100
|-ability|p2a: Dusclops|Pressure
|move|p1a: Golduck|Flip Turn|p2a: Dusclops
|-damage|p2a: Dusclops|90/100
|
|t:|1601758166
|switch|p1a: Alcremie|Alcremie, F|100/100|[from]move: Flip Turn
|-damage|p1a: Alcremie|88/100|[from] Stealth Rock
|
|-heal|p1a: Alcremie|94/100|[from] item: Leftovers
|upkeep
|turn|16
|
|t:|1601758172
|switch|p2a: Sawk|Sawk, M|100/100
|-ability|p2a: Sawk|Mold Breaker
|move|p1a: Alcremie|Calm Mind|p1a: Alcremie
|-boost|p1a: Alcremie|spa|1
|-boost|p1a: Alcremie|spd|1
|
|-heal|p1a: Alcremie|99/100|[from] item: Leftovers
|upkeep
|turn|17
|
|t:|1601758178
|move|p2a: Sawk|Poison Jab|p1a: Alcremie
|-supereffective|p1a: Alcremie
|-damage|p1a: Alcremie|44/100
|move|p1a: Alcremie|Dazzling Gleam|p2a: Sawk
|-supereffective|p2a: Sawk
|-crit|p2a: Sawk
|-damage|p2a: Sawk|0 fnt
|faint|p2a: Sawk
|
|-heal|p1a: Alcremie|50/100|[from] item: Leftovers
|upkeep
|
|t:|1601758188
|switch|p2a: Appletun|Appletun, F|100/100
|turn|18
|
|t:|1601758192
|move|p1a: Alcremie|Dazzling Gleam|p2a: Appletun
|-supereffective|p2a: Appletun
|-damage|p2a: Appletun|6/100
|move|p2a: Appletun|Apple Acid|p1a: Alcremie
|-damage|p1a: Alcremie|28/100
|-unboost|p1a: Alcremie|spd|1
|
|-heal|p1a: Alcremie|34/100|[from] item: Leftovers
|-heal|p2a: Appletun|12/100|[from] item: Leftovers
|upkeep
|turn|19
|
|t:|1601758198
|move|p1a: Alcremie|Dazzling Gleam|p2a: Appletun
|-supereffective|p2a: Appletun
|-damage|p2a: Appletun|0 fnt
|faint|p2a: Appletun
|
|-heal|p1a: Alcremie|40/100|[from] item: Leftovers
|upkeep
|
|t:|1601758200
|switch|p2a: Mr. Rime|Mr. Rime, M|2/100
|turn|20
|
|t:|1601758204
|move|p2a: Mr. Rime|Psychic|p1a: Alcremie
|-damage|p1a: Alcremie|2/100
|move|p1a: Alcremie|Dazzling Gleam|p2a: Mr. Rime
|-damage|p2a: Mr. Rime|0 fnt
|faint|p2a: Mr. Rime
|
|-heal|p1a: Alcremie|8/100|[from] item: Leftovers
|upkeep
|c|☆k8ppy|oof
|
|t:|1601758212
|switch|p2a: Dusclops|Dusclops, F|90/100
|-ability|p2a: Dusclops|Pressure
|turn|21
|
|t:|1601758215
|move|p1a: Alcremie|Recover|p1a: Alcremie
|-heal|p1a: Alcremie|58/100
|move|p2a: Dusclops|Seismic Toss|p1a: Alcremie
|-damage|p1a: Alcremie|28/100
|
|-heal|p1a: Alcremie|34/100|[from] item: Leftovers
|upkeep
|turn|22
|
|t:|1601758220
|move|p1a: Alcremie|Recover|p1a: Alcremie
|-heal|p1a: Alcremie|85/100
|move|p2a: Dusclops|Toxic|p1a: Alcremie
|-status|p1a: Alcremie|tox
|
|-heal|p1a: Alcremie|91/100 tox|[from] item: Leftovers
|-damage|p1a: Alcremie|85/100 tox|[from] psn
|upkeep
|turn|23
|
|t:|1601758225
|move|p1a: Alcremie|Calm Mind|p1a: Alcremie
|-boost|p1a: Alcremie|spa|1
|-boost|p1a: Alcremie|spd|1
|move|p2a: Dusclops|Seismic Toss|p1a: Alcremie
|-damage|p1a: Alcremie|55/100 tox
|
|-heal|p1a: Alcremie|61/100 tox|[from] item: Leftovers
|-damage|p1a: Alcremie|49/100 tox|[from] psn
|upkeep
|turn|24
|
|t:|1601758228
|move|p1a: Alcremie|Dazzling Gleam|p2a: Dusclops
|-damage|p2a: Dusclops|63/100
|move|p2a: Dusclops|Seismic Toss|p1a: Alcremie
|-damage|p1a: Alcremie|19/100 tox
|
|-heal|p1a: Alcremie|25/100 tox|[from] item: Leftovers
|-damage|p1a: Alcremie|7/100 tox|[from] psn
|upkeep
|turn|25
|
|t:|1601758232
|move|p1a: Alcremie|Recover|p1a: Alcremie
|-heal|p1a: Alcremie|57/100 tox
|move|p2a: Dusclops|Seismic Toss|p1a: Alcremie
|-damage|p1a: Alcremie|27/100 tox
|
|-heal|p1a: Alcremie|33/100 tox|[from] item: Leftovers
|-damage|p1a: Alcremie|9/100 tox|[from] psn
|upkeep
|turn|26
|
|t:|1601758237
|move|p1a: Alcremie|Recover|p1a: Alcremie
|-heal|p1a: Alcremie|59/100 tox
|move|p2a: Dusclops|Rest|p2a: Dusclops
|-status|p2a: Dusclops|slp|[from] move: Rest
|-heal|p2a: Dusclops|100/100 slp|[silent]
|
|-heal|p1a: Alcremie|65/100 tox|[from] item: Leftovers
|-damage|p1a: Alcremie|35/100 tox|[from] psn
|upkeep
|turn|27
|
|t:|1601758240
|move|p1a: Alcremie|Dazzling Gleam|p2a: Dusclops
|-damage|p2a: Dusclops|74/100 slp
|cant|p2a: Dusclops|slp
|move|p2a: Dusclops|Sleep Talk|p2a: Dusclops
|move|p2a: Dusclops|Toxic|p1a: Alcremie|[from]Sleep Talk
|-fail|p1a: Alcremie|tox
|
|-heal|p1a: Alcremie|41/100 tox|[from] item: Leftovers
|-damage|p1a: Alcremie|5/100 tox|[from] psn
|upkeep
|turn|28
|
|t:|1601758245
|move|p1a: Alcremie|Dazzling Gleam|p2a: Dusclops
|-damage|p2a: Dusclops|44/100 slp
|cant|p2a: Dusclops|slp
|
|-heal|p1a: Alcremie|11/100 tox|[from] item: Leftovers
|-damage|p1a: Alcremie|0 fnt|[from] psn
|faint|p1a: Alcremie
|upkeep
|
|t:|1601758248
|switch|p1a: Sawk|Sawk, M|84/100
|-damage|p1a: Sawk|78/100|[from] Stealth Rock
|turn|29
|
|t:|1601758252
|move|p1a: Sawk|Earthquake|p2a: Dusclops
|-damage|p2a: Dusclops|9/100 slp
|-curestatus|p2a: Dusclops|slp|[msg]
|move|p2a: Dusclops|Rest|p2a: Dusclops
|-status|p2a: Dusclops|slp|[from] move: Rest
|-heal|p2a: Dusclops|100/100 slp|[silent]
|
|upkeep
|turn|30
|
|t:|1601758257
|move|p1a: Sawk|Earthquake|p2a: Dusclops
|-damage|p2a: Dusclops|65/100 slp
|cant|p2a: Dusclops|slp
|move|p2a: Dusclops|Sleep Talk|p2a: Dusclops
|move|p2a: Dusclops|Rest|p2a: Dusclops|[from]Sleep Talk
|-fail|p2a: Dusclops
|
|upkeep
|turn|31
|
|t:|1601758261
|move|p1a: Sawk|Earthquake|p2a: Dusclops
|-damage|p2a: Dusclops|30/100 slp
|cant|p2a: Dusclops|slp
|move|p2a: Dusclops|Sleep Talk|p2a: Dusclops
|move|p2a: Dusclops|Rest|p2a: Dusclops|[from]Sleep Talk
|-fail|p2a: Dusclops
|
|upkeep
|turn|32
|c|☆k8ppy|ah gg lol
|-message|k8ppy forfeited.
|
|win|so happy world
