|j|☆sugar ovens
|j|☆mr milez
|t:|1630801288
|gametype|singles
|player|p1|sugar ovens|twins|
|player|p2|mr milez|veteranf|
|teamsize|p1|6
|teamsize|p2|6
|gen|8
|tier|[Gen 8] PU
|rated|Tournament battle
|rule|Sleep Clause Mod: Limit one foe put to sleep
|rule|Species Clause: Limit one of each Pokémon
|rule|OHKO Clause: OHKO moves are banned
|rule|Evasion Moves Clause: Evasion moves are banned
|rule|Endless Battle Clause: Forcing endless battles is banned
|rule|HP Percentage Mod: HP is shown in percentages
|rule|Dynamax Clause: You cannot dynamax
|clearpoke
|poke|p1|Scrafty, F|
|poke|p1|Weezing, M|
|poke|p1|Ferroseed, F|
|poke|p1|Gigalith, F|
|poke|p1|Silvally-*|
|poke|p1|Mr. Mime-Galar, M|
|poke|p2|Absol, M|
|poke|p2|Ferroseed, F|
|poke|p2|Rotom|
|poke|p2|Mesprit|
|poke|p2|Druddigon, M|
|poke|p2|Kabutops, M|
|teampreview
|j|#2xthetap
|
|t:|1630801324
|start
|switch|p1a: Weezing|Weezing, M|100/100
|switch|p2a: Ferroseed|Ferroseed, F|100/100
|-ability|p1a: Weezing|Neutralizing Gas
|turn|1
|
|t:|1630801354
|switch|p2a: Rotom|Rotom|100/100
|move|p1a: Weezing|Toxic Spikes|p2a: Rotom
|-sidestart|p2: mr milez|move: Toxic Spikes
|
|upkeep
|turn|2
|
|t:|1630801364
|move|p2a: Rotom|Volt Switch|p1a: Weezing
|-damage|p1a: Weezing|62/100
|
|t:|1630801394
|switch|p2a: Ferroseed|Ferroseed, F|100/100|[from]move: Volt Switch
|move|p1a: Weezing|Corrosive Gas|p2a: Ferroseed
|-enditem|p2a: Ferroseed|Eviolite|[from] move: Corrosive Gas|[of] p1a: Weezing
|
|-heal|p1a: Weezing|68/100|[from] item: Black Sludge
|upkeep
|turn|3
|
|t:|1630801405
|move|p1a: Weezing|Will-O-Wisp|p2a: Ferroseed
|-status|p2a: Ferroseed|brn
|move|p2a: Ferroseed|Spikes|p1a: Weezing
|-sidestart|p1: sugar ovens|Spikes
|
|-heal|p1a: Weezing|74/100|[from] item: Black Sludge
|-damage|p2a: Ferroseed|94/100 brn|[from] brn
|upkeep
|turn|4
|j|+Roonie217
|
|t:|1630801437
|-end|p1a: Weezing|ability: Neutralizing Gas
|switch|p1a: Scrafty|Scrafty, F|100/100
|-damage|p1a: Scrafty|88/100|[from] Spikes
|switch|p2a: Druddigon|Druddigon, M|100/100
|-status|p2a: Druddigon|psn
|
|-heal|p1a: Scrafty|94/100|[from] item: Leftovers
|-damage|p2a: Druddigon|88/100 psn|[from] psn
|upkeep
|turn|5
|
|t:|1630801457
|move|p1a: Scrafty|Knock Off|p2a: Druddigon
|-damage|p2a: Druddigon|66/100 psn
|-damage|p1a: Scrafty|82/100|[from] ability: Rough Skin|[of] p2a: Druddigon
|-damage|p1a: Scrafty|65/100|[from] item: Rocky Helmet|[of] p2a: Druddigon
|-enditem|p2a: Druddigon|Rocky Helmet|[from] move: Knock Off|[of] p1a: Scrafty
|move|p2a: Druddigon|Dragon Tail|p1a: Scrafty
|-damage|p1a: Scrafty|41/100
|drag|p1a: Ferroseed|Ferroseed, F|100/100
|-damage|p1a: Ferroseed|88/100|[from] Spikes
|
|-damage|p2a: Druddigon|54/100 psn|[from] psn
|upkeep
|turn|6
|
|t:|1630801485
|switch|p1a: Weezing|Weezing, M|74/100
|-ability|p1a: Weezing|Neutralizing Gas
|-damage|p1a: Weezing|62/100|[from] Spikes
|move|p2a: Druddigon|Stealth Rock|p1a: Weezing
|-sidestart|p1: sugar ovens|move: Stealth Rock
|
|-heal|p1a: Weezing|68/100|[from] item: Black Sludge
|-damage|p2a: Druddigon|41/100 psn|[from] psn
|upkeep
|turn|7
|
|t:|1630801495
|switch|p2a: Mesprit|Mesprit|100/100
|-status|p2a: Mesprit|psn
|move|p1a: Weezing|Sludge Bomb|p2a: Mesprit
|-damage|p2a: Mesprit|75/100 psn
|
|-heal|p1a: Weezing|74/100|[from] item: Black Sludge
|-damage|p2a: Mesprit|63/100 psn|[from] psn
|upkeep
|turn|8
|
|t:|1630801512
|-end|p1a: Weezing|ability: Neutralizing Gas
|switch|p1a: Mr. Mime|Mr. Mime-Galar, M|100/100
|move|p2a: Mesprit|Nasty Plot|p2a: Mesprit
|-boost|p2a: Mesprit|spa|2
|
|-damage|p2a: Mesprit|51/100 psn|[from] psn
|upkeep
|turn|9
|
|t:|1630801539
|switch|p2a: Rotom|Rotom|100/100
|move|p1a: Mr. Mime|Rapid Spin|p2a: Rotom
|-immune|p2a: Rotom
|
|upkeep
|turn|10
|
|t:|1630801569
|switch|p1a: Gigalith|Gigalith, F|100/100
|-damage|p1a: Gigalith|88/100|[from] Spikes
|-damage|p1a: Gigalith|76/100|[from] Stealth Rock
|-weather|Sandstorm|[from] ability: Sand Stream|[of] p1a: Gigalith
|move|p2a: Rotom|Shadow Ball|p1a: Gigalith
|-damage|p1a: Gigalith|60/100
|
|-weather|Sandstorm|[upkeep]
|-damage|p2a: Rotom|94/100|[from] Sandstorm
|-heal|p1a: Gigalith|66/100|[from] item: Leftovers
|upkeep
|turn|11
|
|t:|1630801589
|switch|p2a: Kabutops|Kabutops, M|100/100
|move|p1a: Gigalith|Stealth Rock|p2a: Kabutops
|-sidestart|p2: mr milez|move: Stealth Rock
|
|-weather|Sandstorm|[upkeep]
|-heal|p1a: Gigalith|72/100|[from] item: Leftovers
|upkeep
|turn|12
|
|t:|1630801612
|move|p1a: Gigalith|Protect|p1a: Gigalith
|-singleturn|p1a: Gigalith|Protect
|move|p2a: Kabutops|Swords Dance|p2a: Kabutops
|-boost|p2a: Kabutops|atk|2
|
|-weather|Sandstorm|[upkeep]
|-heal|p1a: Gigalith|78/100|[from] item: Leftovers
|upkeep
|turn|13
|
|t:|1630801633
|switch|p1a: Scrafty|Scrafty, F|41/100
|-damage|p1a: Scrafty|35/100|[from] Stealth Rock
|-damage|p1a: Scrafty|23/100|[from] Spikes
|move|p2a: Kabutops|Liquidation|p1a: Scrafty
|-damage|p1a: Scrafty|0 fnt
|faint|p1a: Scrafty
|
|-weather|Sandstorm|[upkeep]
|upkeep
|
|t:|1630801641
|switch|p1a: Mr. Mime|Mr. Mime-Galar, M|100/100
|turn|14
|j| Jhang
|
|t:|1630801661
|move|p1a: Mr. Mime|Rapid Spin|p2a: Kabutops
|-resisted|p2a: Kabutops
|-damage|p2a: Kabutops|96/100
|-boost|p1a: Mr. Mime|spe|1
|-sideend|p1: sugar ovens|Spikes|[from] move: Rapid Spin|[of] p1a: Mr. Mime
|-sideend|p1: sugar ovens|Stealth Rock|[from] move: Rapid Spin|[of] p1a: Mr. Mime
|move|p2a: Kabutops|Rapid Spin|p1a: Mr. Mime
|-crit|p1a: Mr. Mime
|-damage|p1a: Mr. Mime|5/100
|-boost|p2a: Kabutops|spe|1
|-sideend|p2: mr milez|Toxic Spikes|[from] move: Rapid Spin|[of] p2a: Kabutops
|-sideend|p2: mr milez|Stealth Rock|[from] move: Rapid Spin|[of] p2a: Kabutops
|
|-weather|none
|upkeep
|turn|15
|
|t:|1630801672
|move|p1a: Mr. Mime|Freeze-Dry|p2a: Kabutops
|-supereffective|p2a: Kabutops
|-damage|p2a: Kabutops|0 fnt
|faint|p2a: Kabutops
|
|upkeep
|
|t:|1630801683
|switch|p2a: Ferroseed|Ferroseed, F|94/100 brn
|turn|16
|
|t:|1630801696
|move|p1a: Mr. Mime|Focus Blast|p2a: Ferroseed
|-supereffective|p2a: Ferroseed
|-damage|p2a: Ferroseed|8/100 brn
|-unboost|p2a: Ferroseed|spd|1
|move|p2a: Ferroseed|Gyro Ball|p1a: Mr. Mime
|-supereffective|p1a: Mr. Mime
|-damage|p1a: Mr. Mime|0 fnt
|faint|p1a: Mr. Mime
|
|-damage|p2a: Ferroseed|2/100 brn|[from] brn
|upkeep
|
|t:|1630801717
|switch|p1a: Gigalith|Gigalith, F|78/100
|-weather|Sandstorm|[from] ability: Sand Stream|[of] p1a: Gigalith
|turn|17
|j|+keppy ㋛
|
|t:|1630801725
|move|p1a: Gigalith|Rock Blast|p2a: Ferroseed
|-resisted|p2a: Ferroseed
|-damage|p2a: Ferroseed|0 fnt
|faint|p2a: Ferroseed
|-hitcount|p2: Ferroseed|1
|
|-weather|Sandstorm|[upkeep]
|-heal|p1a: Gigalith|84/100|[from] item: Leftovers
|upkeep
|j| 5II29
|
|t:|1630801762
|switch|p2a: Absol|Absol, M|100/100
|turn|18
|
|t:|1630801774
|move|p2a: Absol|Knock Off|p1a: Gigalith
|-damage|p1a: Gigalith|29/100
|-enditem|p1a: Gigalith|Leftovers|[from] move: Knock Off|[of] p2a: Absol
|move|p1a: Gigalith|Superpower|p2a: Absol
|-supereffective|p2a: Absol
|-damage|p2a: Absol|0 fnt
|-unboost|p1a: Gigalith|atk|1
|-unboost|p1a: Gigalith|def|1
|faint|p2a: Absol
|
|-weather|Sandstorm|[upkeep]
|upkeep
|
|t:|1630801781
|switch|p2a: Mesprit|Mesprit|51/100 psn
|turn|19
|
|t:|1630801791
|move|p2a: Mesprit|Grass Knot|p1a: Gigalith
|-supereffective|p1a: Gigalith
|-damage|p1a: Gigalith|0 fnt
|faint|p1a: Gigalith
|
|-weather|Sandstorm|[upkeep]
|-damage|p2a: Mesprit|45/100 psn|[from] Sandstorm
|-damage|p2a: Mesprit|32/100 psn|[from] psn
|upkeep
|
|t:|1630801800
|switch|p1a: Silvally|Silvally-Ghost|100/100
|turn|20
|
|t:|1630801804
|move|p1a: Silvally|Flame Charge|p2a: Mesprit
|-damage|p2a: Mesprit|16/100 psn
|-boost|p1a: Silvally|spe|1
|move|p2a: Mesprit|Psychic|p1a: Silvally
|-damage|p1a: Silvally|58/100
|
|-weather|Sandstorm|[upkeep]
|-damage|p1a: Silvally|52/100|[from] Sandstorm
|-damage|p2a: Mesprit|10/100 psn|[from] Sandstorm
|-damage|p2a: Mesprit|0 fnt|[from] psn
|faint|p2a: Mesprit
|upkeep
|l|+keppy ㋛
|
|t:|1630801812
|switch|p2a: Druddigon|Druddigon, M|41/100 psn
|turn|21
|
|t:|1630801823
|move|p1a: Silvally|Multi-Attack|p2a: Druddigon
|-damage|p2a: Druddigon|6/100 psn
|-damage|p1a: Silvally|39/100|[from] ability: Rough Skin|[of] p2a: Druddigon
|move|p2a: Druddigon|Glare|p1a: Silvally
|-status|p1a: Silvally|par
|
|-weather|none
|-damage|p2a: Druddigon|0 fnt|[from] psn
|faint|p2a: Druddigon
|upkeep
|
|t:|1630801828
|switch|p2a: Rotom|Rotom|94/100
|turn|22
|
|t:|1630801836
|move|p2a: Rotom|Shadow Ball|p1a: Silvally
|-supereffective|p1a: Silvally
|-damage|p1a: Silvally|0 fnt
|faint|p1a: Silvally
|
|upkeep
|
|t:|1630801841
|switch|p1a: Ferroseed|Ferroseed, F|88/100
|turn|23
|
|t:|1630801845
|move|p2a: Rotom|Shadow Ball|p1a: Ferroseed
|-damage|p1a: Ferroseed|64/100
|move|p1a: Ferroseed|Leech Seed|p2a: Rotom
|-start|p2a: Rotom|move: Leech Seed
|
|-damage|p2a: Rotom|82/100|[from] Leech Seed|[of] p1a: Ferroseed
|-heal|p1a: Ferroseed|74/100|[silent]
|upkeep
|turn|24
|c|☆mr milez|gg
|c|☆sugar ovens|gg
|
|t:|1630801859
|move|p2a: Rotom|Shadow Ball|p1a: Ferroseed
|-damage|p1a: Ferroseed|50/100
|move|p1a: Ferroseed|Gyro Ball|p2a: Rotom
|-resisted|p2a: Rotom
|-damage|p2a: Rotom|58/100
|
|-damage|p2a: Rotom|45/100|[from] Leech Seed|[of] p1a: Ferroseed
|-heal|p1a: Ferroseed|60/100|[silent]
|upkeep
|turn|25
|-message|mr milez forfeited.
|
|win|sugar ovens
|n|☆sugar ovens|sugarovens
|n|☆mr milez|mrmilez
|n|+2xthetap|2xthetap
|n| Roonie217|roonie217
|n| Jhang|jhang
|n| 5II29|5ii29
