|j|☆cafay sukray
|j|☆Roonie217
|t:|1644288467
|gametype|singles
|player|p1|cafay sukray|swimmer-gen4dp|1560
|player|p2|Roonie217|flannery|1427
|teamsize|p1|6
|teamsize|p2|6
|gen|8
|tier|[Gen 8] PU
|rated|
|rule|Sleep Clause Mod: Limit one foe put to sleep
|rule|Species Clause: Limit one of each Pokémon
|rule|OHKO Clause: OHKO moves are banned
|rule|Evasion Moves Clause: Evasion moves are banned
|rule|Endless Battle Clause: Forcing endless battles is banned
|rule|HP Percentage Mod: HP is shown in percentages
|rule|Dynamax Clause: You cannot dynamax
|clearpoke
|poke|p1|Glastrier|
|poke|p1|Lanturn, F|
|poke|p1|Sandaconda, M|
|poke|p1|Espeon, F|
|poke|p1|Perrserker, M|
|poke|p1|Lurantis, F|
|poke|p2|Espeon, M|
|poke|p2|Glastrier|
|poke|p2|Articuno-Galar|
|poke|p2|Regirock|
|poke|p2|Cramorant, M|
|poke|p2|Sneasel, M|
|teampreview
|j| microchips
|c|☆cafay sukray|hf
|c|☆Roonie217|gl hf
|
|t:|1644288477
|start
|switch|p1a: Perrserker|Perrserker, M|100/100
|switch|p2a: Articuno|Articuno-Galar|100/100
|turn|1
|c| microchips|e
|
|t:|1644288481
|move|p2a: Articuno|Freezing Glare|p1a: Perrserker
|-resisted|p1a: Perrserker
|-damage|p1a: Perrserker|52/100
|move|p1a: Perrserker|Iron Head|p2a: Articuno
|-damage|p2a: Articuno|0 fnt
|faint|p2a: Articuno
|
|upkeep
|
|t:|1644288496
|switch|p2a: Espeon|Espeon, M|100/100
|turn|2
|
|t:|1644288502
|switch|p1a: Lurantis|Lurantis, F|100/100
|move|p2a: Espeon|Psychic|p1a: Lurantis
|-damage|p1a: Lurantis|49/100
|
|-heal|p1a: Lurantis|55/100|[from] item: Leftovers
|upkeep
|turn|3
|
|t:|1644288509
|switch|p2a: Sneasel|Sneasel, M|100/100
|move|p1a: Lurantis|Knock Off|p2a: Sneasel
|-resisted|p2a: Sneasel
|-damage|p2a: Sneasel|77/100
|-enditem|p2a: Sneasel|Heavy-Duty Boots|[from] move: Knock Off|[of] p1a: Lurantis
|
|-heal|p1a: Lurantis|61/100|[from] item: Leftovers
|upkeep
|turn|4
|
|t:|1644288518
|switch|p1a: Glastrier|Glastrier|100/100
|move|p2a: Sneasel|Swords Dance|p2a: Sneasel
|-boost|p2a: Sneasel|atk|2
|
|upkeep
|turn|5
|
|t:|1644288522
|move|p2a: Sneasel|Low Kick|p1a: Glastrier
|-supereffective|p1a: Glastrier
|-damage|p1a: Glastrier|9/100
|move|p1a: Glastrier|Close Combat|p2a: Sneasel
|-supereffective|p2a: Sneasel
|-damage|p2a: Sneasel|0 fnt
|-unboost|p1a: Glastrier|def|1
|-unboost|p1a: Glastrier|spd|1
|faint|p2a: Sneasel
|-ability|p1a: Glastrier|Chilling Neigh|boost
|-boost|p1a: Glastrier|atk|1
|
|upkeep
|l| microchips
|c|☆cafay sukray|balanced mon
|c|☆cafay sukray|lmao
|c|☆Roonie217|ugh
|c|☆Roonie217|Sneasel is so weak
|c|☆Roonie217|boutta run LO
|
|t:|1644288552
|switch|p2a: Espeon|Espeon, M|100/100
|turn|6
|
|t:|1644288559
|move|p2a: Espeon|Psyshock|p1a: Glastrier
|-damage|p1a: Glastrier|0 fnt
|faint|p1a: Glastrier
|
|upkeep
|
|t:|1644288576
|switch|p1a: Perrserker|Perrserker, M|52/100
|turn|7
|
|t:|1644288586
|switch|p2a: Cramorant|Cramorant, M|100/100
|move|p1a: Perrserker|Iron Head|p2a: Cramorant
|-resisted|p2a: Cramorant
|-damage|p2a: Cramorant|24/100
|
|upkeep
|turn|8
|
|t:|1644288594
|switch|p1a: Lanturn|Lanturn, F|100/100
|move|p2a: Cramorant|Surf|p1a: Lanturn
|-formechange|p2a: Cramorant|Cramorant-Gorging|
|-resisted|p1a: Lanturn
|-damage|p1a: Lanturn|91/100
|
|-heal|p1a: Lanturn|97/100|[from] item: Leftovers
|upkeep
|turn|9
|
|t:|1644288601
|move|p2a: Cramorant|Roost|p2a: Cramorant
|-heal|p2a: Cramorant|75/100
|-singleturn|p2a: Cramorant|move: Roost
|move|p1a: Lanturn|Volt Switch|p2a: Cramorant
|-supereffective|p2a: Cramorant
|-damage|p2a: Cramorant|41/100
|-damage|p1a: Lanturn|72/100|[from] ability: Gulp Missile|[of] p2a: Cramorant
|-formechange|p2a: Cramorant|Cramorant|
|
|t:|1644288604
|switch|p1a: Espeon|Espeon, F|100/100|[from]move: Volt Switch
|
|upkeep
|turn|10
|
|t:|1644288646
|move|p1a: Espeon|Psychic|p2a: Cramorant
|-damage|p2a: Cramorant|0 fnt
|faint|p2a: Cramorant
|
|upkeep
|
|t:|1644288670
|switch|p2a: Espeon|Espeon, M|100/100
|turn|11
|
|t:|1644288684
|switch|p1a: Lanturn|Lanturn, F|72/100
|move|p2a: Espeon|Shadow Ball|p1a: Lanturn
|-damage|p1a: Lanturn|43/100
|
|-heal|p1a: Lanturn|49/100|[from] item: Leftovers
|upkeep
|turn|12
|
|t:|1644288691
|move|p2a: Espeon|Shadow Ball|p1a: Lanturn
|-damage|p1a: Lanturn|16/100
|-unboost|p1a: Lanturn|spd|1
|move|p1a: Lanturn|Volt Switch|p2a: Espeon
|-damage|p2a: Espeon|68/100
|
|t:|1644288697
|switch|p1a: Lurantis|Lurantis, F|61/100|[from]move: Volt Switch
|
|-heal|p1a: Lurantis|67/100|[from] item: Leftovers
|upkeep
|turn|13
|
|t:|1644288701
|switch|p2a: Glastrier|Glastrier|100/100
|move|p1a: Lurantis|Superpower|p2a: Glastrier
|-supereffective|p2a: Glastrier
|-damage|p2a: Glastrier|56/100
|-boost|p1a: Lurantis|atk|1
|-boost|p1a: Lurantis|def|1
|
|-heal|p1a: Lurantis|73/100|[from] item: Leftovers
|upkeep
|turn|14
|
|t:|1644288705
|move|p2a: Glastrier|Icicle Crash|p1a: Lurantis
|-supereffective|p1a: Lurantis
|-damage|p1a: Lurantis|5/100
|move|p1a: Lurantis|Superpower|p2a: Glastrier
|-supereffective|p2a: Glastrier
|-damage|p2a: Glastrier|0 fnt
|-boost|p1a: Lurantis|atk|1
|-boost|p1a: Lurantis|def|1
|faint|p2a: Glastrier
|
|-heal|p1a: Lurantis|11/100|[from] item: Leftovers
|upkeep
|
|t:|1644288713
|switch|p2a: Regirock|Regirock|100/100
|turn|15
|
|t:|1644288723
|move|p2a: Regirock|Body Press|p1a: Lurantis
|-damage|p1a: Lurantis|0 fnt
|faint|p1a: Lurantis
|
|upkeep
|
|t:|1644288728
|switch|p1a: Espeon|Espeon, F|100/100
|turn|16
|
|t:|1644288731
|move|p1a: Espeon|Psychic|p2a: Regirock
|-damage|p2a: Regirock|34/100
|move|p2a: Regirock|Rock Blast|p1a: Espeon
|-damage|p1a: Espeon|85/100
|-damage|p1a: Espeon|69/100
|-damage|p1a: Espeon|53/100
|-hitcount|p1a: Espeon|3
|
|-heal|p2a: Regirock|40/100|[from] item: Leftovers
|upkeep
|turn|17
|
|t:|1644288741
|move|p1a: Espeon|Psychic|p2a: Regirock
|-damage|p2a: Regirock|0 fnt
|faint|p2a: Regirock
|
|upkeep
|
|t:|1644288743
|switch|p2a: Espeon|Espeon, M|68/100
|turn|18
|
|t:|1644288745
|switch|p1a: Lanturn|Lanturn, F|16/100
|move|p2a: Espeon|Psychic|p1a: Lanturn
|-damage|p1a: Lanturn|0 fnt
|faint|p1a: Lanturn
|
|upkeep
|
|t:|1644288748
|switch|p1a: Perrserker|Perrserker, M|52/100
|turn|19
|
|t:|1644288751
|move|p2a: Espeon|Psychic|p1a: Perrserker
|-resisted|p1a: Perrserker
|-damage|p1a: Perrserker|0 fnt
|faint|p1a: Perrserker
|
|upkeep
|c|☆cafay sukray|oh
|
|t:|1644288755
|switch|p1a: Espeon|Espeon, F|53/100
|turn|20
|
|t:|1644288757
|move|p2a: Espeon|Psychic|p1a: Espeon
|-resisted|p1a: Espeon
|-damage|p1a: Espeon|10/100
|move|p1a: Espeon|Shadow Ball|p2a: Espeon
|-supereffective|p2a: Espeon
|-damage|p2a: Espeon|0 fnt
|faint|p2a: Espeon
|
|win|cafay sukray
|raw|cafay sukray's rating: 1560 &rarr; <strong>1573</strong><br />(+13 for winning)
|raw|Roonie217's rating: 1427 &rarr; <strong>1414</strong><br />(-13 for losing)
|c|☆cafay sukray|gg
|c|☆Roonie217|gg
|l|☆cafay sukray
|l|☆Roonie217
|j|☆cafay sukray
|player|p1|cafay sukray|swimmer-gen4dp
