|j|☆Sarumenas
|j|☆HOTDUDE6PACK
|t:|1666207879
|gametype|singles
|player|p1|Sarumenas|n|1453
|player|p2|HOTDUDE6PACK|swimmer|1380
|teamsize|p1|6
|teamsize|p2|6
|gen|8
|tier|[Gen 8] PU
|rated|
|rule|Sleep Clause Mod: Limit one foe put to sleep
|rule|Species Clause: Limit one of each Pokémon
|rule|OHKO Clause: OHKO moves are banned
|rule|Evasion Items Clause: Evasion items are banned
|rule|Evasion Moves Clause: Evasion moves are banned
|rule|Endless Battle Clause: Forcing endless battles is banned
|rule|HP Percentage Mod: HP is shown in percentages
|rule|Dynamax Clause: You cannot dynamax
|clearpoke
|poke|p1|Perrserker, M|
|poke|p1|Fletchinder, M|
|poke|p1|Arctovish|
|poke|p1|Lickilicky, M|
|poke|p1|Whimsicott, M|
|poke|p1|Quagsire, M|
|poke|p2|Accelgor, M|
|poke|p2|Leafeon, M|
|poke|p2|Doublade, M|
|poke|p2|Silvally-*|
|poke|p2|Lycanroc, M|
|poke|p2|Scrafty, M|
|teampreview
|inactive|Battle timer is ON: inactive players will automatically lose when time's up. (requested by HOTDUDE6PACK)
|
|t:|1666207886
|start
|switch|p1a: Perrserker|Perrserker, M|100/100
|switch|p2a: Lycanroc|Lycanroc, M|100/100
|turn|1
|
|t:|1666207892
|move|p1a: Perrserker|Fake Out|p2a: Lycanroc
|-resisted|p2a: Lycanroc
|-damage|p2a: Lycanroc|89/100
|cant|p2a: Lycanroc|flinch
|
|upkeep
|turn|2
|
|t:|1666207897
|move|p2a: Lycanroc|Stealth Rock|p1a: Perrserker
|-sidestart|p1: Sarumenas|move: Stealth Rock
|move|p1a: Perrserker|Iron Head|p2a: Lycanroc
|-supereffective|p2a: Lycanroc
|-damage|p2a: Lycanroc|0 fnt
|faint|p2a: Lycanroc
|
|upkeep
|inactive|HOTDUDE6PACK has 120 seconds left.
|
|t:|1666207945
|switch|p2a: Scrafty|Scrafty, M|100/100
|turn|3
|
|t:|1666207949
|move|p2a: Scrafty|Close Combat|p1a: Perrserker
|-supereffective|p1a: Perrserker
|-damage|p1a: Perrserker|0 fnt
|-unboost|p2a: Scrafty|def|1
|-unboost|p2a: Scrafty|spd|1
|faint|p1a: Perrserker
|-ability|p2a: Scrafty|Moxie|boost
|-boost|p2a: Scrafty|atk|1
|
|upkeep
|
|t:|1666207957
|switch|p1a: Whimsicott|Whimsicott, M|100/100
|turn|4
|inactive|HOTDUDE6PACK has 120 seconds left.
|
|t:|1666207968
|switch|p2a: Accelgor|Accelgor, M|100/100
|move|p1a: Whimsicott|Defog|p2a: Accelgor
|-unboost|p2a: Accelgor|evasion|1
|-sideend|p1: Sarumenas|Stealth Rock|[from] move: Defog|[of] p1a: Whimsicott
|
|upkeep
|turn|5
|
|t:|1666207976
|switch|p1a: Lickilicky|Lickilicky, M|100/100
|move|p2a: Accelgor|U-turn|p1a: Lickilicky
|-damage|p1a: Lickilicky|86/100
|inactive|HOTDUDE6PACK has 120 seconds left.
|
|t:|1666208010
|switch|p2a: Leafeon|Leafeon, M|100/100|[from]move: U-turn
|
|-heal|p1a: Lickilicky|92/100|[from] item: Leftovers
|upkeep
|turn|6
|
|t:|1666208016
|switch|p1a: Fletchinder|Fletchinder, M|100/100
|move|p2a: Leafeon|Knock Off|p1a: Fletchinder
|-damage|p1a: Fletchinder|69/100
|-enditem|p1a: Fletchinder|Eviolite|[from] move: Knock Off|[of] p2a: Leafeon
|
|upkeep
|turn|7
|
|t:|1666208025
|switch|p2a: Silvally|Silvally-Fairy|100/100
|move|p1a: Fletchinder|Roost|p1a: Fletchinder
|-heal|p1a: Fletchinder|100/100
|-singleturn|p1a: Fletchinder|move: Roost
|
|upkeep
|turn|8
|
|t:|1666208033
|move|p2a: Silvally|Rock Slide|p1a: Fletchinder
|-supereffective|p1a: Fletchinder
|-damage|p1a: Fletchinder|9/100
|move|p1a: Fletchinder|Fire Blast|p2a: Silvally|[miss]
|-miss|p1a: Fletchinder|p2a: Silvally
|
|upkeep
|turn|9
|
|t:|1666208042
|switch|p1a: Quagsire|Quagsire, M|100/100
|move|p2a: Silvally|U-turn|p1a: Quagsire
|-damage|p1a: Quagsire|86/100
|
|t:|1666208046
|switch|p2a: Leafeon|Leafeon, M|100/100|[from]move: U-turn
|
|upkeep
|turn|10
|
|t:|1666208051
|switch|p1a: Fletchinder|Fletchinder, M|9/100
|move|p2a: Leafeon|Leaf Blade|p1a: Fletchinder
|-resisted|p1a: Fletchinder
|-crit|p1a: Fletchinder
|-damage|p1a: Fletchinder|0 fnt
|-status|p2a: Leafeon|brn|[from] ability: Flame Body|[of] p1a: Fletchinder
|faint|p1a: Fletchinder
|
|-damage|p2a: Leafeon|95/100 brn|[from] brn
|upkeep
|
|t:|1666208075
|switch|p1a: Whimsicott|Whimsicott, M|100/100
|turn|11
|
|t:|1666208080
|move|p1a: Whimsicott|Moonblast|p2a: Leafeon
|-damage|p2a: Leafeon|36/100 brn
|move|p2a: Leafeon|Leaf Blade|p1a: Whimsicott
|-resisted|p1a: Whimsicott
|-damage|p1a: Whimsicott|79/100
|
|-damage|p2a: Leafeon|30/100 brn|[from] brn
|upkeep
|turn|12
|
|t:|1666208083
|switch|p2a: Doublade|Doublade, M|100/100
|move|p1a: Whimsicott|Moonblast|p2a: Doublade
|-resisted|p2a: Doublade
|-damage|p2a: Doublade|78/100
|-unboost|p2a: Doublade|spa|1
|
|upkeep
|turn|13
|
|t:|1666208091
|switch|p1a: Quagsire|Quagsire, M|86/100
|switch|p2a: Accelgor|Accelgor, M|100/100
|
|upkeep
|turn|14
|
|t:|1666208096
|switch|p1a: Lickilicky|Lickilicky, M|92/100
|move|p2a: Accelgor|Energy Ball|p1a: Lickilicky
|-damage|p1a: Lickilicky|71/100
|
|-heal|p1a: Lickilicky|77/100|[from] item: Leftovers
|upkeep
|turn|15
|
|t:|1666208106
|switch|p2a: Doublade|Doublade, M|78/100
|move|p1a: Lickilicky|Wish|p1a: Lickilicky
|
|-heal|p1a: Lickilicky|83/100|[from] item: Leftovers
|upkeep
|turn|16
|
|t:|1666208116
|switch|p1a: Quagsire|Quagsire, M|86/100
|switch|p2a: Leafeon|Leafeon, M|30/100 brn
|
|-heal|p1a: Quagsire|100/100|[from] move: Wish|[wisher] Lickilicky
|-damage|p2a: Leafeon|24/100 brn|[from] brn
|upkeep
|turn|17
|
|t:|1666208122
|switch|p1a: Whimsicott|Whimsicott, M|79/100
|move|p2a: Leafeon|Leaf Blade|p1a: Whimsicott
|-resisted|p1a: Whimsicott
|-crit|p1a: Whimsicott
|-damage|p1a: Whimsicott|42/100
|
|-damage|p2a: Leafeon|18/100 brn|[from] brn
|upkeep
|turn|18
|
|t:|1666208129
|switch|p2a: Doublade|Doublade, M|78/100
|move|p1a: Whimsicott|Giga Drain|p2a: Doublade
|-resisted|p2a: Doublade
|-damage|p2a: Doublade|62/100
|-heal|p1a: Whimsicott|52/100|[from] drain|[of] p2a: Doublade
|
|upkeep
|turn|19
|
|t:|1666208134
|switch|p1a: Quagsire|Quagsire, M|100/100
|switch|p2a: Accelgor|Accelgor, M|100/100
|
|upkeep
|turn|20
|
|t:|1666208142
|switch|p1a: Lickilicky|Lickilicky, M|83/100
|move|p2a: Accelgor|U-turn|p1a: Lickilicky
|-damage|p1a: Lickilicky|70/100
|
|t:|1666208144
|switch|p2a: Scrafty|Scrafty, M|100/100|[from]move: U-turn
|
|-heal|p1a: Lickilicky|77/100|[from] item: Leftovers
|upkeep
|turn|21
|
|t:|1666208154
|switch|p1a: Quagsire|Quagsire, M|100/100
|move|p2a: Scrafty|Knock Off|p1a: Quagsire
|-damage|p1a: Quagsire|74/100
|-enditem|p1a: Quagsire|Heavy-Duty Boots|[from] move: Knock Off|[of] p2a: Scrafty
|
|upkeep
|turn|22
|
|t:|1666208162
|switch|p2a: Leafeon|Leafeon, M|18/100 brn
|move|p1a: Quagsire|Recover|p1a: Quagsire
|-heal|p1a: Quagsire|100/100
|
|-damage|p2a: Leafeon|12/100 brn|[from] brn
|upkeep
|turn|23
|
|t:|1666208168
|switch|p1a: Whimsicott|Whimsicott, M|52/100
|move|p2a: Leafeon|Knock Off|p1a: Whimsicott
|-resisted|p1a: Whimsicott
|-damage|p1a: Whimsicott|36/100
|-enditem|p1a: Whimsicott|Heavy-Duty Boots|[from] move: Knock Off|[of] p2a: Leafeon
|
|-damage|p2a: Leafeon|6/100 brn|[from] brn
|upkeep
|turn|24
|
|t:|1666208172
|move|p1a: Whimsicott|Giga Drain|p2a: Leafeon
|-resisted|p2a: Leafeon
|-damage|p2a: Leafeon|0 fnt
|-heal|p1a: Whimsicott|39/100|[from] drain|[of] p2a: Leafeon
|faint|p2a: Leafeon
|
|upkeep
|
|t:|1666208182
|switch|p2a: Silvally|Silvally-Fairy|100/100
|turn|25
|
|t:|1666208190
|switch|p1a: Quagsire|Quagsire, M|100/100
|move|p2a: Silvally|Multi-Attack|p1a: Quagsire
|-damage|p1a: Quagsire|65/100
|
|upkeep
|turn|26
|
|t:|1666208198
|move|p2a: Silvally|U-turn|p1a: Quagsire
|-damage|p1a: Quagsire|51/100
|
|t:|1666208202
|switch|p2a: Accelgor|Accelgor, M|100/100|[from]move: U-turn
|move|p1a: Quagsire|Recover|p1a: Quagsire
|-heal|p1a: Quagsire|100/100
|
|upkeep
|turn|27
|
|t:|1666208213
|switch|p1a: Lickilicky|Lickilicky, M|77/100
|move|p2a: Accelgor|Bug Buzz|p1a: Lickilicky
|-damage|p1a: Lickilicky|40/100
|
|-heal|p1a: Lickilicky|46/100|[from] item: Leftovers
|upkeep
|turn|28
|
|t:|1666208221
|move|p2a: Accelgor|Bug Buzz|p1a: Lickilicky
|-damage|p1a: Lickilicky|12/100
|move|p1a: Lickilicky|Wish|p1a: Lickilicky
|
|-heal|p1a: Lickilicky|18/100|[from] item: Leftovers
|upkeep
|turn|29
|
|t:|1666208227
|switch|p2a: Scrafty|Scrafty, M|100/100
|move|p1a: Lickilicky|Protect||[still]
|-fail|p1a: Lickilicky
|
|-heal|p1a: Lickilicky|68/100|[from] move: Wish|[wisher] Lickilicky
|-heal|p1a: Lickilicky|74/100|[from] item: Leftovers
|upkeep
|turn|30
|
|t:|1666208236
|move|p1a: Lickilicky|Protect|p1a: Lickilicky
|-singleturn|p1a: Lickilicky|Protect
|move|p2a: Scrafty|Close Combat|p1a: Lickilicky
|-activate|p1a: Lickilicky|move: Protect
|
|-heal|p1a: Lickilicky|80/100|[from] item: Leftovers
|upkeep
|turn|31
|
|t:|1666208242
|switch|p2a: Accelgor|Accelgor, M|100/100
|switch|p1a: Quagsire|Quagsire, M|100/100
|
|upkeep
|turn|32
|
|t:|1666208249
|switch|p1a: Lickilicky|Lickilicky, M|80/100
|move|p2a: Accelgor|Focus Blast|p1a: Lickilicky|[miss]
|-miss|p2a: Accelgor|p1a: Lickilicky
|
|-heal|p1a: Lickilicky|87/100|[from] item: Leftovers
|upkeep
|turn|33
|
|t:|1666208254
|move|p2a: Accelgor|Focus Blast|p1a: Lickilicky
|-supereffective|p1a: Lickilicky
|-damage|p1a: Lickilicky|20/100
|move|p1a: Lickilicky|Toxic|p2a: Accelgor
|-status|p2a: Accelgor|tox
|
|-heal|p1a: Lickilicky|26/100|[from] item: Leftovers
|-damage|p2a: Accelgor|95/100 tox|[from] psn
|upkeep
|turn|34
|
|t:|1666208263
|switch|p2a: Scrafty|Scrafty, M|100/100
|move|p1a: Lickilicky|Protect||[still]
|-fail|p1a: Lickilicky
|
|-heal|p1a: Lickilicky|32/100|[from] item: Leftovers
|upkeep
|turn|35
|
|t:|1666208272
|switch|p1a: Quagsire|Quagsire, M|100/100
|move|p2a: Scrafty|Close Combat|p1a: Quagsire
|-damage|p1a: Quagsire|67/100
|-unboost|p2a: Scrafty|def|1
|-unboost|p2a: Scrafty|spd|1
|
|upkeep
|turn|36
|
|t:|1666208282
|switch|p2a: Accelgor|Accelgor, M|95/100 tox
|move|p1a: Quagsire|Recover|p1a: Quagsire
|-heal|p1a: Quagsire|100/100
|
|-damage|p2a: Accelgor|89/100 tox|[from] psn
|upkeep
|turn|37
|
|t:|1666208288
|switch|p1a: Lickilicky|Lickilicky, M|32/100
|move|p2a: Accelgor|Energy Ball|p1a: Lickilicky
|-damage|p1a: Lickilicky|8/100
|
|-heal|p1a: Lickilicky|14/100|[from] item: Leftovers
|-damage|p2a: Accelgor|77/100 tox|[from] psn
|upkeep
|turn|38
|
|t:|1666208298
|move|p1a: Lickilicky|Protect|p1a: Lickilicky
|-singleturn|p1a: Lickilicky|Protect
|move|p2a: Accelgor|Energy Ball|p1a: Lickilicky
|-activate|p1a: Lickilicky|move: Protect
|
|-heal|p1a: Lickilicky|20/100|[from] item: Leftovers
|-damage|p2a: Accelgor|59/100 tox|[from] psn
|upkeep
|turn|39
|
|t:|1666208316
|switch|p2a: Silvally|Silvally-Fairy|100/100
|switch|p1a: Whimsicott|Whimsicott, M|39/100
|
|upkeep
|turn|40
|
|t:|1666208329
|move|p1a: Whimsicott|Giga Drain|p2a: Silvally
|-damage|p2a: Silvally|72/100
|-heal|p1a: Whimsicott|57/100|[from] drain|[of] p2a: Silvally
|move|p2a: Silvally|U-turn|p1a: Whimsicott
|-damage|p1a: Whimsicott|26/100
|
|t:|1666208340
|switch|p2a: Scrafty|Scrafty, M|100/100|[from]move: U-turn
|
|upkeep
|turn|41
|
|t:|1666208346
|move|p1a: Whimsicott|Moonblast|p2a: Scrafty
|-supereffective|p2a: Scrafty
|-damage|p2a: Scrafty|0 fnt
|faint|p2a: Scrafty
|
|upkeep
|
|t:|1666208351
|switch|p2a: Accelgor|Accelgor, M|59/100 tox
|turn|42
|
|t:|1666208367
|move|p1a: Whimsicott|Nature Power|p2a: Accelgor
|move|p1a: Whimsicott|Tri Attack|p2a: Accelgor|[from]move: Nature Power
|-damage|p2a: Accelgor|28/100 tox
|move|p2a: Accelgor|Energy Ball|p1a: Whimsicott
|-resisted|p1a: Whimsicott
|-damage|p1a: Whimsicott|0 fnt
|faint|p1a: Whimsicott
|
|-damage|p2a: Accelgor|22/100 tox|[from] psn
|upkeep
|
|t:|1666208375
|switch|p1a: Lickilicky|Lickilicky, M|20/100
|turn|43
|
|t:|1666208378
|switch|p2a: Silvally|Silvally-Fairy|72/100
|move|p1a: Lickilicky|Protect||[still]
|-fail|p1a: Lickilicky
|
|-heal|p1a: Lickilicky|26/100|[from] item: Leftovers
|upkeep
|turn|44
|
|t:|1666208386
|move|p1a: Lickilicky|Protect|p1a: Lickilicky
|-singleturn|p1a: Lickilicky|Protect
|move|p2a: Silvally|U-turn|p1a: Lickilicky
|-activate|p1a: Lickilicky|move: Protect
|
|-heal|p1a: Lickilicky|32/100|[from] item: Leftovers
|upkeep
|turn|45
|
|t:|1666208397
|move|p2a: Silvally|Multi-Attack|p1a: Lickilicky
|-crit|p1a: Lickilicky
|-damage|p1a: Lickilicky|0 fnt
|faint|p1a: Lickilicky
|
|upkeep
|
|t:|1666208402
|switch|p1a: Arctovish|Arctovish|100/100
|turn|46
|
|t:|1666208407
|move|p2a: Silvally|U-turn|p1a: Arctovish
|-crit|p1a: Arctovish
|-damage|p1a: Arctovish|67/100
|
|t:|1666208410
|switch|p2a: Doublade|Doublade, M|62/100|[from]move: U-turn
|move|p1a: Arctovish|Fishious Rend|p2a: Doublade
|-damage|p2a: Doublade|1/100
|
|upkeep
|turn|47
|
|t:|1666208416
|move|p1a: Arctovish|Fishious Rend|p2a: Doublade
|-damage|p2a: Doublade|0 fnt
|faint|p2a: Doublade
|
|upkeep
|
|t:|1666208418
|switch|p2a: Silvally|Silvally-Fairy|72/100
|turn|48
|
|t:|1666208424
|switch|p1a: Quagsire|Quagsire, M|100/100
|move|p2a: Silvally|Multi-Attack|p1a: Quagsire
|-damage|p1a: Quagsire|63/100
|
|upkeep
|turn|49
|
|t:|1666208431
|move|p2a: Silvally|Multi-Attack|p1a: Quagsire
|-damage|p1a: Quagsire|25/100
|move|p1a: Quagsire|Scald|p2a: Silvally
|-damage|p2a: Silvally|51/100
|
|upkeep
|turn|50
|c|☆HOTDUDE6PACK|ggez
|-message|Sarumenas forfeited.
|
|win|HOTDUDE6PACK
|raw|Sarumenas's rating: 1453 &rarr; <strong>1429</strong><br />(-24 for losing)
|raw|HOTDUDE6PACK's rating: 1380 &rarr; <strong>1404</strong><br />(+24 for winning)
|l|☆Sarumenas
||Ladder isn't responding, score probably updated but might not have (Request timeout).
