|j|☆shalutianwang
|j|☆SlightlyAngryKevin
|t:|1638457019
|gametype|singles
|player|p1|shalutianwang|pokemaniac|
|player|p2|SlightlyAngryKevin|skierf|
|teamsize|p1|6
|teamsize|p2|6
|gen|8
|tier|[Gen 8] PU
|rated|Tournament battle
|rule|Sleep Clause Mod: Limit one foe put to sleep
|rule|Species Clause: Limit one of each Pokémon
|rule|OHKO Clause: OHKO moves are banned
|rule|Evasion Moves Clause: Evasion moves are banned
|rule|Endless Battle Clause: Forcing endless battles is banned
|rule|HP Percentage Mod: HP is shown in percentages
|rule|Dynamax Clause: You cannot dynamax
|clearpoke
|poke|p1|Vikavolt, F|
|poke|p1|Silvally-*|
|poke|p1|Sandaconda, M|
|poke|p1|Charizard, M|
|poke|p1|Carracosta, M|
|poke|p1|Swoobat, F|
|poke|p2|Tsareena, F|
|poke|p2|Articuno-Galar|
|poke|p2|Lanturn, F|
|poke|p2|Sandaconda, F|
|poke|p2|Scrafty, M|
|poke|p2|Togedemaru, M|
|teampreview
|inactive|Battle timer is ON: inactive players will automatically lose when time's up. (requested by SlightlyAngryKevin)
|j| False God Red
|c|☆SlightlyAngryKevin|glhf
|c|☆shalutianwang|U2
|l| False God Red
|
|t:|1638457044
|start
|switch|p1a: Vikavolt|Vikavolt, F|100/100
|switch|p2a: Tsareena|Tsareena, F, shiny|100/100
|turn|1
|
|t:|1638457053
|switch|p2a: Lanturn|Lanturn, F|100/100
|move|p1a: Vikavolt|Bug Buzz|p2a: Lanturn
|-damage|p2a: Lanturn|65/100
|
|upkeep
|turn|2
|
|t:|1638457060
|move|p2a: Lanturn|Ice Beam|p1a: Vikavolt
|-damage|p1a: Vikavolt|65/100
|move|p1a: Vikavolt|Sticky Web|p2a: Lanturn
|-sidestart|p2: SlightlyAngryKevin|move: Sticky Web
|
|upkeep
|turn|3
|j| Sep2936
|
|t:|1638457067
|move|p2a: Lanturn|Discharge|p1a: Vikavolt
|-resisted|p1a: Vikavolt
|-damage|p1a: Vikavolt|42/100
|move|p1a: Vikavolt|Bug Buzz|p2a: Lanturn
|-damage|p2a: Lanturn|28/100
|
|upkeep
|turn|4
|
|t:|1638457074
|move|p2a: Lanturn|Volt Switch|p1a: Vikavolt
|-resisted|p1a: Vikavolt
|-damage|p1a: Vikavolt|22/100
|j| EmpressoftheElite4
|
|t:|1638457080
|switch|p2a: Togedemaru|Togedemaru, M|100/100|[from]move: Volt Switch
|-activate|p2a: Togedemaru|move: Sticky Web
|-unboost|p2a: Togedemaru|spe|1
|move|p1a: Vikavolt|Bug Buzz|p2a: Togedemaru
|-resisted|p2a: Togedemaru
|-damage|p2a: Togedemaru|56/100
|
|upkeep
|turn|5
|
|t:|1638457086
|move|p2a: Togedemaru|Iron Head|p1a: Vikavolt
|-resisted|p1a: Vikavolt
|-damage|p1a: Vikavolt|2/100
|move|p1a: Vikavolt|Bug Buzz|p2a: Togedemaru
|-resisted|p2a: Togedemaru
|-damage|p2a: Togedemaru|12/100
|
|upkeep
|turn|6
|
|t:|1638457103
|move|p2a: Togedemaru|Iron Head|p1a: Vikavolt
|-resisted|p1a: Vikavolt
|-damage|p1a: Vikavolt|0 fnt
|faint|p1a: Vikavolt
|
|upkeep
|c|☆SlightlyAngryKevin|Well this isnt good...
|c|☆SlightlyAngryKevin|:(
|
|t:|1638457121
|switch|p1a: Carracosta|Carracosta, M|100/100
|turn|7
|
|t:|1638457125
|move|p2a: Togedemaru|Iron Head|p1a: Carracosta
|-damage|p1a: Carracosta|69/100
|move|p1a: Carracosta|Shell Smash|p1a: Carracosta
|-unboost|p1a: Carracosta|def|1
|-unboost|p1a: Carracosta|spd|1
|-boost|p1a: Carracosta|atk|2
|-boost|p1a: Carracosta|spa|2
|-boost|p1a: Carracosta|spe|2
|
|upkeep
|turn|8
|
|t:|1638457134
|switch|p2a: Tsareena|Tsareena, F, shiny|100/100
|move|p1a: Carracosta|Waterfall|p2a: Tsareena
|-resisted|p2a: Tsareena
|-damage|p2a: Tsareena|53/100
|
|upkeep
|turn|9
|l| Sep2936
|
|t:|1638457141
|move|p1a: Carracosta|Stone Edge|p2a: Tsareena
|-damage|p2a: Tsareena|0 fnt
|faint|p2a: Tsareena
|
|upkeep
|j| xDarkcrafterHDx
|
|t:|1638457159
|switch|p2a: Lanturn|Lanturn, F|28/100
|-activate|p2a: Lanturn|move: Sticky Web
|-unboost|p2a: Lanturn|spe|1
|turn|10
|
|t:|1638457167
|move|p1a: Carracosta|Stone Edge|p2a: Lanturn
|-damage|p2a: Lanturn|0 fnt
|faint|p2a: Lanturn
|
|upkeep
|c|☆SlightlyAngryKevin|Im screwed
|
|t:|1638457173
|switch|p2a: Togedemaru|Togedemaru, M|12/100
|-activate|p2a: Togedemaru|move: Sticky Web
|-unboost|p2a: Togedemaru|spe|1
|turn|11
|
|t:|1638457177
|move|p1a: Carracosta|Aqua Jet|p2a: Togedemaru
|-damage|p2a: Togedemaru|0 fnt
|faint|p2a: Togedemaru
|
|upkeep
|
|t:|1638457181
|switch|p2a: Articuno|Articuno-Galar|100/100
|turn|12
|
|t:|1638457185
|move|p1a: Carracosta|Waterfall|p2a: Articuno
|-damage|p2a: Articuno|0 fnt
|faint|p2a: Articuno
|
|upkeep
|
|t:|1638457188
|switch|p2a: Sandaconda|Sandaconda, F|100/100
|-activate|p2a: Sandaconda|move: Sticky Web
|-unboost|p2a: Sandaconda|spe|1
|turn|13
|
|t:|1638457191
|move|p1a: Carracosta|Waterfall|p2a: Sandaconda
|-supereffective|p2a: Sandaconda
|-damage|p2a: Sandaconda|3/100
|-damage|p1a: Carracosta|53/100|[from] item: Rocky Helmet|[of] p2a: Sandaconda
|move|p2a: Sandaconda|Earthquake|p1a: Carracosta
|-supereffective|p1a: Carracosta
|-damage|p1a: Carracosta|0 fnt
|faint|p1a: Carracosta
|
|upkeep
|c|☆SlightlyAngryKevin|:(
|-message|SlightlyAngryKevin forfeited.
|
|win|shalutianwang
|n|☆shalutianwang|shalutianwang
|n|☆SlightlyAngryKevin|slightlyangrykevin
|n| EmpressoftheElite4|empressoftheelite4
|n| xDarkcrafterHDx|xdarkcrafterhdx
