|raw|<div class="broadcast-blue"><strong>This battle is required to be public due to a player having a name starting with 'pult4t2'.</div>
|j|☆PULT4T2 skelly
|j|☆lisa781
|t:|1661341167
|gametype|singles
|player|p1|PULT4T2 skelly|bugsy|1474
|player|p2|lisa781|lillie-masters2|1317
|teamsize|p1|6
|teamsize|p2|6
|gen|8
|tier|[Gen 8] PU
|rated|
|rule|Sleep Clause Mod: Limit one foe put to sleep
|rule|Species Clause: Limit one of each Pokémon
|rule|OHKO Clause: OHKO moves are banned
|rule|Evasion Items Clause: Evasion items are banned
|rule|Evasion Moves Clause: Evasion moves are banned
|rule|Endless Battle Clause: Forcing endless battles is banned
|rule|HP Percentage Mod: HP is shown in percentages
|rule|Dynamax Clause: You cannot dynamax
|clearpoke
|poke|p1|Audino, F|
|poke|p1|Qwilfish, F|
|poke|p1|Carbink|
|poke|p1|Claydol|
|poke|p1|Sableye, F|
|poke|p1|Articuno|
|poke|p2|Galvantula, F|
|poke|p2|Gallade, M|
|poke|p2|Eldegoss, M|
|poke|p2|Coalossal, M|
|poke|p2|Sandaconda, M|
|poke|p2|Doublade, M|
|teampreview
|inactive|Battle timer is ON: inactive players will automatically lose when time's up. (requested by lisa781)
|
|t:|1661341188
|start
|switch|p1a: Audino|Audino, F|100/100
|switch|p2a: Galvantula|Galvantula, F|100/100
|turn|1
|
|t:|1661341194
|move|p2a: Galvantula|Volt Switch|p1a: Audino
|-damage|p1a: Audino|80/100
|
|t:|1661341196
|switch|p2a: Sandaconda|Sandaconda, M|100/100|[from]move: Volt Switch
|move|p1a: Audino|Knock Off|p2a: Sandaconda
|-damage|p2a: Sandaconda|90/100
|-damage|p1a: Audino|63/100|[from] item: Rocky Helmet|[of] p2a: Sandaconda
|-enditem|p2a: Sandaconda|Rocky Helmet|[from] move: Knock Off|[of] p1a: Audino
|
|upkeep
|turn|2
|
|t:|1661341203
|switch|p1a: Claydol|Claydol|100/100
|move|p2a: Sandaconda|Stealth Rock|p1a: Claydol
|-sidestart|p1: PULT4T2 skelly|move: Stealth Rock
|
|upkeep
|turn|3
|
|t:|1661341211
|switch|p2a: Doublade|Doublade, M|100/100
|move|p1a: Claydol|Rapid Spin|p2a: Doublade
|-immune|p2a: Doublade
|
|upkeep
|turn|4
|
|t:|1661341217
|switch|p1a: Sableye|Sableye, F|100/100
|-damage|p1a: Sableye|88/100|[from] Stealth Rock
|move|p2a: Doublade|Toxic|p1a: Sableye
|-status|p1a: Sableye|tox
|
|-heal|p1a: Sableye|94/100 tox|[from] item: Leftovers
|-damage|p1a: Sableye|88/100 tox|[from] psn
|upkeep
|turn|5
|
|t:|1661341234
|switch|p2a: Sandaconda|Sandaconda, M|90/100
|move|p1a: Sableye|Foul Play|p2a: Sandaconda
|-damage|p2a: Sandaconda|66/100
|
|-heal|p1a: Sableye|94/100 tox|[from] item: Leftovers
|-damage|p1a: Sableye|82/100 tox|[from] psn
|upkeep
|turn|6
|
|t:|1661341242
|switch|p2a: Galvantula|Galvantula, F|100/100
|switch|p1a: Claydol|Claydol|100/100
|-damage|p1a: Claydol|94/100|[from] Stealth Rock
|
|upkeep
|turn|7
|
|t:|1661341250
|switch|p1a: Audino|Audino, F|97/100
|move|p2a: Galvantula|Bug Buzz|p1a: Audino
|-damage|p1a: Audino|73/100
|
|upkeep
|turn|8
|
|t:|1661341254
|move|p2a: Galvantula|Volt Switch|p1a: Audino
|-damage|p1a: Audino|53/100
|
|t:|1661341257
|switch|p2a: Sandaconda|Sandaconda, M|66/100|[from]move: Volt Switch
|move|p1a: Audino|Heal Bell|p1a: Audino
|-activate|p1a: Audino|move: Heal Bell
|-curestatus|p1: Sableye|tox|[msg]
|
|upkeep
|turn|9
|j| pult4t2 yan
|
|t:|1661341263
|switch|p2a: Gallade|Gallade, M|100/100
|switch|p1a: Claydol|Claydol|94/100
|-damage|p1a: Claydol|88/100|[from] Stealth Rock
|
|upkeep
|turn|10
|
|t:|1661341267
|move|p2a: Gallade|Knock Off|p1a: Claydol
|-supereffective|p1a: Claydol
|-enditem|p1a: Claydol|Colbur Berry|[eat]
|-enditem|p1a: Claydol|Colbur Berry|[weaken]
|-damage|p1a: Claydol|58/100
|move|p1a: Claydol|Rapid Spin|p2a: Gallade
|-damage|p2a: Gallade|87/100
|-boost|p1a: Claydol|spe|1
|-sideend|p1: PULT4T2 skelly|Stealth Rock|[from] move: Rapid Spin|[of] p1a: Claydol
|
|upkeep
|turn|11
|
|t:|1661341280
|switch|p1a: Qwilfish|Qwilfish, F|100/100
|-ability|p1a: Qwilfish|Intimidate|boost
|-unboost|p2a: Gallade|atk|1
|move|p2a: Gallade|Knock Off|p1a: Qwilfish
|-damage|p1a: Qwilfish|70/100
|-damage|p2a: Gallade|70/100|[from] item: Rocky Helmet|[of] p1a: Qwilfish
|-enditem|p1a: Qwilfish|Rocky Helmet|[from] move: Knock Off|[of] p2a: Gallade
|
|upkeep
|turn|12
|
|t:|1661341286
|move|p1a: Qwilfish|Toxic Spikes|p2a: Gallade
|-sidestart|p2: lisa781|move: Toxic Spikes
|move|p2a: Gallade|Psycho Cut|p1a: Qwilfish
|-supereffective|p1a: Qwilfish
|-damage|p1a: Qwilfish|7/100
|
|upkeep
|turn|13
|
|t:|1661341294
|move|p2a: Gallade|Shadow Sneak|p1a: Qwilfish
|-damage|p1a: Qwilfish|0 fnt
|faint|p1a: Qwilfish
|
|upkeep
|
|t:|1661341299
|switch|p1a: Sableye|Sableye, F|82/100
|turn|14
|
|t:|1661341307
|switch|p2a: Sandaconda|Sandaconda, M|66/100
|-status|p2a: Sandaconda|psn
|move|p1a: Sableye|Foul Play|p2a: Sandaconda
|-damage|p2a: Sandaconda|42/100 psn
|
|-heal|p1a: Sableye|88/100|[from] item: Leftovers
|-damage|p2a: Sandaconda|30/100 psn|[from] psn
|upkeep
|turn|15
|
|t:|1661341315
|switch|p1a: Claydol|Claydol|58/100
|move|p2a: Sandaconda|Rest|p2a: Sandaconda
|-status|p2a: Sandaconda|slp|[from] move: Rest
|-heal|p2a: Sandaconda|100/100 slp|[silent]
|
|upkeep
|turn|16
|
|t:|1661341319
|cant|p2a: Sandaconda|slp
|move|p1a: Claydol|Stealth Rock|p2a: Sandaconda
|-sidestart|p2: lisa781|move: Stealth Rock
|
|-activate|p2a: Sandaconda|ability: Shed Skin
|-curestatus|p2a: Sandaconda|slp|[msg]
|upkeep
|turn|17
|
|t:|1661341325
|move|p2a: Sandaconda|Stealth Rock|p1a: Claydol
|-sidestart|p1: PULT4T2 skelly|move: Stealth Rock
|move|p1a: Claydol|Rapid Spin|p2a: Sandaconda
|-damage|p2a: Sandaconda|96/100
|-boost|p1a: Claydol|spe|1
|-sideend|p1: PULT4T2 skelly|Stealth Rock|[from] move: Rapid Spin|[of] p1a: Claydol
|
|upkeep
|turn|18
|
|t:|1661341338
|move|p1a: Claydol|Rapid Spin|p2a: Sandaconda
|-damage|p2a: Sandaconda|90/100
|-boost|p1a: Claydol|spe|1
|move|p2a: Sandaconda|Stealth Rock|p1a: Claydol
|-sidestart|p1: PULT4T2 skelly|move: Stealth Rock
|
|upkeep
|turn|19
|
|t:|1661341342
|switch|p2a: Doublade|Doublade, M|100/100
|-damage|p2a: Doublade|94/100|[from] Stealth Rock
|move|p1a: Claydol|Earth Power|p2a: Doublade
|-supereffective|p2a: Doublade
|-damage|p2a: Doublade|56/100
|
|upkeep
|turn|20
|
|t:|1661341350
|move|p1a: Claydol|Earth Power|p2a: Doublade
|-supereffective|p2a: Doublade
|-damage|p2a: Doublade|21/100
|move|p2a: Doublade|Toxic|p1a: Claydol
|-status|p1a: Claydol|tox
|
|-damage|p1a: Claydol|52/100 tox|[from] psn
|upkeep
|turn|21
|
|t:|1661341357
|switch|p1a: Sableye|Sableye, F|88/100
|-damage|p1a: Sableye|75/100|[from] Stealth Rock
|switch|p2a: Eldegoss|Eldegoss, M|100/100
|
|-heal|p1a: Sableye|82/100|[from] item: Leftovers
|upkeep
|turn|22
|
|t:|1661341362
|move|p1a: Sableye|Toxic|p2a: Eldegoss
|-status|p2a: Eldegoss|tox
|move|p2a: Eldegoss|Leech Seed|p1a: Sableye
|-start|p1a: Sableye|move: Leech Seed
|
|-heal|p1a: Sableye|88/100|[from] item: Leftovers
|-damage|p1a: Sableye|75/100|[from] Leech Seed|[of] p2a: Eldegoss
|-damage|p2a: Eldegoss|94/100 tox|[from] psn
|upkeep
|turn|23
|
|t:|1661341372
|switch|p2a: Coalossal|Coalossal, M|100/100
|move|p1a: Sableye|Encore||[still]
|-fail|p1a: Sableye
|
|-heal|p1a: Sableye|82/100|[from] item: Leftovers
|-damage|p1a: Sableye|69/100|[from] Leech Seed|[of] p2a: Coalossal
|upkeep
|turn|24
|
|t:|1661341384
|switch|p1a: Carbink|Carbink|100/100
|-damage|p1a: Carbink|88/100|[from] Stealth Rock
|move|p2a: Coalossal|Flamethrower|p1a: Carbink
|-resisted|p1a: Carbink
|-damage|p1a: Carbink|80/100
|
|-heal|p1a: Carbink|86/100|[from] item: Leftovers
|upkeep
|turn|25
|
|t:|1661341393
|move|p1a: Carbink|Body Press|p2a: Coalossal
|-supereffective|p2a: Coalossal
|-damage|p2a: Coalossal|64/100
|move|p2a: Coalossal|Rapid Spin|p1a: Carbink
|-resisted|p1a: Carbink
|-damage|p1a: Carbink|83/100
|-boost|p2a: Coalossal|spe|1
|-sideend|p2: lisa781|Toxic Spikes|[from] move: Rapid Spin|[of] p2a: Coalossal
|-sideend|p2: lisa781|Stealth Rock|[from] move: Rapid Spin|[of] p2a: Coalossal
|
|-heal|p1a: Carbink|89/100|[from] item: Leftovers
|upkeep
|turn|26
|
|t:|1661341402
|switch|p2a: Eldegoss|Eldegoss, M|100/100 tox
|move|p1a: Carbink|Moonblast|p2a: Eldegoss
|-damage|p2a: Eldegoss|84/100 tox
|
|-heal|p1a: Carbink|96/100|[from] item: Leftovers
|-damage|p2a: Eldegoss|78/100 tox|[from] psn
|upkeep
|turn|27
|
|t:|1661341408
|switch|p1a: Articuno|Articuno|100/100
|-ability|p1a: Articuno|Pressure
|move|p2a: Eldegoss|Leech Seed|p1a: Articuno|[miss]
|-miss|p2a: Eldegoss|p1a: Articuno
|
|-damage|p2a: Eldegoss|65/100 tox|[from] psn
|upkeep
|turn|28
|
|t:|1661341417
|switch|p2a: Doublade|Doublade, M|21/100
|move|p1a: Articuno|Toxic|p2a: Doublade
|-immune|p2a: Doublade
|
|upkeep
|turn|29
|
|t:|1661341422
|switch|p1a: Sableye|Sableye, F|69/100
|-damage|p1a: Sableye|57/100|[from] Stealth Rock
|move|p2a: Doublade|Rest|p2a: Doublade
|-status|p2a: Doublade|slp|[from] move: Rest
|-heal|p2a: Doublade|100/100 slp|[silent]
|
|-heal|p1a: Sableye|63/100|[from] item: Leftovers
|upkeep
|turn|30
|
|t:|1661341433
|switch|p2a: Eldegoss|Eldegoss, M|98/100 tox
|move|p1a: Sableye|Recover|p1a: Sableye
|-heal|p1a: Sableye|100/100
|
|-damage|p2a: Eldegoss|92/100 tox|[from] psn
|upkeep
|turn|31
|
|t:|1661341440
|switch|p2a: Gallade|Gallade, M|70/100
|switch|p1a: Articuno|Articuno|100/100
|-ability|p1a: Articuno|Pressure
|
|upkeep
|turn|32
|
|t:|1661341447
|switch|p1a: Sableye|Sableye, F|100/100
|-damage|p1a: Sableye|88/100|[from] Stealth Rock
|move|p2a: Gallade|Knock Off|p1a: Sableye
|-damage|p1a: Sableye|47/100
|-enditem|p1a: Sableye|Leftovers|[from] move: Knock Off|[of] p2a: Gallade
|
|upkeep
|turn|33
|
|t:|1661341453
|switch|p2a: Galvantula|Galvantula, F|100/100
|move|p1a: Sableye|Recover|p1a: Sableye
|-heal|p1a: Sableye|97/100
|
|upkeep
|turn|34
|
|t:|1661341457
|switch|p1a: Audino|Audino, F|87/100
|move|p2a: Galvantula|Volt Switch|p1a: Audino
|-damage|p1a: Audino|66/100
|
|t:|1661341471
|switch|p2a: Gallade|Gallade, M|70/100|[from]move: Volt Switch
|
|upkeep
|turn|35
|
|t:|1661341476
|switch|p2a: Galvantula|Galvantula, F|100/100
|switch|p1a: Sableye|Sableye, F|97/100
|-damage|p1a: Sableye|84/100|[from] Stealth Rock
|
|upkeep
|turn|36
|
|t:|1661341481
|switch|p1a: Audino|Audino, F|99/100
|move|p2a: Galvantula|Bug Buzz|p1a: Audino
|-damage|p1a: Audino|72/100
|
|upkeep
|turn|37
|
|t:|1661341485
|move|p2a: Galvantula|Thunder|p1a: Audino|[miss]
|-miss|p2a: Galvantula|p1a: Audino
|move|p1a: Audino|Knock Off|p2a: Galvantula
|-damage|p2a: Galvantula|74/100
|-enditem|p2a: Galvantula|Heavy-Duty Boots|[from] move: Knock Off|[of] p1a: Audino
|
|upkeep
|turn|38
|
|t:|1661341488
|move|p2a: Galvantula|Thunder|p1a: Audino
|-damage|p1a: Audino|39/100
|-status|p1a: Audino|par
|move|p1a: Audino|Wish|p1a: Audino
|
|upkeep
|turn|39
|
|t:|1661341494
|move|p1a: Audino|Protect|p1a: Audino
|-singleturn|p1a: Audino|Protect
|move|p2a: Galvantula|Thunder|p1a: Audino
|-activate|p1a: Audino|move: Protect
|
|-heal|p1a: Audino|89/100 par|[from] move: Wish|[wisher] Audino
|upkeep
|turn|40
|
|t:|1661341497
|move|p2a: Galvantula|Thunder|p1a: Audino
|-damage|p1a: Audino|60/100 par
|move|p1a: Audino|Wish|p1a: Audino
|
|upkeep
|turn|41
|
|t:|1661341500
|move|p2a: Galvantula|Volt Switch|p1a: Audino
|-damage|p1a: Audino|42/100 par
|j| PULT4T2 Carminable
|
|t:|1661341504
|switch|p2a: Sandaconda|Sandaconda, M|90/100|[from]move: Volt Switch
|move|p1a: Audino|Knock Off|p2a: Sandaconda
|-damage|p2a: Sandaconda|84/100
|
|-heal|p1a: Audino|92/100 par|[from] move: Wish|[wisher] Audino
|upkeep
|turn|42
|l| PULT4T2 Carminable
|
|t:|1661341521
|switch|p2a: Galvantula|Galvantula, F|74/100
|move|p1a: Audino|Heal Bell|p1a: Audino
|-activate|p1a: Audino|move: Heal Bell
|-curestatus|p1a: Audino|par|[msg]
|-curestatus|p1: Claydol|tox|[msg]
|
|upkeep
|turn|43
|
|t:|1661341524
|move|p2a: Galvantula|Volt Switch|p1a: Audino
|-damage|p1a: Audino|72/100
|
|t:|1661341528
|switch|p2a: Sandaconda|Sandaconda, M|84/100|[from]move: Volt Switch
|move|p1a: Audino|Wish|p1a: Audino
|
|upkeep
|turn|44
|
|t:|1661341534
|switch|p2a: Galvantula|Galvantula, F|74/100
|switch|p1a: Claydol|Claydol|52/100
|-damage|p1a: Claydol|46/100|[from] Stealth Rock
|
|-heal|p1a: Claydol|100/100|[from] move: Wish|[wisher] Audino
|upkeep
|turn|45
|
|t:|1661341541
|switch|p1a: Audino|Audino, F|100/100
|move|p2a: Galvantula|Bug Buzz|p1a: Audino
|-damage|p1a: Audino|77/100
|
|upkeep
|turn|46
|
|t:|1661341548
|move|p2a: Galvantula|Bug Buzz|p1a: Audino
|-damage|p1a: Audino|52/100
|move|p1a: Audino|Knock Off|p2a: Galvantula
|-damage|p2a: Galvantula|56/100
|
|upkeep
|turn|47
|
|t:|1661341553
|move|p2a: Galvantula|Thunder|p1a: Audino
|-damage|p1a: Audino|23/100
|move|p1a: Audino|Wish|p1a: Audino
|
|upkeep
|turn|48
|
|t:|1661341559
|move|p1a: Audino|Protect|p1a: Audino
|-singleturn|p1a: Audino|Protect
|move|p2a: Galvantula|Bug Buzz|p1a: Audino
|-activate|p1a: Audino|move: Protect
|
|-heal|p1a: Audino|73/100|[from] move: Wish|[wisher] Audino
|upkeep
|turn|49
|
|t:|1661341571
|move|p2a: Galvantula|Bug Buzz|p1a: Audino
|-crit|p1a: Audino
|-damage|p1a: Audino|33/100
|move|p1a: Audino|Wish|p1a: Audino
|
|upkeep
|turn|50
|
|t:|1661341577
|switch|p2a: Gallade|Gallade, M|70/100
|move|p1a: Audino|Protect||[still]
|-fail|p1a: Audino
|
|-heal|p1a: Audino|83/100|[from] move: Wish|[wisher] Audino
|upkeep
|turn|51
|
|t:|1661341583
|switch|p2a: Galvantula|Galvantula, F|56/100
|switch|p1a: Sableye|Sableye, F|84/100
|-damage|p1a: Sableye|72/100|[from] Stealth Rock
|
|upkeep
|turn|52
|
|t:|1661341587
|switch|p1a: Audino|Audino, F|100/100
|move|p2a: Galvantula|Volt Switch|p1a: Audino
|-damage|p1a: Audino|82/100
|
|t:|1661341589
|switch|p2a: Gallade|Gallade, M|70/100|[from]move: Volt Switch
|
|upkeep
|turn|53
|
|t:|1661341593
|switch|p2a: Galvantula|Galvantula, F|56/100
|switch|p1a: Sableye|Sableye, F|72/100
|-damage|p1a: Sableye|59/100|[from] Stealth Rock
|
|upkeep
|turn|54
|
|t:|1661341598
|switch|p1a: Audino|Audino, F|100/100
|move|p2a: Galvantula|Thunder|p1a: Audino|[miss]
|-miss|p2a: Galvantula|p1a: Audino
|
|upkeep
|turn|55
|
|t:|1661341602
|move|p2a: Galvantula|Volt Switch|p1a: Audino
|-damage|p1a: Audino|80/100
|
|t:|1661341605
|switch|p2a: Sandaconda|Sandaconda, M|84/100|[from]move: Volt Switch
|move|p1a: Audino|Wish|p1a: Audino
|
|upkeep
|turn|56
|
|t:|1661341609
|switch|p1a: Sableye|Sableye, F|59/100
|-damage|p1a: Sableye|47/100|[from] Stealth Rock
|move|p2a: Sandaconda|Earthquake|p1a: Sableye
|-damage|p1a: Sableye|14/100
|
|-heal|p1a: Sableye|81/100|[from] move: Wish|[wisher] Audino
|upkeep
|turn|57
|
|t:|1661341617
|switch|p1a: Claydol|Claydol|100/100
|-damage|p1a: Claydol|94/100|[from] Stealth Rock
|move|p2a: Sandaconda|Earthquake|p1a: Claydol
|-immune|p1a: Claydol|[from] ability: Levitate
|
|upkeep
|turn|58
|
|t:|1661341622
|switch|p2a: Galvantula|Galvantula, F|56/100
|move|p1a: Claydol|Stealth Rock|p2a: Galvantula
|-sidestart|p2: lisa781|move: Stealth Rock
|
|upkeep
|turn|59
|
|t:|1661341627
|switch|p1a: Audino|Audino, F|100/100
|move|p2a: Galvantula|Bug Buzz|p1a: Audino
|-damage|p1a: Audino|77/100
|
|upkeep
|turn|60
|
|t:|1661341631
|move|p2a: Galvantula|Thunder|p1a: Audino
|-damage|p1a: Audino|48/100
|move|p1a: Audino|Knock Off|p2a: Galvantula
|-damage|p2a: Galvantula|39/100
|
|upkeep
|turn|61
|
|t:|1661341637
|move|p2a: Galvantula|Thunder|p1a: Audino
|-damage|p1a: Audino|17/100
|move|p1a: Audino|Wish|p1a: Audino
|
|upkeep
|turn|62
|
|t:|1661341643
|switch|p2a: Coalossal|Coalossal, M|64/100
|move|p1a: Audino|Protect||[still]
|-fail|p1a: Audino
|
|-heal|p1a: Audino|67/100|[from] move: Wish|[wisher] Audino
|upkeep
|turn|63
|
|t:|1661341646
|switch|p1a: Sableye|Sableye, F|81/100
|-damage|p1a: Sableye|69/100|[from] Stealth Rock
|move|p2a: Coalossal|Spikes|p1a: Sableye
|-sidestart|p1: PULT4T2 skelly|Spikes
|
|upkeep
|turn|64
|
|t:|1661341651
|move|p1a: Sableye|Toxic|p2a: Coalossal
|-status|p2a: Coalossal|tox
|move|p2a: Coalossal|Flamethrower|p1a: Sableye
|-damage|p1a: Sableye|26/100
|
|-damage|p2a: Coalossal|58/100 tox|[from] psn
|upkeep
|turn|65
|
|t:|1661341656
|move|p1a: Sableye|Recover|p1a: Sableye
|-heal|p1a: Sableye|76/100
|move|p2a: Coalossal|Spikes|p1a: Sableye
|-sidestart|p1: PULT4T2 skelly|Spikes
|
|-damage|p2a: Coalossal|46/100 tox|[from] psn
|upkeep
|turn|66
|
|t:|1661341662
|switch|p2a: Eldegoss|Eldegoss, M|100/100 tox
|move|p1a: Sableye|Foul Play|p2a: Eldegoss
|-damage|p2a: Eldegoss|90/100 tox
|
|-damage|p2a: Eldegoss|84/100 tox|[from] psn
|upkeep
|turn|67
|
|t:|1661341672
|move|p2a: Eldegoss|Aromatherapy|p2a: Eldegoss
|-activate|p2a: Eldegoss|move: Aromatherapy
|-curestatus|p2a: Eldegoss|tox|[msg]
|-curestatus|p2: Coalossal|tox|[msg]
|-curestatus|p2: Doublade|slp|[msg]
|move|p1a: Sableye|Foul Play|p2a: Eldegoss
|-damage|p2a: Eldegoss|72/100
|
|upkeep
|turn|68
|
|t:|1661341682
|move|p1a: Sableye|Toxic|p2a: Eldegoss
|-status|p2a: Eldegoss|tox
|move|p2a: Eldegoss|Giga Drain|p1a: Sableye
|-damage|p1a: Sableye|39/100
|-heal|p2a: Eldegoss|90/100 tox|[from] drain|[of] p1a: Sableye
|
|-damage|p2a: Eldegoss|84/100 tox|[from] psn
|upkeep
|turn|69
|l| pult4t2 yan
|
|t:|1661341690
|move|p1a: Sableye|Recover|p1a: Sableye
|-heal|p1a: Sableye|89/100
|move|p2a: Eldegoss|Leech Seed|p1a: Sableye
|-start|p1a: Sableye|move: Leech Seed
|
|-damage|p1a: Sableye|76/100|[from] Leech Seed|[of] p2a: Eldegoss
|-heal|p2a: Eldegoss|96/100 tox|[silent]
|-damage|p2a: Eldegoss|83/100 tox|[from] psn
|upkeep
|turn|70
|
|t:|1661341700
|move|p2a: Eldegoss|Giga Drain|p1a: Sableye
|-crit|p1a: Sableye
|-damage|p1a: Sableye|25/100
|-heal|p2a: Eldegoss|100/100 tox|[from] drain|[of] p1a: Sableye
|move|p1a: Sableye|Foul Play|p2a: Eldegoss
|-damage|p2a: Eldegoss|89/100 tox
|
|-damage|p1a: Sableye|12/100|[from] Leech Seed|[of] p2a: Eldegoss
|-heal|p2a: Eldegoss|100/100 tox|[silent]
|-damage|p2a: Eldegoss|82/100 tox|[from] psn
|upkeep
|turn|71
|
|t:|1661341706
|move|p1a: Sableye|Recover|p1a: Sableye
|-heal|p1a: Sableye|62/100
|move|p2a: Eldegoss|Giga Drain|p1a: Sableye
|-damage|p1a: Sableye|29/100
|-heal|p2a: Eldegoss|97/100 tox|[from] drain|[of] p1a: Sableye
|
|-damage|p1a: Sableye|17/100|[from] Leech Seed|[of] p2a: Eldegoss
|-heal|p2a: Eldegoss|100/100 tox|[silent]
|-damage|p2a: Eldegoss|76/100 tox|[from] psn
|upkeep
|turn|72
|
|t:|1661341710
|switch|p2a: Gallade|Gallade, M|70/100
|-damage|p2a: Gallade|64/100|[from] Stealth Rock
|move|p1a: Sableye|Recover|p1a: Sableye
|-heal|p1a: Sableye|67/100
|
|-damage|p1a: Sableye|54/100|[from] Leech Seed|[of] p2a: Gallade
|-heal|p2a: Gallade|78/100|[silent]
|upkeep
|turn|73
|
|t:|1661341716
|switch|p2a: Eldegoss|Eldegoss, M|100/100 tox
|move|p1a: Sableye|Recover|p1a: Sableye
|-heal|p1a: Sableye|100/100
|
|-damage|p1a: Sableye|88/100|[from] Leech Seed|[of] p2a: Eldegoss
|-damage|p2a: Eldegoss|94/100 tox|[from] psn
|upkeep
|turn|74
|
|t:|1661341720
|switch|p1a: Articuno|Articuno|100/100
|-ability|p1a: Articuno|Pressure
|move|p2a: Eldegoss|Giga Drain|p1a: Articuno
|-resisted|p1a: Articuno
|-damage|p1a: Articuno|94/100
|-heal|p2a: Eldegoss|98/100 tox|[from] drain|[of] p1a: Articuno
|
|-damage|p2a: Eldegoss|86/100 tox|[from] psn
|upkeep
|turn|75
|
|t:|1661341730
|switch|p2a: Doublade|Doublade, M|100/100
|-damage|p2a: Doublade|94/100|[from] Stealth Rock
|move|p1a: Articuno|Freeze-Dry|p2a: Doublade
|-resisted|p2a: Doublade
|-damage|p2a: Doublade|86/100
|
|upkeep
|turn|76
|
|t:|1661341735
|switch|p1a: Sableye|Sableye, F|88/100
|-damage|p1a: Sableye|75/100|[from] Stealth Rock
|-damage|p1a: Sableye|59/100|[from] Spikes
|move|p2a: Doublade|Iron Head|p1a: Sableye
|-damage|p1a: Sableye|27/100
|
|upkeep
|turn|77
|
|t:|1661341739
|move|p1a: Sableye|Recover|p1a: Sableye
|-heal|p1a: Sableye|77/100
|move|p2a: Doublade|Toxic|p1a: Sableye
|-status|p1a: Sableye|tox
|
|-damage|p1a: Sableye|71/100 tox|[from] psn
|upkeep
|turn|78
|
|t:|1661341745
|switch|p1a: Claydol|Claydol|94/100
|-damage|p1a: Claydol|88/100|[from] Stealth Rock
|move|p2a: Doublade|Iron Head|p1a: Claydol
|-damage|p1a: Claydol|64/100
|
|upkeep
|turn|79
|
|t:|1661341761
|switch|p2a: Eldegoss|Eldegoss, M|100/100 tox
|move|p1a: Claydol|Earth Power|p2a: Eldegoss
|-resisted|p2a: Eldegoss
|-damage|p2a: Eldegoss|91/100 tox
|
|-damage|p2a: Eldegoss|85/100 tox|[from] psn
|upkeep
|turn|80
|
|t:|1661341767
|switch|p1a: Articuno|Articuno|94/100
|-ability|p1a: Articuno|Pressure
|move|p2a: Eldegoss|Giga Drain|p1a: Articuno
|-resisted|p1a: Articuno
|-damage|p1a: Articuno|88/100
|-heal|p2a: Eldegoss|89/100 tox|[from] drain|[of] p1a: Articuno
|
|-damage|p2a: Eldegoss|77/100 tox|[from] psn
|upkeep
|turn|81
|
|t:|1661341771
|switch|p2a: Doublade|Doublade, M|86/100
|-damage|p2a: Doublade|80/100|[from] Stealth Rock
|move|p1a: Articuno|Freeze-Dry|p2a: Doublade
|-resisted|p2a: Doublade
|-damage|p2a: Doublade|72/100
|
|upkeep
|turn|82
|
|t:|1661341777
|switch|p1a: Audino|Audino, F|100/100
|move|p2a: Doublade|Iron Head|p1a: Audino
|-damage|p1a: Audino|74/100
|
|upkeep
|turn|83
|
|t:|1661341780
|move|p1a: Audino|Knock Off|p2a: Doublade
|-supereffective|p2a: Doublade
|-damage|p2a: Doublade|56/100
|-enditem|p2a: Doublade|Eviolite|[from] move: Knock Off|[of] p1a: Audino
|move|p2a: Doublade|Sacred Sword|p1a: Audino
|-supereffective|p1a: Audino
|-damage|p1a: Audino|35/100
|
|upkeep
|turn|84
|
|t:|1661341798
|switch|p1a: Claydol|Claydol|64/100
|-damage|p1a: Claydol|58/100|[from] Stealth Rock
|move|p2a: Doublade|Sacred Sword|p1a: Claydol
|-resisted|p1a: Claydol
|-damage|p1a: Claydol|50/100
|
|upkeep
|turn|85
|
|t:|1661341808
|move|p1a: Claydol|Rapid Spin|p2a: Doublade
|-immune|p2a: Doublade
|move|p2a: Doublade|Iron Head|p1a: Claydol
|-damage|p1a: Claydol|28/100
|
|upkeep
|turn|86
|
|t:|1661341814
|move|p1a: Claydol|Rapid Spin|p2a: Doublade
|-immune|p2a: Doublade
|move|p2a: Doublade|Iron Head|p1a: Claydol
|-damage|p1a: Claydol|6/100
|
|upkeep
|turn|87
|j| pult4t2 yan
|
|t:|1661341818
|move|p1a: Claydol|Earth Power|p2a: Doublade
|-supereffective|p2a: Doublade
|-damage|p2a: Doublade|0 fnt
|faint|p2a: Doublade
|
|upkeep
|
|t:|1661341823
|switch|p2a: Gallade|Gallade, M|78/100
|-damage|p2a: Gallade|72/100|[from] Stealth Rock
|turn|88
|
|t:|1661341833
|move|p2a: Gallade|Knock Off|p1a: Claydol
|-supereffective|p1a: Claydol
|-damage|p1a: Claydol|0 fnt
|faint|p1a: Claydol
|
|upkeep
|
|t:|1661341834
|switch|p1a: Carbink|Carbink|96/100
|-damage|p1a: Carbink|83/100|[from] Stealth Rock
|-damage|p1a: Carbink|67/100|[from] Spikes
|turn|89
|
|t:|1661341840
|switch|p2a: Sandaconda|Sandaconda, M|84/100
|-damage|p2a: Sandaconda|78/100|[from] Stealth Rock
|move|p1a: Carbink|Moonblast|p2a: Sandaconda
|-damage|p2a: Sandaconda|52/100
|
|-heal|p1a: Carbink|73/100|[from] item: Leftovers
|upkeep
|turn|90
|
|t:|1661341849
|switch|p1a: Articuno|Articuno|88/100
|-ability|p1a: Articuno|Pressure
|move|p2a: Sandaconda|Earthquake|p1a: Articuno
|-immune|p1a: Articuno
|
|upkeep
|turn|91
|
|t:|1661341855
|switch|p2a: Coalossal|Coalossal, M|46/100
|move|p1a: Articuno|Roost|p1a: Articuno
|-heal|p1a: Articuno|100/100
|-singleturn|p1a: Articuno|move: Roost
|
|upkeep
|turn|92
|
|t:|1661341860
|switch|p1a: Audino|Audino, F|68/100
|move|p2a: Coalossal|Spikes|p1a: Audino
|-sidestart|p1: PULT4T2 skelly|Spikes
|
|upkeep
|turn|93
|
|t:|1661341869
|switch|p2a: Eldegoss|Eldegoss, M|100/100 tox
|move|p1a: Audino|Heal Bell|p1a: Audino
|-activate|p1a: Audino|move: Heal Bell
|-curestatus|p1: Sableye|tox|[msg]
|
|-damage|p2a: Eldegoss|94/100 tox|[from] psn
|upkeep
|turn|94
|
|t:|1661341875
|switch|p1a: Articuno|Articuno|100/100
|-ability|p1a: Articuno|Pressure
|move|p2a: Eldegoss|Leech Seed|p1a: Articuno
|-start|p1a: Articuno|move: Leech Seed
|
|-damage|p1a: Articuno|88/100|[from] Leech Seed|[of] p2a: Eldegoss
|-heal|p2a: Eldegoss|100/100 tox|[silent]
|-damage|p2a: Eldegoss|88/100 tox|[from] psn
|upkeep
|turn|95
|
|t:|1661341882
|switch|p1a: Sableye|Sableye, F|71/100
|-damage|p1a: Sableye|58/100|[from] Stealth Rock
|-damage|p1a: Sableye|33/100|[from] Spikes
|move|p2a: Eldegoss|Aromatherapy|p2a: Eldegoss
|-activate|p2a: Eldegoss|move: Aromatherapy
|-curestatus|p2a: Eldegoss|tox|[msg]
|
|upkeep
|turn|96
|
|t:|1661341889
|move|p1a: Sableye|Encore|p2a: Eldegoss
|-start|p2a: Eldegoss|Encore
|move|p2a: Eldegoss|Aromatherapy||[still]
|-activate|p2a: Eldegoss|move: Aromatherapy
|-fail|p2a: Eldegoss
|
|upkeep
|turn|97
|
|t:|1661341893
|switch|p2a: Coalossal|Coalossal, M|46/100
|move|p1a: Sableye|Recover|p1a: Sableye
|-heal|p1a: Sableye|83/100
|
|upkeep
|turn|98
|
|t:|1661341897
|switch|p2a: Sandaconda|Sandaconda, M|52/100
|-damage|p2a: Sandaconda|46/100|[from] Stealth Rock
|move|p1a: Sableye|Toxic|p2a: Sandaconda
|-status|p2a: Sandaconda|tox
|
|-activate|p2a: Sandaconda|ability: Shed Skin
|-curestatus|p2a: Sandaconda|tox|[msg]
|upkeep
|turn|99
|
|t:|1661341901
|switch|p1a: Articuno|Articuno|88/100
|-ability|p1a: Articuno|Pressure
|move|p2a: Sandaconda|Glare|p1a: Articuno
|-status|p1a: Articuno|par
|
|upkeep
|turn|100
|
|t:|1661341908
|switch|p2a: Coalossal|Coalossal, M|46/100
|switch|p1a: Audino|Audino, F|100/100
|
|upkeep
|turn|101
|
|t:|1661341913
|move|p1a: Audino|Heal Bell|p1a: Audino
|-activate|p1a: Audino|move: Heal Bell
|-curestatus|p1: Articuno|par|[msg]
|move|p2a: Coalossal|Flamethrower|p1a: Audino
|-damage|p1a: Audino|84/100
|
|upkeep
|turn|102
|
|t:|1661341924
|move|p1a: Audino|Knock Off|p2a: Coalossal
|-damage|p2a: Coalossal|35/100
|-status|p1a: Audino|brn|[from] ability: Flame Body|[of] p2a: Coalossal
|-enditem|p2a: Coalossal|Heavy-Duty Boots|[from] move: Knock Off|[of] p1a: Audino
|move|p2a: Coalossal|Flamethrower|p1a: Audino
|-damage|p1a: Audino|67/100 brn
|
|-damage|p1a: Audino|61/100 brn|[from] brn
|upkeep
|turn|103
|
|t:|1661341932
|switch|p1a: Sableye|Sableye, F|83/100
|-damage|p1a: Sableye|71/100|[from] Stealth Rock
|-damage|p1a: Sableye|46/100|[from] Spikes
|move|p2a: Coalossal|Flamethrower|p1a: Sableye
|-damage|p1a: Sableye|7/100
|
|upkeep
|turn|104
|
|t:|1661341938
|move|p1a: Sableye|Recover|p1a: Sableye
|-heal|p1a: Sableye|57/100
|move|p2a: Coalossal|Flamethrower|p1a: Sableye
|-damage|p1a: Sableye|16/100
|
|upkeep
|turn|105
|
|t:|1661341940
|move|p1a: Sableye|Recover|p1a: Sableye
|-heal|p1a: Sableye|66/100
|move|p2a: Coalossal|Flamethrower|p1a: Sableye
|-damage|p1a: Sableye|23/100
|
|upkeep
|turn|106
|
|t:|1661341943
|move|p1a: Sableye|Recover|p1a: Sableye
|-heal|p1a: Sableye|73/100
|move|p2a: Coalossal|Flamethrower|p1a: Sableye
|-crit|p1a: Sableye
|-damage|p1a: Sableye|10/100
|-status|p1a: Sableye|brn
|
|-damage|p1a: Sableye|4/100 brn|[from] brn
|upkeep
|turn|107
|
|t:|1661341948
|move|p1a: Sableye|Toxic|p2a: Coalossal
|-status|p2a: Coalossal|tox
|move|p2a: Coalossal|Flamethrower|p1a: Sableye
|-damage|p1a: Sableye|0 fnt
|faint|p1a: Sableye
|
|-damage|p2a: Coalossal|28/100 tox|[from] psn
|upkeep
|
|t:|1661341953
|switch|p1a: Audino|Audino, F|94/100 brn
|turn|108
|
|t:|1661341955
|move|p1a: Audino|Protect|p1a: Audino
|-singleturn|p1a: Audino|Protect
|move|p2a: Coalossal|Rapid Spin|p1a: Audino
|-activate|p1a: Audino|move: Protect
|
|-damage|p2a: Coalossal|16/100 tox|[from] psn
|-damage|p1a: Audino|88/100 brn|[from] brn
|upkeep
|turn|109
|
|t:|1661341960
|move|p1a: Audino|Protect||[still]
|-fail|p1a: Audino
|move|p2a: Coalossal|Rapid Spin|p1a: Audino
|-damage|p1a: Audino|80/100 brn
|-boost|p2a: Coalossal|spe|1
|-sideend|p2: lisa781|Stealth Rock|[from] move: Rapid Spin|[of] p2a: Coalossal
|
|-damage|p2a: Coalossal|0 fnt|[from] psn
|faint|p2a: Coalossal
|-damage|p1a: Audino|74/100 brn|[from] brn
|upkeep
|
|t:|1661341963
|switch|p2a: Gallade|Gallade, M|72/100
|turn|110
|
|t:|1661341968
|move|p2a: Gallade|Close Combat|p1a: Audino
|-supereffective|p1a: Audino
|-damage|p1a: Audino|0 fnt
|-unboost|p2a: Gallade|def|1
|-unboost|p2a: Gallade|spd|1
|faint|p1a: Audino
|
|upkeep
|-message|PULT4T2 skelly forfeited.
|
|win|lisa781
|raw|PULT4T2 skelly's rating: 1483 &rarr; <strong>1454</strong><br />(-29 for losing)
|raw|lisa781's rating: 1317 &rarr; <strong>1346</strong><br />(+29 for winning)
|l|☆PULT4T2 skelly
