|raw|<div class="broadcast-blue"><strong>This battle is required to be public due to a player having a name starting with 'pult4c1'.</div>
|j|☆pult4c1 shane
|j|☆PULT4C1 Haffling
|t:|1660821207
|gametype|singles
|player|p1|pult4c1 shane|veteran|1530
|player|p2|PULT4C1 Haffling|cyrus|1567
|teamsize|p1|6
|teamsize|p2|6
|gen|8
|tier|[Gen 8] PU
|rated|
|rule|Sleep Clause Mod: Limit one foe put to sleep
|rule|Species Clause: Limit one of each Pokémon
|rule|OHKO Clause: OHKO moves are banned
|rule|Evasion Items Clause: Evasion items are banned
|rule|Evasion Moves Clause: Evasion moves are banned
|rule|Endless Battle Clause: Forcing endless battles is banned
|rule|HP Percentage Mod: HP is shown in percentages
|rule|Dynamax Clause: You cannot dynamax
|clearpoke
|poke|p1|Scyther, F|
|poke|p1|Hattrem, F|
|poke|p1|Rhydon, M|
|poke|p1|Flareon, M|
|poke|p1|Jellicent, F|
|poke|p1|Silvally-*|
|poke|p2|Gourgeist-*, F|
|poke|p2|Ferroseed, F|
|poke|p2|Garbodor, M|
|poke|p2|Aromatisse, M|
|poke|p2|Sandslash, M|
|poke|p2|Gigalith, F|
|teampreview
|inactive|Battle timer is ON: inactive players will automatically lose when time's up. (requested by pult4c1 shane)
|c|☆pult4c1 shane|yo
|c|☆PULT4C1 Haffling|hello
|
|t:|1660821236
|start
|switch|p1a: Jellicent|Jellicent, F|100/100
|switch|p2a: Sandslash|Sandslash, M|100/100
|turn|1
|
|t:|1660821243
|switch|p2a: Ferroseed|Ferroseed, F|100/100
|move|p1a: Jellicent|Shadow Ball|p2a: Ferroseed
|-damage|p2a: Ferroseed|67/100
|
|upkeep
|turn|2
|
|t:|1660821250
|switch|p1a: Silvally|Silvally-Fairy|100/100
|move|p2a: Ferroseed|Leech Seed|p1a: Silvally
|-start|p1a: Silvally|move: Leech Seed
|
|-damage|p1a: Silvally|88/100|[from] Leech Seed|[of] p2a: Ferroseed
|-heal|p2a: Ferroseed|84/100|[silent]
|upkeep
|turn|3
|
|t:|1660821254
|switch|p1a: Hattrem|Hattrem, F|100/100
|move|p2a: Ferroseed|Gyro Ball|p1a: Hattrem
|-damage|p1a: Hattrem|79/100
|
|upkeep
|turn|4
|
|t:|1660821265
|switch|p2a: Sandslash|Sandslash, M|100/100
|move|p1a: Hattrem|Psychic|p2a: Sandslash
|-damage|p2a: Sandslash|58/100
|
|-heal|p2a: Sandslash|64/100|[from] item: Leftovers
|upkeep
|turn|5
|
|t:|1660821274
|switch|p1a: Silvally|Silvally-Fairy|88/100
|move|p2a: Sandslash|Knock Off|p1a: Silvally
|-resisted|p1a: Silvally
|-damage|p1a: Silvally|83/100
|
|-heal|p2a: Sandslash|70/100|[from] item: Leftovers
|upkeep
|turn|6
|
|t:|1660821278
|move|p1a: Silvally|Multi-Attack|p2a: Sandslash
|-damage|p2a: Sandslash|42/100
|move|p2a: Sandslash|Earthquake|p1a: Silvally
|-damage|p1a: Silvally|60/100
|
|-heal|p2a: Sandslash|49/100|[from] item: Leftovers
|upkeep
|turn|7
|
|t:|1660821284
|move|p1a: Silvally|Multi-Attack|p2a: Sandslash
|-damage|p2a: Sandslash|17/100
|move|p2a: Sandslash|Toxic|p1a: Silvally
|-status|p1a: Silvally|tox
|
|-heal|p2a: Sandslash|23/100|[from] item: Leftovers
|-damage|p1a: Silvally|54/100 tox|[from] psn
|upkeep
|turn|8
|
|t:|1660821291
|switch|p1a: Rhydon|Rhydon, M|100/100
|switch|p2a: Garbodor|Garbodor, M|100/100
|
|upkeep
|turn|9
|
|t:|1660821297
|move|p2a: Garbodor|Toxic Spikes|p1a: Rhydon
|-sidestart|p1: pult4c1 shane|move: Toxic Spikes
|move|p1a: Rhydon|Stealth Rock|p2a: Garbodor
|-sidestart|p2: PULT4C1 Haffling|move: Stealth Rock
|
|upkeep
|turn|10
|
|t:|1660821307
|switch|p2a: Gourgeist|Gourgeist-Super, F|100/100
|-damage|p2a: Gourgeist|88/100|[from] Stealth Rock
|-item|p1a: Rhydon|Eviolite|[from] ability: Frisk|[of] p2a: Gourgeist|[identify]
|switch|p1a: Scyther|Scyther, F|100/100
|
|upkeep
|turn|11
|
|t:|1660821315
|switch|p2a: Garbodor|Garbodor, M|100/100
|-damage|p2a: Garbodor|88/100|[from] Stealth Rock
|move|p1a: Scyther|Dual Wingbeat|p2a: Garbodor
|-damage|p2a: Garbodor|56/100
|-damage|p1a: Scyther|84/100|[from] item: Rocky Helmet|[of] p2a: Garbodor
|-damage|p2a: Garbodor|24/100
|-damage|p1a: Scyther|68/100|[from] item: Rocky Helmet|[of] p2a: Garbodor
|-hitcount|p2a: Garbodor|2
|-damage|p1a: Scyther|58/100|[from] item: Life Orb
|
|upkeep
|turn|12
|
|t:|1660821339
|move|p1a: Scyther|Knock Off|p2a: Garbodor
|-damage|p2a: Garbodor|0 fnt
|-damage|p1a: Scyther|33/100|[from] ability: Aftermath|[of] p2a: Garbodor
|-damage|p1a: Scyther|17/100|[from] item: Rocky Helmet|[of] p2a: Garbodor
|-enditem|p2a: Garbodor|Rocky Helmet|[from] move: Knock Off|[of] p1a: Scyther
|faint|p2a: Garbodor
|-damage|p1a: Scyther|7/100|[from] item: Life Orb
|
|upkeep
|
|t:|1660821345
|switch|p2a: Gourgeist|Gourgeist-Super, F|88/100
|-damage|p2a: Gourgeist|76/100|[from] Stealth Rock
|-item|p1a: Scyther|Life Orb|[from] ability: Frisk|[of] p2a: Gourgeist|[identify]
|turn|13
|
|t:|1660821349
|move|p2a: Gourgeist|Shadow Sneak|p1a: Scyther
|-damage|p1a: Scyther|0 fnt
|faint|p1a: Scyther
|
|upkeep
|
|t:|1660821372
|switch|p1a: Flareon|Flareon, M|100/100
|-status|p1a: Flareon|psn
|turn|14
|
|t:|1660821380
|switch|p2a: Aromatisse|Aromatisse, M|100/100
|move|p1a: Flareon|Wish|p1a: Flareon
|
|-damage|p1a: Flareon|88/100 psn|[from] psn
|upkeep
|turn|15
|
|t:|1660821386
|switch|p1a: Silvally|Silvally-Fairy|54/100 tox
|move|p2a: Aromatisse|Wish|p2a: Aromatisse
|
|-heal|p1a: Silvally|96/100 tox|[from] move: Wish|[wisher] Flareon
|-damage|p1a: Silvally|90/100 tox|[from] psn
|upkeep
|turn|16
|
|t:|1660821393
|switch|p2a: Sandslash|Sandslash, M|23/100
|-damage|p2a: Sandslash|17/100|[from] Stealth Rock
|move|p1a: Silvally|Defog|p2a: Sandslash
|-unboost|p2a: Sandslash|evasion|1
|-sideend|p2: PULT4C1 Haffling|Stealth Rock|[from] move: Defog|[of] p1a: Silvally
|-sideend|p1: pult4c1 shane|Toxic Spikes|[from] move: Defog|[of] p1a: Silvally
|
|-heal|p2a: Sandslash|74/100|[from] move: Wish|[wisher] Aromatisse
|-heal|p2a: Sandslash|81/100|[from] item: Leftovers
|-damage|p1a: Silvally|78/100 tox|[from] psn
|upkeep
|turn|17
|
|t:|1660821401
|move|p1a: Silvally|Multi-Attack|p2a: Sandslash
|-damage|p2a: Sandslash|50/100
|move|p2a: Sandslash|Knock Off|p1a: Silvally
|-resisted|p1a: Silvally
|-damage|p1a: Silvally|73/100 tox
|
|-heal|p2a: Sandslash|56/100|[from] item: Leftovers
|-damage|p1a: Silvally|55/100 tox|[from] psn
|upkeep
|turn|18
|
|t:|1660821410
|move|p1a: Silvally|Multi-Attack|p2a: Sandslash
|-damage|p2a: Sandslash|27/100
|move|p2a: Sandslash|Earthquake|p1a: Silvally
|-damage|p1a: Silvally|32/100 tox
|
|-heal|p2a: Sandslash|33/100|[from] item: Leftovers
|-damage|p1a: Silvally|8/100 tox|[from] psn
|upkeep
|turn|19
|
|t:|1660821420
|switch|p2a: Gigalith|Gigalith, F|100/100
|-weather|Sandstorm|[from] ability: Sand Stream|[of] p2a: Gigalith
|move|p1a: Silvally|Rest|p1a: Silvally
|-status|p1a: Silvally|slp|[from] move: Rest
|-heal|p1a: Silvally|100/100 slp|[silent]
|
|-weather|Sandstorm|[upkeep]
|-damage|p1a: Silvally|94/100 slp|[from] Sandstorm
|upkeep
|turn|20
|
|t:|1660821426
|switch|p1a: Hattrem|Hattrem, F|79/100
|switch|p2a: Gourgeist|Gourgeist-Super, F|76/100
|-item|p1a: Hattrem|Eviolite|[from] ability: Frisk|[of] p2a: Gourgeist|[identify]
|
|-weather|Sandstorm|[upkeep]
|-damage|p2a: Gourgeist|70/100|[from] Sandstorm
|-damage|p1a: Hattrem|73/100|[from] Sandstorm
|upkeep
|turn|21
|
|t:|1660821449
|switch|p1a: Rhydon|Rhydon, M|100/100
|move|p2a: Gourgeist|Poltergeist|p1a: Rhydon
|-activate|p1a: Rhydon|move: Poltergeist|Eviolite
|-damage|p1a: Rhydon|77/100
|
|-weather|Sandstorm|[upkeep]
|-damage|p2a: Gourgeist|64/100|[from] Sandstorm
|upkeep
|turn|22
|
|t:|1660821454
|switch|p1a: Flareon|Flareon, M|88/100 psn
|move|p2a: Gourgeist|Power Whip|p1a: Flareon|[miss]
|-miss|p2a: Gourgeist|p1a: Flareon
|
|-weather|Sandstorm|[upkeep]
|-damage|p2a: Gourgeist|58/100|[from] Sandstorm
|-damage|p1a: Flareon|82/100 psn|[from] Sandstorm
|-heal|p1a: Flareon|88/100 psn|[from] item: Leftovers
|-damage|p1a: Flareon|76/100 psn|[from] psn
|upkeep
|turn|23
|
|t:|1660821466
|switch|p2a: Aromatisse|Aromatisse, M|100/100
|move|p1a: Flareon|Heal Bell|p1a: Flareon
|-activate|p1a: Flareon|move: Heal Bell
|-curestatus|p1a: Flareon|psn|[msg]
|-curestatus|p1: Silvally|slp|[msg]
|
|-weather|none
|-heal|p1a: Flareon|82/100|[from] item: Leftovers
|upkeep
|turn|24
|inactive|pult4c1 shane has 120 seconds left.
|
|t:|1660821499
|move|p1a: Flareon|Flare Blitz|p2a: Aromatisse
|-damage|p2a: Aromatisse|64/100
|-damage|p1a: Flareon|67/100|[from] Recoil
|move|p2a: Aromatisse|Wish|p2a: Aromatisse
|
|-heal|p1a: Flareon|73/100|[from] item: Leftovers
|upkeep
|turn|25
|
|t:|1660821504
|switch|p2a: Sandslash|Sandslash, M|33/100
|move|p1a: Flareon|Flare Blitz|p2a: Sandslash
|-damage|p2a: Sandslash|0 fnt
|faint|p2a: Sandslash
|-damage|p1a: Flareon|62/100|[from] Recoil
|
|-heal|p1a: Flareon|68/100|[from] item: Leftovers
|upkeep
|
|t:|1660821509
|switch|p2a: Gigalith|Gigalith, F|100/100
|-weather|Sandstorm|[from] ability: Sand Stream|[of] p2a: Gigalith
|turn|26
|
|t:|1660821521
|switch|p1a: Rhydon|Rhydon, M|77/100
|move|p2a: Gigalith|Earthquake|p1a: Rhydon
|-supereffective|p1a: Rhydon
|-damage|p1a: Rhydon|48/100
|
|-weather|Sandstorm|[upkeep]
|upkeep
|turn|27
|
|t:|1660821527
|move|p1a: Rhydon|Stealth Rock|p2a: Gigalith
|-sidestart|p2: PULT4C1 Haffling|move: Stealth Rock
|move|p2a: Gigalith|Stealth Rock|p1a: Rhydon
|-sidestart|p1: pult4c1 shane|move: Stealth Rock
|
|-weather|Sandstorm|[upkeep]
|upkeep
|turn|28
|
|t:|1660821538
|switch|p2a: Ferroseed|Ferroseed, F|84/100
|-damage|p2a: Ferroseed|78/100|[from] Stealth Rock
|move|p1a: Rhydon|Earthquake|p2a: Ferroseed
|-damage|p2a: Ferroseed|43/100
|
|-weather|Sandstorm|[upkeep]
|upkeep
|turn|29
|
|t:|1660821560
|move|p1a: Rhydon|Earthquake|p2a: Ferroseed
|-damage|p2a: Ferroseed|9/100
|move|p2a: Ferroseed|Leech Seed|p1a: Rhydon|[miss]
|-miss|p2a: Ferroseed|p1a: Rhydon
|
|-weather|Sandstorm|[upkeep]
|upkeep
|turn|30
|
|t:|1660821570
|move|p1a: Rhydon|Earthquake|p2a: Ferroseed
|-damage|p2a: Ferroseed|0 fnt
|faint|p2a: Ferroseed
|
|-weather|none
|upkeep
|
|t:|1660821572
|switch|p2a: Gourgeist|Gourgeist-Super, F|58/100
|-damage|p2a: Gourgeist|46/100|[from] Stealth Rock
|-item|p1a: Rhydon|Eviolite|[from] ability: Frisk|[of] p2a: Gourgeist|[identify]
|turn|31
|
|t:|1660821580
|switch|p1a: Silvally|Silvally-Fairy|94/100
|-damage|p1a: Silvally|82/100|[from] Stealth Rock
|move|p2a: Gourgeist|Synthesis|p2a: Gourgeist
|-heal|p2a: Gourgeist|95/100
|
|upkeep
|turn|32
|
|t:|1660821583
|move|p2a: Gourgeist|Power Whip|p1a: Silvally
|-damage|p1a: Silvally|46/100
|move|p1a: Silvally|Flamethrower|p2a: Gourgeist
|-supereffective|p2a: Gourgeist
|-damage|p2a: Gourgeist|41/100
|
|upkeep
|turn|33
|
|t:|1660821594
|switch|p2a: Gigalith|Gigalith, F|100/100
|-damage|p2a: Gigalith|88/100|[from] Stealth Rock
|-weather|Sandstorm|[from] ability: Sand Stream|[of] p2a: Gigalith
|switch|p1a: Rhydon|Rhydon, M|48/100
|-damage|p1a: Rhydon|42/100|[from] Stealth Rock
|
|-weather|Sandstorm|[upkeep]
|-heal|p2a: Gigalith|94/100|[from] item: Leftovers
|upkeep
|turn|34
|
|t:|1660821598
|move|p1a: Rhydon|Earthquake|p2a: Gigalith
|-supereffective|p2a: Gigalith
|-damage|p2a: Gigalith|26/100
|move|p2a: Gigalith|Earthquake|p1a: Rhydon
|-supereffective|p1a: Rhydon
|-crit|p1a: Rhydon
|-damage|p1a: Rhydon|0 fnt
|faint|p1a: Rhydon
|
|-weather|Sandstorm|[upkeep]
|-heal|p2a: Gigalith|33/100|[from] item: Leftovers
|upkeep
|inactive|pult4c1 shane has 120 seconds left.
|
|t:|1660821642
|switch|p1a: Jellicent|Jellicent, F|100/100
|-damage|p1a: Jellicent|88/100|[from] Stealth Rock
|turn|35
|
|t:|1660821646
|move|p1a: Jellicent|Surf|p2a: Gigalith
|-supereffective|p2a: Gigalith
|-damage|p2a: Gigalith|0 fnt
|faint|p2a: Gigalith
|
|-weather|Sandstorm|[upkeep]
|-damage|p1a: Jellicent|82/100|[from] Sandstorm
|upkeep
|
|t:|1660821650
|switch|p2a: Gourgeist|Gourgeist-Super, F|41/100
|-damage|p2a: Gourgeist|28/100|[from] Stealth Rock
|-item|p1a: Jellicent|Choice Specs|[from] ability: Frisk|[of] p2a: Gourgeist|[identify]
|turn|36
|
|t:|1660821662
|move|p1a: Jellicent|Surf|p2a: Gourgeist
|-resisted|p2a: Gourgeist
|-damage|p2a: Gourgeist|0 fnt
|faint|p2a: Gourgeist
|
|-weather|Sandstorm|[upkeep]
|-damage|p1a: Jellicent|76/100|[from] Sandstorm
|upkeep
|
|t:|1660821664
|switch|p2a: Aromatisse|Aromatisse, M|64/100
|turn|37
|
|t:|1660821667
|move|p1a: Jellicent|Surf|p2a: Aromatisse
|-damage|p2a: Aromatisse|13/100
|move|p2a: Aromatisse|Wish|p2a: Aromatisse
|
|-weather|none
|upkeep
|turn|38
|
|t:|1660821680
|move|p2a: Aromatisse|Protect|p2a: Aromatisse
|-singleturn|p2a: Aromatisse|Protect
|move|p1a: Jellicent|Surf|p2a: Aromatisse
|-activate|p2a: Aromatisse|move: Protect
|
|-heal|p2a: Aromatisse|63/100|[from] move: Wish|[wisher] Aromatisse
|upkeep
|turn|39
|
|t:|1660821685
|move|p1a: Jellicent|Surf|p2a: Aromatisse
|-damage|p2a: Aromatisse|11/100
|move|p2a: Aromatisse|Wish|p2a: Aromatisse
|
|upkeep
|turn|40
|
|t:|1660821688
|move|p2a: Aromatisse|Protect|p2a: Aromatisse
|-singleturn|p2a: Aromatisse|Protect
|move|p1a: Jellicent|Surf|p2a: Aromatisse
|-activate|p2a: Aromatisse|move: Protect
|
|-heal|p2a: Aromatisse|61/100|[from] move: Wish|[wisher] Aromatisse
|upkeep
|turn|41
|
|t:|1660821690
|move|p1a: Jellicent|Surf|p2a: Aromatisse
|-damage|p2a: Aromatisse|10/100
|move|p2a: Aromatisse|Wish|p2a: Aromatisse
|
|upkeep
|turn|42
|
|t:|1660821693
|move|p2a: Aromatisse|Protect|p2a: Aromatisse
|-singleturn|p2a: Aromatisse|Protect
|move|p1a: Jellicent|Surf|p2a: Aromatisse
|-activate|p2a: Aromatisse|move: Protect
|
|-heal|p2a: Aromatisse|60/100|[from] move: Wish|[wisher] Aromatisse
|upkeep
|turn|43
|
|t:|1660821696
|move|p1a: Jellicent|Surf|p2a: Aromatisse
|-damage|p2a: Aromatisse|4/100
|move|p2a: Aromatisse|Wish|p2a: Aromatisse
|
|upkeep
|turn|44
|
|t:|1660821702
|move|p2a: Aromatisse|Protect|p2a: Aromatisse
|-singleturn|p2a: Aromatisse|Protect
|move|p1a: Jellicent|Surf|p2a: Aromatisse
|-activate|p2a: Aromatisse|move: Protect
|
|-heal|p2a: Aromatisse|54/100|[from] move: Wish|[wisher] Aromatisse
|upkeep
|turn|45
|
|t:|1660821705
|move|p1a: Jellicent|Surf|p2a: Aromatisse
|-damage|p2a: Aromatisse|0 fnt
|faint|p2a: Aromatisse
|
|win|pult4c1 shane
|raw|pult4c1 shane's rating: 1530 &rarr; <strong>1552</strong><br />(+22 for winning)
|raw|PULT4C1 Haffling's rating: 1567 &rarr; <strong>1545</strong><br />(-22 for losing)
|c|☆pult4c1 shane|gg
|c|☆PULT4C1 Haffling|gg
