|j|☆one step from eden
|j|☆GulagChampYo
|t:|1609606173
|player|p1|one step from eden|grimsley-gen7|1508
|player|p2|GulagChampYo|170|1471
|teamsize|p1|6
|teamsize|p2|6
|gametype|singles
|gen|8
|tier|[Gen 8] PU
|rated|
|clearpoke
|poke|p1|Sneasel, M|
|poke|p1|Klinklang|
|poke|p1|Silvally-*|
|poke|p1|Lanturn, M|
|poke|p1|Whimsicott, M|
|poke|p1|Rhydon, F|
|poke|p2|Silvally-*|
|poke|p2|Vaporeon, M|
|poke|p2|Sandslash-Alola, F|
|poke|p2|Passimian, F|
|poke|p2|Vikavolt, F|
|poke|p2|Indeedee-F, F|
|rule|Sleep Clause Mod: Limit one foe put to sleep
|rule|Species Clause: Limit one of each Pokémon
|rule|OHKO Clause: OHKO moves are banned
|rule|Evasion Moves Clause: Evasion moves are banned
|rule|Endless Battle Clause: Forcing endless battles is banned
|rule|HP Percentage Mod: HP is shown in percentages
|rule|Dynamax Clause: You cannot dynamax
|teampreview
|inactive|Battle timer is ON: inactive players will automatically lose when time's up. (requested by GulagChampYo)
|
|t:|1609606186
|start
|switch|p1a: Lanturn|Lanturn, M|100/100
|switch|p2a: Passimian|Passimian, F|100/100
|turn|1
|
|t:|1609606192
|move|p1a: Lanturn|Protect|p1a: Lanturn
|-singleturn|p1a: Lanturn|Protect
|move|p2a: Passimian|Close Combat|p1a: Lanturn
|-activate|p1a: Lanturn|move: Protect
|
|upkeep
|turn|2
|
|t:|1609606199
|switch|p1a: Whimsicott|Whimsicott, M|100/100
|move|p2a: Passimian|Close Combat|p1a: Whimsicott
|-resisted|p1a: Whimsicott
|-damage|p1a: Whimsicott|42/100
|-unboost|p2a: Passimian|def|1
|-unboost|p2a: Passimian|spd|1
|
|upkeep
|turn|3
|
|t:|1609606207
|switch|p2a: Sandslash|Sandslash-Alola, F|100/100
|move|p1a: Whimsicott|Moonblast|p2a: Sandslash
|-resisted|p2a: Sandslash
|-damage|p2a: Sandslash|86/100
|
|-heal|p2a: Sandslash|92/100|[from] item: Leftovers
|upkeep
|turn|4
|
|t:|1609606222
|switch|p1a: Lanturn|Lanturn, M|100/100
|move|p2a: Sandslash|Stealth Rock|p1a: Lanturn
|-sidestart|p1: one step from eden|move: Stealth Rock
|
|-heal|p2a: Sandslash|98/100|[from] item: Leftovers
|upkeep
|turn|5
|
|t:|1609606240
|move|p1a: Lanturn|Scald|p2a: Sandslash
|-damage|p2a: Sandslash|78/100
|move|p2a: Sandslash|Spikes|p1a: Lanturn
|-sidestart|p1: one step from eden|Spikes
|
|-heal|p2a: Sandslash|84/100|[from] item: Leftovers
|upkeep
|turn|6
|
|t:|1609606245
|switch|p2a: Vaporeon|Vaporeon, M, shiny|100/100
|move|p1a: Lanturn|Scald|p2a: Vaporeon
|-immune|p2a: Vaporeon|[from] ability: Water Absorb
|
|upkeep
|turn|7
|
|t:|1609606250
|move|p1a: Lanturn|Toxic|p2a: Vaporeon
|-status|p2a: Vaporeon|tox
|move|p2a: Vaporeon|Flip Turn|p1a: Lanturn
|-resisted|p1a: Lanturn
|-damage|p1a: Lanturn|93/100
|
|t:|1609606255
|switch|p2a: Passimian|Passimian, F|100/100|[from]move: Flip Turn
|
|-heal|p1a: Lanturn|99/100|[from] item: Leftovers
|upkeep
|turn|8
|
|t:|1609606258
|move|p1a: Lanturn|Protect|p1a: Lanturn
|-singleturn|p1a: Lanturn|Protect
|move|p2a: Passimian|Close Combat|p1a: Lanturn
|-activate|p1a: Lanturn|move: Protect
|
|-heal|p1a: Lanturn|100/100|[from] item: Leftovers
|upkeep
|turn|9
|j| Gva
|
|t:|1609606266
|switch|p1a: Silvally|Silvally-Fairy|100/100
|-damage|p1a: Silvally|88/100|[from] Stealth Rock
|-damage|p1a: Silvally|76/100|[from] Spikes
|move|p2a: Passimian|Close Combat|p1a: Silvally
|-resisted|p1a: Silvally
|-damage|p1a: Silvally|30/100
|-unboost|p2a: Passimian|def|1
|-unboost|p2a: Passimian|spd|1
|
|upkeep
|turn|10
|
|t:|1609606286
|switch|p2a: Sandslash|Sandslash-Alola, F|84/100
|move|p1a: Silvally|Multi-Attack|p2a: Sandslash
|-resisted|p2a: Sandslash
|-damage|p2a: Sandslash|63/100
|
|-heal|p2a: Sandslash|70/100|[from] item: Leftovers
|upkeep
|turn|11
|
|t:|1609606288
|move|p1a: Silvally|Flamethrower|p2a: Sandslash
|-supereffective|p2a: Sandslash
|-damage|p2a: Sandslash|0 fnt
|faint|p2a: Sandslash
|
|upkeep
|j| FinnegunFox
|
|t:|1609606294
|switch|p2a: Silvally|Silvally-Fairy, shiny|100/100
|turn|12
|
|t:|1609606298
|move|p1a: Silvally|Multi-Attack|p2a: Silvally
|-damage|p2a: Silvally|73/100
|move|p2a: Silvally|Multi-Attack|p1a: Silvally
|-damage|p1a: Silvally|0 fnt
|faint|p1a: Silvally
|
|upkeep
|
|t:|1609606306
|switch|p1a: Whimsicott|Whimsicott, M|42/100
|turn|13
|
|t:|1609606316
|move|p1a: Whimsicott|Defog|p2a: Silvally
|-unboost|p2a: Silvally|evasion|1
|-sideend|p1: one step from eden|Spikes|[from] move: Defog|[of] p1a: Whimsicott
|-sideend|p1: one step from eden|Stealth Rock|[from] move: Defog|[of] p1a: Whimsicott
|move|p2a: Silvally|Thunder Wave|p1a: Whimsicott
|-status|p1a: Whimsicott|par
|
|upkeep
|turn|14
|
|t:|1609606326
|switch|p1a: Klinklang|Klinklang|100/100
|move|p2a: Silvally|Parting Shot|p1a: Klinklang
|-fail|p1a: Klinklang|unboost|[from] ability: Clear Body|[of] p1a: Klinklang
|
|upkeep
|turn|15
|
|t:|1609606330
|move|p1a: Klinklang|Substitute|p1a: Klinklang
|-start|p1a: Klinklang|Substitute
|-damage|p1a: Klinklang|76/100
|move|p2a: Silvally|Thunder Wave||[still]
|-fail|p2a: Silvally
|
|-heal|p1a: Klinklang|82/100|[from] item: Leftovers
|upkeep
|turn|16
|
|t:|1609606335
|switch|p2a: Passimian|Passimian, F|100/100
|move|p1a: Klinklang|Gear Grind|p2a: Passimian
|-damage|p2a: Passimian|73/100
|-damage|p2a: Passimian|47/100
|-hitcount|p2a: Passimian|2
|
|-heal|p1a: Klinklang|88/100|[from] item: Leftovers
|upkeep
|turn|17
|
|t:|1609606342
|move|p2a: Passimian|U-turn|p1a: Klinklang
|-resisted|p1a: Klinklang
|-crit|p1a: Klinklang
|-end|p1a: Klinklang|Substitute
|
|t:|1609606345
|switch|p2a: Vikavolt|Vikavolt, F|100/100|[from]move: U-turn
|move|p1a: Klinklang|Gear Grind|p2a: Vikavolt
|-resisted|p2a: Vikavolt
|-damage|p2a: Vikavolt|92/100
|-resisted|p2a: Vikavolt
|-damage|p2a: Vikavolt|83/100
|-hitcount|p2a: Vikavolt|2
|
|-heal|p1a: Klinklang|94/100|[from] item: Leftovers
|upkeep
|turn|18
|
|t:|1609606354
|switch|p1a: Lanturn|Lanturn, M|100/100
|move|p2a: Vikavolt|Sticky Web|p1a: Lanturn
|-sidestart|p1: one step from eden|move: Sticky Web
|
|upkeep
|turn|19
|
|t:|1609606360
|switch|p2a: Vaporeon|Vaporeon, M, shiny|100/100 tox
|move|p1a: Lanturn|Toxic|p2a: Vaporeon
|-fail|p2a: Vaporeon|tox
|
|-damage|p2a: Vaporeon|94/100 tox|[from] psn
|upkeep
|turn|20
|
|t:|1609606369
|move|p1a: Lanturn|Volt Switch|p2a: Vaporeon
|-supereffective|p2a: Vaporeon
|-damage|p2a: Vaporeon|75/100 tox
|
|t:|1609606372
|switch|p1a: Whimsicott|Whimsicott, M|42/100 par|[from]move: Volt Switch
|move|p2a: Vaporeon|Wish|p2a: Vaporeon
|
|-heal|p2a: Vaporeon|81/100 tox|[from] item: Leftovers
|-damage|p2a: Vaporeon|69/100 tox|[from] psn
|upkeep
|turn|21
|
|t:|1609606382
|move|p1a: Whimsicott|Defog|p2a: Vaporeon
|-unboost|p2a: Vaporeon|evasion|1
|-sideend|p1: one step from eden|Sticky Web|[from] move: Defog|[of] p1a: Whimsicott
|move|p2a: Vaporeon|Flip Turn|p1a: Whimsicott
|-resisted|p1a: Whimsicott
|-damage|p1a: Whimsicott|32/100 par
|
|t:|1609606388
|switch|p2a: Passimian|Passimian, F|47/100|[from]move: Flip Turn
|
|-heal|p2a: Passimian|100/100|[from] move: Wish|[wisher] Vaporeon
|upkeep
|turn|22
|
|t:|1609606396
|move|p2a: Passimian|Close Combat|p1a: Whimsicott
|-resisted|p1a: Whimsicott
|-damage|p1a: Whimsicott|0 fnt
|-unboost|p2a: Passimian|def|1
|-unboost|p2a: Passimian|spd|1
|faint|p1a: Whimsicott
|
|upkeep
|
|t:|1609606412
|switch|p1a: Sneasel|Sneasel, M|100/100
|turn|23
|
|t:|1609606415
|switch|p2a: Vaporeon|Vaporeon, M, shiny|69/100 tox
|move|p1a: Sneasel|Triple Axel|p2a: Vaporeon|[miss]
|-miss|p1a: Sneasel|p2a: Vaporeon
|
|-heal|p2a: Vaporeon|75/100 tox|[from] item: Leftovers
|-damage|p2a: Vaporeon|69/100 tox|[from] psn
|upkeep
|turn|24
|
|t:|1609606421
|switch|p1a: Lanturn|Lanturn, M|100/100
|move|p2a: Vaporeon|Flip Turn|p1a: Lanturn
|-resisted|p1a: Lanturn
|-damage|p1a: Lanturn|93/100
|
|t:|1609606424
|switch|p2a: Passimian|Passimian, F|100/100|[from]move: Flip Turn
|
|-heal|p1a: Lanturn|99/100|[from] item: Leftovers
|upkeep
|turn|25
|
|t:|1609606445
|switch|p1a: Rhydon|Rhydon, F|100/100
|move|p2a: Passimian|Close Combat|p1a: Rhydon
|-supereffective|p1a: Rhydon
|-damage|p1a: Rhydon|28/100
|-unboost|p2a: Passimian|def|1
|-unboost|p2a: Passimian|spd|1
|
|upkeep
|turn|26
|
|t:|1609606449
|move|p2a: Passimian|Close Combat|p1a: Rhydon
|-supereffective|p1a: Rhydon
|-damage|p1a: Rhydon|0 fnt
|-unboost|p2a: Passimian|def|1
|-unboost|p2a: Passimian|spd|1
|faint|p1a: Rhydon
|
|upkeep
|
|t:|1609606459
|switch|p1a: Sneasel|Sneasel, M|100/100
|turn|27
|
|t:|1609606462
|switch|p2a: Vaporeon|Vaporeon, M, shiny|69/100 tox
|move|p1a: Sneasel|Triple Axel|p2a: Vaporeon
|-resisted|p2a: Vaporeon
|-damage|p2a: Vaporeon|61/100 tox
|-resisted|p2a: Vaporeon
|-damage|p2a: Vaporeon|46/100 tox
|-hitcount|p2a: Vaporeon|2
|
|-heal|p2a: Vaporeon|52/100 tox|[from] item: Leftovers
|-damage|p2a: Vaporeon|46/100 tox|[from] psn
|upkeep
|turn|28
|
|t:|1609606470
|move|p1a: Sneasel|Triple Axel|p2a: Vaporeon|[miss]
|-miss|p1a: Sneasel|p2a: Vaporeon
|move|p2a: Vaporeon|Flip Turn|p1a: Sneasel
|-damage|p1a: Sneasel|71/100
|
|t:|1609606492
|switch|p2a: Silvally|Silvally-Fairy, shiny|73/100|[from]move: Flip Turn
|
|upkeep
|turn|29
|
|t:|1609606495
|switch|p1a: Lanturn|Lanturn, M|99/100
|switch|p2a: Passimian|Passimian, F|100/100
|
|-heal|p1a: Lanturn|100/100|[from] item: Leftovers
|upkeep
|turn|30
|
|t:|1609606506
|move|p1a: Lanturn|Protect|p1a: Lanturn
|-singleturn|p1a: Lanturn|Protect
|move|p2a: Passimian|U-turn|p1a: Lanturn
|-activate|p1a: Lanturn|move: Protect
|
|upkeep
|turn|31
|
|t:|1609606512
|move|p2a: Passimian|U-turn|p1a: Lanturn
|-damage|p1a: Lanturn|63/100
|
|t:|1609606516
|switch|p2a: Vikavolt|Vikavolt, F|83/100|[from]move: U-turn
|move|p1a: Lanturn|Volt Switch|p2a: Vikavolt
|-resisted|p2a: Vikavolt
|-damage|p2a: Vikavolt|71/100
|
|t:|1609606520
|switch|p1a: Sneasel|Sneasel, M|71/100|[from]move: Volt Switch
|
|upkeep
|turn|32
|
|t:|1609606527
|switch|p2a: Silvally|Silvally-Fairy, shiny|73/100
|move|p1a: Sneasel|Triple Axel|p2a: Silvally
|-damage|p2a: Silvally|65/100
|-damage|p2a: Silvally|49/100
|-damage|p2a: Silvally|26/100
|-hitcount|p2a: Silvally|3
|
|upkeep
|turn|33
|
|t:|1609606534
|move|p1a: Sneasel|Triple Axel|p2a: Silvally
|-damage|p2a: Silvally|18/100
|-damage|p2a: Silvally|3/100
|-damage|p2a: Silvally|0 fnt
|-hitcount|p2a: Silvally|3
|faint|p2a: Silvally
|
|upkeep
|
|t:|1609606543
|switch|p2a: Passimian|Passimian, F|100/100
|turn|34
|
|t:|1609606555
|switch|p1a: Lanturn|Lanturn, M|63/100
|move|p2a: Passimian|Close Combat|p1a: Lanturn
|-damage|p1a: Lanturn|0 fnt
|-unboost|p2a: Passimian|def|1
|-unboost|p2a: Passimian|spd|1
|faint|p1a: Lanturn
|
|upkeep
|
|t:|1609606561
|switch|p1a: Sneasel|Sneasel, M|71/100
|turn|35
|
|t:|1609606575
|switch|p2a: Vikavolt|Vikavolt, F|71/100
|move|p1a: Sneasel|Triple Axel|p2a: Vikavolt
|-damage|p2a: Vikavolt|61/100
|-damage|p2a: Vikavolt|41/100
|-damage|p2a: Vikavolt|12/100
|-hitcount|p2a: Vikavolt|3
|
|upkeep
|turn|36
|
|t:|1609606582
|move|p1a: Sneasel|Triple Axel|p2a: Vikavolt
|-damage|p2a: Vikavolt|2/100
|-damage|p2a: Vikavolt|0 fnt
|-hitcount|p2a: Vikavolt|2
|faint|p2a: Vikavolt
|
|upkeep
|
|t:|1609606587
|switch|p2a: Passimian|Passimian, F|100/100
|turn|37
|
|t:|1609606591
|move|p1a: Sneasel|Triple Axel|p2a: Passimian
|-damage|p2a: Passimian|86/100
|-damage|p2a: Passimian|58/100
|-damage|p2a: Passimian|20/100
|-hitcount|p2a: Passimian|3
|move|p2a: Passimian|U-turn|p1a: Sneasel
|-supereffective|p1a: Sneasel
|-damage|p1a: Sneasel|0 fnt
|faint|p1a: Sneasel
|
|t:|1609606594
|switch|p2a: Indeedee|Indeedee-F, F|100/100|[from]move: U-turn
|-fieldstart|move: Psychic Terrain|[from] ability: Psychic Surge|[of] p2a: Indeedee
|
|upkeep
|j| PaperEchidna
|
|t:|1609606599
|switch|p1a: Klinklang|Klinklang|94/100
|turn|38
|
|t:|1609606601
|move|p2a: Indeedee|Mystical Fire|p1a: Klinklang
|-supereffective|p1a: Klinklang
|-damage|p1a: Klinklang|12/100
|move|p1a: Klinklang|Shift Gear|p1a: Klinklang
|-boost|p1a: Klinklang|spe|2
|-boost|p1a: Klinklang|atk|1
|
|-heal|p1a: Klinklang|18/100|[from] item: Leftovers
|upkeep
|turn|39
|
|t:|1609606606
|move|p1a: Klinklang|Gear Grind|p2a: Indeedee
|-damage|p2a: Indeedee|40/100
|-damage|p2a: Indeedee|0 fnt
|-hitcount|p2a: Indeedee|2
|faint|p2a: Indeedee
|
|-heal|p1a: Klinklang|24/100|[from] item: Leftovers
|upkeep
|
|t:|1609606611
|switch|p2a: Vaporeon|Vaporeon, M, shiny|46/100 tox
|turn|40
|
|t:|1609606621
|move|p1a: Klinklang|Wild Charge|p2a: Vaporeon
|-supereffective|p2a: Vaporeon
|-damage|p2a: Vaporeon|0 fnt
|-damage|p1a: Klinklang|5/100|[from] Recoil
|faint|p2a: Vaporeon
|
|-heal|p1a: Klinklang|11/100|[from] item: Leftovers
|upkeep
|
|t:|1609606623
|switch|p2a: Passimian|Passimian, F|20/100
|turn|41
|
|t:|1609606627
|move|p1a: Klinklang|Wild Charge|p2a: Passimian
|-damage|p2a: Passimian|0 fnt
|-damage|p1a: Klinklang|5/100|[from] Recoil
|faint|p2a: Passimian
|
|win|one step from eden
|c|☆GulagChampYo|Lol such a choke
|c|☆GulagChampYo|should of won tbh
|c|☆GulagChampYo|gg
|l|☆one step from eden
|raw|one step from eden's rating: 1508 &rarr; <strong>1526</strong><br />(+18 for winning)
|raw|GulagChampYo's rating: 1471 &rarr; <strong>1453</strong><br />(-18 for losing)
|l|☆GulagChampYo
|j|☆one step from eden
|player|p1|one step from eden|grimsley-gen7
