|html|<div class="broadcast-blue"><strong>[Gen 8] PU is currently suspecting Virizion! For information on how to participate check out the <a href="https://www.smogon.com/forums/threads/np-pu-stage-4-and-justice-for-all-virizion-suspect-test.3676543/">suspect thread</a>.</strong></div>
|j|☆Vst tur
|j|☆roguehoe
|t:|1612217936
|player|p1|Vst tur|colress|1424
|player|p2|roguehoe|koga|1242
|teamsize|p1|6
|teamsize|p2|6
|gametype|singles
|gen|8
|tier|[Gen 8] PU
|rated|
|clearpoke
|poke|p1|Weezing, F|
|poke|p1|Vaporeon, F|
|poke|p1|Talonflame, M|
|poke|p1|Gigalith, F|
|poke|p1|Aromatisse, M|
|poke|p1|Rotom|
|poke|p2|Archeops, M|
|poke|p2|Heliolisk, M|
|poke|p2|Druddigon, M|
|poke|p2|Hitmontop, M|
|poke|p2|Vanilluxe, M|
|poke|p2|Togedemaru, M|
|rule|Sleep Clause Mod: Limit one foe put to sleep
|rule|Species Clause: Limit one of each Pokémon
|rule|OHKO Clause: OHKO moves are banned
|rule|Evasion Moves Clause: Evasion moves are banned
|rule|Endless Battle Clause: Forcing endless battles is banned
|rule|HP Percentage Mod: HP is shown in percentages
|rule|Dynamax Clause: You cannot dynamax
|teampreview
|inactive|Battle timer is ON: inactive players will automatically lose when time's up. (requested by Vst tur)
|c|☆roguehoe|gl hf
|inactive|Vst tur has 120 seconds left.
|c|☆Vst tur|Hf
|
|t:|1612217992
|start
|switch|p1a: Gigalith|Gigalith, F|100/100
|switch|p2a: Druddigon|Druddigon, M|100/100
|-weather|Sandstorm|[from] ability: Sand Stream|[of] p1a: Gigalith
|turn|1
|
|t:|1612218001
|move|p2a: Druddigon|Stealth Rock|p1a: Gigalith
|-sidestart|p1: Vst tur|move: Stealth Rock
|move|p1a: Gigalith|Toxic|p2a: Druddigon
|-status|p2a: Druddigon|tox
|
|-weather|Sandstorm|[upkeep]
|-damage|p2a: Druddigon|94/100 tox|[from] Sandstorm
|-damage|p2a: Druddigon|88/100 tox|[from] psn
|upkeep
|turn|2
|inactive|roguehoe has 120 seconds left.
|inactive|roguehoe has 90 seconds left.
|
|t:|1612218072
|switch|p1a: Rotom|Rotom|100/100
|move|p2a: Druddigon|Dragon Tail|p1a: Rotom|[miss]
|-miss|p2a: Druddigon|p1a: Rotom
|
|-weather|Sandstorm|[upkeep]
|-damage|p1a: Rotom|95/100|[from] Sandstorm
|-damage|p2a: Druddigon|82/100 tox|[from] Sandstorm
|-damage|p2a: Druddigon|70/100 tox|[from] psn
|upkeep
|turn|3
|
|t:|1612218083
|switch|p2a: Togedemaru|Togedemaru, M|100/100
|move|p1a: Rotom|Defog|p2a: Togedemaru
|-unboost|p2a: Togedemaru|evasion|1
|-sideend|p1: Vst tur|Stealth Rock|[from] move: Defog|[of] p1a: Rotom
|
|-weather|Sandstorm|[upkeep]
|-damage|p1a: Rotom|89/100|[from] Sandstorm
|upkeep
|turn|4
|
|t:|1612218087
|move|p2a: Togedemaru|U-turn|p1a: Rotom
|-resisted|p1a: Rotom
|-damage|p1a: Rotom|77/100
|
|t:|1612218092
|switch|p2a: Druddigon|Druddigon, M|70/100 tox|[from]move: U-turn
|move|p1a: Rotom|Will-O-Wisp||[still]
|-fail|p1a: Rotom
|
|-weather|Sandstorm|[upkeep]
|-damage|p1a: Rotom|71/100|[from] Sandstorm
|-damage|p2a: Druddigon|64/100 tox|[from] Sandstorm
|-damage|p2a: Druddigon|57/100 tox|[from] psn
|upkeep
|turn|5
|
|t:|1612218095
|move|p1a: Rotom|Hex|p2a: Druddigon
|-damage|p2a: Druddigon|9/100 tox
|move|p2a: Druddigon|Stealth Rock|p1a: Rotom
|-sidestart|p1: Vst tur|move: Stealth Rock
|
|-weather|none
|-damage|p2a: Druddigon|0 fnt|[from] psn
|faint|p2a: Druddigon
|upkeep
|
|t:|1612218105
|switch|p2a: Vanilluxe|Vanilluxe, M|100/100
|-weather|Hail|[from] ability: Snow Warning|[of] p2a: Vanilluxe
|turn|6
|
|t:|1612218112
|switch|p1a: Gigalith|Gigalith, F|100/100
|-damage|p1a: Gigalith|88/100|[from] Stealth Rock
|-weather|Sandstorm|[from] ability: Sand Stream|[of] p1a: Gigalith
|move|p2a: Vanilluxe|Blizzard|p1a: Gigalith
|-damage|p1a: Gigalith|62/100
|
|-weather|Sandstorm|[upkeep]
|-damage|p2a: Vanilluxe|94/100|[from] Sandstorm
|-heal|p1a: Gigalith|68/100|[from] item: Leftovers
|upkeep
|turn|7
|inactive|roguehoe has 120 seconds left.
|
|t:|1612218120
|switch|p2a: Hitmontop|Hitmontop, M|100/100
|move|p1a: Gigalith|Stealth Rock|p2a: Hitmontop
|-sidestart|p2: roguehoe|move: Stealth Rock
|
|-weather|Sandstorm|[upkeep]
|-damage|p2a: Hitmontop|94/100|[from] Sandstorm
|-heal|p1a: Gigalith|74/100|[from] item: Leftovers
|upkeep
|turn|8
|
|t:|1612218129
|switch|p1a: Vaporeon|Vaporeon, F|100/100
|-damage|p1a: Vaporeon|88/100|[from] Stealth Rock
|move|p2a: Hitmontop|Triple Axel|p1a: Vaporeon
|-resisted|p1a: Vaporeon
|-damage|p1a: Vaporeon|85/100
|-resisted|p1a: Vaporeon
|-damage|p1a: Vaporeon|80/100
|-resisted|p1a: Vaporeon
|-damage|p1a: Vaporeon|72/100
|-hitcount|p1a: Vaporeon|3
|
|-weather|Sandstorm|[upkeep]
|-damage|p2a: Hitmontop|88/100|[from] Sandstorm
|-damage|p1a: Vaporeon|66/100|[from] Sandstorm
|-heal|p1a: Vaporeon|72/100|[from] item: Leftovers
|upkeep
|turn|9
|
|t:|1612218135
|switch|p2a: Heliolisk|Heliolisk, M|100/100
|-damage|p2a: Heliolisk|88/100|[from] Stealth Rock
|move|p1a: Vaporeon|Wish|p1a: Vaporeon
|
|-weather|Sandstorm|[upkeep]
|-damage|p2a: Heliolisk|82/100|[from] Sandstorm
|-damage|p1a: Vaporeon|66/100|[from] Sandstorm
|-heal|p1a: Vaporeon|72/100|[from] item: Leftovers
|upkeep
|turn|10
|
|t:|1612218143
|switch|p1a: Gigalith|Gigalith, F|74/100
|-damage|p1a: Gigalith|62/100|[from] Stealth Rock
|move|p2a: Heliolisk|Volt Switch|p1a: Gigalith
|-damage|p1a: Gigalith|37/100
|
|t:|1612218146
|switch|p2a: Hitmontop|Hitmontop, M|88/100|[from]move: Volt Switch
|-damage|p2a: Hitmontop|82/100|[from] Stealth Rock
|
|-weather|none
|-heal|p1a: Gigalith|99/100|[from] move: Wish|[wisher] Vaporeon
|-heal|p1a: Gigalith|100/100|[from] item: Leftovers
|upkeep
|turn|11
|
|t:|1612218151
|switch|p1a: Talonflame|Talonflame, M|100/100
|move|p2a: Hitmontop|Rapid Spin|p1a: Talonflame
|-crit|p1a: Talonflame
|-damage|p1a: Talonflame|69/100
|-boost|p2a: Hitmontop|spe|1
|-sideend|p2: roguehoe|Stealth Rock|[from] move: Rapid Spin|[of] p2a: Hitmontop
|
|upkeep
|turn|12
|
|t:|1612218157
|switch|p2a: Togedemaru|Togedemaru, M|100/100
|move|p1a: Talonflame|Brave Bird|p2a: Togedemaru
|-resisted|p2a: Togedemaru
|-damage|p2a: Togedemaru|88/100
|-damage|p1a: Talonflame|56/100|[from] ability: Iron Barbs|[of] p2a: Togedemaru
|-damage|p1a: Talonflame|53/100|[from] Recoil
|
|-heal|p2a: Togedemaru|94/100|[from] item: Leftovers
|upkeep
|turn|13
|
|t:|1612218167
|move|p2a: Togedemaru|Spiky Shield|p2a: Togedemaru
|-singleturn|p2a: Togedemaru|move: Protect
|move|p1a: Talonflame|Will-O-Wisp|p2a: Togedemaru
|-activate|p2a: Togedemaru|move: Protect
|
|-heal|p2a: Togedemaru|99/100|[from] item: Leftovers
|upkeep
|turn|14
|
|t:|1612218180
|switch|p2a: Heliolisk|Heliolisk, M|82/100
|move|p1a: Talonflame|Will-O-Wisp|p2a: Heliolisk
|-status|p2a: Heliolisk|brn
|
|-damage|p2a: Heliolisk|76/100 brn|[from] brn
|upkeep
|turn|15
|j| Gva
|
|t:|1612218187
|move|p1a: Talonflame|U-turn|p2a: Heliolisk
|-damage|p2a: Heliolisk|49/100 brn
|
|t:|1612218191
|switch|p1a: Gigalith|Gigalith, F|100/100|[from]move: U-turn
|-damage|p1a: Gigalith|88/100|[from] Stealth Rock
|-weather|Sandstorm|[from] ability: Sand Stream|[of] p1a: Gigalith
|move|p2a: Heliolisk|Volt Switch|p1a: Gigalith
|-damage|p1a: Gigalith|65/100
|
|t:|1612218194
|switch|p2a: Hitmontop|Hitmontop, M|82/100|[from]move: Volt Switch
|
|-weather|Sandstorm|[upkeep]
|-damage|p2a: Hitmontop|75/100|[from] Sandstorm
|-heal|p1a: Gigalith|71/100|[from] item: Leftovers
|upkeep
|turn|16
|
|t:|1612218207
|switch|p1a: Weezing|Weezing, F|100/100
|-damage|p1a: Weezing|88/100|[from] Stealth Rock
|move|p2a: Hitmontop|Fake Out|p1a: Weezing
|-damage|p1a: Weezing|77/100
|
|-weather|Sandstorm|[upkeep]
|-damage|p2a: Hitmontop|69/100|[from] Sandstorm
|-damage|p1a: Weezing|71/100|[from] Sandstorm
|-heal|p1a: Weezing|77/100|[from] item: Black Sludge
|upkeep
|turn|17
|
|t:|1612218223
|switch|p2a: Heliolisk|Heliolisk, M|49/100 brn
|move|p1a: Weezing|Toxic Spikes|p2a: Heliolisk
|-sidestart|p2: roguehoe|move: Toxic Spikes
|
|-weather|Sandstorm|[upkeep]
|-damage|p2a: Heliolisk|43/100 brn|[from] Sandstorm
|-damage|p1a: Weezing|71/100|[from] Sandstorm
|-heal|p1a: Weezing|77/100|[from] item: Black Sludge
|-damage|p2a: Heliolisk|37/100 brn|[from] brn
|upkeep
|turn|18
|
|t:|1612218247
|switch|p1a: Rotom|Rotom|71/100
|move|p2a: Heliolisk|Volt Switch|p1a: Rotom
|-resisted|p1a: Rotom
|-damage|p1a: Rotom|37/100
|inactive|roguehoe has 120 seconds left.
|
|t:|1612218267
|switch|p2a: Togedemaru|Togedemaru, M|99/100|[from]move: Volt Switch
|
|-weather|Sandstorm|[upkeep]
|-damage|p1a: Rotom|32/100|[from] Sandstorm
|-heal|p2a: Togedemaru|100/100|[from] item: Leftovers
|upkeep
|turn|19
|inactive|roguehoe has 120 seconds left.
|
|t:|1612218278
|move|p2a: Togedemaru|Wish|p2a: Togedemaru
|move|p1a: Rotom|Volt Switch|p2a: Togedemaru
|-resisted|p2a: Togedemaru
|-damage|p2a: Togedemaru|85/100
|
|t:|1612218285
|switch|p1a: Weezing|Weezing, F|77/100|[from]move: Volt Switch
|-damage|p1a: Weezing|65/100|[from] Stealth Rock
|
|-weather|none
|-heal|p2a: Togedemaru|91/100|[from] item: Leftovers
|-heal|p1a: Weezing|71/100|[from] item: Black Sludge
|upkeep
|turn|20
|
|t:|1612218293
|move|p2a: Togedemaru|U-turn|p1a: Weezing
|-resisted|p1a: Weezing
|-damage|p1a: Weezing|66/100
|
|t:|1612218296
|switch|p2a: Heliolisk|Heliolisk, M|37/100 brn|[from]move: U-turn
|move|p1a: Weezing|Flamethrower|p2a: Heliolisk
|-damage|p2a: Heliolisk|7/100 brn
|
|-heal|p2a: Heliolisk|69/100 brn|[from] move: Wish|[wisher] Togedemaru
|-heal|p1a: Weezing|72/100|[from] item: Black Sludge
|-damage|p2a: Heliolisk|63/100 brn|[from] brn
|upkeep
|turn|21
|
|t:|1612218304
|switch|p1a: Gigalith|Gigalith, F|71/100
|-damage|p1a: Gigalith|59/100|[from] Stealth Rock
|-weather|Sandstorm|[from] ability: Sand Stream|[of] p1a: Gigalith
|move|p2a: Heliolisk|Volt Switch|p1a: Gigalith
|-crit|p1a: Gigalith
|-damage|p1a: Gigalith|21/100
|inactive|roguehoe has 120 seconds left.
|
|t:|1612218336
|switch|p2a: Togedemaru|Togedemaru, M|91/100|[from]move: Volt Switch
|
|-weather|Sandstorm|[upkeep]
|-heal|p2a: Togedemaru|97/100|[from] item: Leftovers
|-heal|p1a: Gigalith|27/100|[from] item: Leftovers
|upkeep
|turn|22
|
|t:|1612218349
|switch|p1a: Vaporeon|Vaporeon, F|72/100
|-damage|p1a: Vaporeon|59/100|[from] Stealth Rock
|move|p2a: Togedemaru|U-turn|p1a: Vaporeon
|-damage|p1a: Vaporeon|47/100
|inactive|roguehoe has 120 seconds left.
|j| zen thrills
|inactive|roguehoe has 90 seconds left.
|
|t:|1612218394
|switch|p2a: Heliolisk|Heliolisk, M|63/100 brn|[from]move: U-turn
|
|-weather|Sandstorm|[upkeep]
|-damage|p2a: Heliolisk|57/100 brn|[from] Sandstorm
|-damage|p1a: Vaporeon|41/100|[from] Sandstorm
|-heal|p1a: Vaporeon|47/100|[from] item: Leftovers
|-damage|p2a: Heliolisk|51/100 brn|[from] brn
|upkeep
|turn|23
|j| Dragonite70
|
|t:|1612218404
|move|p1a: Vaporeon|Protect|p1a: Vaporeon
|-singleturn|p1a: Vaporeon|Protect
|move|p2a: Heliolisk|Volt Switch|p1a: Vaporeon
|-activate|p1a: Vaporeon|move: Protect
|
|-weather|Sandstorm|[upkeep]
|-damage|p2a: Heliolisk|45/100 brn|[from] Sandstorm
|-damage|p1a: Vaporeon|41/100|[from] Sandstorm
|-heal|p1a: Vaporeon|47/100|[from] item: Leftovers
|-damage|p2a: Heliolisk|39/100 brn|[from] brn
|upkeep
|turn|24
|inactive|Vst tur has 120 seconds left.
|
|t:|1612218440
|move|p2a: Heliolisk|Volt Switch|p1a: Vaporeon
|-supereffective|p1a: Vaporeon
|-damage|p1a: Vaporeon|0 fnt
|faint|p1a: Vaporeon
|inactive|roguehoe has 90 seconds left.
|inactive|roguehoe has 60 seconds left.
|
|t:|1612218503
|switch|p2a: Togedemaru|Togedemaru, M|97/100|[from]move: Volt Switch
|
|-weather|Sandstorm|[upkeep]
|-heal|p2a: Togedemaru|100/100|[from] item: Leftovers
|upkeep
|inactive|Vst tur has 120 seconds left.
|
|t:|1612218515
|switch|p1a: Rotom|Rotom|32/100
|turn|25
|inactive|roguehoe has 60 seconds left.
|inactive|roguehoe has 30 seconds left.
|
|t:|1612218559
|move|p2a: Togedemaru|Spiky Shield|p2a: Togedemaru
|-singleturn|p2a: Togedemaru|move: Protect
|move|p1a: Rotom|Defog|p2a: Togedemaru
|-activate|p2a: Togedemaru|move: Protect
|
|-weather|none
|upkeep
|turn|26
|inactive|roguehoe has 30 seconds left.
|
|t:|1612218564
|move|p2a: Togedemaru|U-turn|p1a: Rotom
|-resisted|p1a: Rotom
|-damage|p1a: Rotom|21/100
|
|t:|1612218568
|switch|p2a: Heliolisk|Heliolisk, M|39/100 brn|[from]move: U-turn
|move|p1a: Rotom|Will-O-Wisp|p2a: Heliolisk
|-fail|p2a: Heliolisk|brn
|
|-damage|p2a: Heliolisk|33/100 brn|[from] brn
|upkeep
|turn|27
|l| zen thrills
|
|t:|1612218582
|switch|p1a: Weezing|Weezing, F|72/100
|-damage|p1a: Weezing|60/100|[from] Stealth Rock
|move|p2a: Heliolisk|Volt Switch|p1a: Weezing
|-damage|p1a: Weezing|0 fnt
|faint|p1a: Weezing
|
|t:|1612218600
|switch|p2a: Togedemaru|Togedemaru, M|100/100|[from]move: Volt Switch
|
|upkeep
|
|t:|1612218608
|switch|p1a: Aromatisse|Aromatisse, M|100/100
|-damage|p1a: Aromatisse|88/100|[from] Stealth Rock
|turn|28
|inactive|roguehoe has 30 seconds left.
|inactive|roguehoe has 20 seconds left.
|inactive|roguehoe has 15 seconds left.
|
|t:|1612218646
|move|p2a: Togedemaru|Iron Head|p1a: Aromatisse
|-supereffective|p1a: Aromatisse
|-damage|p1a: Aromatisse|51/100
|move|p1a: Aromatisse|Calm Mind|p1a: Aromatisse
|-boost|p1a: Aromatisse|spa|1
|-boost|p1a: Aromatisse|spd|1
|
|-heal|p1a: Aromatisse|57/100|[from] item: Leftovers
|upkeep
|turn|29
|inactive|roguehoe has 25 seconds left this turn.
|
|t:|1612218650
|switch|p1a: Talonflame|Talonflame, M|53/100
|move|p2a: Togedemaru|Iron Head|p1a: Talonflame
|-resisted|p1a: Talonflame
|-damage|p1a: Talonflame|38/100
|
|upkeep
|turn|30
|
|t:|1612218660
|move|p2a: Togedemaru|Spiky Shield|p2a: Togedemaru
|-singleturn|p2a: Togedemaru|move: Protect
|move|p1a: Talonflame|Roost|p1a: Talonflame
|-heal|p1a: Talonflame|88/100
|-singleturn|p1a: Talonflame|move: Roost
|
|upkeep
|turn|31
|
|t:|1612218680
|switch|p2a: Heliolisk|Heliolisk, M|33/100 brn
|move|p1a: Talonflame|Will-O-Wisp|p2a: Heliolisk
|-fail|p2a: Heliolisk|brn
|
|-damage|p2a: Heliolisk|27/100 brn|[from] brn
|upkeep
|turn|32
|
|t:|1612218691
|move|p1a: Talonflame|U-turn|p2a: Heliolisk
|-damage|p2a: Heliolisk|0 fnt
|faint|p2a: Heliolisk
|
|t:|1612218700
|switch|p1a: Rotom|Rotom|21/100|[from]move: U-turn
|
|upkeep
|
|t:|1612218710
|switch|p2a: Hitmontop|Hitmontop, M|69/100
|-status|p2a: Hitmontop|psn
|turn|33
|
|t:|1612218724
|switch|p2a: Vanilluxe|Vanilluxe, M|94/100
|-status|p2a: Vanilluxe|psn
|-weather|Hail|[from] ability: Snow Warning|[of] p2a: Vanilluxe
|move|p1a: Rotom|Defog|p2a: Vanilluxe
|-unboost|p2a: Vanilluxe|evasion|1
|-sideend|p2: roguehoe|Toxic Spikes|[from] move: Defog|[of] p1a: Rotom
|-sideend|p1: Vst tur|Stealth Rock|[from] move: Defog|[of] p1a: Rotom
|
|-weather|Hail|[upkeep]
|-damage|p1a: Rotom|15/100|[from] Hail
|-damage|p2a: Vanilluxe|82/100 psn|[from] psn
|upkeep
|turn|34
|l| Gva
|
|t:|1612218736
|move|p2a: Vanilluxe|Blizzard|p1a: Rotom
|-damage|p1a: Rotom|0 fnt
|faint|p1a: Rotom
|
|-weather|Hail|[upkeep]
|-damage|p2a: Vanilluxe|70/100 psn|[from] psn
|upkeep
|
|t:|1612218748
|switch|p1a: Gigalith|Gigalith, F|27/100
|-weather|Sandstorm|[from] ability: Sand Stream|[of] p1a: Gigalith
|turn|35
|inactive|roguehoe has 60 seconds left.
|
|t:|1612218754
|switch|p2a: Hitmontop|Hitmontop, M|69/100 psn
|move|p1a: Gigalith|Earthquake|p2a: Hitmontop
|-damage|p2a: Hitmontop|36/100 psn
|
|-weather|Sandstorm|[upkeep]
|-damage|p2a: Hitmontop|30/100 psn|[from] Sandstorm
|-heal|p1a: Gigalith|33/100|[from] item: Leftovers
|-damage|p2a: Hitmontop|18/100 psn|[from] psn
|upkeep
|turn|36
|
|t:|1612218760
|switch|p1a: Talonflame|Talonflame, M|88/100
|move|p2a: Hitmontop|Triple Axel|p1a: Talonflame
|-damage|p1a: Talonflame|79/100
|-hitcount|p1a: Talonflame|1
|
|-weather|Sandstorm|[upkeep]
|-damage|p1a: Talonflame|73/100|[from] Sandstorm
|-damage|p2a: Hitmontop|11/100 psn|[from] Sandstorm
|-damage|p2a: Hitmontop|0 fnt|[from] psn
|faint|p2a: Hitmontop
|upkeep
|
|t:|1612218766
|switch|p2a: Vanilluxe|Vanilluxe, M|70/100 psn
|-weather|Hail|[from] ability: Snow Warning|[of] p2a: Vanilluxe
|turn|37
|
|t:|1612218772
|move|p2a: Vanilluxe|Blizzard|p1a: Talonflame
|-damage|p1a: Talonflame|3/100
|move|p1a: Talonflame|U-turn|p2a: Vanilluxe
|-damage|p2a: Vanilluxe|51/100 psn
|
|t:|1612218775
|switch|p1a: Gigalith|Gigalith, F|33/100|[from]move: U-turn
|-weather|Sandstorm|[from] ability: Sand Stream|[of] p1a: Gigalith
|
|-weather|Sandstorm|[upkeep]
|-damage|p2a: Vanilluxe|45/100 psn|[from] Sandstorm
|-heal|p1a: Gigalith|39/100|[from] item: Leftovers
|-damage|p2a: Vanilluxe|33/100 psn|[from] psn
|upkeep
|turn|38
|
|t:|1612218782
|switch|p2a: Togedemaru|Togedemaru, M|100/100
|move|p1a: Gigalith|Rock Blast|p2a: Togedemaru
|-resisted|p2a: Togedemaru
|-damage|p2a: Togedemaru|92/100
|-resisted|p2a: Togedemaru
|-damage|p2a: Togedemaru|83/100
|-hitcount|p2a: Togedemaru|2
|
|-weather|Sandstorm|[upkeep]
|-heal|p2a: Togedemaru|89/100|[from] item: Leftovers
|-heal|p1a: Gigalith|45/100|[from] item: Leftovers
|upkeep
|turn|39
|
|t:|1612218785
|switch|p1a: Talonflame|Talonflame, M|3/100
|move|p2a: Togedemaru|Iron Head|p1a: Talonflame
|-resisted|p1a: Talonflame
|-damage|p1a: Talonflame|0 fnt
|-status|p2a: Togedemaru|brn|[from] ability: Flame Body|[of] p1a: Talonflame
|faint|p1a: Talonflame
|
|-weather|Sandstorm|[upkeep]
|-heal|p2a: Togedemaru|95/100 brn|[from] item: Leftovers
|-damage|p2a: Togedemaru|89/100 brn|[from] brn
|upkeep
|
|t:|1612218787
|switch|p1a: Gigalith|Gigalith, F|45/100
|turn|40
|inactive|roguehoe has 90 seconds left.
|j| Gva
|
|t:|1612218809
|move|p2a: Togedemaru|Iron Head|p1a: Gigalith
|-supereffective|p1a: Gigalith
|-damage|p1a: Gigalith|24/100
|move|p1a: Gigalith|Rock Blast|p2a: Togedemaru
|-resisted|p2a: Togedemaru
|-damage|p2a: Togedemaru|80/100 brn
|-resisted|p2a: Togedemaru
|-damage|p2a: Togedemaru|72/100 brn
|-resisted|p2a: Togedemaru
|-crit|p2a: Togedemaru
|-damage|p2a: Togedemaru|59/100 brn
|-resisted|p2a: Togedemaru
|-damage|p2a: Togedemaru|51/100 brn
|-resisted|p2a: Togedemaru
|-damage|p2a: Togedemaru|43/100 brn
|-hitcount|p2a: Togedemaru|5
|
|-weather|Sandstorm|[upkeep]
|-heal|p2a: Togedemaru|49/100 brn|[from] item: Leftovers
|-heal|p1a: Gigalith|30/100|[from] item: Leftovers
|-damage|p2a: Togedemaru|43/100 brn|[from] brn
|upkeep
|turn|41
|inactive|roguehoe has 90 seconds left.
|
|t:|1612218829
|switch|p1a: Aromatisse|Aromatisse, M|57/100
|move|p2a: Togedemaru|Iron Head|p1a: Aromatisse
|-supereffective|p1a: Aromatisse
|-damage|p1a: Aromatisse|38/100
|
|-weather|none
|-heal|p2a: Togedemaru|49/100 brn|[from] item: Leftovers
|-heal|p1a: Aromatisse|44/100|[from] item: Leftovers
|-damage|p2a: Togedemaru|43/100 brn|[from] brn
|upkeep
|turn|42
|
|t:|1612218834
|move|p2a: Togedemaru|Iron Head|p1a: Aromatisse
|-supereffective|p1a: Aromatisse
|-damage|p1a: Aromatisse|23/100
|move|p1a: Aromatisse|Rest|p1a: Aromatisse
|-status|p1a: Aromatisse|slp|[from] move: Rest
|-heal|p1a: Aromatisse|100/100 slp|[silent]
|
|-heal|p2a: Togedemaru|49/100 brn|[from] item: Leftovers
|-damage|p2a: Togedemaru|43/100 brn|[from] brn
|upkeep
|turn|43
|
|t:|1612218847
|move|p2a: Togedemaru|Wish|p2a: Togedemaru
|cant|p1a: Aromatisse|slp
|move|p1a: Aromatisse|Sleep Talk|p1a: Aromatisse
|move|p1a: Aromatisse|Rest||[from]move: Sleep Talk|[still]
|-fail|p1a: Aromatisse
|
|-heal|p2a: Togedemaru|49/100 brn|[from] item: Leftovers
|-damage|p2a: Togedemaru|43/100 brn|[from] brn
|upkeep
|turn|44
|
|t:|1612218853
|move|p2a: Togedemaru|Iron Head|p1a: Aromatisse
|-supereffective|p1a: Aromatisse
|-damage|p1a: Aromatisse|81/100 slp
|cant|p1a: Aromatisse|slp
|cant|p1a: Aromatisse|flinch
|
|-heal|p2a: Togedemaru|93/100 brn|[from] move: Wish|[wisher] Togedemaru
|-heal|p2a: Togedemaru|99/100 brn|[from] item: Leftovers
|-heal|p1a: Aromatisse|87/100 slp|[from] item: Leftovers
|-damage|p2a: Togedemaru|93/100 brn|[from] brn
|upkeep
|turn|45
|inactive|roguehoe has 90 seconds left.
|
|t:|1612218888
|move|p2a: Togedemaru|Wish|p2a: Togedemaru
|-curestatus|p1a: Aromatisse|slp|[msg]
|move|p1a: Aromatisse|Calm Mind|p1a: Aromatisse
|-boost|p1a: Aromatisse|spa|1
|-boost|p1a: Aromatisse|spd|1
|
|-heal|p2a: Togedemaru|99/100 brn|[from] item: Leftovers
|-heal|p1a: Aromatisse|94/100|[from] item: Leftovers
|-damage|p2a: Togedemaru|93/100 brn|[from] brn
|upkeep
|turn|46
|
|t:|1612218892
|move|p2a: Togedemaru|U-turn|p1a: Aromatisse
|-resisted|p1a: Aromatisse
|-damage|p1a: Aromatisse|91/100
|
|t:|1612218895
|switch|p2a: Vanilluxe|Vanilluxe, M|33/100 psn|[from]move: U-turn
|-weather|Hail|[from] ability: Snow Warning|[of] p2a: Vanilluxe
|move|p1a: Aromatisse|Moonblast|p2a: Vanilluxe
|-damage|p2a: Vanilluxe|0 fnt
|faint|p2a: Vanilluxe
|
|-weather|Hail|[upkeep]
|-damage|p1a: Aromatisse|84/100|[from] Hail
|-heal|p1a: Aromatisse|91/100|[from] item: Leftovers
|upkeep
|
|t:|1612218898
|switch|p2a: Togedemaru|Togedemaru, M|93/100 brn
|turn|47
|
|t:|1612218900
|move|p2a: Togedemaru|Iron Head|p1a: Aromatisse
|-supereffective|p1a: Aromatisse
|-damage|p1a: Aromatisse|70/100
|cant|p1a: Aromatisse|flinch
|
|-weather|Hail|[upkeep]
|-damage|p2a: Togedemaru|87/100 brn|[from] Hail
|-damage|p1a: Aromatisse|64/100|[from] Hail
|-heal|p2a: Togedemaru|93/100 brn|[from] item: Leftovers
|-heal|p1a: Aromatisse|70/100|[from] item: Leftovers
|-damage|p2a: Togedemaru|87/100 brn|[from] brn
|upkeep
|turn|48
|inactive|roguehoe has 120 seconds left.
|
|t:|1612218917
|move|p2a: Togedemaru|Iron Head|p1a: Aromatisse
|-supereffective|p1a: Aromatisse
|-crit|p1a: Aromatisse
|-damage|p1a: Aromatisse|37/100
|move|p1a: Aromatisse|Calm Mind|p1a: Aromatisse
|-boost|p1a: Aromatisse|spa|1
|-boost|p1a: Aromatisse|spd|1
|
|-weather|Hail|[upkeep]
|-damage|p2a: Togedemaru|81/100 brn|[from] Hail
|-damage|p1a: Aromatisse|31/100|[from] Hail
|-heal|p2a: Togedemaru|87/100 brn|[from] item: Leftovers
|-heal|p1a: Aromatisse|37/100|[from] item: Leftovers
|-damage|p2a: Togedemaru|81/100 brn|[from] brn
|upkeep
|turn|49
|
|t:|1612218922
|move|p2a: Togedemaru|Iron Head|p1a: Aromatisse
|-supereffective|p1a: Aromatisse
|-damage|p1a: Aromatisse|18/100
|move|p1a: Aromatisse|Rest|p1a: Aromatisse
|-status|p1a: Aromatisse|slp|[from] move: Rest
|-heal|p1a: Aromatisse|100/100 slp|[silent]
|
|-weather|Hail|[upkeep]
|-damage|p2a: Togedemaru|75/100 brn|[from] Hail
|-damage|p1a: Aromatisse|94/100 slp|[from] Hail
|-heal|p2a: Togedemaru|81/100 brn|[from] item: Leftovers
|-heal|p1a: Aromatisse|100/100 slp|[from] item: Leftovers
|-damage|p2a: Togedemaru|75/100 brn|[from] brn
|upkeep
|turn|50
|
|t:|1612218927
|move|p2a: Togedemaru|Iron Head|p1a: Aromatisse
|-supereffective|p1a: Aromatisse
|-damage|p1a: Aromatisse|82/100 slp
|cant|p1a: Aromatisse|slp
|move|p1a: Aromatisse|Sleep Talk|p1a: Aromatisse
|move|p1a: Aromatisse|Calm Mind|p1a: Aromatisse|[from]move: Sleep Talk
|-boost|p1a: Aromatisse|spa|1
|-boost|p1a: Aromatisse|spd|1
|
|-weather|none
|-heal|p2a: Togedemaru|81/100 brn|[from] item: Leftovers
|-heal|p1a: Aromatisse|88/100 slp|[from] item: Leftovers
|-damage|p2a: Togedemaru|75/100 brn|[from] brn
|upkeep
|turn|51
|
|t:|1612218935
|move|p2a: Togedemaru|Iron Head|p1a: Aromatisse
|-supereffective|p1a: Aromatisse
|-damage|p1a: Aromatisse|69/100 slp
|cant|p1a: Aromatisse|slp
|move|p1a: Aromatisse|Sleep Talk|p1a: Aromatisse
|move|p1a: Aromatisse|Calm Mind|p1a: Aromatisse|[from]move: Sleep Talk
|-boost|p1a: Aromatisse|spa|1
|-boost|p1a: Aromatisse|spd|1
|
|-heal|p2a: Togedemaru|81/100 brn|[from] item: Leftovers
|-heal|p1a: Aromatisse|75/100 slp|[from] item: Leftovers
|-damage|p2a: Togedemaru|75/100 brn|[from] brn
|upkeep
|turn|52
|
|t:|1612218945
|move|p2a: Togedemaru|Wish|p2a: Togedemaru
|-curestatus|p1a: Aromatisse|slp|[msg]
|move|p1a: Aromatisse|Moonblast|p2a: Togedemaru
|-resisted|p2a: Togedemaru
|-damage|p2a: Togedemaru|10/100 brn
|
|-heal|p2a: Togedemaru|16/100 brn|[from] item: Leftovers
|-heal|p1a: Aromatisse|82/100|[from] item: Leftovers
|-damage|p2a: Togedemaru|10/100 brn|[from] brn
|upkeep
|turn|53
|
|t:|1612218950
|move|p2a: Togedemaru|Spiky Shield|p2a: Togedemaru
|-singleturn|p2a: Togedemaru|move: Protect
|move|p1a: Aromatisse|Moonblast|p2a: Togedemaru
|-activate|p2a: Togedemaru|move: Protect
|
|-heal|p2a: Togedemaru|60/100 brn|[from] move: Wish|[wisher] Togedemaru
|-heal|p2a: Togedemaru|66/100 brn|[from] item: Leftovers
|-heal|p1a: Aromatisse|88/100|[from] item: Leftovers
|-damage|p2a: Togedemaru|60/100 brn|[from] brn
|upkeep
|turn|54
|
|t:|1612218962
|move|p2a: Togedemaru|Iron Head|p1a: Aromatisse
|-supereffective|p1a: Aromatisse
|-damage|p1a: Aromatisse|68/100
|move|p1a: Aromatisse|Moonblast|p2a: Togedemaru
|-resisted|p2a: Togedemaru
|-damage|p2a: Togedemaru|1/100 brn
|
|-heal|p2a: Togedemaru|7/100 brn|[from] item: Leftovers
|-heal|p1a: Aromatisse|75/100|[from] item: Leftovers
|-damage|p2a: Togedemaru|1/100 brn|[from] brn
|upkeep
|turn|55
|
|t:|1612218971
|move|p2a: Togedemaru|Iron Head|p1a: Aromatisse
|-supereffective|p1a: Aromatisse
|-damage|p1a: Aromatisse|56/100
|move|p1a: Aromatisse|Rest|p1a: Aromatisse
|-status|p1a: Aromatisse|slp|[from] move: Rest
|-heal|p1a: Aromatisse|100/100 slp|[silent]
|
|-heal|p2a: Togedemaru|7/100 brn|[from] item: Leftovers
|-damage|p2a: Togedemaru|1/100 brn|[from] brn
|upkeep
|turn|56
|
|t:|1612218978
|move|p2a: Togedemaru|Wish|p2a: Togedemaru
|cant|p1a: Aromatisse|slp
|move|p1a: Aromatisse|Sleep Talk|p1a: Aromatisse
|move|p1a: Aromatisse|Moonblast|p2a: Togedemaru|[from]move: Sleep Talk
|-resisted|p2a: Togedemaru
|-damage|p2a: Togedemaru|0 fnt
|faint|p2a: Togedemaru
|
|upkeep
|
|t:|1612218980
|switch|p2a: Archeops|Archeops, M|100/100
|turn|57
|
|t:|1612218985
|move|p2a: Archeops|Stone Edge|p1a: Aromatisse
|-damage|p1a: Aromatisse|57/100 slp
|cant|p1a: Aromatisse|slp
|move|p1a: Aromatisse|Sleep Talk|p1a: Aromatisse
|move|p1a: Aromatisse|Calm Mind|p1a: Aromatisse|[from]move: Sleep Talk
|-boost|p1a: Aromatisse|spa|1
|-boost|p1a: Aromatisse|spd|1
|
|-heal|p1a: Aromatisse|64/100 slp|[from] item: Leftovers
|upkeep
|turn|58
|
|t:|1612218992
|move|p2a: Archeops|Stone Edge|p1a: Aromatisse|[miss]
|-miss|p2a: Archeops|p1a: Aromatisse
|-curestatus|p1a: Aromatisse|slp|[msg]
|move|p1a: Aromatisse|Moonblast|p2a: Archeops
|-damage|p2a: Archeops|0 fnt
|faint|p2a: Archeops
|
|win|Vst tur
|l|☆roguehoe
|c|☆Vst tur|Gg
