|j|☆Seaqueen Love
|j|☆Vanini coffee
|player|p1|Seaqueen Love|ilima|1422
|player|p2|Vanini coffee|palmer|1411
|teamsize|p1|6
|teamsize|p2|6
|gametype|singles
|gen|8
|tier|[Gen 8] PU
|rated|
|clearpoke
|poke|p1|Vespiquen, F|
|poke|p1|Mudbray, F|
|poke|p1|Octillery, F|
|poke|p1|Ludicolo, F|
|poke|p1|Klang|
|poke|p1|Mr. Mime, M|
|poke|p2|Dubwool, F|
|poke|p2|Glaceon, M|
|poke|p2|Falinks|
|poke|p2|Pincurchin, M|
|poke|p2|Thievul, F|
|poke|p2|Silvally-*|
|rule|Sleep Clause Mod: Limit one foe put to sleep
|rule|Species Clause: Limit one of each Pokémon
|rule|OHKO Clause: OHKO moves are banned
|rule|Evasion Moves Clause: Evasion moves are banned
|rule|Endless Battle Clause: Forcing endless battles is banned
|rule|HP Percentage Mod: HP is shown in percentages
|rule|Dynamax Clause: You cannot dynamax
|teampreview
|inactive|Battle timer is ON: inactive players will automatically lose when time's up. (requested by Vanini coffee)
|c|☆Vanini coffee|gl hf
|
|start
|switch|p1a: Mudbray|Mudbray, F|100/100
|switch|p2a: Glaceon|Glaceon, M|100/100
|turn|1
|
|switch|p1a: Klang|Klang|100/100
|move|p2a: Glaceon|Ice Beam|p1a: Klang
|-resisted|p1a: Klang
|-damage|p1a: Klang|86/100
|
|upkeep
|turn|2
|c|☆Seaqueen Love|hf
|
|switch|p2a: Dubwool|Dubwool, F|100/100
|move|p1a: Klang|Toxic|p2a: Dubwool
|-status|p2a: Dubwool|tox
|
|-damage|p2a: Dubwool|94/100 tox|[from] psn
|upkeep
|turn|3
|
|switch|p1a: Vespiquen|Vespiquen, F|100/100
|-ability|p1a: Vespiquen|Pressure
|move|p2a: Dubwool|Body Press|p1a: Vespiquen
|-resisted|p1a: Vespiquen
|-damage|p1a: Vespiquen|98/100
|
|-heal|p2a: Dubwool|100/100 tox|[from] item: Leftovers
|-damage|p2a: Dubwool|88/100 tox|[from] psn
|upkeep
|turn|4
|
|move|p2a: Dubwool|Cotton Guard|p2a: Dubwool
|-boost|p2a: Dubwool|def|3
|move|p1a: Vespiquen|U-turn|p2a: Dubwool
|-damage|p2a: Dubwool|84/100 tox
|
|switch|p1a: Mr. Mime|Mr. Mime, M|100/100|[from]move: U-turn
|
|-heal|p2a: Dubwool|90/100 tox|[from] item: Leftovers
|-damage|p2a: Dubwool|72/100 tox|[from] psn
|upkeep
|turn|5
|
|switch|p1a: Vespiquen|Vespiquen, F|98/100
|-ability|p1a: Vespiquen|Pressure
|move|p2a: Dubwool|Sleep Talk||[still]
|-fail|p2a: Dubwool
|
|-heal|p2a: Dubwool|78/100 tox|[from] item: Leftovers
|-damage|p2a: Dubwool|54/100 tox|[from] psn
|upkeep
|turn|6
|c|☆Vanini coffee|miss clic
|
|move|p2a: Dubwool|Rest|p2a: Dubwool
|-status|p2a: Dubwool|slp|[from] move: Rest
|-heal|p2a: Dubwool|100/100 slp|[silent]
|move|p1a: Vespiquen|U-turn|p2a: Dubwool
|-damage|p2a: Dubwool|96/100 slp
|
|switch|p1a: Mr. Mime|Mr. Mime, M|100/100|[from]move: U-turn
|
|-heal|p2a: Dubwool|100/100 slp|[from] item: Leftovers
|upkeep
|turn|7
|
|move|p1a: Mr. Mime|Trick|p2a: Dubwool
|-activate|p1a: Mr. Mime|move: Trick|[of] p2a: Dubwool
|-item|p2a: Dubwool|Choice Scarf|[from] move: Trick
|-item|p1a: Mr. Mime|Leftovers|[from] move: Trick
|cant|p2a: Dubwool|slp
|move|p2a: Dubwool|Sleep Talk|p2a: Dubwool
|move|p2a: Dubwool|Cotton Guard|p2a: Dubwool|[from]Sleep Talk
|-boost|p2a: Dubwool|def|3
|
|upkeep
|turn|8
|
|cant|p2a: Dubwool|slp
|move|p2a: Dubwool|Sleep Talk|p2a: Dubwool
|move|p2a: Dubwool|Body Press|p1a: Mr. Mime|[from]Sleep Talk
|-resisted|p1a: Mr. Mime
|-damage|p1a: Mr. Mime|61/100
|move|p1a: Mr. Mime|Dazzling Gleam|p2a: Dubwool
|-damage|p2a: Dubwool|73/100 slp
|
|-heal|p1a: Mr. Mime|67/100|[from] item: Leftovers
|upkeep
|turn|9
|
|-curestatus|p2a: Dubwool|slp|[msg]
|move|p2a: Dubwool|Sleep Talk||[still]
|-fail|p2a: Dubwool
|move|p1a: Mr. Mime|Dazzling Gleam|p2a: Dubwool
|-damage|p2a: Dubwool|48/100
|
|-heal|p1a: Mr. Mime|72/100|[from] item: Leftovers
|upkeep
|turn|10
|
|switch|p2a: Glaceon|Glaceon, M|100/100
|move|p1a: Mr. Mime|Dazzling Gleam|p2a: Glaceon
|-damage|p2a: Glaceon|66/100
|
|-heal|p1a: Mr. Mime|78/100|[from] item: Leftovers
|upkeep
|turn|11
|
|switch|p1a: Klang|Klang|86/100
|move|p2a: Glaceon|Shadow Ball|p1a: Klang
|-damage|p1a: Klang|68/100
|
|upkeep
|turn|12
|
|switch|p2a: Dubwool|Dubwool, F|48/100
|move|p1a: Klang|Toxic|p2a: Dubwool
|-status|p2a: Dubwool|tox
|
|-damage|p2a: Dubwool|42/100 tox|[from] psn
|upkeep
|turn|13
|l|☆Vanini coffee
|inactive|Vanini coffee disconnected and has a minute to reconnect!
|player|p2|
|inactive|Vanini coffee has 30 seconds to reconnect!
|inactive|Vanini coffee has 20 seconds to reconnect!
|inactive|Vanini coffee has 15 seconds to reconnect!
|inactive|Vanini coffee has 10 seconds to reconnect!
|inactive|Vanini coffee has 5 seconds to reconnect!
|-message|Vanini coffee lost due to inactivity.
|
|win|Seaqueen Love
||Ladder (probably) updated, but score could not be retrieved (Response not received).
