|j|☆MentalAdversity
|j|☆bosox27
|t:|1644698403
|gametype|singles
|player|p1|MentalAdversity|pokefanf-gen4|1537
|player|p2|bosox27|101|1507
|teamsize|p1|6
|teamsize|p2|6
|gen|8
|tier|[Gen 8] PU
|rated|
|rule|Sleep Clause Mod: Limit one foe put to sleep
|rule|Species Clause: Limit one of each Pokémon
|rule|OHKO Clause: OHKO moves are banned
|rule|Evasion Moves Clause: Evasion moves are banned
|rule|Endless Battle Clause: Forcing endless battles is banned
|rule|HP Percentage Mod: HP is shown in percentages
|rule|Dynamax Clause: You cannot dynamax
|clearpoke
|poke|p1|Eldegoss, M|
|poke|p1|Tangela, F|
|poke|p1|Audino, M|
|poke|p1|Articuno|
|poke|p1|Corsola-Galar, F|
|poke|p1|Quagsire, F|
|poke|p2|Ferroseed, M|
|poke|p2|Druddigon, M|
|poke|p2|Musharna, F|
|poke|p2|Magmortar, M|
|poke|p2|Persian-Alola, M|
|poke|p2|Golbat, M|
|teampreview
|
|t:|1644698410
|start
|switch|p1a: Nurse Joy|Audino, M, shiny|100/100
|switch|p2a: Golbat|Golbat, M|100/100
|turn|1
|
|t:|1644698414
|move|p2a: Golbat|Taunt|p1a: Nurse Joy
|-start|p1a: Nurse Joy|move: Taunt
|move|p1a: Nurse Joy|Knock Off|p2a: Golbat
|-crit|p2a: Golbat
|-damage|p2a: Golbat|85/100
|-enditem|p2a: Golbat|Eviolite|[from] move: Knock Off|[of] p1a: Nurse Joy
|
|upkeep
|turn|2
|
|t:|1644698420
|switch|p1a: GROUD0N|Corsola-Galar, F|100/100
|move|p2a: Golbat|Toxic|p1a: GROUD0N
|-status|p1a: GROUD0N|tox
|
|-damage|p1a: GROUD0N|94/100 tox|[from] psn
|upkeep
|turn|3
|
|t:|1644698424
|move|p2a: Golbat|Taunt|p1a: GROUD0N
|-start|p1a: GROUD0N|move: Taunt
|move|p1a: GROUD0N|Night Shade|p2a: Golbat
|-damage|p2a: Golbat|57/100
|
|-damage|p1a: GROUD0N|82/100 tox|[from] psn
|upkeep
|turn|4
|
|t:|1644698430
|move|p2a: Golbat|Roost|p2a: Golbat
|-heal|p2a: Golbat|100/100
|-singleturn|p2a: Golbat|move: Roost
|move|p1a: GROUD0N|Night Shade|p2a: Golbat
|-damage|p2a: Golbat|72/100
|
|-damage|p1a: GROUD0N|63/100 tox|[from] psn
|upkeep
|turn|5
|
|t:|1644698437
|switch|p1a: Nurse Joy|Audino, M, shiny|100/100
|move|p2a: Golbat|Brave Bird|p1a: Nurse Joy
|-damage|p1a: Nurse Joy|70/100
|-damage|p2a: Golbat|60/100|[from] Recoil
|
|upkeep
|turn|6
|
|t:|1644698440
|move|p1a: Nurse Joy|Protect|p1a: Nurse Joy
|-singleturn|p1a: Nurse Joy|Protect
|move|p2a: Golbat|Taunt|p1a: Nurse Joy
|-activate|p1a: Nurse Joy|move: Protect
|
|upkeep
|turn|7
|inactive|Battle timer is ON: inactive players will automatically lose when time's up. (requested by bosox27)
|
|t:|1644698458
|switch|p1a: Mom's spaghetti|Tangela, F, shiny|100/100
|move|p2a: Golbat|Toxic|p1a: Mom's spaghetti
|-status|p1a: Mom's spaghetti|tox
|
|-damage|p1a: Mom's spaghetti|95/100 tox|[from] psn
|upkeep
|turn|8
|
|t:|1644698463
|switch|p1a: Nurse Joy|Audino, M, shiny|100/100
|move|p2a: Golbat|Taunt|p1a: Nurse Joy
|-start|p1a: Nurse Joy|move: Taunt
|
|upkeep
|turn|9
|
|t:|1644698468
|switch|p1a: Mom's spaghetti|Tangela, F, shiny|100/100 tox
|move|p2a: Golbat|Toxic|p1a: Mom's spaghetti
|-fail|p1a: Mom's spaghetti|tox
|
|-damage|p1a: Mom's spaghetti|95/100 tox|[from] psn
|upkeep
|turn|10
|
|t:|1644698478
|switch|p2a: Persian|Persian-Alola, M|100/100
|move|p1a: Mom's spaghetti|Protect||[still]
|-fail|p1a: Mom's spaghetti
|
|-damage|p1a: Mom's spaghetti|83/100 tox|[from] psn
|upkeep
|turn|11
|
|t:|1644698485
|move|p2a: Persian|Knock Off|p1a: Mom's spaghetti
|-damage|p1a: Mom's spaghetti|73/100 tox
|-enditem|p1a: Mom's spaghetti|Eviolite|[from] move: Knock Off|[of] p2a: Persian
|move|p1a: Mom's spaghetti|Knock Off|p2a: Persian
|-resisted|p2a: Persian
|-damage|p2a: Persian|96/100
|-enditem|p2a: Persian|Leftovers|[from] move: Knock Off|[of] p1a: Mom's spaghetti
|
|-damage|p1a: Mom's spaghetti|55/100 tox|[from] psn
|upkeep
|turn|12
|
|t:|1644698491
|switch|p1a: Perry the platypus|Quagsire, F, shiny|100/100
|move|p2a: Persian|Parting Shot|p1a: Perry the platypus
|-unboost|p1a: Perry the platypus|atk|1
|-unboost|p1a: Perry the platypus|spa|1
|
|t:|1644698500
|switch|p2a: Ferroseed|Ferroseed, M|100/100|[from]move: Parting Shot
|
|upkeep
|turn|13
|
|t:|1644698508
|switch|p1a: GROUD0N|Corsola-Galar, F|63/100 tox
|move|p2a: Ferroseed|Spikes|p1a: GROUD0N
|-sidestart|p1: MentalAdversity|Spikes
|
|-damage|p1a: GROUD0N|57/100 tox|[from] psn
|upkeep
|turn|14
|
|t:|1644698514
|move|p1a: GROUD0N|Stealth Rock|p2a: Ferroseed
|-sidestart|p2: bosox27|move: Stealth Rock
|move|p2a: Ferroseed|Knock Off|p1a: GROUD0N
|-supereffective|p1a: GROUD0N
|-damage|p1a: GROUD0N|44/100 tox
|-enditem|p1a: GROUD0N|Eviolite|[from] move: Knock Off|[of] p2a: Ferroseed
|
|-damage|p1a: GROUD0N|32/100 tox|[from] psn
|upkeep
|turn|15
|
|t:|1644698522
|switch|p1a: Candy Land|Eldegoss, M|100/100
|move|p2a: Ferroseed|Spikes|p1a: Candy Land
|-sidestart|p1: MentalAdversity|Spikes
|
|upkeep
|turn|16
|
|t:|1644698529
|move|p1a: Candy Land|Rapid Spin|p2a: Ferroseed
|-resisted|p2a: Ferroseed
|-damage|p2a: Ferroseed|98/100
|-boost|p1a: Candy Land|spe|1
|-damage|p1a: Candy Land|88/100|[from] ability: Iron Barbs|[of] p2a: Ferroseed
|-sideend|p1: MentalAdversity|Spikes|[from] move: Rapid Spin|[of] p1a: Candy Land
|move|p2a: Ferroseed|Knock Off|p1a: Candy Land
|-damage|p1a: Candy Land|73/100
|-enditem|p1a: Candy Land|Heavy-Duty Boots|[from] move: Knock Off|[of] p2a: Ferroseed
|
|upkeep
|turn|17
|
|t:|1644698533
|move|p1a: Candy Land|Aromatherapy|p1a: Candy Land
|-activate|p1a: Candy Land|move: Aromatherapy
|-curestatus|p1: GROUD0N|tox|[msg]
|-curestatus|p1: Mom's spaghetti|tox|[msg]
|move|p2a: Ferroseed|Spikes|p1a: Candy Land
|-sidestart|p1: MentalAdversity|Spikes
|
|upkeep
|turn|18
|
|t:|1644698538
|move|p1a: Candy Land|Rapid Spin|p2a: Ferroseed
|-resisted|p2a: Ferroseed
|-damage|p2a: Ferroseed|97/100
|-boost|p1a: Candy Land|spe|1
|-damage|p1a: Candy Land|61/100|[from] ability: Iron Barbs|[of] p2a: Ferroseed
|-sideend|p1: MentalAdversity|Spikes|[from] move: Rapid Spin|[of] p1a: Candy Land
|move|p2a: Ferroseed|Spikes|p1a: Candy Land
|-sidestart|p1: MentalAdversity|Spikes
|
|upkeep
|turn|19
|
|t:|1644698545
|switch|p1a: Mom's spaghetti|Tangela, F, shiny|89/100
|-damage|p1a: Mom's spaghetti|76/100|[from] Spikes
|switch|p2a: Golbat|Golbat, M|60/100
|-damage|p2a: Golbat|36/100|[from] Stealth Rock
|
|upkeep
|turn|20
|
|t:|1644698548
|move|p2a: Golbat|Roost|p2a: Golbat
|-heal|p2a: Golbat|86/100
|-singleturn|p2a: Golbat|move: Roost
|move|p1a: Mom's spaghetti|Leech Seed|p2a: Golbat
|-start|p2a: Golbat|move: Leech Seed
|
|-damage|p2a: Golbat|73/100|[from] Leech Seed|[of] p1a: Mom's spaghetti
|-heal|p1a: Mom's spaghetti|89/100|[silent]
|upkeep
|turn|21
|
|t:|1644698556
|move|p1a: Mom's spaghetti|Protect|p1a: Mom's spaghetti
|-singleturn|p1a: Mom's spaghetti|Protect
|move|p2a: Golbat|Taunt|p1a: Mom's spaghetti
|-activate|p1a: Mom's spaghetti|move: Protect
|
|-damage|p2a: Golbat|61/100|[from] Leech Seed|[of] p1a: Mom's spaghetti
|-heal|p1a: Mom's spaghetti|100/100|[silent]
|upkeep
|turn|22
|c|☆bosox27|stall
|c|☆bosox27|love it
|c|☆MentalAdversity|only way to the top brother
|
|t:|1644698585
|move|p2a: Golbat|Roost|p2a: Golbat
|-heal|p2a: Golbat|100/100
|-singleturn|p2a: Golbat|move: Roost
|move|p1a: Mom's spaghetti|Knock Off|p2a: Golbat
|-damage|p2a: Golbat|91/100
|
|-damage|p2a: Golbat|78/100|[from] Leech Seed|[of] p1a: Mom's spaghetti
|upkeep
|turn|23
|
|t:|1644698608
|switch|p2a: Magmortar|Magmortar, M|100/100
|move|p1a: Mom's spaghetti|Knock Off|p2a: Magmortar
|-damage|p2a: Magmortar|79/100
|-enditem|p2a: Magmortar|Heavy-Duty Boots|[from] move: Knock Off|[of] p1a: Mom's spaghetti
|
|upkeep
|turn|24
|
|t:|1644698620
|move|p1a: Mom's spaghetti|Protect|p1a: Mom's spaghetti
|-singleturn|p1a: Mom's spaghetti|Protect
|move|p2a: Magmortar|Fire Blast|p1a: Mom's spaghetti
|-activate|p1a: Mom's spaghetti|move: Protect
|
|upkeep
|turn|25
|
|t:|1644698626
|switch|p1a: Nurse Joy|Audino, M, shiny|100/100
|move|p2a: Magmortar|Fire Blast|p1a: Nurse Joy
|-damage|p1a: Nurse Joy|62/100
|
|upkeep
|turn|26
|
|t:|1644698636
|switch|p2a: Ferroseed|Ferroseed, M|97/100
|-damage|p2a: Ferroseed|91/100|[from] Stealth Rock
|move|p1a: Nurse Joy|Protect||[still]
|-fail|p1a: Nurse Joy
|
|upkeep
|turn|27
|
|t:|1644698640
|switch|p1a: Candy Land|Eldegoss, M|94/100
|-damage|p1a: Candy Land|82/100|[from] Spikes
|move|p2a: Ferroseed|Spikes|p1a: Candy Land
|-sidestart|p1: MentalAdversity|Spikes
|
|upkeep
|turn|28
|
|t:|1644698646
|switch|p2a: Druddigon|Druddigon, M|100/100
|-damage|p2a: Druddigon|88/100|[from] Stealth Rock
|move|p1a: Candy Land|Rapid Spin|p2a: Druddigon
|-damage|p2a: Druddigon|83/100
|-boost|p1a: Candy Land|spe|1
|-damage|p1a: Candy Land|69/100|[from] ability: Rough Skin|[of] p2a: Druddigon
|-damage|p1a: Candy Land|53/100|[from] item: Rocky Helmet|[of] p2a: Druddigon
|-sideend|p1: MentalAdversity|Spikes|[from] move: Rapid Spin|[of] p1a: Candy Land
|
|upkeep
|turn|29
|
|t:|1644698652
|switch|p1a: GROUD0N|Corsola-Galar, F|32/100
|move|p2a: Druddigon|Toxic|p1a: GROUD0N
|-status|p1a: GROUD0N|tox
|
|-damage|p1a: GROUD0N|26/100 tox|[from] psn
|upkeep
|turn|30
|
|t:|1644698665
|move|p2a: Druddigon|Stealth Rock|p1a: GROUD0N
|-sidestart|p1: MentalAdversity|move: Stealth Rock
|move|p1a: GROUD0N|Strength Sap|p2a: Druddigon
|-unboost|p2a: Druddigon|atk|1
|-heal|p1a: GROUD0N|100/100 tox
|
|-damage|p1a: GROUD0N|88/100 tox|[from] psn
|upkeep
|turn|31
|c|☆MentalAdversity|phew thank you
|
|t:|1644698675
|switch|p2a: Golbat|Golbat, M|78/100
|-damage|p2a: Golbat|54/100|[from] Stealth Rock
|move|p1a: GROUD0N|Will-O-Wisp|p2a: Golbat
|-status|p2a: Golbat|brn
|
|-damage|p1a: GROUD0N|70/100 tox|[from] psn
|-damage|p2a: Golbat|47/100 brn|[from] brn
|upkeep
|turn|32
|c|☆MentalAdversity|phewww thank u brother
|
|t:|1644698694
|switch|p1a: Mom's spaghetti|Tangela, F, shiny|100/100
|-damage|p1a: Mom's spaghetti|88/100|[from] Stealth Rock
|move|p2a: Golbat|Roost|p2a: Golbat
|-heal|p2a: Golbat|97/100 brn
|-singleturn|p2a: Golbat|move: Roost
|
|-damage|p2a: Golbat|91/100 brn|[from] brn
|upkeep
|turn|33
|
|t:|1644698699
|move|p2a: Golbat|Toxic|p1a: Mom's spaghetti
|-status|p1a: Mom's spaghetti|tox
|move|p1a: Mom's spaghetti|Knock Off|p2a: Golbat
|-damage|p2a: Golbat|82/100 brn
|
|-damage|p1a: Mom's spaghetti|82/100 tox|[from] psn
|-damage|p2a: Golbat|76/100 brn|[from] brn
|upkeep
|turn|34
|
|t:|1644698702
|move|p2a: Golbat|Taunt|p1a: Mom's spaghetti
|-start|p1a: Mom's spaghetti|move: Taunt
|cant|p1a: Mom's spaghetti|move: Taunt|Leech Seed
|
|-damage|p1a: Mom's spaghetti|70/100 tox|[from] psn
|-damage|p2a: Golbat|70/100 brn|[from] brn
|upkeep
|turn|35
|
|t:|1644698710
|move|p2a: Golbat|Roost|p2a: Golbat
|-heal|p2a: Golbat|100/100 brn
|-singleturn|p2a: Golbat|move: Roost
|move|p1a: Mom's spaghetti|Knock Off|p2a: Golbat
|-damage|p2a: Golbat|91/100 brn
|
|-damage|p1a: Mom's spaghetti|52/100 tox|[from] psn
|-damage|p2a: Golbat|85/100 brn|[from] brn
|upkeep
|turn|36
|
|t:|1644698719
|switch|p1a: Candy Land|Eldegoss, M|86/100
|-damage|p1a: Candy Land|74/100|[from] Stealth Rock
|move|p2a: Golbat|Toxic|p1a: Candy Land
|-status|p1a: Candy Land|tox
|
|-damage|p1a: Candy Land|67/100 tox|[from] psn
|-damage|p2a: Golbat|78/100 brn|[from] brn
|upkeep
|turn|37
|
|t:|1644698730
|move|p2a: Golbat|Taunt|p1a: Candy Land
|-start|p1a: Candy Land|move: Taunt
|cant|p1a: Candy Land|move: Taunt|Aromatherapy
|
|-damage|p1a: Candy Land|55/100 tox|[from] psn
|-damage|p2a: Golbat|72/100 brn|[from] brn
|upkeep
|turn|38
|
|t:|1644698732
|switch|p1a: Nurse Joy|Audino, M, shiny|96/100
|move|p2a: Golbat|Brave Bird|p1a: Nurse Joy
|-damage|p1a: Nurse Joy|80/100
|-damage|p2a: Golbat|66/100 brn|[from] Recoil
|
|-damage|p2a: Golbat|60/100 brn|[from] brn
|upkeep
|turn|39
|
|t:|1644698737
|move|p1a: Nurse Joy|Protect|p1a: Nurse Joy
|-singleturn|p1a: Nurse Joy|Protect
|move|p2a: Golbat|Taunt|p1a: Nurse Joy
|-activate|p1a: Nurse Joy|move: Protect
|
|-damage|p2a: Golbat|54/100 brn|[from] brn
|upkeep
|turn|40
|
|t:|1644698740
|switch|p1a: Mom's spaghetti|Tangela, F, shiny|86/100 tox
|-damage|p1a: Mom's spaghetti|73/100 tox|[from] Stealth Rock
|move|p2a: Golbat|Roost|p2a: Golbat
|-heal|p2a: Golbat|100/100 brn
|-singleturn|p2a: Golbat|move: Roost
|
|-damage|p1a: Mom's spaghetti|67/100 tox|[from] psn
|-damage|p2a: Golbat|94/100 brn|[from] brn
|upkeep
|turn|41
|
|t:|1644698745
|switch|p1a: Nurse Joy|Audino, M, shiny|100/100
|move|p2a: Golbat|Brave Bird|p1a: Nurse Joy
|-damage|p1a: Nurse Joy|84/100
|-damage|p2a: Golbat|88/100 brn|[from] Recoil
|
|-damage|p2a: Golbat|82/100 brn|[from] brn
|upkeep
|turn|42
|
|t:|1644698753
|switch|p2a: Ferroseed|Ferroseed, M|91/100
|-damage|p2a: Ferroseed|84/100|[from] Stealth Rock
|move|p1a: Nurse Joy|Protect||[still]
|-fail|p1a: Nurse Joy
|
|upkeep
|turn|43
|
|t:|1644698762
|switch|p1a: Candy Land|Eldegoss, M|88/100 tox
|-damage|p1a: Candy Land|76/100 tox|[from] Stealth Rock
|move|p2a: Ferroseed|Gyro Ball|p1a: Candy Land
|-damage|p1a: Candy Land|41/100 tox
|
|-damage|p1a: Candy Land|34/100 tox|[from] psn
|upkeep
|turn|44
|c|☆MentalAdversity|sneky
|
|t:|1644698778
|switch|p1a: Perry the platypus|Quagsire, F, shiny|100/100
|-damage|p1a: Perry the platypus|94/100|[from] Stealth Rock
|move|p2a: Ferroseed|Spikes|p1a: Perry the platypus
|-sidestart|p1: MentalAdversity|Spikes
|
|-heal|p1a: Perry the platypus|100/100|[from] item: Leftovers
|upkeep
|turn|45
|
|t:|1644698786
|move|p1a: Perry the platypus|Scald|p2a: Ferroseed
|-resisted|p2a: Ferroseed
|-damage|p2a: Ferroseed|77/100
|move|p2a: Ferroseed|Leech Seed|p1a: Perry the platypus
|-start|p1a: Perry the platypus|move: Leech Seed
|
|-damage|p1a: Perry the platypus|88/100|[from] Leech Seed|[of] p2a: Ferroseed
|-heal|p2a: Ferroseed|94/100|[silent]
|upkeep
|turn|46
|
|t:|1644698788
|move|p1a: Perry the platypus|Scald|p2a: Ferroseed
|-resisted|p2a: Ferroseed
|-damage|p2a: Ferroseed|86/100
|move|p2a: Ferroseed|Knock Off|p1a: Perry the platypus
|-damage|p1a: Perry the platypus|79/100
|-enditem|p1a: Perry the platypus|Leftovers|[from] move: Knock Off|[of] p2a: Ferroseed
|
|-damage|p1a: Perry the platypus|67/100|[from] Leech Seed|[of] p2a: Ferroseed
|-heal|p2a: Ferroseed|100/100|[silent]
|upkeep
|turn|47
|
|t:|1644698791
|switch|p2a: Golbat|Golbat, M|82/100 brn
|-damage|p2a: Golbat|57/100 brn|[from] Stealth Rock
|move|p1a: Perry the platypus|Scald|p2a: Golbat
|-damage|p2a: Golbat|36/100 brn
|
|-damage|p1a: Perry the platypus|54/100|[from] Leech Seed|[of] p2a: Golbat
|-heal|p2a: Golbat|49/100 brn|[silent]
|-damage|p2a: Golbat|43/100 brn|[from] brn
|upkeep
|turn|48
|
|t:|1644698799
|switch|p1a: PlDGEOTTO|Articuno|100/100
|-ability|p1a: PlDGEOTTO|Pressure
|move|p2a: Golbat|Roost|p2a: Golbat
|-heal|p2a: Golbat|93/100 brn
|-singleturn|p2a: Golbat|move: Roost
|
|-damage|p2a: Golbat|87/100 brn|[from] brn
|upkeep
|turn|49
|
|t:|1644698802
|move|p2a: Golbat|Toxic|p1a: PlDGEOTTO
|-status|p1a: PlDGEOTTO|tox
|move|p1a: PlDGEOTTO|Defog|p2a: Golbat
|-unboost|p2a: Golbat|evasion|1
|-sideend|p2: bosox27|Stealth Rock|[from] move: Defog|[of] p1a: PlDGEOTTO
|-sideend|p1: MentalAdversity|Spikes|[from] move: Defog|[of] p1a: PlDGEOTTO
|-sideend|p1: MentalAdversity|Stealth Rock|[from] move: Defog|[of] p1a: PlDGEOTTO
|
|-damage|p1a: PlDGEOTTO|94/100 tox|[from] psn
|-damage|p2a: Golbat|81/100 brn|[from] brn
|upkeep
|turn|50
|c|☆MentalAdversity|FREEZE DRY
|c|☆bosox27|you cant tell me you have fun with this
|
|t:|1644698827
|switch|p1a: Candy Land|Eldegoss, M|68/100 tox
|move|p2a: Golbat|Taunt|p1a: Candy Land
|-start|p1a: Candy Land|move: Taunt
|
|-damage|p1a: Candy Land|62/100 tox|[from] psn
|-damage|p2a: Golbat|75/100 brn|[from] brn
|upkeep
|turn|51
|c|☆MentalAdversity|i do tbh
|
|t:|1644698835
|switch|p1a: Mom's spaghetti|Tangela, F, shiny|100/100 tox
|move|p2a: Golbat|Brave Bird|p1a: Mom's spaghetti
|-supereffective|p1a: Mom's spaghetti
|-damage|p1a: Mom's spaghetti|76/100 tox
|-damage|p2a: Golbat|67/100 brn|[from] Recoil
|
|-damage|p1a: Mom's spaghetti|70/100 tox|[from] psn
|-damage|p2a: Golbat|61/100 brn|[from] brn
|upkeep
|turn|52
|
|t:|1644698843
|switch|p2a: Ferroseed|Ferroseed, M|100/100
|move|p1a: Mom's spaghetti|Knock Off|p2a: Ferroseed
|-damage|p2a: Ferroseed|91/100
|-damage|p1a: Mom's spaghetti|58/100 tox|[from] ability: Iron Barbs|[of] p2a: Ferroseed
|-enditem|p2a: Ferroseed|Eviolite|[from] move: Knock Off|[of] p1a: Mom's spaghetti
|
|-damage|p1a: Mom's spaghetti|46/100 tox|[from] psn
|upkeep
|turn|53
|
|t:|1644698849
|switch|p1a: Candy Land|Eldegoss, M|95/100 tox
|move|p2a: Ferroseed|Spikes|p1a: Candy Land
|-sidestart|p1: MentalAdversity|Spikes
|
|-damage|p1a: Candy Land|89/100 tox|[from] psn
|upkeep
|turn|54
|
|t:|1644698852
|move|p1a: Candy Land|Aromatherapy|p1a: Candy Land
|-activate|p1a: Candy Land|move: Aromatherapy
|-curestatus|p1a: Candy Land|tox|[msg]
|-curestatus|p1: GROUD0N|tox|[msg]
|-curestatus|p1: Mom's spaghetti|tox|[msg]
|-curestatus|p1: PlDGEOTTO|tox|[msg]
|move|p2a: Ferroseed|Spikes|p1a: Candy Land
|-sidestart|p1: MentalAdversity|Spikes
|
|upkeep
|turn|55
|c|☆MentalAdversity|AROMA THERAPY
|-message|bosox27 forfeited.
|
|win|MentalAdversity
|raw|MentalAdversity's rating: 1537 &rarr; <strong>1555</strong><br />(+18 for winning)
|raw|bosox27's rating: 1507 &rarr; <strong>1489</strong><br />(-18 for losing)
|l|☆bosox27
