|j|☆Geng8y
|j|☆Regi Time
|t:|1622924399
|gametype|singles
|player|p1|Geng8y|swimmerf-gen4dp|1283
|player|p2|Regi Time|2|1474
|teamsize|p1|6
|teamsize|p2|6
|gen|8
|tier|[Gen 8] PU
|rated|
|rule|Sleep Clause Mod: Limit one foe put to sleep
|rule|Species Clause: Limit one of each Pokémon
|rule|OHKO Clause: OHKO moves are banned
|rule|Evasion Moves Clause: Evasion moves are banned
|rule|Endless Battle Clause: Forcing endless battles is banned
|rule|HP Percentage Mod: HP is shown in percentages
|rule|Dynamax Clause: You cannot dynamax
|clearpoke
|poke|p1|Charizard, F|
|poke|p1|Whimsicott, F|
|poke|p1|Gurdurr, M|
|poke|p1|Sandslash-Alola, F|
|poke|p1|Mesprit|
|poke|p1|Heliolisk, F|
|poke|p2|Regigigas|
|poke|p2|Scyther, M|
|poke|p2|Heliolisk, M|
|poke|p2|Thwackey, M|
|poke|p2|Silvally-*|
|poke|p2|Palossand, M|
|teampreview
|inactive|Battle timer is ON: inactive players will automatically lose when time's up. (requested by Regi Time)
|
|t:|1622924408
|start
|switch|p1a: Sandslash|Sandslash-Alola, F|100/100
|switch|p2a: Scyther|Scyther, M|100/100
|turn|1
|
|t:|1622924416
|move|p2a: Scyther|Knock Off|p1a: Sandslash
|-damage|p1a: Sandslash|78/100
|-enditem|p1a: Sandslash|Heavy-Duty Boots|[from] move: Knock Off|[of] p2a: Scyther
|move|p1a: Sandslash|Icicle Crash|p2a: Scyther
|-supereffective|p2a: Scyther
|-damage|p2a: Scyther|0 fnt
|faint|p2a: Scyther
|
|upkeep
|
|t:|1622924425
|switch|p2a: Silvally|Silvally-Fairy|100/100
|turn|2
|
|t:|1622924428
|move|p2a: Silvally|Parting Shot|p1a: Sandslash
|-unboost|p1a: Sandslash|atk|1
|-unboost|p1a: Sandslash|spa|1
|
|t:|1622924430
|switch|p2a: Regigigas|Regigigas|100/100|[from]move: Parting Shot
|-start|p2a: Regigigas|ability: Slow Start
|move|p1a: Sandslash|Iron Head|p2a: Regigigas
|-damage|p2a: Regigigas|82/100
|
|-heal|p2a: Regigigas|88/100|[from] item: Leftovers
|upkeep
|turn|3
|
|t:|1622924437
|switch|p1a: Whimsicott|Whimsicott, F|100/100
|move|p2a: Regigigas|Substitute|p2a: Regigigas
|-start|p2a: Regigigas|Substitute
|-damage|p2a: Regigigas|63/100
|
|-heal|p2a: Regigigas|69/100|[from] item: Leftovers
|upkeep
|turn|4
|
|t:|1622924439
|move|p2a: Regigigas|Protect|p2a: Regigigas
|-singleturn|p2a: Regigigas|Protect
|move|p1a: Whimsicott|Encore|p2a: Regigigas
|-activate|p2a: Regigigas|move: Protect
|
|-heal|p2a: Regigigas|75/100|[from] item: Leftovers
|upkeep
|turn|5
|
|t:|1622924449
|move|p1a: Whimsicott|Encore|p2a: Regigigas
|-start|p2a: Regigigas|Encore
|move|p2a: Regigigas|Protect||[still]
|-fail|p2a: Regigigas
|
|-heal|p2a: Regigigas|82/100|[from] item: Leftovers
|upkeep
|turn|6
|
|t:|1622924452
|move|p2a: Regigigas|Protect|p2a: Regigigas
|-singleturn|p2a: Regigigas|Protect
|move|p1a: Whimsicott|Moonblast|p2a: Regigigas
|-activate|p2a: Regigigas|move: Protect
|
|-heal|p2a: Regigigas|88/100|[from] item: Leftovers
|-end|p2a: Regigigas|Slow Start
|upkeep
|turn|7
|
|t:|1622924455
|move|p2a: Regigigas|Protect||[still]
|-fail|p2a: Regigigas
|move|p1a: Whimsicott|Moonblast|p2a: Regigigas
|-activate|p2a: Regigigas|move: Substitute|[damage]
|
|-heal|p2a: Regigigas|94/100|[from] item: Leftovers
|-end|p2a: Regigigas|Encore
|upkeep
|turn|8
|
|t:|1622924462
|move|p1a: Whimsicott|Encore|p2a: Regigigas
|-start|p2a: Regigigas|Encore
|move|p2a: Regigigas|Protect||[still]
|-fail|p2a: Regigigas
|
|-heal|p2a: Regigigas|99/100|[from] item: Leftovers
|upkeep
|turn|9
|
|t:|1622924466
|move|p2a: Regigigas|Protect|p2a: Regigigas
|-singleturn|p2a: Regigigas|Protect
|move|p1a: Whimsicott|Sunny Day|p1a: Whimsicott
|-weather|SunnyDay
|
|-weather|SunnyDay|[upkeep]
|-heal|p2a: Regigigas|100/100|[from] item: Leftovers
|upkeep
|turn|10
|
|t:|1622924470
|move|p2a: Regigigas|Protect||[still]
|-fail|p2a: Regigigas
|move|p1a: Whimsicott|Moonblast|p2a: Regigigas
|-end|p2a: Regigigas|Substitute
|
|-weather|SunnyDay|[upkeep]
|-end|p2a: Regigigas|Encore
|upkeep
|turn|11
|
|t:|1622924479
|-end|p2a: Regigigas|Slow Start|[silent]
|switch|p2a: Silvally|Silvally-Fairy|100/100
|move|p1a: Whimsicott|Encore||[still]
|-fail|p1a: Whimsicott
|
|-weather|SunnyDay|[upkeep]
|upkeep
|turn|12
|
|t:|1622924487
|move|p1a: Whimsicott|Moonblast|p2a: Silvally
|-damage|p2a: Silvally|67/100
|-unboost|p2a: Silvally|spa|1
|move|p2a: Silvally|Parting Shot|p1a: Whimsicott
|-unboost|p1a: Whimsicott|atk|1
|-unboost|p1a: Whimsicott|spa|1
|
|t:|1622924499
|switch|p2a: Regigigas|Regigigas|100/100|[from]move: Parting Shot
|-start|p2a: Regigigas|ability: Slow Start
|
|-weather|SunnyDay|[upkeep]
|upkeep
|turn|13
|
|t:|1622924510
|switch|p1a: Heliolisk|Heliolisk, F|100/100
|move|p2a: Regigigas|Substitute|p2a: Regigigas
|-start|p2a: Regigigas|Substitute
|-damage|p2a: Regigigas|76/100
|
|-weather|SunnyDay|[upkeep]
|-damage|p1a: Heliolisk|88/100|[from] ability: Solar Power|[of] p1a: Heliolisk
|-heal|p2a: Regigigas|82/100|[from] item: Leftovers
|upkeep
|turn|14
|
|t:|1622924513
|move|p2a: Regigigas|Protect|p2a: Regigigas
|-singleturn|p2a: Regigigas|Protect
|move|p1a: Heliolisk|Hyper Voice|p2a: Regigigas
|-activate|p2a: Regigigas|move: Protect
|
|-weather|SunnyDay|[upkeep]
|-damage|p1a: Heliolisk|76/100|[from] ability: Solar Power|[of] p1a: Heliolisk
|-heal|p2a: Regigigas|88/100|[from] item: Leftovers
|upkeep
|turn|15
|
|t:|1622924522
|move|p1a: Heliolisk|Hyper Voice|p2a: Regigigas
|-damage|p2a: Regigigas|41/100
|-enditem|p1a: Heliolisk|Throat Spray
|-boost|p1a: Heliolisk|spa|1|[from] item: Throat Spray
|move|p2a: Regigigas|Knock Off|p1a: Heliolisk
|-damage|p1a: Heliolisk|44/100
|
|-weather|SunnyDay|[upkeep]
|-damage|p1a: Heliolisk|32/100|[from] ability: Solar Power|[of] p1a: Heliolisk
|-heal|p2a: Regigigas|47/100|[from] item: Leftovers
|upkeep
|turn|16
|
|t:|1622924531
|move|p2a: Regigigas|Protect|p2a: Regigigas
|-singleturn|p2a: Regigigas|Protect
|move|p1a: Heliolisk|Hyper Voice|p2a: Regigigas
|-activate|p2a: Regigigas|move: Protect
|
|-weather|none
|-heal|p2a: Regigigas|53/100|[from] item: Leftovers
|-end|p2a: Regigigas|Slow Start
|upkeep
|turn|17
|
|t:|1622924533
|-end|p2a: Regigigas|Slow Start|[silent]
|switch|p2a: Palossand|Palossand, M|100/100
|move|p1a: Heliolisk|Hyper Voice|p2a: Palossand
|-immune|p2a: Palossand
|
|upkeep
|turn|18
|
|t:|1622924538
|move|p1a: Heliolisk|Surf|p2a: Palossand
|-supereffective|p2a: Palossand
|-crit|p2a: Palossand
|-damage|p2a: Palossand|0 fnt
|faint|p2a: Palossand
|
|upkeep
|
|t:|1622924541
|switch|p2a: Thwackey|Thwackey, M|100/100
|-fieldstart|move: Grassy Terrain|[from] ability: Grassy Surge|[of] p2a: Thwackey
|turn|19
|
|t:|1622924543
|switch|p1a: Whimsicott|Whimsicott, F|100/100
|move|p2a: Thwackey|Grassy Glide|p1a: Whimsicott
|-resisted|p1a: Whimsicott
|-damage|p1a: Whimsicott|59/100
|
|-heal|p1a: Whimsicott|65/100|[from] Grassy Terrain
|upkeep
|turn|20
|
|t:|1622924545
|switch|p2a: Silvally|Silvally-Fairy|67/100
|move|p1a: Whimsicott|Sunny Day|p1a: Whimsicott
|-weather|SunnyDay
|
|-weather|SunnyDay|[upkeep]
|-heal|p1a: Whimsicott|71/100|[from] Grassy Terrain
|-heal|p2a: Silvally|73/100|[from] Grassy Terrain
|upkeep
|turn|21
|
|t:|1622924552
|move|p1a: Whimsicott|Moonblast|p2a: Silvally
|-damage|p2a: Silvally|42/100
|move|p2a: Silvally|Parting Shot|p1a: Whimsicott
|-unboost|p1a: Whimsicott|atk|1
|-unboost|p1a: Whimsicott|spa|1
|
|t:|1622924555
|switch|p2a: Regigigas|Regigigas|53/100|[from]move: Parting Shot
|-start|p2a: Regigigas|ability: Slow Start
|
|-weather|SunnyDay|[upkeep]
|-heal|p1a: Whimsicott|77/100|[from] Grassy Terrain
|-heal|p2a: Regigigas|60/100|[from] Grassy Terrain
|-heal|p2a: Regigigas|66/100|[from] item: Leftovers
|upkeep
|turn|22
|
|t:|1622924562
|move|p1a: Whimsicott|Moonblast|p2a: Regigigas
|-damage|p2a: Regigigas|48/100
|move|p2a: Regigigas|Substitute|p2a: Regigigas
|-start|p2a: Regigigas|Substitute
|-damage|p2a: Regigigas|23/100
|
|-weather|SunnyDay|[upkeep]
|-heal|p1a: Whimsicott|83/100|[from] Grassy Terrain
|-heal|p2a: Regigigas|29/100|[from] Grassy Terrain
|-heal|p2a: Regigigas|35/100|[from] item: Leftovers
|upkeep
|turn|23
|
|t:|1622924570
|move|p2a: Regigigas|Protect|p2a: Regigigas
|-singleturn|p2a: Regigigas|Protect
|move|p1a: Whimsicott|Encore|p2a: Regigigas
|-activate|p2a: Regigigas|move: Protect
|
|-weather|SunnyDay|[upkeep]
|-heal|p1a: Whimsicott|89/100|[from] Grassy Terrain
|-heal|p2a: Regigigas|42/100|[from] Grassy Terrain
|-heal|p2a: Regigigas|48/100|[from] item: Leftovers
|-fieldend|move: Grassy Terrain
|upkeep
|turn|24
|
|t:|1622924581
|move|p2a: Regigigas|Protect||[still]
|-fail|p2a: Regigigas
|move|p1a: Whimsicott|Encore|p2a: Regigigas
|-start|p2a: Regigigas|Encore
|
|-weather|SunnyDay|[upkeep]
|-heal|p2a: Regigigas|54/100|[from] item: Leftovers
|upkeep
|turn|25
|
|t:|1622924588
|switch|p1a: Heliolisk|Heliolisk, F|32/100
|move|p2a: Regigigas|Protect||[still]
|-fail|p2a: Regigigas
|
|-weather|SunnyDay|[upkeep]
|-damage|p1a: Heliolisk|19/100|[from] ability: Solar Power|[of] p1a: Heliolisk
|-heal|p2a: Regigigas|60/100|[from] item: Leftovers
|-end|p2a: Regigigas|Slow Start
|upkeep
|turn|26
|
|t:|1622924597
|switch|p1a: Whimsicott|Whimsicott, F|89/100
|move|p2a: Regigigas|Protect||[still]
|-fail|p2a: Regigigas
|
|-weather|SunnyDay|[upkeep]
|-heal|p2a: Regigigas|66/100|[from] item: Leftovers
|upkeep
|turn|27
|
|t:|1622924606
|move|p2a: Regigigas|Protect|p2a: Regigigas
|-singleturn|p2a: Regigigas|Protect
|move|p1a: Whimsicott|Giga Drain|p2a: Regigigas
|-activate|p2a: Regigigas|move: Protect
|
|-weather|none
|-heal|p2a: Regigigas|72/100|[from] item: Leftovers
|-end|p2a: Regigigas|Encore
|upkeep
|turn|28
|
|t:|1622924631
|move|p1a: Whimsicott|Encore|p2a: Regigigas
|-start|p2a: Regigigas|Encore
|move|p2a: Regigigas|Protect||[still]
|-fail|p2a: Regigigas
|
|-heal|p2a: Regigigas|79/100|[from] item: Leftovers
|upkeep
|turn|29
|
|t:|1622924636
|move|p2a: Regigigas|Protect|p2a: Regigigas
|-singleturn|p2a: Regigigas|Protect
|move|p1a: Whimsicott|Sunny Day|p1a: Whimsicott
|-weather|SunnyDay
|
|-weather|SunnyDay|[upkeep]
|-heal|p2a: Regigigas|85/100|[from] item: Leftovers
|-end|p2a: Regigigas|Encore
|upkeep
|turn|30
|
|t:|1622924645
|move|p1a: Whimsicott|Encore||[still]
|-fail|p1a: Whimsicott
|move|p2a: Regigigas|Body Slam|p1a: Whimsicott
|-damage|p1a: Whimsicott|1/100
|-status|p1a: Whimsicott|par
|
|-weather|SunnyDay|[upkeep]
|-heal|p2a: Regigigas|91/100|[from] item: Leftovers
|upkeep
|turn|31
|
|t:|1622924652
|move|p2a: Regigigas|Knock Off|p1a: Whimsicott
|-resisted|p1a: Whimsicott
|-damage|p1a: Whimsicott|0 fnt
|-enditem|p1a: Whimsicott|Heat Rock|[from] move: Knock Off|[of] p2a: Regigigas
|faint|p1a: Whimsicott
|
|-weather|SunnyDay|[upkeep]
|-heal|p2a: Regigigas|97/100|[from] item: Leftovers
|upkeep
|
|t:|1622924661
|switch|p1a: Gurdurr|Gurdurr, M|100/100
|turn|32
|
|t:|1622924664
|move|p2a: Regigigas|Knock Off|p1a: Gurdurr
|-resisted|p1a: Gurdurr
|-damage|p1a: Gurdurr|85/100
|-enditem|p1a: Gurdurr|Eviolite|[from] move: Knock Off|[of] p2a: Regigigas
|move|p1a: Gurdurr|Drain Punch|p2a: Regigigas
|-supereffective|p2a: Regigigas
|-end|p2a: Regigigas|Substitute
|-heal|p1a: Gurdurr|99/100|[from] drain|[of] p2a: Regigigas
|
|-weather|SunnyDay|[upkeep]
|-heal|p2a: Regigigas|100/100|[from] item: Leftovers
|upkeep
|turn|33
|
|t:|1622924670
|move|p2a: Regigigas|Body Slam|p1a: Gurdurr
|-damage|p1a: Gurdurr|39/100
|-status|p1a: Gurdurr|par
|move|p1a: Gurdurr|Drain Punch|p2a: Regigigas
|-supereffective|p2a: Regigigas
|-damage|p2a: Regigigas|15/100
|-heal|p1a: Gurdurr|88/100 par|[from] drain|[of] p2a: Regigigas
|
|-weather|SunnyDay|[upkeep]
|-heal|p2a: Regigigas|21/100|[from] item: Leftovers
|upkeep
|turn|34
|
|t:|1622924676
|cant|p1a: Gurdurr|par
|move|p2a: Regigigas|Body Slam|p1a: Gurdurr
|-damage|p1a: Gurdurr|26/100 par
|
|-weather|SunnyDay|[upkeep]
|-heal|p2a: Regigigas|27/100|[from] item: Leftovers
|upkeep
|turn|35
|
|t:|1622924680
|move|p1a: Gurdurr|Mach Punch|p2a: Regigigas
|-supereffective|p2a: Regigigas
|-damage|p2a: Regigigas|0 fnt
|faint|p2a: Regigigas
|-end|p2a: Regigigas|Slow Start|[silent]
|
|-weather|SunnyDay|[upkeep]
|upkeep
|
|t:|1622924686
|switch|p2a: Heliolisk|Heliolisk, M|100/100
|turn|36
|
|t:|1622924689
|move|p1a: Gurdurr|Mach Punch|p2a: Heliolisk
|-supereffective|p2a: Heliolisk
|-damage|p2a: Heliolisk|0 fnt
|faint|p2a: Heliolisk
|
|-weather|none
|upkeep
|-message|Regi Time forfeited.
|
|win|Geng8y
|raw|Geng8y's rating: 1283 &rarr; <strong>1321</strong><br />(+38 for winning)
|raw|Regi Time's rating: 1474 &rarr; <strong>1444</strong><br />(-30 for losing)
|l|☆Regi Time
