|j|☆iceblazer
|j|☆cafay olay
|t:|1626335702
|gametype|singles
|player|p1|iceblazer|acetrainer-gen4dp|1308
|player|p2|cafay olay|swimmer-gen4dp|1495
|teamsize|p1|6
|teamsize|p2|6
|gen|8
|tier|[Gen 8] PU
|rated|
|rule|Sleep Clause Mod: Limit one foe put to sleep
|rule|Species Clause: Limit one of each Pokémon
|rule|OHKO Clause: OHKO moves are banned
|rule|Evasion Moves Clause: Evasion moves are banned
|rule|Endless Battle Clause: Forcing endless battles is banned
|rule|HP Percentage Mod: HP is shown in percentages
|rule|Dynamax Clause: You cannot dynamax
|clearpoke
|poke|p1|Flapple, F|
|poke|p1|Togedemaru, F|
|poke|p1|Charizard, M|
|poke|p1|Druddigon, F|
|poke|p1|Wishiwashi, M|
|poke|p1|Silvally-*|
|poke|p2|Silvally-*|
|poke|p2|Archeops, F|
|poke|p2|Carracosta, F|
|poke|p2|Charizard, F|
|poke|p2|Sandaconda, M|
|poke|p2|Froslass, F|
|teampreview
|inactive|Battle timer is ON: inactive players will automatically lose when time's up. (requested by iceblazer)
|
|t:|1626335728
|start
|switch|p1a: Wishiwashi|Wishiwashi, M|100/100
|switch|p2a: Froslass|Froslass, F|100/100
|-formechange|p1a: Wishiwashi|Wishiwashi-School||[from] ability: Schooling
|turn|1
|
|t:|1626335734
|move|p2a: Froslass|Spikes|p1a: Wishiwashi
|-sidestart|p1: iceblazer|Spikes
|move|p1a: Wishiwashi|U-turn|p2a: Froslass
|-resisted|p2a: Froslass
|-damage|p2a: Froslass|87/100
|-start|p1a: Wishiwashi|Disable|U-turn|[from] ability: Cursed Body|[of] p2a: Froslass
|
|t:|1626335737
|switch|p1a: Togedemaru|Togedemaru, F|100/100|[from]move: U-turn
|-damage|p1a: Togedemaru|88/100|[from] Spikes
|
|upkeep
|turn|2
|
|t:|1626335751
|switch|p2a: Sandaconda|Sandaconda, M|100/100
|move|p1a: Togedemaru|Iron Head|p2a: Sandaconda
|-damage|p2a: Sandaconda|66/100
|
|upkeep
|turn|3
|
|t:|1626335771
|switch|p1a: Charizard|Charizard, M|100/100
|move|p2a: Sandaconda|Earthquake|p1a: Charizard
|-immune|p1a: Charizard
|
|upkeep
|turn|4
|
|t:|1626335776
|switch|p2a: Archeops|Archeops, F|100/100
|move|p1a: Charizard|Defog|p2a: Archeops
|-unboost|p2a: Archeops|evasion|1
|-sideend|p1: iceblazer|Spikes|[from] move: Defog|[of] p1a: Charizard
|
|upkeep
|turn|5
|
|t:|1626335787
|switch|p1a: Wishiwashi|Wishiwashi, M|100/100
|-formechange|p1a: Wishiwashi|Wishiwashi-School||[from] ability: Schooling
|move|p2a: Archeops|Stealth Rock|p1a: Wishiwashi
|-sidestart|p1: iceblazer|move: Stealth Rock
|
|upkeep
|turn|6
|
|t:|1626335799
|switch|p2a: Froslass|Froslass, F|87/100
|move|p1a: Wishiwashi|Scald|p2a: Froslass
|-damage|p2a: Froslass|35/100
|
|upkeep
|turn|7
|
|t:|1626335804
|move|p2a: Froslass|Destiny Bond|p2a: Froslass
|-singlemove|p2a: Froslass|Destiny Bond
|move|p1a: Wishiwashi|Scald|p2a: Froslass
|-damage|p2a: Froslass|0 fnt
|faint|p2a: Froslass
|-activate|p2a: Froslass|move: Destiny Bond
|faint|p1a: Wishiwashi
|
|upkeep
|
|t:|1626335815
|switch|p2a: Sandaconda|Sandaconda, M|66/100
|switch|p1a: Flapple|Flapple, F|100/100
|-damage|p1a: Flapple|88/100|[from] Stealth Rock
|turn|8
|
|t:|1626335822
|switch|p2a: Silvally|Silvally-Steel|100/100
|move|p1a: Flapple|U-turn|p2a: Silvally
|-resisted|p2a: Silvally
|-damage|p2a: Silvally|72/100
|
|t:|1626335827
|switch|p1a: Charizard|Charizard, M|100/100|[from]move: U-turn
|
|upkeep
|turn|9
|
|t:|1626335833
|switch|p2a: Archeops|Archeops, F|100/100
|move|p1a: Charizard|Defog|p2a: Archeops
|-unboost|p2a: Archeops|evasion|1
|-sideend|p1: iceblazer|Stealth Rock|[from] move: Defog|[of] p1a: Charizard
|
|upkeep
|turn|10
|
|t:|1626335845
|switch|p1a: Silvally|Silvally-Fairy|100/100
|move|p2a: Archeops|Earthquake|p1a: Silvally
|-crit|p1a: Silvally
|-damage|p1a: Silvally|63/100
|
|upkeep
|turn|11
|
|t:|1626335851
|move|p2a: Archeops|Stealth Rock|p1a: Silvally
|-sidestart|p1: iceblazer|move: Stealth Rock
|move|p1a: Silvally|Rock Slide|p2a: Archeops
|-supereffective|p2a: Archeops
|-crit|p2a: Archeops
|-damage|p2a: Archeops|10/100
|
|upkeep
|turn|12
|
|t:|1626335860
|move|p2a: Archeops|Stone Edge|p1a: Silvally
|-damage|p1a: Silvally|43/100
|move|p1a: Silvally|Defog|p2a: Archeops
|-unboost|p2a: Archeops|evasion|1
|-sideend|p1: iceblazer|Stealth Rock|[from] move: Defog|[of] p1a: Silvally
|
|upkeep
|turn|13
|
|t:|1626335863
|move|p2a: Archeops|Stealth Rock|p1a: Silvally
|-sidestart|p1: iceblazer|move: Stealth Rock
|move|p1a: Silvally|Multi-Attack|p2a: Archeops
|-damage|p2a: Archeops|0 fnt
|faint|p2a: Archeops
|
|upkeep
|
|t:|1626335880
|switch|p2a: Silvally|Silvally-Steel|72/100
|turn|14
|
|t:|1626335885
|switch|p1a: Druddigon|Druddigon, F|100/100
|-damage|p1a: Druddigon|88/100|[from] Stealth Rock
|move|p2a: Silvally|Flame Charge|p1a: Druddigon
|-resisted|p1a: Druddigon
|-damage|p1a: Druddigon|83/100
|-boost|p2a: Silvally|spe|1
|-damage|p2a: Silvally|60/100|[from] ability: Rough Skin|[of] p1a: Druddigon
|-damage|p2a: Silvally|43/100|[from] item: Rocky Helmet|[of] p1a: Druddigon
|
|upkeep
|turn|15
|
|t:|1626335892
|move|p2a: Silvally|Multi-Attack|p1a: Druddigon
|-damage|p1a: Druddigon|45/100
|-damage|p2a: Silvally|31/100|[from] ability: Rough Skin|[of] p1a: Druddigon
|-damage|p2a: Silvally|14/100|[from] item: Rocky Helmet|[of] p1a: Druddigon
|move|p1a: Druddigon|Glare|p2a: Silvally
|-status|p2a: Silvally|par
|
|upkeep
|turn|16
|
|t:|1626335896
|move|p2a: Silvally|Multi-Attack|p1a: Druddigon
|-damage|p1a: Druddigon|5/100
|-damage|p2a: Silvally|2/100 par|[from] ability: Rough Skin|[of] p1a: Druddigon
|-damage|p2a: Silvally|0 fnt|[from] item: Rocky Helmet|[of] p1a: Druddigon
|faint|p2a: Silvally
|move|p1a: Druddigon|Earthquake|p2: Silvally|[notarget]
|-fail|p1a: Druddigon
|
|upkeep
|
|t:|1626335898
|switch|p2a: Sandaconda|Sandaconda, M|66/100
|turn|17
|
|t:|1626335905
|move|p2a: Sandaconda|Coil|p2a: Sandaconda
|-boost|p2a: Sandaconda|atk|1
|-boost|p2a: Sandaconda|def|1
|-boost|p2a: Sandaconda|accuracy|1
|move|p1a: Druddigon|Dragon Tail|p2a: Sandaconda
|-damage|p2a: Sandaconda|50/100
|-enditem|p2a: Sandaconda|Sitrus Berry|[eat]
|-heal|p2a: Sandaconda|75/100|[from] item: Sitrus Berry
|drag|p2a: Carracosta|Carracosta, F|100/100
|
|upkeep
|turn|18
|
|t:|1626335910
|move|p2a: Carracosta|Stone Edge|p1a: Druddigon|[miss]
|-miss|p2a: Carracosta|p1a: Druddigon
|move|p1a: Druddigon|Glare|p2a: Carracosta
|-status|p2a: Carracosta|par
|
|upkeep
|turn|19
|
|t:|1626335913
|move|p1a: Druddigon|Earthquake|p2a: Carracosta
|-supereffective|p2a: Carracosta
|-damage|p2a: Carracosta|62/100 par
|move|p2a: Carracosta|Stone Edge|p1a: Druddigon
|-damage|p1a: Druddigon|0 fnt
|faint|p1a: Druddigon
|-damage|p2a: Carracosta|52/100 par|[from] item: Life Orb
|
|upkeep
|
|t:|1626335929
|switch|p1a: Charizard|Charizard, M|100/100
|turn|20
|
|t:|1626335933
|move|p2a: Carracosta|Aqua Jet|p1a: Charizard
|-supereffective|p1a: Charizard
|-damage|p1a: Charizard|32/100
|-damage|p2a: Carracosta|42/100 par|[from] item: Life Orb
|move|p1a: Charizard|Scorching Sands|p2a: Carracosta
|-supereffective|p2a: Carracosta
|-damage|p2a: Carracosta|0 fnt
|faint|p2a: Carracosta
|
|upkeep
|
|t:|1626335936
|switch|p2a: Charizard|Charizard, F|100/100
|turn|21
|
|t:|1626335943
|switch|p1a: Silvally|Silvally-Fairy|43/100
|-damage|p1a: Silvally|30/100|[from] Stealth Rock
|move|p2a: Charizard|Dragon Dance|p2a: Charizard
|-boost|p2a: Charizard|atk|1
|-boost|p2a: Charizard|spe|1
|
|upkeep
|turn|22
|
|t:|1626335950
|move|p2a: Charizard|Earthquake|p1a: Silvally
|-damage|p1a: Silvally|1/100
|move|p1a: Silvally|Parting Shot|p2a: Charizard
|-unboost|p2a: Charizard|atk|1
|-unboost|p2a: Charizard|spa|1
|
|t:|1626335954
|switch|p1a: Flapple|Flapple, F|88/100|[from]move: Parting Shot
|-damage|p1a: Flapple|76/100|[from] Stealth Rock
|
|upkeep
|turn|23
|
|t:|1626335959
|move|p1a: Flapple|Sucker Punch|p2a: Charizard
|-damage|p2a: Charizard|38/100
|move|p2a: Charizard|Flare Blitz|p1a: Flapple
|-damage|p1a: Flapple|7/100
|-status|p1a: Flapple|brn
|-damage|p2a: Charizard|16/100|[from] Recoil
|
|-damage|p1a: Flapple|1/100 brn|[from] brn
|upkeep
|turn|24
|
|t:|1626335969
|switch|p1a: Silvally|Silvally-Fairy|1/100
|-damage|p1a: Silvally|0 fnt|[from] Stealth Rock
|faint|p1a: Silvally
|move|p2a: Charizard|Dragon Dance|p2a: Charizard
|-boost|p2a: Charizard|atk|1
|-boost|p2a: Charizard|spe|1
|
|upkeep
|
|t:|1626335971
|switch|p1a: Togedemaru|Togedemaru, F|88/100
|-damage|p1a: Togedemaru|82/100|[from] Stealth Rock
|turn|25
|
|t:|1626335979
|switch|p1a: Flapple|Flapple, F|1/100 brn
|-damage|p1a: Flapple|0 fnt|[from] Stealth Rock
|faint|p1a: Flapple
|move|p2a: Charizard|Earthquake|p1: Flapple|[notarget]
|-fail|p2a: Charizard
|
|upkeep
|
|t:|1626335980
|switch|p1a: Charizard|Charizard, M|32/100
|turn|26
|
|t:|1626335984
|move|p2a: Charizard|Rock Slide|p1a: Charizard
|-supereffective|p1a: Charizard
|-damage|p1a: Charizard|0 fnt
|faint|p1a: Charizard
|
|upkeep
|
|t:|1626335985
|switch|p1a: Togedemaru|Togedemaru, F|82/100
|-damage|p1a: Togedemaru|77/100|[from] Stealth Rock
|turn|27
|
|t:|1626335989
|move|p2a: Charizard|Earthquake|p1a: Togedemaru
|-supereffective|p1a: Togedemaru
|-damage|p1a: Togedemaru|0 fnt
|faint|p1a: Togedemaru
|
|win|cafay olay
|raw|iceblazer's rating: 1308 &rarr; <strong>1298</strong><br />(-10 for losing)
|raw|cafay olay's rating: 1495 &rarr; <strong>1505</strong><br />(+10 for winning)
