|j|☆zoowi
|j|☆Certified BoyLover
|t:|1629751581
|gametype|singles
|player|p1|zoowi|burglar-gen2|
|player|p2|Certified BoyLover|bruno-gen3|
|teamsize|p1|6
|teamsize|p2|6
|gen|8
|tier|[Gen 8] PU
|rule|Sleep Clause Mod: Limit one foe put to sleep
|rule|Species Clause: Limit one of each Pokémon
|rule|OHKO Clause: OHKO moves are banned
|rule|Evasion Moves Clause: Evasion moves are banned
|rule|Endless Battle Clause: Forcing endless battles is banned
|rule|HP Percentage Mod: HP is shown in percentages
|rule|Dynamax Clause: You cannot dynamax
|clearpoke
|poke|p1|Sandaconda, M|
|poke|p1|Cinccino, F|
|poke|p1|Gourgeist-*, M|
|poke|p1|Rapidash, F|
|poke|p1|Musharna, F|
|poke|p1|Silvally-*|
|poke|p2|Archeops, M|
|poke|p2|Whimsicott, F|
|poke|p2|Aggron, M|
|poke|p2|Charizard, M|
|poke|p2|Basculin, M|
|poke|p2|Sandaconda, F|
|teampreview
|c|☆Certified BoyLover|hf
|inactive|Battle timer is ON: inactive players will automatically lose when time's up. (requested by Certified BoyLover)
|j| Tlenit
|j| Cope + cry + larp
|c| Cope + cry + larp|spread his asscheeks pattek
|j| keep larping
|inactive|zoowi has 270 seconds left.
|inactive|Certified BoyLover has 270 seconds left.
|j|+Greybaum
|c| keep larping|spread My asscheeks pattek
|c|☆zoowi|clenching hard as f
|c|☆Certified BoyLover|How do i turnon modchat
|
|t:|1629751632
|start
|switch|p1a: Sandaconda|Sandaconda, M|100/100
|switch|p2a: theo irl|Basculin, M|100/100
|turn|1
|c| Cope + cry + larp|pattek is a certified asseater bewear
|c| Tlenit|./modchat +
|c|+Greybaum|//modchat + or whatever rank
|raw|<div class="broadcast-red"><strong>Moderated chat was set to +!</strong><br />Only users of rank + and higher can talk.</div>
|
|t:|1629751655
|switch|p1a: Gourgeist|Gourgeist-Super, M|100/100
|-item|p2a: theo irl|Choice Scarf|[from] ability: Frisk|[of] p1a: Gourgeist|[identify]
|move|p2a: theo irl|Hydro Pump|p1a: Gourgeist
|-resisted|p1a: Gourgeist
|-damage|p1a: Gourgeist|67/100
|
|-heal|p1a: Gourgeist|73/100|[from] item: Leftovers
|upkeep
|turn|2
|
|t:|1629751662
|switch|p2a: Charizard|Charizard, M|100/100
|move|p1a: Gourgeist|Poltergeist|p2a: Charizard
|-activate|p2a: Charizard|move: Poltergeist|Heavy-Duty Boots
|-damage|p2a: Charizard|32/100
|
|-heal|p1a: Gourgeist|79/100|[from] item: Leftovers
|upkeep
|turn|3
|inactive|zoowi has 270 seconds left.
|
|t:|1629751704
|switch|p1a: Rapidash|Rapidash, F|100/100
|move|p2a: Charizard|Hurricane|p1a: Rapidash|[miss]
|-miss|p2a: Charizard|p1a: Rapidash
|
|upkeep
|turn|4
|
|t:|1629751716
|switch|p2a: Sandaconda|Sandaconda, F|100/100
|move|p1a: Rapidash|Flare Blitz|p2a: Sandaconda
|-damage|p2a: Sandaconda|76/100
|-damage|p1a: Rapidash|84/100|[from] item: Rocky Helmet|[of] p2a: Sandaconda
|-damage|p1a: Rapidash|76/100|[from] Recoil
|
|upkeep
|turn|5
|
|t:|1629751728
|switch|p1a: Gourgeist|Gourgeist-Super, M|79/100
|-item|p2a: Sandaconda|Rocky Helmet|[from] ability: Frisk|[of] p1a: Gourgeist|[identify]
|switch|p2a: Charizard|Charizard, M|32/100
|
|-heal|p1a: Gourgeist|85/100|[from] item: Leftovers
|upkeep
|turn|6
|
|t:|1629751733
|switch|p1a: Sandaconda|Sandaconda, M|100/100
|move|p2a: Charizard|Hurricane|p1a: Sandaconda
|-damage|p1a: Sandaconda|24/100
|
|upkeep
|turn|7
|
|t:|1629751740
|move|p1a: Sandaconda|Stone Edge|p2a: Charizard
|-supereffective|p2a: Charizard
|-damage|p2a: Charizard|0 fnt
|faint|p2a: Charizard
|
|upkeep
|c|☆zoowi|out
|c|☆Certified BoyLover|what the fuc
|
|t:|1629751749
|switch|p2a: Aggron|Aggron, M|100/100
|turn|8
|c|☆zoowi|im satisfied now
|
|t:|1629751768
|switch|p1a: Rapidash|Rapidash, F|76/100
|move|p2a: Aggron|Stealth Rock|p1a: Rapidash
|-sidestart|p1: zoowi|move: Stealth Rock
|
|upkeep
|turn|9
|
|t:|1629751773
|switch|p2a: Sandaconda|Sandaconda, F|76/100
|move|p1a: Rapidash|Flare Blitz|p2a: Sandaconda
|-damage|p2a: Sandaconda|49/100
|-damage|p1a: Rapidash|59/100|[from] item: Rocky Helmet|[of] p2a: Sandaconda
|-damage|p1a: Rapidash|50/100|[from] Recoil
|
|upkeep
|turn|10
|
|t:|1629751789
|switch|p2a: Archeops|Archeops, M|100/100
|move|p1a: Rapidash|Morning Sun|p1a: Rapidash
|-heal|p1a: Rapidash|99/100
|
|upkeep
|turn|11
|inactive|zoowi has 270 seconds left.
|
|t:|1629751813
|switch|p1a: Sandaconda|Sandaconda, M|24/100
|-damage|p1a: Sandaconda|18/100|[from] Stealth Rock
|move|p2a: Archeops|Stone Edge|p1a: Sandaconda
|-resisted|p1a: Sandaconda
|-damage|p1a: Sandaconda|0 fnt
|faint|p1a: Sandaconda
|
|upkeep
|
|t:|1629751815
|switch|p1a: Cinccino|Cinccino, F|100/100
|turn|12
|
|t:|1629751822
|switch|p2a: Aggron|Aggron, M|100/100
|move|p1a: Cinccino|Bullet Seed|p2a: Aggron
|-damage|p2a: Aggron|96/100
|-damage|p2a: Aggron|92/100
|-damage|p2a: Aggron|88/100
|-damage|p2a: Aggron|84/100
|-damage|p2a: Aggron|80/100
|-hitcount|p2a: Aggron|5
|
|-heal|p2a: Aggron|86/100|[from] item: Leftovers
|upkeep
|turn|13
|
|t:|1629751830
|move|p1a: Cinccino|U-turn|p2a: Aggron
|-resisted|p2a: Aggron
|-damage|p2a: Aggron|81/100
|
|t:|1629751832
|switch|p1a: Gourgeist|Gourgeist-Super, M|85/100|[from]move: U-turn
|-damage|p1a: Gourgeist|73/100|[from] Stealth Rock
|-item|p2a: Aggron|Leftovers|[from] ability: Frisk|[of] p1a: Gourgeist|[identify]
|move|p2a: Aggron|Head Smash|p1a: Gourgeist
|-damage|p1a: Gourgeist|30/100
|
|-heal|p1a: Gourgeist|36/100|[from] item: Leftovers
|-heal|p2a: Aggron|87/100|[from] item: Leftovers
|upkeep
|turn|14
|
|t:|1629751845
|switch|p2a: Whimsicott|Whimsicott, F|100/100
|move|p1a: Gourgeist|Synthesis|p1a: Gourgeist
|-heal|p1a: Gourgeist|86/100
|
|-heal|p1a: Gourgeist|92/100|[from] item: Leftovers
|upkeep
|turn|15
|
|t:|1629751852
|switch|p1a: Rapidash|Rapidash, F|99/100
|move|p2a: Whimsicott|Moonblast|p1a: Rapidash
|-resisted|p1a: Rapidash
|-damage|p1a: Rapidash|65/100
|
|upkeep
|turn|16
|
|t:|1629751860
|switch|p2a: Archeops|Archeops, M|100/100
|move|p1a: Rapidash|Flare Blitz|p2a: Archeops
|-resisted|p2a: Archeops
|-damage|p2a: Archeops|65/100
|-damage|p1a: Rapidash|54/100|[from] Recoil
|
|upkeep
|turn|17
|
|t:|1629751872
|switch|p1a: Cinccino|Cinccino, F|100/100
|move|p2a: Archeops|Stone Edge|p1a: Cinccino
|-damage|p1a: Cinccino|0 fnt
|faint|p1a: Cinccino
|
|upkeep
|
|t:|1629751874
|switch|p1a: Gourgeist|Gourgeist-Super, M|92/100
|-damage|p1a: Gourgeist|80/100|[from] Stealth Rock
|-item|p2a: Archeops|Heavy-Duty Boots|[from] ability: Frisk|[of] p1a: Gourgeist|[identify]
|turn|18
|
|t:|1629751881
|move|p2a: Archeops|U-turn|p1a: Gourgeist
|-damage|p1a: Gourgeist|60/100
|inactive|Certified BoyLover has 270 seconds left.
|inactive|Certified BoyLover has 240 seconds left.
|inactive|Certified BoyLover has 210 seconds left.
|
|t:|1629751996
|switch|p2a: Aggron|Aggron, M|87/100|[from]move: U-turn
|move|p1a: Gourgeist|Poltergeist|p2a: Aggron
|-activate|p2a: Aggron|move: Poltergeist|Leftovers
|-damage|p2a: Aggron|57/100
|
|-heal|p1a: Gourgeist|67/100|[from] item: Leftovers
|-heal|p2a: Aggron|63/100|[from] item: Leftovers
|upkeep
|turn|19
|
|t:|1629752004
|move|p1a: Gourgeist|Synthesis|p1a: Gourgeist
|-heal|p1a: Gourgeist|100/100
|move|p2a: Aggron|Head Smash|p1a: Gourgeist
|-crit|p1a: Gourgeist
|-damage|p1a: Gourgeist|31/100
|
|-heal|p1a: Gourgeist|37/100|[from] item: Leftovers
|-heal|p2a: Aggron|69/100|[from] item: Leftovers
|upkeep
|turn|20
|
|t:|1629752006
|move|p1a: Gourgeist|Synthesis|p1a: Gourgeist
|-heal|p1a: Gourgeist|87/100
|move|p2a: Aggron|Head Smash|p1a: Gourgeist|[miss]
|-miss|p2a: Aggron|p1a: Gourgeist
|
|-heal|p1a: Gourgeist|94/100|[from] item: Leftovers
|-heal|p2a: Aggron|75/100|[from] item: Leftovers
|upkeep
|turn|21
|
|t:|1629752023
|move|p2a: Aggron|Protect|p2a: Aggron
|-singleturn|p2a: Aggron|Protect
|move|p1a: Gourgeist|Power Whip|p2a: Aggron
|-activate|p2a: Aggron|move: Protect
|
|-heal|p1a: Gourgeist|99/100|[from] item: Leftovers
|-heal|p2a: Aggron|81/100|[from] item: Leftovers
|upkeep
|turn|22
|inactive|Certified BoyLover has 210 seconds left.
|
|t:|1629752029
|move|p1a: Gourgeist|Power Whip|p2a: Aggron|[miss]
|-miss|p1a: Gourgeist|p2a: Aggron
|move|p2a: Aggron|Head Smash|p1a: Gourgeist
|-damage|p1a: Gourgeist|55/100
|
|-heal|p1a: Gourgeist|61/100|[from] item: Leftovers
|-heal|p2a: Aggron|87/100|[from] item: Leftovers
|upkeep
|turn|23
|
|t:|1629752034
|move|p1a: Gourgeist|Power Whip|p2a: Aggron
|-damage|p2a: Aggron|50/100
|move|p2a: Aggron|Head Smash|p1a: Gourgeist
|-crit|p1a: Gourgeist
|-damage|p1a: Gourgeist|0 fnt
|faint|p1a: Gourgeist
|
|-heal|p2a: Aggron|57/100|[from] item: Leftovers
|upkeep
|inactive|zoowi has 270 seconds left.
|
|t:|1629752065
|switch|p1a: Rapidash|Rapidash, F|54/100
|turn|24
|inactive|Certified BoyLover has 210 seconds left.
|inactive|Certified BoyLover has 180 seconds left.
|
|t:|1629752122
|move|p1a: Rapidash|Flare Blitz|p2a: Aggron
|-damage|p2a: Aggron|30/100
|-damage|p1a: Rapidash|45/100|[from] Recoil
|move|p2a: Aggron|Head Smash|p1a: Rapidash
|-supereffective|p1a: Rapidash
|-crit|p1a: Rapidash
|-damage|p1a: Rapidash|0 fnt
|-status|p2a: Aggron|brn|[from] ability: Flame Body|[of] p1a: Rapidash
|faint|p1a: Rapidash
|
|-heal|p2a: Aggron|37/100 brn|[from] item: Leftovers
|-damage|p2a: Aggron|30/100 brn|[from] brn
|upkeep
|
|t:|1629752131
|switch|p1a: Musharna|Musharna, F|100/100
|-damage|p1a: Musharna|88/100|[from] Stealth Rock
|turn|25
|
|t:|1629752134
|switch|p2a: Whimsicott|Whimsicott, F|100/100
|move|p1a: Musharna|Calm Mind|p1a: Musharna
|-boost|p1a: Musharna|spa|1
|-boost|p1a: Musharna|spd|1
|
|-heal|p1a: Musharna|94/100|[from] item: Leftovers
|upkeep
|turn|26
|
|t:|1629752137
|switch|p1a: Silvally|Silvally-Fairy|100/100
|-damage|p1a: Silvally|88/100|[from] Stealth Rock
|move|p2a: Whimsicott|Moonblast|p1a: Silvally
|-damage|p1a: Silvally|36/100
|
|upkeep
|turn|27
|
|t:|1629752140
|move|p2a: Whimsicott|Moonblast|p1a: Silvally
|-damage|p1a: Silvally|0 fnt
|faint|p1a: Silvally
|
|upkeep
|
|t:|1629752141
|switch|p1a: Musharna|Musharna, F|94/100
|-damage|p1a: Musharna|82/100|[from] Stealth Rock
|turn|28
|
|t:|1629752145
|move|p2a: Whimsicott|Moonblast|p1a: Musharna
|-damage|p1a: Musharna|43/100
|move|p1a: Musharna|Moonlight|p1a: Musharna
|-heal|p1a: Musharna|93/100
|
|-heal|p1a: Musharna|99/100|[from] item: Leftovers
|upkeep
|turn|29
|inactive|Certified BoyLover has 210 seconds left.
|
|t:|1629752192
|move|p2a: Whimsicott|Moonblast|p1a: Musharna
|-damage|p1a: Musharna|58/100
|move|p1a: Musharna|Calm Mind|p1a: Musharna
|-boost|p1a: Musharna|spa|1
|-boost|p1a: Musharna|spd|1
|
|-heal|p1a: Musharna|64/100|[from] item: Leftovers
|upkeep
|turn|30
|
|t:|1629752196
|move|p2a: Whimsicott|Moonblast|p1a: Musharna
|-damage|p1a: Musharna|36/100
|move|p1a: Musharna|Calm Mind|p1a: Musharna
|-boost|p1a: Musharna|spa|1
|-boost|p1a: Musharna|spd|1
|
|-heal|p1a: Musharna|42/100|[from] item: Leftovers
|upkeep
|turn|31
|
|t:|1629752199
|move|p2a: Whimsicott|Moonblast|p1a: Musharna
|-damage|p1a: Musharna|20/100
|move|p1a: Musharna|Moonlight|p1a: Musharna
|-heal|p1a: Musharna|70/100
|
|-heal|p1a: Musharna|76/100|[from] item: Leftovers
|upkeep
|turn|32
|
|t:|1629752201
|move|p2a: Whimsicott|Moonblast|p1a: Musharna
|-damage|p1a: Musharna|55/100
|-unboost|p1a: Musharna|spa|1
|move|p1a: Musharna|Psychic|p2a: Whimsicott
|-damage|p2a: Whimsicott|17/100
|
|-heal|p1a: Musharna|61/100|[from] item: Leftovers
|upkeep
|turn|33
|
|t:|1629752204
|move|p2a: Whimsicott|Moonblast|p1a: Musharna
|-damage|p1a: Musharna|41/100
|move|p1a: Musharna|Moonlight|p1a: Musharna
|-heal|p1a: Musharna|91/100
|
|-heal|p1a: Musharna|97/100|[from] item: Leftovers
|upkeep
|turn|34
|
|t:|1629752206
|move|p2a: Whimsicott|Moonblast|p1a: Musharna
|-damage|p1a: Musharna|75/100
|move|p1a: Musharna|Calm Mind|p1a: Musharna
|-boost|p1a: Musharna|spa|1
|-boost|p1a: Musharna|spd|1
|
|-heal|p1a: Musharna|81/100|[from] item: Leftovers
|upkeep
|turn|35
|
|t:|1629752208
|move|p2a: Whimsicott|Moonblast|p1a: Musharna
|-damage|p1a: Musharna|63/100
|move|p1a: Musharna|Calm Mind|p1a: Musharna
|-boost|p1a: Musharna|spa|1
|-boost|p1a: Musharna|spd|1
|
|-heal|p1a: Musharna|69/100|[from] item: Leftovers
|upkeep
|turn|36
|
|t:|1629752211
|move|p2a: Whimsicott|Moonblast|p1a: Musharna
|-damage|p1a: Musharna|54/100
|move|p1a: Musharna|Moonlight|p1a: Musharna
|-heal|p1a: Musharna|100/100
|
|upkeep
|turn|37
|
|t:|1629752212
|move|p2a: Whimsicott|Moonblast|p1a: Musharna
|-damage|p1a: Musharna|86/100
|move|p1a: Musharna|Psychic|p2a: Whimsicott
|-crit|p2a: Whimsicott
|-damage|p2a: Whimsicott|0 fnt
|faint|p2a: Whimsicott
|
|-heal|p1a: Musharna|92/100|[from] item: Leftovers
|upkeep
|
|t:|1629752216
|switch|p2a: Archeops|Archeops, M|65/100
|turn|38
|
|t:|1629752219
|move|p2a: Archeops|U-turn|p1a: Musharna
|-supereffective|p1a: Musharna
|-damage|p1a: Musharna|62/100
|
|t:|1629752221
|switch|p2a: Aggron|Aggron, M|30/100 brn|[from]move: U-turn
|move|p1a: Musharna|Psychic|p2a: Aggron
|-resisted|p2a: Aggron
|-damage|p2a: Aggron|0 fnt
|faint|p2a: Aggron
|
|-heal|p1a: Musharna|68/100|[from] item: Leftovers
|upkeep
|inactive|Certified BoyLover has 270 seconds left.
|
|t:|1629752247
|switch|p2a: Archeops|Archeops, M|65/100
|turn|39
|
|t:|1629752250
|move|p2a: Archeops|Stone Edge|p1a: Musharna
|-damage|p1a: Musharna|32/100
|move|p1a: Musharna|Moonlight|p1a: Musharna
|-heal|p1a: Musharna|82/100
|
|-heal|p1a: Musharna|89/100|[from] item: Leftovers
|upkeep
|turn|40
|
|t:|1629752254
|move|p2a: Archeops|U-turn|p1a: Musharna
|-supereffective|p1a: Musharna
|-damage|p1a: Musharna|59/100
|inactive|Certified BoyLover has 270 seconds left.
|
|t:|1629752302
|switch|p2a: theo irl|Basculin, M|100/100|[from]move: U-turn
|move|p1a: Musharna|Psychic|p2a: theo irl
|-damage|p2a: theo irl|0 fnt
|faint|p2a: theo irl
|
|-heal|p1a: Musharna|65/100|[from] item: Leftovers
|upkeep
|
|t:|1629752315
|switch|p2a: Archeops|Archeops, M|65/100
|turn|41
|
|t:|1629752317
|move|p2a: Archeops|Stone Edge|p1a: Musharna
|-damage|p1a: Musharna|32/100
|move|p1a: Musharna|Moonlight|p1a: Musharna
|-heal|p1a: Musharna|82/100
|
|-heal|p1a: Musharna|89/100|[from] item: Leftovers
|upkeep
|turn|42
|
|t:|1629752319
|move|p2a: Archeops|Stone Edge|p1a: Musharna
|-damage|p1a: Musharna|52/100
|move|p1a: Musharna|Moonlight|p1a: Musharna
|-heal|p1a: Musharna|100/100
|
|upkeep
|turn|43
|inactive|Certified BoyLover has 270 seconds left.
|
|t:|1629752350
|move|p2a: Archeops|U-turn|p1a: Musharna
|-supereffective|p1a: Musharna
|-damage|p1a: Musharna|67/100
|
|t:|1629752352
|switch|p2a: Sandaconda|Sandaconda, F|49/100|[from]move: U-turn
|move|p1a: Musharna|Psychic|p2a: Sandaconda
|-damage|p2a: Sandaconda|0 fnt
|faint|p2a: Sandaconda
|
|-heal|p1a: Musharna|73/100|[from] item: Leftovers
|upkeep
|
|t:|1629752354
|switch|p2a: Archeops|Archeops, M|65/100
|turn|44
|
|t:|1629752355
|move|p2a: Archeops|Stone Edge|p1a: Musharna
|-crit|p1a: Musharna
|-damage|p1a: Musharna|20/100
|move|p1a: Musharna|Psychic|p2a: Archeops
|-damage|p2a: Archeops|0 fnt
|faint|p2a: Archeops
|
|win|zoowi
|c|☆Certified BoyLover|gg
|c|☆zoowi|gg
|l|☆Certified BoyLover
|l|☆zoowi
|j|☆zoowi
|player|p1|zoowi|burglar-gen2
