|j|☆acluh1
|j|☆MrShroom
|t:|1653667903
|gametype|singles
|player|p1|acluh1|karen|
|player|p2|MrShroom|266|
|teamsize|p1|6
|teamsize|p2|6
|gen|8
|tier|[Gen 8] PU
|rule|Sleep Clause Mod: Limit one foe put to sleep
|rule|Species Clause: Limit one of each Pokémon
|rule|OHKO Clause: OHKO moves are banned
|rule|Evasion Moves Clause: Evasion moves are banned
|rule|Endless Battle Clause: Forcing endless battles is banned
|rule|HP Percentage Mod: HP is shown in percentages
|rule|Dynamax Clause: You cannot dynamax
|clearpoke
|poke|p1|Charizard, M|
|poke|p1|Gigalith, F|
|poke|p1|Ribombee, F|
|poke|p1|Sandaconda, M|
|poke|p1|Scrafty, M|
|poke|p1|Trevenant, M|
|poke|p2|Articuno-Galar|
|poke|p2|Gigalith, F|
|poke|p2|Boltund, F|
|poke|p2|Scyther, F|
|poke|p2|Scrafty, F|
|poke|p2|Sandslash, F|
|teampreview
|inactive|Battle timer is ON: inactive players will automatically lose when time's up. (requested by acluh1)
|c|☆acluh1|gl
|c|☆MrShroom|gll hf
|
|t:|1653667932
|start
|switch|p1a: Trevenant|Trevenant, M, shiny|100/100
|switch|p2a: Gigalith|Gigalith, F|100/100
|-weather|Sandstorm|[from] ability: Sand Stream|[of] p2a: Gigalith
|turn|1
|
|t:|1653667940
|switch|p2a: Scyther|Scyther, F|100/100
|move|p1a: Trevenant|Poltergeist|p2a: Scyther
|-activate|p2a: Scyther|move: Poltergeist|Heavy-Duty Boots
|-damage|p2a: Scyther|0 fnt
|faint|p2a: Scyther
|
|-weather|Sandstorm|[upkeep]
|-damage|p1a: Trevenant|94/100|[from] Sandstorm
|upkeep
|c|☆MrShroom|thats strong hahaha
|
|t:|1653667956
|switch|p2a: Scrafty|Scrafty, F|100/100
|turn|2
|c|☆acluh1|i love it so much
|c|☆MrShroom|i was also thinking of making a ghostspam team
|c|☆acluh1|trev is so good
|
|t:|1653667979
|switch|p1a: Ribombee|Ribombee, F, shiny|100/100
|move|p2a: Scrafty|Dragon Dance|p2a: Scrafty
|-boost|p2a: Scrafty|atk|1
|-boost|p2a: Scrafty|spe|1
|
|-weather|Sandstorm|[upkeep]
|-damage|p1a: Ribombee|94/100|[from] Sandstorm
|-damage|p2a: Scrafty|95/100|[from] Sandstorm
|upkeep
|turn|3
|c|☆acluh1|its so hard to switch in
|
|t:|1653667987
|move|p1a: Ribombee|Moonblast|p2a: Scrafty
|-supereffective|p2a: Scrafty
|-damage|p2a: Scrafty|0 fnt
|faint|p2a: Scrafty
|
|-weather|Sandstorm|[upkeep]
|-damage|p1a: Ribombee|88/100|[from] Sandstorm
|upkeep
|
|t:|1653667994
|switch|p2a: Gigalith|Gigalith, F|100/100
|turn|4
|
|t:|1653667999
|switch|p1a: Sandaconda|Sandaconda, M, shiny|100/100
|move|p2a: Gigalith|Rock Blast|p1a: Sandaconda
|-resisted|p1a: Sandaconda
|-damage|p1a: Sandaconda|96/100
|-resisted|p1a: Sandaconda
|-damage|p1a: Sandaconda|90/100
|-resisted|p1a: Sandaconda
|-damage|p1a: Sandaconda|86/100
|-hitcount|p1a: Sandaconda|3
|
|-weather|Sandstorm|[upkeep]
|upkeep
|turn|5
|c|☆MrShroom|threw away the game there
|c|☆MrShroom|though id outspeed but obviously not
|
|t:|1653668020
|switch|p2a: Articuno|Articuno-Galar|100/100
|move|p1a: Sandaconda|Glare|p2a: Articuno
|-status|p2a: Articuno|par
|
|-weather|Sandstorm|[upkeep]
|-damage|p2a: Articuno|94/100 par|[from] Sandstorm
|upkeep
|turn|6
|c|☆acluh1|i ran max speed just for that
|
|t:|1653668037
|move|p1a: Sandaconda|Rock Slide|p2a: Articuno
|-supereffective|p2a: Articuno
|-damage|p2a: Articuno|51/100 par
|cant|p2a: Articuno|flinch
|
|-weather|Sandstorm|[upkeep]
|-damage|p2a: Articuno|44/100 par|[from] Sandstorm
|upkeep
|turn|7
|inactive|MrShroom has 270 seconds left.
|
|t:|1653668058
|switch|p1a: Gigalith|Gigalith, F, shiny|100/100
|switch|p2a: Gigalith|Gigalith, F|100/100
|
|-weather|Sandstorm|[upkeep]
|upkeep
|turn|8
|inactive|MrShroom has 270 seconds left.
|c|☆MrShroom|paraflinch sandaconda is also quite mean
|
|t:|1653668068
|move|p1a: Gigalith|Earthquake|p2a: Gigalith
|-supereffective|p2a: Gigalith
|-damage|p2a: Gigalith|57/100
|move|p2a: Gigalith|Earthquake|p1a: Gigalith
|-supereffective|p1a: Gigalith
|-damage|p1a: Gigalith|44/100
|
|-weather|none
|-heal|p1a: Gigalith|50/100|[from] item: Leftovers
|upkeep
|turn|9
|inactive|MrShroom has 270 seconds left.
|
|t:|1653668080
|move|p1a: Gigalith|Earthquake|p2a: Gigalith
|-supereffective|p2a: Gigalith
|-damage|p2a: Gigalith|17/100
|move|p2a: Gigalith|Earthquake|p1a: Gigalith
|-supereffective|p1a: Gigalith
|-damage|p1a: Gigalith|0 fnt
|faint|p1a: Gigalith
|
|upkeep
|c|☆acluh1|lol
|
|t:|1653668091
|switch|p1a: Ribombee|Ribombee, F, shiny|88/100
|turn|10
|
|t:|1653668097
|switch|p2a: Articuno|Articuno-Galar|44/100 par
|move|p1a: Ribombee|Energy Ball|p2a: Articuno
|-resisted|p2a: Articuno
|-damage|p2a: Articuno|32/100 par
|
|upkeep
|turn|11
|
|t:|1653668106
|move|p1a: Ribombee|Moonblast|p2a: Articuno
|-damage|p2a: Articuno|0 fnt
|faint|p2a: Articuno
|
|upkeep
|
|t:|1653668114
|switch|p2a: Gigalith|Gigalith, F|17/100
|-weather|Sandstorm|[from] ability: Sand Stream|[of] p2a: Gigalith
|turn|12
|
|t:|1653668118
|move|p1a: Ribombee|Energy Ball|p2a: Gigalith
|-supereffective|p2a: Gigalith
|-damage|p2a: Gigalith|0 fnt
|faint|p2a: Gigalith
|
|-weather|Sandstorm|[upkeep]
|-damage|p1a: Ribombee|82/100|[from] Sandstorm
|upkeep
|
|t:|1653668126
|switch|p2a: Sandslash|Sandslash, F|100/100
|turn|13
|
|t:|1653668135
|move|p2a: Sandslash|Swords Dance|p2a: Sandslash
|-boost|p2a: Sandslash|atk|2
|move|p1a: Ribombee|Quiver Dance|p1a: Ribombee
|-boost|p1a: Ribombee|spa|1
|-boost|p1a: Ribombee|spd|1
|-boost|p1a: Ribombee|spe|1
|
|-weather|Sandstorm|[upkeep]
|-damage|p1a: Ribombee|76/100|[from] Sandstorm
|upkeep
|turn|14
|
|t:|1653668144
|move|p1a: Ribombee|Energy Ball|p2a: Sandslash
|-supereffective|p2a: Sandslash
|-damage|p2a: Sandslash|0 fnt
|faint|p2a: Sandslash
|
|-weather|Sandstorm|[upkeep]
|-damage|p1a: Ribombee|70/100|[from] Sandstorm
|upkeep
|c|☆MrShroom|gg again
|
|t:|1653668151
|switch|p2a: Boltund|Boltund, F|100/100
|turn|15
|
|t:|1653668157
|move|p1a: Ribombee|Moonblast|p2a: Boltund
|-damage|p2a: Boltund|0 fnt
|faint|p2a: Boltund
|
|win|acluh1
|c|☆acluh1|gg wp
|l|☆MrShroom
