|j|☆PULadderIsTrash
|j|☆2turtle
|t:|1615770961
|player|p1|PULadderIsTrash|elesa-gen5bw2|1169
|player|p2|2turtle|hilbert-dueldisk|1180
|teamsize|p1|5
|teamsize|p2|6
|gametype|singles
|gen|8
|tier|[Gen 8] PU
|rated|
|clearpoke
|poke|p1|Togedemaru, M|
|poke|p1|Weezing, M|
|poke|p1|Tsareena, F|
|poke|p1|Miltank, F|
|poke|p1|Pyukumuku, F|
|poke|p2|Carracosta, M|
|poke|p2|Ludicolo, M|
|poke|p2|Heliolisk, F|
|poke|p2|Uxie|
|poke|p2|Hitmonlee, M|
|poke|p2|Silvally-*|
|rule|Sleep Clause Mod: Limit one foe put to sleep
|rule|Species Clause: Limit one of each Pokémon
|rule|OHKO Clause: OHKO moves are banned
|rule|Evasion Moves Clause: Evasion moves are banned
|rule|Endless Battle Clause: Forcing endless battles is banned
|rule|HP Percentage Mod: HP is shown in percentages
|rule|Dynamax Clause: You cannot dynamax
|teampreview
|inactive|Battle timer is ON: inactive players will automatically lose when time's up. (requested by PULadderIsTrash)
|inactive|2turtle also wants the timer to be on.
|
|t:|1615770982
|start
|switch|p1a: Togedemaru|Togedemaru, M|100/100
|switch|p2a: Uxie|Uxie|100/100
|turn|1
|
|t:|1615770985
|move|p2a: Uxie|Rain Dance|p2a: Uxie
|-weather|RainDance
|move|p1a: Togedemaru|Toxic|p2a: Uxie|[miss]
|-miss|p1a: Togedemaru|p2a: Uxie
|
|-weather|RainDance|[upkeep]
|upkeep
|turn|2
|j| BigConns
|inactive|PULadderIsTrash has 120 seconds left.
|inactive|PULadderIsTrash has 90 seconds left.
|inactive|PULadderIsTrash has 60 seconds left.
|inactive|PULadderIsTrash has 30 seconds left.
|inactive|PULadderIsTrash has 20 seconds left.
|
|t:|1615771118
|move|p2a: Uxie|U-turn|p1a: Togedemaru
|-resisted|p1a: Togedemaru
|-damage|p1a: Togedemaru|92/100
|inactive|PULadderIsTrash has 25 seconds left this turn.
|inactive|2turtle has 120 seconds left.
|
|t:|1615771149
|switch|p2a: Heliolisk|Heliolisk, F|100/100|[from]move: U-turn
|move|p1a: Togedemaru|U-turn|p2a: Heliolisk
|-damage|p2a: Heliolisk|67/100
|inactive|PULadderIsTrash has 30 seconds left this turn.
|inactive|PULadderIsTrash has 20 seconds left.
|
|t:|1615771163
|switch|p1a: Miltank|Miltank, F|100/100|[from]move: U-turn
|
|-weather|RainDance|[upkeep]
|-heal|p2a: Heliolisk|80/100|[from] ability: Dry Skin
|upkeep
|turn|3
|inactive|PULadderIsTrash has 30 seconds left this turn.
|
|t:|1615771166
|switch|p1a: Togedemaru|Togedemaru, M|92/100
|move|p2a: Heliolisk|Volt Switch|p1a: Togedemaru
|-ability|p1a: Togedemaru|Lightning Rod|boost
|-boost|p1a: Togedemaru|spa|1
|
|-weather|RainDance|[upkeep]
|-heal|p2a: Heliolisk|92/100|[from] ability: Dry Skin
|-heal|p1a: Togedemaru|98/100|[from] item: Leftovers
|upkeep
|turn|4
|
|t:|1615771174
|switch|p2a: Ludicolo|Ludicolo, M|100/100
|move|p1a: Togedemaru|Toxic|p2a: Ludicolo
|-status|p2a: Ludicolo|tox
|
|-weather|RainDance|[upkeep]
|-heal|p1a: Togedemaru|100/100|[from] item: Leftovers
|-damage|p2a: Ludicolo|95/100 tox|[from] psn
|upkeep
|turn|5
|
|t:|1615771180
|switch|p1a: Tsareena|Tsareena, F|100/100
|move|p2a: Ludicolo|Hydro Pump|p1a: Tsareena
|-resisted|p1a: Tsareena
|-damage|p1a: Tsareena|52/100
|-damage|p2a: Ludicolo|85/100 tox|[from] item: Life Orb
|
|-weather|RainDance|[upkeep]
|-damage|p2a: Ludicolo|73/100 tox|[from] psn
|upkeep
|turn|6
|
|t:|1615771183
|move|p2a: Ludicolo|Ice Beam|p1a: Tsareena
|-supereffective|p1a: Tsareena
|-damage|p1a: Tsareena|0 fnt
|-damage|p2a: Ludicolo|63/100 tox|[from] item: Life Orb
|faint|p1a: Tsareena
|
|-weather|RainDance|[upkeep]
|-damage|p2a: Ludicolo|45/100 tox|[from] psn
|upkeep
|
|t:|1615771191
|switch|p1a: Pyukumuku|Pyukumuku, F|100/100
|turn|7
|
|t:|1615771193
|move|p2a: Ludicolo|Energy Ball|p1a: Pyukumuku
|-supereffective|p1a: Pyukumuku
|-damage|p1a: Pyukumuku|5/100
|-damage|p2a: Ludicolo|35/100 tox|[from] item: Life Orb
|move|p1a: Pyukumuku|Toxic|p2a: Ludicolo
|-fail|p2a: Ludicolo|tox
|
|-weather|RainDance|[upkeep]
|-heal|p1a: Pyukumuku|11/100|[from] item: Leftovers
|-damage|p2a: Ludicolo|11/100 tox|[from] psn
|upkeep
|turn|8
|
|t:|1615771197
|switch|p1a: Togedemaru|Togedemaru, M|100/100
|move|p2a: Ludicolo|Hydro Pump|p1a: Togedemaru
|-crit|p1a: Togedemaru
|-damage|p1a: Togedemaru|0 fnt
|-damage|p2a: Ludicolo|1/100 tox|[from] item: Life Orb
|faint|p1a: Togedemaru
|
|-weather|none
|-damage|p2a: Ludicolo|0 fnt|[from] psn
|faint|p2a: Ludicolo
|upkeep
|c|☆PULadderIsTrash|gg
|-message|PULadderIsTrash forfeited.
|
|win|2turtle
|raw|PULadderIsTrash's rating: 1166 &rarr; <strong>1145</strong><br />(-21 for losing)
|raw|2turtle's rating: 1180 &rarr; <strong>1206</strong><br />(+26 for winning)
|l|☆PULadderIsTrash
|l|☆2turtle
|j|☆PULadderIsTrash
|player|p1|PULadderIsTrash|elesa-gen5bw2
