|j|☆MustafaTheMuslim
|j|☆DewethGong
|t:|1626104697
|gametype|singles
|player|p1|MustafaTheMuslim|pokekid|1300
|player|p2|DewethGong|depotagent|1482
|teamsize|p1|6
|teamsize|p2|6
|gen|8
|tier|[Gen 8] PU
|rated|
|rule|Sleep Clause Mod: Limit one foe put to sleep
|rule|Species Clause: Limit one of each Pokémon
|rule|OHKO Clause: OHKO moves are banned
|rule|Evasion Moves Clause: Evasion moves are banned
|rule|Endless Battle Clause: Forcing endless battles is banned
|rule|HP Percentage Mod: HP is shown in percentages
|rule|Dynamax Clause: You cannot dynamax
|clearpoke
|poke|p1|Centiskorch, M|
|poke|p1|Uxie|
|poke|p1|Whimsicott, M|
|poke|p1|Sandslash, F|
|poke|p1|Glaceon, M|
|poke|p1|Perrserker, M|
|poke|p2|Magmortar, M|
|poke|p2|Vikavolt, F|
|poke|p2|Lanturn, F|
|poke|p2|Aromatisse, M|
|poke|p2|Druddigon, M|
|poke|p2|Sandslash, F|
|teampreview
|
|t:|1626104712
|start
|switch|p1a: Centiskorch|Centiskorch, M|100/100
|switch|p2a: Vikavolt|Vikavolt, F|100/100
|turn|1
|inactive|Battle timer is ON: inactive players will automatically lose when time's up. (requested by MustafaTheMuslim)
|
|t:|1626104717
|switch|p2a: Druddigon|Druddigon, M|100/100
|move|p1a: Centiskorch|Coil|p1a: Centiskorch
|-boost|p1a: Centiskorch|atk|1
|-boost|p1a: Centiskorch|def|1
|-boost|p1a: Centiskorch|accuracy|1
|
|upkeep
|turn|2
|
|t:|1626104724
|move|p1a: Centiskorch|Coil|p1a: Centiskorch
|-boost|p1a: Centiskorch|atk|1
|-boost|p1a: Centiskorch|def|1
|-boost|p1a: Centiskorch|accuracy|1
|move|p2a: Druddigon|Dragon Tail|p1a: Centiskorch
|-damage|p1a: Centiskorch|87/100
|drag|p1a: Whimsicott|Whimsicott, M|100/100
|
|upkeep
|turn|3
|
|t:|1626104734
|switch|p2a: Magmortar|Magmortar, M, shiny|100/100
|move|p1a: Whimsicott|Moonblast|p2a: Magmortar
|-resisted|p2a: Magmortar
|-damage|p2a: Magmortar|75/100
|-damage|p1a: Whimsicott|91/100|[from] item: Life Orb
|
|upkeep
|turn|4
|
|t:|1626104742
|switch|p1a: Centiskorch|Centiskorch, M|87/100
|move|p2a: Magmortar|Scorching Sands|p1a: Centiskorch
|-damage|p1a: Centiskorch|53/100
|
|upkeep
|turn|5
|
|t:|1626104748
|switch|p2a: Druddigon|Druddigon, M|100/100
|move|p1a: Centiskorch|Leech Life|p2a: Druddigon
|-damage|p2a: Druddigon|68/100
|-heal|p1a: Centiskorch|68/100|[from] drain|[of] p2a: Druddigon
|-damage|p1a: Centiskorch|56/100|[from] ability: Rough Skin|[of] p2a: Druddigon
|-damage|p1a: Centiskorch|39/100|[from] item: Rocky Helmet|[of] p2a: Druddigon
|
|upkeep
|turn|6
|
|t:|1626104758
|switch|p1a: Whimsicott|Whimsicott, M|91/100
|move|p2a: Druddigon|Stealth Rock|p1a: Whimsicott
|-sidestart|p1: MustafaTheMuslim|move: Stealth Rock
|
|upkeep
|turn|7
|
|t:|1626104766
|switch|p2a: Vikavolt|Vikavolt, F|100/100
|move|p1a: Whimsicott|Moonblast|p2a: Vikavolt
|-damage|p2a: Vikavolt|44/100
|-damage|p1a: Whimsicott|81/100|[from] item: Life Orb
|
|upkeep
|turn|8
|j| helpneedname
|
|t:|1626104773
|switch|p2a: Aromatisse|Aromatisse, M|100/100
|move|p1a: Whimsicott|Moonblast|p2a: Aromatisse
|-damage|p2a: Aromatisse|55/100
|-unboost|p2a: Aromatisse|spa|1
|-damage|p1a: Whimsicott|71/100|[from] item: Life Orb
|
|-heal|p2a: Aromatisse|62/100|[from] item: Leftovers
|upkeep
|turn|9
|
|t:|1626104783
|move|p1a: Whimsicott|Defog|p2a: Aromatisse
|-unboost|p2a: Aromatisse|evasion|1
|-sideend|p1: MustafaTheMuslim|Stealth Rock|[from] move: Defog|[of] p1a: Whimsicott
|move|p2a: Aromatisse|Wish|p2a: Aromatisse
|
|-heal|p2a: Aromatisse|68/100|[from] item: Leftovers
|upkeep
|turn|10
|
|t:|1626104790
|switch|p1a: Perrserker|Perrserker, M|100/100
|move|p2a: Aromatisse|Toxic|p1a: Perrserker
|-immune|p1a: Perrserker
|
|-heal|p2a: Aromatisse|100/100|[from] move: Wish|[wisher] Aromatisse
|upkeep
|turn|11
|
|t:|1626104798
|switch|p2a: Lanturn|Lanturn, F|100/100
|move|p1a: Perrserker|U-turn|p2a: Lanturn
|-damage|p2a: Lanturn|82/100
|
|t:|1626104802
|switch|p1a: Glaceon|Glaceon, M|100/100|[from]move: U-turn
|
|-heal|p2a: Lanturn|89/100|[from] item: Leftovers
|upkeep
|turn|12
|
|t:|1626104809
|switch|p2a: Magmortar|Magmortar, M, shiny|75/100
|move|p1a: Glaceon|Freeze-Dry|p2a: Magmortar
|-resisted|p2a: Magmortar
|-damage|p2a: Magmortar|39/100
|
|upkeep
|turn|13
|
|t:|1626104817
|switch|p1a: Centiskorch|Centiskorch, M|39/100
|move|p2a: Magmortar|Flamethrower|p1a: Centiskorch
|-start|p1a: Centiskorch|ability: Flash Fire
|
|upkeep
|turn|14
|
|t:|1626104824
|switch|p2a: Druddigon|Druddigon, M|68/100
|move|p1a: Centiskorch|Leech Life|p2a: Druddigon
|-damage|p2a: Druddigon|35/100
|-heal|p1a: Centiskorch|53/100|[from] drain|[of] p2a: Druddigon
|-damage|p1a: Centiskorch|41/100|[from] ability: Rough Skin|[of] p2a: Druddigon
|-damage|p1a: Centiskorch|24/100|[from] item: Rocky Helmet|[of] p2a: Druddigon
|
|upkeep
|turn|15
|
|t:|1626104833
|move|p1a: Centiskorch|Leech Life|p2a: Druddigon
|-damage|p2a: Druddigon|2/100
|-heal|p1a: Centiskorch|39/100|[from] drain|[of] p2a: Druddigon
|-damage|p1a: Centiskorch|27/100|[from] ability: Rough Skin|[of] p2a: Druddigon
|-damage|p1a: Centiskorch|10/100|[from] item: Rocky Helmet|[of] p2a: Druddigon
|move|p2a: Druddigon|Stealth Rock|p1a: Centiskorch
|-sidestart|p1: MustafaTheMuslim|move: Stealth Rock
|
|upkeep
|turn|16
|
|t:|1626104840
|move|p2a: Druddigon|Sucker Punch|p1a: Centiskorch
|-damage|p1a: Centiskorch|0 fnt
|faint|p1a: Centiskorch
|
|upkeep
|
|t:|1626104843
|switch|p1a: Sandslash|Sandslash, F|100/100
|-damage|p1a: Sandslash|94/100|[from] Stealth Rock
|turn|17
|
|t:|1626104849
|move|p1a: Sandslash|Rapid Spin|p2a: Druddigon
|-damage|p2a: Druddigon|0 fnt
|-boost|p1a: Sandslash|spe|1
|-damage|p1a: Sandslash|82/100|[from] ability: Rough Skin|[of] p2a: Druddigon
|-damage|p1a: Sandslash|65/100|[from] item: Rocky Helmet|[of] p2a: Druddigon
|-sideend|p1: MustafaTheMuslim|Stealth Rock|[from] move: Rapid Spin|[of] p1a: Sandslash
|faint|p2a: Druddigon
|
|upkeep
|
|t:|1626104874
|switch|p2a: Vikavolt|Vikavolt, F|44/100
|turn|18
|
|t:|1626104881
|switch|p1a: Perrserker|Perrserker, M|100/100
|move|p2a: Vikavolt|Energy Ball|p1a: Perrserker
|-resisted|p1a: Perrserker
|-damage|p1a: Perrserker|76/100
|
|upkeep
|turn|19
|
|t:|1626104890
|move|p1a: Perrserker|U-turn|p2a: Vikavolt
|-damage|p2a: Vikavolt|26/100
|
|t:|1626104895
|switch|p1a: Whimsicott|Whimsicott, M|71/100|[from]move: U-turn
|move|p2a: Vikavolt|Sticky Web|p1a: Whimsicott
|-sidestart|p1: MustafaTheMuslim|move: Sticky Web
|
|upkeep
|turn|20
|
|t:|1626104902
|switch|p2a: Aromatisse|Aromatisse, M|100/100
|move|p1a: Whimsicott|Moonblast|p2a: Aromatisse
|-damage|p2a: Aromatisse|58/100
|-damage|p1a: Whimsicott|61/100|[from] item: Life Orb
|
|-heal|p2a: Aromatisse|64/100|[from] item: Leftovers
|upkeep
|turn|21
|
|t:|1626104910
|move|p1a: Whimsicott|Giga Drain|p2a: Aromatisse
|-damage|p2a: Aromatisse|32/100
|-heal|p1a: Whimsicott|86/100|[from] drain|[of] p2a: Aromatisse
|-damage|p1a: Whimsicott|76/100|[from] item: Life Orb
|move|p2a: Aromatisse|Wish|p2a: Aromatisse
|
|-heal|p2a: Aromatisse|38/100|[from] item: Leftovers
|upkeep
|turn|22
|
|t:|1626104920
|move|p2a: Aromatisse|Protect|p2a: Aromatisse
|-singleturn|p2a: Aromatisse|Protect
|move|p1a: Whimsicott|Defog|p2a: Aromatisse
|-activate|p2a: Aromatisse|move: Protect
|
|-heal|p2a: Aromatisse|88/100|[from] move: Wish|[wisher] Aromatisse
|-heal|p2a: Aromatisse|94/100|[from] item: Leftovers
|upkeep
|turn|23
|
|t:|1626104931
|switch|p1a: Perrserker|Perrserker, M|76/100
|-activate|p1a: Perrserker|move: Sticky Web
|-unboost|p1a: Perrserker|spe|1
|move|p2a: Aromatisse|Wish|p2a: Aromatisse
|
|-heal|p2a: Aromatisse|99/100|[from] item: Leftovers
|upkeep
|turn|24
|
|t:|1626104938
|switch|p2a: Magmortar|Magmortar, M, shiny|39/100
|move|p1a: Perrserker|Seed Bomb|p2a: Magmortar
|-resisted|p2a: Magmortar
|-damage|p2a: Magmortar|20/100
|
|-heal|p2a: Magmortar|90/100|[from] move: Wish|[wisher] Aromatisse
|upkeep
|turn|25
|
|t:|1626104946
|switch|p1a: Uxie|Uxie|100/100
|move|p2a: Magmortar|Flamethrower|p1a: Uxie
|-damage|p1a: Uxie|60/100
|
|-heal|p1a: Uxie|66/100|[from] item: Leftovers
|upkeep
|turn|26
|
|t:|1626104953
|move|p2a: Magmortar|Flamethrower|p1a: Uxie
|-damage|p1a: Uxie|23/100
|move|p1a: Uxie|Toxic|p2a: Magmortar
|-status|p2a: Magmortar|tox
|
|-heal|p1a: Uxie|29/100|[from] item: Leftovers
|-damage|p2a: Magmortar|83/100 tox|[from] psn
|upkeep
|turn|27
|
|t:|1626104958
|move|p1a: Uxie|Protect|p1a: Uxie
|-singleturn|p1a: Uxie|Protect
|move|p2a: Magmortar|Flamethrower|p1a: Uxie
|-activate|p1a: Uxie|move: Protect
|
|-heal|p1a: Uxie|35/100|[from] item: Leftovers
|-damage|p2a: Magmortar|71/100 tox|[from] psn
|upkeep
|turn|28
|
|t:|1626104978
|switch|p1a: Sandslash|Sandslash, F|65/100
|-activate|p1a: Sandslash|move: Sticky Web
|-unboost|p1a: Sandslash|spe|1
|move|p2a: Magmortar|Flamethrower|p1a: Sandslash
|-damage|p1a: Sandslash|0 fnt
|faint|p1a: Sandslash
|
|-damage|p2a: Magmortar|52/100 tox|[from] psn
|upkeep
|
|t:|1626104987
|switch|p1a: Uxie|Uxie|35/100
|turn|29
|
|t:|1626104993
|switch|p2a: Lanturn|Lanturn, F|89/100
|move|p1a: Uxie|Protect||[still]
|-fail|p1a: Uxie
|
|-heal|p1a: Uxie|41/100|[from] item: Leftovers
|-heal|p2a: Lanturn|95/100|[from] item: Leftovers
|upkeep
|turn|30
|
|t:|1626104999
|move|p1a: Uxie|Protect|p1a: Uxie
|-singleturn|p1a: Uxie|Protect
|move|p2a: Lanturn|Heal Bell|p2a: Lanturn
|-activate|p2a: Lanturn|move: Heal Bell
|-curestatus|p2: Magmortar|tox|[msg]
|
|-heal|p1a: Uxie|47/100|[from] item: Leftovers
|-heal|p2a: Lanturn|100/100|[from] item: Leftovers
|upkeep
|turn|31
|
|t:|1626105006
|move|p1a: Uxie|Encore|p2a: Lanturn
|-start|p2a: Lanturn|Encore
|move|p2a: Lanturn|Heal Bell||[still]
|-activate|p2a: Lanturn|move: Heal Bell
|-fail|p2a: Lanturn
|
|-heal|p1a: Uxie|54/100|[from] item: Leftovers
|upkeep
|turn|32
|
|t:|1626105011
|switch|p2a: Vikavolt|Vikavolt, F|26/100
|move|p1a: Uxie|Psychic|p2a: Vikavolt
|-damage|p2a: Vikavolt|0 fnt
|faint|p2a: Vikavolt
|
|-heal|p1a: Uxie|60/100|[from] item: Leftovers
|upkeep
|
|t:|1626105017
|switch|p2a: Magmortar|Magmortar, M, shiny|52/100
|turn|33
|
|t:|1626105024
|move|p2a: Magmortar|Overheat|p1a: Uxie
|-damage|p1a: Uxie|0 fnt
|-unboost|p2a: Magmortar|spa|2
|faint|p1a: Uxie
|
|upkeep
|inactive|MustafaTheMuslim has 120 seconds left.
|
|t:|1626105071
|switch|p1a: Whimsicott|Whimsicott, M|76/100
|-activate|p1a: Whimsicott|move: Sticky Web
|-unboost|p1a: Whimsicott|spe|1
|turn|34
|
|t:|1626105089
|move|p1a: Whimsicott|Tailwind|p1a: Whimsicott
|-sidestart|p1: MustafaTheMuslim|move: Tailwind
|move|p2a: Magmortar|Overheat|p1a: Whimsicott
|-supereffective|p1a: Whimsicott
|-damage|p1a: Whimsicott|0 fnt
|-unboost|p2a: Magmortar|spa|2
|faint|p1a: Whimsicott
|
|upkeep
|
|t:|1626105095
|switch|p1a: Perrserker|Perrserker, M|76/100
|-activate|p1a: Perrserker|move: Sticky Web
|-unboost|p1a: Perrserker|spe|1
|turn|35
|inactive|MustafaTheMuslim has 120 seconds left.
|
|t:|1626105103
|switch|p2a: Sandslash|Sandslash, F|100/100
|move|p1a: Perrserker|Iron Head|p2a: Sandslash
|-damage|p2a: Sandslash|49/100
|
|upkeep
|turn|36
|
|t:|1626105109
|switch|p2a: Lanturn|Lanturn, F|100/100
|move|p1a: Perrserker|Iron Head|p2a: Lanturn
|-resisted|p2a: Lanturn
|-damage|p2a: Lanturn|89/100
|
|-heal|p2a: Lanturn|95/100|[from] item: Leftovers
|upkeep
|turn|37
|
|t:|1626105113
|switch|p1a: Glaceon|Glaceon, M|100/100
|-activate|p1a: Glaceon|move: Sticky Web
|-unboost|p1a: Glaceon|spe|1
|move|p2a: Lanturn|Volt Switch|p1a: Glaceon
|-damage|p1a: Glaceon|74/100
|
|t:|1626105116
|switch|p2a: Magmortar|Magmortar, M, shiny|52/100|[from]move: Volt Switch
|
|-sideend|p1: MustafaTheMuslim|move: Tailwind
|upkeep
|turn|38
|
|t:|1626105121
|move|p2a: Magmortar|Flamethrower|p1a: Glaceon
|-supereffective|p1a: Glaceon
|-damage|p1a: Glaceon|0 fnt
|faint|p1a: Glaceon
|
|upkeep
|
|t:|1626105123
|switch|p1a: Perrserker|Perrserker, M|76/100
|-activate|p1a: Perrserker|move: Sticky Web
|-unboost|p1a: Perrserker|spe|1
|turn|39
|c|☆DewethGong|gg
|
|t:|1626105127
|move|p2a: Magmortar|Flamethrower|p1a: Perrserker
|-supereffective|p1a: Perrserker
|-damage|p1a: Perrserker|0 fnt
|faint|p1a: Perrserker
|
|win|DewethGong
|raw|MustafaTheMuslim's rating: 1300 &rarr; <strong>1287</strong><br />(-13 for losing)
|raw|DewethGong's rating: 1482 &rarr; <strong>1492</strong><br />(+10 for winning)
|c|☆MustafaTheMuslim|gg
|l|☆MustafaTheMuslim
||Ladder isn't responding, score probably updated but might not have (Request timeout).
|l|☆DewethGong
