|html|<div class="broadcast-blue"><strong>[Gen 8] PU is currently suspecting Drampa! For information on how to participate check out the <a href="https://www.smogon.com/forums/threads/np-pu-stage-7-i-hear-hyper-voices-in-my-head-drampa-suspect-test.3692992/">suspect thread</a>.</strong></div>
|j|☆puds goat
|j|☆one of the bouys
|t:|1636065616
|gametype|singles
|player|p1|puds goat|shadowtriad|1226
|player|p2|one of the bouys|clown|1517
|teamsize|p1|6
|teamsize|p2|6
|gen|8
|tier|[Gen 8] PU
|rated|
|rule|Sleep Clause Mod: Limit one foe put to sleep
|rule|Species Clause: Limit one of each Pokémon
|rule|OHKO Clause: OHKO moves are banned
|rule|Evasion Moves Clause: Evasion moves are banned
|rule|Endless Battle Clause: Forcing endless battles is banned
|rule|HP Percentage Mod: HP is shown in percentages
|rule|Dynamax Clause: You cannot dynamax
|clearpoke
|poke|p1|Ferroseed, F|
|poke|p1|Quagsire, M|
|poke|p1|Audino, F|
|poke|p1|Claydol|
|poke|p1|Articuno|
|poke|p1|Sandaconda, M|
|poke|p2|Flapple, M|
|poke|p2|Drifblim, F|
|poke|p2|Sandaconda, F|
|poke|p2|Ribombee, F|
|poke|p2|Cryogonal|
|poke|p2|Gigalith, F|
|teampreview
|
|t:|1636065654
|start
|switch|p1a: Ferroseed|Ferroseed, F, shiny|100/100
|switch|p2a: Drifblim|Drifblim, F|100/100
|turn|1
|inactive|Battle timer is ON: inactive players will automatically lose when time's up. (requested by puds goat)
|
|t:|1636065660
|move|p2a: Drifblim|Knock Off|p1a: Ferroseed
|-damage|p1a: Ferroseed|91/100
|-damage|p2a: Drifblim|88/100|[from] ability: Iron Barbs|[of] p1a: Ferroseed
|-enditem|p1a: Ferroseed|Eviolite|[from] move: Knock Off|[of] p2a: Drifblim
|move|p1a: Ferroseed|Knock Off|p2a: Drifblim
|-supereffective|p2a: Drifblim
|-damage|p2a: Drifblim|50/100
|-enditem|p2a: Drifblim|Heavy-Duty Boots|[from] move: Knock Off|[of] p1a: Ferroseed
|
|upkeep
|turn|2
|
|t:|1636065669
|move|p2a: Drifblim|Will-O-Wisp|p1a: Ferroseed
|-status|p1a: Ferroseed|brn
|move|p1a: Ferroseed|Leech Seed|p2a: Drifblim
|-start|p2a: Drifblim|move: Leech Seed
|
|-damage|p2a: Drifblim|37/100|[from] Leech Seed|[of] p1a: Ferroseed
|-heal|p1a: Ferroseed|100/100 brn|[silent]
|-damage|p1a: Ferroseed|94/100 brn|[from] brn
|upkeep
|turn|3
|
|t:|1636065680
|switch|p2a: Gigalith|Gigalith, F|100/100
|-weather|Sandstorm|[from] ability: Sand Stream|[of] p2a: Gigalith
|move|p1a: Ferroseed|Spikes|p2a: Gigalith
|-sidestart|p2: one of the bouys|Spikes
|
|-weather|Sandstorm|[upkeep]
|-damage|p1a: Ferroseed|88/100 brn|[from] brn
|upkeep
|turn|4
|
|t:|1636065684
|move|p2a: Gigalith|Sand Tomb|p1a: Ferroseed
|-damage|p1a: Ferroseed|78/100 brn
|-activate|p1a: Ferroseed|move: Sand Tomb|[of] p2a: Gigalith
|move|p1a: Ferroseed|Knock Off|p2a: Gigalith
|-damage|p2a: Gigalith|96/100
|-enditem|p2a: Gigalith|Leftovers|[from] move: Knock Off|[of] p1a: Ferroseed
|
|-weather|Sandstorm|[upkeep]
|-damage|p1a: Ferroseed|72/100 brn|[from] brn
|-damage|p1a: Ferroseed|60/100 brn|[from] move: Sand Tomb|[partiallytrapped]
|upkeep
|turn|5
|
|t:|1636065690
|move|p2a: Gigalith|Protect|p2a: Gigalith
|-singleturn|p2a: Gigalith|Protect
|move|p1a: Ferroseed|Leech Seed|p2a: Gigalith
|-activate|p2a: Gigalith|move: Protect
|
|-weather|Sandstorm|[upkeep]
|-damage|p1a: Ferroseed|54/100 brn|[from] brn
|-damage|p1a: Ferroseed|41/100 brn|[from] move: Sand Tomb|[partiallytrapped]
|upkeep
|turn|6
|
|t:|1636065695
|move|p2a: Gigalith|Rock Blast|p1a: Ferroseed|[miss]
|-miss|p2a: Gigalith|p1a: Ferroseed
|move|p1a: Ferroseed|Leech Seed|p2a: Gigalith
|-start|p2a: Gigalith|move: Leech Seed
|
|-weather|Sandstorm|[upkeep]
|-damage|p2a: Gigalith|84/100|[from] Leech Seed|[of] p1a: Ferroseed
|-heal|p1a: Ferroseed|57/100 brn|[silent]
|-damage|p1a: Ferroseed|51/100 brn|[from] brn
|-damage|p1a: Ferroseed|39/100 brn|[from] move: Sand Tomb|[partiallytrapped]
|upkeep
|turn|7
|
|t:|1636065703
|move|p2a: Gigalith|Rock Blast|p1a: Ferroseed
|-resisted|p1a: Ferroseed
|-damage|p1a: Ferroseed|34/100 brn
|-resisted|p1a: Ferroseed
|-damage|p1a: Ferroseed|29/100 brn
|-resisted|p1a: Ferroseed
|-damage|p1a: Ferroseed|24/100 brn
|-resisted|p1a: Ferroseed
|-damage|p1a: Ferroseed|18/100 brn
|-resisted|p1a: Ferroseed
|-damage|p1a: Ferroseed|13/100 brn
|-hitcount|p1a: Ferroseed|5
|move|p1a: Ferroseed|Spikes|p2a: Gigalith
|-sidestart|p2: one of the bouys|Spikes
|
|-weather|none
|-damage|p2a: Gigalith|71/100|[from] Leech Seed|[of] p1a: Ferroseed
|-heal|p1a: Ferroseed|29/100 brn|[silent]
|-damage|p1a: Ferroseed|23/100 brn|[from] brn
|-damage|p1a: Ferroseed|10/100 brn|[from] move: Sand Tomb|[partiallytrapped]
|upkeep
|turn|8
|
|t:|1636065719
|move|p1a: Ferroseed|Protect|p1a: Ferroseed
|-singleturn|p1a: Ferroseed|Protect
|move|p2a: Gigalith|Rock Blast|p1a: Ferroseed
|-activate|p1a: Ferroseed|move: Protect
|
|-damage|p2a: Gigalith|59/100|[from] Leech Seed|[of] p1a: Ferroseed
|-heal|p1a: Ferroseed|26/100 brn|[silent]
|-damage|p1a: Ferroseed|20/100 brn|[from] brn
|-damage|p1a: Ferroseed|8/100 brn|[from] move: Sand Tomb|[partiallytrapped]
|upkeep
|turn|9
|
|t:|1636065729
|move|p2a: Gigalith|Rock Blast|p1a: Ferroseed
|-resisted|p1a: Ferroseed
|-damage|p1a: Ferroseed|3/100 brn
|-resisted|p1a: Ferroseed
|-damage|p1a: Ferroseed|0 fnt
|faint|p1a: Ferroseed
|-hitcount|p1: Ferroseed|2
|
|upkeep
|
|t:|1636065735
|switch|p1a: Quagsire|Quagsire, M|100/100
|turn|10
|
|t:|1636065741
|switch|p2a: Cryogonal|Cryogonal|100/100
|move|p1a: Quagsire|Toxic|p2a: Cryogonal|[miss]
|-miss|p1a: Quagsire|p2a: Cryogonal
|
|upkeep
|turn|11
|
|t:|1636065745
|switch|p1a: Audino|Audino, F|100/100
|move|p2a: Cryogonal|Toxic|p1a: Audino
|-status|p1a: Audino|tox
|
|-damage|p1a: Audino|94/100 tox|[from] psn
|upkeep
|turn|12
|
|t:|1636065747
|move|p2a: Cryogonal|Rapid Spin|p1a: Audino
|-crit|p1a: Audino
|-damage|p1a: Audino|85/100 tox
|-boost|p2a: Cryogonal|spe|1
|-sideend|p2: one of the bouys|Spikes|[from] move: Rapid Spin|[of] p2a: Cryogonal
|move|p1a: Audino|Toxic|p2a: Cryogonal
|-status|p2a: Cryogonal|tox
|
|-heal|p1a: Audino|91/100 tox|[from] item: Leftovers
|-damage|p2a: Cryogonal|94/100 tox|[from] psn
|-damage|p1a: Audino|79/100 tox|[from] psn
|upkeep
|turn|13
|
|t:|1636065753
|switch|p2a: Sandaconda|Sandaconda, F|100/100
|move|p1a: Audino|Knock Off|p2a: Sandaconda
|-damage|p2a: Sandaconda|90/100
|-damage|p1a: Audino|62/100 tox|[from] item: Rocky Helmet|[of] p2a: Sandaconda
|-enditem|p2a: Sandaconda|Rocky Helmet|[from] move: Knock Off|[of] p1a: Audino
|
|-heal|p1a: Audino|69/100 tox|[from] item: Leftovers
|-damage|p1a: Audino|50/100 tox|[from] psn
|upkeep
|turn|14
|
|t:|1636065759
|switch|p1a: Sandaconda|Sandaconda, M|100/100
|move|p2a: Sandaconda|Stealth Rock|p1a: Sandaconda
|-sidestart|p1: puds goat|move: Stealth Rock
|
|upkeep
|turn|15
|
|t:|1636065762
|switch|p2a: Flapple|Flapple, M|100/100
|move|p1a: Sandaconda|Iron Defense|p1a: Sandaconda
|-boost|p1a: Sandaconda|def|2
|
|upkeep
|turn|16
|
|t:|1636065769
|switch|p2a: Drifblim|Drifblim, F|37/100
|move|p1a: Sandaconda|Body Press|p2a: Drifblim
|-immune|p2a: Drifblim
|
|upkeep
|turn|17
|
|t:|1636065774
|move|p2a: Drifblim|Strength Sap|p1a: Sandaconda
|-unboost|p1a: Sandaconda|atk|1
|-heal|p2a: Drifblim|87/100
|move|p1a: Sandaconda|Stealth Rock|p2a: Drifblim
|-sidestart|p2: one of the bouys|move: Stealth Rock
|
|upkeep
|turn|18
|
|t:|1636065779
|switch|p1a: Articuno|Articuno|100/100
|-ability|p1a: Articuno|Pressure
|move|p2a: Drifblim|Shadow Ball|p1a: Articuno
|-damage|p1a: Articuno|81/100
|
|upkeep
|turn|19
|
|t:|1636065782
|move|p2a: Drifblim|Knock Off|p1a: Articuno
|-damage|p1a: Articuno|66/100
|-enditem|p1a: Articuno|Heavy-Duty Boots|[from] move: Knock Off|[of] p2a: Drifblim
|move|p1a: Articuno|Toxic|p2a: Drifblim
|-status|p2a: Drifblim|tox
|
|-damage|p2a: Drifblim|81/100 tox|[from] psn
|upkeep
|turn|20
|
|t:|1636065792
|switch|p2a: Gigalith|Gigalith, F|59/100
|-damage|p2a: Gigalith|47/100|[from] Stealth Rock
|-weather|Sandstorm|[from] ability: Sand Stream|[of] p2a: Gigalith
|move|p1a: Articuno|Roost|p1a: Articuno
|-heal|p1a: Articuno|100/100
|-singleturn|p1a: Articuno|move: Roost
|
|-weather|Sandstorm|[upkeep]
|-damage|p1a: Articuno|94/100|[from] Sandstorm
|upkeep
|turn|21
|
|t:|1636065795
|switch|p1a: Quagsire|Quagsire, M|100/100
|-damage|p1a: Quagsire|94/100|[from] Stealth Rock
|move|p2a: Gigalith|Rock Blast|p1a: Quagsire
|-resisted|p1a: Quagsire
|-damage|p1a: Quagsire|91/100
|-resisted|p1a: Quagsire
|-damage|p1a: Quagsire|87/100
|-resisted|p1a: Quagsire
|-damage|p1a: Quagsire|83/100
|-hitcount|p1a: Quagsire|3
|
|-weather|Sandstorm|[upkeep]
|-heal|p1a: Quagsire|89/100|[from] item: Leftovers
|upkeep
|turn|22
|
|t:|1636065806
|switch|p2a: Cryogonal|Cryogonal|94/100 tox
|move|p1a: Quagsire|Scald|p2a: Cryogonal
|-damage|p2a: Cryogonal|79/100 tox
|
|-weather|Sandstorm|[upkeep]
|-damage|p2a: Cryogonal|73/100 tox|[from] Sandstorm
|-heal|p1a: Quagsire|95/100|[from] item: Leftovers
|-damage|p2a: Cryogonal|67/100 tox|[from] psn
|upkeep
|turn|23
|
|t:|1636065813
|switch|p1a: Audino|Audino, F|83/100 tox
|-damage|p1a: Audino|71/100 tox|[from] Stealth Rock
|move|p2a: Cryogonal|Ice Beam|p1a: Audino
|-damage|p1a: Audino|45/100 tox
|
|-weather|Sandstorm|[upkeep]
|-damage|p2a: Cryogonal|61/100 tox|[from] Sandstorm
|-damage|p1a: Audino|39/100 tox|[from] Sandstorm
|-heal|p1a: Audino|45/100 tox|[from] item: Leftovers
|-damage|p2a: Cryogonal|49/100 tox|[from] psn
|-damage|p1a: Audino|39/100 tox|[from] psn
|upkeep
|turn|24
|
|t:|1636065827
|switch|p2a: Flapple|Flapple, M|100/100
|-damage|p2a: Flapple|88/100|[from] Stealth Rock
|switch|p1a: Quagsire|Quagsire, M|95/100
|-damage|p1a: Quagsire|89/100|[from] Stealth Rock
|
|-weather|none
|-heal|p1a: Quagsire|95/100|[from] item: Leftovers
|upkeep
|turn|25
|
|t:|1636065836
|switch|p1a: Articuno|Articuno|94/100
|-damage|p1a: Articuno|44/100|[from] Stealth Rock
|-ability|p1a: Articuno|Pressure
|move|p2a: Flapple|Grav Apple|p1a: Articuno
|-resisted|p1a: Articuno
|-damage|p1a: Articuno|12/100
|-unboost|p1a: Articuno|def|1
|-damage|p2a: Flapple|78/100|[from] item: Life Orb
|
|upkeep
|turn|26
|
|t:|1636065853
|switch|p1a: Audino|Audino, F|72/100 tox
|-damage|p1a: Audino|60/100 tox|[from] Stealth Rock
|move|p2a: Flapple|Draco Meteor|p1a: Audino
|-damage|p1a: Audino|17/100 tox
|-unboost|p2a: Flapple|spa|2
|-damage|p2a: Flapple|68/100|[from] item: Life Orb
|
|-heal|p1a: Audino|23/100 tox|[from] item: Leftovers
|-damage|p1a: Audino|17/100 tox|[from] psn
|upkeep
|turn|27
|
|t:|1636065865
|switch|p1a: Sandaconda|Sandaconda, M|100/100
|-damage|p1a: Sandaconda|94/100|[from] Stealth Rock
|move|p2a: Flapple|Grav Apple|p1a: Sandaconda
|-supereffective|p1a: Sandaconda
|-damage|p1a: Sandaconda|0 fnt
|faint|p1a: Sandaconda
|-damage|p2a: Flapple|58/100|[from] item: Life Orb
|
|upkeep
|-message|puds goat forfeited.
|
|win|one of the bouys
|raw|puds goat's rating: 1226 &rarr; <strong>1218</strong><br />(-8 for losing)
|raw|one of the bouys's rating: 1517 &rarr; <strong>1523</strong><br />(+6 for winning)
|l|☆puds goat
