|j|☆Tbolt6Slashes
|j|☆specs is mad
|player|p1|Tbolt6Slashes|#somalia|1532
|player|p2|specs is mad|ilima|1292
|teamsize|p1|6
|teamsize|p2|6
|gametype|singles
|gen|8
|tier|[Gen 8] PU
|rated|
|clearpoke
|poke|p1|Basculin-Blue-Striped, F|
|poke|p1|Crustle, F|
|poke|p1|Gourgeist-*, M|
|poke|p1|Pikachu, F|
|poke|p1|Gothitelle, M|
|poke|p1|Hitmontop, M|
|poke|p2|Vespiquen, F|
|poke|p2|Slowpoke, M|
|poke|p2|Stunfisk, F|
|poke|p2|Thievul, F|
|poke|p2|Thwackey, F|
|poke|p2|Klang|
|rule|Sleep Clause Mod: Limit one foe put to sleep
|rule|Species Clause: Limit one of each Pokémon
|rule|OHKO Clause: OHKO moves are banned
|rule|Evasion Moves Clause: Evasion moves are banned
|rule|Endless Battle Clause: Forcing endless battles is banned
|rule|HP Percentage Mod: HP is shown in percentages
|rule|Dynamax Clause: You cannot dynamax
|teampreview
|inactive|Battle timer is ON: inactive players will automatically lose when time's up. (requested by Tbolt6Slashes)
|
|start
|switch|p1a: DEVIL'S LANCE|Crustle, F|100/100
|switch|p2a: Stunfisk|Stunfisk, F|100/100
|turn|1
|
|move|p1a: DEVIL'S LANCE|Stealth Rock|p2a: Stunfisk
|-sidestart|p2: specs is mad|move: Stealth Rock
|move|p2a: Stunfisk|Earth Power|p1a: DEVIL'S LANCE
|-damage|p1a: DEVIL'S LANCE|58/100
|
|upkeep
|turn|2
|
|move|p1a: DEVIL'S LANCE|Spikes|p2a: Stunfisk
|-sidestart|p2: specs is mad|Spikes
|move|p2a: Stunfisk|Stealth Rock|p1a: DEVIL'S LANCE
|-sidestart|p1: Tbolt6Slashes|move: Stealth Rock
|
|upkeep
|turn|3
|
|move|p1a: DEVIL'S LANCE|Earthquake|p2a: Stunfisk
|-supereffective|p2a: Stunfisk
|-damage|p2a: Stunfisk|58/100
|move|p2a: Stunfisk|Earth Power|p1a: DEVIL'S LANCE
|-damage|p1a: DEVIL'S LANCE|19/100
|
|upkeep
|turn|4
|inactive|Tbolt6Slashes has 120 seconds left.
|
|move|p1a: DEVIL'S LANCE|Spikes|p2a: Stunfisk
|-sidestart|p2: specs is mad|Spikes
|move|p2a: Stunfisk|Earth Power|p1a: DEVIL'S LANCE
|-damage|p1a: DEVIL'S LANCE|0 fnt
|faint|p1a: DEVIL'S LANCE
|
|upkeep
|
|switch|p1a: DRAGON SHOT|Basculin-Blue-Striped, F|100/100
|-damage|p1a: DRAGON SHOT|88/100|[from] Stealth Rock
|turn|5
|
|switch|p2a: Slowpoke|Slowpoke, M|100/100
|-damage|p2a: Slowpoke|88/100|[from] Stealth Rock
|-damage|p2a: Slowpoke|71/100|[from] Spikes
|move|p1a: DRAGON SHOT|Liquidation|p2a: Slowpoke
|-resisted|p2a: Slowpoke
|-damage|p2a: Slowpoke|55/100
|
|upkeep
|turn|6
|inactive|Tbolt6Slashes has 90 seconds left.
|
|switch|p1a: DEMON'S BANE|Gourgeist, M|100/100
|-damage|p1a: DEMON'S BANE|88/100|[from] Stealth Rock
|-item|p2a: Slowpoke|Eviolite|[from] ability: Frisk|[of] p1a: DEMON'S BANE|[identify]
|move|p2a: Slowpoke|Teleport|p2a: Slowpoke
|c|☆Tbolt6Slashes|wp
|
|switch|p2a: Vespiquen|Vespiquen, F|100/100|[from]move: Teleport
|-ability|p2a: Vespiquen|Pressure
|
|upkeep
|turn|7
|
|move|p1a: DEMON'S BANE|Explosion|p2a: Vespiquen
|-damage|p2a: Vespiquen|45/100
|faint|p1a: DEMON'S BANE
|move|p2a: Vespiquen|Defog|p1: DEMON'S BANE|[notarget]
|-fail|p2a: Vespiquen
|
|upkeep
|inactive|Tbolt6Slashes has 90 seconds left.
|inactive|Tbolt6Slashes has 60 seconds left.
|inactive|Tbolt6Slashes has 30 seconds left.
|
|switch|p1a: HAMMER OF BURMA|Hitmontop, M|100/100
|-damage|p1a: HAMMER OF BURMA|95/100|[from] Stealth Rock
|turn|8
|inactive|Tbolt6Slashes has 30 seconds left.
|
|switch|p2a: Slowpoke|Slowpoke, M|89/100
|-damage|p2a: Slowpoke|76/100|[from] Stealth Rock
|-damage|p2a: Slowpoke|59/100|[from] Spikes
|move|p1a: HAMMER OF BURMA|Fake Out|p2a: Slowpoke
|-damage|p2a: Slowpoke|48/100
|
|upkeep
|turn|9
|
|move|p1a: HAMMER OF BURMA|Rapid Spin|p2a: Slowpoke
|-damage|p2a: Slowpoke|35/100
|-boost|p1a: HAMMER OF BURMA|spe|1
|-sideend|p1: Tbolt6Slashes|Stealth Rock|[from] move: Rapid Spin|[of] p1a: HAMMER OF BURMA
|move|p2a: Slowpoke|Slack Off|p2a: Slowpoke
|-heal|p2a: Slowpoke|85/100
|
|upkeep
|turn|10
|
|switch|p1a: NIKO STYLE|Pikachu, F|100/100
|move|p2a: Slowpoke|Toxic|p1a: NIKO STYLE
|-status|p1a: NIKO STYLE|tox
|
|-damage|p1a: NIKO STYLE|94/100 tox|[from] psn
|upkeep
|turn|11
|
|switch|p2a: Stunfisk|Stunfisk, F|58/100
|-damage|p2a: Stunfisk|42/100|[from] Spikes
|-damage|p2a: Stunfisk|36/100|[from] Stealth Rock
|move|p1a: NIKO STYLE|Knock Off|p2a: Stunfisk
|-damage|p2a: Stunfisk|18/100
|
|-damage|p1a: NIKO STYLE|82/100 tox|[from] psn
|upkeep
|turn|12
|
|switch|p1a: HAMMER OF BURMA|Hitmontop, M|95/100
|move|p2a: Stunfisk|Earth Power|p1a: HAMMER OF BURMA
|-damage|p1a: HAMMER OF BURMA|78/100
|
|upkeep
|turn|13
|
|switch|p2a: Slowpoke|Slowpoke, M|100/100
|-damage|p2a: Slowpoke|88/100|[from] Stealth Rock
|-damage|p2a: Slowpoke|71/100|[from] Spikes
|move|p1a: HAMMER OF BURMA|Rapid Spin|p2a: Slowpoke
|-damage|p2a: Slowpoke|57/100
|-boost|p1a: HAMMER OF BURMA|spe|1
|
|upkeep
|turn|14
|
|switch|p1a: DRAGON SHOT|Basculin-Blue-Striped, F|88/100
|move|p2a: Slowpoke|Slack Off|p2a: Slowpoke
|-heal|p2a: Slowpoke|100/100
|
|upkeep
|turn|15
|
|switch|p1a: NIKO STYLE|Pikachu, F|82/100 tox
|move|p2a: Slowpoke|Toxic|p1a: NIKO STYLE
|-fail|p1a: NIKO STYLE|tox
|
|-damage|p1a: NIKO STYLE|76/100 tox|[from] psn
|upkeep
|turn|16
|
|switch|p2a: Stunfisk|Stunfisk, F|18/100
|-damage|p2a: Stunfisk|1/100|[from] Spikes
|-damage|p2a: Stunfisk|0 fnt|[from] Stealth Rock
|faint|p2a: Stunfisk
|move|p1a: NIKO STYLE|Volt Switch|p2: Stunfisk|[notarget]
|-fail|p1a: NIKO STYLE
|
|-damage|p1a: NIKO STYLE|64/100 tox|[from] psn
|upkeep
|
|switch|p2a: Thwackey|Thwackey, F|100/100
|-damage|p2a: Thwackey|84/100|[from] Spikes
|-damage|p2a: Thwackey|72/100|[from] Stealth Rock
|-fieldstart|move: Grassy Terrain|[from] ability: Grassy Surge|[of] p2a: Thwackey
|turn|17
|inactive|Tbolt6Slashes has 60 seconds left.
|c|☆Tbolt6Slashes|damn you really changed your team
|c|☆Tbolt6Slashes|and now it does
|c|☆Tbolt6Slashes|really well
|c|☆Tbolt6Slashes|all of a sudden
|inactive|Tbolt6Slashes has 30 seconds left.
|
|move|p1a: NIKO STYLE|Extreme Speed|p2a: Thwackey
|-damage|p2a: Thwackey|13/100
|move|p2a: Thwackey|Grassy Glide|p1a: NIKO STYLE
|-damage|p1a: NIKO STYLE|0 fnt
|faint|p1a: NIKO STYLE
|
|-heal|p2a: Thwackey|19/100|[from] Grassy Terrain
|upkeep
|inactive|Tbolt6Slashes has 30 seconds left this turn.
|inactive|Tbolt6Slashes has 20 seconds left.
|
|switch|p1a: HAMMER OF BURMA|Hitmontop, M|78/100
|turn|18
|inactive|Tbolt6Slashes has 30 seconds left this turn.
|
|switch|p2a: Slowpoke|Slowpoke, M|100/100
|-damage|p2a: Slowpoke|88/100|[from] Stealth Rock
|-damage|p2a: Slowpoke|71/100|[from] Spikes
|move|p1a: HAMMER OF BURMA|Fake Out|p2a: Slowpoke
|-damage|p2a: Slowpoke|60/100
|
|-heal|p1a: HAMMER OF BURMA|84/100|[from] Grassy Terrain
|-heal|p2a: Slowpoke|67/100|[from] Grassy Terrain
|upkeep
|turn|19
|inactive|Tbolt6Slashes has 30 seconds left.
|
|switch|p1a: DRAGON SHOT|Basculin-Blue-Striped, F|88/100
|move|p2a: Slowpoke|Teleport|p2a: Slowpoke
|
|switch|p2a: Vespiquen|Vespiquen, F|45/100|[from]move: Teleport
|-ability|p2a: Vespiquen|Pressure
|
|-heal|p1a: DRAGON SHOT|94/100|[from] Grassy Terrain
|upkeep
|turn|20
|
|switch|p2a: Slowpoke|Slowpoke, M|99/100
|-damage|p2a: Slowpoke|87/100|[from] Stealth Rock
|-damage|p2a: Slowpoke|71/100|[from] Spikes
|move|p1a: DRAGON SHOT|Head Smash|p2a: Slowpoke
|-damage|p2a: Slowpoke|46/100
|-damage|p1a: DRAGON SHOT|77/100|[from] Recoil
|
|-heal|p1a: DRAGON SHOT|83/100|[from] Grassy Terrain
|-heal|p2a: Slowpoke|52/100|[from] Grassy Terrain
|upkeep
|turn|21
|
|move|p1a: DRAGON SHOT|Final Gambit|p2a: Slowpoke
|-damage|p2a: Slowpoke|0 fnt
|faint|p1a: DRAGON SHOT
|faint|p2a: Slowpoke
|
|-fieldend|move: Grassy Terrain
|upkeep
|inactive|Tbolt6Slashes has 60 seconds left.
|
|switch|p1a: HAMMER OF BURMA|Hitmontop, M|84/100
|switch|p2a: Klang|Klang|100/100
|-damage|p2a: Klang|84/100|[from] Spikes
|-damage|p2a: Klang|78/100|[from] Stealth Rock
|turn|22
|
|move|p1a: HAMMER OF BURMA|Fake Out|p2a: Klang
|-resisted|p2a: Klang
|-damage|p2a: Klang|71/100
|cant|p2a: Klang|flinch
|
|upkeep
|turn|23
|
|move|p1a: HAMMER OF BURMA|Mach Punch|p2a: Klang
|-supereffective|p2a: Klang
|-damage|p2a: Klang|30/100
|move|p2a: Klang|Toxic|p1a: HAMMER OF BURMA
|-status|p1a: HAMMER OF BURMA|tox
|
|-damage|p1a: HAMMER OF BURMA|78/100 tox|[from] psn
|upkeep
|turn|24
|
|switch|p2a: Thwackey|Thwackey, F|19/100
|-damage|p2a: Thwackey|2/100|[from] Spikes
|-damage|p2a: Thwackey|0 fnt|[from] Stealth Rock
|faint|p2a: Thwackey
|move|p1a: HAMMER OF BURMA|Mach Punch|p2: Thwackey|[notarget]
|-fail|p1a: HAMMER OF BURMA
|
|-damage|p1a: HAMMER OF BURMA|66/100 tox|[from] psn
|upkeep
|
|switch|p2a: Vespiquen|Vespiquen, F|45/100
|-ability|p2a: Vespiquen|Pressure
|turn|25
|
|move|p1a: HAMMER OF BURMA|Triple Axel|p2a: Vespiquen
|-supereffective|p2a: Vespiquen
|-damage|p2a: Vespiquen|31/100
|-supereffective|p2a: Vespiquen
|-damage|p2a: Vespiquen|7/100
|-supereffective|p2a: Vespiquen
|-crit|p2a: Vespiquen
|-damage|p2a: Vespiquen|0 fnt
|-hitcount|p2a: Vespiquen|3
|faint|p2a: Vespiquen
|
|-damage|p1a: HAMMER OF BURMA|48/100 tox|[from] psn
|upkeep
|
|switch|p2a: Klang|Klang|30/100
|-damage|p2a: Klang|13/100|[from] Spikes
|-damage|p2a: Klang|7/100|[from] Stealth Rock
|turn|26
|
|move|p1a: HAMMER OF BURMA|Mach Punch|p2a: Klang
|-supereffective|p2a: Klang
|-damage|p2a: Klang|0 fnt
|faint|p2a: Klang
|
|-damage|p1a: HAMMER OF BURMA|24/100 tox|[from] psn
|upkeep
|
|switch|p2a: Thievul|Thievul, F|100/100
|-damage|p2a: Thievul|84/100|[from] Spikes
|-damage|p2a: Thievul|72/100|[from] Stealth Rock
|turn|27
|
|switch|p1a: EVOLUTION|Gothitelle, M|100/100
|move|p2a: Thievul|Dark Pulse|p1a: EVOLUTION
|-supereffective|p1a: EVOLUTION
|-damage|p1a: EVOLUTION|0 fnt
|faint|p1a: EVOLUTION
|
|upkeep
|
|switch|p1a: HAMMER OF BURMA|Hitmontop, M|24/100 tox
|turn|28
|-message|specs is mad forfeited.
|
|win|Tbolt6Slashes
|l|☆specs is mad
||Ladder (probably) updated, but score could not be retrieved (Request timeout).
