|j|☆UberFiend
|j|☆one of the bouys
|t:|1633886578
|gametype|singles
|player|p1|UberFiend|266|1389
|player|p2|one of the bouys|clown|1600
|teamsize|p1|6
|teamsize|p2|6
|gen|8
|tier|[Gen 8] PU
|rated|
|rule|Sleep Clause Mod: Limit one foe put to sleep
|rule|Species Clause: Limit one of each Pokémon
|rule|OHKO Clause: OHKO moves are banned
|rule|Evasion Moves Clause: Evasion moves are banned
|rule|Endless Battle Clause: Forcing endless battles is banned
|rule|HP Percentage Mod: HP is shown in percentages
|rule|Dynamax Clause: You cannot dynamax
|clearpoke
|poke|p1|Archeops, M|
|poke|p1|Druddigon, F|
|poke|p1|Accelgor, F|
|poke|p1|Whimsicott, M|
|poke|p1|Gourgeist-*, M|
|poke|p1|Hitmontop, M|
|poke|p2|Flapple, F|
|poke|p2|Miltank, F|
|poke|p2|Mawile, M|
|poke|p2|Tangela, F|
|poke|p2|Cryogonal|
|poke|p2|Corsola, F|
|teampreview
|
|t:|1633886595
|start
|switch|p1a: Druddigon|Druddigon, F|100/100
|switch|p2a: Flapple|Flapple, F|100/100
|turn|1
|
|t:|1633886602
|move|p2a: Flapple|Draco Meteor|p1a: Druddigon
|-supereffective|p1a: Druddigon
|-damage|p1a: Druddigon|0 fnt
|-unboost|p2a: Flapple|spa|2
|faint|p1a: Druddigon
|-damage|p2a: Flapple|91/100|[from] item: Life Orb
|
|upkeep
|
|t:|1633886611
|switch|p1a: Archeops|Archeops, M|100/100
|turn|2
|
|t:|1633886615
|move|p2a: Flapple|Sucker Punch|p1a: Archeops
|-damage|p1a: Archeops|17/100
|-damage|p2a: Flapple|81/100|[from] item: Life Orb
|move|p1a: Archeops|Meteor Beam||[still]
|-prepare|p1a: Archeops|Meteor Beam
|-boost|p1a: Archeops|spa|1
|-enditem|p1a: Archeops|Power Herb
|-anim|p1a: Archeops|Meteor Beam|p2a: Flapple
|-damage|p2a: Flapple|0 fnt
|faint|p2a: Flapple
|
|upkeep
|
|t:|1633886626
|switch|p2a: Cryogonal|Cryogonal|100/100
|turn|3
|
|t:|1633886630
|move|p1a: Archeops|Heat Wave|p2a: Cryogonal
|-supereffective|p2a: Cryogonal
|-damage|p2a: Cryogonal|59/100
|move|p2a: Cryogonal|Ice Beam|p1a: Archeops
|-supereffective|p1a: Archeops
|-damage|p1a: Archeops|0 fnt
|faint|p1a: Archeops
|
|upkeep
|
|t:|1633886643
|switch|p1a: Gourgeist|Gourgeist, M|100/100
|-item|p2a: Cryogonal|Heavy-Duty Boots|[from] ability: Frisk|[of] p1a: Gourgeist|[identify]
|turn|4
|
|t:|1633886648
|switch|p2a: Mawile|Mawile, M|100/100
|-ability|p2a: Mawile|Intimidate|boost
|-unboost|p1a: Gourgeist|atk|1
|move|p1a: Gourgeist|Poltergeist|p2a: Mawile
|-activate|p2a: Mawile|move: Poltergeist|Rocky Helmet
|-damage|p2a: Mawile|74/100
|
|upkeep
|turn|5
|
|t:|1633886662
|switch|p1a: Hitmontop|Hitmontop, M|100/100
|move|p2a: Mawile|Stealth Rock|p1a: Hitmontop
|-sidestart|p1: UberFiend|move: Stealth Rock
|
|upkeep
|turn|6
|
|t:|1633886689
|move|p1a: Hitmontop|Rapid Spin|p2a: Mawile
|-resisted|p2a: Mawile
|-damage|p2a: Mawile|64/100
|-boost|p1a: Hitmontop|spe|1
|-damage|p1a: Hitmontop|84/100|[from] item: Rocky Helmet|[of] p2a: Mawile
|-sideend|p1: UberFiend|Stealth Rock|[from] move: Rapid Spin|[of] p1a: Hitmontop
|move|p2a: Mawile|Play Rough|p1a: Hitmontop
|-supereffective|p1a: Hitmontop
|-damage|p1a: Hitmontop|23/100
|-unboost|p1a: Hitmontop|atk|1
|
|upkeep
|turn|7
|
|t:|1633886695
|move|p1a: Hitmontop|Bulldoze|p2a: Mawile
|-supereffective|p2a: Mawile
|-damage|p2a: Mawile|29/100
|-unboost|p2a: Mawile|spe|1
|move|p2a: Mawile|Play Rough|p1a: Hitmontop
|-supereffective|p1a: Hitmontop
|-damage|p1a: Hitmontop|0 fnt
|faint|p1a: Hitmontop
|
|upkeep
|
|t:|1633886702
|switch|p1a: Whimsicott|Whimsicott, M|100/100
|turn|8
|
|t:|1633886709
|switch|p2a: Corsola|Corsola, F|100/100
|move|p1a: Whimsicott|Moonblast|p2a: Corsola
|-damage|p2a: Corsola|59/100
|-damage|p1a: Whimsicott|91/100|[from] item: Life Orb
|
|upkeep
|turn|9
|
|t:|1633886718
|move|p1a: Whimsicott|Energy Ball|p2a: Corsola
|-supereffective|p2a: Corsola
|-damage|p2a: Corsola|0 fnt
|faint|p2a: Corsola
|-damage|p1a: Whimsicott|81/100|[from] item: Life Orb
|
|upkeep
|
|t:|1633886719
|switch|p2a: Cryogonal|Cryogonal|59/100
|turn|10
|
|t:|1633886732
|move|p1a: Whimsicott|Nature Power|p2a: Cryogonal
|move|p1a: Whimsicott|Tri Attack|p2a: Cryogonal|[from]move: Nature Power
|-damage|p2a: Cryogonal|33/100
|-damage|p1a: Whimsicott|71/100|[from] item: Life Orb
|move|p2a: Cryogonal|Recover|p2a: Cryogonal
|-heal|p2a: Cryogonal|83/100
|
|upkeep
|turn|11
|
|t:|1633886738
|move|p1a: Whimsicott|Encore|p2a: Cryogonal
|-start|p2a: Cryogonal|Encore
|move|p2a: Cryogonal|Recover|p2a: Cryogonal
|-heal|p2a: Cryogonal|100/100
|
|upkeep
|turn|12
|
|t:|1633886745
|switch|p2a: Mawile|Mawile, M|29/100
|-ability|p2a: Mawile|Intimidate|boost
|-unboost|p1a: Whimsicott|atk|1
|move|p1a: Whimsicott|Moonblast|p2a: Mawile
|-resisted|p2a: Mawile
|-damage|p2a: Mawile|0 fnt
|faint|p2a: Mawile
|-damage|p1a: Whimsicott|61/100|[from] item: Life Orb
|
|upkeep
|
|t:|1633886747
|switch|p2a: Cryogonal|Cryogonal|100/100
|turn|13
|
|t:|1633886756
|move|p1a: Whimsicott|Nature Power|p2a: Cryogonal
|move|p1a: Whimsicott|Tri Attack|p2a: Cryogonal|[from]move: Nature Power
|-damage|p2a: Cryogonal|77/100
|-damage|p1a: Whimsicott|51/100|[from] item: Life Orb
|move|p2a: Cryogonal|Ice Beam|p1a: Whimsicott
|-supereffective|p1a: Whimsicott
|-damage|p1a: Whimsicott|0 fnt
|faint|p1a: Whimsicott
|
|upkeep
|
|t:|1633886764
|switch|p1a: Gourgeist|Gourgeist, M|100/100
|-item|p2a: Cryogonal|Heavy-Duty Boots|[from] ability: Frisk|[of] p1a: Gourgeist|[identify]
|turn|14
|
|t:|1633886778
|switch|p2a: Miltank|Miltank, F|100/100
|move|p1a: Gourgeist|Trick|p2a: Miltank
|-activate|p1a: Gourgeist|move: Trick|[of] p2a: Miltank
|-item|p2a: Miltank|Choice Scarf|[from] move: Trick
|-item|p1a: Gourgeist|Heavy-Duty Boots|[from] move: Trick
|
|upkeep
|turn|15
|inactive|Battle timer is ON: inactive players will automatically lose when time's up. (requested by one of the bouys)
|
|t:|1633886892
|move|p2a: Miltank|Double-Edge|p1a: Gourgeist
|-damage|p1a: Gourgeist|56/100
|-damage|p2a: Miltank|88/100|[from] Recoil
|move|p1a: Gourgeist|Poltergeist|p2a: Miltank
|-immune|p2a: Miltank
|
|upkeep
|turn|16
|
|t:|1633886901
|move|p2a: Miltank|Double-Edge|p1a: Gourgeist
|-damage|p1a: Gourgeist|9/100
|-damage|p2a: Miltank|75/100|[from] Recoil
|move|p1a: Gourgeist|Poltergeist|p2a: Miltank
|-immune|p2a: Miltank
|
|upkeep
|turn|17
|
|t:|1633886904
|move|p2a: Miltank|Double-Edge|p1a: Gourgeist
|-crit|p1a: Gourgeist
|-damage|p1a: Gourgeist|0 fnt
|faint|p1a: Gourgeist
|-damage|p2a: Miltank|73/100|[from] Recoil
|
|upkeep
|
|t:|1633886908
|switch|p1a: Accelgor|Accelgor, F|100/100
|turn|18
|
|t:|1633886911
|move|p2a: Miltank|Double-Edge|p1a: Accelgor
|-damage|p1a: Accelgor|7/100
|-damage|p2a: Miltank|42/100|[from] Recoil
|move|p1a: Accelgor|Bug Buzz|p2a: Miltank
|-damage|p2a: Miltank|0 fnt
|faint|p2a: Miltank
|-enditem|p1a: Accelgor|Throat Spray
|-boost|p1a: Accelgor|spa|1|[from] item: Throat Spray
|
|upkeep
|
|t:|1633886917
|switch|p2a: Cryogonal|Cryogonal|77/100
|turn|19
|
|t:|1633886920
|move|p1a: Accelgor|Focus Blast|p2a: Cryogonal
|-supereffective|p2a: Cryogonal
|-damage|p2a: Cryogonal|0 fnt
|faint|p2a: Cryogonal
|
|upkeep
|
|t:|1633886922
|switch|p2a: Tangela|Tangela, F|100/100
|turn|20
|
|t:|1633886925
|move|p1a: Accelgor|Bug Buzz|p2a: Tangela
|-supereffective|p2a: Tangela
|-damage|p2a: Tangela|0 fnt
|faint|p2a: Tangela
|
|win|UberFiend
|raw|UberFiend's rating: 1389 &rarr; <strong>1420</strong><br />(+31 for winning)
|raw|one of the bouys's rating: 1600 &rarr; <strong>1569</strong><br />(-31 for losing)
|c|☆one of the bouys|gg
||Ladder isn't responding, score probably updated but might not have (Request timeout).
|l|☆one of the bouys
