|j|☆kacj0
|j|☆bababi
|t:|1639246485
|gametype|singles
|player|p1|kacj0|cowgirl|1357
|player|p2|bababi|cress|1560
|teamsize|p1|6
|teamsize|p2|6
|gen|8
|tier|[Gen 8] PU
|rated|
|rule|Sleep Clause Mod: Limit one foe put to sleep
|rule|Species Clause: Limit one of each Pokémon
|rule|OHKO Clause: OHKO moves are banned
|rule|Evasion Moves Clause: Evasion moves are banned
|rule|Endless Battle Clause: Forcing endless battles is banned
|rule|HP Percentage Mod: HP is shown in percentages
|rule|Dynamax Clause: You cannot dynamax
|clearpoke
|poke|p1|Throh, M|
|poke|p1|Tsareena, F|
|poke|p1|Dusknoir, M|
|poke|p1|Cofagrigus, F|
|poke|p1|Flareon, M|
|poke|p1|Lycanroc-Midnight, F|
|poke|p2|Rotom|
|poke|p2|Weezing, F|
|poke|p2|Togedemaru, M|
|poke|p2|Druddigon, M|
|poke|p2|Ribombee, F|
|poke|p2|Hitmontop, M|
|teampreview
|inactive|Battle timer is ON: inactive players will automatically lose when time's up. (requested by kacj0)
|
|t:|1639246498
|start
|switch|p1a: Cofagrigus|Cofagrigus, F|100/100
|switch|p2a: Rotom|Rotom|100/100
|turn|1
|
|t:|1639246504
|move|p2a: Rotom|Substitute|p2a: Rotom
|-start|p2a: Rotom|Substitute
|-damage|p2a: Rotom|75/100
|move|p1a: Cofagrigus|Shadow Ball|p2a: Rotom
|-supereffective|p2a: Rotom
|-end|p2a: Rotom|Substitute
|
|-heal|p2a: Rotom|82/100|[from] item: Leftovers
|upkeep
|turn|2
|
|t:|1639246512
|move|p2a: Rotom|Hex|p1a: Cofagrigus
|-supereffective|p1a: Cofagrigus
|-damage|p1a: Cofagrigus|44/100
|move|p1a: Cofagrigus|Shadow Ball|p2a: Rotom
|-supereffective|p2a: Rotom
|-damage|p2a: Rotom|0 fnt
|faint|p2a: Rotom
|
|upkeep
|
|t:|1639246518
|switch|p2a: Ribombee|Ribombee, F|100/100
|turn|3
|
|t:|1639246521
|move|p2a: Ribombee|Moonblast|p1a: Cofagrigus
|-damage|p1a: Cofagrigus|2/100
|move|p1a: Cofagrigus|Shadow Ball|p2a: Ribombee
|-damage|p2a: Ribombee|7/100
|
|upkeep
|turn|4
|
|t:|1639246527
|move|p2a: Ribombee|Moonblast|p1a: Cofagrigus
|-damage|p1a: Cofagrigus|0 fnt
|faint|p1a: Cofagrigus
|
|upkeep
|
|t:|1639246532
|switch|p1a: Flareon|Flareon, M|100/100
|turn|5
|
|t:|1639246534
|switch|p2a: Druddigon|Druddigon, M|100/100
|move|p1a: Flareon|Flame Charge|p2a: Druddigon
|-resisted|p2a: Druddigon
|-damage|p2a: Druddigon|90/100
|-boost|p1a: Flareon|spe|1
|-damage|p1a: Flareon|88/100|[from] ability: Rough Skin|[of] p2a: Druddigon
|
|-heal|p2a: Druddigon|97/100|[from] item: Leftovers
|-status|p1a: Flareon|tox|[from] item: Toxic Orb
|upkeep
|turn|6
|
|t:|1639246545
|move|p1a: Flareon|Facade|p2a: Druddigon
|-damage|p2a: Druddigon|42/100
|-damage|p1a: Flareon|75/100 tox|[from] ability: Rough Skin|[of] p2a: Druddigon
|move|p2a: Druddigon|Earthquake|p1a: Flareon
|-supereffective|p1a: Flareon
|-damage|p1a: Flareon|0 fnt
|faint|p1a: Flareon
|
|-heal|p2a: Druddigon|48/100|[from] item: Leftovers
|upkeep
|
|t:|1639246555
|switch|p1a: Dusknoir|Dusknoir, M|100/100
|-item|p2a: Druddigon|Leftovers|[from] ability: Frisk|[of] p1a: Dusknoir|[identify]
|turn|7
|
|t:|1639246569
|switch|p2a: Weezing|Weezing, F|100/100
|-ability|p2a: Weezing|Neutralizing Gas
|move|p1a: Dusknoir|Poltergeist|p2a: Weezing
|-activate|p2a: Weezing|move: Poltergeist|Rocky Helmet
|-damage|p2a: Weezing|48/100
|
|upkeep
|turn|8
|
|t:|1639246577
|move|p2a: Weezing|Will-O-Wisp|p1a: Dusknoir
|-status|p1a: Dusknoir|brn
|move|p1a: Dusknoir|Poltergeist|p2a: Weezing
|-activate|p2a: Weezing|move: Poltergeist|Rocky Helmet
|-damage|p2a: Weezing|21/100
|
|-damage|p1a: Dusknoir|94/100 brn|[from] brn
|upkeep
|turn|9
|
|t:|1639246597
|move|p2a: Weezing|Toxic Spikes|p1a: Dusknoir
|-sidestart|p1: kacj0|move: Toxic Spikes
|move|p1a: Dusknoir|Poltergeist|p2a: Weezing
|-activate|p2a: Weezing|move: Poltergeist|Rocky Helmet
|-damage|p2a: Weezing|0 fnt
|faint|p2a: Weezing
|-end|p2a: Weezing|ability: Neutralizing Gas
|
|-damage|p1a: Dusknoir|88/100 brn|[from] brn
|upkeep
|
|t:|1639246601
|switch|p2a: Togedemaru|Togedemaru, M|100/100
|turn|10
|
|t:|1639246607
|move|p2a: Togedemaru|Wish|p2a: Togedemaru
|move|p1a: Dusknoir|Poltergeist|p2a: Togedemaru
|-activate|p2a: Togedemaru|move: Poltergeist|Leftovers
|-damage|p2a: Togedemaru|46/100
|
|-heal|p2a: Togedemaru|52/100|[from] item: Leftovers
|-damage|p1a: Dusknoir|82/100 brn|[from] brn
|upkeep
|turn|11
|
|t:|1639246616
|move|p2a: Togedemaru|Spiky Shield|p2a: Togedemaru
|-singleturn|p2a: Togedemaru|move: Protect
|move|p1a: Dusknoir|Poltergeist|p2a: Togedemaru
|-activate|p2a: Togedemaru|move: Protect
|
|-heal|p2a: Togedemaru|100/100|[from] move: Wish|[wisher] Togedemaru
|-damage|p1a: Dusknoir|76/100 brn|[from] brn
|upkeep
|turn|12
|
|t:|1639246626
|switch|p1a: Tsareena|Tsareena, F|100/100
|move|p2a: Togedemaru|Wish|p2a: Togedemaru
|
|upkeep
|turn|13
|
|t:|1639246630
|switch|p2a: Druddigon|Druddigon, M|48/100
|move|p1a: Tsareena|Rapid Spin|p2a: Druddigon
|-damage|p2a: Druddigon|33/100
|-boost|p1a: Tsareena|spe|1
|-damage|p1a: Tsareena|88/100|[from] ability: Rough Skin|[of] p2a: Druddigon
|-sideend|p1: kacj0|Toxic Spikes|[from] move: Rapid Spin|[of] p1a: Tsareena
|
|-heal|p2a: Druddigon|80/100|[from] move: Wish|[wisher] Togedemaru
|-heal|p2a: Druddigon|86/100|[from] item: Leftovers
|upkeep
|turn|14
|
|t:|1639246642
|move|p1a: Tsareena|Knock Off|p2a: Druddigon
|-damage|p2a: Druddigon|57/100
|-damage|p1a: Tsareena|76/100|[from] ability: Rough Skin|[of] p2a: Druddigon
|-enditem|p2a: Druddigon|Leftovers|[from] move: Knock Off|[of] p1a: Tsareena
|move|p2a: Druddigon|Dragon Tail|p1a: Tsareena
|-damage|p1a: Tsareena|53/100
|drag|p1a: Throh|Throh, M|100/100
|
|upkeep
|turn|15
|
|t:|1639246661
|move|p1a: Throh|Storm Throw|p2a: Druddigon
|-crit|p2a: Druddigon
|-damage|p2a: Druddigon|20/100
|-damage|p1a: Throh|88/100|[from] ability: Rough Skin|[of] p2a: Druddigon
|move|p2a: Druddigon|Dragon Tail|p1a: Throh
|-damage|p1a: Throh|68/100
|drag|p1a: Dusknoir|Dusknoir, M|76/100 brn
|
|-damage|p1a: Dusknoir|70/100 brn|[from] brn
|upkeep
|turn|16
|
|t:|1639246674
|move|p1a: Dusknoir|Earthquake|p2a: Druddigon
|-damage|p2a: Druddigon|0 fnt
|faint|p2a: Druddigon
|
|-damage|p1a: Dusknoir|64/100 brn|[from] brn
|upkeep
|
|t:|1639246678
|switch|p2a: Ribombee|Ribombee, F|7/100
|turn|17
|
|t:|1639246682
|move|p2a: Ribombee|Roost|p2a: Ribombee
|-heal|p2a: Ribombee|57/100
|-singleturn|p2a: Ribombee|move: Roost
|move|p1a: Dusknoir|Earthquake|p2a: Ribombee
|-resisted|p2a: Ribombee
|-crit|p2a: Ribombee
|-damage|p2a: Ribombee|24/100
|
|-damage|p1a: Dusknoir|58/100 brn|[from] brn
|upkeep
|turn|18
|
|t:|1639246690
|switch|p1a: Lycanroc|Lycanroc-Midnight, F|100/100
|move|p2a: Ribombee|Roost|p2a: Ribombee
|-heal|p2a: Ribombee|74/100
|-singleturn|p2a: Ribombee|move: Roost
|
|upkeep
|turn|19
|
|t:|1639246698
|switch|p2a: Hitmontop|Hitmontop, M|100/100
|move|p1a: Lycanroc|Stone Edge|p2a: Hitmontop
|-resisted|p2a: Hitmontop
|-damage|p2a: Hitmontop|68/100
|
|upkeep
|turn|20
|
|t:|1639246709
|switch|p1a: Throh|Throh, M|68/100
|move|p2a: Hitmontop|Triple Axel|p1a: Throh
|-damage|p1a: Throh|59/100
|-damage|p1a: Throh|43/100
|-damage|p1a: Throh|20/100
|-hitcount|p1a: Throh|3
|
|upkeep
|turn|21
|
|t:|1639246722
|move|p2a: Hitmontop|Rapid Spin|p1a: Throh
|-damage|p1a: Throh|1/100
|-boost|p2a: Hitmontop|spe|1
|move|p1a: Throh|Storm Throw|p2a: Hitmontop
|-crit|p2a: Hitmontop
|-damage|p2a: Hitmontop|5/100
|
|upkeep
|turn|22
|
|t:|1639246729
|move|p2a: Hitmontop|Rapid Spin|p1a: Throh
|-damage|p1a: Throh|0 fnt
|-boost|p2a: Hitmontop|spe|1
|faint|p1a: Throh
|
|upkeep
|c|☆kacj0|that druddigon
|c|☆kacj0|appears so frequently recently
|
|t:|1639246745
|switch|p1a: Dusknoir|Dusknoir, M|58/100 brn
|-item|p2a: Hitmontop|Heavy-Duty Boots|[from] ability: Frisk|[of] p1a: Dusknoir|[identify]
|turn|23
|
|t:|1639246758
|switch|p2a: Togedemaru|Togedemaru, M|100/100
|move|p1a: Dusknoir|Shadow Sneak|p2a: Togedemaru
|-damage|p2a: Togedemaru|80/100
|
|-heal|p2a: Togedemaru|86/100|[from] item: Leftovers
|-damage|p1a: Dusknoir|52/100 brn|[from] brn
|upkeep
|turn|24
|
|t:|1639246765
|switch|p1a: Tsareena|Tsareena, F|53/100
|move|p2a: Togedemaru|Iron Head|p1a: Tsareena
|-damage|p1a: Tsareena|27/100
|
|-heal|p2a: Togedemaru|92/100|[from] item: Leftovers
|upkeep
|turn|25
|
|t:|1639246772
|move|p2a: Togedemaru|Spiky Shield|p2a: Togedemaru
|-singleturn|p2a: Togedemaru|move: Protect
|move|p1a: Tsareena|High Jump Kick|p2a: Togedemaru
|-activate|p2a: Togedemaru|move: Protect
|-damage|p1a: Tsareena|15/100|[from] Spiky Shield|[of] p2a: Togedemaru
|-damage|p1a: Tsareena|0 fnt|[from] highjumpkick
|faint|p1a: Tsareena
|
|-heal|p2a: Togedemaru|98/100|[from] item: Leftovers
|upkeep
|
|t:|1639246782
|switch|p1a: Dusknoir|Dusknoir, M|52/100 brn
|-item|p2a: Togedemaru|Leftovers|[from] ability: Frisk|[of] p1a: Dusknoir|[identify]
|turn|26
|
|t:|1639246795
|move|p2a: Togedemaru|U-turn|p1a: Dusknoir
|-resisted|p1a: Dusknoir
|-damage|p1a: Dusknoir|44/100 brn
|
|t:|1639246797
|switch|p2a: Ribombee|Ribombee, F|74/100|[from]move: U-turn
|move|p1a: Dusknoir|Earthquake|p2a: Ribombee
|-resisted|p2a: Ribombee
|-damage|p2a: Ribombee|54/100
|
|-damage|p1a: Dusknoir|38/100 brn|[from] brn
|upkeep
|turn|27
|
|t:|1639246805
|switch|p1a: Lycanroc|Lycanroc-Midnight, F|100/100
|move|p2a: Ribombee|Moonblast|p1a: Lycanroc
|-damage|p1a: Lycanroc|45/100
|
|upkeep
|turn|28
|
|t:|1639246816
|switch|p2a: Togedemaru|Togedemaru, M|98/100
|move|p1a: Lycanroc|Close Combat|p2a: Togedemaru
|-supereffective|p2a: Togedemaru
|-damage|p2a: Togedemaru|0 fnt
|-unboost|p1a: Lycanroc|def|1
|-unboost|p1a: Lycanroc|spd|1
|faint|p2a: Togedemaru
|
|upkeep
|
|t:|1639246818
|switch|p2a: Ribombee|Ribombee, F|54/100
|turn|29
|
|t:|1639246826
|switch|p1a: Dusknoir|Dusknoir, M|38/100 brn
|-item|p2a: Ribombee|Heavy-Duty Boots|[from] ability: Frisk|[of] p1a: Dusknoir|[identify]
|move|p2a: Ribombee|Moonblast|p1a: Dusknoir
|-damage|p1a: Dusknoir|4/100 brn
|
|-damage|p1a: Dusknoir|0 fnt|[from] brn
|faint|p1a: Dusknoir
|upkeep
|
|t:|1639246834
|switch|p1a: Lycanroc|Lycanroc-Midnight, F|45/100
|turn|30
|
|t:|1639246838
|move|p1a: Lycanroc|Stone Edge|p2a: Ribombee
|-supereffective|p2a: Ribombee
|-damage|p2a: Ribombee|0 fnt
|faint|p2a: Ribombee
|
|upkeep
|
|t:|1639246840
|switch|p2a: Hitmontop|Hitmontop, M|5/100
|turn|31
|
|t:|1639246844
|move|p2a: Hitmontop|Mach Punch|p1a: Lycanroc
|-supereffective|p1a: Lycanroc
|-damage|p1a: Lycanroc|0 fnt
|faint|p1a: Lycanroc
|
|win|bababi
|raw|kacj0's rating: 1357 &rarr; <strong>1348</strong><br />(-9 for losing)
|raw|bababi's rating: 1560 &rarr; <strong>1569</strong><br />(+9 for winning)
|c|☆bababi|gg
|c|☆kacj0|gg
