|j|☆Gr4ssyKnoll
|j|☆JoJo Reference #10
|t:|1650937393
|gametype|singles
|player|p1|Gr4ssyKnoll|2|1303
|player|p2|JoJo Reference #10|red-gen2|1308
|teamsize|p1|6
|teamsize|p2|6
|gen|8
|tier|[Gen 8] PU
|rated|
|rule|Sleep Clause Mod: Limit one foe put to sleep
|rule|Species Clause: Limit one of each Pokémon
|rule|OHKO Clause: OHKO moves are banned
|rule|Evasion Moves Clause: Evasion moves are banned
|rule|Endless Battle Clause: Forcing endless battles is banned
|rule|HP Percentage Mod: HP is shown in percentages
|rule|Dynamax Clause: You cannot dynamax
|clearpoke
|poke|p1|Thwackey, F|
|poke|p1|Abomasnow, M|
|poke|p1|Garbodor, F|
|poke|p1|Gigalith, F|
|poke|p1|Musharna, M|
|poke|p1|Charizard, M|
|poke|p2|Archeops, F|
|poke|p2|Whimsicott, M|
|poke|p2|Silvally-*|
|poke|p2|Charizard, F|
|poke|p2|Malamar, M|
|poke|p2|Claydol|
|teampreview
|inactive|Battle timer is ON: inactive players will automatically lose when time's up. (requested by Gr4ssyKnoll)
|
|t:|1650937409
|start
|switch|p1a: Thwackey|Thwackey, F|100/100
|switch|p2a: Archeops|Archeops, F|100/100
|-fieldstart|move: Grassy Terrain|[from] ability: Grassy Surge|[of] p1a: Thwackey
|turn|1
|
|t:|1650937415
|move|p1a: Thwackey|Grassy Glide|p2a: Archeops
|-damage|p2a: Archeops|2/100
|move|p2a: Archeops|Stealth Rock|p1a: Thwackey
|-sidestart|p1: Gr4ssyKnoll|move: Stealth Rock
|
|upkeep
|turn|2
|
|t:|1650937421
|move|p1a: Thwackey|Grassy Glide|p2a: Archeops
|-damage|p2a: Archeops|0 fnt
|faint|p2a: Archeops
|
|upkeep
|
|t:|1650937423
|switch|p2a: Charizard|Charizard, F|100/100
|turn|3
|
|t:|1650937428
|switch|p1a: Charizard|Charizard, M|100/100
|move|p2a: Charizard|Sunny Day|p2a: Charizard
|-weather|SunnyDay
|
|-weather|SunnyDay|[upkeep]
|-damage|p2a: Charizard|88/100|[from] ability: Solar Power|[of] p2a: Charizard
|upkeep
|turn|4
|
|t:|1650937437
|move|p2a: Charizard|Air Slash|p1a: Charizard
|-damage|p1a: Charizard|30/100
|cant|p1a: Charizard|flinch
|
|-weather|SunnyDay|[upkeep]
|-damage|p2a: Charizard|76/100|[from] ability: Solar Power|[of] p2a: Charizard
|upkeep
|turn|5
|
|t:|1650937444
|switch|p1a: Gigalith|Gigalith, F|100/100
|-damage|p1a: Gigalith|88/100|[from] Stealth Rock
|-weather|Sandstorm|[from] ability: Sand Stream|[of] p1a: Gigalith
|move|p2a: Charizard|Focus Blast|p1a: Gigalith
|-supereffective|p1a: Gigalith
|-damage|p1a: Gigalith|49/100
|
|-weather|Sandstorm|[upkeep]
|-damage|p2a: Charizard|70/100|[from] Sandstorm
|-heal|p1a: Gigalith|55/100|[from] Grassy Terrain
|-heal|p1a: Gigalith|61/100|[from] item: Leftovers
|-fieldend|move: Grassy Terrain
|upkeep
|turn|6
|
|t:|1650937461
|move|p2a: Charizard|Focus Blast|p1a: Gigalith
|-supereffective|p1a: Gigalith
|-damage|p1a: Gigalith|26/100
|move|p1a: Gigalith|Stealth Rock|p2a: Charizard
|-sidestart|p2: JoJo Reference #10|move: Stealth Rock
|
|-weather|Sandstorm|[upkeep]
|-damage|p2a: Charizard|63/100|[from] Sandstorm
|-heal|p1a: Gigalith|32/100|[from] item: Leftovers
|upkeep
|turn|7
|
|t:|1650937469
|move|p1a: Gigalith|Protect|p1a: Gigalith
|-singleturn|p1a: Gigalith|Protect
|move|p2a: Charizard|Focus Blast|p1a: Gigalith
|-activate|p1a: Gigalith|move: Protect
|
|-weather|Sandstorm|[upkeep]
|-damage|p2a: Charizard|57/100|[from] Sandstorm
|-heal|p1a: Gigalith|38/100|[from] item: Leftovers
|upkeep
|turn|8
|
|t:|1650937478
|move|p2a: Charizard|Focus Blast|p1a: Gigalith
|-supereffective|p1a: Gigalith
|-damage|p1a: Gigalith|0 fnt
|faint|p1a: Gigalith
|
|-weather|Sandstorm|[upkeep]
|-damage|p2a: Charizard|51/100|[from] Sandstorm
|upkeep
|
|t:|1650937486
|switch|p1a: Charizard|Charizard, M|30/100
|turn|9
|
|t:|1650937490
|move|p2a: Charizard|Weather Ball|p1a: Charizard
|-supereffective|p1a: Charizard
|-damage|p1a: Charizard|0 fnt
|faint|p1a: Charizard
|
|-weather|none
|upkeep
|
|t:|1650937498
|switch|p1a: Abomasnow|Abomasnow, M|100/100
|-damage|p1a: Abomasnow|76/100|[from] Stealth Rock
|-weather|Hail|[from] ability: Snow Warning|[of] p1a: Abomasnow
|turn|10
|
|t:|1650937504
|move|p1a: Abomasnow|Ice Shard|p2a: Charizard
|-damage|p2a: Charizard|10/100
|move|p2a: Charizard|Air Slash|p1a: Abomasnow
|-supereffective|p1a: Abomasnow
|-damage|p1a: Abomasnow|0 fnt
|faint|p1a: Abomasnow
|
|-weather|Hail|[upkeep]
|-damage|p2a: Charizard|4/100|[from] Hail
|upkeep
|
|t:|1650937511
|switch|p1a: Thwackey|Thwackey, F|100/100
|-damage|p1a: Thwackey|88/100|[from] Stealth Rock
|-fieldstart|move: Grassy Terrain|[from] ability: Grassy Surge|[of] p1a: Thwackey
|turn|11
|
|t:|1650937517
|move|p1a: Thwackey|Grassy Glide|p2a: Charizard
|-resisted|p2a: Charizard
|-damage|p2a: Charizard|0 fnt
|faint|p2a: Charizard
|
|-weather|Hail|[upkeep]
|-damage|p1a: Thwackey|82/100|[from] Hail
|-heal|p1a: Thwackey|88/100|[from] Grassy Terrain
|upkeep
|
|t:|1650937521
|switch|p2a: Whimsicott|Whimsicott, M|100/100
|-damage|p2a: Whimsicott|88/100|[from] Stealth Rock
|turn|12
|
|t:|1650937527
|switch|p1a: Garbodor|Garbodor, F|100/100
|-damage|p1a: Garbodor|88/100|[from] Stealth Rock
|move|p2a: Whimsicott|Moonblast|p1a: Garbodor
|-resisted|p1a: Garbodor
|-damage|p1a: Garbodor|63/100
|-damage|p2a: Whimsicott|78/100|[from] item: Life Orb
|
|-weather|Hail|[upkeep]
|-damage|p2a: Whimsicott|72/100|[from] Hail
|-damage|p1a: Garbodor|57/100|[from] Hail
|-heal|p2a: Whimsicott|78/100|[from] Grassy Terrain
|-heal|p1a: Garbodor|63/100|[from] Grassy Terrain
|upkeep
|turn|13
|
|t:|1650937539
|move|p2a: Whimsicott|Psychic|p1a: Garbodor
|-supereffective|p1a: Garbodor
|-damage|p1a: Garbodor|0 fnt
|faint|p1a: Garbodor
|-damage|p2a: Whimsicott|68/100|[from] item: Life Orb
|
|-weather|Hail|[upkeep]
|-damage|p2a: Whimsicott|62/100|[from] Hail
|-heal|p2a: Whimsicott|68/100|[from] Grassy Terrain
|upkeep
|
|t:|1650937547
|switch|p1a: Thwackey|Thwackey, F|88/100
|-damage|p1a: Thwackey|76/100|[from] Stealth Rock
|turn|14
|
|t:|1650937551
|move|p2a: Whimsicott|Moonblast|p1a: Thwackey
|-damage|p1a: Thwackey|0 fnt
|faint|p1a: Thwackey
|-damage|p2a: Whimsicott|58/100|[from] item: Life Orb
|
|-weather|none
|-heal|p2a: Whimsicott|64/100|[from] Grassy Terrain
|upkeep
|-message|Gr4ssyKnoll forfeited.
|
|win|JoJo Reference #10
|raw|Gr4ssyKnoll's rating: 1303 &rarr; <strong>1283</strong><br />(-20 for losing)
|raw|JoJo Reference #10's rating: 1308 &rarr; <strong>1328</strong><br />(+20 for winning)
|l|☆Gr4ssyKnoll
