|j|☆PlusC932
|j|☆Petey Wheatstraw
|t:|1613748735
|player|p1|PlusC932|colress|1353
|player|p2|Petey Wheatstraw|boarder|1407
|teamsize|p1|6
|teamsize|p2|6
|gametype|singles
|gen|8
|tier|[Gen 8] PU
|rated|
|clearpoke
|poke|p1|Gigalith, M|
|poke|p1|Audino, F|
|poke|p1|Poliwrath, F|
|poke|p1|Togedemaru, F|
|poke|p1|Mesprit|
|poke|p1|Weezing, F|
|poke|p2|Aggron, F|
|poke|p2|Clawitzer, F|
|poke|p2|Lanturn, F|
|poke|p2|Virizion|
|poke|p2|Sandaconda, M|
|poke|p2|Passimian, F|
|rule|Sleep Clause Mod: Limit one foe put to sleep
|rule|Species Clause: Limit one of each Pokémon
|rule|OHKO Clause: OHKO moves are banned
|rule|Evasion Moves Clause: Evasion moves are banned
|rule|Endless Battle Clause: Forcing endless battles is banned
|rule|HP Percentage Mod: HP is shown in percentages
|rule|Dynamax Clause: You cannot dynamax
|teampreview
|inactive|Battle timer is ON: inactive players will automatically lose when time's up. (requested by PlusC932)
|inactive|Petey Wheatstraw also wants the timer to be on.
|
|t:|1613748740
|start
|switch|p1a: Weezing|Weezing, F|100/100
|switch|p2a: Aggron|Aggron, F|100/100
|-ability|p1a: Weezing|Neutralizing Gas
|turn|1
|
|t:|1613748747
|move|p2a: Aggron|Stealth Rock|p1a: Weezing
|-sidestart|p1: PlusC932|move: Stealth Rock
|move|p1a: Weezing|Will-O-Wisp|p2a: Aggron
|-status|p2a: Aggron|brn
|
|-damage|p2a: Aggron|94/100 brn|[from] brn
|upkeep
|turn|2
|
|t:|1613748750
|move|p2a: Aggron|Heavy Slam|p1a: Weezing
|-damage|p1a: Weezing|82/100
|-damage|p2a: Aggron|78/100 brn|[from] item: Rocky Helmet|[of] p1a: Weezing
|move|p1a: Weezing|Toxic Spikes|p2a: Aggron
|-sidestart|p2: Petey Wheatstraw|move: Toxic Spikes
|
|-damage|p2a: Aggron|72/100 brn|[from] brn
|upkeep
|turn|3
|
|t:|1613748754
|move|p2a: Aggron|Heavy Slam|p1a: Weezing
|-damage|p1a: Weezing|62/100
|-damage|p2a: Aggron|56/100 brn|[from] item: Rocky Helmet|[of] p1a: Weezing
|move|p1a: Weezing|Toxic Spikes|p2a: Aggron
|-sidestart|p2: Petey Wheatstraw|move: Toxic Spikes
|
|-damage|p2a: Aggron|50/100 brn|[from] brn
|upkeep
|turn|4
|
|t:|1613748757
|-end|p1a: Weezing|ability: Neutralizing Gas
|switch|p1a: Poliwrath|Poliwrath, F|100/100
|-damage|p1a: Poliwrath|94/100|[from] Stealth Rock
|move|p2a: Aggron|Heavy Slam|p1a: Poliwrath
|-resisted|p1a: Poliwrath
|-damage|p1a: Poliwrath|76/100
|
|-heal|p1a: Poliwrath|82/100|[from] item: Leftovers
|-damage|p2a: Aggron|44/100 brn|[from] brn
|upkeep
|turn|5
|
|t:|1613748769
|move|p1a: Poliwrath|Substitute|p1a: Poliwrath
|-start|p1a: Poliwrath|Substitute
|-damage|p1a: Poliwrath|58/100
|move|p2a: Aggron|Head Smash|p1a: Poliwrath
|-resisted|p1a: Poliwrath
|-activate|p1a: Poliwrath|move: Substitute|[damage]
|-damage|p2a: Aggron|31/100 brn|[from] Recoil|[of] p1a: Poliwrath
|
|-heal|p1a: Poliwrath|64/100|[from] item: Leftovers
|-damage|p2a: Aggron|25/100 brn|[from] brn
|upkeep
|turn|6
|-enditem|p2a: Aggron|Custap Berry|[eat]
|-activate|p2a: Aggron|item: Custap Berry|[consumed]
|
|t:|1613748775
|move|p2a: Aggron|Earthquake|p1a: Poliwrath
|-end|p1a: Poliwrath|Substitute
|move|p1a: Poliwrath|Bulk Up|p1a: Poliwrath
|-boost|p1a: Poliwrath|atk|1
|-boost|p1a: Poliwrath|def|1
|
|-heal|p1a: Poliwrath|70/100|[from] item: Leftovers
|-damage|p2a: Aggron|19/100 brn|[from] brn
|upkeep
|turn|7
|
|t:|1613748779
|move|p1a: Poliwrath|Substitute|p1a: Poliwrath
|-start|p1a: Poliwrath|Substitute
|-damage|p1a: Poliwrath|45/100
|move|p2a: Aggron|Earthquake|p1a: Poliwrath
|-activate|p1a: Poliwrath|move: Substitute|[damage]
|
|-heal|p1a: Poliwrath|51/100|[from] item: Leftovers
|-damage|p2a: Aggron|13/100 brn|[from] brn
|upkeep
|turn|8
|
|t:|1613748785
|move|p1a: Poliwrath|Bulk Up|p1a: Poliwrath
|-boost|p1a: Poliwrath|atk|1
|-boost|p1a: Poliwrath|def|1
|move|p2a: Aggron|Earthquake|p1a: Poliwrath
|-activate|p1a: Poliwrath|move: Substitute|[damage]
|
|-heal|p1a: Poliwrath|58/100|[from] item: Leftovers
|-damage|p2a: Aggron|7/100 brn|[from] brn
|upkeep
|turn|9
|
|t:|1613748795
|move|p1a: Poliwrath|Bulk Up|p1a: Poliwrath
|-boost|p1a: Poliwrath|atk|1
|-boost|p1a: Poliwrath|def|1
|move|p2a: Aggron|Earthquake|p1a: Poliwrath
|-end|p1a: Poliwrath|Substitute
|
|-heal|p1a: Poliwrath|64/100|[from] item: Leftovers
|-damage|p2a: Aggron|1/100 brn|[from] brn
|upkeep
|turn|10
|
|t:|1613748805
|move|p1a: Poliwrath|Substitute|p1a: Poliwrath
|-start|p1a: Poliwrath|Substitute
|-damage|p1a: Poliwrath|39/100
|move|p2a: Aggron|Head Smash|p1a: Poliwrath
|-resisted|p1a: Poliwrath
|-activate|p1a: Poliwrath|move: Substitute|[damage]
|-damage|p2a: Aggron|0 fnt|[from] Recoil|[of] p1a: Poliwrath
|faint|p2a: Aggron
|
|-heal|p1a: Poliwrath|45/100|[from] item: Leftovers
|upkeep
|
|t:|1613748810
|switch|p2a: Lanturn|Lanturn, F|100/100
|-status|p2a: Lanturn|tox
|turn|11
|
|t:|1613748813
|move|p1a: Poliwrath|Drain Punch|p2a: Lanturn
|-damage|p2a: Lanturn|22/100 tox
|-heal|p1a: Poliwrath|94/100|[from] drain|[of] p2a: Lanturn
|move|p2a: Lanturn|Volt Switch|p1a: Poliwrath
|-supereffective|p1a: Poliwrath
|-end|p1a: Poliwrath|Substitute
|
|t:|1613748823
|switch|p2a: Virizion|Virizion|100/100|[from]move: Volt Switch
|-status|p2a: Virizion|tox
|
|-heal|p1a: Poliwrath|99/100|[from] item: Leftovers
|-damage|p2a: Virizion|94/100 tox|[from] psn
|upkeep
|turn|12
|
|t:|1613748827
|switch|p1a: Weezing|Weezing, F|62/100
|-ability|p1a: Weezing|Neutralizing Gas
|-damage|p1a: Weezing|50/100|[from] Stealth Rock
|move|p2a: Virizion|Giga Drain|p1a: Weezing
|-resisted|p1a: Weezing
|-damage|p1a: Weezing|23/100
|-heal|p2a: Virizion|100/100 tox|[from] drain|[of] p1a: Weezing
|-damage|p2a: Virizion|91/100 tox|[from] item: Life Orb
|
|-damage|p2a: Virizion|78/100 tox|[from] psn
|upkeep
|turn|13
|
|t:|1613748832
|move|p2a: Virizion|Air Slash|p1a: Weezing
|-crit|p1a: Weezing
|-damage|p1a: Weezing|0 fnt
|-damage|p2a: Virizion|68/100 tox|[from] item: Life Orb
|faint|p1a: Weezing
|-end|p1a: Weezing|ability: Neutralizing Gas
|
|-damage|p2a: Virizion|50/100 tox|[from] psn
|upkeep
|
|t:|1613748836
|switch|p1a: Mesprit|Mesprit|100/100
|-damage|p1a: Mesprit|88/100|[from] Stealth Rock
|turn|14
|
|t:|1613748841
|switch|p2a: Lanturn|Lanturn, F|22/100 tox
|move|p1a: Mesprit|Psychic|p2a: Lanturn
|-damage|p2a: Lanturn|0 fnt
|faint|p2a: Lanturn
|
|upkeep
|
|t:|1613748845
|switch|p2a: Clawitzer|Clawitzer, F|100/100
|-status|p2a: Clawitzer|tox
|turn|15
|
|t:|1613748849
|switch|p1a: Audino|Audino, F|100/100
|move|p2a: Clawitzer|Dark Pulse|p1a: Audino
|-damage|p1a: Audino|56/100
|
|-damage|p2a: Clawitzer|94/100 tox|[from] psn
|upkeep
|turn|16
|
|t:|1613748853
|move|p2a: Clawitzer|Dark Pulse|p1a: Audino
|-damage|p1a: Audino|14/100
|move|p1a: Audino|Wish|p1a: Audino
|
|-damage|p2a: Clawitzer|82/100 tox|[from] psn
|upkeep
|turn|17
|
|t:|1613748857
|switch|p2a: Passimian|Passimian, F|100/100
|-status|p2a: Passimian|tox
|move|p1a: Audino|Protect||[still]
|-fail|p1a: Audino
|
|-heal|p1a: Audino|64/100|[from] move: Wish|[wisher] Audino
|-damage|p2a: Passimian|94/100 tox|[from] psn
|upkeep
|turn|18
|
|t:|1613748862
|switch|p1a: Mesprit|Mesprit|88/100
|-damage|p1a: Mesprit|76/100|[from] Stealth Rock
|move|p2a: Passimian|Knock Off|p1a: Mesprit
|-supereffective|p1a: Mesprit
|-damage|p1a: Mesprit|0 fnt
|-enditem|p1a: Mesprit|Choice Scarf|[from] move: Knock Off|[of] p2a: Passimian
|faint|p1a: Mesprit
|
|-damage|p2a: Passimian|82/100 tox|[from] psn
|upkeep
|
|t:|1613748869
|switch|p1a: Poliwrath|Poliwrath, F|99/100
|-damage|p1a: Poliwrath|94/100|[from] Stealth Rock
|turn|19
|
|t:|1613748874
|switch|p2a: Virizion|Virizion|50/100 tox
|move|p1a: Poliwrath|Substitute|p1a: Poliwrath
|-start|p1a: Poliwrath|Substitute
|-damage|p1a: Poliwrath|69/100
|
|-heal|p1a: Poliwrath|75/100|[from] item: Leftovers
|-damage|p2a: Virizion|44/100 tox|[from] psn
|upkeep
|turn|20
|
|t:|1613748876
|move|p2a: Virizion|Giga Drain|p1a: Poliwrath
|-supereffective|p1a: Poliwrath
|-end|p1a: Poliwrath|Substitute
|-heal|p2a: Virizion|56/100 tox|[from] drain|[of] p1a: Poliwrath
|-damage|p2a: Virizion|46/100 tox|[from] item: Life Orb
|move|p1a: Poliwrath|Drain Punch|p2a: Virizion
|-damage|p2a: Virizion|2/100 tox
|-heal|p1a: Poliwrath|97/100|[from] drain|[of] p2a: Virizion
|
|-heal|p1a: Poliwrath|100/100|[from] item: Leftovers
|-damage|p2a: Virizion|0 fnt|[from] psn
|faint|p2a: Virizion
|upkeep
|
|t:|1613748885
|switch|p2a: Clawitzer|Clawitzer, F|82/100 tox
|turn|21
|
|t:|1613748889
|move|p1a: Poliwrath|Substitute|p1a: Poliwrath
|-start|p1a: Poliwrath|Substitute
|-damage|p1a: Poliwrath|76/100
|move|p2a: Clawitzer|Aura Sphere|p1a: Poliwrath
|-end|p1a: Poliwrath|Substitute
|
|-heal|p1a: Poliwrath|82/100|[from] item: Leftovers
|-damage|p2a: Clawitzer|76/100 tox|[from] psn
|upkeep
|turn|22
|j| Saturspace_YT
|
|t:|1613748894
|move|p1a: Poliwrath|Substitute|p1a: Poliwrath
|-start|p1a: Poliwrath|Substitute
|-damage|p1a: Poliwrath|57/100
|move|p2a: Clawitzer|Aura Sphere|p1a: Poliwrath
|-end|p1a: Poliwrath|Substitute
|
|-heal|p1a: Poliwrath|63/100|[from] item: Leftovers
|-damage|p2a: Clawitzer|64/100 tox|[from] psn
|upkeep
|turn|23
|
|t:|1613748897
|move|p1a: Poliwrath|Substitute|p1a: Poliwrath
|-start|p1a: Poliwrath|Substitute
|-damage|p1a: Poliwrath|38/100
|move|p2a: Clawitzer|Aura Sphere|p1a: Poliwrath
|-end|p1a: Poliwrath|Substitute
|
|-heal|p1a: Poliwrath|45/100|[from] item: Leftovers
|-damage|p2a: Clawitzer|46/100 tox|[from] psn
|upkeep
|turn|24
|
|t:|1613748900
|move|p1a: Poliwrath|Substitute|p1a: Poliwrath
|-start|p1a: Poliwrath|Substitute
|-damage|p1a: Poliwrath|20/100
|move|p2a: Clawitzer|Aura Sphere|p1a: Poliwrath
|-end|p1a: Poliwrath|Substitute
|
|-heal|p1a: Poliwrath|26/100|[from] item: Leftovers
|-damage|p2a: Clawitzer|22/100 tox|[from] psn
|upkeep
|turn|25
|
|t:|1613748903
|move|p1a: Poliwrath|Drain Punch|p2a: Clawitzer
|-damage|p2a: Clawitzer|0 fnt
|-heal|p1a: Poliwrath|36/100|[from] drain|[of] p2a: Clawitzer
|faint|p2a: Clawitzer
|
|-heal|p1a: Poliwrath|42/100|[from] item: Leftovers
|upkeep
|
|t:|1613748905
|switch|p2a: Passimian|Passimian, F|82/100 tox
|turn|26
|
|t:|1613748912
|switch|p1a: Gigalith|Gigalith, M|100/100
|-damage|p1a: Gigalith|88/100|[from] Stealth Rock
|-weather|Sandstorm|[from] ability: Sand Stream|[of] p1a: Gigalith
|move|p2a: Passimian|Close Combat|p1a: Gigalith
|-supereffective|p1a: Gigalith
|-damage|p1a: Gigalith|1/100
|-unboost|p2a: Passimian|def|1
|-unboost|p2a: Passimian|spd|1
|
|-weather|Sandstorm|[upkeep]
|-damage|p2a: Passimian|76/100 tox|[from] Sandstorm
|-heal|p1a: Gigalith|7/100|[from] item: Leftovers
|-damage|p2a: Passimian|70/100 tox|[from] psn
|upkeep
|turn|27
|
|t:|1613748920
|move|p1a: Gigalith|Protect|p1a: Gigalith
|-singleturn|p1a: Gigalith|Protect
|move|p2a: Passimian|Close Combat|p1a: Gigalith
|-activate|p1a: Gigalith|move: Protect
|
|-weather|Sandstorm|[upkeep]
|-damage|p2a: Passimian|64/100 tox|[from] Sandstorm
|-heal|p1a: Gigalith|13/100|[from] item: Leftovers
|-damage|p2a: Passimian|51/100 tox|[from] psn
|upkeep
|turn|28
|
|t:|1613748927
|move|p1a: Gigalith|Protect|p1a: Gigalith
|-singleturn|p1a: Gigalith|Protect
|move|p2a: Passimian|Close Combat|p1a: Gigalith
|-activate|p1a: Gigalith|move: Protect
|
|-weather|Sandstorm|[upkeep]
|-damage|p2a: Passimian|45/100 tox|[from] Sandstorm
|-heal|p1a: Gigalith|19/100|[from] item: Leftovers
|-damage|p2a: Passimian|27/100 tox|[from] psn
|upkeep
|turn|29
|
|t:|1613748936
|switch|p2a: Sandaconda|Sandaconda, M|100/100
|-status|p2a: Sandaconda|tox
|move|p1a: Gigalith|Stealth Rock|p2a: Sandaconda
|-sidestart|p2: Petey Wheatstraw|move: Stealth Rock
|
|-weather|Sandstorm|[upkeep]
|-heal|p1a: Gigalith|26/100|[from] item: Leftovers
|-damage|p2a: Sandaconda|94/100 tox|[from] psn
|upkeep
|turn|30
|
|t:|1613748944
|move|p2a: Sandaconda|Coil|p2a: Sandaconda
|-boost|p2a: Sandaconda|atk|1
|-boost|p2a: Sandaconda|def|1
|-boost|p2a: Sandaconda|accuracy|1
|move|p1a: Gigalith|Stealth Rock||[still]
|-fail|p1a: Gigalith
|
|-weather|none
|-heal|p2a: Sandaconda|100/100 tox|[from] item: Leftovers
|-heal|p1a: Gigalith|32/100|[from] item: Leftovers
|-damage|p2a: Sandaconda|88/100 tox|[from] psn
|upkeep
|turn|31
|l| Saturspace_YT
|
|t:|1613748948
|switch|p1a: Poliwrath|Poliwrath, F|42/100
|-damage|p1a: Poliwrath|36/100|[from] Stealth Rock
|move|p2a: Sandaconda|Coil|p2a: Sandaconda
|-boost|p2a: Sandaconda|atk|1
|-boost|p2a: Sandaconda|def|1
|-boost|p2a: Sandaconda|accuracy|1
|
|-heal|p1a: Poliwrath|42/100|[from] item: Leftovers
|-activate|p2a: Sandaconda|ability: Shed Skin
|-curestatus|p2a: Sandaconda|tox|[msg]
|-heal|p2a: Sandaconda|94/100|[from] item: Leftovers
|upkeep
|turn|32
|j| 2342r32r32r
|
|t:|1613748953
|move|p1a: Poliwrath|Substitute|p1a: Poliwrath
|-start|p1a: Poliwrath|Substitute
|-damage|p1a: Poliwrath|17/100
|move|p2a: Sandaconda|Earthquake|p1a: Poliwrath
|-end|p1a: Poliwrath|Substitute
|
|-heal|p1a: Poliwrath|23/100|[from] item: Leftovers
|-heal|p2a: Sandaconda|100/100|[from] item: Leftovers
|upkeep
|turn|33
|
|t:|1613748956
|move|p1a: Poliwrath|Drain Punch|p2a: Sandaconda
|-damage|p2a: Sandaconda|87/100
|-heal|p1a: Poliwrath|30/100|[from] drain|[of] p2a: Sandaconda
|move|p2a: Sandaconda|Earthquake|p1a: Poliwrath
|-damage|p1a: Poliwrath|0 fnt
|faint|p1a: Poliwrath
|
|-heal|p2a: Sandaconda|93/100|[from] item: Leftovers
|upkeep
|l| 2342r32r32r
|
|t:|1613748969
|switch|p1a: Gigalith|Gigalith, M|32/100
|-damage|p1a: Gigalith|19/100|[from] Stealth Rock
|-weather|Sandstorm|[from] ability: Sand Stream|[of] p1a: Gigalith
|turn|34
|
|t:|1613748974
|move|p2a: Sandaconda|Earthquake|p1a: Gigalith
|-supereffective|p1a: Gigalith
|-damage|p1a: Gigalith|0 fnt
|faint|p1a: Gigalith
|
|-weather|Sandstorm|[upkeep]
|-heal|p2a: Sandaconda|99/100|[from] item: Leftovers
|upkeep
|
|t:|1613748983
|switch|p1a: Togedemaru|Togedemaru, F|100/100
|-damage|p1a: Togedemaru|95/100|[from] Stealth Rock
|turn|35
|
|t:|1613748986
|move|p1a: Togedemaru|Iron Head|p2a: Sandaconda
|-damage|p2a: Sandaconda|85/100
|move|p2a: Sandaconda|Earthquake|p1a: Togedemaru
|-supereffective|p1a: Togedemaru
|-damage|p1a: Togedemaru|0 fnt
|faint|p1a: Togedemaru
|
|-weather|Sandstorm|[upkeep]
|-heal|p2a: Sandaconda|91/100|[from] item: Leftovers
|upkeep
|
|t:|1613748990
|switch|p1a: Audino|Audino, F|97/100
|turn|36
|
|t:|1613748993
|move|p2a: Sandaconda|Coil|p2a: Sandaconda
|-boost|p2a: Sandaconda|atk|1
|-boost|p2a: Sandaconda|def|1
|-boost|p2a: Sandaconda|accuracy|1
|move|p1a: Audino|Knock Off|p2a: Sandaconda
|-damage|p2a: Sandaconda|86/100
|-enditem|p2a: Sandaconda|Leftovers|[from] move: Knock Off|[of] p1a: Audino
|
|-weather|Sandstorm|[upkeep]
|-damage|p1a: Audino|91/100|[from] Sandstorm
|upkeep
|turn|37
|
|t:|1613748997
|move|p2a: Sandaconda|Earthquake|p1a: Audino
|-damage|p1a: Audino|8/100
|move|p1a: Audino|Wish|p1a: Audino
|
|-weather|Sandstorm|[upkeep]
|-damage|p1a: Audino|2/100|[from] Sandstorm
|upkeep
|turn|38
|
|t:|1613749001
|move|p1a: Audino|Protect|p1a: Audino
|-singleturn|p1a: Audino|Protect
|move|p2a: Sandaconda|Coil|p2a: Sandaconda
|-boost|p2a: Sandaconda|atk|1
|-boost|p2a: Sandaconda|def|1
|-boost|p2a: Sandaconda|accuracy|1
|
|-weather|none
|-heal|p1a: Audino|52/100|[from] move: Wish|[wisher] Audino
|upkeep
|turn|39
|c|☆PlusC932|Gg
|
|t:|1613749007
|move|p2a: Sandaconda|Earthquake|p1a: Audino
|-damage|p1a: Audino|0 fnt
|faint|p1a: Audino
|
|win|Petey Wheatstraw
|c|☆Petey Wheatstraw|gg
