|j|☆Ju1ian
|j|☆yassy slay
|t:|1666121841
|gametype|singles
|player|p1|Ju1ian|n|1474
|player|p2|yassy slay|clown|1648
|teamsize|p1|6
|teamsize|p2|6
|gen|8
|tier|[Gen 8] PU
|rated|
|rule|Sleep Clause Mod: Limit one foe put to sleep
|rule|Species Clause: Limit one of each Pokémon
|rule|OHKO Clause: OHKO moves are banned
|rule|Evasion Items Clause: Evasion items are banned
|rule|Evasion Moves Clause: Evasion moves are banned
|rule|Endless Battle Clause: Forcing endless battles is banned
|rule|HP Percentage Mod: HP is shown in percentages
|rule|Dynamax Clause: You cannot dynamax
|clearpoke
|poke|p1|Archeops, M|
|poke|p1|Quagsire, M|
|poke|p1|Weezing, M|
|poke|p1|Absol, M|
|poke|p1|Audino, M|
|poke|p1|Silvally-*|
|poke|p2|Silvally-*|
|poke|p2|Gourgeist-*, F|
|poke|p2|Comfey, M|
|poke|p2|Weezing, F|
|poke|p2|Gigalith, F|
|poke|p2|Golduck, F|
|teampreview
|inactive|Battle timer is ON: inactive players will automatically lose when time's up. (requested by Ju1ian)
|
|t:|1666121857
|start
|switch|p1a: Quagsire|Quagsire, M|100/100
|switch|p2a: Comfey|Comfey, M|100/100
|turn|1
|
|t:|1666121863
|switch|p1a: Silvally|Silvally-Steel|100/100
|move|p2a: Comfey|Calm Mind|p2a: Comfey
|-boost|p2a: Comfey|spa|1
|-boost|p2a: Comfey|spd|1
|
|upkeep
|turn|2
|
|t:|1666121870
|switch|p2a: Weezing|Weezing, F|100/100
|-ability|p2a: Weezing|Neutralizing Gas
|move|p1a: Silvally|U-turn|p2a: Weezing
|-resisted|p2a: Weezing
|-crit|p2a: Weezing
|-damage|p2a: Weezing|90/100
|-damage|p1a: Silvally|84/100|[from] item: Rocky Helmet|[of] p2a: Weezing
|
|t:|1666121882
|switch|p1a: Archeops|Archeops, M|100/100|[from]move: U-turn
|
|upkeep
|turn|3
|inactive|yassy slay has 120 seconds left.
|
|t:|1666121915
|-end|p2a: Weezing|ability: Neutralizing Gas
|switch|p2a: Gourgeist|Gourgeist-Super, F|100/100
|move|p1a: Archeops|Earthquake|p2a: Gourgeist
|-resisted|p2a: Gourgeist
|-crit|p2a: Gourgeist
|-damage|p2a: Gourgeist|79/100
|
|upkeep
|turn|4
|
|t:|1666121922
|switch|p2a: Gigalith|Gigalith, F|100/100
|-weather|Sandstorm|[from] ability: Sand Stream|[of] p2a: Gigalith
|move|p1a: Archeops|Acrobatics|p2a: Gigalith
|-resisted|p2a: Gigalith
|-damage|p2a: Gigalith|80/100
|
|-weather|Sandstorm|[upkeep]
|-heal|p2a: Gigalith|86/100|[from] item: Leftovers
|upkeep
|turn|5
|
|t:|1666121927
|move|p1a: Archeops|U-turn|p2a: Gigalith
|-damage|p2a: Gigalith|67/100
|
|t:|1666121940
|switch|p1a: Silvally|Silvally-Steel|84/100|[from]move: U-turn
|move|p2a: Gigalith|Stealth Rock|p1a: Silvally
|-sidestart|p1: Ju1ian|move: Stealth Rock
|
|-weather|Sandstorm|[upkeep]
|-heal|p2a: Gigalith|73/100|[from] item: Leftovers
|upkeep
|turn|6
|
|t:|1666121947
|switch|p2a: Golduck|Golduck, F|100/100
|move|p1a: Silvally|Defog|p2a: Golduck
|-unboost|p2a: Golduck|evasion|1
|-sideend|p1: Ju1ian|Stealth Rock|[from] move: Defog|[of] p1a: Silvally
|
|-weather|Sandstorm|[upkeep]
|-damage|p2a: Golduck|94/100|[from] Sandstorm
|-heal|p2a: Golduck|100/100|[from] item: Leftovers
|upkeep
|turn|7
|
|t:|1666121959
|move|p2a: Golduck|Rain Dance|p2a: Golduck
|-weather|RainDance
|move|p1a: Silvally|U-turn|p2a: Golduck
|-damage|p2a: Golduck|75/100
|
|t:|1666121970
|switch|p1a: Audino|Audino, M|100/100|[from]move: U-turn
|
|-weather|RainDance|[upkeep]
|-heal|p2a: Golduck|82/100|[from] item: Leftovers
|upkeep
|turn|8
|
|t:|1666121977
|move|p2a: Golduck|Substitute|p2a: Golduck
|-start|p2a: Golduck|Substitute
|-damage|p2a: Golduck|57/100
|move|p1a: Audino|Knock Off|p2a: Golduck
|-activate|p2a: Golduck|move: Substitute|[damage]
|
|-weather|RainDance|[upkeep]
|-heal|p2a: Golduck|63/100|[from] item: Leftovers
|upkeep
|turn|9
|
|t:|1666121985
|move|p2a: Golduck|Calm Mind|p2a: Golduck
|-boost|p2a: Golduck|spa|1
|-boost|p2a: Golduck|spd|1
|move|p1a: Audino|Knock Off|p2a: Golduck
|-end|p2a: Golduck|Substitute
|
|-weather|RainDance|[upkeep]
|-heal|p2a: Golduck|69/100|[from] item: Leftovers
|upkeep
|turn|10
|
|t:|1666121994
|move|p2a: Golduck|Substitute|p2a: Golduck
|-start|p2a: Golduck|Substitute
|-damage|p2a: Golduck|44/100
|move|p1a: Audino|Knock Off|p2a: Golduck
|-activate|p2a: Golduck|move: Substitute|[damage]
|
|-weather|RainDance|[upkeep]
|-heal|p2a: Golduck|50/100|[from] item: Leftovers
|upkeep
|turn|11
|
|t:|1666122001
|move|p2a: Golduck|Calm Mind|p2a: Golduck
|-boost|p2a: Golduck|spa|1
|-boost|p2a: Golduck|spd|1
|move|p1a: Audino|Knock Off|p2a: Golduck
|-end|p2a: Golduck|Substitute
|
|-weather|none
|-heal|p2a: Golduck|57/100|[from] item: Leftovers
|upkeep
|turn|12
|
|t:|1666122007
|move|p2a: Golduck|Substitute|p2a: Golduck
|-start|p2a: Golduck|Substitute
|-damage|p2a: Golduck|32/100
|move|p1a: Audino|Knock Off|p2a: Golduck
|-activate|p2a: Golduck|move: Substitute|[damage]
|
|-heal|p2a: Golduck|38/100|[from] item: Leftovers
|upkeep
|turn|13
|
|t:|1666122012
|move|p2a: Golduck|Rain Dance|p2a: Golduck
|-weather|RainDance
|move|p1a: Audino|Knock Off|p2a: Golduck
|-end|p2a: Golduck|Substitute
|
|-weather|RainDance|[upkeep]
|-heal|p2a: Golduck|44/100|[from] item: Leftovers
|upkeep
|turn|14
|
|t:|1666122015
|move|p2a: Golduck|Substitute|p2a: Golduck
|-start|p2a: Golduck|Substitute
|-damage|p2a: Golduck|19/100
|move|p1a: Audino|Knock Off|p2a: Golduck
|-activate|p2a: Golduck|move: Substitute|[damage]
|
|-weather|RainDance|[upkeep]
|-heal|p2a: Golduck|25/100|[from] item: Leftovers
|upkeep
|turn|15
|
|t:|1666122020
|move|p2a: Golduck|Surf|p1a: Audino
|-damage|p1a: Audino|33/100
|move|p1a: Audino|Knock Off|p2a: Golduck
|-end|p2a: Golduck|Substitute
|
|-weather|RainDance|[upkeep]
|-heal|p2a: Golduck|32/100|[from] item: Leftovers
|upkeep
|turn|16
|
|t:|1666122039
|move|p2a: Golduck|Substitute|p2a: Golduck
|-start|p2a: Golduck|Substitute
|-damage|p2a: Golduck|7/100
|move|p1a: Audino|Knock Off|p2a: Golduck
|-activate|p2a: Golduck|move: Substitute|[damage]
|
|-weather|RainDance|[upkeep]
|-heal|p2a: Golduck|13/100|[from] item: Leftovers
|upkeep
|turn|17
|
|t:|1666122046
|move|p2a: Golduck|Surf|p1a: Audino
|-damage|p1a: Audino|0 fnt
|faint|p1a: Audino
|
|-weather|none
|-heal|p2a: Golduck|19/100|[from] item: Leftovers
|upkeep
|
|t:|1666122048
|switch|p1a: Archeops|Archeops, M|100/100
|turn|18
|
|t:|1666122052
|move|p1a: Archeops|Rock Blast|p2a: Golduck
|-end|p2a: Golduck|Substitute
|-crit|p2a: Golduck
|-damage|p2a: Golduck|0 fnt
|faint|p2a: Golduck
|-hitcount|p2: Golduck|2
|
|upkeep
|
|t:|1666122077
|switch|p2a: Comfey|Comfey, M|100/100
|turn|19
|
|t:|1666122087
|switch|p1a: Silvally|Silvally-Steel|84/100
|move|p2a: Comfey|Draining Kiss|p1a: Silvally
|-resisted|p1a: Silvally
|-damage|p1a: Silvally|71/100
|-damage|p2a: Comfey|91/100|[from] item: Life Orb
|
|upkeep
|turn|20
|
|t:|1666122093
|switch|p2a: Weezing|Weezing, F|90/100
|-ability|p2a: Weezing|Neutralizing Gas
|move|p1a: Silvally|Multi-Attack|p2a: Weezing
|-damage|p2a: Weezing|50/100
|-damage|p1a: Silvally|54/100|[from] item: Rocky Helmet|[of] p2a: Weezing
|
|upkeep
|turn|21
|
|t:|1666122102
|switch|p1a: Weezing|Weezing, M|100/100
|move|p2a: Weezing|Toxic Spikes|p1a: Weezing
|-sidestart|p1: Ju1ian|move: Toxic Spikes
|
|upkeep
|turn|22
|inactive|yassy slay has 120 seconds left.
|
|t:|1666122133
|move|p2a: Weezing|Pain Split|p1a: Weezing
|-sethp|p1a: Weezing|75/100|[from] move: Pain Split|[silent]
|-sethp|p2a: Weezing|75/100|[from] move: Pain Split
|move|p1a: Weezing|Flamethrower|p2a: Weezing
|-damage|p2a: Weezing|42/100
|
|-heal|p1a: Weezing|81/100|[from] item: Black Sludge
|upkeep
|turn|23
|
|t:|1666122142
|move|p2a: Weezing|Pain Split|p1a: Weezing
|-sethp|p1a: Weezing|61/100|[from] move: Pain Split|[silent]
|-sethp|p2a: Weezing|61/100|[from] move: Pain Split
|move|p1a: Weezing|Flamethrower|p2a: Weezing
|-damage|p2a: Weezing|27/100
|
|-heal|p1a: Weezing|67/100|[from] item: Black Sludge
|upkeep
|turn|24
|
|t:|1666122149
|-end|p2a: Weezing|ability: Neutralizing Gas
|switch|p2a: Gigalith|Gigalith, F|73/100
|-weather|Sandstorm|[from] ability: Sand Stream|[of] p2a: Gigalith
|move|p1a: Weezing|Flamethrower|p2a: Gigalith
|-resisted|p2a: Gigalith
|-damage|p2a: Gigalith|67/100
|
|-weather|Sandstorm|[upkeep]
|-damage|p1a: Weezing|61/100|[from] Sandstorm
|-heal|p1a: Weezing|67/100|[from] item: Black Sludge
|-heal|p2a: Gigalith|73/100|[from] item: Leftovers
|upkeep
|turn|25
|
|t:|1666122154
|switch|p1a: Silvally|Silvally-Steel|54/100
|move|p2a: Gigalith|Earthquake|p1a: Silvally
|-supereffective|p1a: Silvally
|-damage|p1a: Silvally|1/100
|
|-weather|Sandstorm|[upkeep]
|-heal|p2a: Gigalith|79/100|[from] item: Leftovers
|upkeep
|turn|26
|
|t:|1666122169
|switch|p2a: Silvally|Silvally-Steel|100/100
|move|p1a: Silvally|Rest|p1a: Silvally
|-status|p1a: Silvally|slp|[from] move: Rest
|-heal|p1a: Silvally|100/100 slp|[silent]
|
|-weather|Sandstorm|[upkeep]
|upkeep
|turn|27
|
|t:|1666122180
|switch|p1a: Quagsire|Quagsire, M|100/100
|move|p2a: Silvally|Flamethrower|p1a: Quagsire
|-resisted|p1a: Quagsire
|-damage|p1a: Quagsire|88/100
|
|-weather|Sandstorm|[upkeep]
|upkeep
|turn|28
|
|t:|1666122189
|switch|p2a: Gourgeist|Gourgeist-Super, F|79/100
|-item|p1a: Quagsire|Heavy-Duty Boots|[from] ability: Frisk|[of] p2a: Gourgeist|[identify]
|move|p1a: Quagsire|Ice Punch|p2a: Gourgeist
|-supereffective|p2a: Gourgeist
|-damage|p2a: Gourgeist|44/100
|
|-weather|none
|upkeep
|turn|29
|
|t:|1666122199
|switch|p1a: Weezing|Weezing, M|67/100
|move|p2a: Gourgeist|Synthesis|p2a: Gourgeist
|-heal|p2a: Gourgeist|94/100
|
|-heal|p1a: Weezing|73/100|[from] item: Black Sludge
|upkeep
|turn|30
|
|t:|1666122212
|switch|p2a: Gigalith|Gigalith, F|79/100
|-weather|Sandstorm|[from] ability: Sand Stream|[of] p2a: Gigalith
|move|p1a: Weezing|Toxic Spikes|p2a: Gigalith
|-sidestart|p2: yassy slay|move: Toxic Spikes
|
|-weather|Sandstorm|[upkeep]
|-damage|p1a: Weezing|67/100|[from] Sandstorm
|-heal|p1a: Weezing|73/100|[from] item: Black Sludge
|-heal|p2a: Gigalith|85/100|[from] item: Leftovers
|upkeep
|turn|31
|
|t:|1666122219
|move|p1a: Weezing|Flamethrower|p2a: Gigalith
|-resisted|p2a: Gigalith
|-damage|p2a: Gigalith|79/100
|move|p2a: Gigalith|Stealth Rock|p1a: Weezing
|-sidestart|p1: Ju1ian|move: Stealth Rock
|
|-weather|Sandstorm|[upkeep]
|-damage|p1a: Weezing|67/100|[from] Sandstorm
|-heal|p1a: Weezing|73/100|[from] item: Black Sludge
|-heal|p2a: Gigalith|85/100|[from] item: Leftovers
|upkeep
|turn|32
|
|t:|1666122228
|move|p1a: Weezing|Flamethrower|p2a: Gigalith
|-resisted|p2a: Gigalith
|-damage|p2a: Gigalith|79/100
|move|p2a: Gigalith|Rock Blast|p1a: Weezing
|-damage|p1a: Weezing|64/100
|-damage|p1a: Weezing|55/100
|-damage|p1a: Weezing|45/100
|-hitcount|p1a: Weezing|3
|
|-weather|Sandstorm|[upkeep]
|-damage|p1a: Weezing|39/100|[from] Sandstorm
|-heal|p1a: Weezing|45/100|[from] item: Black Sludge
|-heal|p2a: Gigalith|85/100|[from] item: Leftovers
|upkeep
|turn|33
|
|t:|1666122243
|move|p1a: Weezing|Flamethrower|p2a: Gigalith
|-resisted|p2a: Gigalith
|-damage|p2a: Gigalith|78/100
|move|p2a: Gigalith|Rock Blast|p1a: Weezing
|-damage|p1a: Weezing|35/100
|-crit|p1a: Weezing
|-damage|p1a: Weezing|20/100
|-hitcount|p1a: Weezing|2
|
|-weather|Sandstorm|[upkeep]
|-damage|p1a: Weezing|14/100|[from] Sandstorm
|-heal|p1a: Weezing|20/100|[from] item: Black Sludge
|-heal|p2a: Gigalith|84/100|[from] item: Leftovers
|upkeep
|turn|34
|
|t:|1666122248
|switch|p1a: Quagsire|Quagsire, M|88/100
|move|p2a: Gigalith|Rock Blast|p1a: Quagsire
|-resisted|p1a: Quagsire
|-damage|p1a: Quagsire|82/100
|-resisted|p1a: Quagsire
|-damage|p1a: Quagsire|77/100
|-resisted|p1a: Quagsire
|-damage|p1a: Quagsire|71/100
|-hitcount|p1a: Quagsire|3
|
|-weather|none
|-heal|p2a: Gigalith|91/100|[from] item: Leftovers
|upkeep
|turn|35
|inactive|yassy slay has 120 seconds left.
|
|t:|1666122299
|switch|p2a: Weezing|Weezing, F|27/100
|-ability|p2a: Weezing|Neutralizing Gas
|-sideend|p2: yassy slay|move: Toxic Spikes|[of] p2a: Weezing
|move|p1a: Quagsire|Earthquake|p2a: Weezing
|-supereffective|p2a: Weezing
|-damage|p2a: Weezing|0 fnt
|faint|p2a: Weezing
|-end|p2a: Weezing|ability: Neutralizing Gas
|
|upkeep
|
|t:|1666122301
|switch|p2a: Gourgeist|Gourgeist-Super, F|94/100
|-item|p1a: Quagsire|Heavy-Duty Boots|[from] ability: Frisk|[of] p2a: Gourgeist|[identify]
|turn|36
|
|t:|1666122316
|switch|p1a: Weezing|Weezing, M|20/100
|-damage|p1a: Weezing|8/100|[from] Stealth Rock
|move|p2a: Gourgeist|Power Whip|p1a: Weezing|[miss]
|-miss|p2a: Gourgeist|p1a: Weezing
|
|-heal|p1a: Weezing|14/100|[from] item: Black Sludge
|upkeep
|turn|37
|
|t:|1666122325
|move|p2a: Gourgeist|Poltergeist|p1a: Weezing
|-activate|p1a: Weezing|move: Poltergeist|Black Sludge
|-damage|p1a: Weezing|0 fnt
|faint|p1a: Weezing
|
|upkeep
|inactive|Ju1ian has 120 seconds left.
|
|t:|1666122352
|switch|p1a: Absol|Absol, M|100/100
|-status|p1a: Absol|psn
|-damage|p1a: Absol|88/100 psn|[from] Stealth Rock
|turn|38
|inactive|Ju1ian has 120 seconds left.
|inactive|yassy slay has 120 seconds left.
|
|t:|1666122379
|switch|p2a: Comfey|Comfey, M|91/100
|move|p1a: Absol|Knock Off|p2a: Comfey
|-resisted|p2a: Comfey
|-crit|p2a: Comfey
|-damage|p2a: Comfey|49/100
|-enditem|p2a: Comfey|Life Orb|[from] move: Knock Off|[of] p1a: Absol
|
|-damage|p1a: Absol|76/100 psn|[from] psn
|upkeep
|turn|39
|inactive|Ju1ian has 120 seconds left.
|
|t:|1666122391
|switch|p1a: Silvally|Silvally-Steel|100/100 slp
|-damage|p1a: Silvally|94/100 slp|[from] Stealth Rock
|move|p2a: Comfey|Draining Kiss|p1a: Silvally
|-resisted|p1a: Silvally
|-damage|p1a: Silvally|85/100 slp
|-heal|p2a: Comfey|60/100|[from] drain|[of] p1a: Silvally
|
|upkeep
|turn|40
|
|t:|1666122396
|switch|p2a: Gourgeist|Gourgeist-Super, F|94/100
|-item|p1a: Silvally|Steel Memory|[from] ability: Frisk|[of] p2a: Gourgeist|[identify]
|cant|p1a: Silvally|slp
|
|upkeep
|turn|41
|
|t:|1666122405
|cant|p1a: Silvally|slp
|move|p2a: Gourgeist|Poltergeist|p1a: Silvally
|-activate|p1a: Silvally|move: Poltergeist|Steel Memory
|-damage|p1a: Silvally|36/100 slp
|
|upkeep
|turn|42
|
|t:|1666122412
|-curestatus|p1a: Silvally|slp|[msg]
|move|p1a: Silvally|Defog|p2a: Gourgeist
|-unboost|p2a: Gourgeist|evasion|1
|-sideend|p1: Ju1ian|Toxic Spikes|[from] move: Defog|[of] p1a: Silvally
|-sideend|p1: Ju1ian|Stealth Rock|[from] move: Defog|[of] p1a: Silvally
|move|p2a: Gourgeist|Poltergeist|p1a: Silvally
|-activate|p1a: Silvally|move: Poltergeist|Steel Memory
|-damage|p1a: Silvally|0 fnt
|faint|p1a: Silvally
|
|upkeep
|
|t:|1666122420
|switch|p1a: Absol|Absol, M|76/100 psn
|turn|43
|
|t:|1666122426
|switch|p2a: Silvally|Silvally-Steel|100/100
|move|p1a: Absol|Iron Tail|p2a: Silvally|[miss]
|-miss|p1a: Absol|p2a: Silvally
|
|-damage|p1a: Absol|64/100 psn|[from] psn
|upkeep
|turn|44
|
|t:|1666122433
|switch|p1a: Quagsire|Quagsire, M|71/100
|move|p2a: Silvally|Multi-Attack|p1a: Quagsire
|-resisted|p1a: Quagsire
|-damage|p1a: Quagsire|46/100
|
|upkeep
|turn|45
|
|t:|1666122450
|move|p2a: Silvally|Multi-Attack|p1a: Quagsire
|-resisted|p1a: Quagsire
|-damage|p1a: Quagsire|20/100
|move|p1a: Quagsire|Recover|p1a: Quagsire
|-heal|p1a: Quagsire|70/100
|
|upkeep
|turn|46
|
|t:|1666122457
|move|p2a: Silvally|Multi-Attack|p1a: Quagsire
|-resisted|p1a: Quagsire
|-damage|p1a: Quagsire|43/100
|move|p1a: Quagsire|Ice Punch|p2a: Silvally
|-resisted|p2a: Silvally
|-damage|p2a: Silvally|89/100
|
|upkeep
|turn|47
|
|t:|1666122464
|switch|p2a: Comfey|Comfey, M|60/100
|move|p1a: Quagsire|Recover|p1a: Quagsire
|-heal|p1a: Quagsire|93/100
|
|upkeep
|turn|48
|
|t:|1666122474
|move|p2a: Comfey|Giga Drain|p1a: Quagsire
|-supereffective|p1a: Quagsire
|-damage|p1a: Quagsire|0 fnt
|-heal|p2a: Comfey|100/100|[from] drain|[of] p1a: Quagsire
|faint|p1a: Quagsire
|
|upkeep
|
|t:|1666122477
|switch|p1a: Archeops|Archeops, M|100/100
|turn|49
|
|t:|1666122484
|switch|p2a: Silvally|Silvally-Steel|89/100
|move|p1a: Archeops|Acrobatics|p2a: Silvally
|-resisted|p2a: Silvally
|-damage|p2a: Silvally|60/100
|
|upkeep
|turn|50
|
|t:|1666122488
|move|p1a: Archeops|Earthquake|p2a: Silvally
|-supereffective|p2a: Silvally
|-damage|p2a: Silvally|0 fnt
|faint|p2a: Silvally
|
|upkeep
|
|t:|1666122489
|switch|p2a: Gourgeist|Gourgeist-Super, F|94/100
|turn|51
|
|t:|1666122503
|move|p2a: Gourgeist|Shadow Sneak|p1a: Archeops
|-damage|p1a: Archeops|69/100
|move|p1a: Archeops|Acrobatics|p2a: Gourgeist
|-supereffective|p2a: Gourgeist
|-damage|p2a: Gourgeist|0 fnt
|faint|p2a: Gourgeist
|
|upkeep
|
|t:|1666122525
|switch|p2a: Comfey|Comfey, M|100/100
|turn|52
|
|t:|1666122530
|move|p2a: Comfey|Draining Kiss|p1a: Archeops
|-damage|p1a: Archeops|36/100
|move|p1a: Archeops|Acrobatics|p2a: Comfey
|-damage|p2a: Comfey|66/100
|
|upkeep
|turn|53
|
|t:|1666122534
|move|p2a: Comfey|Draining Kiss|p1a: Archeops
|-crit|p1a: Archeops
|-damage|p1a: Archeops|0 fnt
|-heal|p2a: Comfey|95/100|[from] drain|[of] p1a: Archeops
|faint|p1a: Archeops
|
|upkeep
|-message|Ju1ian forfeited.
|
|win|yassy slay
|raw|Ju1ian's rating: 1474 &rarr; <strong>1463</strong><br />(-11 for losing)
|raw|yassy slay's rating: 1648 &rarr; <strong>1659</strong><br />(+11 for winning)
|l|☆Ju1ian
||Ladder isn't responding, score probably updated but might not have (Request timeout).
