|j|☆WutWutHut
|j|☆kacj0
|t:|1640088345
|gametype|singles
|player|p1|WutWutHut|265|1100
|player|p2|kacj0|cowgirl|1336
|teamsize|p1|6
|teamsize|p2|6
|gen|8
|tier|[Gen 8] PU
|rated|
|rule|Sleep Clause Mod: Limit one foe put to sleep
|rule|Species Clause: Limit one of each Pokémon
|rule|OHKO Clause: OHKO moves are banned
|rule|Evasion Moves Clause: Evasion moves are banned
|rule|Endless Battle Clause: Forcing endless battles is banned
|rule|HP Percentage Mod: HP is shown in percentages
|rule|Dynamax Clause: You cannot dynamax
|clearpoke
|poke|p1|Centiskorch, F|
|poke|p1|Uxie|
|poke|p1|Rhydon, F|
|poke|p1|Sandaconda, F|
|poke|p1|Regirock|
|poke|p1|Appletun, M|
|poke|p2|Charizard, M|
|poke|p2|Golduck, M|
|poke|p2|Hitmontop, M|
|poke|p2|Rapidash, M|
|poke|p2|Marowak, F|
|poke|p2|Kangaskhan, F|
|teampreview
|inactive|Battle timer is ON: inactive players will automatically lose when time's up. (requested by kacj0)
|c|☆kacj0|I am Iron Man
|
|t:|1640088375
|start
|switch|p1a: Uxie|Uxie|100/100
|switch|p2a: Golduck|Golduck, M|100/100
|-ability|p2a: Golduck|Cloud Nine
|turn|1
|
|t:|1640088382
|move|p1a: Uxie|Stealth Rock|p2a: Golduck
|-sidestart|p2: kacj0|move: Stealth Rock
|move|p2a: Golduck|Surf|p1a: Uxie
|-damage|p1a: Uxie|55/100
|
|-heal|p1a: Uxie|62/100|[from] item: Leftovers
|upkeep
|turn|2
|
|t:|1640088395
|move|p2a: Golduck|Surf|p1a: Uxie
|-damage|p1a: Uxie|13/100
|move|p1a: Uxie|Trick Room|p1a: Uxie
|-fieldstart|move: Trick Room|[of] p1a: Uxie
|
|-heal|p1a: Uxie|19/100|[from] item: Leftovers
|upkeep
|turn|3
|
|t:|1640088401
|move|p2a: Golduck|Surf|p1a: Uxie
|-damage|p1a: Uxie|0 fnt
|faint|p1a: Uxie
|
|upkeep
|
|t:|1640088406
|switch|p1a: Appletun|Appletun, M|100/100
|turn|4
|
|t:|1640088411
|switch|p2a: Hitmontop|Hitmontop, M|100/100
|-damage|p2a: Hitmontop|94/100|[from] Stealth Rock
|move|p1a: Appletun|Curse|p1a: Appletun
|-unboost|p1a: Appletun|spe|1
|-boost|p1a: Appletun|atk|1
|-boost|p1a: Appletun|def|1
|
|-heal|p2a: Hitmontop|100/100|[from] item: Leftovers
|upkeep
|turn|5
|
|t:|1640088421
|move|p2a: Hitmontop|Fake Out|p1a: Appletun
|-damage|p1a: Appletun|88/100
|cant|p1a: Appletun|flinch
|
|upkeep
|turn|6
|
|t:|1640088426
|move|p1a: Appletun|Outrage|p2a: Hitmontop
|-damage|p2a: Hitmontop|1/100
|move|p2a: Hitmontop|Rapid Spin|p1a: Appletun
|-damage|p1a: Appletun|73/100
|-boost|p2a: Hitmontop|spe|1
|-sideend|p2: kacj0|Stealth Rock|[from] move: Rapid Spin|[of] p2a: Hitmontop
|
|-heal|p2a: Hitmontop|7/100|[from] item: Leftovers
|-fieldend|move: Trick Room
|upkeep
|turn|7
|
|t:|1640088437
|move|p2a: Hitmontop|Close Combat|p1a: Appletun
|-damage|p1a: Appletun|35/100
|-unboost|p2a: Hitmontop|def|1
|-unboost|p2a: Hitmontop|spd|1
|move|p1a: Appletun|Outrage|p2a: Hitmontop|[from]lockedmove
|-damage|p2a: Hitmontop|0 fnt
|faint|p2a: Hitmontop
|-start|p1a: Appletun|confusion|[fatigue]
|
|upkeep
|
|t:|1640088455
|switch|p2a: Golduck|Golduck, M|100/100
|-ability|p2a: Golduck|Cloud Nine
|turn|8
|
|t:|1640088460
|move|p2a: Golduck|Ice Beam|p1a: Appletun
|-supereffective|p1a: Appletun
|-damage|p1a: Appletun|0 fnt
|faint|p1a: Appletun
|
|upkeep
|
|t:|1640088466
|switch|p1a: Regirock|Regirock|100/100
|turn|9
|
|t:|1640088470
|switch|p2a: Marowak|Marowak, F|100/100
|move|p1a: Regirock|Body Press|p2a: Marowak
|-damage|p2a: Marowak|57/100
|
|upkeep
|turn|10
|
|t:|1640088476
|move|p2a: Marowak|Bonemerang|p1a: Regirock
|-supereffective|p1a: Regirock
|-damage|p1a: Regirock|64/100
|-supereffective|p1a: Regirock
|-damage|p1a: Regirock|33/100
|-hitcount|p1a: Regirock|2
|move|p1a: Regirock|Iron Defense|p1a: Regirock
|-boost|p1a: Regirock|def|2
|
|-heal|p1a: Regirock|39/100|[from] item: Leftovers
|upkeep
|turn|11
|
|t:|1640088485
|move|p2a: Marowak|Bonemerang|p1a: Regirock
|-supereffective|p1a: Regirock
|-damage|p1a: Regirock|22/100
|-supereffective|p1a: Regirock
|-crit|p1a: Regirock
|-damage|p1a: Regirock|0 fnt
|faint|p1a: Regirock
|-hitcount|p1: Regirock|2
|
|upkeep
|-message|WutWutHut forfeited.
|
|win|kacj0
|raw|WutWutHut's rating: 1100 &rarr; <strong>1090</strong><br />(-10 for losing)
|raw|kacj0's rating: 1336 &rarr; <strong>1344</strong><br />(+8 for winning)
|l|☆WutWutHut
