|j|☆DarkL0rd02
|j|☆Auzt
|t:|1609254810
|player|p1|DarkL0rd02|102|1206
|player|p2|Auzt|lucas|1283
|teamsize|p1|6
|teamsize|p2|6
|gametype|singles
|gen|8
|tier|[Gen 8] PU
|rated|
|clearpoke
|poke|p1|Aggron, F|
|poke|p1|Aurorus, F|
|poke|p1|Gallade, M|
|poke|p1|Talonflame, M|
|poke|p1|Vileplume, F|
|poke|p1|Quagsire, F|
|poke|p2|Stoutland, M|
|poke|p2|Garbodor, M|
|poke|p2|Runerigus, F|
|poke|p2|Poliwrath, F|
|poke|p2|Cryogonal|
|poke|p2|Persian-Alola, F|
|rule|Sleep Clause Mod: Limit one foe put to sleep
|rule|Species Clause: Limit one of each Pokémon
|rule|OHKO Clause: OHKO moves are banned
|rule|Evasion Moves Clause: Evasion moves are banned
|rule|Endless Battle Clause: Forcing endless battles is banned
|rule|HP Percentage Mod: HP is shown in percentages
|rule|Dynamax Clause: You cannot dynamax
|teampreview
|
|t:|1609254822
|start
|switch|p1a: Talonflame|Talonflame, M|100/100
|switch|p2a: Stoutland|Stoutland, M|100/100
|turn|1
|inactive|Battle timer is ON: inactive players will automatically lose when time's up. (requested by DarkL0rd02)
|
|t:|1609254830
|move|p2a: Stoutland|Facade|p1a: Talonflame
|-damage|p1a: Talonflame|55/100
|move|p1a: Talonflame|U-turn|p2a: Stoutland
|-damage|p2a: Stoutland|79/100
|
|t:|1609254839
|switch|p1a: Aggron|Aggron, F|100/100|[from]move: U-turn
|
|upkeep
|turn|2
|
|t:|1609254843
|switch|p2a: Runerigus|Runerigus, F|100/100
|move|p1a: Aggron|Rock Polish|p1a: Aggron
|-boost|p1a: Aggron|spe|2
|
|upkeep
|turn|3
|
|t:|1609254848
|move|p1a: Aggron|Iron Head|p2a: Runerigus
|-damage|p2a: Runerigus|76/100
|-damage|p1a: Aggron|84/100|[from] item: Rocky Helmet|[of] p2a: Runerigus
|-activate|p2a: Runerigus|ability: Wandering Spirit|Sturdy|Wandering Spirit|[of] p1a: Aggron
|move|p2a: Runerigus|Poltergeist|p1a: Aggron
|-activate|p1a: Aggron|move: Poltergeist|Weakness Policy
|-damage|p1a: Aggron|60/100
|
|upkeep
|turn|4
|
|t:|1609254862
|switch|p1a: Quagsire|Quagsire, F, shiny|100/100
|move|p2a: Runerigus|Stealth Rock|p1a: Quagsire
|-sidestart|p1: DarkL0rd02|move: Stealth Rock
|
|upkeep
|turn|5
|
|t:|1609254872
|switch|p2a: Persian|Persian-Alola, F|100/100
|move|p1a: Quagsire|Toxic|p2a: Persian
|-status|p2a: Persian|tox
|
|-damage|p2a: Persian|95/100 tox|[from] psn
|upkeep
|turn|6
|
|t:|1609254894
|move|p2a: Persian|Knock Off|p1a: Quagsire
|-damage|p1a: Quagsire|84/100
|-enditem|p1a: Quagsire|Leftovers|[from] move: Knock Off|[of] p2a: Persian
|move|p1a: Quagsire|Liquidation|p2a: Persian
|-damage|p2a: Persian|74/100 tox
|
|-heal|p2a: Persian|80/100 tox|[from] item: Leftovers
|-damage|p2a: Persian|68/100 tox|[from] psn
|upkeep
|turn|7
|
|t:|1609254901
|move|p2a: Persian|Parting Shot|p1a: Quagsire
|-unboost|p1a: Quagsire|atk|1
|-unboost|p1a: Quagsire|spa|1
|
|t:|1609254903
|switch|p2a: Cryogonal|Cryogonal|100/100|[from]move: Parting Shot
|move|p1a: Quagsire|Liquidation|p2a: Cryogonal
|-damage|p2a: Cryogonal|74/100
|-unboost|p2a: Cryogonal|def|1
|
|upkeep
|turn|8
|
|t:|1609254909
|move|p2a: Cryogonal|Freeze-Dry|p1a: Quagsire
|-supereffective|p1a: Quagsire
|-damage|p1a: Quagsire|0 fnt
|faint|p1a: Quagsire
|
|upkeep
|
|t:|1609254911
|switch|p1a: Talonflame|Talonflame, M|55/100
|turn|9
|
|t:|1609254920
|switch|p2a: Garbodor|Garbodor, M|100/100
|move|p1a: Talonflame|Defog|p2a: Garbodor
|-unboost|p2a: Garbodor|evasion|1
|-sideend|p1: DarkL0rd02|Stealth Rock|[from] move: Defog|[of] p1a: Talonflame
|
|upkeep
|turn|10
|
|t:|1609254927
|move|p1a: Talonflame|U-turn|p2a: Garbodor
|-resisted|p2a: Garbodor
|-damage|p2a: Garbodor|89/100
|
|t:|1609254931
|switch|p1a: Aurorus|Aurorus, F, shiny|100/100|[from]move: U-turn
|-weather|Hail|[from] ability: Snow Warning|[of] p1a: Aurorus
|move|p2a: Garbodor|Spikes|p1a: Aurorus
|-sidestart|p1: DarkL0rd02|Spikes
|
|-weather|Hail|[upkeep]
|-damage|p2a: Garbodor|83/100|[from] Hail
|-heal|p2a: Garbodor|89/100|[from] item: Black Sludge
|upkeep
|turn|11
|
|t:|1609254946
|switch|p2a: Cryogonal|Cryogonal|74/100
|move|p1a: Aurorus|Thunderbolt|p2a: Cryogonal
|-damage|p2a: Cryogonal|43/100
|
|-weather|Hail|[upkeep]
|upkeep
|turn|12
|
|t:|1609254951
|move|p2a: Cryogonal|Recover|p2a: Cryogonal
|-heal|p2a: Cryogonal|93/100
|move|p1a: Aurorus|Thunderbolt|p2a: Cryogonal
|-damage|p2a: Cryogonal|62/100
|
|-weather|Hail|[upkeep]
|upkeep
|turn|13
|
|t:|1609254956
|switch|p1a: Gallade|Gallade, M, shiny|100/100
|-damage|p1a: Gallade|88/100|[from] Spikes
|move|p2a: Cryogonal|Toxic|p1a: Gallade
|-status|p1a: Gallade|tox
|
|-weather|Hail|[upkeep]
|-damage|p1a: Gallade|82/100 tox|[from] Hail
|-damage|p1a: Gallade|76/100 tox|[from] psn
|upkeep
|turn|14
|
|t:|1609254963
|switch|p2a: Garbodor|Garbodor, M|89/100
|move|p1a: Gallade|Knock Off|p2a: Garbodor
|-damage|p2a: Garbodor|44/100
|-enditem|p2a: Garbodor|Black Sludge|[from] move: Knock Off|[of] p1a: Gallade
|
|-weather|none
|-damage|p1a: Gallade|64/100 tox|[from] psn
|upkeep
|turn|15
|
|t:|1609254973
|move|p1a: Gallade|Zen Headbutt|p2a: Garbodor
|-supereffective|p2a: Garbodor
|-damage|p2a: Garbodor|0 fnt
|-damage|p1a: Gallade|39/100 tox|[from] ability: Aftermath|[of] p2a: Garbodor
|faint|p2a: Garbodor
|
|-damage|p1a: Gallade|20/100 tox|[from] psn
|upkeep
|
|t:|1609254979
|switch|p2a: Stoutland|Stoutland, M|79/100
|turn|16
|
|t:|1609254987
|switch|p1a: Vileplume|Vileplume, F, shiny|100/100
|-damage|p1a: Vileplume|88/100|[from] Spikes
|move|p2a: Stoutland|Retaliate|p1a: Vileplume
|-damage|p1a: Vileplume|13/100
|
|-heal|p1a: Vileplume|19/100|[from] item: Black Sludge
|upkeep
|turn|17
|
|t:|1609254996
|switch|p1a: Talonflame|Talonflame, M|55/100
|move|p2a: Stoutland|Retaliate|p1a: Talonflame
|-damage|p1a: Talonflame|2/100
|
|upkeep
|turn|18
|
|t:|1609255002
|move|p2a: Stoutland|Retaliate|p1a: Talonflame
|-damage|p1a: Talonflame|0 fnt
|faint|p1a: Talonflame
|
|upkeep
|
|t:|1609255006
|switch|p1a: Gallade|Gallade, M, shiny|20/100 tox
|-damage|p1a: Gallade|8/100 tox|[from] Spikes
|turn|19
|
|t:|1609255015
|move|p2a: Stoutland|Retaliate|p1a: Gallade
|-crit|p1a: Gallade
|-damage|p1a: Gallade|0 fnt
|faint|p1a: Gallade
|
|upkeep
|
|t:|1609255018
|switch|p1a: Vileplume|Vileplume, F, shiny|19/100
|-damage|p1a: Vileplume|6/100|[from] Spikes
|turn|20
|
|t:|1609255022
|move|p2a: Stoutland|Retaliate|p1a: Vileplume
|-damage|p1a: Vileplume|0 fnt
|faint|p1a: Vileplume
|
|upkeep
|c|☆DarkL0rd02|what a fun match just pressing one move
|-message|DarkL0rd02 forfeited.
|
|win|Auzt
|l|☆DarkL0rd02
|c|☆Auzt|How
|raw|DarkL0rd02's rating: 1187 &rarr; <strong>1169</strong><br />(-18 for losing)
|raw|Auzt's rating: 1283 &rarr; <strong>1301</strong><br />(+18 for winning)
|l|auzt
