|html|<div class="broadcast-blue"><strong>[Gen 8] PU is currently suspecting Araquanid! For information on how to participate check out the <a href="https://www.smogon.com/forums/threads/np-pu-stage-9-itsy-bitsy-spider.3704256/">suspect thread</a>.</strong></div>
|j|☆zoowi
|j|☆Burigo
|t:|1656896833
|gametype|singles
|player|p1|zoowi|burglar-gen2|1625
|player|p2|Burigo|grimsley|1538
|teamsize|p1|6
|teamsize|p2|6
|gen|8
|tier|[Gen 8] PU
|rated|
|rule|Sleep Clause Mod: Limit one foe put to sleep
|rule|Species Clause: Limit one of each Pokémon
|rule|OHKO Clause: OHKO moves are banned
|rule|Evasion Moves Clause: Evasion moves are banned
|rule|Endless Battle Clause: Forcing endless battles is banned
|rule|HP Percentage Mod: HP is shown in percentages
|rule|Dynamax Clause: You cannot dynamax
|clearpoke
|poke|p1|Type: Null|
|poke|p1|Trevenant, F|
|poke|p1|Doublade, F|
|poke|p1|Guzzlord|
|poke|p1|Claydol|
|poke|p1|Scyther, M|
|poke|p2|Arctovish|
|poke|p2|Articuno-Galar|
|poke|p2|Charizard, M|
|poke|p2|Whimsicott, F|
|poke|p2|Kabutops, F|
|poke|p2|Sandaconda, M|
|teampreview
|c|☆Burigo|o
|c|☆Burigo|hf
|c|☆zoowi|hewwo
|c|☆zoowi|i kill u
|c|☆Burigo|LOL
|
|t:|1656896861
|start
|switch|p1a: Trevenant|Trevenant, F|100/100
|switch|p2a: Articuno|Articuno-Galar|100/100
|turn|1
|
|t:|1656896865
|switch|p1a: Guzzlord|Guzzlord|100/100
|move|p2a: Articuno|Future Sight|p1a: Guzzlord
|-start|p2a: Articuno|move: Future Sight
|
|upkeep
|turn|2
|
|t:|1656896870
|move|p2a: Articuno|U-turn|p1a: Guzzlord
|-supereffective|p1a: Guzzlord
|-damage|p1a: Guzzlord|78/100
|
|t:|1656896873
|switch|p2a: Whimsicott|Whimsicott, F|100/100|[from]move: U-turn
|move|p1a: Guzzlord|Substitute|p1a: Guzzlord
|-start|p1a: Guzzlord|Substitute
|-damage|p1a: Guzzlord|53/100
|
|-heal|p1a: Guzzlord|59/100|[from] item: Leftovers
|upkeep
|turn|3
|
|t:|1656896878
|move|p2a: Whimsicott|U-turn|p1a: Guzzlord
|-supereffective|p1a: Guzzlord
|-activate|p1a: Guzzlord|move: Substitute|[damage]
|c|☆Burigo|shoulda calc huh
|c|☆zoowi|f
|c|☆zoowi|bro jus go sanda
|c|☆zoowi|i didnt click draco
|c|☆Burigo|I'll trust you
|
|t:|1656896932
|switch|p2a: Sandaconda|Sandaconda, M|100/100|[from]move: U-turn
|move|p1a: Guzzlord|Heavy Slam|p2a: Sandaconda
|-damage|p2a: Sandaconda|76/100
|-damage|p1a: Guzzlord|42/100|[from] item: Rocky Helmet|[of] p2a: Sandaconda
|
|-end|p1a: Guzzlord|move: Future Sight
|-immune|p1a: Guzzlord
|-heal|p1a: Guzzlord|49/100|[from] item: Leftovers
|upkeep
|turn|4
|
|t:|1656896937
|move|p2a: Sandaconda|Earthquake|p1a: Guzzlord
|-end|p1a: Guzzlord|Substitute
|move|p1a: Guzzlord|Knock Off|p2a: Sandaconda
|-damage|p2a: Sandaconda|48/100
|-damage|p1a: Guzzlord|32/100|[from] item: Rocky Helmet|[of] p2a: Sandaconda
|-enditem|p2a: Sandaconda|Rocky Helmet|[from] move: Knock Off|[of] p1a: Guzzlord
|
|-heal|p1a: Guzzlord|38/100|[from] item: Leftovers
|upkeep
|turn|5
|c|☆Burigo|coolio
|
|t:|1656896946
|switch|p1a: Trevenant|Trevenant, F|100/100
|move|p2a: Sandaconda|Earthquake|p1a: Trevenant
|-resisted|p1a: Trevenant
|-damage|p1a: Trevenant|79/100
|
|upkeep
|turn|6
|
|t:|1656896949
|move|p2a: Sandaconda|Glare|p1a: Trevenant
|-status|p1a: Trevenant|par
|cant|p1a: Trevenant|par
|
|upkeep
|turn|7
|c|☆zoowi|oh come on
|c|☆Burigo|soz
|c|☆zoowi|i b nice and this is the thank i get??
|c|☆zoowi|u will regretti
|c|☆Burigo|sad cowboy emoji
|c|☆zoowi|u keep ur emojis outta mi pure fictional creature battle
|c|☆zoowi|for SPORT
|
|t:|1656897013
|move|p2a: Sandaconda|Rest|p2a: Sandaconda
|-status|p2a: Sandaconda|slp|[from] move: Rest
|-heal|p2a: Sandaconda|100/100 slp|[silent]
|move|p1a: Trevenant|Substitute|p1a: Trevenant
|-start|p1a: Trevenant|Substitute
|-damage|p1a: Trevenant|54/100 par
|
|upkeep
|turn|8
|c|☆Burigo|pretty sure thats iligal
|c|☆zoowi|then ur under arrest
|c|☆Burigo|Forcing your creatures to battle
|c|☆zoowi|im not forcing them
|c|☆Burigo|my only crime was forgeting my ghost resist at home
|c|☆zoowi|wow
|
|t:|1656897089
|switch|p2a: Charizard|Charizard, M|100/100
|move|p1a: Trevenant|Power-Up Punch|p2a: Charizard
|-resisted|p2a: Charizard
|-damage|p2a: Charizard|91/100
|-boost|p1a: Trevenant|atk|1
|
|upkeep
|turn|9
|j| Riyad Mahrez
|c|☆zoowi|leave
|c|☆zoowi|or die
|
|t:|1656897098
|move|p2a: Charizard|Flamethrower|p1a: Trevenant
|-supereffective|p1a: Trevenant
|-end|p1a: Trevenant|Substitute
|cant|p1a: Trevenant|par
|
|upkeep
|turn|10
|c|☆Burigo|intruder
|c|☆zoowi|noooooooooo
|c|☆Burigo|skill issue imo
|
|t:|1656897129
|switch|p1a: Type: Null|Type: Null|100/100
|move|p2a: Charizard|Hurricane|p1a: Type: Null
|-damage|p1a: Type: Null|77/100
|
|upkeep
|turn|11
|c|☆zoowi|ur telling me 100 volts of electricity is stopping me from 2 kills
|
|t:|1656897141
|switch|p2a: Kabutops|Kabutops, F|100/100
|move|p1a: Type: Null|Toxic|p2a: Kabutops
|-status|p2a: Kabutops|tox
|
|-damage|p2a: Kabutops|94/100 tox|[from] psn
|upkeep
|turn|12
|c|☆Burigo|yup
|c|☆Burigo|get zinged
|
|t:|1656897153
|switch|p1a: Guzzlord|Guzzlord|38/100
|move|p2a: Kabutops|Knock Off|p1a: Guzzlord
|-resisted|p1a: Guzzlord
|-damage|p1a: Guzzlord|22/100
|-enditem|p1a: Guzzlord|Leftovers|[from] move: Knock Off|[of] p2a: Kabutops
|
|-damage|p2a: Kabutops|82/100 tox|[from] psn
|upkeep
|turn|13
|c|☆zoowi|angry
|
|t:|1656897165
|switch|p2a: Sandaconda|Sandaconda, M|100/100 slp
|move|p1a: Guzzlord|Knock Off|p2a: Sandaconda
|-damage|p2a: Sandaconda|81/100 slp
|
|upkeep
|turn|14
|
|t:|1656897169
|switch|p1a: Trevenant|Trevenant, F|54/100 par
|cant|p2a: Sandaconda|slp
|
|upkeep
|turn|15
|c|☆Burigo|I'm infiltrator Whimsi btw
|c|☆zoowi|prove it
|
|t:|1656897193
|switch|p2a: Charizard|Charizard, M|91/100
|move|p1a: Trevenant|Substitute|p1a: Trevenant
|-start|p1a: Trevenant|Substitute
|-damage|p1a: Trevenant|29/100 par
|-enditem|p1a: Trevenant|Sitrus Berry|[eat]
|-heal|p1a: Trevenant|54/100 par|[from] item: Sitrus Berry
|
|upkeep
|turn|16
|c|☆zoowi|come on
|c|☆zoowi|bring it in tough guy
|c|☆Burigo|get parad here as I switch
|
|t:|1656897213
|move|p2a: Charizard|Flamethrower|p1a: Trevenant
|-supereffective|p1a: Trevenant
|-end|p1a: Trevenant|Substitute
|move|p1a: Trevenant|Poltergeist|p2a: Charizard
|-activate|p2a: Charizard|move: Poltergeist|Heavy-Duty Boots
|-damage|p2a: Charizard|9/100
|
|-item|p1a: Trevenant|Sitrus Berry|[from] ability: Harvest
|upkeep
|turn|17
|c|☆Burigo|fudge
|
|t:|1656897240
|switch|p1a: Guzzlord|Guzzlord|22/100
|move|p2a: Charizard|Flamethrower|p1a: Guzzlord
|-resisted|p1a: Guzzlord
|-damage|p1a: Guzzlord|0 fnt
|faint|p1a: Guzzlord
|
|upkeep
|
|t:|1656897244
|switch|p1a: Scyther|Scyther, M|100/100
|turn|18
|
|t:|1656897253
|switch|p2a: Sandaconda|Sandaconda, M|81/100 slp
|move|p1a: Scyther|U-turn|p2a: Sandaconda
|-damage|p2a: Sandaconda|59/100 slp
|
|t:|1656897255
|switch|p1a: Trevenant|Trevenant, F|54/100 par|[from]move: U-turn
|
|upkeep
|turn|19
|c|☆zoowi|lets go
|c|☆zoowi|switch it in
|c|☆Burigo|angry
|
|t:|1656897268
|switch|p2a: Whimsicott|Whimsicott, F|100/100
|move|p1a: Trevenant|Poltergeist|p2a: Whimsicott
|-activate|p2a: Whimsicott|move: Poltergeist|Choice Specs
|-damage|p2a: Whimsicott|23/100
|
|upkeep
|turn|20
|c|☆zoowi|bap
|c|☆Burigo|riyad mahrez
|c|☆Burigo|so you're not gonna say anything?
|
|t:|1656897321
|switch|p1a: Type: Null|Type: Null|77/100
|move|p2a: Whimsicott|U-turn|p1a: Type: Null
|-damage|p1a: Type: Null|70/100
|
|t:|1656897324
|switch|p2a: Kabutops|Kabutops, F|82/100 tox|[from]move: U-turn
|
|-damage|p2a: Kabutops|76/100 tox|[from] psn
|upkeep
|turn|21
|c|☆zoowi|nope
|c|☆Burigo|give it to me
|
|t:|1656897350
|move|p2a: Kabutops|Knock Off|p1a: Type: Null
|-damage|p1a: Type: Null|50/100
|-enditem|p1a: Type: Null|Eviolite|[from] move: Knock Off|[of] p2a: Kabutops
|move|p1a: Type: Null|U-turn|p2a: Kabutops
|-damage|p2a: Kabutops|55/100 tox
|c|☆zoowi|u monster
|c|☆Burigo|yeah
|
|t:|1656897370
|switch|p1a: Doublade|Doublade, F|100/100|[from]move: U-turn
|
|-damage|p2a: Kabutops|43/100 tox|[from] psn
|upkeep
|turn|22
|c|☆zoowi|checkmated kid
|c|☆zoowi|game set and match
|
|t:|1656897386
|move|p2a: Kabutops|Knock Off|p1a: Doublade
|-supereffective|p1a: Doublade
|-damage|p1a: Doublade|68/100
|-enditem|p1a: Doublade|Eviolite|[from] move: Knock Off|[of] p2a: Kabutops
|move|p1a: Doublade|Swords Dance|p1a: Doublade
|-boost|p1a: Doublade|atk|2
|
|-damage|p2a: Kabutops|25/100 tox|[from] psn
|upkeep
|turn|23
|c|☆Burigo|watch this
|l| Riyad Mahrez
|
|t:|1656897402
|switch|p2a: Charizard|Charizard, M|9/100
|move|p1a: Doublade|Shadow Sneak|p2a: Charizard
|-damage|p2a: Charizard|0 fnt
|faint|p2a: Charizard
|
|upkeep
|
|t:|1656897405
|switch|p2a: Arctovish|Arctovish|100/100
|turn|24
|c|☆zoowi|k
|c|☆zoowi|ok??
|c|☆Burigo|smooth moves
|c|☆zoowi|am i supposed to be impressed?
|j| PedroGreg
|
|t:|1656897459
|move|p1a: Doublade|Shadow Sneak|p2a: Arctovish
|-damage|p2a: Arctovish|57/100
|move|p2a: Arctovish|Crunch|p1a: Doublade
|-supereffective|p1a: Doublade
|-damage|p1a: Doublade|13/100
|
|upkeep
|turn|25
|c|☆zoowi|oho
|c|☆zoowi|ok kid
|c|☆Burigo|I'm going Zard
|
|t:|1656897487
|move|p1a: Doublade|Shadow Sneak|p2a: Arctovish
|-damage|p2a: Arctovish|14/100
|move|p2a: Arctovish|Crunch|p1a: Doublade
|-supereffective|p1a: Doublade
|-damage|p1a: Doublade|0 fnt
|faint|p1a: Doublade
|
|upkeep
|c|☆Burigo|baited
|
|t:|1656897494
|switch|p1a: Scyther|Scyther, M|100/100
|turn|26
|
|t:|1656897497
|move|p1a: Scyther|U-turn|p2a: Arctovish
|-damage|p2a: Arctovish|0 fnt
|faint|p2a: Arctovish
|c|☆zoowi|bait these hands
|
|t:|1656897505
|switch|p1a: Type: Null|Type: Null|50/100|[from]move: U-turn
|
|upkeep
|
|t:|1656897512
|switch|p2a: Whimsicott|Whimsicott, F|23/100
|turn|27
|
|t:|1656897523
|move|p2a: Whimsicott|Giga Drain|p1a: Type: Null
|-damage|p1a: Type: Null|24/100
|-heal|p2a: Whimsicott|44/100|[from] drain|[of] p1a: Type: Null
|move|p1a: Type: Null|U-turn|p2a: Whimsicott
|-damage|p2a: Whimsicott|19/100
|
|t:|1656897525
|switch|p1a: Scyther|Scyther, M|100/100|[from]move: U-turn
|
|upkeep
|turn|28
|
|t:|1656897533
|switch|p2a: Sandaconda|Sandaconda, M|59/100 slp
|move|p1a: Scyther|Swords Dance|p1a: Scyther
|-boost|p1a: Scyther|atk|2
|
|upkeep
|turn|29
|c|☆zoowi|gottem
|c|☆zoowi|any last words?
|
|t:|1656897544
|move|p1a: Scyther|Dual Wingbeat|p2a: Sandaconda
|-damage|p2a: Sandaconda|24/100 slp
|-damage|p2a: Sandaconda|0 fnt
|faint|p2a: Sandaconda
|-hitcount|p2: Sandaconda|2
|
|upkeep
|c|☆zoowi|like
|c|☆zoowi|bye sanda
|c|☆Burigo|spaghetti
|c|☆zoowi|ooooooooo
|
|t:|1656897553
|switch|p2a: Kabutops|Kabutops, F|25/100 tox
|turn|30
|
|t:|1656897573
|switch|p1a: Claydol|Claydol|100/100
|move|p2a: Kabutops|Flip Turn|p1a: Claydol
|-supereffective|p1a: Claydol
|-damage|p1a: Claydol|59/100
|c|☆zoowi|u little
|
|t:|1656897579
|switch|p2a: Whimsicott|Whimsicott, F|19/100|[from]move: Flip Turn
|
|upkeep
|turn|31
|
|t:|1656897594
|switch|p1a: Type: Null|Type: Null|24/100
|move|p2a: Whimsicott|Moonblast|p1a: Type: Null
|-damage|p1a: Type: Null|0 fnt
|faint|p1a: Type: Null
|
|upkeep
|
|t:|1656897598
|switch|p1a: Scyther|Scyther, M|100/100
|turn|32
|c|☆zoowi|eat some
|
|t:|1656897607
|move|p2a: Whimsicott|Moonblast|p1a: Scyther
|-damage|p1a: Scyther|20/100
|move|p1a: Scyther|U-turn|p2a: Whimsicott
|-crit|p2a: Whimsicott
|-damage|p2a: Whimsicott|0 fnt
|faint|p2a: Whimsicott
|c|☆zoowi|holy
|
|t:|1656897614
|switch|p1a: Claydol|Claydol|59/100|[from]move: U-turn
|
|upkeep
|c|☆Burigo|yea
|
|t:|1656897618
|switch|p2a: Kabutops|Kabutops, F|25/100 tox
|turn|33
|
|t:|1656897621
|switch|p1a: Trevenant|Trevenant, F|54/100 par
|move|p2a: Kabutops|Knock Off|p1a: Trevenant
|-supereffective|p1a: Trevenant
|-damage|p1a: Trevenant|0 fnt
|-enditem|p1a: Trevenant|Sitrus Berry|[from] move: Knock Off|[of] p2a: Kabutops
|faint|p1a: Trevenant
|
|-damage|p2a: Kabutops|19/100 tox|[from] psn
|upkeep
|
|t:|1656897627
|switch|p1a: Claydol|Claydol|59/100
|turn|34
|
|t:|1656897633
|switch|p2a: Articuno|Articuno-Galar|100/100
|move|p1a: Claydol|Body Press|p2a: Articuno
|-resisted|p2a: Articuno
|-damage|p2a: Articuno|94/100
|
|upkeep
|turn|35
|
|t:|1656897636
|move|p2a: Articuno|Future Sight|p1a: Claydol
|-start|p2a: Articuno|move: Future Sight
|move|p1a: Claydol|Teleport|p1a: Claydol
|
|t:|1656897638
|switch|p1a: Scyther|Scyther, M|20/100|[from]move: Teleport
|
|upkeep
|turn|36
|
|t:|1656897642
|move|p1a: Scyther|U-turn|p2a: Articuno
|-damage|p2a: Articuno|60/100
|
|t:|1656897643
|switch|p1a: Claydol|Claydol|59/100|[from]move: U-turn
|move|p2a: Articuno|Recover|p2a: Articuno
|-heal|p2a: Articuno|100/100
|
|upkeep
|turn|37
|
|t:|1656897645
|move|p2a: Articuno|Hurricane|p1a: Claydol
|-damage|p1a: Claydol|19/100
|move|p1a: Claydol|Teleport|p1a: Claydol
|
|t:|1656897647
|switch|p1a: Scyther|Scyther, M|20/100|[from]move: Teleport
|
|-end|p1a: Scyther|move: Future Sight
|-damage|p1a: Scyther|0 fnt
|faint|p1a: Scyther
|upkeep
|c|☆zoowi|oh
|c|☆zoowi|fu k
|c|☆Burigo|I'M GETTING JIGGY
|
|t:|1656897654
|switch|p1a: Claydol|Claydol|19/100
|turn|38
|c|☆zoowi|aaaaaaaaaaaaaaaaaa
|
|t:|1656897662
|move|p2a: Articuno|U-turn|p1a: Claydol
|-supereffective|p1a: Claydol
|-damage|p1a: Claydol|0 fnt
|faint|p1a: Claydol
|
|win|Burigo
|raw|zoowi's rating: 1625 &rarr; <strong>1600</strong><br />(-25 for losing)
|raw|Burigo's rating: 1538 &rarr; <strong>1563</strong><br />(+25 for winning)
|c|☆Burigo|gg!
|c|☆Burigo|was a fun one
|c|☆zoowi|gg lol
|l|☆zoowi
