|raw|<div class="broadcast-blue"><strong>This battle is required to be public due to a player having a name starting with 'pult4c1'.</div>
|j|☆pult4c1 S1n
|j|☆pult4c1 shane
|t:|1660938613
|gametype|singles
|player|p1|pult4c1 S1n|#ho3nconfirm3d|1572
|player|p2|pult4c1 shane|veteran|1601
|teamsize|p1|6
|teamsize|p2|6
|gen|8
|tier|[Gen 8] PU
|rated|
|rule|Sleep Clause Mod: Limit one foe put to sleep
|rule|Species Clause: Limit one of each Pokémon
|rule|OHKO Clause: OHKO moves are banned
|rule|Evasion Items Clause: Evasion items are banned
|rule|Evasion Moves Clause: Evasion moves are banned
|rule|Endless Battle Clause: Forcing endless battles is banned
|rule|HP Percentage Mod: HP is shown in percentages
|rule|Dynamax Clause: You cannot dynamax
|clearpoke
|poke|p1|Magneton|
|poke|p1|Garbodor, M|
|poke|p1|Eldegoss, M|
|poke|p1|Scrafty, M|
|poke|p1|Gigalith, F|
|poke|p1|Sandslash, F|
|poke|p2|Sneasel, M|
|poke|p2|Archeops, F|
|poke|p2|Scrafty, F|
|poke|p2|Quagsire, F|
|poke|p2|Doublade, M|
|poke|p2|Ribombee, M|
|teampreview
|inactive|Battle timer is ON: inactive players will automatically lose when time's up. (requested by pult4c1 shane)
|c|☆pult4c1 S1n|R u readt
|c|☆pult4c1 shane|im readt im readt
|inactive|pult4c1 shane has 120 seconds left.
|c|☆pult4c1 S1n|For a trip
|
|t:|1660938662
|start
|switch|p1a: Scrafty|Scrafty, M|100/100
|switch|p2a: Scrafty|Scrafty, F|100/100
|turn|1
|c|☆pult4c1 S1n|Chicken
|inactive|pult4c1 shane has 120 seconds left.
|
|t:|1660938692
|switch|p1a: Garbodor|Garbodor, M|100/100
|switch|p2a: Ribombee|Ribombee, M|100/100
|
|upkeep
|turn|2
|j| PULT4C1 Haffling
|inactive|pult4c1 shane has 120 seconds left.
|
|t:|1660938704
|switch|p2a: Archeops|Archeops, F|100/100
|move|p1a: Garbodor|Spikes|p2a: Archeops
|-sidestart|p2: pult4c1 shane|Spikes
|
|upkeep
|turn|3
|
|t:|1660938709
|move|p2a: Archeops|Stealth Rock|p1a: Garbodor
|-sidestart|p1: pult4c1 S1n|move: Stealth Rock
|move|p1a: Garbodor|Gunk Shot|p2a: Archeops
|-resisted|p2a: Archeops
|-damage|p2a: Archeops|69/100
|-status|p2a: Archeops|psn
|
|-damage|p2a: Archeops|57/100 psn|[from] psn
|upkeep
|turn|4
|
|t:|1660938713
|switch|p2a: Quagsire|Quagsire, F|100/100
|move|p1a: Garbodor|Body Press|p2a: Quagsire
|-damage|p2a: Quagsire|86/100
|
|upkeep
|turn|5
|
|t:|1660938721
|switch|p1a: Eldegoss|Eldegoss, M|100/100
|move|p2a: Quagsire|Earthquake|p1a: Eldegoss
|-resisted|p1a: Eldegoss
|-damage|p1a: Eldegoss|88/100
|
|upkeep
|turn|6
|
|t:|1660938725
|move|p1a: Eldegoss|Rapid Spin|p2a: Quagsire
|-damage|p2a: Quagsire|81/100
|-boost|p1a: Eldegoss|spe|1
|-sideend|p1: pult4c1 S1n|Stealth Rock|[from] move: Rapid Spin|[of] p1a: Eldegoss
|move|p2a: Quagsire|Toxic|p1a: Eldegoss
|-status|p1a: Eldegoss|tox
|
|-damage|p1a: Eldegoss|81/100 tox|[from] psn
|upkeep
|turn|7
|
|t:|1660938731
|switch|p2a: Sneasel|Sneasel, M|100/100
|move|p1a: Eldegoss|Sleep Powder|p2a: Sneasel
|-status|p2a: Sneasel|slp|[from] move: Sleep Powder
|
|-damage|p1a: Eldegoss|69/100 tox|[from] psn
|upkeep
|turn|8
|
|t:|1660938745
|switch|p2a: Scrafty|Scrafty, F|100/100
|-damage|p2a: Scrafty|88/100|[from] Spikes
|switch|p1a: Garbodor|Garbodor, M|100/100
|
|-heal|p2a: Scrafty|94/100|[from] item: Leftovers
|upkeep
|turn|9
|inactive|pult4c1 S1n has 120 seconds left.
|inactive|pult4c1 S1n has 90 seconds left.
|
|t:|1660938811
|move|p2a: Scrafty|Knock Off|p1a: Garbodor
|-damage|p1a: Garbodor|70/100
|-damage|p2a: Scrafty|78/100|[from] item: Rocky Helmet|[of] p1a: Garbodor
|-enditem|p1a: Garbodor|Rocky Helmet|[from] move: Knock Off|[of] p2a: Scrafty
|move|p1a: Garbodor|Body Press|p2a: Scrafty
|-supereffective|p2a: Scrafty
|-damage|p2a: Scrafty|27/100
|
|-heal|p2a: Scrafty|33/100|[from] item: Leftovers
|upkeep
|turn|10
|
|t:|1660938819
|switch|p2a: Quagsire|Quagsire, F|81/100
|move|p1a: Garbodor|Body Press|p2a: Quagsire
|-damage|p2a: Quagsire|66/100
|
|upkeep
|turn|11
|inactive|pult4c1 S1n has 90 seconds left.
|
|t:|1660938836
|move|p1a: Garbodor|Spikes|p2a: Quagsire
|-sidestart|p2: pult4c1 shane|Spikes
|move|p2a: Quagsire|Recover|p2a: Quagsire
|-heal|p2a: Quagsire|100/100
|
|upkeep
|turn|12
|inactive|pult4c1 shane has 120 seconds left.
|
|t:|1660938873
|switch|p2a: Doublade|Doublade, M|100/100
|-damage|p2a: Doublade|84/100|[from] Spikes
|move|p1a: Garbodor|Spikes|p2a: Doublade
|-sidestart|p2: pult4c1 shane|Spikes
|
|upkeep
|turn|13
|
|t:|1660938884
|switch|p1a: Magneton|Magneton|100/100
|move|p2a: Doublade|Swords Dance|p2a: Doublade
|-boost|p2a: Doublade|atk|2
|
|upkeep
|turn|14
|
|t:|1660938891
|move|p1a: Magneton|Volt Switch|p2a: Doublade
|-damage|p2a: Doublade|56/100
|
|t:|1660938894
|switch|p1a: Garbodor|Garbodor, M|70/100|[from]move: Volt Switch
|move|p2a: Doublade|Iron Head|p1a: Garbodor
|-damage|p1a: Garbodor|24/100
|
|upkeep
|turn|15
|
|t:|1660938897
|move|p1a: Garbodor|Pain Split|p2a: Doublade
|-sethp|p2a: Doublade|42/100|[from] move: Pain Split|[silent]
|-sethp|p1a: Garbodor|37/100|[from] move: Pain Split
|move|p2a: Doublade|Rest|p2a: Doublade
|-status|p2a: Doublade|slp|[from] move: Rest
|-heal|p2a: Doublade|100/100 slp|[silent]
|
|upkeep
|turn|16
|
|t:|1660938901
|move|p1a: Garbodor|Pain Split|p2a: Doublade
|-sethp|p2a: Doublade|71/100 slp|[from] move: Pain Split|[silent]
|-sethp|p1a: Garbodor|63/100|[from] move: Pain Split
|cant|p2a: Doublade|slp
|move|p2a: Doublade|Sleep Talk|p2a: Doublade
|move|p2a: Doublade|Iron Head|p1a: Garbodor|[from]move: Sleep Talk
|-damage|p1a: Garbodor|19/100
|
|upkeep
|turn|17
|
|t:|1660938913
|move|p1a: Garbodor|Pain Split|p2a: Doublade
|-sethp|p2a: Doublade|46/100 slp|[from] move: Pain Split|[silent]
|-sethp|p1a: Garbodor|41/100|[from] move: Pain Split
|cant|p2a: Doublade|slp
|move|p2a: Doublade|Sleep Talk|p2a: Doublade
|move|p2a: Doublade|Rest||[from]move: Sleep Talk|[still]
|-fail|p2a: Doublade
|
|upkeep
|turn|18
|
|t:|1660938921
|switch|p1a: Magneton|Magneton|100/100
|-curestatus|p2a: Doublade|slp|[msg]
|move|p2a: Doublade|Iron Head|p1a: Magneton
|-resisted|p1a: Magneton
|-damage|p1a: Magneton|79/100
|
|upkeep
|turn|19
|
|t:|1660938931
|move|p1a: Magneton|Thunderbolt|p2a: Doublade
|-damage|p2a: Doublade|6/100
|-status|p2a: Doublade|par
|move|p2a: Doublade|Rest|p2a: Doublade
|-status|p2a: Doublade|slp|[from] move: Rest
|-heal|p2a: Doublade|100/100 slp|[silent]
|
|upkeep
|turn|20
|
|t:|1660938935
|switch|p1a: Scrafty|Scrafty, M|100/100
|switch|p2a: Quagsire|Quagsire, F|100/100
|
|upkeep
|turn|21
|
|t:|1660938940
|move|p1a: Scrafty|Knock Off|p2a: Quagsire
|-damage|p2a: Quagsire|69/100
|-enditem|p2a: Quagsire|Heavy-Duty Boots|[from] move: Knock Off|[of] p1a: Scrafty
|move|p2a: Quagsire|Earthquake|p1a: Scrafty
|-damage|p1a: Scrafty|66/100
|
|-heal|p1a: Scrafty|72/100|[from] item: Leftovers
|upkeep
|turn|22
|
|t:|1660938951
|switch|p1a: Eldegoss|Eldegoss, M|100/100 tox
|switch|p2a: Ribombee|Ribombee, M|100/100
|
|-damage|p1a: Eldegoss|94/100 tox|[from] psn
|upkeep
|turn|23
|
|t:|1660938956
|switch|p1a: Gigalith|Gigalith, F|100/100
|-weather|Sandstorm|[from] ability: Sand Stream|[of] p1a: Gigalith
|move|p2a: Ribombee|Aromatherapy|p2a: Ribombee
|-activate|p2a: Ribombee|move: Aromatherapy
|-curestatus|p2: Archeops|psn|[msg]
|-curestatus|p2: Doublade|slp|[msg]
|-curestatus|p2: Sneasel|slp|[msg]
|
|-weather|Sandstorm|[upkeep]
|-damage|p2a: Ribombee|94/100|[from] Sandstorm
|upkeep
|turn|24
|inactive|pult4c1 shane has 120 seconds left.
|j|+avarice
|
|t:|1660938998
|switch|p2a: Scrafty|Scrafty, F|33/100
|-damage|p2a: Scrafty|8/100|[from] Spikes
|move|p1a: Gigalith|Stealth Rock|p2a: Scrafty
|-sidestart|p2: pult4c1 shane|move: Stealth Rock
|
|-weather|Sandstorm|[upkeep]
|-damage|p2a: Scrafty|2/100|[from] Sandstorm
|-heal|p2a: Scrafty|8/100|[from] item: Leftovers
|upkeep
|turn|25
|
|t:|1660939007
|switch|p1a: Garbodor|Garbodor, M|41/100
|move|p2a: Scrafty|Drain Punch|p1a: Garbodor
|-resisted|p1a: Garbodor
|-damage|p1a: Garbodor|28/100
|-heal|p2a: Scrafty|16/100|[from] drain|[of] p1a: Garbodor
|
|-weather|Sandstorm|[upkeep]
|-damage|p2a: Scrafty|10/100|[from] Sandstorm
|-damage|p1a: Garbodor|22/100|[from] Sandstorm
|-heal|p2a: Scrafty|16/100|[from] item: Leftovers
|upkeep
|turn|26
|inactive|pult4c1 shane has 120 seconds left.
|
|t:|1660939019
|move|p2a: Scrafty|Knock Off|p1a: Garbodor
|-damage|p1a: Garbodor|0 fnt
|-damage|p2a: Scrafty|0 fnt|[from] ability: Aftermath|[of] p1a: Garbodor
|faint|p1a: Garbodor
|faint|p2a: Scrafty
|
|-weather|Sandstorm|[upkeep]
|upkeep
|inactive|pult4c1 shane has 120 seconds left.
|
|t:|1660939027
|switch|p2a: Archeops|Archeops, F|57/100
|switch|p1a: Sandslash|Sandslash, F|100/100
|turn|27
|
|t:|1660939031
|move|p1a: Sandslash|Knock Off|p2a: Archeops
|-damage|p2a: Archeops|0 fnt
|-enditem|p2a: Archeops|Heavy-Duty Boots|[from] move: Knock Off|[of] p1a: Sandslash
|faint|p2a: Archeops
|-damage|p1a: Sandslash|91/100|[from] item: Life Orb
|
|-weather|none
|upkeep
|
|t:|1660939038
|switch|p2a: Sneasel|Sneasel, M|100/100
|turn|28
|
|t:|1660939045
|switch|p1a: Gigalith|Gigalith, F|100/100
|-weather|Sandstorm|[from] ability: Sand Stream|[of] p1a: Gigalith
|move|p2a: Sneasel|Triple Axel|p1a: Gigalith
|-damage|p1a: Gigalith|94/100
|-damage|p1a: Gigalith|82/100
|-hitcount|p1a: Gigalith|2
|
|-weather|Sandstorm|[upkeep]
|-damage|p2a: Sneasel|95/100|[from] Sandstorm
|-heal|p1a: Gigalith|88/100|[from] item: Leftovers
|upkeep
|turn|29
|
|t:|1660939059
|switch|p2a: Doublade|Doublade, M|100/100
|-damage|p2a: Doublade|76/100|[from] Spikes
|-damage|p2a: Doublade|69/100|[from] Stealth Rock
|move|p1a: Gigalith|Earthquake|p2a: Doublade
|-supereffective|p2a: Doublade
|-damage|p2a: Doublade|41/100
|
|-weather|Sandstorm|[upkeep]
|-heal|p1a: Gigalith|94/100|[from] item: Leftovers
|upkeep
|turn|30
|j| PULT4C1 Carmin
|
|t:|1660939072
|switch|p2a: Quagsire|Quagsire, F|69/100
|-damage|p2a: Quagsire|44/100|[from] Spikes
|-damage|p2a: Quagsire|38/100|[from] Stealth Rock
|switch|p1a: Scrafty|Scrafty, M|72/100
|
|-weather|Sandstorm|[upkeep]
|-damage|p1a: Scrafty|66/100|[from] Sandstorm
|-heal|p1a: Scrafty|72/100|[from] item: Leftovers
|upkeep
|turn|31
|
|t:|1660939075
|move|p1a: Scrafty|Close Combat|p2a: Quagsire
|-damage|p2a: Quagsire|0 fnt
|-unboost|p1a: Scrafty|def|1
|-unboost|p1a: Scrafty|spd|1
|faint|p2a: Quagsire
|
|-weather|Sandstorm|[upkeep]
|-damage|p1a: Scrafty|66/100|[from] Sandstorm
|-heal|p1a: Scrafty|72/100|[from] item: Leftovers
|upkeep
|c|☆pult4c1 shane|gg
|c|☆pult4c1 S1n|Gg
|-message|pult4c1 shane forfeited.
|
|win|pult4c1 S1n
|raw|pult4c1 S1n's rating: 1572 &rarr; <strong>1594</strong><br />(+22 for winning)
|raw|pult4c1 shane's rating: 1601 &rarr; <strong>1579</strong><br />(-22 for losing)
|l|☆pult4c1 shane
|l| PULT4C1 Carmin
|j| xskelly34
|l| xskelly34
||Ladder isn't responding, score probably updated but might not have (Request timeout).
|l| PULT4C1 Haffling
|l|☆pult4c1 S1n
|j|☆pult4c1 S1n
|player|p1|pult4c1 S1n|#ho3nconfirm3d
|l|☆pult4c1 S1n
|player|p1|
