|j|☆PULT4C1 S1n
|j|☆PULT4C1 Haffling
|t:|1660828981
|gametype|singles
|player|p1|PULT4C1 S1n|1|1598
|player|p2|PULT4C1 Haffling|cyrus|1579
|teamsize|p1|6
|teamsize|p2|6
|gen|8
|tier|[Gen 8] PU
|rated|
|rule|Sleep Clause Mod: Limit one foe put to sleep
|rule|Species Clause: Limit one of each Pokémon
|rule|OHKO Clause: OHKO moves are banned
|rule|Evasion Items Clause: Evasion items are banned
|rule|Evasion Moves Clause: Evasion moves are banned
|rule|Endless Battle Clause: Forcing endless battles is banned
|rule|HP Percentage Mod: HP is shown in percentages
|rule|Dynamax Clause: You cannot dynamax
|clearpoke
|poke|p1|Duosion, F|
|poke|p1|Silvally-*|
|poke|p1|Eldegoss, M|
|poke|p1|Scrafty, F|
|poke|p1|Aggron, F|
|poke|p1|Persian-Alola, F|
|poke|p2|Jellicent, M|
|poke|p2|Audino, F|
|poke|p2|Scrafty, M|
|poke|p2|Garbodor, M|
|poke|p2|Gigalith, F|
|poke|p2|Whimsicott, F|
|teampreview
|inactive|Battle timer is ON: inactive players will automatically lose when time's up. (requested by PULT4C1 S1n)
|
|t:|1660829000
|start
|switch|p1a: Persian|Persian-Alola, F|100/100
|switch|p2a: Whimsicott|Whimsicott, F|100/100
|turn|1
|
|t:|1660829005
|switch|p1a: Duosion|Duosion, F|100/100
|move|p2a: Whimsicott|U-turn|p1a: Duosion
|-supereffective|p1a: Duosion
|-damage|p1a: Duosion|76/100
|j| yamakaze111
|
|t:|1660829008
|switch|p2a: Scrafty|Scrafty, M|100/100|[from]move: U-turn
|
|upkeep
|turn|2
|
|t:|1660829011
|switch|p1a: Silvally|Silvally-Fairy|100/100
|move|p2a: Scrafty|Substitute|p2a: Scrafty
|-start|p2a: Scrafty|Substitute
|-damage|p2a: Scrafty|76/100
|
|-heal|p2a: Scrafty|82/100|[from] item: Leftovers
|upkeep
|turn|3
|
|t:|1660829020
|move|p1a: Silvally|Multi-Attack|p2a: Scrafty
|-supereffective|p2a: Scrafty
|-end|p2a: Scrafty|Substitute
|move|p2a: Scrafty|Poison Jab|p1a: Silvally
|-supereffective|p1a: Silvally
|-damage|p1a: Silvally|60/100
|
|-heal|p2a: Scrafty|88/100|[from] item: Leftovers
|upkeep
|turn|4
|
|t:|1660829026
|switch|p2a: Garbodor|Garbodor, M|100/100
|move|p1a: Silvally|Parting Shot|p2a: Garbodor
|-unboost|p2a: Garbodor|atk|1
|-unboost|p2a: Garbodor|spa|1
|
|t:|1660829033
|switch|p1a: Persian|Persian-Alola, F|100/100|[from]move: Parting Shot
|
|upkeep
|turn|5
|
|t:|1660829038
|move|p1a: Persian|Switcheroo|p2a: Garbodor
|-activate|p1a: Persian|move: Trick|[of] p2a: Garbodor
|-item|p2a: Garbodor|Choice Specs|[from] move: Switcheroo
|-item|p1a: Persian|Rocky Helmet|[from] move: Switcheroo
|move|p2a: Garbodor|Toxic Spikes|p1a: Persian
|-sidestart|p1: PULT4C1 S1n|move: Toxic Spikes
|
|upkeep
|turn|6
|
|t:|1660829048
|switch|p2a: Whimsicott|Whimsicott, F|100/100
|move|p1a: Persian|U-turn|p2a: Whimsicott
|-crit|p2a: Whimsicott
|-damage|p2a: Whimsicott|79/100
|
|t:|1660829053
|switch|p1a: Eldegoss|Eldegoss, M|100/100|[from]move: U-turn
|
|upkeep
|turn|7
|
|t:|1660829058
|move|p2a: Whimsicott|U-turn|p1a: Eldegoss
|-supereffective|p1a: Eldegoss
|-damage|p1a: Eldegoss|83/100
|
|t:|1660829060
|switch|p2a: Garbodor|Garbodor, M|100/100|[from]move: U-turn
|move|p1a: Eldegoss|Giga Drain|p2a: Garbodor
|-resisted|p2a: Garbodor
|-damage|p2a: Garbodor|89/100
|-heal|p1a: Eldegoss|90/100|[from] drain|[of] p2a: Garbodor
|
|upkeep
|turn|8
|
|t:|1660829066
|move|p2a: Garbodor|Gunk Shot|p1a: Eldegoss
|-supereffective|p1a: Eldegoss
|-damage|p1a: Eldegoss|25/100
|move|p1a: Eldegoss|Rapid Spin|p2a: Garbodor
|-damage|p2a: Garbodor|83/100
|-boost|p1a: Eldegoss|spe|1
|-sideend|p1: PULT4C1 S1n|Toxic Spikes|[from] move: Rapid Spin|[of] p1a: Eldegoss
|
|upkeep
|turn|9
|
|t:|1660829073
|switch|p1a: Aggron|Aggron, F|100/100
|switch|p2a: Scrafty|Scrafty, M|88/100
|
|-heal|p2a: Scrafty|94/100|[from] item: Leftovers
|upkeep
|turn|10
|
|t:|1660829076
|move|p2a: Scrafty|Substitute|p2a: Scrafty
|-start|p2a: Scrafty|Substitute
|-damage|p2a: Scrafty|70/100
|move|p1a: Aggron|Roar|p2a: Scrafty
|drag|p2a: Whimsicott|Whimsicott, F|79/100
|
|upkeep
|turn|11
|
|t:|1660829080
|move|p2a: Whimsicott|U-turn|p1a: Aggron
|-resisted|p1a: Aggron
|-damage|p1a: Aggron|98/100
|
|t:|1660829085
|switch|p2a: Jellicent|Jellicent, M|100/100|[from]move: U-turn
|move|p1a: Aggron|Stealth Rock|p2a: Jellicent
|-sidestart|p2: PULT4C1 Haffling|move: Stealth Rock
|
|-heal|p1a: Aggron|100/100|[from] item: Leftovers
|upkeep
|turn|12
|j| PULT4C1 Inder
|
|t:|1660829090
|move|p1a: Aggron|Protect|p1a: Aggron
|-singleturn|p1a: Aggron|Protect
|move|p2a: Jellicent|Water Spout|p1a: Aggron
|-activate|p1a: Aggron|move: Protect
|
|upkeep
|turn|13
|j| PULT4C1 spacial
|l| PULT4C1 spacial
|j| yandaud
|inactive|PULT4C1 S1n has 120 seconds left.
|inactive|PULT4C1 S1n has 90 seconds left.
|
|t:|1660829162
|switch|p1a: Duosion|Duosion, F|100/100
|move|p2a: Jellicent|Water Spout|p1a: Duosion
|-damage|p1a: Duosion|40/100
|
|upkeep
|turn|14
|
|t:|1660829167
|move|p1a: Duosion|Protect|p1a: Duosion
|-singleturn|p1a: Duosion|Protect
|move|p2a: Jellicent|Water Spout|p1a: Duosion
|-activate|p1a: Duosion|move: Protect
|
|upkeep
|turn|15
|inactive|PULT4C1 S1n has 90 seconds left.
|
|t:|1660829173
|move|p1a: Duosion|Protect||[still]
|-fail|p1a: Duosion
|move|p2a: Jellicent|Water Spout|p1a: Duosion
|-damage|p1a: Duosion|0 fnt
|faint|p1a: Duosion
|
|upkeep
|
|t:|1660829175
|switch|p1a: Persian|Persian-Alola, F|100/100
|turn|16
|
|t:|1660829183
|switch|p2a: Garbodor|Garbodor, M|83/100
|-damage|p2a: Garbodor|71/100|[from] Stealth Rock
|move|p1a: Persian|Dark Pulse|p2a: Garbodor
|-damage|p2a: Garbodor|40/100
|
|upkeep
|turn|17
|
|t:|1660829189
|switch|p2a: Audino|Audino, F|100/100
|move|p1a: Persian|Dark Pulse|p2a: Audino
|-damage|p2a: Audino|80/100
|
|upkeep
|turn|18
|j| krlelelelel
|
|t:|1660829193
|move|p1a: Persian|U-turn|p2a: Audino
|-damage|p2a: Audino|71/100
|
|t:|1660829195
|switch|p1a: Scrafty|Scrafty, F|100/100|[from]move: U-turn
|move|p2a: Audino|Wish|p2a: Audino
|
|upkeep
|turn|19
|
|t:|1660829202
|switch|p2a: Whimsicott|Whimsicott, F|79/100
|move|p1a: Scrafty|Knock Off|p2a: Whimsicott
|-resisted|p2a: Whimsicott
|-damage|p2a: Whimsicott|46/100
|-enditem|p2a: Whimsicott|Heavy-Duty Boots|[from] move: Knock Off|[of] p1a: Scrafty
|
|-heal|p2a: Whimsicott|100/100|[from] move: Wish|[wisher] Audino
|upkeep
|turn|20
|
|t:|1660829209
|switch|p1a: Aggron|Aggron, F|100/100
|move|p2a: Whimsicott|Moonblast|p1a: Aggron
|-resisted|p1a: Aggron
|-damage|p1a: Aggron|83/100
|
|-heal|p1a: Aggron|89/100|[from] item: Leftovers
|upkeep
|turn|21
|
|t:|1660829216
|move|p2a: Whimsicott|U-turn|p1a: Aggron
|-resisted|p1a: Aggron
|-damage|p1a: Aggron|86/100
|
|t:|1660829218
|switch|p2a: Garbodor|Garbodor, M|40/100|[from]move: U-turn
|-damage|p2a: Garbodor|28/100|[from] Stealth Rock
|move|p1a: Aggron|Heavy Slam|p2a: Garbodor
|-damage|p2a: Garbodor|6/100
|
|-heal|p1a: Aggron|92/100|[from] item: Leftovers
|upkeep
|turn|22
|
|t:|1660829227
|switch|p1a: Eldegoss|Eldegoss, M|58/100
|move|p2a: Garbodor|Toxic Spikes|p1a: Eldegoss
|-sidestart|p1: PULT4C1 S1n|move: Toxic Spikes
|
|upkeep
|turn|23
|
|t:|1660829233
|switch|p2a: Jellicent|Jellicent, M|100/100
|-damage|p2a: Jellicent|88/100|[from] Stealth Rock
|move|p1a: Eldegoss|Rapid Spin|p2a: Jellicent
|-immune|p2a: Jellicent
|
|upkeep
|turn|24
|
|t:|1660829241
|move|p2a: Jellicent|Shadow Ball|p1a: Eldegoss
|-damage|p1a: Eldegoss|15/100
|move|p1a: Eldegoss|Giga Drain|p2a: Jellicent
|-supereffective|p2a: Jellicent
|-damage|p2a: Jellicent|45/100
|-heal|p1a: Eldegoss|37/100|[from] drain|[of] p2a: Jellicent
|
|upkeep
|turn|25
|
|t:|1660829249
|switch|p1a: Persian|Persian-Alola, F|100/100
|-status|p1a: Persian|psn
|move|p2a: Jellicent|Shadow Ball|p1a: Persian
|-resisted|p1a: Persian
|-damage|p1a: Persian|57/100 psn
|-unboost|p1a: Persian|spd|1
|
|-damage|p1a: Persian|44/100 psn|[from] psn
|upkeep
|turn|26
|
|t:|1660829256
|switch|p1a: Eldegoss|Eldegoss, M|71/100
|switch|p2a: Garbodor|Garbodor, M|6/100
|-damage|p2a: Garbodor|0 fnt|[from] Stealth Rock
|faint|p2a: Garbodor
|
|upkeep
|
|t:|1660829260
|switch|p2a: Scrafty|Scrafty, M|70/100
|-damage|p2a: Scrafty|63/100|[from] Stealth Rock
|turn|27
|
|t:|1660829264
|move|p2a: Scrafty|Poison Jab|p1a: Eldegoss
|-supereffective|p1a: Eldegoss
|-damage|p1a: Eldegoss|29/100
|move|p1a: Eldegoss|Rapid Spin|p2a: Scrafty
|-damage|p2a: Scrafty|57/100
|-boost|p1a: Eldegoss|spe|1
|-sideend|p1: PULT4C1 S1n|Toxic Spikes|[from] move: Rapid Spin|[of] p1a: Eldegoss
|
|-heal|p2a: Scrafty|63/100|[from] item: Leftovers
|upkeep
|turn|28
|
|t:|1660829270
|move|p1a: Eldegoss|Sleep Powder|p2a: Scrafty
|-status|p2a: Scrafty|slp|[from] move: Sleep Powder
|cant|p2a: Scrafty|slp
|
|-heal|p2a: Scrafty|69/100 slp|[from] item: Leftovers
|upkeep
|turn|29
|
|t:|1660829274
|switch|p1a: Silvally|Silvally-Fairy|60/100
|cant|p2a: Scrafty|slp
|
|-activate|p2a: Scrafty|ability: Shed Skin
|-curestatus|p2a: Scrafty|slp|[msg]
|-heal|p2a: Scrafty|75/100|[from] item: Leftovers
|upkeep
|turn|30
|j| PULT4C1 QiYu5
|
|t:|1660829283
|switch|p2a: Audino|Audino, F|100/100
|move|p1a: Silvally|Parting Shot|p2a: Audino
|-unboost|p2a: Audino|atk|1
|-unboost|p2a: Audino|spa|1
|
|t:|1660829284
|switch|p1a: Scrafty|Scrafty, F|100/100|[from]move: Parting Shot
|
|upkeep
|turn|31
|
|t:|1660829289
|switch|p2a: Whimsicott|Whimsicott, F|100/100
|-damage|p2a: Whimsicott|88/100|[from] Stealth Rock
|move|p1a: Scrafty|Substitute|p1a: Scrafty
|-start|p1a: Scrafty|Substitute
|-damage|p1a: Scrafty|76/100
|
|-heal|p1a: Scrafty|82/100|[from] item: Leftovers
|upkeep
|turn|32
|
|t:|1660829294
|move|p2a: Whimsicott|Moonblast|p1a: Scrafty
|-supereffective|p1a: Scrafty
|-end|p1a: Scrafty|Substitute
|move|p1a: Scrafty|Poison Jab|p2a: Whimsicott
|-supereffective|p2a: Whimsicott
|-damage|p2a: Whimsicott|0 fnt
|faint|p2a: Whimsicott
|-ability|p1a: Scrafty|Moxie|boost
|-boost|p1a: Scrafty|atk|1
|
|-heal|p1a: Scrafty|88/100|[from] item: Leftovers
|upkeep
|c|☆PULT4C1 Haffling|noo
|c|☆PULT4C1 Haffling|im not inf
|l| PULT4C1 Inder
|c|☆PULT4C1 Haffling|noooo
|j| PULT4C1 Inder
|
|t:|1660829316
|switch|p2a: Jellicent|Jellicent, M|45/100
|-damage|p2a: Jellicent|33/100|[from] Stealth Rock
|turn|33
|inactive|PULT4C1 S1n has 120 seconds left.
|
|t:|1660829360
|move|p2a: Jellicent|Hydro Pump|p1a: Scrafty|[miss]
|-miss|p2a: Jellicent|p1a: Scrafty
|move|p1a: Scrafty|Knock Off|p2a: Jellicent
|-supereffective|p2a: Jellicent
|-damage|p2a: Jellicent|0 fnt
|-enditem|p2a: Jellicent|Choice Specs|[from] move: Knock Off|[of] p1a: Scrafty
|faint|p2a: Jellicent
|-ability|p1a: Scrafty|Moxie|boost
|-boost|p1a: Scrafty|atk|1
|
|-heal|p1a: Scrafty|93/100|[from] item: Leftovers
|upkeep
|
|t:|1660829369
|switch|p2a: Scrafty|Scrafty, M|75/100
|-damage|p2a: Scrafty|69/100|[from] Stealth Rock
|turn|34
|inactive|PULT4C1 S1n has 120 seconds left.
|
|t:|1660829378
|switch|p1a: Silvally|Silvally-Fairy|60/100
|move|p2a: Scrafty|Close Combat|p1a: Silvally
|-resisted|p1a: Silvally
|-damage|p1a: Silvally|38/100
|-unboost|p2a: Scrafty|def|1
|-unboost|p2a: Scrafty|spd|1
|
|-heal|p2a: Scrafty|75/100|[from] item: Leftovers
|upkeep
|turn|35
|
|t:|1660829383
|move|p1a: Silvally|Parting Shot|p2a: Scrafty
|-unboost|p2a: Scrafty|atk|1
|-unboost|p2a: Scrafty|spa|1
|
|t:|1660829386
|switch|p1a: Eldegoss|Eldegoss, M|63/100|[from]move: Parting Shot
|move|p2a: Scrafty|Poison Jab|p1a: Eldegoss
|-supereffective|p1a: Eldegoss
|-damage|p1a: Eldegoss|37/100
|
|-heal|p2a: Scrafty|81/100|[from] item: Leftovers
|upkeep
|turn|36
|
|t:|1660829390
|move|p2a: Scrafty|Substitute|p2a: Scrafty
|-start|p2a: Scrafty|Substitute
|-damage|p2a: Scrafty|57/100
|move|p1a: Eldegoss|Sleep Powder||[still]
|-fail|p1a: Eldegoss
|
|-heal|p2a: Scrafty|63/100|[from] item: Leftovers
|upkeep
|turn|37
|
|t:|1660829393
|move|p2a: Scrafty|Poison Jab|p1a: Eldegoss
|-supereffective|p1a: Eldegoss
|-damage|p1a: Eldegoss|10/100
|move|p1a: Eldegoss|Giga Drain|p2a: Scrafty
|-end|p2a: Scrafty|Substitute
|-heal|p1a: Eldegoss|21/100|[from] drain|[of] p2a: Scrafty
|
|-heal|p2a: Scrafty|69/100|[from] item: Leftovers
|upkeep
|turn|38
|
|t:|1660829403
|switch|p1a: Persian|Persian-Alola, F|44/100 psn
|move|p2a: Scrafty|Substitute|p2a: Scrafty
|-start|p2a: Scrafty|Substitute
|-damage|p2a: Scrafty|44/100
|
|-heal|p2a: Scrafty|50/100|[from] item: Leftovers
|-damage|p1a: Persian|32/100 psn|[from] psn
|upkeep
|turn|39
|
|t:|1660829408
|move|p1a: Persian|U-turn|p2a: Scrafty
|-activate|p2a: Scrafty|move: Substitute|[damage]
|
|t:|1660829409
|switch|p1a: Eldegoss|Eldegoss, M|54/100|[from]move: U-turn
|move|p2a: Scrafty|Close Combat|p1a: Eldegoss
|-damage|p1a: Eldegoss|26/100
|-unboost|p2a: Scrafty|def|1
|-unboost|p2a: Scrafty|spd|1
|
|-heal|p2a: Scrafty|57/100|[from] item: Leftovers
|upkeep
|turn|40
|
|t:|1660829413
|switch|p1a: Persian|Persian-Alola, F|32/100 psn
|move|p2a: Scrafty|Poison Jab|p1a: Persian
|-damage|p1a: Persian|17/100 psn
|-damage|p2a: Scrafty|40/100|[from] item: Rocky Helmet|[of] p1a: Persian
|
|-heal|p2a: Scrafty|46/100|[from] item: Leftovers
|-damage|p1a: Persian|5/100 psn|[from] psn
|upkeep
|turn|41
|
|t:|1660829416
|move|p1a: Persian|Dark Pulse|p2a: Scrafty
|-resisted|p2a: Scrafty
|-end|p2a: Scrafty|Substitute
|move|p2a: Scrafty|Substitute|p2a: Scrafty
|-start|p2a: Scrafty|Substitute
|-damage|p2a: Scrafty|22/100
|
|-heal|p2a: Scrafty|28/100|[from] item: Leftovers
|-damage|p1a: Persian|0 fnt|[from] psn
|faint|p1a: Persian
|upkeep
|
|t:|1660829421
|switch|p1a: Eldegoss|Eldegoss, M|59/100
|turn|42
|
|t:|1660829423
|move|p2a: Scrafty|Poison Jab|p1a: Eldegoss
|-supereffective|p1a: Eldegoss
|-damage|p1a: Eldegoss|32/100
|-status|p1a: Eldegoss|psn
|move|p1a: Eldegoss|Giga Drain|p2a: Scrafty
|-end|p2a: Scrafty|Substitute
|-heal|p1a: Eldegoss|42/100 psn|[from] drain|[of] p2a: Scrafty
|
|-heal|p2a: Scrafty|34/100|[from] item: Leftovers
|-damage|p1a: Eldegoss|30/100 psn|[from] psn
|upkeep
|turn|43
|c|☆PULT4C1 Haffling|finally
|
|t:|1660829447
|switch|p2a: Audino|Audino, F|100/100
|move|p1a: Eldegoss|Aromatherapy|p1a: Eldegoss
|-activate|p1a: Eldegoss|move: Aromatherapy
|-curestatus|p1a: Eldegoss|psn|[msg]
|
|upkeep
|turn|44
|
|t:|1660829453
|switch|p1a: Scrafty|Scrafty, F|93/100
|move|p2a: Audino|Wish|p2a: Audino
|
|-heal|p1a: Scrafty|99/100|[from] item: Leftovers
|upkeep
|turn|45
|
|t:|1660829457
|switch|p2a: Scrafty|Scrafty, M|34/100
|-damage|p2a: Scrafty|28/100|[from] Stealth Rock
|move|p1a: Scrafty|Substitute|p1a: Scrafty
|-start|p1a: Scrafty|Substitute
|-damage|p1a: Scrafty|75/100
|
|-heal|p2a: Scrafty|100/100|[from] move: Wish|[wisher] Audino
|-heal|p1a: Scrafty|81/100|[from] item: Leftovers
|upkeep
|turn|46
|
|t:|1660829459
|move|p1a: Scrafty|Close Combat|p2a: Scrafty
|-supereffective|p2a: Scrafty
|-damage|p2a: Scrafty|0 fnt
|-unboost|p1a: Scrafty|def|1
|-unboost|p1a: Scrafty|spd|1
|faint|p2a: Scrafty
|-ability|p1a: Scrafty|Moxie|boost
|-boost|p1a: Scrafty|atk|1
|
|-heal|p1a: Scrafty|86/100|[from] item: Leftovers
|upkeep
|c|☆PULT4C1 Haffling|sad
|c|☆PULT4C1 Haffling|gg
|-message|PULT4C1 Haffling forfeited.
|
|win|PULT4C1 S1n
|raw|PULT4C1 S1n's rating: 1598 &rarr; <strong>1617</strong><br />(+19 for winning)
|raw|PULT4C1 Haffling's rating: 1579 &rarr; <strong>1560</strong><br />(-19 for losing)
|l|☆PULT4C1 S1n
