|j|☆BiggMommacita
|j|☆Nappa9001
|t:|1610249112
|player|p1|BiggMommacita|lenora|1452
|player|p2|Nappa9001|hilda|1223
|teamsize|p1|6
|teamsize|p2|6
|gametype|singles
|gen|8
|tier|[Gen 8] PU
|rated|
|clearpoke
|poke|p1|Pinsir, M|
|poke|p1|Malamar, M|
|poke|p1|Cofagrigus, F|
|poke|p1|Toxicroak, F|
|poke|p1|Pawniard, M|
|poke|p1|Coalossal, M|
|poke|p2|Accelgor, F|
|poke|p2|Vaporeon, M|
|poke|p2|Vikavolt, M|
|poke|p2|Claydol|
|poke|p2|Silvally-*|
|poke|p2|Ditto|
|rule|Sleep Clause Mod: Limit one foe put to sleep
|rule|Species Clause: Limit one of each Pokémon
|rule|OHKO Clause: OHKO moves are banned
|rule|Evasion Moves Clause: Evasion moves are banned
|rule|Endless Battle Clause: Forcing endless battles is banned
|rule|HP Percentage Mod: HP is shown in percentages
|rule|Dynamax Clause: You cannot dynamax
|teampreview
|
|t:|1610249120
|start
|switch|p1a: Cofagrigus|Cofagrigus, F|100/100
|switch|p2a: fast|Accelgor, F|100/100
|turn|1
|
|t:|1610249128
|move|p2a: fast|U-turn|p1a: Cofagrigus
|-resisted|p1a: Cofagrigus
|-damage|p1a: Cofagrigus|96/100
|-activate|p1a: Cofagrigus|ability: Mummy|Sticky Hold|[of] p2a: fast
|
|t:|1610249134
|switch|p2a: no u|Ditto|100/100|[from]move: U-turn
|-transform|p2a: no u|p1a: Cofagrigus|[from] ability: Imposter
|move|p1a: Cofagrigus|Toxic Spikes|p2a: no u
|-sidestart|p2: Nappa9001|move: Toxic Spikes
|
|upkeep
|turn|2
|
|t:|1610249142
|switch|p1a: Coalossal|Coalossal, M|100/100
|move|p2a: no u|Toxic Spikes|p1a: Coalossal
|-sidestart|p1: BiggMommacita|move: Toxic Spikes
|
|upkeep
|turn|3
|
|t:|1610249148
|switch|p2a: thic2|Claydol|100/100
|move|p1a: Coalossal|Stealth Rock|p2a: thic2
|-sidestart|p2: Nappa9001|move: Stealth Rock
|
|upkeep
|turn|4
|
|t:|1610249157
|switch|p1a: Cofagrigus|Cofagrigus, F|96/100
|-status|p1a: Cofagrigus|psn
|-enditem|p1a: Cofagrigus|Lum Berry|[eat]
|-curestatus|p1a: Cofagrigus|psn|[msg]
|move|p2a: thic2|Toxic|p1a: Cofagrigus|[miss]
|-miss|p2a: thic2|p1a: Cofagrigus
|
|upkeep
|turn|5
|
|t:|1610249164
|move|p2a: thic2|Toxic|p1a: Cofagrigus
|-status|p1a: Cofagrigus|tox
|move|p1a: Cofagrigus|Shadow Ball|p2a: thic2
|-supereffective|p2a: thic2
|-damage|p2a: thic2|62/100
|-unboost|p2a: thic2|spd|1
|
|-heal|p2a: thic2|68/100|[from] item: Leftovers
|-damage|p1a: Cofagrigus|90/100 tox|[from] psn
|upkeep
|turn|6
|
|t:|1610249172
|move|p1a: Cofagrigus|Shadow Ball|p2a: thic2
|-supereffective|p2a: thic2
|-damage|p2a: thic2|16/100
|-unboost|p2a: thic2|spd|1
|move|p2a: thic2|Trick Room|p2a: thic2
|-fieldstart|move: Trick Room|[of] p2a: thic2
|
|-heal|p2a: thic2|22/100|[from] item: Leftovers
|-damage|p1a: Cofagrigus|78/100 tox|[from] psn
|upkeep
|turn|7
|
|t:|1610249181
|switch|p2a: not so fast|Vikavolt, M|100/100
|-damage|p2a: not so fast|76/100|[from] Stealth Rock
|move|p1a: Cofagrigus|Shadow Ball|p2a: not so fast
|-damage|p2a: not so fast|46/100
|
|-damage|p1a: Cofagrigus|60/100 tox|[from] psn
|upkeep
|turn|8
|
|t:|1610249190
|switch|p1a: Coalossal|Coalossal, M|100/100
|move|p2a: not so fast|Volt Switch|p1a: Coalossal
|-damage|p1a: Coalossal|63/100
|
|t:|1610249208
|switch|p2a: steel switch|Silvally-Poison|100/100|[from]move: Volt Switch
|-damage|p2a: steel switch|88/100|[from] Stealth Rock
|-sideend|p2: Nappa9001|move: Toxic Spikes|[of] p2a: steel switch
|
|upkeep
|turn|9
|
|t:|1610249218
|move|p1a: Coalossal|Spikes|p2a: steel switch
|-sidestart|p2: Nappa9001|Spikes
|move|p2a: steel switch|Parting Shot|p1a: Coalossal
|-unboost|p1a: Coalossal|atk|1
|-unboost|p1a: Coalossal|spa|1
|
|t:|1610249231
|switch|p2a: fast|Accelgor, F|100/100|[from]move: Parting Shot
|
|upkeep
|turn|10
|
|t:|1610249236
|move|p1a: Coalossal|Rock Blast|p2a: fast
|-supereffective|p2a: fast
|-damage|p2a: fast|82/100
|-supereffective|p2a: fast
|-damage|p2a: fast|63/100
|-hitcount|p2a: fast|2
|move|p2a: fast|U-turn|p1a: Coalossal
|-resisted|p1a: Coalossal
|-damage|p1a: Coalossal|58/100
|
|t:|1610249243
|switch|p2a: steel switch|Silvally-Poison|88/100|[from]move: U-turn
|-damage|p2a: steel switch|76/100|[from] Spikes
|-damage|p2a: steel switch|63/100|[from] Stealth Rock
|
|-fieldend|move: Trick Room
|upkeep
|turn|11
|
|t:|1610249250
|move|p2a: steel switch|Defog|p1a: Coalossal
|-unboost|p1a: Coalossal|evasion|1
|-sideend|p1: BiggMommacita|Toxic Spikes|[from] move: Defog|[of] p2a: steel switch
|-sideend|p2: Nappa9001|Spikes|[from] move: Defog|[of] p2a: steel switch
|-sideend|p2: Nappa9001|Stealth Rock|[from] move: Defog|[of] p2a: steel switch
|move|p1a: Coalossal|Spikes|p2a: steel switch
|-sidestart|p2: Nappa9001|Spikes
|
|upkeep
|turn|12
|
|t:|1610249257
|move|p2a: steel switch|Parting Shot|p1a: Coalossal
|-unboost|p1a: Coalossal|atk|1
|-unboost|p1a: Coalossal|spa|1
|
|t:|1610249261
|switch|p2a: thicc?|Vaporeon, M|100/100|[from]move: Parting Shot
|-damage|p2a: thicc?|88/100|[from] Spikes
|move|p1a: Coalossal|Stealth Rock|p2a: thicc?
|-sidestart|p2: Nappa9001|move: Stealth Rock
|
|upkeep
|turn|13
|
|t:|1610249265
|switch|p1a: Toxicroak|Toxicroak, F|100/100
|move|p2a: thicc?|Flip Turn|p1a: Toxicroak
|-immune|p1a: Toxicroak|[from] ability: Dry Skin
|
|upkeep
|turn|14
|
|t:|1610249274
|switch|p2a: fast|Accelgor, F|63/100
|move|p1a: Toxicroak|Sludge Wave|p2a: fast
|-damage|p2a: fast|0 fnt
|-damage|p1a: Toxicroak|91/100|[from] item: Life Orb
|faint|p2a: fast
|
|upkeep
|
|t:|1610249285
|switch|p2a: steel switch|Silvally-Poison|63/100
|-damage|p2a: steel switch|51/100|[from] Stealth Rock
|-damage|p2a: steel switch|39/100|[from] Spikes
|turn|15
|
|t:|1610249290
|switch|p1a: Pawniard|Pawniard, M|100/100
|move|p2a: steel switch|Defog|p1a: Pawniard
|-unboost|p1a: Pawniard|evasion|1
|-ability|p1a: Pawniard|Defiant
|-boost|p1a: Pawniard|atk|2
|-sideend|p2: Nappa9001|Spikes|[from] move: Defog|[of] p2a: steel switch
|-sideend|p2: Nappa9001|Stealth Rock|[from] move: Defog|[of] p2a: steel switch
|
|upkeep
|turn|16
|
|t:|1610249302
|move|p2a: steel switch|Parting Shot|p1a: Pawniard
|-unboost|p1a: Pawniard|atk|1
|-ability|p1a: Pawniard|Defiant
|-boost|p1a: Pawniard|atk|2
|-unboost|p1a: Pawniard|spa|1
|-ability|p1a: Pawniard|Defiant
|-boost|p1a: Pawniard|atk|2
|
|t:|1610249313
|switch|p2a: thic2|Claydol|22/100|[from]move: Parting Shot
|move|p1a: Pawniard|Substitute|p1a: Pawniard
|-start|p1a: Pawniard|Substitute
|-damage|p1a: Pawniard|76/100
|
|-heal|p2a: thic2|28/100|[from] item: Leftovers
|upkeep
|turn|17
|
|t:|1610249321
|move|p2a: thic2|Rapid Spin|p1a: Pawniard
|-resisted|p1a: Pawniard
|-activate|p1a: Pawniard|move: Substitute|[damage]
|-boost|p2a: thic2|spe|1
|move|p1a: Pawniard|Knock Off|p2a: thic2
|-supereffective|p2a: thic2
|-damage|p2a: thic2|0 fnt
|-enditem|p2a: thic2|Leftovers|[from] move: Knock Off|[of] p1a: Pawniard
|faint|p2a: thic2
|
|upkeep
|
|t:|1610249333
|switch|p2a: thicc?|Vaporeon, M|88/100
|turn|18
|
|t:|1610249336
|move|p1a: Pawniard|Sucker Punch||[still]
|-fail|p1a: Pawniard
|move|p2a: thicc?|Copycat|p2a: thicc?
|move|p2a: thicc?|Sucker Punch||[from]move: Copycat|[still]
|-fail|p2a: thicc?
|
|upkeep
|turn|19
|
|t:|1610249341
|move|p2a: thicc?|Copycat|p2a: thicc?
|move|p2a: thicc?|Sucker Punch|p1a: Pawniard|[from]move: Copycat
|-resisted|p1a: Pawniard
|-activate|p1a: Pawniard|move: Substitute|[damage]
|move|p1a: Pawniard|Knock Off|p2a: thicc?
|-damage|p2a: thicc?|0 fnt
|-enditem|p2a: thicc?|Choice Scarf|[from] move: Knock Off|[of] p1a: Pawniard
|faint|p2a: thicc?
|
|upkeep
|
|t:|1610249352
|switch|p2a: not so fast|Vikavolt, M|46/100
|turn|20
|
|t:|1610249364
|move|p1a: Pawniard|Sucker Punch|p2a: not so fast
|-crit|p2a: not so fast
|-damage|p2a: not so fast|0 fnt
|faint|p2a: not so fast
|
|upkeep
|
|t:|1610249368
|switch|p2a: no u|Ditto|100/100
|turn|21
|-message|Nappa9001 forfeited.
|
|win|BiggMommacita
|l|☆Nappa9001
