|html|<div class="broadcast-blue"><strong>[Gen 8] PU is currently suspecting Araquanid! For information on how to participate check out the <a href="https://www.smogon.com/forums/threads/np-pu-stage-9-itsy-bitsy-spider.3704256/">suspect thread</a>.</strong></div>
|j|☆acluh1
|j|☆Volt Magnet
|t:|1657147192
|gametype|singles
|player|p1|acluh1|266|1332
|player|p2|Volt Magnet|rei|1167
|teamsize|p1|6
|teamsize|p2|6
|gen|8
|tier|[Gen 8] PU
|rated|
|rule|Sleep Clause Mod: Limit one foe put to sleep
|rule|Species Clause: Limit one of each Pokémon
|rule|OHKO Clause: OHKO moves are banned
|rule|Evasion Moves Clause: Evasion moves are banned
|rule|Endless Battle Clause: Forcing endless battles is banned
|rule|HP Percentage Mod: HP is shown in percentages
|rule|Dynamax Clause: You cannot dynamax
|clearpoke
|poke|p1|Articuno-Galar|
|poke|p1|Eldegoss, F|
|poke|p1|Gigalith, M|
|poke|p1|Guzzlord|
|poke|p1|Jellicent, M|
|poke|p1|Scrafty, M|
|poke|p2|Raichu, M|
|poke|p2|Silvally-*|
|poke|p2|Jellicent, F|
|poke|p2|Gigalith, F|
|poke|p2|Eldegoss, M|
|poke|p2|Togedemaru, F|
|teampreview
|inactive|Battle timer is ON: inactive players will automatically lose when time's up. (requested by acluh1)
|
|t:|1657147212
|start
|switch|p1a: Articuno|Articuno-Galar, shiny|100/100
|switch|p2a: Raichu|Raichu, M|100/100
|turn|1
|
|t:|1657147230
|switch|p1a: Gigalith|Gigalith, M, shiny|100/100
|-weather|Sandstorm|[from] ability: Sand Stream|[of] p1a: Gigalith
|move|p2a: Raichu|Nasty Plot|p2a: Raichu
|-boost|p2a: Raichu|spa|2
|
|-weather|Sandstorm|[upkeep]
|-damage|p2a: Raichu|94/100|[from] Sandstorm
|upkeep
|turn|2
|
|t:|1657147234
|move|p1a: Gigalith|Protect|p1a: Gigalith
|-singleturn|p1a: Gigalith|Protect
|move|p2a: Raichu|Magnet Rise|p2a: Raichu
|-start|p2a: Raichu|Magnet Rise
|
|-weather|Sandstorm|[upkeep]
|-damage|p2a: Raichu|88/100|[from] Sandstorm
|upkeep
|turn|3
|
|t:|1657147241
|move|p2a: Raichu|Surf|p1a: Gigalith
|-supereffective|p1a: Gigalith
|-damage|p1a: Gigalith|54/100
|move|p1a: Gigalith|Rock Blast|p2a: Raichu
|-damage|p2a: Raichu|64/100
|-damage|p2a: Raichu|39/100
|-hitcount|p2a: Raichu|2
|
|-weather|Sandstorm|[upkeep]
|-damage|p2a: Raichu|33/100|[from] Sandstorm
|-heal|p1a: Gigalith|60/100|[from] item: Leftovers
|upkeep
|turn|4
|
|t:|1657147249
|move|p2a: Raichu|Thunderbolt|p1a: Gigalith
|-damage|p1a: Gigalith|14/100
|move|p1a: Gigalith|Rock Blast|p2a: Raichu
|-damage|p2a: Raichu|11/100
|-damage|p2a: Raichu|0 fnt
|faint|p2a: Raichu
|-hitcount|p2: Raichu|2
|
|-weather|Sandstorm|[upkeep]
|-heal|p1a: Gigalith|21/100|[from] item: Leftovers
|upkeep
|
|t:|1657147262
|switch|p2a: Silvally|Silvally-Fairy|100/100
|turn|5
|
|t:|1657147266
|move|p1a: Gigalith|Protect|p1a: Gigalith
|-singleturn|p1a: Gigalith|Protect
|move|p2a: Silvally|Swords Dance|p2a: Silvally
|-boost|p2a: Silvally|atk|2
|
|-weather|none
|-heal|p1a: Gigalith|27/100|[from] item: Leftovers
|upkeep
|turn|6
|
|t:|1657147271
|move|p2a: Silvally|Flame Charge|p1a: Gigalith
|-resisted|p1a: Gigalith
|-crit|p1a: Gigalith
|-damage|p1a: Gigalith|12/100
|-boost|p2a: Silvally|spe|1
|move|p1a: Gigalith|Rock Blast|p2a: Silvally
|-damage|p2a: Silvally|89/100
|-damage|p2a: Silvally|77/100
|-damage|p2a: Silvally|66/100
|-hitcount|p2a: Silvally|3
|
|-heal|p1a: Gigalith|18/100|[from] item: Leftovers
|upkeep
|turn|7
|
|t:|1657147277
|move|p2a: Silvally|Multi-Attack|p1a: Gigalith
|-damage|p1a: Gigalith|0 fnt
|faint|p1a: Gigalith
|
|upkeep
|
|t:|1657147279
|switch|p1a: Jellicent|Jellicent, M|100/100
|turn|8
|
|t:|1657147282
|move|p2a: Silvally|Multi-Attack|p1a: Jellicent
|-damage|p1a: Jellicent|27/100
|-start|p2a: Silvally|Disable|Multi-Attack|[from] ability: Cursed Body|[of] p1a: Jellicent
|move|p1a: Jellicent|Will-O-Wisp|p2a: Silvally|[miss]
|-miss|p1a: Jellicent|p2a: Silvally
|
|upkeep
|turn|9
|
|t:|1657147289
|move|p2a: Silvally|Rock Slide|p1a: Jellicent
|-damage|p1a: Jellicent|0 fnt
|faint|p1a: Jellicent
|
|upkeep
|
|t:|1657147297
|switch|p1a: Guzzlord|Guzzlord|100/100
|turn|10
|
|t:|1657147301
|move|p2a: Silvally|Rock Slide|p1a: Guzzlord
|-crit|p1a: Guzzlord
|-damage|p1a: Guzzlord|41/100
|move|p1a: Guzzlord|Heavy Slam|p2a: Silvally
|-supereffective|p2a: Silvally
|-damage|p2a: Silvally|0 fnt
|faint|p2a: Silvally
|-ability|p1a: Guzzlord|Beast Boost|boost
|-boost|p1a: Guzzlord|atk|1
|
|upkeep
|
|t:|1657147308
|switch|p2a: Togedemaru|Togedemaru, F|100/100
|turn|11
|
|t:|1657147317
|move|p2a: Togedemaru|Iron Head|p1a: Guzzlord
|-damage|p1a: Guzzlord|9/100
|cant|p1a: Guzzlord|flinch
|
|upkeep
|turn|12
|inactive|Volt Magnet has 120 seconds left.
|inactive|Volt Magnet has 90 seconds left.
|
|t:|1657147400
|move|p2a: Togedemaru|Iron Head|p1a: Guzzlord
|-damage|p1a: Guzzlord|0 fnt
|faint|p1a: Guzzlord
|
|upkeep
|
|t:|1657147417
|switch|p1a: Eldegoss|Eldegoss, F, shiny|100/100
|turn|13
|
|t:|1657147424
|move|p2a: Togedemaru|Iron Head|p1a: Eldegoss
|-damage|p1a: Eldegoss|62/100
|move|p1a: Eldegoss|Leech Seed|p2a: Togedemaru
|-start|p2a: Togedemaru|move: Leech Seed
|
|-damage|p2a: Togedemaru|88/100|[from] Leech Seed|[of] p1a: Eldegoss
|-heal|p1a: Eldegoss|72/100|[silent]
|upkeep
|turn|14
|
|t:|1657147430
|switch|p2a: Eldegoss|Eldegoss, M|100/100
|switch|p1a: Scrafty|Scrafty, M|100/100
|
|upkeep
|turn|15
|inactive|Volt Magnet has 90 seconds left.
|
|t:|1657147436
|move|p1a: Scrafty|Dragon Dance|p1a: Scrafty
|-boost|p1a: Scrafty|atk|1
|-boost|p1a: Scrafty|spe|1
|move|p2a: Eldegoss|Sleep Powder|p1a: Scrafty
|-status|p1a: Scrafty|slp|[from] move: Sleep Powder
|-enditem|p1a: Scrafty|Lum Berry|[eat]
|-curestatus|p1a: Scrafty|slp|[msg]
|
|upkeep
|turn|16
|
|t:|1657147441
|move|p1a: Scrafty|Close Combat|p2a: Eldegoss
|-damage|p2a: Eldegoss|46/100
|-unboost|p1a: Scrafty|def|1
|-unboost|p1a: Scrafty|spd|1
|move|p2a: Eldegoss|Sleep Powder|p1a: Scrafty
|-status|p1a: Scrafty|slp|[from] move: Sleep Powder
|
|upkeep
|turn|17
|
|t:|1657147448
|cant|p1a: Scrafty|slp
|move|p2a: Eldegoss|Giga Drain|p1a: Scrafty
|-damage|p1a: Scrafty|65/100 slp
|-heal|p2a: Eldegoss|61/100|[from] drain|[of] p1a: Scrafty
|
|upkeep
|turn|18
|
|t:|1657147455
|cant|p1a: Scrafty|slp
|move|p2a: Eldegoss|Giga Drain|p1a: Scrafty
|-damage|p1a: Scrafty|30/100 slp
|-heal|p2a: Eldegoss|75/100|[from] drain|[of] p1a: Scrafty
|
|upkeep
|turn|19
|
|t:|1657147463
|-curestatus|p1a: Scrafty|slp|[msg]
|move|p1a: Scrafty|Close Combat|p2a: Eldegoss
|-damage|p2a: Eldegoss|14/100
|-unboost|p1a: Scrafty|def|1
|-unboost|p1a: Scrafty|spd|1
|move|p2a: Eldegoss|Giga Drain|p1a: Scrafty
|-damage|p1a: Scrafty|0 fnt
|-heal|p2a: Eldegoss|26/100|[from] drain|[of] p1a: Scrafty
|faint|p1a: Scrafty
|
|upkeep
|
|t:|1657147468
|switch|p1a: Articuno|Articuno-Galar, shiny|100/100
|turn|20
|
|t:|1657147474
|switch|p2a: Togedemaru|Togedemaru, F|88/100
|move|p1a: Articuno|Shadow Ball|p2a: Togedemaru
|-damage|p2a: Togedemaru|26/100
|-unboost|p2a: Togedemaru|spd|1
|
|upkeep
|turn|21
|
|t:|1657147480
|switch|p1a: Eldegoss|Eldegoss, F, shiny|100/100
|move|p2a: Togedemaru|Zing Zap|p1a: Eldegoss
|-resisted|p1a: Eldegoss
|-damage|p1a: Eldegoss|80/100
|
|upkeep
|turn|22
|
|t:|1657147489
|switch|p2a: Eldegoss|Eldegoss, M|60/100
|switch|p1a: Articuno|Articuno-Galar, shiny|100/100
|
|upkeep
|turn|23
|
|t:|1657147496
|move|p1a: Articuno|Freezing Glare|p2a: Eldegoss
|-damage|p2a: Eldegoss|0 fnt
|faint|p2a: Eldegoss
|
|upkeep
|
|t:|1657147500
|switch|p2a: Togedemaru|Togedemaru, F|26/100
|turn|24
|
|t:|1657147504
|switch|p1a: Eldegoss|Eldegoss, F, shiny|100/100
|move|p2a: Togedemaru|Zing Zap|p1a: Eldegoss
|-resisted|p1a: Eldegoss
|-damage|p1a: Eldegoss|80/100
|
|upkeep
|turn|25
|
|t:|1657147511
|switch|p2a: Gigalith|Gigalith, F|100/100
|-weather|Sandstorm|[from] ability: Sand Stream|[of] p2a: Gigalith
|move|p1a: Eldegoss|Giga Drain|p2a: Gigalith
|-supereffective|p2a: Gigalith
|-damage|p2a: Gigalith|78/100
|-heal|p1a: Eldegoss|93/100|[from] drain|[of] p2a: Gigalith
|
|-weather|Sandstorm|[upkeep]
|-damage|p1a: Eldegoss|87/100|[from] Sandstorm
|-heal|p2a: Gigalith|84/100|[from] item: Leftovers
|upkeep
|turn|26
|
|t:|1657147516
|switch|p2a: Jellicent|Jellicent, F|100/100
|move|p1a: Eldegoss|Leech Seed|p2a: Jellicent
|-start|p2a: Jellicent|move: Leech Seed
|
|-weather|Sandstorm|[upkeep]
|-damage|p2a: Jellicent|94/100|[from] Sandstorm
|-damage|p1a: Eldegoss|81/100|[from] Sandstorm
|-damage|p2a: Jellicent|82/100|[from] Leech Seed|[of] p1a: Eldegoss
|-heal|p1a: Eldegoss|96/100|[silent]
|upkeep
|turn|27
|
|t:|1657147522
|move|p2a: Jellicent|Toxic|p1a: Eldegoss
|-status|p1a: Eldegoss|tox
|move|p1a: Eldegoss|Giga Drain|p2a: Jellicent
|-supereffective|p2a: Jellicent
|-damage|p2a: Jellicent|48/100
|-heal|p1a: Eldegoss|100/100 tox|[from] drain|[of] p2a: Jellicent
|
|-weather|Sandstorm|[upkeep]
|-damage|p2a: Jellicent|41/100|[from] Sandstorm
|-damage|p1a: Eldegoss|94/100 tox|[from] Sandstorm
|-damage|p2a: Jellicent|29/100|[from] Leech Seed|[of] p1a: Eldegoss
|-heal|p1a: Eldegoss|100/100 tox|[silent]
|-damage|p1a: Eldegoss|94/100 tox|[from] psn
|upkeep
|turn|28
|
|t:|1657147530
|move|p2a: Jellicent|Recover|p2a: Jellicent
|-heal|p2a: Jellicent|79/100
|move|p1a: Eldegoss|Aromatherapy|p1a: Eldegoss
|-activate|p1a: Eldegoss|move: Aromatherapy
|-curestatus|p1a: Eldegoss|tox|[msg]
|
|-weather|Sandstorm|[upkeep]
|-damage|p2a: Jellicent|73/100|[from] Sandstorm
|-damage|p1a: Eldegoss|88/100|[from] Sandstorm
|-damage|p2a: Jellicent|61/100|[from] Leech Seed|[of] p1a: Eldegoss
|-heal|p1a: Eldegoss|100/100|[silent]
|upkeep
|turn|29
|
|t:|1657147536
|switch|p1a: Articuno|Articuno-Galar, shiny|100/100
|move|p2a: Jellicent|Toxic|p1a: Articuno
|-status|p1a: Articuno|tox
|
|-weather|none
|-damage|p2a: Jellicent|48/100|[from] Leech Seed|[of] p1a: Articuno
|-damage|p1a: Articuno|94/100 tox|[from] psn
|upkeep
|turn|30
|
|t:|1657147540
|move|p1a: Articuno|Shadow Ball|p2a: Jellicent
|-supereffective|p2a: Jellicent
|-crit|p2a: Jellicent
|-damage|p2a: Jellicent|0 fnt
|faint|p2a: Jellicent
|
|-damage|p1a: Articuno|82/100 tox|[from] psn
|upkeep
|
|t:|1657147545
|switch|p2a: Togedemaru|Togedemaru, F|26/100
|turn|31
|
|t:|1657147547
|switch|p1a: Eldegoss|Eldegoss, F, shiny|100/100
|move|p2a: Togedemaru|U-turn|p1a: Eldegoss
|-supereffective|p1a: Eldegoss
|-damage|p1a: Eldegoss|52/100
|
|t:|1657147549
|switch|p2a: Gigalith|Gigalith, F|84/100|[from]move: U-turn
|-weather|Sandstorm|[from] ability: Sand Stream|[of] p2a: Gigalith
|
|-weather|Sandstorm|[upkeep]
|-damage|p1a: Eldegoss|46/100|[from] Sandstorm
|-heal|p2a: Gigalith|90/100|[from] item: Leftovers
|upkeep
|turn|32
|
|t:|1657147557
|move|p1a: Eldegoss|Leech Seed|p2a: Gigalith
|-start|p2a: Gigalith|move: Leech Seed
|move|p2a: Gigalith|Rock Blast|p1a: Eldegoss
|-damage|p1a: Eldegoss|34/100
|-damage|p1a: Eldegoss|21/100
|-damage|p1a: Eldegoss|7/100
|-hitcount|p1a: Eldegoss|3
|
|-weather|Sandstorm|[upkeep]
|-damage|p1a: Eldegoss|1/100|[from] Sandstorm
|-heal|p2a: Gigalith|96/100|[from] item: Leftovers
|-damage|p2a: Gigalith|84/100|[from] Leech Seed|[of] p1a: Eldegoss
|-heal|p1a: Eldegoss|15/100|[silent]
|upkeep
|turn|33
|
|t:|1657147568
|move|p1a: Eldegoss|Aromatherapy|p1a: Eldegoss
|-activate|p1a: Eldegoss|move: Aromatherapy
|-curestatus|p1: Articuno|tox|[msg]
|move|p2a: Gigalith|Rock Blast|p1a: Eldegoss|[miss]
|-miss|p2a: Gigalith|p1a: Eldegoss
|
|-weather|Sandstorm|[upkeep]
|-damage|p1a: Eldegoss|9/100|[from] Sandstorm
|-heal|p2a: Gigalith|90/100|[from] item: Leftovers
|-damage|p2a: Gigalith|78/100|[from] Leech Seed|[of] p1a: Eldegoss
|-heal|p1a: Eldegoss|23/100|[silent]
|upkeep
|turn|34
|
|t:|1657147571
|move|p1a: Eldegoss|Giga Drain|p2a: Gigalith
|-supereffective|p2a: Gigalith
|-damage|p2a: Gigalith|54/100
|-heal|p1a: Eldegoss|37/100|[from] drain|[of] p2a: Gigalith
|move|p2a: Gigalith|Rock Blast|p1a: Eldegoss
|-damage|p1a: Eldegoss|23/100
|-damage|p1a: Eldegoss|9/100
|-hitcount|p1a: Eldegoss|2
|
|-weather|Sandstorm|[upkeep]
|-damage|p1a: Eldegoss|3/100|[from] Sandstorm
|-heal|p2a: Gigalith|60/100|[from] item: Leftovers
|-damage|p2a: Gigalith|48/100|[from] Leech Seed|[of] p1a: Eldegoss
|-heal|p1a: Eldegoss|17/100|[silent]
|upkeep
|turn|35
|
|t:|1657147577
|move|p1a: Eldegoss|Giga Drain|p2a: Gigalith
|-supereffective|p2a: Gigalith
|-damage|p2a: Gigalith|27/100
|-heal|p1a: Eldegoss|29/100|[from] drain|[of] p2a: Gigalith
|move|p2a: Gigalith|Rock Blast|p1a: Eldegoss
|-damage|p1a: Eldegoss|16/100
|-damage|p1a: Eldegoss|3/100
|-hitcount|p1a: Eldegoss|2
|
|-weather|none
|-heal|p2a: Gigalith|33/100|[from] item: Leftovers
|-damage|p2a: Gigalith|21/100|[from] Leech Seed|[of] p1a: Eldegoss
|-heal|p1a: Eldegoss|17/100|[silent]
|upkeep
|turn|36
|
|t:|1657147586
|move|p1a: Eldegoss|Giga Drain|p2a: Gigalith
|-supereffective|p2a: Gigalith
|-damage|p2a: Gigalith|0 fnt
|-heal|p1a: Eldegoss|29/100|[from] drain|[of] p2a: Gigalith
|faint|p2a: Gigalith
|
|upkeep
|
|t:|1657147588
|switch|p2a: Togedemaru|Togedemaru, F|26/100
|turn|37
|
|t:|1657147599
|move|p2a: Togedemaru|Zing Zap|p1a: Eldegoss
|-resisted|p1a: Eldegoss
|-damage|p1a: Eldegoss|9/100
|move|p1a: Eldegoss|Leech Seed|p2a: Togedemaru
|-start|p2a: Togedemaru|move: Leech Seed
|
|-damage|p2a: Togedemaru|14/100|[from] Leech Seed|[of] p1a: Eldegoss
|-heal|p1a: Eldegoss|19/100|[silent]
|upkeep
|turn|38
|
|t:|1657147603
|move|p2a: Togedemaru|Zing Zap|p1a: Eldegoss
|-resisted|p1a: Eldegoss
|-damage|p1a: Eldegoss|0 fnt
|faint|p1a: Eldegoss
|
|upkeep
|
|t:|1657147605
|switch|p1a: Articuno|Articuno-Galar, shiny|82/100
|turn|39
|
|t:|1657147608
|move|p2a: Togedemaru|Zing Zap|p1a: Articuno
|-supereffective|p1a: Articuno
|-crit|p1a: Articuno
|-damage|p1a: Articuno|0 fnt
|faint|p1a: Articuno
|
|win|Volt Magnet
|raw|acluh1's rating: 1332 &rarr; <strong>1303</strong><br />(-29 for losing)
|raw|Volt Magnet's rating: 1167 &rarr; <strong>1203</strong><br />(+36 for winning)
|c|☆acluh1|No way
||Ladder isn't responding, score probably updated but might not have (Request timeout).
