|j|☆Linus374
|j|☆ayo bb
|t:|1626004342
|gametype|singles
|player|p1|Linus374|janitor|1484
|player|p2|ayo bb|clown|1641
|teamsize|p1|6
|teamsize|p2|6
|gen|8
|tier|[Gen 8] PU
|rated|
|rule|Sleep Clause Mod: Limit one foe put to sleep
|rule|Species Clause: Limit one of each Pokémon
|rule|OHKO Clause: OHKO moves are banned
|rule|Evasion Moves Clause: Evasion moves are banned
|rule|Endless Battle Clause: Forcing endless battles is banned
|rule|HP Percentage Mod: HP is shown in percentages
|rule|Dynamax Clause: You cannot dynamax
|clearpoke
|poke|p1|Articuno-Galar|
|poke|p1|Tsareena, F|
|poke|p1|Rotom|
|poke|p1|Scrafty, F|
|poke|p1|Regirock|
|poke|p1|Weezing, F|
|poke|p2|Gourgeist-*, F|
|poke|p2|Lunatone|
|poke|p2|Rotom-Frost|
|poke|p2|Poliwrath, F|
|poke|p2|Stunfisk-Galar, M|
|poke|p2|Skuntank, F|
|teampreview
|c|☆Linus374|gl hf
|c|☆ayo bb|u 2
|
|t:|1626004409
|start
|switch|p1a: Articuno|Articuno-Galar|100/100
|switch|p2a: Gourgeist|Gourgeist-Super, F|100/100
|-item|p1a: Articuno|Heavy-Duty Boots|[from] ability: Frisk|[of] p2a: Gourgeist|[identify]
|turn|1
|
|t:|1626004416
|switch|p2a: Stunfisk|Stunfisk-Galar, M|100/100
|move|p1a: Articuno|Hurricane|p2a: Stunfisk|[miss]
|-miss|p1a: Articuno|p2a: Stunfisk
|
|upkeep
|turn|2
|
|t:|1626004434
|move|p1a: Articuno|Future Sight|p2a: Stunfisk
|-start|p1a: Articuno|move: Future Sight
|move|p2a: Stunfisk|Stealth Rock|p1a: Articuno
|-sidestart|p1: Linus374|move: Stealth Rock
|
|upkeep
|turn|3
|
|t:|1626004437
|move|p1a: Articuno|U-turn|p2a: Stunfisk
|-resisted|p2a: Stunfisk
|-damage|p2a: Stunfisk|95/100
|
|t:|1626004439
|switch|p1a: Tsareena|Tsareena, F|100/100|[from]move: U-turn
|move|p2a: Stunfisk|Yawn|p1a: Tsareena
|-start|p1a: Tsareena|move: Yawn|[of] p2a: Stunfisk
|
|-heal|p2a: Stunfisk|100/100|[from] item: Leftovers
|upkeep
|turn|4
|
|t:|1626004444
|switch|p1a: Scrafty|Scrafty, F|100/100
|-damage|p1a: Scrafty|95/100|[from] Stealth Rock
|move|p2a: Stunfisk|Snap Trap|p1a: Scrafty
|-damage|p1a: Scrafty|89/100
|-activate|p1a: Scrafty|move: Snap Trap|[of] p2a: Stunfisk
|
|-end|p2a: Stunfisk|move: Future Sight
|-resisted|p2a: Stunfisk
|-damage|p2a: Stunfisk|80/100
|-heal|p1a: Scrafty|95/100|[from] item: Leftovers
|-heal|p2a: Stunfisk|87/100|[from] item: Leftovers
|-damage|p1a: Scrafty|82/100|[from] move: Snap Trap|[partiallytrapped]
|upkeep
|turn|5
|
|t:|1626004452
|switch|p2a: Poliwrath|Poliwrath, F|100/100
|move|p1a: Scrafty|Bulk Up|p1a: Scrafty
|-boost|p1a: Scrafty|atk|1
|-boost|p1a: Scrafty|def|1
|
|-heal|p1a: Scrafty|88/100|[from] item: Leftovers
|-end|p1a: Scrafty|Snap Trap|[partiallytrapped]|[silent]
|upkeep
|turn|6
|
|t:|1626004468
|switch|p1a: Weezing|Weezing, F|100/100
|-damage|p1a: Weezing|88/100|[from] Stealth Rock
|move|p2a: Poliwrath|Circle Throw|p1a: Weezing
|-resisted|p1a: Weezing
|-damage|p1a: Weezing|82/100
|drag|p1a: Rotom|Rotom|100/100
|-damage|p1a: Rotom|88/100|[from] Stealth Rock
|
|upkeep
|turn|7
|
|t:|1626004475
|switch|p2a: Rotom|Rotom-Frost|100/100
|move|p1a: Rotom|Shadow Ball|p2a: Rotom
|-damage|p2a: Rotom|57/100
|
|upkeep
|turn|8
|
|t:|1626004485
|switch|p1a: Regirock|Regirock|100/100
|-damage|p1a: Regirock|88/100|[from] Stealth Rock
|move|p2a: Rotom|Volt Switch|p1a: Regirock
|-damage|p1a: Regirock|64/100
|
|t:|1626004490
|switch|p2a: Lunatone|Lunatone|100/100|[from]move: Volt Switch
|
|-heal|p1a: Regirock|70/100|[from] item: Leftovers
|upkeep
|turn|9
|
|t:|1626004494
|move|p2a: Lunatone|Earth Power|p1a: Regirock
|-supereffective|p1a: Regirock
|-damage|p1a: Regirock|25/100
|move|p1a: Regirock|Toxic|p2a: Lunatone
|-status|p2a: Lunatone|tox
|
|-heal|p1a: Regirock|31/100|[from] item: Leftovers
|-damage|p2a: Lunatone|94/100 tox|[from] psn
|upkeep
|turn|10
|
|t:|1626004503
|move|p2a: Lunatone|Future Sight|p1a: Regirock
|-start|p2a: Lunatone|move: Future Sight
|move|p1a: Regirock|Stealth Rock|p2a: Lunatone
|-sidestart|p2: ayo bb|move: Stealth Rock
|
|-heal|p2a: Lunatone|100/100 tox|[from] item: Leftovers
|-heal|p1a: Regirock|37/100|[from] item: Leftovers
|-damage|p2a: Lunatone|88/100 tox|[from] psn
|upkeep
|turn|11
|
|t:|1626004507
|switch|p1a: Rotom|Rotom|88/100
|-damage|p1a: Rotom|76/100|[from] Stealth Rock
|move|p2a: Lunatone|Earth Power|p1a: Rotom
|-immune|p1a: Rotom|[from] ability: Levitate
|
|-heal|p2a: Lunatone|94/100 tox|[from] item: Leftovers
|-damage|p2a: Lunatone|75/100 tox|[from] psn
|upkeep
|turn|12
|
|t:|1626004513
|switch|p2a: Stunfisk|Stunfisk-Galar, M|87/100
|-damage|p2a: Stunfisk|83/100|[from] Stealth Rock
|move|p1a: Rotom|Volt Switch|p2a: Stunfisk
|-immune|p2a: Stunfisk
|
|-end|p1a: Rotom|move: Future Sight
|-damage|p1a: Rotom|0 fnt
|faint|p1a: Rotom
|-heal|p2a: Stunfisk|90/100|[from] item: Leftovers
|upkeep
|
|t:|1626004525
|switch|p1a: Tsareena|Tsareena, F|100/100
|turn|13
|
|t:|1626004528
|move|p1a: Tsareena|Rapid Spin|p2a: Stunfisk
|-resisted|p2a: Stunfisk
|-damage|p2a: Stunfisk|82/100
|-boost|p1a: Tsareena|spe|1
|-sideend|p1: Linus374|Stealth Rock|[from] move: Rapid Spin|[of] p1a: Tsareena
|move|p2a: Stunfisk|Yawn|p1a: Tsareena
|-start|p1a: Tsareena|move: Yawn|[of] p2a: Stunfisk
|
|-heal|p2a: Stunfisk|88/100|[from] item: Leftovers
|upkeep
|turn|14
|
|t:|1626004531
|switch|p1a: Scrafty|Scrafty, F|88/100
|move|p2a: Stunfisk|Stealth Rock|p1a: Scrafty
|-sidestart|p1: Linus374|move: Stealth Rock
|
|-heal|p1a: Scrafty|94/100|[from] item: Leftovers
|-heal|p2a: Stunfisk|94/100|[from] item: Leftovers
|upkeep
|turn|15
|
|t:|1626004535
|switch|p2a: Poliwrath|Poliwrath, F|100/100
|-damage|p2a: Poliwrath|94/100|[from] Stealth Rock
|move|p1a: Scrafty|Drain Punch|p2a: Poliwrath
|-damage|p2a: Poliwrath|79/100
|-heal|p1a: Scrafty|100/100|[from] drain|[of] p2a: Poliwrath
|
|-heal|p2a: Poliwrath|85/100|[from] item: Leftovers
|upkeep
|turn|16
|
|t:|1626004544
|switch|p1a: Weezing|Weezing, F|82/100
|-damage|p1a: Weezing|70/100|[from] Stealth Rock
|move|p2a: Poliwrath|Circle Throw|p1a: Weezing
|-resisted|p1a: Weezing
|-damage|p1a: Weezing|63/100
|drag|p1a: Tsareena|Tsareena, F|100/100
|
|-heal|p2a: Poliwrath|91/100|[from] item: Leftovers
|upkeep
|turn|17
|
|t:|1626004550
|switch|p2a: Skuntank|Skuntank, F|100/100
|-damage|p2a: Skuntank|88/100|[from] Stealth Rock
|move|p1a: Tsareena|Knock Off|p2a: Skuntank
|-resisted|p2a: Skuntank
|-damage|p2a: Skuntank|64/100
|-enditem|p2a: Skuntank|Leftovers|[from] move: Knock Off|[of] p1a: Tsareena
|
|upkeep
|turn|18
|
|t:|1626004557
|move|p2a: Skuntank|Nasty Plot|p2a: Skuntank
|-boost|p2a: Skuntank|spa|2
|move|p1a: Tsareena|Rapid Spin|p2a: Skuntank
|-damage|p2a: Skuntank|39/100
|-boost|p1a: Tsareena|spe|1
|-sideend|p1: Linus374|Stealth Rock|[from] move: Rapid Spin|[of] p1a: Tsareena
|
|upkeep
|turn|19
|
|t:|1626004560
|move|p1a: Tsareena|Power Whip|p2a: Skuntank
|-resisted|p2a: Skuntank
|-damage|p2a: Skuntank|0 fnt
|-damage|p1a: Tsareena|76/100|[from] ability: Aftermath|[of] p2a: Skuntank
|faint|p2a: Skuntank
|
|upkeep
|
|t:|1626004564
|switch|p2a: Gourgeist|Gourgeist-Super, F|100/100
|-damage|p2a: Gourgeist|88/100|[from] Stealth Rock
|-item|p1a: Tsareena|Heavy-Duty Boots|[from] ability: Frisk|[of] p2a: Gourgeist|[identify]
|turn|20
|
|t:|1626004566
|move|p1a: Tsareena|Knock Off|p2a: Gourgeist
|-supereffective|p2a: Gourgeist
|-damage|p2a: Gourgeist|54/100
|move|p2a: Gourgeist|Poltergeist|p1a: Tsareena
|-activate|p1a: Tsareena|move: Poltergeist|Heavy-Duty Boots
|-damage|p1a: Tsareena|15/100
|
|upkeep
|turn|21
|
|t:|1626004579
|switch|p1a: Weezing|Weezing, F|63/100
|move|p2a: Gourgeist|Synthesis|p2a: Gourgeist
|-heal|p2a: Gourgeist|100/100
|
|-heal|p1a: Weezing|69/100|[from] item: Black Sludge
|upkeep
|turn|22
|
|t:|1626004584
|switch|p2a: Rotom|Rotom-Frost|57/100
|move|p1a: Weezing|Toxic Spikes|p2a: Rotom
|-sidestart|p2: ayo bb|move: Toxic Spikes
|
|-heal|p1a: Weezing|75/100|[from] item: Black Sludge
|upkeep
|turn|23
|
|t:|1626004590
|move|p2a: Rotom|Defog|p1a: Weezing
|-unboost|p1a: Weezing|evasion|1
|-sideend|p2: ayo bb|Toxic Spikes|[from] move: Defog|[of] p2a: Rotom
|-sideend|p2: ayo bb|Stealth Rock|[from] move: Defog|[of] p2a: Rotom
|move|p1a: Weezing|Sludge Bomb|p2a: Rotom
|-damage|p2a: Rotom|22/100
|
|-heal|p1a: Weezing|81/100|[from] item: Black Sludge
|upkeep
|turn|24
|
|t:|1626004594
|move|p2a: Rotom|Pain Split|p1a: Weezing
|-sethp|p1a: Weezing|49/100|[from] move: Pain Split|[silent]
|-sethp|p2a: Rotom|67/100|[from] move: Pain Split
|move|p1a: Weezing|Toxic Spikes|p2a: Rotom
|-sidestart|p2: ayo bb|move: Toxic Spikes
|
|-heal|p1a: Weezing|55/100|[from] item: Black Sludge
|upkeep
|turn|25
|
|t:|1626004599
|move|p2a: Rotom|Blizzard|p1a: Weezing
|-damage|p1a: Weezing|0 fnt
|faint|p1a: Weezing
|
|upkeep
|
|t:|1626004608
|switch|p1a: Scrafty|Scrafty, F|100/100
|turn|26
|
|t:|1626004612
|move|p2a: Rotom|Volt Switch|p1a: Scrafty
|-damage|p1a: Scrafty|80/100
|
|t:|1626004614
|switch|p2a: Poliwrath|Poliwrath, F|91/100|[from]move: Volt Switch
|-status|p2a: Poliwrath|psn
|move|p1a: Scrafty|Bulk Up|p1a: Scrafty
|-boost|p1a: Scrafty|atk|1
|-boost|p1a: Scrafty|def|1
|
|-heal|p2a: Poliwrath|97/100 psn|[from] item: Leftovers
|-heal|p1a: Scrafty|86/100|[from] item: Leftovers
|-damage|p2a: Poliwrath|85/100 psn|[from] psn
|upkeep
|turn|27
|
|t:|1626004617
|move|p1a: Scrafty|Drain Punch|p2a: Poliwrath
|-damage|p2a: Poliwrath|60/100 psn
|-heal|p1a: Scrafty|99/100|[from] drain|[of] p2a: Poliwrath
|move|p2a: Poliwrath|Circle Throw|p1a: Scrafty
|-supereffective|p1a: Scrafty
|-damage|p1a: Scrafty|73/100
|drag|p1a: Tsareena|Tsareena, F|15/100
|
|-heal|p2a: Poliwrath|66/100 psn|[from] item: Leftovers
|-damage|p2a: Poliwrath|53/100 psn|[from] psn
|upkeep
|turn|28
|
|t:|1626004625
|switch|p2a: Lunatone|Lunatone|75/100 tox
|move|p1a: Tsareena|Power Whip|p2a: Lunatone|[miss]
|-miss|p1a: Tsareena|p2a: Lunatone
|
|-heal|p2a: Lunatone|82/100 tox|[from] item: Leftovers
|-damage|p2a: Lunatone|75/100 tox|[from] psn
|upkeep
|turn|29
|
|t:|1626004636
|switch|p1a: Scrafty|Scrafty, F|73/100
|move|p2a: Lunatone|Power Gem|p1a: Scrafty
|-resisted|p1a: Scrafty
|-damage|p1a: Scrafty|61/100
|
|-heal|p2a: Lunatone|82/100 tox|[from] item: Leftovers
|-heal|p1a: Scrafty|67/100|[from] item: Leftovers
|-damage|p2a: Lunatone|69/100 tox|[from] psn
|upkeep
|turn|30
|
|t:|1626004643
|switch|p2a: Poliwrath|Poliwrath, F|53/100 psn
|move|p1a: Scrafty|Knock Off|p2a: Poliwrath
|-resisted|p2a: Poliwrath
|-damage|p2a: Poliwrath|43/100 psn
|-enditem|p2a: Poliwrath|Leftovers|[from] move: Knock Off|[of] p1a: Scrafty
|
|-heal|p1a: Scrafty|73/100|[from] item: Leftovers
|-damage|p2a: Poliwrath|31/100 psn|[from] psn
|upkeep
|turn|31
|
|t:|1626004649
|move|p2a: Poliwrath|Rest|p2a: Poliwrath
|-status|p2a: Poliwrath|slp|[from] move: Rest
|-heal|p2a: Poliwrath|100/100 slp|[silent]
|move|p1a: Scrafty|Drain Punch|p2a: Poliwrath
|-damage|p2a: Poliwrath|84/100 slp
|-heal|p1a: Scrafty|82/100|[from] drain|[of] p2a: Poliwrath
|
|-heal|p1a: Scrafty|88/100|[from] item: Leftovers
|upkeep
|turn|32
|
|t:|1626004653
|switch|p1a: Articuno|Articuno-Galar|100/100
|cant|p2a: Poliwrath|slp
|move|p2a: Poliwrath|Sleep Talk|p2a: Poliwrath
|move|p2a: Poliwrath|Circle Throw|p1a: Articuno|[from]move: Sleep Talk
|-resisted|p1a: Articuno
|-damage|p1a: Articuno|94/100
|drag|p1a: Scrafty|Scrafty, F|88/100
|
|-heal|p1a: Scrafty|94/100|[from] item: Leftovers
|upkeep
|turn|33
|
|t:|1626004657
|cant|p2a: Poliwrath|slp
|move|p2a: Poliwrath|Sleep Talk|p2a: Poliwrath
|move|p2a: Poliwrath|Circle Throw|p1a: Scrafty|[from]move: Sleep Talk
|-supereffective|p1a: Scrafty
|-damage|p1a: Scrafty|55/100
|drag|p1a: Tsareena|Tsareena, F|15/100
|
|upkeep
|turn|34
|
|t:|1626004663
|switch|p2a: Lunatone|Lunatone|69/100 tox
|move|p1a: Tsareena|Power Whip|p2a: Lunatone
|-supereffective|p2a: Lunatone
|-damage|p2a: Lunatone|0 fnt
|faint|p2a: Lunatone
|
|upkeep
|
|t:|1626004665
|switch|p2a: Rotom|Rotom-Frost|67/100
|turn|35
|
|t:|1626004669
|switch|p1a: Regirock|Regirock|37/100
|move|p2a: Rotom|Defog|p1a: Regirock
|-fail|p1a: Regirock|unboost|[from] ability: Clear Body|[of] p1a: Regirock
|-sideend|p2: ayo bb|Toxic Spikes|[from] move: Defog|[of] p2a: Rotom
|
|-heal|p1a: Regirock|43/100|[from] item: Leftovers
|upkeep
|turn|36
|
|t:|1626004680
|move|p2a: Rotom|Volt Switch|p1a: Regirock
|-damage|p1a: Regirock|19/100
|
|t:|1626004682
|switch|p2a: Gourgeist|Gourgeist-Super, F|100/100|[from]move: Volt Switch
|-item|p1a: Regirock|Leftovers|[from] ability: Frisk|[of] p2a: Gourgeist|[identify]
|move|p1a: Regirock|Toxic|p2a: Gourgeist
|-status|p2a: Gourgeist|tox
|
|-heal|p1a: Regirock|25/100|[from] item: Leftovers
|-damage|p2a: Gourgeist|94/100 tox|[from] psn
|upkeep
|turn|37
|
|t:|1626004688
|move|p2a: Gourgeist|Power Whip|p1a: Regirock
|-supereffective|p1a: Regirock
|-damage|p1a: Regirock|0 fnt
|faint|p1a: Regirock
|
|-damage|p2a: Gourgeist|82/100 tox|[from] psn
|upkeep
|
|t:|1626004697
|switch|p1a: Articuno|Articuno-Galar|94/100
|turn|38
|
|t:|1626004701
|switch|p2a: Stunfisk|Stunfisk-Galar, M|94/100
|move|p1a: Articuno|Hurricane|p2a: Stunfisk
|-resisted|p2a: Stunfisk
|-damage|p2a: Stunfisk|75/100
|
|-heal|p2a: Stunfisk|81/100|[from] item: Leftovers
|upkeep
|turn|39
|
|t:|1626004707
|move|p1a: Articuno|Future Sight|p2a: Stunfisk
|-start|p1a: Articuno|move: Future Sight
|move|p2a: Stunfisk|Stealth Rock|p1a: Articuno
|-sidestart|p1: Linus374|move: Stealth Rock
|
|-heal|p2a: Stunfisk|87/100|[from] item: Leftovers
|upkeep
|turn|40
|
|t:|1626004720
|move|p1a: Articuno|U-turn|p2a: Stunfisk
|-resisted|p2a: Stunfisk
|-damage|p2a: Stunfisk|82/100
|
|t:|1626004723
|switch|p1a: Scrafty|Scrafty, F|55/100|[from]move: U-turn
|-damage|p1a: Scrafty|49/100|[from] Stealth Rock
|move|p2a: Stunfisk|Snap Trap|p1a: Scrafty
|-damage|p1a: Scrafty|43/100
|-activate|p1a: Scrafty|move: Snap Trap|[of] p2a: Stunfisk
|
|-heal|p1a: Scrafty|49/100|[from] item: Leftovers
|-heal|p2a: Stunfisk|88/100|[from] item: Leftovers
|-damage|p1a: Scrafty|36/100|[from] move: Snap Trap|[partiallytrapped]
|upkeep
|turn|41
|
|t:|1626004728
|move|p1a: Scrafty|Drain Punch|p2a: Stunfisk
|-supereffective|p2a: Stunfisk
|-damage|p2a: Stunfisk|50/100
|-heal|p1a: Scrafty|61/100|[from] drain|[of] p2a: Stunfisk
|move|p2a: Stunfisk|Earthquake|p1a: Scrafty
|-damage|p1a: Scrafty|36/100
|
|-end|p2a: Stunfisk|move: Future Sight
|-resisted|p2a: Stunfisk
|-damage|p2a: Stunfisk|31/100
|-heal|p1a: Scrafty|42/100|[from] item: Leftovers
|-heal|p2a: Stunfisk|37/100|[from] item: Leftovers
|-damage|p1a: Scrafty|30/100|[from] move: Snap Trap|[partiallytrapped]
|upkeep
|turn|42
|
|t:|1626004743
|switch|p2a: Gourgeist|Gourgeist-Super, F|82/100 tox
|-item|p1a: Scrafty|Leftovers|[from] ability: Frisk|[of] p2a: Gourgeist|[identify]
|move|p1a: Scrafty|Drain Punch|p2a: Gourgeist
|-immune|p2a: Gourgeist
|
|-heal|p1a: Scrafty|36/100|[from] item: Leftovers
|-damage|p2a: Gourgeist|76/100 tox|[from] psn
|-end|p1a: Scrafty|Snap Trap|[partiallytrapped]|[silent]
|upkeep
|turn|43
|
|t:|1626004747
|move|p2a: Gourgeist|Power Whip|p1a: Scrafty
|-damage|p1a: Scrafty|0 fnt
|faint|p1a: Scrafty
|
|-damage|p2a: Gourgeist|64/100 tox|[from] psn
|upkeep
|
|t:|1626004751
|switch|p1a: Articuno|Articuno-Galar|94/100
|turn|44
|
|t:|1626004764
|switch|p2a: Poliwrath|Poliwrath, F|84/100 slp
|move|p1a: Articuno|Hurricane|p2a: Poliwrath|[miss]
|-miss|p1a: Articuno|p2a: Poliwrath
|
|upkeep
|turn|45
|
|t:|1626004768
|move|p1a: Articuno|Future Sight|p2a: Poliwrath
|-start|p1a: Articuno|move: Future Sight
|-curestatus|p2a: Poliwrath|slp|[msg]
|move|p2a: Poliwrath|Scald|p1a: Articuno
|-damage|p1a: Articuno|75/100
|
|upkeep
|turn|46
|
|t:|1626004777
|move|p1a: Articuno|Hurricane|p2a: Poliwrath
|-supereffective|p2a: Poliwrath
|-damage|p2a: Poliwrath|0 fnt
|faint|p2a: Poliwrath
|
|upkeep
|
|t:|1626004784
|switch|p2a: Rotom|Rotom-Frost|67/100
|turn|47
|
|t:|1626004793
|move|p1a: Articuno|Recover|p1a: Articuno
|-heal|p1a: Articuno|100/100
|move|p2a: Rotom|Volt Switch|p1a: Articuno
|-supereffective|p1a: Articuno
|-damage|p1a: Articuno|35/100
|
|t:|1626004798
|switch|p2a: Stunfisk|Stunfisk-Galar, M|37/100|[from]move: Volt Switch
|
|-end|p2a: Stunfisk|move: Future Sight
|-resisted|p2a: Stunfisk
|-damage|p2a: Stunfisk|17/100
|-heal|p2a: Stunfisk|23/100|[from] item: Leftovers
|upkeep
|turn|48
|
|t:|1626004803
|move|p1a: Articuno|Recover|p1a: Articuno
|-heal|p1a: Articuno|85/100
|move|p2a: Stunfisk|Yawn|p1a: Articuno
|-start|p1a: Articuno|move: Yawn|[of] p2a: Stunfisk
|
|-heal|p2a: Stunfisk|29/100|[from] item: Leftovers
|upkeep
|turn|49
|
|t:|1626004807
|move|p1a: Articuno|Future Sight|p2a: Stunfisk
|-start|p1a: Articuno|move: Future Sight
|move|p2a: Stunfisk|Snap Trap|p1a: Articuno
|-resisted|p1a: Articuno
|-damage|p1a: Articuno|81/100
|-activate|p1a: Articuno|move: Snap Trap|[of] p2a: Stunfisk
|
|-heal|p2a: Stunfisk|35/100|[from] item: Leftovers
|-damage|p1a: Articuno|69/100|[from] move: Snap Trap|[partiallytrapped]
|-end|p1a: Articuno|move: Yawn|[silent]
|-status|p1a: Articuno|slp
|upkeep
|turn|50
|
|t:|1626004817
|switch|p2a: Rotom|Rotom-Frost|67/100
|cant|p1a: Articuno|slp
|
|-end|p1a: Articuno|Snap Trap|[partiallytrapped]|[silent]
|upkeep
|turn|51
|
|t:|1626004824
|-curestatus|p1a: Articuno|slp|[msg]
|move|p1a: Articuno|Hurricane|p2a: Rotom
|-resisted|p2a: Rotom
|-damage|p2a: Rotom|30/100
|-start|p2a: Rotom|confusion
|-activate|p2a: Rotom|confusion
|move|p2a: Rotom|Volt Switch|p1a: Articuno
|-supereffective|p1a: Articuno
|-damage|p1a: Articuno|6/100
|
|t:|1626004827
|switch|p2a: Stunfisk|Stunfisk-Galar, M|35/100|[from]move: Volt Switch
|
|-end|p2a: Stunfisk|move: Future Sight
|-resisted|p2a: Stunfisk
|-damage|p2a: Stunfisk|15/100
|-heal|p2a: Stunfisk|21/100|[from] item: Leftovers
|upkeep
|turn|52
|
|t:|1626004836
|move|p1a: Articuno|Recover|p1a: Articuno
|-heal|p1a: Articuno|57/100
|move|p2a: Stunfisk|Yawn|p1a: Articuno
|-start|p1a: Articuno|move: Yawn|[of] p2a: Stunfisk
|
|-heal|p2a: Stunfisk|27/100|[from] item: Leftovers
|upkeep
|turn|53
|
|t:|1626004842
|move|p1a: Articuno|U-turn|p2a: Stunfisk
|-resisted|p2a: Stunfisk
|-damage|p2a: Stunfisk|22/100
|
|t:|1626004844
|switch|p1a: Tsareena|Tsareena, F|15/100|[from]move: U-turn
|move|p2a: Stunfisk|Snap Trap|p1a: Tsareena
|-resisted|p1a: Tsareena
|-damage|p1a: Tsareena|12/100
|-activate|p1a: Tsareena|move: Snap Trap|[of] p2a: Stunfisk
|
|-heal|p2a: Stunfisk|28/100|[from] item: Leftovers
|-damage|p1a: Tsareena|0 fnt|[from] move: Snap Trap|[partiallytrapped]
|faint|p1a: Tsareena
|upkeep
|
|t:|1626004846
|switch|p1a: Articuno|Articuno-Galar|57/100
|turn|54
|
|t:|1626004850
|move|p1a: Articuno|Hurricane|p2a: Stunfisk|[miss]
|-miss|p1a: Articuno|p2a: Stunfisk
|move|p2a: Stunfisk|Yawn|p1a: Articuno
|-start|p1a: Articuno|move: Yawn|[of] p2a: Stunfisk
|
|-heal|p2a: Stunfisk|34/100|[from] item: Leftovers
|upkeep
|turn|55
|
|t:|1626004855
|switch|p2a: Rotom|Rotom-Frost|30/100
|move|p1a: Articuno|Future Sight|p2a: Rotom
|-start|p1a: Articuno|move: Future Sight
|
|-end|p1a: Articuno|move: Yawn|[silent]
|-status|p1a: Articuno|slp
|upkeep
|turn|56
|c|☆Linus374|gg
|
|t:|1626004859
|cant|p1a: Articuno|slp
|move|p2a: Rotom|Volt Switch|p1a: Articuno
|-supereffective|p1a: Articuno
|-damage|p1a: Articuno|0 fnt
|faint|p1a: Articuno
|
|win|ayo bb
|raw|Linus374's rating: 1484 &rarr; <strong>1472</strong><br />(-12 for losing)
|raw|ayo bb's rating: 1641 &rarr; <strong>1653</strong><br />(+12 for winning)
|c|☆ayo bb|gg
