|html|<div class="broadcast-blue"><strong>[Gen 8] PU is currently suspecting Araquanid! For information on how to participate check out the <a href="https://www.smogon.com/forums/threads/np-pu-stage-9-itsy-bitsy-spider.3704256/">suspect thread</a>.</strong></div>
|j|☆Lambovino
|j|☆xavgb
|t:|1657489754
|gametype|singles
|player|p1|Lambovino|bugcatcher-gen3|
|player|p2|xavgb|1|
|teamsize|p1|6
|teamsize|p2|6
|gen|8
|tier|[Gen 8] PU
|rule|Sleep Clause Mod: Limit one foe put to sleep
|rule|Species Clause: Limit one of each Pokémon
|rule|OHKO Clause: OHKO moves are banned
|rule|Evasion Moves Clause: Evasion moves are banned
|rule|Endless Battle Clause: Forcing endless battles is banned
|rule|HP Percentage Mod: HP is shown in percentages
|rule|Dynamax Clause: You cannot dynamax
|clearpoke
|poke|p1|Alcremie, F|
|poke|p1|Lurantis, M|
|poke|p1|Sneasel, M|
|poke|p1|Coalossal, F|
|poke|p1|Wishiwashi, F|
|poke|p1|Doublade, M|
|poke|p2|Guzzlord|
|poke|p2|Sandslash, M|
|poke|p2|Doublade, F|
|poke|p2|Ribombee, F|
|poke|p2|Gigalith, M|
|poke|p2|Whimsicott, M|
|teampreview
|c|☆Lambovino|hf
|j| god mami pix
|c|☆xavgb|u2
|j|+dnagerbdager
|j|+TSR
|j| sashh
|j| SergioRules
|j|+avarice
|
|t:|1657489803
|start
|switch|p1a: Wishiwashi|Wishiwashi, F|100/100
|switch|p2a: Whimsicott|Whimsicott, M|100/100
|-formechange|p1a: Wishiwashi|Wishiwashi-School||[from] ability: Schooling
|turn|1
|j| Spl4sh
|
|t:|1657489816
|move|p2a: Whimsicott|Knock Off|p1a: Wishiwashi
|-damage|p1a: Wishiwashi|89/100
|-enditem|p1a: Wishiwashi|Leftovers|[from] move: Knock Off|[of] p2a: Whimsicott
|move|p1a: Wishiwashi|U-turn|p2a: Whimsicott
|-damage|p2a: Whimsicott|68/100
|l|+TSR
|l| sashh
|j| sashh
|
|t:|1657489822
|switch|p1a: Coalossal|Coalossal, F|100/100|[from]move: U-turn
|
|upkeep
|turn|2
|j| Beraldinhoo
|j| Pepaire
|j| 99 peachy
|
|t:|1657489840
|switch|p2a: Gigalith|Gigalith, M|100/100
|-weather|Sandstorm|[from] ability: Sand Stream|[of] p2a: Gigalith
|move|p1a: Coalossal|Stealth Rock|p2a: Gigalith
|-sidestart|p2: xavgb|move: Stealth Rock
|
|-weather|Sandstorm|[upkeep]
|upkeep
|turn|3
|
|t:|1657489847
|switch|p1a: Lurantis|Lurantis, M|100/100
|move|p2a: Gigalith|Stealth Rock|p1a: Lurantis
|-sidestart|p1: Lambovino|move: Stealth Rock
|
|-weather|Sandstorm|[upkeep]
|-damage|p1a: Lurantis|94/100|[from] Sandstorm
|upkeep
|turn|4
|j| Alkione
|j| Antares
|inactive|Battle timer is ON: inactive players will automatically lose when time's up. (requested by Lambovino)
|j| dingbat
|inactive|xavgb has 270 seconds left.
|
|t:|1657489921
|switch|p2a: Guzzlord|Guzzlord|100/100
|-damage|p2a: Guzzlord|88/100|[from] Stealth Rock
|move|p1a: Lurantis|Knock Off|p2a: Guzzlord
|-resisted|p2a: Guzzlord
|-damage|p2a: Guzzlord|82/100
|-enditem|p2a: Guzzlord|Leftovers|[from] move: Knock Off|[of] p1a: Lurantis
|
|-weather|Sandstorm|[upkeep]
|-damage|p1a: Lurantis|88/100|[from] Sandstorm
|-damage|p2a: Guzzlord|76/100|[from] Sandstorm
|upkeep
|turn|5
|
|t:|1657489932
|move|p1a: Lurantis|Superpower|p2a: Guzzlord
|-supereffective|p2a: Guzzlord
|-damage|p2a: Guzzlord|46/100
|-boost|p1a: Lurantis|atk|1
|-boost|p1a: Lurantis|def|1
|move|p2a: Guzzlord|Dragon Tail|p1a: Lurantis
|-damage|p1a: Lurantis|75/100
|drag|p1a: Alcremie|Alcremie, F|100/100
|
|-weather|Sandstorm|[upkeep]
|-damage|p1a: Alcremie|95/100|[from] Sandstorm
|-damage|p2a: Guzzlord|40/100|[from] Sandstorm
|upkeep
|turn|6
|l| dingbat
|j|+gorex
|inactive|Lambovino has 270 seconds left.
|inactive|xavgb has 270 seconds left.
|
|t:|1657489965
|switch|p1a: Lurantis|Lurantis, M|75/100
|switch|p2a: Ribombee|Ribombee, F|100/100
|
|-weather|none
|upkeep
|turn|7
|inactive|Lambovino has 270 seconds left.
|inactive|xavgb has 270 seconds left.
|j|+shaneghoul
|
|t:|1657490003
|switch|p2a: Doublade|Doublade, F|100/100
|-damage|p2a: Doublade|94/100|[from] Stealth Rock
|move|p1a: Lurantis|Synthesis|p1a: Lurantis
|-heal|p1a: Lurantis|100/100
|
|upkeep
|turn|8
|
|t:|1657490009
|move|p1a: Lurantis|Knock Off|p2a: Doublade
|-supereffective|p2a: Doublade
|-damage|p2a: Doublade|76/100
|-enditem|p2a: Doublade|Eviolite|[from] move: Knock Off|[of] p1a: Lurantis
|move|p2a: Doublade|Toxic|p1a: Lurantis
|-status|p1a: Lurantis|tox
|
|-damage|p1a: Lurantis|94/100 tox|[from] psn
|upkeep
|turn|9
|inactive|xavgb has 240 seconds left.
|inactive|Lambovino has 270 seconds left.
|j|+tjay
|
|t:|1657490064
|switch|p1a: Wishiwashi|Wishiwashi, F|89/100
|-damage|p1a: Wishiwashi|77/100|[from] Stealth Rock
|-formechange|p1a: Wishiwashi|Wishiwashi-School||[from] ability: Schooling
|switch|p2a: Whimsicott|Whimsicott, M|68/100
|
|upkeep
|turn|10
|
|t:|1657490076
|switch|p1a: Doublade|Doublade, M|100/100
|-damage|p1a: Doublade|94/100|[from] Stealth Rock
|move|p2a: Whimsicott|U-turn|p1a: Doublade
|-resisted|p1a: Doublade
|-damage|p1a: Doublade|93/100
|
|t:|1657490086
|switch|p2a: Sandslash|Sandslash, M|100/100|[from]move: U-turn
|-damage|p2a: Sandslash|94/100|[from] Stealth Rock
|
|-heal|p2a: Sandslash|100/100|[from] item: Leftovers
|upkeep
|turn|11
|
|t:|1657490093
|switch|p1a: Lurantis|Lurantis, M|94/100 tox
|move|p2a: Sandslash|Knock Off|p1a: Lurantis
|-damage|p1a: Lurantis|75/100 tox
|-enditem|p1a: Lurantis|Heavy-Duty Boots|[from] move: Knock Off|[of] p2a: Sandslash
|
|-damage|p1a: Lurantis|69/100 tox|[from] psn
|upkeep
|turn|12
|
|t:|1657490113
|switch|p2a: Whimsicott|Whimsicott, M|68/100
|move|p1a: Lurantis|Leaf Storm|p2a: Whimsicott
|-resisted|p2a: Whimsicott
|-damage|p2a: Whimsicott|35/100
|-boost|p1a: Lurantis|spa|2
|
|-damage|p1a: Lurantis|57/100 tox|[from] psn
|upkeep
|turn|13
|
|t:|1657490124
|move|p2a: Whimsicott|U-turn|p1a: Lurantis
|-supereffective|p1a: Lurantis
|-damage|p1a: Lurantis|37/100 tox
|
|t:|1657490133
|switch|p2a: Guzzlord|Guzzlord|40/100|[from]move: U-turn
|-damage|p2a: Guzzlord|28/100|[from] Stealth Rock
|move|p1a: Lurantis|Synthesis|p1a: Lurantis
|-heal|p1a: Lurantis|87/100 tox
|
|-damage|p1a: Lurantis|69/100 tox|[from] psn
|upkeep
|turn|14
|inactive|Lambovino has 270 seconds left.
|inactive|xavgb has 210 seconds left.
|j| dingbat
|
|t:|1657490171
|switch|p1a: Alcremie|Alcremie, F|95/100
|move|p2a: Guzzlord|Knock Off|p1a: Alcremie
|-resisted|p1a: Alcremie
|-damage|p1a: Alcremie|80/100
|-enditem|p1a: Alcremie|Heavy-Duty Boots|[from] move: Knock Off|[of] p2a: Guzzlord
|
|upkeep
|turn|15
|
|t:|1657490191
|switch|p2a: Ribombee|Ribombee, F|100/100
|move|p1a: Alcremie|Aromatherapy|p1a: Alcremie
|-activate|p1a: Alcremie|move: Aromatherapy
|-curestatus|p1: Lurantis|tox|[msg]
|
|upkeep
|turn|16
|
|t:|1657490206
|switch|p2a: Sandslash|Sandslash, M|100/100
|-damage|p2a: Sandslash|94/100|[from] Stealth Rock
|move|p1a: Alcremie|Dazzling Gleam|p2a: Sandslash
|-damage|p2a: Sandslash|52/100
|
|-heal|p2a: Sandslash|58/100|[from] item: Leftovers
|upkeep
|turn|17
|inactive|xavgb has 180 seconds left.
|
|t:|1657490225
|switch|p2a: Gigalith|Gigalith, M|100/100
|-damage|p2a: Gigalith|88/100|[from] Stealth Rock
|-weather|Sandstorm|[from] ability: Sand Stream|[of] p2a: Gigalith
|move|p1a: Alcremie|Dazzling Gleam|p2a: Gigalith
|-damage|p2a: Gigalith|72/100
|
|-weather|Sandstorm|[upkeep]
|-damage|p1a: Alcremie|74/100|[from] Sandstorm
|-heal|p2a: Gigalith|78/100|[from] item: Leftovers
|upkeep
|turn|18
|
|t:|1657490235
|move|p1a: Alcremie|Calm Mind|p1a: Alcremie
|-boost|p1a: Alcremie|spa|1
|-boost|p1a: Alcremie|spd|1
|move|p2a: Gigalith|Rock Blast|p1a: Alcremie
|-damage|p1a: Alcremie|64/100
|-damage|p1a: Alcremie|54/100
|-hitcount|p1a: Alcremie|2
|
|-weather|Sandstorm|[upkeep]
|-damage|p1a: Alcremie|48/100|[from] Sandstorm
|-heal|p2a: Gigalith|84/100|[from] item: Leftovers
|upkeep
|turn|19
|inactive|xavgb has 180 seconds left.
|
|t:|1657490252
|switch|p2a: Doublade|Doublade, F|76/100
|-damage|p2a: Doublade|69/100|[from] Stealth Rock
|move|p1a: Alcremie|Recover|p1a: Alcremie
|-heal|p1a: Alcremie|98/100
|
|-weather|Sandstorm|[upkeep]
|-damage|p1a: Alcremie|92/100|[from] Sandstorm
|upkeep
|turn|20
|
|t:|1657490264
|move|p1a: Alcremie|Dazzling Gleam|p2a: Doublade
|-resisted|p2a: Doublade
|-damage|p2a: Doublade|37/100
|move|p2a: Doublade|Toxic|p1a: Alcremie
|-status|p1a: Alcremie|tox
|
|-weather|Sandstorm|[upkeep]
|-damage|p1a: Alcremie|86/100 tox|[from] Sandstorm
|-damage|p1a: Alcremie|80/100 tox|[from] psn
|upkeep
|turn|21
|inactive|xavgb has 180 seconds left.
|
|t:|1657490280
|move|p1a: Alcremie|Aromatherapy|p1a: Alcremie
|-activate|p1a: Alcremie|move: Aromatherapy
|-curestatus|p1a: Alcremie|tox|[msg]
|move|p2a: Doublade|Iron Head|p1a: Alcremie
|-supereffective|p1a: Alcremie
|-damage|p1a: Alcremie|27/100
|
|-weather|none
|upkeep
|turn|22
|inactive|xavgb has 180 seconds left.
|
|t:|1657490293
|move|p1a: Alcremie|Recover|p1a: Alcremie
|-heal|p1a: Alcremie|77/100
|move|p2a: Doublade|Iron Head|p1a: Alcremie
|-supereffective|p1a: Alcremie
|-damage|p1a: Alcremie|25/100
|
|upkeep
|turn|23
|
|t:|1657490299
|switch|p1a: Coalossal|Coalossal, F|100/100
|move|p2a: Doublade|Iron Head|p1a: Coalossal
|-damage|p1a: Coalossal|79/100
|
|upkeep
|turn|24
|
|t:|1657490307
|switch|p2a: Gigalith|Gigalith, M|84/100
|-damage|p2a: Gigalith|72/100|[from] Stealth Rock
|-weather|Sandstorm|[from] ability: Sand Stream|[of] p2a: Gigalith
|move|p1a: Coalossal|Flamethrower|p2a: Gigalith
|-resisted|p2a: Gigalith
|-damage|p2a: Gigalith|65/100
|
|-weather|Sandstorm|[upkeep]
|-heal|p2a: Gigalith|71/100|[from] item: Leftovers
|upkeep
|turn|25
|inactive|xavgb has 180 seconds left.
|inactive|Lambovino has 270 seconds left.
|
|t:|1657490339
|switch|p1a: Doublade|Doublade, M|93/100
|-damage|p1a: Doublade|87/100|[from] Stealth Rock
|move|p2a: Gigalith|Earthquake|p1a: Doublade
|-supereffective|p1a: Doublade
|-damage|p1a: Doublade|55/100
|
|-weather|Sandstorm|[upkeep]
|-heal|p2a: Gigalith|77/100|[from] item: Leftovers
|upkeep
|turn|26
|inactive|xavgb has 180 seconds left.
|j| hariyana grande
|inactive|xavgb has 150 seconds left.
|inactive|Lambovino has 270 seconds left.
|j| arce9
|
|t:|1657490395
|switch|p2a: Whimsicott|Whimsicott, M|35/100
|move|p1a: Doublade|Swords Dance|p1a: Doublade
|-boost|p1a: Doublade|atk|2
|
|-weather|Sandstorm|[upkeep]
|-damage|p2a: Whimsicott|29/100|[from] Sandstorm
|upkeep
|turn|27
|
|t:|1657490398
|move|p2a: Whimsicott|Encore|p1a: Doublade
|-start|p1a: Doublade|Encore
|move|p1a: Doublade|Swords Dance|p1a: Doublade
|-boost|p1a: Doublade|atk|2
|
|-weather|Sandstorm|[upkeep]
|-damage|p2a: Whimsicott|23/100|[from] Sandstorm
|upkeep
|turn|28
|inactive|Lambovino has 270 seconds left.
|inactive|xavgb has 150 seconds left.
|inactive|xavgb has 120 seconds left.
|
|t:|1657490451
|switch|p1a: Wishiwashi|Wishiwashi, F|77/100
|-damage|p1a: Wishiwashi|65/100|[from] Stealth Rock
|-formechange|p1a: Wishiwashi|Wishiwashi-School||[from] ability: Schooling
|move|p2a: Whimsicott|Moonblast|p1a: Wishiwashi
|-damage|p1a: Wishiwashi|37/100
|-unboost|p1a: Wishiwashi|spa|1
|
|-weather|none
|upkeep
|turn|29
|inactive|xavgb has 120 seconds left.
|l| arce9
|j| Micciu20250
|j| ALlCE
|l| sashh
|inactive|xavgb has 90 seconds left.
|
|t:|1657490496
|move|p2a: Whimsicott|Moonblast|p1a: Wishiwashi
|-damage|p1a: Wishiwashi|8/100
|move|p1a: Wishiwashi|Rest|p1a: Wishiwashi
|-status|p1a: Wishiwashi|slp|[from] move: Rest
|-heal|p1a: Wishiwashi|100/100 slp|[silent]
|
|upkeep
|turn|30
|
|t:|1657490501
|switch|p1a: Doublade|Doublade, M|55/100
|-damage|p1a: Doublade|48/100|[from] Stealth Rock
|move|p2a: Whimsicott|Encore||[still]
|-fail|p2a: Whimsicott
|
|upkeep
|turn|31
|l| Micciu20250
|inactive|xavgb has 90 seconds left.
|
|t:|1657490529
|switch|p2a: Guzzlord|Guzzlord|28/100
|-damage|p2a: Guzzlord|15/100|[from] Stealth Rock
|move|p1a: Doublade|Shadow Sneak|p2a: Guzzlord
|-resisted|p2a: Guzzlord
|-damage|p2a: Guzzlord|11/100
|
|upkeep
|turn|32
|inactive|xavgb has 90 seconds left.
|
|t:|1657490554
|switch|p1a: Wishiwashi|Wishiwashi, F|100/100 slp
|-damage|p1a: Wishiwashi|88/100 slp|[from] Stealth Rock
|-formechange|p1a: Wishiwashi|Wishiwashi-School||[from] ability: Schooling
|move|p2a: Guzzlord|Rest|p2a: Guzzlord
|-status|p2a: Guzzlord|slp|[from] move: Rest
|-heal|p2a: Guzzlord|100/100 slp|[silent]
|
|upkeep
|turn|33
|inactive|xavgb has 90 seconds left.
|l| Pepaire
|
|t:|1657490583
|cant|p2a: Guzzlord|slp
|move|p2a: Guzzlord|Sleep Talk|p2a: Guzzlord
|move|p2a: Guzzlord|Dragon Tail|p1a: Wishiwashi|[from]move: Sleep Talk|[miss]
|-miss|p2a: Guzzlord|p1a: Wishiwashi
|cant|p1a: Wishiwashi|slp
|move|p1a: Wishiwashi|Sleep Talk|p1a: Wishiwashi
|move|p1a: Wishiwashi|Rest||[from]move: Sleep Talk|[still]
|-fail|p1a: Wishiwashi
|
|upkeep
|turn|34
|
|t:|1657490591
|cant|p2a: Guzzlord|slp
|move|p2a: Guzzlord|Sleep Talk|p2a: Guzzlord
|move|p2a: Guzzlord|Dragon Tail|p1a: Wishiwashi|[from]move: Sleep Talk
|-damage|p1a: Wishiwashi|74/100 slp
|drag|p1a: Lurantis|Lurantis, M|69/100
|-damage|p1a: Lurantis|56/100|[from] Stealth Rock
|
|upkeep
|turn|35
|
|t:|1657490601
|move|p1a: Lurantis|Synthesis|p1a: Lurantis
|-heal|p1a: Lurantis|100/100
|-curestatus|p2a: Guzzlord|slp|[msg]
|move|p2a: Guzzlord|Dragon Tail|p1a: Lurantis
|-damage|p1a: Lurantis|83/100
|drag|p1a: Sneasel|Sneasel, M|100/100
|
|upkeep
|turn|36
|inactive|Lambovino has 270 seconds left.
|inactive|xavgb has 90 seconds left.
|j| Pepaire
|
|t:|1657490616
|move|p1a: Sneasel|Icicle Crash|p2a: Guzzlord
|-supereffective|p2a: Guzzlord
|-damage|p2a: Guzzlord|57/100
|move|p2a: Guzzlord|Dragon Tail|p1a: Sneasel
|-damage|p1a: Sneasel|57/100
|drag|p1a: Alcremie|Alcremie, F|25/100
|-damage|p1a: Alcremie|12/100|[from] Stealth Rock
|
|upkeep
|turn|37
|inactive|xavgb has 60 seconds left.
|l|+gorex
|
|t:|1657490670
|switch|p2a: Doublade|Doublade, F|37/100
|-damage|p2a: Doublade|31/100|[from] Stealth Rock
|move|p1a: Alcremie|Recover|p1a: Alcremie
|-heal|p1a: Alcremie|62/100
|
|upkeep
|turn|38
|
|t:|1657490679
|switch|p1a: Wishiwashi|Wishiwashi, F|74/100 slp
|-damage|p1a: Wishiwashi|62/100 slp|[from] Stealth Rock
|-formechange|p1a: Wishiwashi|Wishiwashi-School||[from] ability: Schooling
|move|p2a: Doublade|Rest|p2a: Doublade
|-status|p2a: Doublade|slp|[from] move: Rest
|-heal|p2a: Doublade|100/100 slp|[silent]
|
|upkeep
|turn|39
|inactive|xavgb has 30 seconds left.
|inactive|xavgb has 20 seconds left.
|inactive|xavgb has 15 seconds left.
|
|t:|1657490724
|switch|p2a: Guzzlord|Guzzlord|57/100
|-damage|p2a: Guzzlord|44/100|[from] Stealth Rock
|cant|p1a: Wishiwashi|slp
|move|p1a: Wishiwashi|Sleep Talk|p1a: Wishiwashi
|move|p1a: Wishiwashi|U-turn|p2a: Guzzlord|[from]move: Sleep Talk
|-supereffective|p2a: Guzzlord
|-damage|p2a: Guzzlord|20/100
|inactive|xavgb has 20 seconds left this turn.
|
|t:|1657490728
|switch|p1a: Alcremie|Alcremie, F|62/100|[from]move: U-turn
|-damage|p1a: Alcremie|50/100|[from] Stealth Rock
|
|upkeep
|turn|40
|inactive|xavgb has 30 seconds left this turn.
|inactive|xavgb has 20 seconds left.
|inactive|xavgb has 15 seconds left.
|inactive|xavgb has 10 seconds left.
|
|t:|1657490749
|switch|p2a: Doublade|Doublade, F|100/100 slp
|-damage|p2a: Doublade|94/100 slp|[from] Stealth Rock
|move|p1a: Alcremie|Recover|p1a: Alcremie
|-heal|p1a: Alcremie|99/100
|
|upkeep
|turn|41
|inactive|xavgb has 20 seconds left this turn.
|inactive|xavgb has 15 seconds left.
|
|t:|1657490755
|switch|p1a: Wishiwashi|Wishiwashi, F|62/100 slp
|-damage|p1a: Wishiwashi|49/100 slp|[from] Stealth Rock
|-formechange|p1a: Wishiwashi|Wishiwashi-School||[from] ability: Schooling
|switch|p2a: Ribombee|Ribombee, F|100/100
|
|upkeep
|turn|42
|inactive|xavgb has 25 seconds left this turn.
|inactive|xavgb has 20 seconds left.
|
|t:|1657490764
|switch|p1a: Coalossal|Coalossal, F|79/100
|move|p2a: Ribombee|Quiver Dance|p2a: Ribombee
|-boost|p2a: Ribombee|spa|1
|-boost|p2a: Ribombee|spd|1
|-boost|p2a: Ribombee|spe|1
|
|upkeep
|turn|43
|inactive|xavgb has 30 seconds left this turn.
|
|t:|1657490787
|switch|p2a: Gigalith|Gigalith, M|77/100
|-damage|p2a: Gigalith|65/100|[from] Stealth Rock
|-weather|Sandstorm|[from] ability: Sand Stream|[of] p2a: Gigalith
|move|p1a: Coalossal|Rapid Spin|p2a: Gigalith
|-resisted|p2a: Gigalith
|-damage|p2a: Gigalith|62/100
|-boost|p1a: Coalossal|spe|1
|-sideend|p1: Lambovino|Stealth Rock|[from] move: Rapid Spin|[of] p1a: Coalossal
|
|-weather|Sandstorm|[upkeep]
|-heal|p2a: Gigalith|68/100|[from] item: Leftovers
|upkeep
|turn|44
|inactive|xavgb has 30 seconds left.
|
|t:|1657490796
|switch|p1a: Lurantis|Lurantis, M|83/100
|move|p2a: Gigalith|Stealth Rock|p1a: Lurantis
|-sidestart|p1: Lambovino|move: Stealth Rock
|
|-weather|Sandstorm|[upkeep]
|-damage|p1a: Lurantis|77/100|[from] Sandstorm
|-heal|p2a: Gigalith|74/100|[from] item: Leftovers
|upkeep
|turn|45
|inactive|xavgb has 30 seconds left.
|inactive|xavgb has 20 seconds left.
|
|t:|1657490820
|move|p1a: Lurantis|Superpower|p2a: Gigalith
|-supereffective|p2a: Gigalith
|-damage|p2a: Gigalith|39/100
|-boost|p1a: Lurantis|atk|1
|-boost|p1a: Lurantis|def|1
|move|p2a: Gigalith|Rock Blast|p1a: Lurantis
|-damage|p1a: Lurantis|70/100
|-damage|p1a: Lurantis|63/100
|-hitcount|p1a: Lurantis|2
|
|-weather|Sandstorm|[upkeep]
|-damage|p1a: Lurantis|57/100|[from] Sandstorm
|-heal|p2a: Gigalith|45/100|[from] item: Leftovers
|upkeep
|turn|46
|inactive|xavgb has 30 seconds left this turn.
|inactive|xavgb has 20 seconds left.
|inactive|xavgb has 15 seconds left.
|
|t:|1657490838
|switch|p2a: Ribombee|Ribombee, F|100/100
|move|p1a: Lurantis|Knock Off|p2a: Ribombee
|-resisted|p2a: Ribombee
|-damage|p2a: Ribombee|73/100
|-enditem|p2a: Ribombee|Heavy-Duty Boots|[from] move: Knock Off|[of] p1a: Lurantis
|
|-weather|Sandstorm|[upkeep]
|-damage|p2a: Ribombee|67/100|[from] Sandstorm
|-damage|p1a: Lurantis|51/100|[from] Sandstorm
|upkeep
|turn|47
|inactive|xavgb has 25 seconds left this turn.
|inactive|xavgb has 20 seconds left.
|inactive|xavgb has 15 seconds left.
|
|t:|1657490848
|switch|p1a: Coalossal|Coalossal, F|79/100
|move|p2a: Ribombee|Moonblast|p1a: Coalossal
|-resisted|p1a: Coalossal
|-damage|p1a: Coalossal|69/100
|-unboost|p1a: Coalossal|spa|1
|
|-weather|none
|upkeep
|turn|48
|inactive|xavgb has 25 seconds left this turn.
|inactive|xavgb has 20 seconds left.
|l| Alkione
|inactive|xavgb has 15 seconds left.
|
|t:|1657490859
|switch|p2a: Doublade|Doublade, F|94/100 slp
|-damage|p2a: Doublade|88/100 slp|[from] Stealth Rock
|move|p1a: Coalossal|Rapid Spin|p2a: Doublade
|-immune|p2a: Doublade
|
|upkeep
|turn|49
|inactive|xavgb has 25 seconds left this turn.
|inactive|xavgb has 20 seconds left.
|
|t:|1657490881
|switch|p2a: Gigalith|Gigalith, M|45/100
|-damage|p2a: Gigalith|33/100|[from] Stealth Rock
|-weather|Sandstorm|[from] ability: Sand Stream|[of] p2a: Gigalith
|move|p1a: Coalossal|Flamethrower|p2a: Gigalith
|-resisted|p2a: Gigalith
|-damage|p2a: Gigalith|28/100
|
|-weather|Sandstorm|[upkeep]
|-heal|p2a: Gigalith|35/100|[from] item: Leftovers
|upkeep
|turn|50
|inactive|xavgb has 30 seconds left this turn.
|inactive|xavgb has 20 seconds left.
|
|t:|1657490892
|switch|p1a: Alcremie|Alcremie, F|99/100
|-damage|p1a: Alcremie|88/100|[from] Stealth Rock
|move|p2a: Gigalith|Rock Blast|p1a: Alcremie|[miss]
|-miss|p2a: Gigalith|p1a: Alcremie
|
|-weather|Sandstorm|[upkeep]
|-damage|p1a: Alcremie|82/100|[from] Sandstorm
|-heal|p2a: Gigalith|41/100|[from] item: Leftovers
|upkeep
|turn|51
|inactive|xavgb has 30 seconds left this turn.
|
|t:|1657490901
|move|p1a: Alcremie|Calm Mind|p1a: Alcremie
|-boost|p1a: Alcremie|spa|1
|-boost|p1a: Alcremie|spd|1
|move|p2a: Gigalith|Rock Blast|p1a: Alcremie
|-damage|p1a: Alcremie|71/100
|-damage|p1a: Alcremie|61/100
|-hitcount|p1a: Alcremie|2
|
|-weather|Sandstorm|[upkeep]
|-damage|p1a: Alcremie|55/100|[from] Sandstorm
|-heal|p2a: Gigalith|47/100|[from] item: Leftovers
|upkeep
|turn|52
|inactive|xavgb has 30 seconds left.
|
|t:|1657490909
|move|p1a: Alcremie|Recover|p1a: Alcremie
|-heal|p1a: Alcremie|100/100
|move|p2a: Gigalith|Rock Blast|p1a: Alcremie
|-damage|p1a: Alcremie|91/100
|-damage|p1a: Alcremie|80/100
|-damage|p1a: Alcremie|70/100
|-hitcount|p1a: Alcremie|3
|
|-weather|Sandstorm|[upkeep]
|-damage|p1a: Alcremie|64/100|[from] Sandstorm
|-heal|p2a: Gigalith|53/100|[from] item: Leftovers
|upkeep
|turn|53
|inactive|xavgb has 30 seconds left.
|
|t:|1657490921
|switch|p2a: Doublade|Doublade, F|88/100 slp
|-damage|p2a: Doublade|82/100 slp|[from] Stealth Rock
|move|p1a: Alcremie|Recover|p1a: Alcremie
|-heal|p1a: Alcremie|100/100
|
|-weather|none
|upkeep
|turn|54
|
|t:|1657490941
|move|p1a: Alcremie|Dazzling Gleam|p2a: Doublade
|-resisted|p2a: Doublade
|-damage|p2a: Doublade|52/100 slp
|cant|p2a: Doublade|slp
|move|p2a: Doublade|Sleep Talk|p2a: Doublade
|move|p2a: Doublade|Iron Head|p1a: Alcremie|[from]move: Sleep Talk
|-supereffective|p1a: Alcremie
|-damage|p1a: Alcremie|46/100
|
|upkeep
|turn|55
|j| cryingg
|
|t:|1657490946
|move|p1a: Alcremie|Recover|p1a: Alcremie
|-heal|p1a: Alcremie|96/100
|cant|p2a: Doublade|slp
|move|p2a: Doublade|Sleep Talk|p2a: Doublade
|move|p2a: Doublade|Rest||[from]move: Sleep Talk|[still]
|-fail|p2a: Doublade
|
|upkeep
|turn|56
|
|t:|1657490960
|switch|p1a: Doublade|Doublade, M|48/100
|-damage|p1a: Doublade|42/100|[from] Stealth Rock
|-curestatus|p2a: Doublade|slp|[msg]
|move|p2a: Doublade|Rest|p2a: Doublade
|-status|p2a: Doublade|slp|[from] move: Rest
|-heal|p2a: Doublade|100/100 slp|[silent]
|
|upkeep
|turn|57
|l| 99 peachy
|j|+gorex
|l|+gorex
|inactive|xavgb has 30 seconds left.
|inactive|xavgb has 20 seconds left.
|
|t:|1657491003
|switch|p2a: Guzzlord|Guzzlord|20/100
|-damage|p2a: Guzzlord|7/100|[from] Stealth Rock
|move|p1a: Doublade|Shadow Claw|p2a: Guzzlord
|-resisted|p2a: Guzzlord
|-damage|p2a: Guzzlord|0 fnt
|faint|p2a: Guzzlord
|
|upkeep
|inactive|xavgb has 25 seconds left this turn.
|
|t:|1657491007
|switch|p2a: Sandslash|Sandslash, M|58/100
|-damage|p2a: Sandslash|52/100|[from] Stealth Rock
|turn|58
|inactive|xavgb has 30 seconds left.
|inactive|Lambovino has 270 seconds left.
|
|t:|1657491056
|switch|p1a: Wishiwashi|Wishiwashi, F|49/100 slp
|-damage|p1a: Wishiwashi|37/100 slp|[from] Stealth Rock
|-formechange|p1a: Wishiwashi|Wishiwashi-School||[from] ability: Schooling
|move|p2a: Sandslash|Earthquake|p1a: Wishiwashi
|-damage|p1a: Wishiwashi|13/100 slp
|
|-heal|p2a: Sandslash|58/100|[from] item: Leftovers
|-formechange|p1a: Wishiwashi|Wishiwashi||[from] ability: Schooling
|upkeep
|turn|59
|inactive|xavgb has 30 seconds left.
|
|t:|1657491073
|move|p2a: Sandslash|Rapid Spin|p1a: Wishiwashi
|-damage|p1a: Wishiwashi|0 fnt
|-boost|p2a: Sandslash|spe|1
|-sideend|p2: xavgb|Stealth Rock|[from] move: Rapid Spin|[of] p2a: Sandslash
|faint|p1a: Wishiwashi
|
|-heal|p2a: Sandslash|64/100|[from] item: Leftovers
|upkeep
|inactive|xavgb has 30 seconds left this turn.
|
|t:|1657491077
|switch|p1a: Lurantis|Lurantis, M|51/100
|-damage|p1a: Lurantis|39/100|[from] Stealth Rock
|turn|60
|inactive|xavgb has 30 seconds left.
|inactive|xavgb has 20 seconds left.
|inactive|xavgb has 15 seconds left.
|
|t:|1657491102
|switch|p2a: Gigalith|Gigalith, M|53/100
|-weather|Sandstorm|[from] ability: Sand Stream|[of] p2a: Gigalith
|move|p1a: Lurantis|Synthesis|p1a: Lurantis
|-heal|p1a: Lurantis|64/100
|
|-weather|Sandstorm|[upkeep]
|-damage|p1a: Lurantis|57/100|[from] Sandstorm
|-heal|p2a: Gigalith|59/100|[from] item: Leftovers
|upkeep
|turn|61
|inactive|xavgb has 25 seconds left this turn.
|
|t:|1657491105
|switch|p2a: Ribombee|Ribombee, F|67/100
|move|p1a: Lurantis|Superpower|p2a: Ribombee
|-resisted|p2a: Ribombee
|-damage|p2a: Ribombee|56/100
|-boost|p1a: Lurantis|atk|1
|-boost|p1a: Lurantis|def|1
|
|-weather|Sandstorm|[upkeep]
|-damage|p2a: Ribombee|50/100|[from] Sandstorm
|-damage|p1a: Lurantis|51/100|[from] Sandstorm
|upkeep
|turn|62
|inactive|xavgb has 30 seconds left.
|inactive|Lambovino has 270 seconds left.
|
|t:|1657491138
|switch|p1a: Alcremie|Alcremie, F|96/100
|-damage|p1a: Alcremie|84/100|[from] Stealth Rock
|move|p2a: Ribombee|Roost|p2a: Ribombee
|-heal|p2a: Ribombee|99/100
|-singleturn|p2a: Ribombee|move: Roost
|
|-weather|Sandstorm|[upkeep]
|-damage|p2a: Ribombee|94/100|[from] Sandstorm
|-damage|p1a: Alcremie|78/100|[from] Sandstorm
|upkeep
|turn|63
|inactive|xavgb has 30 seconds left.
|
|t:|1657491157
|switch|p2a: Doublade|Doublade, F|100/100 slp
|move|p1a: Alcremie|Calm Mind|p1a: Alcremie
|-boost|p1a: Alcremie|spa|1
|-boost|p1a: Alcremie|spd|1
|
|-weather|Sandstorm|[upkeep]
|-damage|p1a: Alcremie|72/100|[from] Sandstorm
|upkeep
|turn|64
|
|t:|1657491166
|move|p1a: Alcremie|Dazzling Gleam|p2a: Doublade
|-resisted|p2a: Doublade
|-damage|p2a: Doublade|71/100 slp
|cant|p2a: Doublade|slp
|move|p2a: Doublade|Sleep Talk|p2a: Doublade
|move|p2a: Doublade|Toxic|p1a: Alcremie|[from]move: Sleep Talk
|-status|p1a: Alcremie|tox
|
|-weather|none
|-damage|p1a: Alcremie|66/100 tox|[from] psn
|upkeep
|turn|65
|
|t:|1657491170
|switch|p1a: Doublade|Doublade, M|42/100
|-damage|p1a: Doublade|36/100|[from] Stealth Rock
|cant|p2a: Doublade|slp
|move|p2a: Doublade|Sleep Talk|p2a: Doublade
|move|p2a: Doublade|Iron Head|p1a: Doublade|[from]move: Sleep Talk
|-resisted|p1a: Doublade
|-damage|p1a: Doublade|29/100
|
|upkeep
|turn|66
|
|t:|1657491180
|switch|p2a: Sandslash|Sandslash, M|64/100
|move|p1a: Doublade|Shadow Claw|p2a: Sandslash
|-damage|p2a: Sandslash|45/100
|
|-heal|p2a: Sandslash|51/100|[from] item: Leftovers
|upkeep
|turn|67
|
|t:|1657491201
|switch|p1a: Alcremie|Alcremie, F|66/100 tox
|-damage|p1a: Alcremie|53/100 tox|[from] Stealth Rock
|move|p2a: Sandslash|Spikes|p1a: Alcremie
|-sidestart|p1: Lambovino|Spikes
|
|-heal|p2a: Sandslash|58/100|[from] item: Leftovers
|-damage|p1a: Alcremie|48/100 tox|[from] psn
|upkeep
|turn|68
|inactive|xavgb has 30 seconds left.
|j| sugar ovens
|
|t:|1657491233
|move|p2a: Sandslash|Earthquake|p1a: Alcremie
|-damage|p1a: Alcremie|18/100 tox
|move|p1a: Alcremie|Recover|p1a: Alcremie
|-heal|p1a: Alcremie|68/100 tox
|
|-heal|p2a: Sandslash|64/100|[from] item: Leftovers
|-damage|p1a: Alcremie|56/100 tox|[from] psn
|upkeep
|turn|69
|inactive|xavgb has 30 seconds left.
|
|t:|1657491239
|move|p2a: Sandslash|Earthquake|p1a: Alcremie
|-damage|p1a: Alcremie|27/100 tox
|move|p1a: Alcremie|Recover|p1a: Alcremie
|-heal|p1a: Alcremie|77/100 tox
|
|-heal|p2a: Sandslash|70/100|[from] item: Leftovers
|-damage|p1a: Alcremie|59/100 tox|[from] psn
|upkeep
|turn|70
|inactive|xavgb has 30 seconds left.
|
|t:|1657491250
|move|p2a: Sandslash|Earthquake|p1a: Alcremie
|-damage|p1a: Alcremie|30/100 tox
|move|p1a: Alcremie|Dazzling Gleam|p2a: Sandslash
|-crit|p2a: Sandslash
|-damage|p2a: Sandslash|4/100
|
|-heal|p2a: Sandslash|10/100|[from] item: Leftovers
|-damage|p1a: Alcremie|6/100 tox|[from] psn
|upkeep
|turn|71
|inactive|xavgb has 30 seconds left.
|
|t:|1657491268
|move|p2a: Sandslash|Earthquake|p1a: Alcremie
|-damage|p1a: Alcremie|0 fnt
|faint|p1a: Alcremie
|
|-heal|p2a: Sandslash|16/100|[from] item: Leftovers
|upkeep
|inactive|xavgb has 30 seconds left this turn.
|
|t:|1657491271
|switch|p1a: Sneasel|Sneasel, M|57/100
|turn|72
|inactive|xavgb has 30 seconds left.
|inactive|xavgb has 20 seconds left.
|inactive|xavgb has 15 seconds left.
|inactive|xavgb has 10 seconds left.
|
|t:|1657491305
|switch|p2a: Whimsicott|Whimsicott, M|23/100
|move|p1a: Sneasel|Knock Off|p2a: Whimsicott
|-resisted|p2a: Whimsicott
|-damage|p2a: Whimsicott|0 fnt
|-enditem|p2a: Whimsicott|Heavy-Duty Boots|[from] move: Knock Off|[of] p1a: Sneasel
|faint|p2a: Whimsicott
|
|upkeep
|inactive|xavgb has 15 seconds left this turn.
|
|t:|1657491308
|switch|p2a: Ribombee|Ribombee, F|94/100
|turn|73
|inactive|xavgb has 25 seconds left this turn.
|inactive|xavgb has 20 seconds left.
|
|t:|1657491331
|switch|p2a: Sandslash|Sandslash, M|16/100
|switch|p1a: Doublade|Doublade, M|29/100
|-damage|p1a: Doublade|23/100|[from] Stealth Rock
|-damage|p1a: Doublade|10/100|[from] Spikes
|
|-heal|p2a: Sandslash|23/100|[from] item: Leftovers
|upkeep
|turn|74
|inactive|xavgb has 30 seconds left this turn.
|
|t:|1657491340
|move|p1a: Doublade|Shadow Sneak|p2a: Sandslash
|-damage|p2a: Sandslash|12/100
|move|p2a: Sandslash|Earthquake|p1a: Doublade
|-supereffective|p1a: Doublade
|-damage|p1a: Doublade|0 fnt
|faint|p1a: Doublade
|
|-heal|p2a: Sandslash|18/100|[from] item: Leftovers
|upkeep
|inactive|xavgb has 30 seconds left this turn.
|
|t:|1657491342
|switch|p1a: Sneasel|Sneasel, M|57/100
|turn|75
|l| dingbat
|inactive|xavgb has 30 seconds left.
|inactive|xavgb has 20 seconds left.
|
|t:|1657491366
|move|p1a: Sneasel|Knock Off|p2a: Sandslash
|-damage|p2a: Sandslash|0 fnt
|-enditem|p2a: Sandslash|Leftovers|[from] move: Knock Off|[of] p1a: Sneasel
|faint|p2a: Sandslash
|
|upkeep
|inactive|xavgb has 25 seconds left this turn.
|inactive|xavgb has 20 seconds left.
|inactive|xavgb has 15 seconds left.
|inactive|xavgb has 10 seconds left.
|
|t:|1657491386
|switch|p2a: Ribombee|Ribombee, F|94/100
|turn|76
|inactive|xavgb has 20 seconds left this turn.
|inactive|xavgb has 15 seconds left.
|
|t:|1657491403
|switch|p1a: Coalossal|Coalossal, F|69/100
|move|p2a: Ribombee|Moonblast|p1a: Coalossal
|-resisted|p1a: Coalossal
|-damage|p1a: Coalossal|57/100
|
|upkeep
|turn|77
|inactive|xavgb has 25 seconds left this turn.
|inactive|xavgb has 20 seconds left.
|
|t:|1657491412
|switch|p2a: Doublade|Doublade, F|71/100 slp
|move|p1a: Coalossal|Rapid Spin|p2a: Doublade
|-immune|p2a: Doublade
|
|upkeep
|turn|78
|inactive|xavgb has 30 seconds left this turn.
|
|t:|1657491422
|move|p1a: Coalossal|Flamethrower|p2a: Doublade
|-supereffective|p2a: Doublade
|-damage|p2a: Doublade|0 fnt
|faint|p2a: Doublade
|
|upkeep
|inactive|xavgb has 30 seconds left this turn.
|
|t:|1657491424
|switch|p2a: Gigalith|Gigalith, M|59/100
|-weather|Sandstorm|[from] ability: Sand Stream|[of] p2a: Gigalith
|turn|79
|
|t:|1657491444
|switch|p1a: Sneasel|Sneasel, M|57/100
|move|p2a: Gigalith|Rock Blast|p1a: Sneasel
|-supereffective|p1a: Sneasel
|-damage|p1a: Sneasel|2/100
|-supereffective|p1a: Sneasel
|-damage|p1a: Sneasel|0 fnt
|faint|p1a: Sneasel
|-hitcount|p1: Sneasel|2
|
|-weather|Sandstorm|[upkeep]
|-heal|p2a: Gigalith|65/100|[from] item: Leftovers
|upkeep
|
|t:|1657491447
|switch|p1a: Lurantis|Lurantis, M|51/100
|-damage|p1a: Lurantis|39/100|[from] Stealth Rock
|-damage|p1a: Lurantis|26/100|[from] Spikes
|turn|80
|
|t:|1657491451
|switch|p2a: Ribombee|Ribombee, F|94/100
|move|p1a: Lurantis|Synthesis|p1a: Lurantis
|-heal|p1a: Lurantis|51/100
|
|-weather|Sandstorm|[upkeep]
|-damage|p2a: Ribombee|88/100|[from] Sandstorm
|-damage|p1a: Lurantis|45/100|[from] Sandstorm
|upkeep
|turn|81
|j| PUAS lay
|
|t:|1657491473
|switch|p1a: Coalossal|Coalossal, F|57/100
|move|p2a: Ribombee|Moonblast|p1a: Coalossal
|-resisted|p1a: Coalossal
|-damage|p1a: Coalossal|47/100
|
|-weather|Sandstorm|[upkeep]
|-damage|p2a: Ribombee|81/100|[from] Sandstorm
|upkeep
|turn|82
|
|t:|1657491477
|switch|p2a: Gigalith|Gigalith, M|65/100
|move|p1a: Coalossal|Rapid Spin|p2a: Gigalith
|-resisted|p2a: Gigalith
|-damage|p2a: Gigalith|62/100
|-boost|p1a: Coalossal|spe|1
|-sideend|p1: Lambovino|Spikes|[from] move: Rapid Spin|[of] p1a: Coalossal
|-sideend|p1: Lambovino|Stealth Rock|[from] move: Rapid Spin|[of] p1a: Coalossal
|
|-weather|Sandstorm|[upkeep]
|-heal|p2a: Gigalith|68/100|[from] item: Leftovers
|upkeep
|turn|83
|
|t:|1657491487
|switch|p1a: Lurantis|Lurantis, M|45/100
|switch|p2a: Ribombee|Ribombee, F|81/100
|
|-weather|none
|upkeep
|turn|84
|
|t:|1657491504
|switch|p1a: Coalossal|Coalossal, F|47/100
|move|p2a: Ribombee|Moonblast|p1a: Coalossal
|-resisted|p1a: Coalossal
|-damage|p1a: Coalossal|34/100
|-unboost|p1a: Coalossal|spa|1
|
|upkeep
|turn|85
|
|t:|1657491513
|switch|p2a: Gigalith|Gigalith, M|68/100
|-weather|Sandstorm|[from] ability: Sand Stream|[of] p2a: Gigalith
|move|p1a: Coalossal|Stealth Rock|p2a: Gigalith
|-sidestart|p2: xavgb|move: Stealth Rock
|
|-weather|Sandstorm|[upkeep]
|-heal|p2a: Gigalith|74/100|[from] item: Leftovers
|upkeep
|turn|86
|
|t:|1657491529
|switch|p1a: Lurantis|Lurantis, M|45/100
|move|p2a: Gigalith|Rock Blast|p1a: Lurantis
|-damage|p1a: Lurantis|35/100
|-damage|p1a: Lurantis|23/100
|-hitcount|p1a: Lurantis|2
|
|-weather|Sandstorm|[upkeep]
|-damage|p1a: Lurantis|17/100|[from] Sandstorm
|-heal|p2a: Gigalith|81/100|[from] item: Leftovers
|upkeep
|turn|87
|inactive|xavgb has 60 seconds left.
|
|t:|1657491545
|switch|p2a: Ribombee|Ribombee, F|81/100
|-damage|p2a: Ribombee|57/100|[from] Stealth Rock
|move|p1a: Lurantis|Synthesis|p1a: Lurantis
|-heal|p1a: Lurantis|42/100
|
|-weather|Sandstorm|[upkeep]
|-damage|p2a: Ribombee|51/100|[from] Sandstorm
|-damage|p1a: Lurantis|36/100|[from] Sandstorm
|upkeep
|turn|88
|
|t:|1657491557
|move|p2a: Ribombee|Roost|p2a: Ribombee
|-heal|p2a: Ribombee|100/100
|-singleturn|p2a: Ribombee|move: Roost
|move|p1a: Lurantis|Synthesis|p1a: Lurantis
|-heal|p1a: Lurantis|61/100
|
|-weather|Sandstorm|[upkeep]
|-damage|p2a: Ribombee|94/100|[from] Sandstorm
|-damage|p1a: Lurantis|55/100|[from] Sandstorm
|upkeep
|turn|89
|
|t:|1657491571
|switch|p1a: Coalossal|Coalossal, F|34/100
|move|p2a: Ribombee|Moonblast|p1a: Coalossal
|-resisted|p1a: Coalossal
|-damage|p1a: Coalossal|25/100
|
|-weather|none
|upkeep
|turn|90
|inactive|xavgb has 60 seconds left.
|
|t:|1657491593
|switch|p2a: Gigalith|Gigalith, M|81/100
|-damage|p2a: Gigalith|68/100|[from] Stealth Rock
|-weather|Sandstorm|[from] ability: Sand Stream|[of] p2a: Gigalith
|switch|p1a: Lurantis|Lurantis, M|55/100
|
|-weather|Sandstorm|[upkeep]
|-damage|p1a: Lurantis|49/100|[from] Sandstorm
|-heal|p2a: Gigalith|74/100|[from] item: Leftovers
|upkeep
|turn|91
|inactive|xavgb has 60 seconds left.
|
|t:|1657491626
|switch|p2a: Ribombee|Ribombee, F|94/100
|-damage|p2a: Ribombee|70/100|[from] Stealth Rock
|move|p1a: Lurantis|Leaf Storm|p2a: Ribombee
|-resisted|p2a: Ribombee
|-damage|p2a: Ribombee|40/100
|-boost|p1a: Lurantis|spa|2
|
|-weather|Sandstorm|[upkeep]
|-damage|p2a: Ribombee|34/100|[from] Sandstorm
|-damage|p1a: Lurantis|43/100|[from] Sandstorm
|upkeep
|turn|92
|
|t:|1657491648
|move|p2a: Ribombee|Roost|p2a: Ribombee
|-heal|p2a: Ribombee|84/100
|-singleturn|p2a: Ribombee|move: Roost
|move|p1a: Lurantis|Leaf Storm|p2a: Ribombee
|-resisted|p2a: Ribombee
|-damage|p2a: Ribombee|17/100
|-boost|p1a: Lurantis|spa|2
|
|-weather|Sandstorm|[upkeep]
|-damage|p2a: Ribombee|11/100|[from] Sandstorm
|-damage|p1a: Lurantis|37/100|[from] Sandstorm
|upkeep
|turn|93
|
|t:|1657491656
|switch|p1a: Coalossal|Coalossal, F|25/100
|move|p2a: Ribombee|Moonblast|p1a: Coalossal
|-resisted|p1a: Coalossal
|-damage|p1a: Coalossal|17/100
|
|-weather|Sandstorm|[upkeep]
|-damage|p2a: Ribombee|5/100|[from] Sandstorm
|upkeep
|turn|94
|
|t:|1657491674
|switch|p2a: Gigalith|Gigalith, M|74/100
|-damage|p2a: Gigalith|62/100|[from] Stealth Rock
|move|p1a: Coalossal|Flamethrower|p2a: Gigalith
|-resisted|p2a: Gigalith
|-damage|p2a: Gigalith|55/100
|
|-weather|none
|-heal|p2a: Gigalith|61/100|[from] item: Leftovers
|upkeep
|turn|95
|
|t:|1657491692
|move|p1a: Coalossal|Stone Edge|p2a: Gigalith
|-damage|p2a: Gigalith|42/100
|move|p2a: Gigalith|Stealth Rock|p1a: Coalossal
|-sidestart|p1: Lambovino|move: Stealth Rock
|
|-heal|p2a: Gigalith|48/100|[from] item: Leftovers
|upkeep
|turn|96
|inactive|xavgb has 60 seconds left.
|
|t:|1657491706
|move|p1a: Coalossal|Rapid Spin|p2a: Gigalith
|-resisted|p2a: Gigalith
|-damage|p2a: Gigalith|45/100
|-boost|p1a: Coalossal|spe|1
|-sideend|p1: Lambovino|Stealth Rock|[from] move: Rapid Spin|[of] p1a: Coalossal
|move|p2a: Gigalith|Stealth Rock|p1a: Coalossal
|-sidestart|p1: Lambovino|move: Stealth Rock
|
|-heal|p2a: Gigalith|51/100|[from] item: Leftovers
|upkeep
|turn|97
|inactive|xavgb has 60 seconds left.
|
|t:|1657491717
|move|p1a: Coalossal|Stone Edge|p2a: Gigalith
|-crit|p2a: Gigalith
|-damage|p2a: Gigalith|20/100
|move|p2a: Gigalith|Stealth Rock||[still]
|-fail|p2a: Gigalith
|
|-heal|p2a: Gigalith|27/100|[from] item: Leftovers
|upkeep
|turn|98
|inactive|xavgb has 60 seconds left.
|
|t:|1657491725
|move|p1a: Coalossal|Stone Edge|p2a: Gigalith
|-damage|p2a: Gigalith|8/100
|move|p2a: Gigalith|Rest|p2a: Gigalith
|-status|p2a: Gigalith|slp|[from] move: Rest
|-heal|p2a: Gigalith|100/100 slp|[silent]
|
|upkeep
|turn|99
|j|+gorex
|
|t:|1657491733
|switch|p1a: Lurantis|Lurantis, M|37/100
|-damage|p1a: Lurantis|24/100|[from] Stealth Rock
|cant|p2a: Gigalith|slp
|
|upkeep
|turn|100
|
|t:|1657491740
|switch|p2a: Ribombee|Ribombee, F|5/100
|-damage|p2a: Ribombee|0 fnt|[from] Stealth Rock
|faint|p2a: Ribombee
|move|p1a: Lurantis|Synthesis|p1a: Lurantis
|-heal|p1a: Lurantis|74/100
|
|upkeep
|
|t:|1657491742
|switch|p2a: Gigalith|Gigalith, M|100/100 slp
|-damage|p2a: Gigalith|88/100 slp|[from] Stealth Rock
|-weather|Sandstorm|[from] ability: Sand Stream|[of] p2a: Gigalith
|turn|101
|
|t:|1657491744
|move|p1a: Lurantis|Superpower|p2a: Gigalith
|-supereffective|p2a: Gigalith
|-damage|p2a: Gigalith|47/100 slp
|-boost|p1a: Lurantis|atk|1
|-boost|p1a: Lurantis|def|1
|cant|p2a: Gigalith|slp
|
|-weather|Sandstorm|[upkeep]
|-damage|p1a: Lurantis|68/100|[from] Sandstorm
|-heal|p2a: Gigalith|53/100 slp|[from] item: Leftovers
|upkeep
|turn|102
|c|☆xavgb|gg
|c|☆Lambovino|gg
|
|t:|1657491750
|move|p1a: Lurantis|Superpower|p2a: Gigalith
|-supereffective|p2a: Gigalith
|-damage|p2a: Gigalith|0 fnt
|-boost|p1a: Lurantis|atk|1
|-boost|p1a: Lurantis|def|1
|faint|p2a: Gigalith
|
|win|Lambovino
|l| god mami pix
|l| cryingg
|l| Pepaire
|l| sugar ovens
|j| zS
|l|+shaneghoul
|l| hariyana grande
|l|+avarice
|l| zS
|l| Spl4sh
|l| Beraldinhoo
