|j|☆leon752008
|j|☆obama pause
|t:|1648035885
|gametype|singles
|player|p1|leon752008|flannery|1499
|player|p2|obama pause|dancer|1245
|teamsize|p1|6
|teamsize|p2|6
|gen|8
|tier|[Gen 8] PU
|rated|
|rule|Sleep Clause Mod: Limit one foe put to sleep
|rule|Species Clause: Limit one of each Pokémon
|rule|OHKO Clause: OHKO moves are banned
|rule|Evasion Moves Clause: Evasion moves are banned
|rule|Endless Battle Clause: Forcing endless battles is banned
|rule|HP Percentage Mod: HP is shown in percentages
|rule|Dynamax Clause: You cannot dynamax
|clearpoke
|poke|p1|Torracat, F|
|poke|p1|Trevenant, F|
|poke|p1|Regirock|
|poke|p1|Hitmonlee, M|
|poke|p1|Thievul, M|
|poke|p1|Articuno|
|poke|p2|Gigalith, F|
|poke|p2|Aromatisse, M|
|poke|p2|Qwilfish, M|
|poke|p2|Glastrier|
|poke|p2|Eldegoss, F|
|poke|p2|Sandaconda, F|
|teampreview
|inactive|Battle timer is ON: inactive players will automatically lose when time's up. (requested by leon752008)
|
|t:|1648035895
|start
|switch|p1a: Trevenant|Trevenant, F|100/100
|switch|p2a: Eldegoss|Eldegoss, F|100/100
|turn|1
|
|t:|1648035901
|switch|p2a: Glastrier|Glastrier|100/100
|move|p1a: Trevenant|Poltergeist|p2a: Glastrier
|-activate|p2a: Glastrier|move: Poltergeist|Assault Vest
|-damage|p2a: Glastrier|54/100
|-damage|p1a: Trevenant|91/100|[from] item: Life Orb
|
|upkeep
|turn|2
|
|t:|1648035911
|switch|p1a: Torracat|Torracat, F|100/100
|-ability|p1a: Torracat|Intimidate|boost
|-unboost|p2a: Glastrier|atk|1
|move|p2a: Glastrier|Icicle Crash|p1a: Torracat
|-resisted|p1a: Torracat
|-damage|p1a: Torracat|79/100
|
|upkeep
|turn|3
|
|t:|1648035916
|switch|p2a: Qwilfish|Qwilfish, M|100/100
|-ability|p2a: Qwilfish|Intimidate|boost
|-unboost|p1a: Torracat|atk|1
|move|p1a: Torracat|Parting Shot|p2a: Qwilfish
|-unboost|p2a: Qwilfish|atk|1
|-unboost|p2a: Qwilfish|spa|1
|
|t:|1648035922
|switch|p1a: Articuno|Articuno|100/100|[from]move: Parting Shot
|-ability|p1a: Articuno|Pressure
|
|upkeep
|turn|4
|
|t:|1648035927
|switch|p2a: Gigalith|Gigalith, F|100/100
|-weather|Sandstorm|[from] ability: Sand Stream|[of] p2a: Gigalith
|move|p1a: Articuno|Freeze-Dry|p2a: Gigalith
|-crit|p2a: Gigalith
|-damage|p2a: Gigalith|81/100
|
|-weather|Sandstorm|[upkeep]
|-damage|p1a: Articuno|94/100|[from] Sandstorm
|-heal|p2a: Gigalith|87/100|[from] item: Leftovers
|upkeep
|turn|5
|
|t:|1648035938
|switch|p1a: Regirock|Regirock|100/100
|move|p2a: Gigalith|Toxic|p1a: Regirock
|-status|p1a: Regirock|tox
|
|-weather|Sandstorm|[upkeep]
|-heal|p2a: Gigalith|94/100|[from] item: Leftovers
|-damage|p1a: Regirock|94/100 tox|[from] psn
|upkeep
|turn|6
|
|t:|1648035942
|switch|p2a: Eldegoss|Eldegoss, F|100/100
|move|p1a: Regirock|Stealth Rock|p2a: Eldegoss
|-sidestart|p2: obama pause|move: Stealth Rock
|
|-weather|Sandstorm|[upkeep]
|-damage|p2a: Eldegoss|94/100|[from] Sandstorm
|-heal|p1a: Regirock|100/100 tox|[from] item: Leftovers
|-damage|p1a: Regirock|88/100 tox|[from] psn
|upkeep
|turn|7
|
|t:|1648035954
|switch|p2a: Aromatisse|Aromatisse, M|100/100
|-damage|p2a: Aromatisse|88/100|[from] Stealth Rock
|switch|p1a: Trevenant|Trevenant, F|91/100
|
|-weather|Sandstorm|[upkeep]
|-damage|p1a: Trevenant|84/100|[from] Sandstorm
|-damage|p2a: Aromatisse|82/100|[from] Sandstorm
|-heal|p2a: Aromatisse|88/100|[from] item: Leftovers
|upkeep
|turn|8
|
|t:|1648035965
|move|p1a: Trevenant|Poltergeist|p2a: Aromatisse
|-activate|p2a: Aromatisse|move: Poltergeist|Leftovers
|-damage|p2a: Aromatisse|32/100
|-damage|p1a: Trevenant|75/100|[from] item: Life Orb
|move|p2a: Aromatisse|Wish|p2a: Aromatisse
|
|-weather|none
|-heal|p2a: Aromatisse|38/100|[from] item: Leftovers
|upkeep
|turn|9
|
|t:|1648035976
|switch|p2a: Qwilfish|Qwilfish, M|100/100
|-damage|p2a: Qwilfish|88/100|[from] Stealth Rock
|-ability|p2a: Qwilfish|Intimidate|boost
|-unboost|p1a: Trevenant|atk|1
|move|p1a: Trevenant|Horn Leech|p2a: Qwilfish
|-damage|p2a: Qwilfish|49/100
|-heal|p1a: Trevenant|92/100|[from] drain|[of] p2a: Qwilfish
|-damage|p1a: Trevenant|75/100|[from] item: Rocky Helmet|[of] p2a: Qwilfish
|-damage|p1a: Trevenant|65/100|[from] item: Life Orb
|
|-heal|p2a: Qwilfish|100/100|[from] move: Wish|[wisher] Aromatisse
|upkeep
|turn|10
|
|t:|1648035991
|switch|p1a: Articuno|Articuno|94/100
|-ability|p1a: Articuno|Pressure
|move|p2a: Qwilfish|Spikes|p1a: Articuno
|-sidestart|p1: leon752008|Spikes
|
|upkeep
|turn|11
|
|t:|1648036000
|switch|p2a: Gigalith|Gigalith, F|94/100
|-damage|p2a: Gigalith|81/100|[from] Stealth Rock
|-weather|Sandstorm|[from] ability: Sand Stream|[of] p2a: Gigalith
|switch|p1a: Trevenant|Trevenant, F|65/100
|-damage|p1a: Trevenant|53/100|[from] Spikes
|
|-weather|Sandstorm|[upkeep]
|-damage|p1a: Trevenant|47/100|[from] Sandstorm
|-heal|p2a: Gigalith|87/100|[from] item: Leftovers
|upkeep
|turn|12
|
|t:|1648036006
|move|p2a: Gigalith|Protect|p2a: Gigalith
|-singleturn|p2a: Gigalith|Protect
|move|p1a: Trevenant|Horn Leech|p2a: Gigalith
|-activate|p2a: Gigalith|move: Protect
|
|-weather|Sandstorm|[upkeep]
|-damage|p1a: Trevenant|41/100|[from] Sandstorm
|-heal|p2a: Gigalith|94/100|[from] item: Leftovers
|upkeep
|turn|13
|
|t:|1648036015
|move|p1a: Trevenant|Horn Leech|p2a: Gigalith
|-supereffective|p2a: Gigalith
|-damage|p2a: Gigalith|18/100
|-heal|p1a: Trevenant|79/100|[from] drain|[of] p2a: Gigalith
|-damage|p1a: Trevenant|69/100|[from] item: Life Orb
|move|p2a: Gigalith|Toxic|p1a: Trevenant
|-status|p1a: Trevenant|tox
|
|-weather|Sandstorm|[upkeep]
|-damage|p1a: Trevenant|63/100 tox|[from] Sandstorm
|-heal|p2a: Gigalith|24/100|[from] item: Leftovers
|-damage|p1a: Trevenant|56/100 tox|[from] psn
|upkeep
|turn|14
|
|t:|1648036027
|switch|p2a: Qwilfish|Qwilfish, M|100/100
|-damage|p2a: Qwilfish|88/100|[from] Stealth Rock
|-ability|p2a: Qwilfish|Intimidate|boost
|-unboost|p1a: Trevenant|atk|1
|move|p1a: Trevenant|Horn Leech|p2a: Qwilfish
|-damage|p2a: Qwilfish|52/100
|-heal|p1a: Trevenant|73/100 tox|[from] drain|[of] p2a: Qwilfish
|-damage|p1a: Trevenant|56/100 tox|[from] item: Rocky Helmet|[of] p2a: Qwilfish
|-damage|p1a: Trevenant|46/100 tox|[from] item: Life Orb
|
|-weather|Sandstorm|[upkeep]
|-damage|p2a: Qwilfish|46/100|[from] Sandstorm
|-damage|p1a: Trevenant|40/100 tox|[from] Sandstorm
|-damage|p1a: Trevenant|28/100 tox|[from] psn
|upkeep
|turn|15
|
|t:|1648036042
|-curestatus|p1a: Trevenant|tox|[from] ability: Natural Cure
|switch|p1a: Articuno|Articuno|94/100
|-ability|p1a: Articuno|Pressure
|move|p2a: Qwilfish|Destiny Bond|p2a: Qwilfish
|-singlemove|p2a: Qwilfish|Destiny Bond
|
|-weather|none
|upkeep
|turn|16
|
|t:|1648036054
|switch|p2a: Eldegoss|Eldegoss, F|100/100
|move|p1a: Articuno|Roost|p1a: Articuno
|-heal|p1a: Articuno|100/100
|-singleturn|p1a: Articuno|move: Roost
|
|upkeep
|turn|17
|
|t:|1648036057
|move|p1a: Articuno|Hurricane|p2a: Eldegoss
|-supereffective|p2a: Eldegoss
|-damage|p2a: Eldegoss|53/100
|move|p2a: Eldegoss|Rapid Spin|p1a: Articuno
|-damage|p1a: Articuno|95/100
|-boost|p2a: Eldegoss|spe|1
|-sideend|p2: obama pause|Stealth Rock|[from] move: Rapid Spin|[of] p2a: Eldegoss
|
|upkeep
|turn|18
|
|t:|1648036063
|move|p2a: Eldegoss|Leech Seed|p1a: Articuno
|-start|p1a: Articuno|move: Leech Seed
|move|p1a: Articuno|Defog|p2a: Eldegoss
|-unboost|p2a: Eldegoss|evasion|1
|-sideend|p1: leon752008|Spikes|[from] move: Defog|[of] p1a: Articuno
|
|-damage|p1a: Articuno|83/100|[from] Leech Seed|[of] p2a: Eldegoss
|-heal|p2a: Eldegoss|68/100|[silent]
|upkeep
|turn|19
|
|t:|1648036070
|switch|p2a: Gigalith|Gigalith, F|24/100
|-weather|Sandstorm|[from] ability: Sand Stream|[of] p2a: Gigalith
|switch|p1a: Torracat|Torracat, F|79/100
|-ability|p1a: Torracat|Intimidate|boost
|-unboost|p2a: Gigalith|atk|1
|
|-weather|Sandstorm|[upkeep]
|-damage|p1a: Torracat|73/100|[from] Sandstorm
|-heal|p2a: Gigalith|31/100|[from] item: Leftovers
|upkeep
|turn|20
|
|t:|1648036078
|move|p2a: Gigalith|Protect|p2a: Gigalith
|-singleturn|p2a: Gigalith|Protect
|move|p1a: Torracat|Toxic|p2a: Gigalith
|-activate|p2a: Gigalith|move: Protect
|
|-weather|Sandstorm|[upkeep]
|-damage|p1a: Torracat|67/100|[from] Sandstorm
|-heal|p2a: Gigalith|37/100|[from] item: Leftovers
|upkeep
|turn|21
|
|t:|1648036086
|move|p1a: Torracat|Toxic|p2a: Gigalith
|-status|p2a: Gigalith|tox
|move|p2a: Gigalith|Toxic|p1a: Torracat|[miss]
|-miss|p2a: Gigalith|p1a: Torracat
|
|-weather|Sandstorm|[upkeep]
|-damage|p1a: Torracat|61/100|[from] Sandstorm
|-heal|p2a: Gigalith|43/100 tox|[from] item: Leftovers
|-damage|p2a: Gigalith|37/100 tox|[from] psn
|upkeep
|turn|22
|
|t:|1648036089
|switch|p2a: Qwilfish|Qwilfish, M|46/100
|-ability|p2a: Qwilfish|Intimidate|boost
|-unboost|p1a: Torracat|atk|1
|move|p1a: Torracat|Parting Shot|p2a: Qwilfish
|-unboost|p2a: Qwilfish|atk|1
|-unboost|p2a: Qwilfish|spa|1
|j| 3453535i
|l| 3453535i
|
|t:|1648036104
|switch|p1a: Articuno|Articuno|83/100|[from]move: Parting Shot
|-ability|p1a: Articuno|Pressure
|
|-weather|Sandstorm|[upkeep]
|-damage|p2a: Qwilfish|40/100|[from] Sandstorm
|-damage|p1a: Articuno|77/100|[from] Sandstorm
|upkeep
|turn|23
|
|t:|1648036113
|switch|p2a: Glastrier|Glastrier|54/100
|move|p1a: Articuno|Freeze-Dry|p2a: Glastrier
|-resisted|p2a: Glastrier
|-damage|p2a: Glastrier|49/100
|
|-weather|none
|upkeep
|turn|24
|
|t:|1648036118
|switch|p1a: Torracat|Torracat, F|61/100
|-ability|p1a: Torracat|Intimidate|boost
|-unboost|p2a: Glastrier|atk|1
|move|p2a: Glastrier|Icicle Crash|p1a: Torracat
|-resisted|p1a: Torracat
|-damage|p1a: Torracat|42/100
|
|upkeep
|turn|25
|
|t:|1648036124
|switch|p2a: Sandaconda|Sandaconda, F|100/100
|move|p1a: Torracat|Parting Shot|p2a: Sandaconda
|-unboost|p2a: Sandaconda|atk|1
|-unboost|p2a: Sandaconda|spa|1
|
|t:|1648036127
|switch|p1a: Trevenant|Trevenant, F|28/100|[from]move: Parting Shot
|
|upkeep
|turn|26
|
|t:|1648036135
|switch|p2a: Qwilfish|Qwilfish, M|40/100
|-ability|p2a: Qwilfish|Intimidate|boost
|-unboost|p1a: Trevenant|atk|1
|move|p1a: Trevenant|Horn Leech|p2a: Qwilfish
|-damage|p2a: Qwilfish|5/100
|-heal|p1a: Trevenant|44/100|[from] drain|[of] p2a: Qwilfish
|-damage|p1a: Trevenant|27/100|[from] item: Rocky Helmet|[of] p2a: Qwilfish
|-damage|p1a: Trevenant|17/100|[from] item: Life Orb
|
|upkeep
|turn|27
|
|t:|1648036146
|switch|p1a: Thievul|Thievul, M|100/100
|move|p2a: Qwilfish|Destiny Bond|p2a: Qwilfish
|-singlemove|p2a: Qwilfish|Destiny Bond
|
|upkeep
|turn|28
|
|t:|1648036151
|switch|p1a: Torracat|Torracat, F|42/100
|-ability|p1a: Torracat|Intimidate|boost
|-unboost|p2a: Qwilfish|atk|1
|move|p2a: Qwilfish|Taunt|p1a: Torracat
|-start|p1a: Torracat|move: Taunt
|
|upkeep
|turn|29
|
|t:|1648036156
|switch|p2a: Aromatisse|Aromatisse, M|38/100
|move|p1a: Torracat|Flamethrower|p2a: Aromatisse
|-damage|p2a: Aromatisse|12/100
|
|-heal|p2a: Aromatisse|18/100|[from] item: Leftovers
|upkeep
|turn|30
|
|t:|1648036163
|move|p2a: Aromatisse|Protect|p2a: Aromatisse
|-singleturn|p2a: Aromatisse|Protect
|move|p1a: Torracat|Flamethrower|p2a: Aromatisse
|-activate|p2a: Aromatisse|move: Protect
|
|-heal|p2a: Aromatisse|25/100|[from] item: Leftovers
|-end|p1a: Torracat|move: Taunt
|upkeep
|turn|31
|
|t:|1648036171
|move|p1a: Torracat|Flamethrower|p2a: Aromatisse
|-damage|p2a: Aromatisse|3/100
|move|p2a: Aromatisse|Wish|p2a: Aromatisse
|
|-heal|p2a: Aromatisse|9/100|[from] item: Leftovers
|upkeep
|turn|32
|
|t:|1648036178
|switch|p2a: Glastrier|Glastrier|49/100
|move|p1a: Torracat|Toxic|p2a: Glastrier
|-status|p2a: Glastrier|tox
|
|-heal|p2a: Glastrier|99/100 tox|[from] move: Wish|[wisher] Aromatisse
|-damage|p2a: Glastrier|93/100 tox|[from] psn
|upkeep
|turn|33
|
|t:|1648036194
|move|p1a: Torracat|Endeavor|p2a: Glastrier
|-damage|p2a: Glastrier|35/100 tox
|move|p2a: Glastrier|Close Combat|p1a: Torracat
|-damage|p1a: Torracat|0 fnt
|-unboost|p2a: Glastrier|def|1
|-unboost|p2a: Glastrier|spd|1
|faint|p1a: Torracat
|-ability|p2a: Glastrier|Chilling Neigh|boost
|-boost|p2a: Glastrier|atk|1
|
|-damage|p2a: Glastrier|23/100 tox|[from] psn
|upkeep
|
|t:|1648036204
|switch|p1a: Thievul|Thievul, M|100/100
|turn|34
|
|t:|1648036208
|move|p1a: Thievul|Dark Pulse|p2a: Glastrier
|-damage|p2a: Glastrier|0 fnt
|faint|p2a: Glastrier
|
|upkeep
|
|t:|1648036215
|switch|p2a: Eldegoss|Eldegoss, F|100/100
|turn|35
|
|t:|1648036231
|switch|p1a: Articuno|Articuno|77/100
|-ability|p1a: Articuno|Pressure
|move|p2a: Eldegoss|Aromatherapy|p2a: Eldegoss
|-activate|p2a: Eldegoss|move: Aromatherapy
|-curestatus|p2: Gigalith|tox|[msg]
|
|upkeep
|turn|36
|
|t:|1648036239
|move|p1a: Articuno|Freeze-Dry|p2a: Eldegoss
|-supereffective|p2a: Eldegoss
|-damage|p2a: Eldegoss|67/100
|move|p2a: Eldegoss|Leech Seed|p1a: Articuno
|-start|p1a: Articuno|move: Leech Seed
|
|-damage|p1a: Articuno|65/100|[from] Leech Seed|[of] p2a: Eldegoss
|-heal|p2a: Eldegoss|82/100|[silent]
|upkeep
|turn|37
|
|t:|1648036247
|switch|p1a: Trevenant|Trevenant, F|17/100
|switch|p2a: Aromatisse|Aromatisse, M|9/100
|
|-heal|p2a: Aromatisse|15/100|[from] item: Leftovers
|upkeep
|turn|38
|
|t:|1648036253
|move|p2a: Aromatisse|Protect|p2a: Aromatisse
|-singleturn|p2a: Aromatisse|Protect
|move|p1a: Trevenant|Poltergeist|p2a: Aromatisse
|-activate|p2a: Aromatisse|move: Protect
|
|-heal|p2a: Aromatisse|21/100|[from] item: Leftovers
|upkeep
|turn|39
|
|t:|1648036261
|switch|p2a: Qwilfish|Qwilfish, M|5/100
|-ability|p2a: Qwilfish|Intimidate|boost
|-unboost|p1a: Trevenant|atk|1
|move|p1a: Trevenant|Poltergeist|p2a: Qwilfish
|-activate|p2a: Qwilfish|move: Poltergeist|Rocky Helmet
|-damage|p2a: Qwilfish|0 fnt
|faint|p2a: Qwilfish
|-damage|p1a: Trevenant|7/100|[from] item: Life Orb
|
|upkeep
|
|t:|1648036274
|switch|p2a: Eldegoss|Eldegoss, F|100/100
|turn|40
|
|t:|1648036283
|switch|p1a: Articuno|Articuno|65/100
|-ability|p1a: Articuno|Pressure
|move|p2a: Eldegoss|Giga Drain|p1a: Articuno
|-resisted|p1a: Articuno
|-damage|p1a: Articuno|58/100
|
|upkeep
|turn|41
|
|t:|1648036288
|move|p1a: Articuno|Hurricane|p2a: Eldegoss|[miss]
|-miss|p1a: Articuno|p2a: Eldegoss
|move|p2a: Eldegoss|Leech Seed|p1a: Articuno
|-start|p1a: Articuno|move: Leech Seed
|
|-damage|p1a: Articuno|46/100|[from] Leech Seed|[of] p2a: Eldegoss
|upkeep
|turn|42
|
|t:|1648036293
|switch|p2a: Gigalith|Gigalith, F|37/100
|-weather|Sandstorm|[from] ability: Sand Stream|[of] p2a: Gigalith
|move|p1a: Articuno|Roost|p1a: Articuno
|-heal|p1a: Articuno|96/100
|-singleturn|p1a: Articuno|move: Roost
|
|-weather|Sandstorm|[upkeep]
|-damage|p1a: Articuno|90/100|[from] Sandstorm
|-heal|p2a: Gigalith|43/100|[from] item: Leftovers
|-damage|p1a: Articuno|78/100|[from] Leech Seed|[of] p2a: Gigalith
|-heal|p2a: Gigalith|55/100|[silent]
|upkeep
|turn|43
|
|t:|1648036298
|switch|p1a: Regirock|Regirock|88/100 tox
|move|p2a: Gigalith|Rock Blast|p1a: Regirock
|-damage|p1a: Regirock|83/100 tox
|-damage|p1a: Regirock|78/100 tox
|-crit|p1a: Regirock
|-damage|p1a: Regirock|71/100 tox
|-damage|p1a: Regirock|67/100 tox
|-damage|p1a: Regirock|63/100 tox
|-hitcount|p1a: Regirock|5
|
|-weather|Sandstorm|[upkeep]
|-heal|p1a: Regirock|69/100 tox|[from] item: Leftovers
|-heal|p2a: Gigalith|62/100|[from] item: Leftovers
|-damage|p1a: Regirock|63/100 tox|[from] psn
|upkeep
|turn|44
|
|t:|1648036304
|move|p2a: Gigalith|Protect|p2a: Gigalith
|-singleturn|p2a: Gigalith|Protect
|move|p1a: Regirock|Stealth Rock|p2a: Gigalith
|-sidestart|p2: obama pause|move: Stealth Rock
|
|-weather|Sandstorm|[upkeep]
|-heal|p1a: Regirock|69/100 tox|[from] item: Leftovers
|-heal|p2a: Gigalith|68/100|[from] item: Leftovers
|-damage|p1a: Regirock|57/100 tox|[from] psn
|upkeep
|turn|45
|j| 3453535i
|
|t:|1648036312
|switch|p2a: Eldegoss|Eldegoss, F|100/100
|move|p1a: Regirock|Body Press|p2a: Eldegoss
|-damage|p2a: Eldegoss|53/100
|
|-weather|Sandstorm|[upkeep]
|-damage|p2a: Eldegoss|47/100|[from] Sandstorm
|-heal|p1a: Regirock|63/100 tox|[from] item: Leftovers
|-damage|p1a: Regirock|44/100 tox|[from] psn
|upkeep
|turn|46
|l| 3453535i
|
|t:|1648036315
|move|p2a: Eldegoss|Leech Seed|p1a: Regirock
|-start|p1a: Regirock|move: Leech Seed
|move|p1a: Regirock|Body Press|p2a: Eldegoss
|-damage|p2a: Eldegoss|1/100
|
|-weather|none
|-heal|p1a: Regirock|50/100 tox|[from] item: Leftovers
|-damage|p1a: Regirock|38/100 tox|[from] Leech Seed|[of] p2a: Eldegoss
|-heal|p2a: Eldegoss|15/100|[silent]
|-damage|p1a: Regirock|14/100 tox|[from] psn
|upkeep
|turn|47
|
|t:|1648036325
|move|p2a: Eldegoss|Giga Drain|p1a: Regirock
|-supereffective|p1a: Regirock
|-damage|p1a: Regirock|0 fnt
|-heal|p2a: Eldegoss|23/100|[from] drain|[of] p1a: Regirock
|faint|p1a: Regirock
|
|upkeep
|
|t:|1648036336
|switch|p1a: Thievul|Thievul, M|100/100
|turn|48
|
|t:|1648036342
|switch|p2a: Gigalith|Gigalith, F|68/100
|-damage|p2a: Gigalith|55/100|[from] Stealth Rock
|-weather|Sandstorm|[from] ability: Sand Stream|[of] p2a: Gigalith
|move|p1a: Thievul|Dark Pulse|p2a: Gigalith
|-damage|p2a: Gigalith|20/100
|
|-weather|Sandstorm|[upkeep]
|-damage|p1a: Thievul|94/100|[from] Sandstorm
|-heal|p2a: Gigalith|26/100|[from] item: Leftovers
|upkeep
|turn|49
|
|t:|1648036346
|move|p2a: Gigalith|Protect|p2a: Gigalith
|-singleturn|p2a: Gigalith|Protect
|move|p1a: Thievul|Dark Pulse|p2a: Gigalith
|-activate|p2a: Gigalith|move: Protect
|
|-weather|Sandstorm|[upkeep]
|-damage|p1a: Thievul|88/100|[from] Sandstorm
|-heal|p2a: Gigalith|32/100|[from] item: Leftovers
|upkeep
|turn|50
|
|t:|1648036356
|switch|p1a: Hitmonlee|Hitmonlee, M|100/100
|switch|p2a: Aromatisse|Aromatisse, M|21/100
|-damage|p2a: Aromatisse|9/100|[from] Stealth Rock
|
|-weather|Sandstorm|[upkeep]
|-damage|p1a: Hitmonlee|94/100|[from] Sandstorm
|-damage|p2a: Aromatisse|3/100|[from] Sandstorm
|-heal|p2a: Aromatisse|9/100|[from] item: Leftovers
|upkeep
|turn|51
|
|t:|1648036366
|move|p2a: Aromatisse|Protect|p2a: Aromatisse
|-singleturn|p2a: Aromatisse|Protect
|move|p1a: Hitmonlee|Close Combat|p2a: Aromatisse
|-activate|p2a: Aromatisse|move: Protect
|
|-weather|Sandstorm|[upkeep]
|-damage|p1a: Hitmonlee|88/100|[from] Sandstorm
|-damage|p2a: Aromatisse|3/100|[from] Sandstorm
|-heal|p2a: Aromatisse|9/100|[from] item: Leftovers
|upkeep
|turn|52
|
|t:|1648036370
|move|p1a: Hitmonlee|Close Combat|p2a: Aromatisse
|-resisted|p2a: Aromatisse
|-damage|p2a: Aromatisse|0 fnt
|-unboost|p1a: Hitmonlee|def|1
|-unboost|p1a: Hitmonlee|spd|1
|-enditem|p1a: Hitmonlee|White Herb
|-clearnegativeboost|p1a: Hitmonlee|[silent]
|faint|p2a: Aromatisse
|
|-weather|none
|upkeep
|
|t:|1648036372
|switch|p2a: Sandaconda|Sandaconda, F|100/100
|-damage|p2a: Sandaconda|94/100|[from] Stealth Rock
|turn|53
|
|t:|1648036379
|switch|p1a: Articuno|Articuno|78/100
|-ability|p1a: Articuno|Pressure
|move|p2a: Sandaconda|Stone Edge|p1a: Articuno
|-supereffective|p1a: Articuno
|-damage|p1a: Articuno|0 fnt
|faint|p1a: Articuno
|
|-heal|p2a: Sandaconda|100/100|[from] item: Leftovers
|upkeep
|
|t:|1648036388
|switch|p1a: Hitmonlee|Hitmonlee, M|88/100
|turn|54
|
|t:|1648036391
|move|p1a: Hitmonlee|Curse|p1a: Hitmonlee
|-unboost|p1a: Hitmonlee|spe|1
|-boost|p1a: Hitmonlee|atk|1
|-boost|p1a: Hitmonlee|def|1
|move|p2a: Sandaconda|Coil|p2a: Sandaconda
|-boost|p2a: Sandaconda|atk|1
|-boost|p2a: Sandaconda|def|1
|-boost|p2a: Sandaconda|accuracy|1
|
|upkeep
|turn|55
|
|t:|1648036395
|move|p2a: Sandaconda|Coil|p2a: Sandaconda
|-boost|p2a: Sandaconda|atk|1
|-boost|p2a: Sandaconda|def|1
|-boost|p2a: Sandaconda|accuracy|1
|move|p1a: Hitmonlee|Close Combat|p2a: Sandaconda
|-damage|p2a: Sandaconda|71/100
|-unboost|p1a: Hitmonlee|def|1
|-unboost|p1a: Hitmonlee|spd|1
|
|-heal|p2a: Sandaconda|77/100|[from] item: Leftovers
|upkeep
|turn|56
|
|t:|1648036398
|move|p2a: Sandaconda|Earthquake|p1a: Hitmonlee
|-damage|p1a: Hitmonlee|0 fnt
|faint|p1a: Hitmonlee
|
|-heal|p2a: Sandaconda|83/100|[from] item: Leftovers
|upkeep
|
|t:|1648036404
|switch|p1a: Thievul|Thievul, M|88/100
|turn|57
|
|t:|1648036407
|move|p1a: Thievul|Dark Pulse|p2a: Sandaconda
|-damage|p2a: Sandaconda|34/100
|move|p2a: Sandaconda|Earthquake|p1a: Thievul
|-damage|p1a: Thievul|0 fnt
|faint|p1a: Thievul
|
|-heal|p2a: Sandaconda|40/100|[from] item: Leftovers
|upkeep
|
|t:|1648036412
|switch|p1a: Trevenant|Trevenant, F|7/100
|turn|58
|
|t:|1648036414
|move|p2a: Sandaconda|Earthquake|p1a: Trevenant
|-resisted|p1a: Trevenant
|-damage|p1a: Trevenant|0 fnt
|faint|p1a: Trevenant
|
|win|obama pause
|raw|leon752008's rating: 1499 &rarr; <strong>1467</strong><br />(-32 for losing)
|raw|obama pause's rating: 1245 &rarr; <strong>1286</strong><br />(+41 for winning)
|l|☆leon752008
|c|☆obama pause|gg
