|j|☆MZ
|j|☆Haffling
|t:|1665413242
|gametype|singles
|player|p1|MZ|#megazard|
|player|p2|Haffling|cyrus|
|teamsize|p1|6
|teamsize|p2|6
|gen|8
|tier|[Gen 8] PU
|rule|Sleep Clause Mod: Limit one foe put to sleep
|rule|Species Clause: Limit one of each Pokémon
|rule|OHKO Clause: OHKO moves are banned
|rule|Evasion Items Clause: Evasion items are banned
|rule|Evasion Moves Clause: Evasion moves are banned
|rule|Endless Battle Clause: Forcing endless battles is banned
|rule|HP Percentage Mod: HP is shown in percentages
|rule|Dynamax Clause: You cannot dynamax
|clearpoke
|poke|p1|Centiskorch, M|
|poke|p1|Doublade, F|
|poke|p1|Wishiwashi, M|
|poke|p1|Ribombee, M|
|poke|p1|Gigalith, F|
|poke|p1|Sandslash, M|
|poke|p2|Charizard, F|
|poke|p2|Scrafty, M|
|poke|p2|Togedemaru, M|
|poke|p2|Eldegoss, F|
|poke|p2|Gigalith, M|
|poke|p2|Quagsire, M|
|teampreview
|c|☆Haffling|hf
|inactive|Battle timer is ON: inactive players will automatically lose when time's up. (requested by Haffling)
|c|☆MZ|u2
|inactive|MZ has 270 seconds left.
|
|t:|1665413286
|start
|switch|p1a: Gigalith|Gigalith, F|100/100
|switch|p2a: Scrafty|Scrafty, M|100/100
|-weather|Sandstorm|[from] ability: Sand Stream|[of] p1a: Gigalith
|turn|1
|inactive|MZ has 270 seconds left.
|
|t:|1665413329
|switch|p1a: Wishiwashi|Wishiwashi, M|100/100
|-formechange|p1a: Wishiwashi|Wishiwashi-School||[from] ability: Schooling
|move|p2a: Scrafty|Knock Off|p1a: Wishiwashi
|-damage|p1a: Wishiwashi|69/100
|-enditem|p1a: Wishiwashi|Leftovers|[from] move: Knock Off|[of] p2a: Scrafty
|
|-weather|Sandstorm|[upkeep]
|-damage|p2a: Scrafty|95/100|[from] Sandstorm
|-damage|p1a: Wishiwashi|62/100|[from] Sandstorm
|-heal|p2a: Scrafty|100/100|[from] item: Leftovers
|upkeep
|turn|2
|
|t:|1665413345
|move|p2a: Scrafty|Taunt|p1a: Wishiwashi
|-start|p1a: Wishiwashi|move: Taunt
|cant|p1a: Wishiwashi|move: Taunt|Rest
|
|-weather|Sandstorm|[upkeep]
|-damage|p2a: Scrafty|95/100|[from] Sandstorm
|-damage|p1a: Wishiwashi|56/100|[from] Sandstorm
|-heal|p2a: Scrafty|100/100|[from] item: Leftovers
|upkeep
|turn|3
|
|t:|1665413354
|move|p2a: Scrafty|Knock Off|p1a: Wishiwashi
|-damage|p1a: Wishiwashi|37/100
|move|p1a: Wishiwashi|U-turn|p2a: Scrafty
|-damage|p2a: Scrafty|77/100
|
|t:|1665413369
|switch|p1a: Ribombee|Ribombee, M|100/100|[from]move: U-turn
|
|-weather|Sandstorm|[upkeep]
|-damage|p1a: Ribombee|95/100|[from] Sandstorm
|-damage|p2a: Scrafty|71/100|[from] Sandstorm
|-heal|p2a: Scrafty|77/100|[from] item: Leftovers
|upkeep
|turn|4
|
|t:|1665413376
|switch|p2a: Togedemaru|Togedemaru, M|100/100
|move|p1a: Ribombee|Moonblast|p2a: Togedemaru
|-resisted|p2a: Togedemaru
|-damage|p2a: Togedemaru|84/100
|
|-weather|Sandstorm|[upkeep]
|-damage|p1a: Ribombee|89/100|[from] Sandstorm
|-heal|p2a: Togedemaru|90/100|[from] item: Leftovers
|upkeep
|turn|5
|
|t:|1665413392
|switch|p1a: Centiskorch|Centiskorch, M|100/100
|move|p2a: Togedemaru|U-turn|p1a: Centiskorch
|-resisted|p1a: Centiskorch
|-damage|p1a: Centiskorch|90/100
|
|t:|1665413398
|switch|p2a: Scrafty|Scrafty, M|77/100|[from]move: U-turn
|
|-weather|none
|-heal|p2a: Scrafty|83/100|[from] item: Leftovers
|upkeep
|turn|6
|
|t:|1665413411
|switch|p1a: Ribombee|Ribombee, M|89/100
|move|p2a: Scrafty|Knock Off|p1a: Ribombee
|-resisted|p1a: Ribombee
|-damage|p1a: Ribombee|46/100
|-enditem|p1a: Ribombee|Heavy-Duty Boots|[from] move: Knock Off|[of] p2a: Scrafty
|
|-heal|p2a: Scrafty|89/100|[from] item: Leftovers
|upkeep
|turn|7
|
|t:|1665413419
|switch|p2a: Togedemaru|Togedemaru, M|90/100
|move|p1a: Ribombee|Roost|p1a: Ribombee
|-heal|p1a: Ribombee|96/100
|-singleturn|p1a: Ribombee|move: Roost
|
|-heal|p2a: Togedemaru|96/100|[from] item: Leftovers
|upkeep
|turn|8
|inactive|MZ has 270 seconds left.
|
|t:|1665413435
|switch|p1a: Sandslash|Sandslash, M|100/100
|move|p2a: Togedemaru|U-turn|p1a: Sandslash
|-damage|p1a: Sandslash|89/100
|
|t:|1665413438
|switch|p2a: Quagsire|Quagsire, M|100/100|[from]move: U-turn
|
|-heal|p1a: Sandslash|96/100|[from] item: Leftovers
|upkeep
|turn|9
|inactive|MZ has 270 seconds left.
|
|t:|1665413448
|switch|p1a: Wishiwashi|Wishiwashi, M|37/100
|-formechange|p1a: Wishiwashi|Wishiwashi-School||[from] ability: Schooling
|move|p2a: Quagsire|Scald|p1a: Wishiwashi
|-resisted|p1a: Wishiwashi
|-damage|p1a: Wishiwashi|28/100
|-status|p1a: Wishiwashi|brn
|
|-damage|p1a: Wishiwashi|22/100 brn|[from] brn
|-formechange|p1a: Wishiwashi|Wishiwashi||[from] ability: Schooling
|upkeep
|turn|10
|
|t:|1665413457
|move|p1a: Wishiwashi|Rest|p1a: Wishiwashi
|-status|p1a: Wishiwashi|slp|[from] move: Rest
|-heal|p1a: Wishiwashi|100/100 slp|[silent]
|move|p2a: Quagsire|Earthquake|p1a: Wishiwashi
|-damage|p1a: Wishiwashi|45/100 slp
|
|-formechange|p1a: Wishiwashi|Wishiwashi-School||[from] ability: Schooling
|upkeep
|turn|11
|
|t:|1665413463
|move|p2a: Quagsire|Toxic|p1a: Wishiwashi|[miss]
|-miss|p2a: Quagsire|p1a: Wishiwashi
|cant|p1a: Wishiwashi|slp
|move|p1a: Wishiwashi|Sleep Talk|p1a: Wishiwashi
|move|p1a: Wishiwashi|Rest||[from]move: Sleep Talk|[still]
|-fail|p1a: Wishiwashi
|
|upkeep
|turn|12
|
|t:|1665413470
|switch|p2a: Gigalith|Gigalith, M|100/100
|-weather|Sandstorm|[from] ability: Sand Stream|[of] p2a: Gigalith
|cant|p1a: Wishiwashi|slp
|move|p1a: Wishiwashi|Sleep Talk|p1a: Wishiwashi
|move|p1a: Wishiwashi|U-turn|p2a: Gigalith|[from]move: Sleep Talk
|-damage|p2a: Gigalith|86/100
|
|t:|1665413479
|switch|p1a: Sandslash|Sandslash, M|96/100|[from]move: U-turn
|
|-weather|Sandstorm|[upkeep]
|-heal|p1a: Sandslash|100/100|[from] item: Leftovers
|-heal|p2a: Gigalith|92/100|[from] item: Leftovers
|upkeep
|turn|13
|
|t:|1665413487
|switch|p2a: Eldegoss|Eldegoss, F|100/100
|move|p1a: Sandslash|Spikes|p2a: Eldegoss
|-sidestart|p2: Haffling|Spikes
|
|-weather|Sandstorm|[upkeep]
|-damage|p2a: Eldegoss|94/100|[from] Sandstorm
|upkeep
|turn|14
|
|t:|1665413494
|switch|p1a: Doublade|Doublade, F|100/100
|move|p2a: Eldegoss|Leech Seed|p1a: Doublade
|-start|p1a: Doublade|move: Leech Seed
|
|-weather|Sandstorm|[upkeep]
|-damage|p2a: Eldegoss|88/100|[from] Sandstorm
|-damage|p1a: Doublade|88/100|[from] Leech Seed|[of] p2a: Eldegoss
|-heal|p2a: Eldegoss|100/100|[silent]
|upkeep
|turn|15
|
|t:|1665413501
|move|p2a: Eldegoss|Rapid Spin|p1a: Doublade
|-immune|p1a: Doublade
|move|p1a: Doublade|Swords Dance|p1a: Doublade
|-boost|p1a: Doublade|atk|2
|
|-weather|Sandstorm|[upkeep]
|-damage|p2a: Eldegoss|94/100|[from] Sandstorm
|-damage|p1a: Doublade|76/100|[from] Leech Seed|[of] p2a: Eldegoss
|-heal|p2a: Eldegoss|100/100|[silent]
|upkeep
|turn|16
|
|t:|1665413510
|switch|p2a: Quagsire|Quagsire, M|100/100
|move|p1a: Doublade|Shadow Claw|p2a: Quagsire
|-damage|p2a: Quagsire|75/100
|
|-weather|none
|-damage|p1a: Doublade|63/100|[from] Leech Seed|[of] p2a: Quagsire
|-heal|p2a: Quagsire|85/100|[silent]
|upkeep
|turn|17
|
|t:|1665413518
|switch|p1a: Ribombee|Ribombee, M|96/100
|move|p2a: Quagsire|Earthquake|p1a: Ribombee
|-resisted|p1a: Ribombee
|-damage|p1a: Ribombee|70/100
|
|upkeep
|turn|18
|
|t:|1665413528
|switch|p1a: Centiskorch|Centiskorch, M|90/100
|switch|p2a: Charizard|Charizard, F|100/100
|
|upkeep
|turn|19
|
|t:|1665413535
|switch|p1a: Gigalith|Gigalith, F|100/100
|-weather|Sandstorm|[from] ability: Sand Stream|[of] p1a: Gigalith
|move|p2a: Charizard|Toxic|p1a: Gigalith
|-status|p1a: Gigalith|tox
|
|-weather|Sandstorm|[upkeep]
|-damage|p2a: Charizard|94/100|[from] Sandstorm
|-damage|p1a: Gigalith|94/100 tox|[from] psn
|upkeep
|turn|20
|
|t:|1665413545
|switch|p2a: Gigalith|Gigalith, M|92/100
|-damage|p2a: Gigalith|80/100|[from] Spikes
|switch|p1a: Sandslash|Sandslash, M|100/100
|
|-weather|Sandstorm|[upkeep]
|-heal|p2a: Gigalith|86/100|[from] item: Leftovers
|upkeep
|turn|21
|
|t:|1665413555
|switch|p1a: Centiskorch|Centiskorch, M|90/100
|move|p2a: Gigalith|Stealth Rock|p1a: Centiskorch
|-sidestart|p1: MZ|move: Stealth Rock
|
|-weather|Sandstorm|[upkeep]
|-damage|p1a: Centiskorch|83/100|[from] Sandstorm
|-heal|p2a: Gigalith|92/100|[from] item: Leftovers
|upkeep
|turn|22
|
|t:|1665413565
|switch|p1a: Sandslash|Sandslash, M|100/100
|-damage|p1a: Sandslash|94/100|[from] Stealth Rock
|move|p2a: Gigalith|Protect||[still]
|-fail|p2a: Gigalith
|
|-weather|Sandstorm|[upkeep]
|-heal|p1a: Sandslash|100/100|[from] item: Leftovers
|-heal|p2a: Gigalith|98/100|[from] item: Leftovers
|upkeep
|turn|23
|j| steelkeys
|c| steelkeys|MZ
|c| steelkeys|goat
|
|t:|1665413584
|switch|p2a: Eldegoss|Eldegoss, F|100/100
|move|p1a: Sandslash|Rapid Spin|p2a: Eldegoss
|-damage|p2a: Eldegoss|92/100
|-boost|p1a: Sandslash|spe|1
|-sideend|p1: MZ|Stealth Rock|[from] move: Rapid Spin|[of] p1a: Sandslash
|
|-weather|none
|upkeep
|turn|24
|
|t:|1665413595
|switch|p1a: Centiskorch|Centiskorch, M|83/100
|move|p2a: Eldegoss|Giga Drain|p1a: Centiskorch
|-resisted|p1a: Centiskorch
|-damage|p1a: Centiskorch|78/100
|-heal|p2a: Eldegoss|94/100|[from] drain|[of] p1a: Centiskorch
|
|upkeep
|turn|25
|n|+keys|steelkeys
|
|t:|1665413613
|move|p1a: Centiskorch|Knock Off|p2a: Eldegoss
|-damage|p2a: Eldegoss|66/100
|-enditem|p2a: Eldegoss|Heavy-Duty Boots|[from] move: Knock Off|[of] p1a: Centiskorch
|move|p2a: Eldegoss|Leech Seed|p1a: Centiskorch
|-start|p1a: Centiskorch|move: Leech Seed
|
|-damage|p1a: Centiskorch|66/100|[from] Leech Seed|[of] p2a: Eldegoss
|-heal|p2a: Eldegoss|79/100|[silent]
|upkeep
|turn|26
|
|t:|1665413619
|switch|p2a: Scrafty|Scrafty, M|89/100
|-damage|p2a: Scrafty|77/100|[from] Spikes
|move|p1a: Centiskorch|Knock Off|p2a: Scrafty
|-resisted|p2a: Scrafty
|-damage|p2a: Scrafty|67/100
|-enditem|p2a: Scrafty|Leftovers|[from] move: Knock Off|[of] p1a: Centiskorch
|
|-damage|p1a: Centiskorch|54/100|[from] Leech Seed|[of] p2a: Scrafty
|-heal|p2a: Scrafty|82/100|[silent]
|upkeep
|turn|27
|
|t:|1665413627
|switch|p1a: Ribombee|Ribombee, M|70/100
|move|p2a: Scrafty|Poison Jab|p1a: Ribombee
|-supereffective|p1a: Ribombee
|-damage|p1a: Ribombee|0 fnt
|faint|p1a: Ribombee
|
|upkeep
|
|t:|1665413641
|switch|p1a: Sandslash|Sandslash, M|100/100
|turn|28
|
|t:|1665413664
|switch|p2a: Eldegoss|Eldegoss, F|100/100
|-damage|p2a: Eldegoss|88/100|[from] Spikes
|switch|p1a: Centiskorch|Centiskorch, M|54/100
|
|upkeep
|turn|29
|
|t:|1665413676
|move|p1a: Centiskorch|Leech Life|p2a: Eldegoss
|-supereffective|p2a: Eldegoss
|-damage|p2a: Eldegoss|25/100
|-heal|p1a: Centiskorch|84/100|[from] drain|[of] p2a: Eldegoss
|move|p2a: Eldegoss|Leech Seed|p1a: Centiskorch
|-start|p1a: Centiskorch|move: Leech Seed
|
|-damage|p1a: Centiskorch|71/100|[from] Leech Seed|[of] p2a: Eldegoss
|-heal|p2a: Eldegoss|38/100|[silent]
|upkeep
|turn|30
|
|t:|1665413687
|switch|p2a: Quagsire|Quagsire, M|85/100
|move|p1a: Centiskorch|Fire Lash|p2a: Quagsire
|-resisted|p2a: Quagsire
|-damage|p2a: Quagsire|71/100
|-unboost|p2a: Quagsire|def|1
|
|-damage|p1a: Centiskorch|59/100|[from] Leech Seed|[of] p2a: Quagsire
|-heal|p2a: Quagsire|82/100|[silent]
|upkeep
|turn|31
|
|t:|1665413699
|switch|p1a: Gigalith|Gigalith, F|94/100 tox
|-weather|Sandstorm|[from] ability: Sand Stream|[of] p1a: Gigalith
|switch|p2a: Charizard|Charizard, F|94/100
|
|-weather|Sandstorm|[upkeep]
|-damage|p2a: Charizard|88/100|[from] Sandstorm
|-heal|p1a: Gigalith|100/100 tox|[from] item: Leftovers
|-damage|p1a: Gigalith|94/100 tox|[from] psn
|upkeep
|turn|32
|l|+keys
|
|t:|1665413707
|switch|p2a: Eldegoss|Eldegoss, F|71/100
|-damage|p2a: Eldegoss|59/100|[from] Spikes
|move|p1a: Gigalith|Rock Blast|p2a: Eldegoss
|-damage|p2a: Eldegoss|48/100
|-damage|p2a: Eldegoss|38/100
|-damage|p2a: Eldegoss|29/100
|-hitcount|p2a: Eldegoss|3
|
|-weather|Sandstorm|[upkeep]
|-damage|p2a: Eldegoss|22/100|[from] Sandstorm
|-heal|p1a: Gigalith|100/100 tox|[from] item: Leftovers
|-damage|p1a: Gigalith|88/100 tox|[from] psn
|upkeep
|turn|33
|
|t:|1665413714
|switch|p2a: Scrafty|Scrafty, M|82/100
|-damage|p2a: Scrafty|70/100|[from] Spikes
|move|p1a: Gigalith|Stealth Rock|p2a: Scrafty
|-sidestart|p2: Haffling|move: Stealth Rock
|
|-weather|Sandstorm|[upkeep]
|-damage|p2a: Scrafty|64/100|[from] Sandstorm
|-heal|p1a: Gigalith|94/100 tox|[from] item: Leftovers
|-damage|p1a: Gigalith|76/100 tox|[from] psn
|upkeep
|turn|34
|
|t:|1665413726
|switch|p1a: Sandslash|Sandslash, M|100/100
|move|p2a: Scrafty|Knock Off|p1a: Sandslash
|-damage|p1a: Sandslash|72/100
|-enditem|p1a: Sandslash|Leftovers|[from] move: Knock Off|[of] p2a: Scrafty
|
|-weather|Sandstorm|[upkeep]
|-damage|p2a: Scrafty|58/100|[from] Sandstorm
|upkeep
|turn|35
|
|t:|1665413734
|switch|p2a: Quagsire|Quagsire, M|82/100
|move|p1a: Sandslash|Earthquake|p2a: Quagsire
|-damage|p2a: Quagsire|59/100
|
|-weather|none
|upkeep
|turn|36
|
|t:|1665413739
|move|p1a: Sandslash|Spikes|p2a: Quagsire
|-sidestart|p2: Haffling|Spikes
|move|p2a: Quagsire|Recover|p2a: Quagsire
|-heal|p2a: Quagsire|100/100
|
|upkeep
|turn|37
|
|t:|1665413751
|switch|p1a: Wishiwashi|Wishiwashi, M|45/100 slp
|-formechange|p1a: Wishiwashi|Wishiwashi-School||[from] ability: Schooling
|move|p2a: Quagsire|Toxic||[still]
|-fail|p2a: Quagsire
|
|upkeep
|turn|38
|
|t:|1665413760
|-curestatus|p1a: Wishiwashi|slp|[msg]
|move|p1a: Wishiwashi|U-turn|p2a: Quagsire
|-damage|p2a: Quagsire|87/100
|
|t:|1665413765
|switch|p1a: Centiskorch|Centiskorch, M|59/100|[from]move: U-turn
|move|p2a: Quagsire|Earthquake|p1a: Centiskorch
|-damage|p1a: Centiskorch|13/100
|
|upkeep
|turn|39
|
|t:|1665413776
|switch|p2a: Togedemaru|Togedemaru, M|96/100
|-damage|p2a: Togedemaru|79/100|[from] Spikes
|-damage|p2a: Togedemaru|73/100|[from] Stealth Rock
|move|p1a: Centiskorch|Knock Off|p2a: Togedemaru
|-damage|p2a: Togedemaru|20/100
|-enditem|p2a: Togedemaru|Leftovers|[from] move: Knock Off|[of] p1a: Centiskorch
|
|upkeep
|turn|40
|
|t:|1665413792
|switch|p1a: Doublade|Doublade, F|63/100
|move|p2a: Togedemaru|U-turn|p1a: Doublade
|-resisted|p1a: Doublade
|-damage|p1a: Doublade|61/100
|inactive|Haffling has 270 seconds left.
|c|☆MZ|last game i lose cuz my wishi is too slow
|
|t:|1665413827
|switch|p2a: Charizard|Charizard, F|88/100|[from]move: U-turn
|
|upkeep
|turn|41
|c|☆MZ|now my wishi is too fast
|c|☆MZ|this is sad
|inactive|Haffling has 270 seconds left.
|
|t:|1665413837
|switch|p1a: Gigalith|Gigalith, F|76/100 tox
|-weather|Sandstorm|[from] ability: Sand Stream|[of] p1a: Gigalith
|move|p2a: Charizard|Flamethrower|p1a: Gigalith
|-resisted|p1a: Gigalith
|-damage|p1a: Gigalith|65/100 tox
|
|-weather|Sandstorm|[upkeep]
|-damage|p2a: Charizard|82/100|[from] Sandstorm
|-heal|p1a: Gigalith|71/100 tox|[from] item: Leftovers
|-damage|p1a: Gigalith|65/100 tox|[from] psn
|upkeep
|turn|42
|
|t:|1665413861
|switch|p2a: Togedemaru|Togedemaru, M|20/100
|-damage|p2a: Togedemaru|4/100|[from] Spikes
|-damage|p2a: Togedemaru|0 fnt|[from] Stealth Rock
|faint|p2a: Togedemaru
|switch|p1a: Centiskorch|Centiskorch, M|13/100
|
|-weather|Sandstorm|[upkeep]
|-damage|p1a: Centiskorch|6/100|[from] Sandstorm
|upkeep
|c|☆Haffling|yea that defo help alot
|inactive|Haffling has 270 seconds left.
|
|t:|1665413881
|switch|p2a: Charizard|Charizard, F|82/100
|turn|43
|
|t:|1665413898
|switch|p1a: Gigalith|Gigalith, F|65/100 tox
|move|p2a: Charizard|Hurricane|p1a: Gigalith
|-resisted|p1a: Gigalith
|-damage|p1a: Gigalith|52/100 tox
|
|-weather|Sandstorm|[upkeep]
|-damage|p2a: Charizard|76/100|[from] Sandstorm
|-heal|p1a: Gigalith|58/100 tox|[from] item: Leftovers
|-damage|p1a: Gigalith|52/100 tox|[from] psn
|upkeep
|turn|44
|
|t:|1665413918
|switch|p2a: Quagsire|Quagsire, M|87/100
|move|p1a: Gigalith|Rock Blast|p2a: Quagsire
|-resisted|p2a: Quagsire
|-damage|p2a: Quagsire|83/100
|-resisted|p2a: Quagsire
|-damage|p2a: Quagsire|79/100
|-hitcount|p2a: Quagsire|2
|
|-weather|Sandstorm|[upkeep]
|-heal|p1a: Gigalith|58/100 tox|[from] item: Leftovers
|-damage|p1a: Gigalith|46/100 tox|[from] psn
|upkeep
|turn|45
|
|t:|1665413931
|move|p2a: Quagsire|Earthquake|p1a: Gigalith
|-supereffective|p1a: Gigalith
|-damage|p1a: Gigalith|0 fnt
|faint|p1a: Gigalith
|
|-weather|none
|upkeep
|inactive|MZ has 270 seconds left.
|c|☆MZ|dang i was really hoping it wouldnt roll very high
|c|☆MZ|not my set lol
|
|t:|1665413960
|switch|p1a: Centiskorch|Centiskorch, M|6/100
|turn|46
|
|t:|1665413968
|switch|p2a: Gigalith|Gigalith, M|98/100
|-damage|p2a: Gigalith|82/100|[from] Spikes
|-damage|p2a: Gigalith|69/100|[from] Stealth Rock
|-weather|Sandstorm|[from] ability: Sand Stream|[of] p2a: Gigalith
|move|p1a: Centiskorch|Leech Life|p2a: Gigalith
|-damage|p2a: Gigalith|36/100
|-heal|p1a: Centiskorch|25/100|[from] drain|[of] p2a: Gigalith
|
|-weather|Sandstorm|[upkeep]
|-damage|p1a: Centiskorch|18/100|[from] Sandstorm
|-heal|p2a: Gigalith|42/100|[from] item: Leftovers
|upkeep
|turn|47
|
|t:|1665413985
|move|p2a: Gigalith|Protect|p2a: Gigalith
|-singleturn|p2a: Gigalith|Protect
|move|p1a: Centiskorch|Knock Off|p2a: Gigalith
|-activate|p2a: Gigalith|move: Protect
|
|-weather|Sandstorm|[upkeep]
|-damage|p1a: Centiskorch|12/100|[from] Sandstorm
|-heal|p2a: Gigalith|49/100|[from] item: Leftovers
|upkeep
|turn|48
|
|t:|1665413993
|move|p1a: Centiskorch|Power Whip|p2a: Gigalith
|-supereffective|p2a: Gigalith
|-damage|p2a: Gigalith|0 fnt
|faint|p2a: Gigalith
|
|-weather|Sandstorm|[upkeep]
|-damage|p1a: Centiskorch|6/100|[from] Sandstorm
|upkeep
|
|t:|1665413998
|switch|p2a: Charizard|Charizard, F|76/100
|turn|49
|inactive|MZ has 270 seconds left.
|
|t:|1665414008
|switch|p1a: Doublade|Doublade, F|61/100
|move|p2a: Charizard|Hurricane|p1a: Doublade
|-resisted|p1a: Doublade
|-damage|p1a: Doublade|35/100
|
|-weather|Sandstorm|[upkeep]
|-damage|p2a: Charizard|70/100|[from] Sandstorm
|upkeep
|turn|50
|
|t:|1665414017
|move|p1a: Doublade|Shadow Sneak|p2a: Charizard
|-damage|p2a: Charizard|41/100
|move|p2a: Charizard|Flamethrower|p1a: Doublade
|-supereffective|p1a: Doublade
|-damage|p1a: Doublade|0 fnt
|faint|p1a: Doublade
|
|-weather|none
|upkeep
|inactive|MZ has 270 seconds left.
|j| o8 Lyndis o8
|inactive|MZ has 240 seconds left.
|inactive|MZ has 210 seconds left.
|
|t:|1665414103
|switch|p1a: Wishiwashi|Wishiwashi, M|45/100
|-formechange|p1a: Wishiwashi|Wishiwashi-School||[from] ability: Schooling
|turn|51
|
|t:|1665414108
|switch|p2a: Scrafty|Scrafty, M|58/100
|-damage|p2a: Scrafty|41/100|[from] Spikes
|-damage|p2a: Scrafty|36/100|[from] Stealth Rock
|move|p1a: Wishiwashi|U-turn|p2a: Scrafty
|-damage|p2a: Scrafty|13/100
|inactive|MZ has 180 seconds left.
|
|t:|1665414141
|switch|p1a: Centiskorch|Centiskorch, M|6/100|[from]move: U-turn
|
|upkeep
|turn|52
|
|t:|1665414146
|move|p1a: Centiskorch|Leech Life|p2a: Scrafty
|-damage|p2a: Scrafty|0 fnt
|-heal|p1a: Centiskorch|11/100|[from] drain|[of] p2a: Scrafty
|faint|p2a: Scrafty
|
|upkeep
|
|t:|1665414148
|switch|p2a: Charizard|Charizard, F|41/100
|turn|53
|
|t:|1665414160
|switch|p1a: Sandslash|Sandslash, M|72/100
|move|p2a: Charizard|Hurricane|p1a: Sandslash
|-damage|p1a: Sandslash|0 fnt
|faint|p1a: Sandslash
|
|upkeep
|
|t:|1665414165
|switch|p1a: Wishiwashi|Wishiwashi, M|45/100
|-formechange|p1a: Wishiwashi|Wishiwashi-School||[from] ability: Schooling
|turn|54
|
|t:|1665414174
|switch|p2a: Eldegoss|Eldegoss, F|56/100
|-damage|p2a: Eldegoss|39/100|[from] Spikes
|-damage|p2a: Eldegoss|27/100|[from] Stealth Rock
|move|p1a: Wishiwashi|U-turn|p2a: Eldegoss
|-supereffective|p2a: Eldegoss
|-damage|p2a: Eldegoss|0 fnt
|faint|p2a: Eldegoss
|
|t:|1665414176
|switch|p1a: Centiskorch|Centiskorch, M|11/100|[from]move: U-turn
|
|upkeep
|
|t:|1665414180
|switch|p2a: Charizard|Charizard, F|41/100
|turn|55
|inactive|MZ has 210 seconds left.
|
|t:|1665414189
|move|p2a: Charizard|Hurricane|p1a: Centiskorch
|-supereffective|p1a: Centiskorch
|-damage|p1a: Centiskorch|0 fnt
|faint|p1a: Centiskorch
|
|upkeep
|
|t:|1665414191
|switch|p1a: Wishiwashi|Wishiwashi, M|45/100
|-formechange|p1a: Wishiwashi|Wishiwashi-School||[from] ability: Schooling
|turn|56
|
|t:|1665414197
|move|p2a: Charizard|Hurricane|p1a: Wishiwashi
|-damage|p1a: Wishiwashi|3/100
|move|p1a: Wishiwashi|Scald|p2a: Charizard
|-supereffective|p2a: Charizard
|-damage|p2a: Charizard|0 fnt
|faint|p2a: Charizard
|
|-formechange|p1a: Wishiwashi|Wishiwashi||[from] ability: Schooling
|upkeep
|
|t:|1665414201
|switch|p2a: Quagsire|Quagsire, M|79/100
|turn|57
|c|☆MZ|damn
|c|☆MZ|very not my set
|
|t:|1665414215
|move|p1a: Wishiwashi|Rest|p1a: Wishiwashi
|-status|p1a: Wishiwashi|slp|[from] move: Rest
|-heal|p1a: Wishiwashi|100/100 slp|[silent]
|move|p2a: Quagsire|Earthquake|p1a: Wishiwashi
|-damage|p1a: Wishiwashi|47/100 slp
|
|-formechange|p1a: Wishiwashi|Wishiwashi-School||[from] ability: Schooling
|upkeep
|turn|58
|
|t:|1665414221
|cant|p1a: Wishiwashi|slp
|move|p1a: Wishiwashi|Sleep Talk|p1a: Wishiwashi
|move|p1a: Wishiwashi|U-turn|p2a: Quagsire|[from]move: Sleep Talk
|-damage|p2a: Quagsire|65/100
|move|p2a: Quagsire|Earthquake|p1a: Wishiwashi
|-damage|p1a: Wishiwashi|25/100 slp
|
|-formechange|p1a: Wishiwashi|Wishiwashi||[from] ability: Schooling
|upkeep
|turn|59
|c|☆Haffling|gg
|c|☆MZ|yeah
|c|☆MZ|man that sucks
|c|☆MZ|ah well gg
|
|t:|1665414234
|cant|p1a: Wishiwashi|slp
|move|p1a: Wishiwashi|Sleep Talk|p1a: Wishiwashi
|move|p1a: Wishiwashi|U-turn|p2a: Quagsire|[from]move: Sleep Talk
|-damage|p2a: Quagsire|62/100
|move|p2a: Quagsire|Earthquake|p1a: Wishiwashi
|-crit|p1a: Wishiwashi
|-damage|p1a: Wishiwashi|0 fnt
|faint|p1a: Wishiwashi
|
|win|Haffling
