|raw|<div class="broadcast-blue"><strong>This battle is required to be public due to a player having a name starting with 'pult4c1'.</div>
|j|☆QiYu5
|j|☆pult4c1 skelly
|t:|1661056508
|gametype|singles
|player|p1|QiYu5|drayden|1413
|player|p2|pult4c1 skelly|2|1628
|teamsize|p1|6
|teamsize|p2|6
|gen|8
|tier|[Gen 8] PU
|rated|
|rule|Sleep Clause Mod: Limit one foe put to sleep
|rule|Species Clause: Limit one of each Pokémon
|rule|OHKO Clause: OHKO moves are banned
|rule|Evasion Items Clause: Evasion items are banned
|rule|Evasion Moves Clause: Evasion moves are banned
|rule|Endless Battle Clause: Forcing endless battles is banned
|rule|HP Percentage Mod: HP is shown in percentages
|rule|Dynamax Clause: You cannot dynamax
|clearpoke
|poke|p1|Doublade, M|
|poke|p1|Accelgor, F|
|poke|p1|Sneasel, F|
|poke|p1|Kabutops, M|
|poke|p1|Silvally-*|
|poke|p1|Turtonator, M|
|poke|p2|Audino, F|
|poke|p2|Qwilfish, M|
|poke|p2|Carbink|
|poke|p2|Claydol|
|poke|p2|Sableye, M|
|poke|p2|Articuno|
|teampreview
|inactive|Battle timer is ON: inactive players will automatically lose when time's up. (requested by QiYu5)
|
|t:|1661056520
|start
|switch|p1a: 全世界的舞铲阶级都站起来|Kabutops, M|100/100
|switch|p2a: Qwilfish|Qwilfish, M|100/100
|-ability|p2a: Qwilfish|Intimidate|boost
|-unboost|p1a: 全世界的舞铲阶级都站起来|atk|1
|turn|1
|
|t:|1661056528
|move|p2a: Qwilfish|Waterfall|p1a: 全世界的舞铲阶级都站起来
|-damage|p1a: 全世界的舞铲阶级都站起来|67/100
|-ability|p1a: 全世界的舞铲阶级都站起来|Weak Armor|boost
|-unboost|p1a: 全世界的舞铲阶级都站起来|def|1
|-boost|p1a: 全世界的舞铲阶级都站起来|spe|2
|move|p1a: 全世界的舞铲阶级都站起来|Knock Off|p2a: Qwilfish
|-damage|p2a: Qwilfish|74/100
|-damage|p1a: 全世界的舞铲阶级都站起来|50/100|[from] item: Rocky Helmet|[of] p2a: Qwilfish
|-enditem|p2a: Qwilfish|Rocky Helmet|[from] move: Knock Off|[of] p1a: 全世界的舞铲阶级都站起来
|
|upkeep
|turn|2
|
|t:|1661056534
|move|p1a: 全世界的舞铲阶级都站起来|Rapid Spin|p2a: Qwilfish
|-damage|p2a: Qwilfish|60/100
|-boost|p1a: 全世界的舞铲阶级都站起来|spe|1
|move|p2a: Qwilfish|Toxic Spikes|p1a: 全世界的舞铲阶级都站起来
|-sidestart|p1: QiYu5|move: Toxic Spikes
|
|upkeep
|turn|3
|
|t:|1661056537
|switch|p2a: Sableye|Sableye, M|100/100
|move|p1a: 全世界的舞铲阶级都站起来|Stealth Rock|p2a: Sableye
|-sidestart|p2: pult4c1 skelly|move: Stealth Rock
|
|upkeep
|turn|4
|
|t:|1661056546
|switch|p1a: 想唱就唱吧唱的响亮|Accelgor, F|100/100
|-status|p1a: 想唱就唱吧唱的响亮|psn
|move|p2a: Sableye|Encore||[still]
|-fail|p2a: Sableye
|
|-damage|p1a: 想唱就唱吧唱的响亮|88/100 psn|[from] psn
|upkeep
|turn|5
|
|t:|1661056550
|switch|p2a: Carbink|Carbink|100/100
|-damage|p2a: Carbink|88/100|[from] Stealth Rock
|move|p1a: 想唱就唱吧唱的响亮|Bug Buzz|p2a: Carbink
|-resisted|p2a: Carbink
|-damage|p2a: Carbink|75/100
|-enditem|p1a: 想唱就唱吧唱的响亮|Throat Spray
|-boost|p1a: 想唱就唱吧唱的响亮|spa|1|[from] item: Throat Spray
|
|-heal|p2a: Carbink|82/100|[from] item: Leftovers
|-damage|p1a: 想唱就唱吧唱的响亮|76/100 psn|[from] psn
|upkeep
|turn|6
|
|t:|1661056553
|move|p1a: 想唱就唱吧唱的响亮|Sludge Bomb|p2a: Carbink
|-damage|p2a: Carbink|56/100
|-status|p2a: Carbink|psn
|move|p2a: Carbink|Moonblast|p1a: 想唱就唱吧唱的响亮
|-damage|p1a: 想唱就唱吧唱的响亮|42/100 psn
|-unboost|p1a: 想唱就唱吧唱的响亮|spa|1
|
|-heal|p2a: Carbink|63/100 psn|[from] item: Leftovers
|-damage|p1a: 想唱就唱吧唱的响亮|29/100 psn|[from] psn
|-damage|p2a: Carbink|50/100 psn|[from] psn
|upkeep
|turn|7
|
|t:|1661056556
|move|p1a: 想唱就唱吧唱的响亮|Energy Ball|p2a: Carbink
|-supereffective|p2a: Carbink
|-damage|p2a: Carbink|15/100 psn
|move|p2a: Carbink|Rest|p2a: Carbink
|-status|p2a: Carbink|slp|[from] move: Rest
|-heal|p2a: Carbink|100/100 slp|[silent]
|
|-damage|p1a: 想唱就唱吧唱的响亮|17/100 psn|[from] psn
|upkeep
|turn|8
|
|t:|1661056564
|switch|p1a: 三拳打死镇关西|Sneasel, F|100/100
|-status|p1a: 三拳打死镇关西|psn
|switch|p2a: Audino|Audino, F|100/100
|
|-damage|p1a: 三拳打死镇关西|88/100 psn|[from] psn
|upkeep
|turn|9
|
|t:|1661056569
|move|p2a: Audino|Protect|p2a: Audino
|-singleturn|p2a: Audino|Protect
|move|p1a: 三拳打死镇关西|Swords Dance|p1a: 三拳打死镇关西
|-boost|p1a: 三拳打死镇关西|atk|2
|
|-damage|p1a: 三拳打死镇关西|76/100 psn|[from] psn
|upkeep
|turn|10
|
|t:|1661056580
|move|p1a: 三拳打死镇关西|Triple Axel|p2a: Audino
|-damage|p2a: Audino|81/100
|-damage|p2a: Audino|41/100
|-damage|p2a: Audino|0 fnt
|faint|p2a: Audino
|-hitcount|p2: Audino|3
|
|-damage|p1a: 三拳打死镇关西|63/100 psn|[from] psn
|upkeep
|
|t:|1661056597
|switch|p2a: Articuno|Articuno|100/100
|-ability|p2a: Articuno|Pressure
|turn|11
|
|t:|1661056600
|move|p1a: 三拳打死镇关西|Triple Axel|p2a: Articuno
|-damage|p2a: Articuno|83/100
|-damage|p2a: Articuno|50/100
|-damage|p2a: Articuno|0 fnt
|faint|p2a: Articuno
|-hitcount|p2: Articuno|3
|
|-damage|p1a: 三拳打死镇关西|51/100 psn|[from] psn
|upkeep
|
|t:|1661056605
|switch|p2a: Carbink|Carbink|100/100 slp
|-damage|p2a: Carbink|88/100 slp|[from] Stealth Rock
|turn|12
|
|t:|1661056609
|move|p1a: 三拳打死镇关西|Triple Axel|p2a: Carbink
|-damage|p2a: Carbink|70/100 slp
|-damage|p2a: Carbink|35/100 slp
|-damage|p2a: Carbink|0 fnt
|faint|p2a: Carbink
|-hitcount|p2: Carbink|3
|
|-damage|p1a: 三拳打死镇关西|39/100 psn|[from] psn
|upkeep
|
|t:|1661056612
|switch|p2a: Sableye|Sableye, M|100/100
|-damage|p2a: Sableye|88/100|[from] Stealth Rock
|turn|13
|
|t:|1661056615
|move|p1a: 三拳打死镇关西|Triple Axel|p2a: Sableye
|-damage|p2a: Sableye|68/100
|-damage|p2a: Sableye|28/100
|-damage|p2a: Sableye|0 fnt
|faint|p2a: Sableye
|-hitcount|p2: Sableye|3
|
|-damage|p1a: 三拳打死镇关西|26/100 psn|[from] psn
|upkeep
|
|t:|1661056622
|switch|p2a: Claydol|Claydol|100/100
|-damage|p2a: Claydol|94/100|[from] Stealth Rock
|turn|14
|
|t:|1661056626
|move|p1a: 三拳打死镇关西|Knock Off|p2a: Claydol
|-supereffective|p2a: Claydol
|-enditem|p2a: Claydol|Colbur Berry|[eat]
|-enditem|p2a: Claydol|Colbur Berry|[weaken]
|-damage|p2a: Claydol|34/100
|move|p2a: Claydol|Rapid Spin|p1a: 三拳打死镇关西
|-damage|p1a: 三拳打死镇关西|10/100 psn
|-boost|p2a: Claydol|spe|1
|-sideend|p2: pult4c1 skelly|Stealth Rock|[from] move: Rapid Spin|[of] p2a: Claydol
|
|-damage|p1a: 三拳打死镇关西|0 fnt|[from] psn
|faint|p1a: 三拳打死镇关西
|upkeep
|
|t:|1661056632
|switch|p1a: 如果我是Dj你会爱我吗|Silvally-Grass|100/100
|-status|p1a: 如果我是Dj你会爱我吗|psn
|turn|15
|
|t:|1661056635
|switch|p2a: Qwilfish|Qwilfish, M|60/100
|-ability|p2a: Qwilfish|Intimidate|boost
|-unboost|p1a: 如果我是Dj你会爱我吗|atk|1
|move|p1a: 如果我是Dj你会爱我吗|Swords Dance|p1a: 如果我是Dj你会爱我吗
|-boost|p1a: 如果我是Dj你会爱我吗|atk|2
|
|-damage|p1a: 如果我是Dj你会爱我吗|88/100 psn|[from] psn
|upkeep
|turn|16
|
|t:|1661056640
|move|p1a: 如果我是Dj你会爱我吗|Multi-Attack|p2a: Qwilfish
|-damage|p2a: Qwilfish|0 fnt
|faint|p2a: Qwilfish
|
|-damage|p1a: 如果我是Dj你会爱我吗|76/100 psn|[from] psn
|upkeep
|-message|pult4c1 skelly forfeited.
|
|win|QiYu5
|raw|QiYu5's rating: 1413 &rarr; <strong>1444</strong><br />(+31 for winning)
|raw|pult4c1 skelly's rating: 1632 &rarr; <strong>1601</strong><br />(-31 for losing)
|l|☆pult4c1 skelly
||Ladder isn't responding, score probably updated but might not have (Request timeout).
