|j|☆HJAD
|j|☆Blinkboy
|player|p1|HJAD|lance-gen2|
|player|p2|Blinkboy|saturn|
|teamsize|p1|6
|teamsize|p2|6
|gametype|singles
|gen|8
|tier|[Gen 8] PU
|clearpoke
|poke|p1|Palpitoad, M|
|poke|p1|Roselia, F|
|poke|p1|Silvally-*|
|poke|p1|Beheeyem, M|
|poke|p1|Noctowl, M|
|poke|p1|Ninjask, M|
|poke|p2|Liepard, M|
|poke|p2|Machoke, F|
|poke|p2|Gloom, M|
|poke|p2|Mawile, F|
|poke|p2|Silvally-*|
|poke|p2|Lapras, F|
|rule|Sleep Clause Mod: Limit one foe put to sleep
|rule|Species Clause: Limit one of each Pokémon
|rule|OHKO Clause: OHKO moves are banned
|rule|Evasion Moves Clause: Evasion moves are banned
|rule|Endless Battle Clause: Forcing endless battles is banned
|rule|HP Percentage Mod: HP is shown in percentages
|rule|Dynamax Clause: You cannot dynamax
|teampreview
|j|+tjay
|c|☆HJAD|hf!
|j| low lader bae
|j|+Union Caboche
|j| Tithonia Trance
|c|☆Blinkboy|Hf  :)
|j| Sir Pinsirlot
|j| uhuhuhu7
|j| royesk
|
|start
|switch|p1a: Beheeyem|Beheeyem, M|100/100
|switch|p2a: Lapras|Lapras, F|100/100
|turn|1
|j| kelly ㋛ kafka
|
|switch|p2a: Mawile|Mawile, F|100/100
|-ability|p2a: Mawile|Intimidate|boost
|-unboost|p1a: Beheeyem|atk|1
|move|p1a: Beheeyem|Thunderbolt|p2a: Mawile
|-damage|p2a: Mawile|28/100
|
|upkeep
|turn|2
|j| Musharnanigans
|l|+tjay
|j| zSpxdes
|c| zSpxdes|lgi hdad
|
|switch|p2a: Silvally|Silvally-Ground|100/100
|move|p1a: Beheeyem|Thunderbolt|p2a: Silvally
|-immune|p2a: Silvally
|
|upkeep
|turn|3
|
|move|p2a: Silvally|U-turn|p1a: Beheeyem
|-supereffective|p1a: Beheeyem
|-damage|p1a: Beheeyem|51/100
|j| j0gurt ㋛
|j| pattek
|j| Cash Fernandez
|c| Tithonia Trance|go blink
|j| zoowi
|
|switch|p2a: Liepard|Liepard, M|100/100|[from]move: U-turn
|move|p1a: Beheeyem|Thunderbolt|p2a: Liepard
|-damage|p2a: Liepard|2/100
|
|upkeep
|turn|4
|l| pattek
|
|switch|p1a: Silvally|Silvally-Fire|100/100
|move|p2a: Liepard|Knock Off|p1a: Silvally
|-damage|p1a: Silvally|57/100
|
|upkeep
|turn|5
|j| pattek
|j| Shing'n Streets
|
|switch|p2a: Lapras|Lapras, F|100/100
|move|p1a: Silvally|Multi-Attack|p2a: Lapras
|-damage|p2a: Lapras|50/100
|
|upkeep
|turn|6
|
|move|p1a: Silvally|Multi-Attack|p2a: Lapras
|-damage|p2a: Lapras|5/100
|move|p2a: Lapras|Hydro Pump|p1a: Silvally
|-supereffective|p1a: Silvally
|-damage|p1a: Silvally|0 fnt
|faint|p1a: Silvally
|
|upkeep
|
|switch|p1a: Ninjask|Ninjask, M|100/100
|turn|7
|
|switch|p2a: Silvally|Silvally-Ground|100/100
|move|p1a: Ninjask|U-turn|p2a: Silvally
|-damage|p2a: Silvally|66/100
|
|switch|p1a: Palpitoad|Palpitoad, M|100/100|[from]move: U-turn
|
|upkeep
|turn|8
|j| DiamondsRealm
|
|move|p2a: Silvally|U-turn|p1a: Palpitoad
|-damage|p1a: Palpitoad|88/100
|
|switch|p2a: Lapras|Lapras, F|5/100|[from]move: U-turn
|move|p1a: Palpitoad|Stealth Rock|p2a: Lapras
|-sidestart|p2: Blinkboy|move: Stealth Rock
|
|upkeep
|turn|9
|
|switch|p1a: Beheeyem|Beheeyem, M|51/100
|move|p2a: Lapras|Freeze-Dry|p1a: Beheeyem
|-damage|p1a: Beheeyem|8/100
|
|upkeep
|turn|10
|
|move|p2a: Lapras|Freeze-Dry|p1a: Beheeyem
|-damage|p1a: Beheeyem|0 fnt
|faint|p1a: Beheeyem
|
|upkeep
|
|switch|p1a: Ninjask|Ninjask, M|100/100
|turn|11
|
|move|p1a: Ninjask|U-turn|p2a: Lapras
|-damage|p2a: Lapras|0 fnt
|faint|p2a: Lapras
|
|switch|p1a: Roselia|Roselia, F|100/100|[from]move: U-turn
|
|upkeep
|j| alls☆taar
|
|switch|p2a: Machoke|Machoke, F|100/100
|-damage|p2a: Machoke|94/100|[from] Stealth Rock
|turn|12
|
|move|p1a: Roselia|Spikes|p2a: Machoke
|-sidestart|p2: Blinkboy|Spikes
|move|p2a: Machoke|Knock Off|p1a: Roselia
|-damage|p1a: Roselia|82/100
|-enditem|p1a: Roselia|Eviolite|[from] move: Knock Off|[of] p2a: Machoke
|
|upkeep
|turn|13
|
|move|p1a: Roselia|Spikes|p2a: Machoke
|-sidestart|p2: Blinkboy|Spikes
|move|p2a: Machoke|Knock Off|p1a: Roselia
|-damage|p1a: Roselia|61/100
|
|upkeep
|turn|14
|
|switch|p2a: Liepard|Liepard, M|2/100
|-damage|p2a: Liepard|0 fnt|[from] Stealth Rock
|faint|p2a: Liepard
|move|p1a: Roselia|Giga Drain|p2: Liepard|[notarget]
|-fail|p1a: Roselia
|
|upkeep
|
|switch|p2a: Rick|Gloom, M|100/100
|-damage|p2a: Rick|88/100|[from] Stealth Rock
|-damage|p2a: Rick|71/100|[from] Spikes
|turn|15
|
|move|p1a: Roselia|Synthesis|p1a: Roselia
|-heal|p1a: Roselia|100/100
|move|p2a: Rick|Sludge Bomb|p1a: Roselia
|-damage|p1a: Roselia|63/100
|
|upkeep
|turn|16
|
|move|p1a: Roselia|Spikes|p2a: Rick
|-sidestart|p2: Blinkboy|Spikes
|move|p2a: Rick|Sludge Bomb|p1a: Roselia
|-damage|p1a: Roselia|23/100
|
|upkeep
|turn|17
|l| pattek
|
|move|p1a: Roselia|Synthesis|p1a: Roselia
|-heal|p1a: Roselia|73/100
|move|p2a: Rick|Sludge Bomb|p1a: Roselia
|-crit|p1a: Roselia
|-damage|p1a: Roselia|16/100
|
|upkeep
|turn|18
|
|move|p1a: Roselia|Synthesis|p1a: Roselia
|-heal|p1a: Roselia|66/100
|move|p2a: Rick|Sludge Bomb|p1a: Roselia
|-damage|p1a: Roselia|31/100
|
|upkeep
|turn|19
|
|move|p1a: Roselia|Synthesis|p1a: Roselia
|-heal|p1a: Roselia|80/100
|move|p2a: Rick|Sludge Bomb|p1a: Roselia
|-damage|p1a: Roselia|46/100
|
|upkeep
|turn|20
|l| j0gurt ㋛
|
|move|p1a: Roselia|Synthesis|p1a: Roselia
|-heal|p1a: Roselia|96/100
|move|p2a: Rick|Sludge Bomb|p1a: Roselia
|-damage|p1a: Roselia|59/100
|
|upkeep
|turn|21
|j| j0gurt ㋛
|
|move|p1a: Roselia|Sludge Bomb|p2a: Rick
|-damage|p2a: Rick|42/100
|move|p2a: Rick|Sludge Bomb|p1a: Roselia
|-damage|p1a: Roselia|25/100
|
|upkeep
|turn|22
|
|switch|p1a: Noctowl|Noctowl, M|100/100
|move|p2a: Rick|Strength Sap|p1a: Noctowl
|-unboost|p1a: Noctowl|atk|1
|-heal|p2a: Rick|71/100
|
|upkeep
|turn|23
|
|move|p1a: Noctowl|Agility|p1a: Noctowl
|-boost|p1a: Noctowl|spe|2
|move|p2a: Rick|Sludge Bomb|p1a: Noctowl
|-damage|p1a: Noctowl|72/100
|
|upkeep
|turn|24
|c|☆Blinkboy|Ggs boss
|-message|Blinkboy forfeited.
|
|win|HJAD
|l|☆Blinkboy
|l| alls☆taar
|c|☆HJAD|ggs
|c| low lader bae|well done HJAD
|c| low lader bae|!
