|j|☆acluh1
|j|☆chlo
|t:|1658799230
|gametype|singles
|player|p1|acluh1|karen|
|player|p2|chlo|dawn-masters|
|teamsize|p1|6
|teamsize|p2|6
|gen|8
|tier|[Gen 8] PU
|rated|Tournament battle
|rule|Sleep Clause Mod: Limit one foe put to sleep
|rule|Species Clause: Limit one of each Pokémon
|rule|OHKO Clause: OHKO moves are banned
|rule|Evasion Moves Clause: Evasion moves are banned
|rule|Endless Battle Clause: Forcing endless battles is banned
|rule|HP Percentage Mod: HP is shown in percentages
|rule|Dynamax Clause: You cannot dynamax
|clearpoke
|poke|p1|Gigalith, F|
|poke|p1|Guzzlord|
|poke|p1|Ribombee, M|
|poke|p1|Charizard, M|
|poke|p1|Doublade, M|
|poke|p1|Sandaconda, M|
|poke|p2|Scrafty, F|
|poke|p2|Wishiwashi, M|
|poke|p2|Scyther, F|
|poke|p2|Gigalith, F|
|poke|p2|Whimsicott, F|
|poke|p2|Sandslash, M|
|teampreview
|inactive|Battle timer is ON: inactive players will automatically lose when time's up. (requested by acluh1)
|c|☆acluh1|gl
|j| kabilapoK ❄_❄
|c|☆chlo|u2
|
|t:|1658799251
|start
|switch|p1a: Sandaconda|Sandaconda, M|100/100
|switch|p2a: Scrafty|Scrafty, F|100/100
|turn|1
|
|t:|1658799259
|switch|p2a: Wishiwashi|Wishiwashi, M|100/100
|-formechange|p2a: Wishiwashi|Wishiwashi-School||[from] ability: Schooling
|switch|p1a: Ribombee|Ribombee, M, shiny|100/100
|
|upkeep
|turn|2
|j|+Oathkeeper
|
|t:|1658799289
|move|p1a: Ribombee|Moonblast|p2a: Wishiwashi
|-damage|p2a: Wishiwashi|66/100
|move|p2a: Wishiwashi|U-turn|p1a: Ribombee
|-resisted|p1a: Ribombee
|-damage|p1a: Ribombee|79/100
|j|+zoowi
|j|+sirmrwhale
|
|t:|1658799295
|switch|p2a: Gigalith|Gigalith, F|100/100|[from]move: U-turn
|-weather|Sandstorm|[from] ability: Sand Stream|[of] p2a: Gigalith
|
|-weather|Sandstorm|[upkeep]
|-damage|p1a: Ribombee|73/100|[from] Sandstorm
|upkeep
|turn|3
|
|t:|1658799301
|switch|p1a: Sandaconda|Sandaconda, M|100/100
|move|p2a: Gigalith|Stealth Rock|p1a: Sandaconda
|-sidestart|p1: acluh1|move: Stealth Rock
|
|-weather|Sandstorm|[upkeep]
|upkeep
|turn|4
|
|t:|1658799306
|switch|p2a: Wishiwashi|Wishiwashi, M|66/100
|-formechange|p2a: Wishiwashi|Wishiwashi-School||[from] ability: Schooling
|move|p1a: Sandaconda|Glare|p2a: Wishiwashi
|-status|p2a: Wishiwashi|par
|
|-weather|Sandstorm|[upkeep]
|-damage|p2a: Wishiwashi|60/100 par|[from] Sandstorm
|-heal|p2a: Wishiwashi|66/100 par|[from] item: Leftovers
|upkeep
|turn|5
|
|t:|1658799326
|move|p1a: Sandaconda|Earthquake|p2a: Wishiwashi
|-damage|p2a: Wishiwashi|26/100 par
|move|p2a: Wishiwashi|Rest|p2a: Wishiwashi
|-status|p2a: Wishiwashi|slp|[from] move: Rest
|-heal|p2a: Wishiwashi|100/100 slp|[silent]
|
|-weather|Sandstorm|[upkeep]
|-damage|p2a: Wishiwashi|94/100 slp|[from] Sandstorm
|-heal|p2a: Wishiwashi|100/100 slp|[from] item: Leftovers
|upkeep
|turn|6
|
|t:|1658799330
|switch|p1a: Guzzlord|Guzzlord|100/100
|-damage|p1a: Guzzlord|88/100|[from] Stealth Rock
|cant|p2a: Wishiwashi|slp
|move|p2a: Wishiwashi|Sleep Talk|p2a: Wishiwashi
|move|p2a: Wishiwashi|Scald|p1a: Guzzlord|[from]move: Sleep Talk
|-resisted|p1a: Guzzlord
|-damage|p1a: Guzzlord|71/100
|
|-weather|none
|upkeep
|turn|7
|j| skinny pale blonde
|
|t:|1658799338
|move|p1a: Guzzlord|Knock Off|p2a: Wishiwashi
|-damage|p2a: Wishiwashi|47/100 slp
|-enditem|p2a: Wishiwashi|Leftovers|[from] move: Knock Off|[of] p1a: Guzzlord
|cant|p2a: Wishiwashi|slp
|move|p2a: Wishiwashi|Sleep Talk|p2a: Wishiwashi
|move|p2a: Wishiwashi|Rest||[from]move: Sleep Talk|[still]
|-fail|p2a: Wishiwashi
|
|upkeep
|turn|8
|
|t:|1658799345
|move|p1a: Guzzlord|Knock Off|p2a: Wishiwashi
|-damage|p2a: Wishiwashi|10/100 slp
|-curestatus|p2a: Wishiwashi|slp|[msg]
|move|p2a: Wishiwashi|Rest|p2a: Wishiwashi
|-status|p2a: Wishiwashi|slp|[from] move: Rest
|-heal|p2a: Wishiwashi|100/100 slp|[silent]
|
|upkeep
|turn|9
|
|t:|1658799347
|switch|p1a: Doublade|Doublade, M|100/100
|-damage|p1a: Doublade|94/100|[from] Stealth Rock
|cant|p2a: Wishiwashi|slp
|move|p2a: Wishiwashi|Sleep Talk|p2a: Wishiwashi
|move|p2a: Wishiwashi|Rest||[from]move: Sleep Talk|[still]
|-fail|p2a: Wishiwashi
|
|upkeep
|turn|10
|j| ALlCE
|
|t:|1658799355
|move|p1a: Doublade|Swords Dance|p1a: Doublade
|-boost|p1a: Doublade|atk|2
|cant|p2a: Wishiwashi|slp
|move|p2a: Wishiwashi|Sleep Talk|p2a: Wishiwashi
|move|p2a: Wishiwashi|U-turn|p1a: Doublade|[from]move: Sleep Talk
|-resisted|p1a: Doublade
|-damage|p1a: Doublade|92/100
|
|t:|1658799367
|switch|p2a: Scrafty|Scrafty, F|100/100|[from]move: U-turn
|
|upkeep
|turn|11
|
|t:|1658799370
|move|p2a: Scrafty|Substitute|p2a: Scrafty
|-start|p2a: Scrafty|Substitute
|-damage|p2a: Scrafty|76/100
|move|p1a: Doublade|Close Combat|p2a: Scrafty
|-supereffective|p2a: Scrafty
|-crit|p2a: Scrafty
|-end|p2a: Scrafty|Substitute
|-unboost|p1a: Doublade|def|1
|-unboost|p1a: Doublade|spd|1
|
|-heal|p2a: Scrafty|82/100|[from] item: Leftovers
|upkeep
|turn|12
|
|t:|1658799375
|move|p2a: Scrafty|Substitute|p2a: Scrafty
|-start|p2a: Scrafty|Substitute
|-damage|p2a: Scrafty|57/100
|move|p1a: Doublade|Iron Head|p2a: Scrafty
|-end|p2a: Scrafty|Substitute
|
|-heal|p2a: Scrafty|63/100|[from] item: Leftovers
|upkeep
|turn|13
|
|t:|1658799379
|move|p2a: Scrafty|Knock Off|p1a: Doublade
|-supereffective|p1a: Doublade
|-damage|p1a: Doublade|25/100
|-enditem|p1a: Doublade|Eviolite|[from] move: Knock Off|[of] p2a: Scrafty
|move|p1a: Doublade|Iron Head|p2a: Scrafty
|-damage|p2a: Scrafty|0 fnt
|faint|p2a: Scrafty
|
|upkeep
|
|t:|1658799387
|switch|p2a: Sandslash|Sandslash, M|100/100
|turn|14
|
|t:|1658799390
|move|p1a: Doublade|Shadow Sneak|p2a: Sandslash
|-damage|p2a: Sandslash|74/100
|move|p2a: Sandslash|Earthquake|p1a: Doublade
|-supereffective|p1a: Doublade
|-damage|p1a: Doublade|0 fnt
|faint|p1a: Doublade
|
|-heal|p2a: Sandslash|80/100|[from] item: Leftovers
|upkeep
|
|t:|1658799395
|switch|p1a: Charizard|Charizard, M, shiny|100/100
|turn|15
|
|t:|1658799403
|switch|p1a: Sandaconda|Sandaconda, M|100/100
|-damage|p1a: Sandaconda|94/100|[from] Stealth Rock
|switch|p2a: Wishiwashi|Wishiwashi, M|100/100 slp
|-formechange|p2a: Wishiwashi|Wishiwashi-School||[from] ability: Schooling
|
|upkeep
|turn|16
|inactive|acluh1 has 120 seconds left.
|
|t:|1658799434
|switch|p1a: Guzzlord|Guzzlord|71/100
|-damage|p1a: Guzzlord|58/100|[from] Stealth Rock
|-curestatus|p2a: Wishiwashi|slp|[msg]
|move|p2a: Wishiwashi|Scald|p1a: Guzzlord
|-resisted|p1a: Guzzlord
|-damage|p1a: Guzzlord|41/100
|-status|p1a: Guzzlord|brn
|
|-damage|p1a: Guzzlord|35/100 brn|[from] brn
|upkeep
|turn|17
|
|t:|1658799443
|move|p1a: Guzzlord|Earthquake|p2a: Wishiwashi
|-damage|p2a: Wishiwashi|83/100
|move|p2a: Wishiwashi|U-turn|p1a: Guzzlord
|-supereffective|p1a: Guzzlord
|-damage|p1a: Guzzlord|0 fnt
|faint|p1a: Guzzlord
|
|t:|1658799449
|switch|p2a: Scyther|Scyther, F|100/100|[from]move: U-turn
|
|upkeep
|
|t:|1658799452
|switch|p1a: Sandaconda|Sandaconda, M|94/100
|-damage|p1a: Sandaconda|88/100|[from] Stealth Rock
|turn|18
|
|t:|1658799461
|move|p2a: Scyther|Knock Off|p1a: Sandaconda
|-damage|p1a: Sandaconda|61/100
|-damage|p2a: Scyther|84/100|[from] item: Rocky Helmet|[of] p1a: Sandaconda
|-enditem|p1a: Sandaconda|Rocky Helmet|[from] move: Knock Off|[of] p2a: Scyther
|move|p1a: Sandaconda|Glare|p2a: Scyther
|-status|p2a: Scyther|par
|
|upkeep
|turn|19
|
|t:|1658799467
|move|p1a: Sandaconda|Rock Slide|p2a: Scyther
|-supereffective|p2a: Scyther
|-crit|p2a: Scyther
|-damage|p2a: Scyther|0 fnt
|faint|p2a: Scyther
|
|upkeep
|c|☆chlo|:flushed:
|
|t:|1658799473
|switch|p2a: Wishiwashi|Wishiwashi, M|83/100
|-formechange|p2a: Wishiwashi|Wishiwashi-School||[from] ability: Schooling
|turn|20
|
|t:|1658799479
|switch|p1a: Gigalith|Gigalith, F, shiny|100/100
|-damage|p1a: Gigalith|88/100|[from] Stealth Rock
|-weather|Sandstorm|[from] ability: Sand Stream|[of] p1a: Gigalith
|move|p2a: Wishiwashi|Scald|p1a: Gigalith
|-supereffective|p1a: Gigalith
|-damage|p1a: Gigalith|50/100
|
|-weather|Sandstorm|[upkeep]
|-damage|p2a: Wishiwashi|77/100|[from] Sandstorm
|-heal|p1a: Gigalith|56/100|[from] item: Leftovers
|upkeep
|turn|21
|
|t:|1658799483
|switch|p2a: Sandslash|Sandslash, M|80/100
|move|p1a: Gigalith|Rock Blast|p2a: Sandslash
|-resisted|p2a: Sandslash
|-damage|p2a: Sandslash|77/100
|-resisted|p2a: Sandslash
|-damage|p2a: Sandslash|73/100
|-resisted|p2a: Sandslash
|-damage|p2a: Sandslash|69/100
|-hitcount|p2a: Sandslash|3
|
|-weather|Sandstorm|[upkeep]
|-heal|p2a: Sandslash|75/100|[from] item: Leftovers
|-heal|p1a: Gigalith|62/100|[from] item: Leftovers
|upkeep
|turn|22
|
|t:|1658799487
|move|p1a: Gigalith|Protect|p1a: Gigalith
|-singleturn|p1a: Gigalith|Protect
|move|p2a: Sandslash|Spikes|p1a: Gigalith
|-sidestart|p1: acluh1|Spikes
|
|-weather|Sandstorm|[upkeep]
|-heal|p2a: Sandslash|81/100|[from] item: Leftovers
|-heal|p1a: Gigalith|68/100|[from] item: Leftovers
|upkeep
|turn|23
|
|t:|1658799492
|move|p2a: Sandslash|Knock Off|p1a: Gigalith
|-damage|p1a: Gigalith|52/100
|-enditem|p1a: Gigalith|Leftovers|[from] move: Knock Off|[of] p2a: Sandslash
|move|p1a: Gigalith|Earthquake|p2a: Sandslash
|-damage|p2a: Sandslash|62/100
|
|-weather|Sandstorm|[upkeep]
|-heal|p2a: Sandslash|68/100|[from] item: Leftovers
|upkeep
|turn|24
|
|t:|1658799497
|switch|p1a: Charizard|Charizard, M, shiny|100/100
|move|p2a: Sandslash|Spikes|p1a: Charizard
|-sidestart|p1: acluh1|Spikes
|
|-weather|none
|-heal|p2a: Sandslash|74/100|[from] item: Leftovers
|upkeep
|turn|25
|
|t:|1658799502
|move|p1a: Charizard|Defog|p2a: Sandslash
|-unboost|p2a: Sandslash|evasion|1
|-sideend|p1: acluh1|Spikes|[from] move: Defog|[of] p1a: Charizard
|-sideend|p1: acluh1|Stealth Rock|[from] move: Defog|[of] p1a: Charizard
|move|p2a: Sandslash|Knock Off|p1a: Charizard
|-damage|p1a: Charizard|70/100
|-enditem|p1a: Charizard|Heavy-Duty Boots|[from] move: Knock Off|[of] p2a: Sandslash
|
|-heal|p2a: Sandslash|80/100|[from] item: Leftovers
|upkeep
|turn|26
|
|t:|1658799510
|switch|p2a: Gigalith|Gigalith, F|100/100
|-weather|Sandstorm|[from] ability: Sand Stream|[of] p2a: Gigalith
|move|p1a: Charizard|Hurricane|p2a: Gigalith|[miss]
|-miss|p1a: Charizard|p2a: Gigalith
|
|-weather|Sandstorm|[upkeep]
|-damage|p1a: Charizard|64/100|[from] Sandstorm
|upkeep
|turn|27
|c|+zoowi|damn mudrat
|
|t:|1658799517
|switch|p1a: Sandaconda|Sandaconda, M|61/100
|move|p2a: Gigalith|Stealth Rock|p1a: Sandaconda
|-sidestart|p1: acluh1|move: Stealth Rock
|
|-weather|Sandstorm|[upkeep]
|upkeep
|turn|28
|
|t:|1658799524
|switch|p2a: Whimsicott|Whimsicott, F|100/100
|move|p1a: Sandaconda|Earthquake|p2a: Whimsicott
|-resisted|p2a: Whimsicott
|-damage|p2a: Whimsicott|76/100
|
|-weather|Sandstorm|[upkeep]
|-damage|p2a: Whimsicott|70/100|[from] Sandstorm
|upkeep
|turn|29
|
|t:|1658799528
|move|p2a: Whimsicott|Moonblast|p1a: Sandaconda
|-damage|p1a: Sandaconda|27/100
|-unboost|p1a: Sandaconda|spa|1
|move|p1a: Sandaconda|Glare|p2a: Whimsicott
|-status|p2a: Whimsicott|par
|
|-weather|Sandstorm|[upkeep]
|-damage|p2a: Whimsicott|64/100 par|[from] Sandstorm
|upkeep
|turn|30
|
|t:|1658799532
|move|p1a: Sandaconda|Rock Slide|p2a: Whimsicott
|-damage|p2a: Whimsicott|40/100 par
|move|p2a: Whimsicott|Moonblast|p1a: Sandaconda
|-damage|p1a: Sandaconda|0 fnt
|faint|p1a: Sandaconda
|
|-weather|none
|upkeep
|
|t:|1658799542
|switch|p1a: Ribombee|Ribombee, M, shiny|73/100
|turn|31
|
|t:|1658799552
|switch|p2a: Gigalith|Gigalith, F|100/100
|-weather|Sandstorm|[from] ability: Sand Stream|[of] p2a: Gigalith
|move|p1a: Ribombee|Energy Ball|p2a: Gigalith
|-supereffective|p2a: Gigalith
|-damage|p2a: Gigalith|73/100
|
|-weather|Sandstorm|[upkeep]
|-damage|p1a: Ribombee|67/100|[from] Sandstorm
|-heal|p2a: Gigalith|79/100|[from] item: Leftovers
|upkeep
|turn|32
|
|t:|1658799557
|switch|p1a: Gigalith|Gigalith, F, shiny|52/100
|-damage|p1a: Gigalith|40/100|[from] Stealth Rock
|move|p2a: Gigalith|Rock Blast|p1a: Gigalith|[miss]
|-miss|p2a: Gigalith|p1a: Gigalith
|
|-weather|Sandstorm|[upkeep]
|-heal|p2a: Gigalith|86/100|[from] item: Leftovers
|upkeep
|turn|33
|
|t:|1658799560
|switch|p2a: Sandslash|Sandslash, M|80/100
|move|p1a: Gigalith|Earthquake|p2a: Sandslash
|-damage|p2a: Sandslash|58/100
|
|-weather|Sandstorm|[upkeep]
|-heal|p2a: Sandslash|64/100|[from] item: Leftovers
|upkeep
|turn|34
|c| ALlCE|chlonkers
|
|t:|1658799572
|move|p2a: Sandslash|Earthquake|p1a: Gigalith
|-supereffective|p1a: Gigalith
|-damage|p1a: Gigalith|0 fnt
|faint|p1a: Gigalith
|
|-weather|Sandstorm|[upkeep]
|-heal|p2a: Sandslash|71/100|[from] item: Leftovers
|upkeep
|
|t:|1658799574
|switch|p1a: Charizard|Charizard, M, shiny|64/100
|-damage|p1a: Charizard|14/100|[from] Stealth Rock
|turn|35
|c|☆chlo|chlonkers
|
|t:|1658799579
|move|p2a: Sandslash|Knock Off|p1a: Charizard
|-damage|p1a: Charizard|0 fnt
|faint|p1a: Charizard
|
|-weather|none
|-heal|p2a: Sandslash|77/100|[from] item: Leftovers
|upkeep
|
|t:|1658799580
|switch|p1a: Ribombee|Ribombee, M, shiny|67/100
|turn|36
|
|t:|1658799586
|switch|p2a: Gigalith|Gigalith, F|86/100
|-weather|Sandstorm|[from] ability: Sand Stream|[of] p2a: Gigalith
|move|p1a: Ribombee|Quiver Dance|p1a: Ribombee
|-boost|p1a: Ribombee|spa|1
|-boost|p1a: Ribombee|spd|1
|-boost|p1a: Ribombee|spe|1
|
|-weather|Sandstorm|[upkeep]
|-damage|p1a: Ribombee|61/100|[from] Sandstorm
|-heal|p2a: Gigalith|92/100|[from] item: Leftovers
|upkeep
|turn|37
|
|t:|1658799590
|move|p1a: Ribombee|Energy Ball|p2a: Gigalith
|-supereffective|p2a: Gigalith
|-damage|p2a: Gigalith|51/100
|move|p2a: Gigalith|Rock Blast|p1a: Ribombee
|-supereffective|p1a: Ribombee
|-damage|p1a: Ribombee|13/100
|-supereffective|p1a: Ribombee
|-damage|p1a: Ribombee|0 fnt
|faint|p1a: Ribombee
|-hitcount|p1: Ribombee|2
|
|win|chlo
|n|☆acluh1|acluh1
|n|☆chlo|chlo
|n| kabilapoK ❄_❄|kabilapok
|n|+Oathkeeper|oathkeeper
|n| zoowi|zoowi
|n| sirmrwhale|sirmrwhale
|n| skinny pale blonde|skinnypaleblonde
|n| ALlCE|allce
