|j|☆pult61a cem
|j|☆thinking of chu
|t:|1626603261
|gametype|singles
|player|p1|pult61a cem|lucas|1458
|player|p2|thinking of chu|clown|1564
|teamsize|p1|6
|teamsize|p2|6
|gen|8
|tier|[Gen 8] PU
|rated|
|rule|Sleep Clause Mod: Limit one foe put to sleep
|rule|Species Clause: Limit one of each Pokémon
|rule|OHKO Clause: OHKO moves are banned
|rule|Evasion Moves Clause: Evasion moves are banned
|rule|Endless Battle Clause: Forcing endless battles is banned
|rule|HP Percentage Mod: HP is shown in percentages
|rule|Dynamax Clause: You cannot dynamax
|clearpoke
|poke|p1|Weezing, M|
|poke|p1|Tsareena, F|
|poke|p1|Silvally-*|
|poke|p1|Ribombee, M|
|poke|p1|Gigalith, M|
|poke|p1|Sandslash, F|
|poke|p2|Gourgeist-*, F|
|poke|p2|Lunatone|
|poke|p2|Cryogonal|
|poke|p2|Poliwrath, M|
|poke|p2|Stunfisk-Galar, M|
|poke|p2|Weezing, F|
|teampreview
|inactive|Battle timer is ON: inactive players will automatically lose when time's up. (requested by pult61a cem)
|
|t:|1626603283
|start
|switch|p1a: Tsareena|Tsareena, F|100/100
|switch|p2a: Gourgeist|Gourgeist-Super, F|100/100
|-item|p1a: Tsareena|Heavy-Duty Boots|[from] ability: Frisk|[of] p2a: Gourgeist|[identify]
|turn|1
|
|t:|1626603286
|switch|p1a: Weezing|Weezing, M|100/100
|move|p2a: Gourgeist|Poltergeist||[still]
|-fail|p2a: Gourgeist
|
|upkeep
|turn|2
|j| Gva
|
|t:|1626603292
|switch|p2a: Lunatone|Lunatone|100/100
|move|p1a: Weezing|Will-O-Wisp|p2a: Lunatone
|-status|p2a: Lunatone|brn
|
|-damage|p2a: Lunatone|94/100 brn|[from] brn
|upkeep
|turn|3
|
|t:|1626603297
|switch|p1a: Silvally|Silvally-Steel|100/100
|move|p2a: Lunatone|Future Sight|p1a: Silvally
|-start|p2a: Lunatone|move: Future Sight
|
|-heal|p2a: Lunatone|100/100 brn|[from] item: Leftovers
|-damage|p2a: Lunatone|94/100 brn|[from] brn
|upkeep
|turn|4
|
|t:|1626603304
|switch|p1a: Gigalith|Gigalith, M|100/100
|-weather|Sandstorm|[from] ability: Sand Stream|[of] p1a: Gigalith
|switch|p2a: Poliwrath|Poliwrath, M|100/100
|
|-weather|Sandstorm|[upkeep]
|-damage|p2a: Poliwrath|94/100|[from] Sandstorm
|-heal|p2a: Poliwrath|100/100|[from] item: Leftovers
|upkeep
|turn|5
|
|t:|1626603307
|switch|p2a: Weezing|Weezing, F|100/100
|-ability|p2a: Weezing|Neutralizing Gas
|move|p1a: Gigalith|Protect||[still]
|-fail|p1a: Gigalith
|
|-weather|Sandstorm|[upkeep]
|-damage|p2a: Weezing|95/100|[from] Sandstorm
|-end|p1a: Gigalith|move: Future Sight
|-damage|p1a: Gigalith|72/100
|-heal|p2a: Weezing|100/100|[from] item: Black Sludge
|-heal|p1a: Gigalith|78/100|[from] item: Leftovers
|upkeep
|turn|6
|
|t:|1626603312
|move|p2a: Weezing|Taunt|p1a: Gigalith
|-start|p1a: Gigalith|move: Taunt
|cant|p1a: Gigalith|move: Taunt|Stealth Rock
|
|-weather|Sandstorm|[upkeep]
|-damage|p2a: Weezing|95/100|[from] Sandstorm
|-heal|p2a: Weezing|100/100|[from] item: Black Sludge
|-heal|p1a: Gigalith|84/100|[from] item: Leftovers
|upkeep
|turn|7
|c| Gva|Is this the legendary ayo bb
|
|t:|1626603316
|switch|p1a: Weezing|Weezing, M|100/100
|move|p2a: Weezing|Toxic Spikes|p1a: Weezing
|-sidestart|p1: pult61a cem|move: Toxic Spikes
|
|-weather|Sandstorm|[upkeep]
|-damage|p1a: Weezing|95/100|[from] Sandstorm
|-damage|p2a: Weezing|95/100|[from] Sandstorm
|-heal|p2a: Weezing|100/100|[from] item: Black Sludge
|upkeep
|turn|8
|
|t:|1626603321
|move|p2a: Weezing|Taunt|p1a: Weezing
|-start|p1a: Weezing|move: Taunt
|cant|p1a: Weezing|move: Taunt|Toxic Spikes
|
|-weather|none
|upkeep
|turn|9
|
|t:|1626603332
|-end|p2a: Weezing|ability: Neutralizing Gas
|switch|p2a: Lunatone|Lunatone|94/100 brn
|move|p1a: Weezing|Sludge Bomb|p2a: Lunatone
|-resisted|p2a: Lunatone
|-damage|p2a: Lunatone|80/100 brn
|
|-heal|p2a: Lunatone|87/100 brn|[from] item: Leftovers
|-damage|p2a: Lunatone|80/100 brn|[from] brn
|upkeep
|turn|10
|
|t:|1626603336
|switch|p1a: Tsareena|Tsareena, F|100/100
|move|p2a: Lunatone|Future Sight|p1a: Tsareena
|-start|p2a: Lunatone|move: Future Sight
|
|-heal|p2a: Lunatone|87/100 brn|[from] item: Leftovers
|-damage|p2a: Lunatone|80/100 brn|[from] brn
|upkeep
|turn|11
|
|t:|1626603340
|switch|p2a: Gourgeist|Gourgeist-Super, F|100/100
|-item|p1a: Tsareena|Heavy-Duty Boots|[from] ability: Frisk|[of] p2a: Gourgeist|[identify]
|move|p1a: Tsareena|Rapid Spin|p2a: Gourgeist
|-immune|p2a: Gourgeist
|
|upkeep
|turn|12
|
|t:|1626603354
|move|p1a: Tsareena|Knock Off|p2a: Gourgeist
|-supereffective|p2a: Gourgeist
|-damage|p2a: Gourgeist|62/100
|move|p2a: Gourgeist|Poltergeist|p1a: Tsareena
|-activate|p1a: Tsareena|move: Poltergeist|Heavy-Duty Boots
|-damage|p1a: Tsareena|33/100
|
|-end|p1a: Tsareena|move: Future Sight
|-damage|p1a: Tsareena|0 fnt
|faint|p1a: Tsareena
|upkeep
|
|t:|1626603365
|switch|p1a: Weezing|Weezing, M|95/100
|turn|13
|
|t:|1626603372
|switch|p2a: Lunatone|Lunatone|80/100 brn
|move|p1a: Weezing|Toxic Spikes|p2a: Lunatone
|-sidestart|p2: thinking of chu|move: Toxic Spikes
|
|-heal|p2a: Lunatone|87/100 brn|[from] item: Leftovers
|-damage|p2a: Lunatone|80/100 brn|[from] brn
|upkeep
|turn|14
|
|t:|1626603379
|switch|p1a: Silvally|Silvally-Steel|100/100
|move|p2a: Lunatone|Future Sight|p1a: Silvally
|-start|p2a: Lunatone|move: Future Sight
|
|-heal|p2a: Lunatone|87/100 brn|[from] item: Leftovers
|-damage|p2a: Lunatone|80/100 brn|[from] brn
|upkeep
|turn|15
|
|t:|1626603381
|switch|p2a: Poliwrath|Poliwrath, M|100/100
|-status|p2a: Poliwrath|psn
|move|p1a: Silvally|Grass Pledge|p2a: Poliwrath
|-supereffective|p2a: Poliwrath
|-damage|p2a: Poliwrath|59/100 psn
|
|-heal|p2a: Poliwrath|65/100 psn|[from] item: Leftovers
|-damage|p2a: Poliwrath|53/100 psn|[from] psn
|upkeep
|turn|16
|
|t:|1626603388
|switch|p1a: Ribombee|Ribombee, M|100/100
|move|p2a: Poliwrath|Circle Throw|p1a: Ribombee
|-resisted|p1a: Ribombee
|-damage|p1a: Ribombee|91/100
|drag|p1a: Weezing|Weezing, M|95/100
|
|-end|p1a: Weezing|move: Future Sight
|-supereffective|p1a: Weezing
|-damage|p1a: Weezing|0 fnt
|faint|p1a: Weezing
|-heal|p2a: Poliwrath|59/100 psn|[from] item: Leftovers
|-damage|p2a: Poliwrath|46/100 psn|[from] psn
|upkeep
|
|t:|1626603392
|switch|p1a: Ribombee|Ribombee, M|91/100
|turn|17
|
|t:|1626603395
|switch|p2a: Stunfisk|Stunfisk-Galar, M|100/100
|move|p1a: Ribombee|U-turn|p2a: Stunfisk
|-resisted|p2a: Stunfisk
|-damage|p2a: Stunfisk|95/100
|
|t:|1626603398
|switch|p1a: Sandslash|Sandslash, F|100/100|[from]move: U-turn
|-status|p1a: Sandslash|psn
|-enditem|p1a: Sandslash|Lum Berry|[eat]
|-curestatus|p1a: Sandslash|psn|[msg]
|
|-heal|p2a: Stunfisk|100/100|[from] item: Leftovers
|upkeep
|turn|18
|
|t:|1626603402
|move|p1a: Sandslash|Swords Dance|p1a: Sandslash
|-boost|p1a: Sandslash|atk|2
|move|p2a: Stunfisk|Yawn|p1a: Sandslash
|-start|p1a: Sandslash|move: Yawn|[of] p2a: Stunfisk
|
|upkeep
|turn|19
|
|t:|1626603410
|switch|p2a: Poliwrath|Poliwrath, M|46/100 psn
|move|p1a: Sandslash|Earthquake|p2a: Poliwrath
|-damage|p2a: Poliwrath|0 fnt
|faint|p2a: Poliwrath
|
|-end|p1a: Sandslash|move: Yawn|[silent]
|-status|p1a: Sandslash|slp
|upkeep
|
|t:|1626603414
|switch|p2a: Cryogonal|Cryogonal|100/100
|turn|20
|
|t:|1626603421
|switch|p1a: Silvally|Silvally-Steel|100/100
|move|p2a: Cryogonal|Rapid Spin|p1a: Silvally
|-resisted|p1a: Silvally
|-damage|p1a: Silvally|97/100
|-boost|p2a: Cryogonal|spe|1
|-sideend|p2: thinking of chu|Toxic Spikes|[from] move: Rapid Spin|[of] p2a: Cryogonal
|
|upkeep
|turn|21
|
|t:|1626603426
|switch|p2a: Stunfisk|Stunfisk-Galar, M|100/100
|move|p1a: Silvally|Flamethrower|p2a: Stunfisk
|-supereffective|p2a: Stunfisk
|-damage|p2a: Stunfisk|66/100
|-status|p2a: Stunfisk|brn
|
|-heal|p2a: Stunfisk|72/100 brn|[from] item: Leftovers
|-damage|p2a: Stunfisk|66/100 brn|[from] brn
|upkeep
|turn|22
|
|t:|1626603437
|move|p1a: Silvally|Work Up|p1a: Silvally
|-boost|p1a: Silvally|atk|1
|-boost|p1a: Silvally|spa|1
|move|p2a: Stunfisk|Earthquake|p1a: Silvally
|-supereffective|p1a: Silvally
|-damage|p1a: Silvally|64/100
|
|-heal|p2a: Stunfisk|72/100 brn|[from] item: Leftovers
|-damage|p2a: Stunfisk|66/100 brn|[from] brn
|upkeep
|turn|23
|
|t:|1626603443
|move|p1a: Silvally|Flamethrower|p2a: Stunfisk
|-supereffective|p2a: Stunfisk
|-damage|p2a: Stunfisk|18/100 brn
|move|p2a: Stunfisk|Earthquake|p1a: Silvally
|-supereffective|p1a: Silvally
|-damage|p1a: Silvally|35/100
|
|-heal|p2a: Stunfisk|24/100 brn|[from] item: Leftovers
|-damage|p2a: Stunfisk|18/100 brn|[from] brn
|upkeep
|turn|24
|
|t:|1626603452
|move|p1a: Silvally|Flamethrower|p2a: Stunfisk
|-supereffective|p2a: Stunfisk
|-damage|p2a: Stunfisk|0 fnt
|faint|p2a: Stunfisk
|
|upkeep
|
|t:|1626603469
|switch|p2a: Cryogonal|Cryogonal|100/100
|turn|25
|
|t:|1626603471
|move|p2a: Cryogonal|Ice Beam|p1a: Silvally
|-resisted|p1a: Silvally
|-damage|p1a: Silvally|16/100
|move|p1a: Silvally|Flash Cannon|p2a: Cryogonal
|-supereffective|p2a: Cryogonal
|-damage|p2a: Cryogonal|10/100
|
|upkeep
|turn|26
|
|t:|1626603480
|switch|p1a: Gigalith|Gigalith, M|84/100
|-status|p1a: Gigalith|psn
|-weather|Sandstorm|[from] ability: Sand Stream|[of] p1a: Gigalith
|move|p2a: Cryogonal|Ice Beam|p1a: Gigalith
|-damage|p1a: Gigalith|66/100 psn
|
|-weather|Sandstorm|[upkeep]
|-damage|p2a: Cryogonal|4/100|[from] Sandstorm
|-heal|p1a: Gigalith|72/100 psn|[from] item: Leftovers
|-damage|p1a: Gigalith|60/100 psn|[from] psn
|upkeep
|turn|27
|
|t:|1626603484
|move|p2a: Cryogonal|Recover|p2a: Cryogonal
|-heal|p2a: Cryogonal|54/100
|move|p1a: Gigalith|Stealth Rock|p2a: Cryogonal
|-sidestart|p2: thinking of chu|move: Stealth Rock
|
|-weather|Sandstorm|[upkeep]
|-damage|p2a: Cryogonal|48/100|[from] Sandstorm
|-heal|p1a: Gigalith|66/100 psn|[from] item: Leftovers
|-damage|p1a: Gigalith|54/100 psn|[from] psn
|upkeep
|turn|28
|
|t:|1626603487
|switch|p2a: Weezing|Weezing, F|100/100
|-ability|p2a: Weezing|Neutralizing Gas
|-damage|p2a: Weezing|88/100|[from] Stealth Rock
|move|p1a: Gigalith|Rock Blast|p2a: Weezing
|-damage|p2a: Weezing|81/100
|-damage|p2a: Weezing|73/100
|-hitcount|p2a: Weezing|2
|
|-weather|Sandstorm|[upkeep]
|-damage|p2a: Weezing|67/100|[from] Sandstorm
|-heal|p2a: Weezing|73/100|[from] item: Black Sludge
|-heal|p1a: Gigalith|60/100 psn|[from] item: Leftovers
|-damage|p1a: Gigalith|48/100 psn|[from] psn
|upkeep
|turn|29
|
|t:|1626603497
|move|p2a: Weezing|Sludge Bomb|p1a: Gigalith
|-resisted|p1a: Gigalith
|-damage|p1a: Gigalith|41/100 psn
|move|p1a: Gigalith|Earthquake|p2a: Weezing
|-supereffective|p2a: Weezing
|-damage|p2a: Weezing|34/100
|
|-weather|Sandstorm|[upkeep]
|-damage|p2a: Weezing|28/100|[from] Sandstorm
|-heal|p2a: Weezing|34/100|[from] item: Black Sludge
|-heal|p1a: Gigalith|47/100 psn|[from] item: Leftovers
|-damage|p1a: Gigalith|35/100 psn|[from] psn
|upkeep
|turn|30
|
|t:|1626603510
|-end|p2a: Weezing|ability: Neutralizing Gas
|switch|p2a: Lunatone|Lunatone|80/100 brn
|-damage|p2a: Lunatone|68/100 brn|[from] Stealth Rock
|switch|p1a: Silvally|Silvally-Steel|16/100
|
|-weather|none
|-heal|p2a: Lunatone|74/100 brn|[from] item: Leftovers
|-damage|p2a: Lunatone|68/100 brn|[from] brn
|upkeep
|turn|31
|
|t:|1626603512
|move|p1a: Silvally|Flash Cannon|p2a: Lunatone
|-supereffective|p2a: Lunatone
|-damage|p2a: Lunatone|3/100 brn
|move|p2a: Lunatone|Earth Power|p1a: Silvally
|-supereffective|p1a: Silvally
|-damage|p1a: Silvally|0 fnt
|faint|p1a: Silvally
|
|-heal|p2a: Lunatone|10/100 brn|[from] item: Leftovers
|-damage|p2a: Lunatone|3/100 brn|[from] brn
|upkeep
|
|t:|1626603516
|switch|p1a: Ribombee|Ribombee, M|91/100
|turn|32
|
|t:|1626603520
|move|p1a: Ribombee|Moonblast|p2a: Lunatone
|-damage|p2a: Lunatone|0 fnt
|faint|p2a: Lunatone
|
|upkeep
|
|t:|1626603524
|switch|p2a: Cryogonal|Cryogonal|48/100
|turn|33
|
|t:|1626603530
|move|p1a: Ribombee|Moonblast|p2a: Cryogonal
|-damage|p2a: Cryogonal|15/100
|move|p2a: Cryogonal|Rapid Spin|p1a: Ribombee
|-damage|p1a: Ribombee|79/100
|-boost|p2a: Cryogonal|spe|1
|-sideend|p2: thinking of chu|Stealth Rock|[from] move: Rapid Spin|[of] p2a: Cryogonal
|
|upkeep
|turn|34
|
|t:|1626603534
|move|p2a: Cryogonal|Recover|p2a: Cryogonal
|-heal|p2a: Cryogonal|65/100
|move|p1a: Ribombee|Moonblast|p2a: Cryogonal
|-damage|p2a: Cryogonal|30/100
|
|upkeep
|turn|35
|
|t:|1626603538
|move|p2a: Cryogonal|Ice Beam|p1a: Ribombee
|-damage|p1a: Ribombee|10/100
|move|p1a: Ribombee|U-turn|p2a: Cryogonal
|-damage|p2a: Cryogonal|2/100
|
|t:|1626603541
|switch|p1a: Gigalith|Gigalith, M|35/100 psn|[from]move: U-turn
|-weather|Sandstorm|[from] ability: Sand Stream|[of] p1a: Gigalith
|
|-weather|Sandstorm|[upkeep]
|-damage|p2a: Cryogonal|0 fnt|[from] Sandstorm
|faint|p2a: Cryogonal
|-heal|p1a: Gigalith|41/100 psn|[from] item: Leftovers
|-damage|p1a: Gigalith|29/100 psn|[from] psn
|upkeep
|
|t:|1626603544
|switch|p2a: Gourgeist|Gourgeist-Super, F|62/100
|-item|p1a: Gigalith|Leftovers|[from] ability: Frisk|[of] p2a: Gourgeist|[identify]
|turn|36
|
|t:|1626603547
|move|p2a: Gourgeist|Power Whip|p1a: Gigalith
|-supereffective|p1a: Gigalith
|-damage|p1a: Gigalith|0 fnt
|faint|p1a: Gigalith
|
|-weather|Sandstorm|[upkeep]
|-damage|p2a: Gourgeist|56/100|[from] Sandstorm
|upkeep
|
|t:|1626603551
|switch|p1a: Ribombee|Ribombee, M|10/100
|turn|37
|
|t:|1626603552
|move|p2a: Gourgeist|Shadow Sneak|p1a: Ribombee
|-damage|p1a: Ribombee|0 fnt
|faint|p1a: Ribombee
|
|-weather|Sandstorm|[upkeep]
|-damage|p2a: Gourgeist|50/100|[from] Sandstorm
|upkeep
|
|t:|1626603554
|switch|p1a: Sandslash|Sandslash, F|100/100 slp
|turn|38
|
|t:|1626603557
|cant|p1a: Sandslash|slp
|move|p2a: Gourgeist|Power Whip|p1a: Sandslash
|-supereffective|p1a: Sandslash
|-damage|p1a: Sandslash|0 fnt
|faint|p1a: Sandslash
|
|win|thinking of chu
|raw|pult61a cem's rating: 1465 &rarr; <strong>1451</strong><br />(-14 for losing)
|raw|thinking of chu's rating: 1564 &rarr; <strong>1578</strong><br />(+14 for winning)
|c|☆pult61a cem|gg
|c|☆thinking of chu|gg
|l|☆pult61a cem
