|j|☆thinking of chu
|j|☆Melemele me
|t:|1628245136
|gametype|singles
|player|p1|thinking of chu|clown|1346
|player|p2|Melemele me|youngcouple-gen4dp|1276
|teamsize|p1|6
|teamsize|p2|6
|gen|8
|tier|[Gen 8] PU
|rated|
|rule|Sleep Clause Mod: Limit one foe put to sleep
|rule|Species Clause: Limit one of each Pokémon
|rule|OHKO Clause: OHKO moves are banned
|rule|Evasion Moves Clause: Evasion moves are banned
|rule|Endless Battle Clause: Forcing endless battles is banned
|rule|HP Percentage Mod: HP is shown in percentages
|rule|Dynamax Clause: You cannot dynamax
|clearpoke
|poke|p1|Turtonator, M|
|poke|p1|Lunatone|
|poke|p1|Poliwrath, F|
|poke|p1|Silvally-*|
|poke|p1|Stunfisk-Galar, M|
|poke|p1|Shiinotic, F|
|poke|p2|Scrafty, M|
|poke|p2|Ribombee, F|
|poke|p2|Tsareena, F|
|poke|p2|Silvally-*|
|poke|p2|Druddigon, M|
|poke|p2|Articuno-Galar|
|teampreview
|inactive|Battle timer is ON: inactive players will automatically lose when time's up. (requested by Melemele me)
|
|t:|1628245160
|start
|switch|p1a: Stunfisk|Stunfisk-Galar, M|100/100
|switch|p2a: Tsareena|Tsareena, F|100/100
|turn|1
|
|t:|1628245164
|move|p2a: Tsareena|Trop Kick|p1a: Stunfisk
|-crit|p1a: Stunfisk
|-damage|p1a: Stunfisk|55/100
|-unboost|p1a: Stunfisk|atk|1
|move|p1a: Stunfisk|Stealth Rock|p2a: Tsareena
|-sidestart|p2: Melemele me|move: Stealth Rock
|
|-heal|p1a: Stunfisk|62/100|[from] item: Leftovers
|upkeep
|turn|2
|
|t:|1628245171
|move|p2a: Tsareena|Rapid Spin|p1a: Stunfisk
|-resisted|p1a: Stunfisk
|-damage|p1a: Stunfisk|54/100
|-boost|p2a: Tsareena|spe|1
|-sideend|p2: Melemele me|Stealth Rock|[from] move: Rapid Spin|[of] p2a: Tsareena
|move|p1a: Stunfisk|Pain Split|p2a: Tsareena
|-sethp|p2a: Tsareena|83/100|[from] move: Pain Split|[silent]
|-sethp|p1a: Stunfisk|69/100|[from] move: Pain Split
|
|-heal|p1a: Stunfisk|75/100|[from] item: Leftovers
|upkeep
|turn|3
|
|t:|1628245183
|move|p2a: Tsareena|U-turn|p1a: Stunfisk
|-resisted|p1a: Stunfisk
|-damage|p1a: Stunfisk|64/100
|inactive|Melemele me has 120 seconds left.
|
|t:|1628245224
|switch|p2a: Scrafty|Scrafty, M, shiny|100/100|[from]move: U-turn
|move|p1a: Stunfisk|Yawn|p2a: Scrafty
|-start|p2a: Scrafty|move: Yawn|[of] p1a: Stunfisk
|
|-heal|p1a: Stunfisk|71/100|[from] item: Leftovers
|upkeep
|turn|4
|
|t:|1628245231
|move|p2a: Scrafty|Dragon Dance|p2a: Scrafty
|-boost|p2a: Scrafty|atk|1
|-boost|p2a: Scrafty|spe|1
|move|p1a: Stunfisk|Stealth Rock|p2a: Scrafty
|-sidestart|p2: Melemele me|move: Stealth Rock
|
|-heal|p1a: Stunfisk|77/100|[from] item: Leftovers
|-end|p2a: Scrafty|move: Yawn|[silent]
|-status|p2a: Scrafty|slp
|-enditem|p2a: Scrafty|Lum Berry|[eat]
|-curestatus|p2a: Scrafty|slp|[msg]
|upkeep
|turn|5
|
|t:|1628245236
|switch|p1a: Poliwrath|Poliwrath, F|100/100
|move|p2a: Scrafty|Close Combat|p1a: Poliwrath
|-damage|p1a: Poliwrath|52/100
|-unboost|p2a: Scrafty|def|1
|-unboost|p2a: Scrafty|spd|1
|
|-heal|p1a: Poliwrath|58/100|[from] item: Leftovers
|upkeep
|turn|6
|
|t:|1628245243
|move|p2a: Scrafty|Close Combat|p1a: Poliwrath
|-damage|p1a: Poliwrath|14/100
|-unboost|p2a: Scrafty|def|1
|-unboost|p2a: Scrafty|spd|1
|move|p1a: Poliwrath|Circle Throw|p2a: Scrafty
|-supereffective|p2a: Scrafty
|-damage|p2a: Scrafty|10/100
|drag|p2a: Tsareena|Tsareena, F|83/100
|-damage|p2a: Tsareena|71/100|[from] Stealth Rock
|
|-heal|p1a: Poliwrath|21/100|[from] item: Leftovers
|upkeep
|turn|7
|
|t:|1628245251
|switch|p1a: Silvally|Silvally-Ghost|100/100
|move|p2a: Tsareena|Rapid Spin|p1a: Silvally
|-immune|p1a: Silvally
|
|upkeep
|turn|8
|
|t:|1628245254
|move|p1a: Silvally|Multi-Attack|p2a: Tsareena
|-damage|p2a: Tsareena|33/100
|move|p2a: Tsareena|Trop Kick|p1a: Silvally
|-damage|p1a: Silvally|73/100
|-unboost|p1a: Silvally|atk|1
|
|upkeep
|turn|9
|
|t:|1628245264
|switch|p2a: Druddigon|Druddigon, M|100/100
|-damage|p2a: Druddigon|88/100|[from] Stealth Rock
|move|p1a: Silvally|Multi-Attack|p2a: Druddigon
|-damage|p2a: Druddigon|61/100
|-damage|p1a: Silvally|60/100|[from] ability: Rough Skin|[of] p2a: Druddigon
|-damage|p1a: Silvally|44/100|[from] item: Rocky Helmet|[of] p2a: Druddigon
|
|upkeep
|turn|10
|
|t:|1628245270
|switch|p1a: Poliwrath|Poliwrath, F|21/100
|move|p2a: Druddigon|Glare|p1a: Poliwrath
|-status|p1a: Poliwrath|par
|
|-heal|p1a: Poliwrath|27/100 par|[from] item: Leftovers
|upkeep
|turn|11
|
|t:|1628245276
|move|p2a: Druddigon|Superpower|p1a: Poliwrath
|-damage|p1a: Poliwrath|0 fnt
|-unboost|p2a: Druddigon|atk|1
|-unboost|p2a: Druddigon|def|1
|faint|p1a: Poliwrath
|
|upkeep
|
|t:|1628245296
|switch|p1a: Lunatone|Lunatone|100/100
|turn|12
|
|t:|1628245312
|move|p1a: Lunatone|Future Sight|p2a: Druddigon
|-start|p1a: Lunatone|move: Future Sight
|move|p2a: Druddigon|Glare|p1a: Lunatone
|-status|p1a: Lunatone|par
|
|upkeep
|turn|13
|
|t:|1628245321
|move|p1a: Lunatone|Moonblast|p2a: Druddigon
|-supereffective|p2a: Druddigon
|-damage|p2a: Druddigon|0 fnt
|faint|p2a: Druddigon
|
|upkeep
|
|t:|1628245326
|switch|p2a: Silvally|Silvally-Ghost, shiny|100/100
|-damage|p2a: Silvally|88/100|[from] Stealth Rock
|turn|14
|
|t:|1628245330
|switch|p1a: Shiinotic|Shiinotic, F|100/100
|move|p2a: Silvally|Defog|p1a: Shiinotic
|-unboost|p1a: Shiinotic|evasion|1
|-sideend|p2: Melemele me|Stealth Rock|[from] move: Defog|[of] p2a: Silvally
|
|-end|p2a: Silvally|move: Future Sight
|-damage|p2a: Silvally|30/100
|upkeep
|turn|15
|
|t:|1628245336
|move|p2a: Silvally|Explosion|p1a: Shiinotic
|-damage|p1a: Shiinotic|40/100
|faint|p2a: Silvally
|move|p1a: Shiinotic|Moonblast|p2: Silvally|[notarget]
|-fail|p1a: Shiinotic
|
|upkeep
|
|t:|1628245346
|switch|p2a: Scrafty|Scrafty, M, shiny|10/100
|turn|16
|
|t:|1628245352
|move|p2a: Scrafty|Iron Head|p1a: Shiinotic
|-supereffective|p1a: Shiinotic
|-damage|p1a: Shiinotic|0 fnt
|faint|p1a: Shiinotic
|-ability|p2a: Scrafty|Moxie|boost
|-boost|p2a: Scrafty|atk|1
|
|upkeep
|
|t:|1628245354
|switch|p1a: Silvally|Silvally-Ghost|44/100
|turn|17
|l|☆Melemele me
|inactive|Melemele me disconnected and has a minute to reconnect!
|player|p2|
|j|☆Melemele me
|inactive|Melemele me reconnected and has 140 seconds left.
|player|p2|Melemele me|youngcouple-gen4dp
|
|t:|1628245368
|move|p1a: Silvally|Multi-Attack|p2a: Scrafty
|-resisted|p2a: Scrafty
|-damage|p2a: Scrafty|0 fnt
|faint|p2a: Scrafty
|
|upkeep
|
|t:|1628245374
|switch|p2a: Articuno|Articuno-Galar|100/100
|turn|18
|
|t:|1628245379
|switch|p1a: Lunatone|Lunatone|100/100 par
|move|p2a: Articuno|Hurricane|p1a: Lunatone
|-resisted|p1a: Lunatone
|-crit|p1a: Lunatone
|-damage|p1a: Lunatone|49/100 par
|
|-heal|p1a: Lunatone|55/100 par|[from] item: Leftovers
|upkeep
|turn|19
|
|t:|1628245388
|switch|p2a: Tsareena|Tsareena, F|33/100
|move|p1a: Lunatone|Power Gem|p2a: Tsareena
|-damage|p2a: Tsareena|10/100
|
|-heal|p1a: Lunatone|61/100 par|[from] item: Leftovers
|upkeep
|turn|20
|
|t:|1628245392
|switch|p1a: Turtonator|Turtonator, M|100/100
|move|p2a: Tsareena|Trop Kick|p1a: Turtonator
|-resisted|p1a: Turtonator
|-damage|p1a: Turtonator|91/100
|-unboost|p1a: Turtonator|atk|1
|
|upkeep
|turn|21
|inactive|Melemele me has 120 seconds left.
|inactive|Melemele me has 90 seconds left.
|inactive|Melemele me has 60 seconds left.
|j| Neibafu
|
|t:|1628245505
|move|p1a: Turtonator|Shell Smash|p1a: Turtonator
|-unboost|p1a: Turtonator|def|1
|-unboost|p1a: Turtonator|spd|1
|-boost|p1a: Turtonator|atk|2
|-boost|p1a: Turtonator|spa|2
|-boost|p1a: Turtonator|spe|2
|move|p2a: Tsareena|Triple Axel|p1a: Turtonator
|-damage|p1a: Turtonator|79/100
|-damage|p1a: Turtonator|57/100
|-damage|p1a: Turtonator|24/100
|-hitcount|p1a: Turtonator|3
|
|upkeep
|turn|22
|inactive|Melemele me has 30 seconds left.
|
|t:|1628245534
|move|p1a: Turtonator|Rapid Spin|p2a: Tsareena
|-damage|p2a: Tsareena|0 fnt
|-boost|p1a: Turtonator|spe|1
|faint|p2a: Tsareena
|
|upkeep
|inactive|Melemele me has 30 seconds left this turn.
|
|t:|1628245537
|switch|p2a: Ribombee|Ribombee, F, shiny|100/100
|turn|23
|
|t:|1628245540
|move|p1a: Turtonator|Fire Blast|p2a: Ribombee|[miss]
|-miss|p1a: Turtonator|p2a: Ribombee
|move|p2a: Ribombee|Moonblast|p1a: Turtonator
|-damage|p1a: Turtonator|0 fnt
|faint|p1a: Turtonator
|
|upkeep
|
|t:|1628245544
|switch|p1a: Stunfisk|Stunfisk-Galar, M|77/100
|turn|24
|
|t:|1628245567
|move|p2a: Ribombee|Quiver Dance|p2a: Ribombee
|-boost|p2a: Ribombee|spa|1
|-boost|p2a: Ribombee|spd|1
|-boost|p2a: Ribombee|spe|1
|move|p1a: Stunfisk|Stealth Rock|p2a: Ribombee
|-sidestart|p2: Melemele me|move: Stealth Rock
|
|-heal|p1a: Stunfisk|83/100|[from] item: Leftovers
|upkeep
|turn|25
|
|t:|1628245573
|move|p2a: Ribombee|Moonblast|p1a: Stunfisk
|-resisted|p1a: Stunfisk
|-damage|p1a: Stunfisk|63/100
|move|p1a: Stunfisk|Yawn|p2a: Ribombee
|-start|p2a: Ribombee|move: Yawn|[of] p1a: Stunfisk
|
|-heal|p1a: Stunfisk|69/100|[from] item: Leftovers
|upkeep
|turn|26
|
|t:|1628245580
|move|p2a: Ribombee|Sticky Web|p1a: Stunfisk
|-sidestart|p1: thinking of chu|move: Sticky Web
|move|p1a: Stunfisk|Earthquake|p2a: Ribombee
|-resisted|p2a: Ribombee
|-damage|p2a: Ribombee|73/100
|
|-heal|p1a: Stunfisk|75/100|[from] item: Leftovers
|-end|p2a: Ribombee|move: Yawn|[silent]
|-status|p2a: Ribombee|slp
|upkeep
|turn|27
|
|t:|1628245584
|cant|p2a: Ribombee|slp
|move|p1a: Stunfisk|Earthquake|p2a: Ribombee
|-resisted|p2a: Ribombee
|-damage|p2a: Ribombee|42/100 slp
|
|-heal|p1a: Stunfisk|81/100|[from] item: Leftovers
|upkeep
|turn|28
|
|t:|1628245587
|cant|p2a: Ribombee|slp
|move|p1a: Stunfisk|Earthquake|p2a: Ribombee
|-resisted|p2a: Ribombee
|-damage|p2a: Ribombee|13/100 slp
|
|-heal|p1a: Stunfisk|87/100|[from] item: Leftovers
|upkeep
|turn|29
|
|t:|1628245591
|-curestatus|p2a: Ribombee|slp|[msg]
|move|p2a: Ribombee|Moonblast|p1a: Stunfisk
|-resisted|p1a: Stunfisk
|-damage|p1a: Stunfisk|68/100
|-unboost|p1a: Stunfisk|spa|1
|move|p1a: Stunfisk|Earthquake|p2a: Ribombee
|-resisted|p2a: Ribombee
|-damage|p2a: Ribombee|0 fnt
|faint|p2a: Ribombee
|
|-heal|p1a: Stunfisk|74/100|[from] item: Leftovers
|upkeep
|
|t:|1628245594
|switch|p2a: Articuno|Articuno-Galar|100/100
|-damage|p2a: Articuno|76/100|[from] Stealth Rock
|turn|30
|
|t:|1628245599
|move|p2a: Articuno|Shadow Ball|p1a: Stunfisk
|-damage|p1a: Stunfisk|56/100
|move|p1a: Stunfisk|Yawn|p2a: Articuno
|-start|p2a: Articuno|move: Yawn|[of] p1a: Stunfisk
|
|-heal|p1a: Stunfisk|62/100|[from] item: Leftovers
|upkeep
|turn|31
|
|t:|1628245605
|switch|p1a: Lunatone|Lunatone|61/100 par
|move|p2a: Articuno|Shadow Ball|p1a: Lunatone
|-supereffective|p1a: Lunatone
|-damage|p1a: Lunatone|0 fnt
|faint|p1a: Lunatone
|
|-end|p2a: Articuno|move: Yawn|[silent]
|-status|p2a: Articuno|slp
|upkeep
|
|t:|1628245606
|switch|p1a: Silvally|Silvally-Ghost|44/100
|-activate|p1a: Silvally|move: Sticky Web
|-unboost|p1a: Silvally|spe|1
|turn|32
|inactive|Melemele me has 90 seconds left.
|
|t:|1628245646
|cant|p2a: Articuno|slp
|move|p1a: Silvally|Multi-Attack|p2a: Articuno
|-supereffective|p2a: Articuno
|-damage|p2a: Articuno|0 fnt
|faint|p2a: Articuno
|
|win|thinking of chu
|raw|thinking of chu's rating: 1346 &rarr; <strong>1362</strong><br />(+16 for winning)
|raw|Melemele me's rating: 1276 &rarr; <strong>1256</strong><br />(-20 for losing)
|c|☆thinking of chu|gg
