|j|☆adhadda
|j|☆Roonie217
|player|p1|adhadda|266|
|player|p2|Roonie217|180|
|teamsize|p1|6
|teamsize|p2|6
|gametype|singles
|gen|8
|tier|[Gen 8] PU
|rated|Tournament battle
|clearpoke
|poke|p1|Shedinja|
|poke|p1|Dubwool, F|
|poke|p1|Mawile, F|
|poke|p1|Duosion, M|
|poke|p1|Hitmontop, M|
|poke|p1|Mareanie, M|
|poke|p2|Stunfisk, F|
|poke|p2|Mr. Rime, M|
|poke|p2|Mr. Mime-Galar, M|
|poke|p2|Silvally-*|
|poke|p2|Mareanie, M|
|poke|p2|Dusknoir, M|
|rule|Sleep Clause Mod: Limit one foe put to sleep
|rule|Species Clause: Limit one of each Pokémon
|rule|OHKO Clause: OHKO moves are banned
|rule|Evasion Moves Clause: Evasion moves are banned
|rule|Endless Battle Clause: Forcing endless battles is banned
|rule|HP Percentage Mod: HP is shown in percentages
|rule|Dynamax Clause: You cannot dynamax
|teampreview
|j| metnobodylikeyou
|c|☆Roonie217|gl hf!
|
|start
|switch|p1a: Duosion|Duosion, M|100/100
|switch|p2a: Mareanie|Mareanie, M|100/100
|turn|1
|
|move|p2a: Mareanie|Knock Off|p1a: Duosion
|-supereffective|p1a: Duosion
|-crit|p1a: Duosion
|-damage|p1a: Duosion|72/100
|-enditem|p1a: Duosion|Eviolite|[from] move: Knock Off|[of] p2a: Mareanie
|move|p1a: Duosion|Calm Mind|p1a: Duosion
|-boost|p1a: Duosion|spa|1
|-boost|p1a: Duosion|spd|1
|
|upkeep
|turn|2
|
|move|p2a: Mareanie|Toxic Spikes|p1a: Duosion
|-sidestart|p1: adhadda|move: Toxic Spikes
|move|p1a: Duosion|Psyshock|p2a: Mareanie
|-supereffective|p2a: Mareanie
|-damage|p2a: Mareanie|33/100
|
|upkeep
|turn|3
|
|switch|p2a: Stunfisk|Stunfisk, F, shiny|100/100
|move|p1a: Duosion|Shadow Ball|p2a: Stunfisk
|-damage|p2a: Stunfisk|74/100
|
|-heal|p2a: Stunfisk|80/100|[from] item: Leftovers
|upkeep
|turn|4
|
|move|p2a: Stunfisk|Stealth Rock|p1a: Duosion
|-sidestart|p1: adhadda|move: Stealth Rock
|move|p1a: Duosion|Calm Mind|p1a: Duosion
|-boost|p1a: Duosion|spa|1
|-boost|p1a: Duosion|spd|1
|
|-heal|p2a: Stunfisk|87/100|[from] item: Leftovers
|upkeep
|turn|5
|
|move|p2a: Stunfisk|Yawn|p1a: Duosion
|-start|p1a: Duosion|move: Yawn|[of] p2a: Stunfisk
|move|p1a: Duosion|Psyshock|p2a: Stunfisk
|-damage|p2a: Stunfisk|40/100
|
|-heal|p2a: Stunfisk|46/100|[from] item: Leftovers
|upkeep
|turn|6
|j| BulbaBrain
|
|switch|p1a: Mareanie|Mareanie, M|100/100
|-sideend|p1: adhadda|move: Toxic Spikes|[of] p1a: Mareanie
|-damage|p1a: Mareanie|88/100|[from] Stealth Rock
|move|p2a: Stunfisk|Earth Power|p1a: Mareanie
|-supereffective|p1a: Mareanie
|-damage|p1a: Mareanie|49/100
|
|-heal|p2a: Stunfisk|53/100|[from] item: Leftovers
|upkeep
|turn|7
|
|move|p1a: Mareanie|Scald|p2a: Stunfisk
|-supereffective|p2a: Stunfisk
|-damage|p2a: Stunfisk|30/100
|move|p2a: Stunfisk|Earth Power|p1a: Mareanie
|-supereffective|p1a: Mareanie
|-damage|p1a: Mareanie|9/100
|
|-heal|p2a: Stunfisk|36/100|[from] item: Leftovers
|upkeep
|turn|8
|
|switch|p1a: Hitmontop|Hitmontop, M|100/100
|-damage|p1a: Hitmontop|94/100|[from] Stealth Rock
|-ability|p1a: Hitmontop|Intimidate|boost
|-unboost|p2a: Stunfisk|atk|1
|move|p2a: Stunfisk|Discharge|p1a: Hitmontop
|-damage|p1a: Hitmontop|76/100
|
|-heal|p1a: Hitmontop|82/100|[from] item: Leftovers
|-heal|p2a: Stunfisk|42/100|[from] item: Leftovers
|upkeep
|turn|9
|
|move|p1a: Hitmontop|Toxic|p2a: Stunfisk
|-status|p2a: Stunfisk|tox
|move|p2a: Stunfisk|Discharge|p1a: Hitmontop
|-damage|p1a: Hitmontop|64/100
|
|-heal|p1a: Hitmontop|71/100|[from] item: Leftovers
|-heal|p2a: Stunfisk|48/100 tox|[from] item: Leftovers
|-damage|p2a: Stunfisk|42/100 tox|[from] psn
|upkeep
|turn|10
|
|move|p1a: Hitmontop|Rapid Spin|p2a: Stunfisk
|-damage|p2a: Stunfisk|35/100 tox
|-boost|p1a: Hitmontop|spe|1
|-sideend|p1: adhadda|Stealth Rock|[from] move: Rapid Spin|[of] p1a: Hitmontop
|move|p2a: Stunfisk|Stealth Rock|p1a: Hitmontop
|-sidestart|p1: adhadda|move: Stealth Rock
|
|-heal|p1a: Hitmontop|77/100|[from] item: Leftovers
|-heal|p2a: Stunfisk|41/100 tox|[from] item: Leftovers
|-damage|p2a: Stunfisk|29/100 tox|[from] psn
|upkeep
|turn|11
|
|switch|p2a: Dusknoir|Dusknoir, M|100/100
|-item|p1a: Hitmontop|Leftovers|[from] ability: Frisk|[of] p2a: Dusknoir|[identify]
|move|p1a: Hitmontop|Toxic|p2a: Dusknoir
|-status|p2a: Dusknoir|tox
|
|-heal|p1a: Hitmontop|83/100|[from] item: Leftovers
|-damage|p2a: Dusknoir|94/100 tox|[from] psn
|upkeep
|turn|12
|
|switch|p1a: Mawile|Mawile, F|100/100
|-damage|p1a: Mawile|94/100|[from] Stealth Rock
|-ability|p1a: Mawile|Intimidate|boost
|-unboost|p2a: Dusknoir|atk|1
|move|p2a: Dusknoir|Shadow Sneak|p1a: Mawile
|-damage|p1a: Mawile|71/100
|
|-heal|p1a: Mawile|77/100|[from] item: Leftovers
|-damage|p2a: Dusknoir|82/100 tox|[from] psn
|upkeep
|turn|13
|
|switch|p2a: Stunfisk|Stunfisk, F, shiny|29/100 tox
|move|p1a: Mawile|Stealth Rock|p2a: Stunfisk
|-sidestart|p2: Roonie217|move: Stealth Rock
|
|-heal|p1a: Mawile|84/100|[from] item: Leftovers
|-heal|p2a: Stunfisk|35/100 tox|[from] item: Leftovers
|-damage|p2a: Stunfisk|29/100 tox|[from] psn
|upkeep
|turn|14
|
|switch|p1a: Hitmontop|Hitmontop, M|83/100
|-damage|p1a: Hitmontop|77/100|[from] Stealth Rock
|-ability|p1a: Hitmontop|Intimidate|boost
|-unboost|p2a: Stunfisk|atk|1
|move|p2a: Stunfisk|Discharge|p1a: Hitmontop
|-damage|p1a: Hitmontop|59/100
|
|-heal|p1a: Hitmontop|65/100|[from] item: Leftovers
|-heal|p2a: Stunfisk|35/100 tox|[from] item: Leftovers
|-damage|p2a: Stunfisk|23/100 tox|[from] psn
|upkeep
|turn|15
|
|move|p1a: Hitmontop|Rapid Spin|p2a: Stunfisk
|-damage|p2a: Stunfisk|16/100 tox
|-boost|p1a: Hitmontop|spe|1
|-status|p1a: Hitmontop|par|[from] ability: Static|[of] p2a: Stunfisk
|-sideend|p1: adhadda|Stealth Rock|[from] move: Rapid Spin|[of] p1a: Hitmontop
|move|p2a: Stunfisk|Discharge|p1a: Hitmontop
|-damage|p1a: Hitmontop|47/100 par
|
|-heal|p1a: Hitmontop|53/100 par|[from] item: Leftovers
|-heal|p2a: Stunfisk|22/100 tox|[from] item: Leftovers
|-damage|p2a: Stunfisk|4/100 tox|[from] psn
|upkeep
|turn|16
|
|cant|p1a: Hitmontop|par
|move|p2a: Stunfisk|Stealth Rock|p1a: Hitmontop
|-sidestart|p1: adhadda|move: Stealth Rock
|
|-heal|p1a: Hitmontop|60/100 par|[from] item: Leftovers
|-heal|p2a: Stunfisk|10/100 tox|[from] item: Leftovers
|-damage|p2a: Stunfisk|0 fnt|[from] psn
|faint|p2a: Stunfisk
|upkeep
|
|switch|p2a: Mr. Rime|Mr. Rime, M, shiny|100/100
|turn|17
|
|switch|p2a: Silvally|Silvally-Rock|100/100
|-damage|p2a: Silvally|88/100|[from] Stealth Rock
|switch|p1a: Shedinja|Shedinja|100/100
|
|upkeep
|turn|18
|
|switch|p1a: Dubwool|Dubwool, F|100/100
|-damage|p1a: Dubwool|88/100|[from] Stealth Rock
|move|p2a: Silvally|Swords Dance|p2a: Silvally
|-boost|p2a: Silvally|atk|2
|
|-heal|p1a: Dubwool|94/100|[from] item: Leftovers
|upkeep
|turn|19
|
|move|p2a: Silvally|Multi-Attack|p1a: Dubwool
|-damage|p1a: Dubwool|51/100
|move|p1a: Dubwool|Cotton Guard|p1a: Dubwool
|-boost|p1a: Dubwool|def|3
|
|-heal|p1a: Dubwool|57/100|[from] item: Leftovers
|upkeep
|turn|20
|
|switch|p2a: Mareanie|Mareanie, M|67/100
|-damage|p2a: Mareanie|54/100|[from] Stealth Rock
|move|p1a: Dubwool|Body Press|p2a: Mareanie
|-resisted|p2a: Mareanie
|-damage|p2a: Mareanie|33/100
|
|-heal|p1a: Dubwool|63/100|[from] item: Leftovers
|upkeep
|turn|21
|
|move|p1a: Dubwool|Body Press|p2a: Mareanie
|-resisted|p2a: Mareanie
|-damage|p2a: Mareanie|13/100
|move|p2a: Mareanie|Recover|p2a: Mareanie
|-heal|p2a: Mareanie|64/100
|
|-heal|p1a: Dubwool|69/100|[from] item: Leftovers
|upkeep
|turn|22
|
|switch|p1a: Duosion|Duosion, M|72/100
|move|p2a: Mareanie|Knock Off|p1a: Duosion
|-supereffective|p1a: Duosion
|-damage|p1a: Duosion|50/100
|
|upkeep
|turn|23
|
|move|p2a: Mareanie|Recover|p2a: Mareanie
|-heal|p2a: Mareanie|100/100
|move|p1a: Duosion|Recover|p1a: Duosion
|-heal|p1a: Duosion|99/100
|
|upkeep
|turn|24
|
|move|p2a: Mareanie|Toxic Spikes|p1a: Duosion
|-sidestart|p1: adhadda|move: Toxic Spikes
|move|p1a: Duosion|Psyshock|p2a: Mareanie
|-supereffective|p2a: Mareanie
|-damage|p2a: Mareanie|52/100
|
|upkeep
|turn|25
|
|switch|p2a: Silvally|Silvally-Rock|88/100
|-damage|p2a: Silvally|76/100|[from] Stealth Rock
|move|p1a: Duosion|Calm Mind|p1a: Duosion
|-boost|p1a: Duosion|spa|1
|-boost|p1a: Duosion|spd|1
|
|upkeep
|turn|26
|
|move|p2a: Silvally|Swords Dance|p2a: Silvally
|-boost|p2a: Silvally|atk|2
|move|p1a: Duosion|Psyshock|p2a: Silvally
|-crit|p2a: Silvally
|-damage|p2a: Silvally|0 fnt
|faint|p2a: Silvally
|
|upkeep
|
|switch|p2a: Dusknoir|Dusknoir, M|82/100 tox
|-damage|p2a: Dusknoir|70/100 tox|[from] Stealth Rock
|turn|27
|
|move|p2a: Dusknoir|Darkest Lariat|p1a: Duosion
|-supereffective|p1a: Duosion
|-damage|p1a: Duosion|3/100
|move|p1a: Duosion|Shadow Ball|p2a: Dusknoir
|-supereffective|p2a: Dusknoir
|-damage|p2a: Dusknoir|15/100 tox
|
|-damage|p2a: Dusknoir|9/100 tox|[from] psn
|upkeep
|turn|28
|
|switch|p1a: Dubwool|Dubwool, F|69/100
|-damage|p1a: Dubwool|57/100|[from] Stealth Rock
|-status|p1a: Dubwool|psn
|move|p2a: Dusknoir|Darkest Lariat|p1a: Dubwool
|-damage|p1a: Dubwool|41/100 psn
|
|-heal|p1a: Dubwool|47/100 psn|[from] item: Leftovers
|-damage|p1a: Dubwool|35/100 psn|[from] psn
|-damage|p2a: Dusknoir|0 fnt|[from] psn
|faint|p2a: Dusknoir
|upkeep
|
|switch|p2a: Mr. Mime|Mr. Mime-Galar, M|100/100
|-damage|p2a: Mr. Mime|76/100|[from] Stealth Rock
|turn|29
|
|move|p2a: Mr. Mime|Psychic|p1a: Dubwool
|-damage|p1a: Dubwool|0 fnt
|-damage|p2a: Mr. Mime|66/100|[from] item: Life Orb
|faint|p1a: Dubwool
|
|upkeep
|
|switch|p1a: Shedinja|Shedinja|100/100
|turn|30
|
|switch|p2a: Mareanie|Mareanie, M|86/100
|-damage|p2a: Mareanie|73/100|[from] Stealth Rock
|move|p1a: Shedinja|X-Scissor|p2a: Mareanie
|-resisted|p2a: Mareanie
|-damage|p2a: Mareanie|62/100
|
|upkeep
|turn|31
|j|#Akir
|
|switch|p1a: Mawile|Mawile, F|84/100
|-damage|p1a: Mawile|77/100|[from] Stealth Rock
|-ability|p1a: Mawile|Intimidate|boost
|-unboost|p2a: Mareanie|atk|1
|move|p2a: Mareanie|Scald|p1a: Mawile
|-damage|p1a: Mawile|63/100
|
|-heal|p1a: Mawile|70/100|[from] item: Leftovers
|upkeep
|turn|32
|j| TSR
|l| metnobodylikeyou
|
|move|p1a: Mawile|Knock Off|p2a: Mareanie
|-damage|p2a: Mareanie|49/100
|-enditem|p2a: Mareanie|Eviolite|[from] move: Knock Off|[of] p1a: Mawile
|move|p2a: Mareanie|Scald|p1a: Mawile
|-damage|p1a: Mawile|55/100
|-status|p1a: Mawile|brn
|
|-heal|p1a: Mawile|61/100 brn|[from] item: Leftovers
|-damage|p1a: Mawile|55/100 brn|[from] brn
|upkeep
|turn|33
|l| TSR
|
|switch|p1a: Mareanie|Mareanie, M|42/100
|-damage|p1a: Mareanie|30/100|[from] Stealth Rock
|-sideend|p1: adhadda|move: Toxic Spikes|[of] p1a: Mareanie
|move|p2a: Mareanie|Recover|p2a: Mareanie
|-heal|p2a: Mareanie|99/100
|
|upkeep
|turn|34
|
|switch|p1a: Hitmontop|Hitmontop, M|60/100 par
|-damage|p1a: Hitmontop|53/100 par|[from] Stealth Rock
|-ability|p1a: Hitmontop|Intimidate|boost
|-unboost|p2a: Mareanie|atk|1
|switch|p2a: Mr. Rime|Mr. Rime, M, shiny|100/100
|
|-heal|p1a: Hitmontop|60/100 par|[from] item: Leftovers
|upkeep
|turn|35
|
|switch|p2a: Mareanie|Mareanie, M|100/100
|-damage|p2a: Mareanie|88/100|[from] Stealth Rock
|switch|p1a: Shedinja|Shedinja|100/100
|
|upkeep
|turn|36
|
|switch|p1a: Hitmontop|Hitmontop, M|60/100 par
|-damage|p1a: Hitmontop|53/100 par|[from] Stealth Rock
|-ability|p1a: Hitmontop|Intimidate|boost
|-unboost|p2a: Mareanie|atk|1
|move|p2a: Mareanie|Knock Off|p1a: Hitmontop
|-resisted|p1a: Hitmontop
|-crit|p1a: Hitmontop
|-damage|p1a: Hitmontop|41/100 par
|-enditem|p1a: Hitmontop|Leftovers|[from] move: Knock Off|[of] p2a: Mareanie
|
|upkeep
|turn|37
|
|move|p2a: Mareanie|Scald|p1a: Hitmontop
|-damage|p1a: Hitmontop|31/100 par
|move|p1a: Hitmontop|Rapid Spin|p2a: Mareanie
|-damage|p2a: Mareanie|75/100
|-boost|p1a: Hitmontop|spe|1
|-sideend|p1: adhadda|Stealth Rock|[from] move: Rapid Spin|[of] p1a: Hitmontop
|
|upkeep
|turn|38
|
|switch|p1a: Mareanie|Mareanie, M|63/100
|switch|p2a: Mr. Rime|Mr. Rime, M, shiny|100/100
|
|upkeep
|turn|39
|
|switch|p1a: Shedinja|Shedinja|100/100
|move|p2a: Mr. Rime|Psyshock|p1a: Shedinja
|-immune|p1a: Shedinja|[from] ability: Wonder Guard
|
|upkeep
|turn|40
|
|move|p2a: Mr. Rime|Psyshock|p1a: Shedinja
|-immune|p1a: Shedinja|[from] ability: Wonder Guard
|move|p1a: Shedinja|Will-O-Wisp|p2a: Mr. Rime
|-status|p2a: Mr. Rime|brn
|
|-damage|p2a: Mr. Rime|95/100 brn|[from] brn
|upkeep
|turn|41
|
|switch|p2a: Mareanie|Mareanie, M|100/100
|-damage|p2a: Mareanie|88/100|[from] Stealth Rock
|move|p1a: Shedinja|Will-O-Wisp|p2a: Mareanie
|-status|p2a: Mareanie|brn
|
|-damage|p2a: Mareanie|82/100 brn|[from] brn
|upkeep
|turn|42
|
|switch|p1a: Duosion|Duosion, M|3/100
|move|p2a: Mareanie|Scald|p1a: Duosion
|-damage|p1a: Duosion|0 fnt
|faint|p1a: Duosion
|
|-damage|p2a: Mareanie|76/100 brn|[from] brn
|upkeep
|
|switch|p1a: Mareanie|Mareanie, M|96/100
|turn|43
|
|move|p1a: Mareanie|Sludge Bomb|p2a: Mareanie
|-resisted|p2a: Mareanie
|-damage|p2a: Mareanie|61/100 brn
|move|p2a: Mareanie|Knock Off|p1a: Mareanie
|-damage|p1a: Mareanie|88/100
|-enditem|p1a: Mareanie|Eviolite|[from] move: Knock Off|[of] p2a: Mareanie
|
|-damage|p2a: Mareanie|55/100 brn|[from] brn
|upkeep
|turn|44
|
|move|p1a: Mareanie|Sludge Bomb|p2a: Mareanie
|-resisted|p2a: Mareanie
|-damage|p2a: Mareanie|39/100 brn
|move|p2a: Mareanie|Recover|p2a: Mareanie
|-heal|p2a: Mareanie|89/100 brn
|
|-damage|p2a: Mareanie|83/100 brn|[from] brn
|upkeep
|turn|45
|
|move|p1a: Mareanie|Sludge Bomb|p2a: Mareanie
|-resisted|p2a: Mareanie
|-damage|p2a: Mareanie|67/100 brn
|move|p2a: Mareanie|Knock Off|p1a: Mareanie
|-damage|p1a: Mareanie|81/100
|
|-damage|p2a: Mareanie|62/100 brn|[from] brn
|upkeep
|turn|46
|
|switch|p1a: Mawile|Mawile, F|55/100 brn
|-ability|p1a: Mawile|Intimidate|boost
|-unboost|p2a: Mareanie|atk|1
|switch|p2a: Mr. Rime|Mr. Rime, M, shiny|95/100 brn
|
|-heal|p1a: Mawile|61/100 brn|[from] item: Leftovers
|-damage|p2a: Mr. Rime|89/100 brn|[from] brn
|-damage|p1a: Mawile|55/100 brn|[from] brn
|upkeep
|turn|47
|
|switch|p1a: Shedinja|Shedinja|100/100
|move|p2a: Mr. Rime|Freeze-Dry|p1a: Shedinja
|-immune|p1a: Shedinja|[from] ability: Wonder Guard
|
|-damage|p2a: Mr. Rime|83/100 brn|[from] brn
|upkeep
|turn|48
|
|switch|p2a: Mareanie|Mareanie, M|95/100 brn
|-damage|p2a: Mareanie|83/100 brn|[from] Stealth Rock
|move|p1a: Shedinja|Shadow Sneak|p2a: Mareanie
|-damage|p2a: Mareanie|65/100 brn
|
|-damage|p2a: Mareanie|59/100 brn|[from] brn
|upkeep
|turn|49
|
|switch|p1a: Mareanie|Mareanie, M|100/100
|move|p2a: Mareanie|Recover|p2a: Mareanie
|-heal|p2a: Mareanie|100/100 brn
|
|-damage|p2a: Mareanie|95/100 brn|[from] brn
|upkeep
|turn|50
|
|switch|p2a: Mr. Mime|Mr. Mime-Galar, M|66/100
|-damage|p2a: Mr. Mime|41/100|[from] Stealth Rock
|move|p1a: Mareanie|Toxic Spikes|p2a: Mr. Mime
|-sidestart|p2: Roonie217|move: Toxic Spikes
|
|upkeep
|turn|51
|
|switch|p1a: Shedinja|Shedinja|100/100
|move|p2a: Mr. Mime|Psychic|p1a: Shedinja
|-immune|p1a: Shedinja|[from] ability: Wonder Guard
|
|upkeep
|turn|52
|
|switch|p2a: Mareanie|Mareanie, M|100/100 brn
|-sideend|p2: Roonie217|move: Toxic Spikes|[of] p2a: Mareanie
|-damage|p2a: Mareanie|88/100 brn|[from] Stealth Rock
|switch|p1a: Mareanie|Mareanie, M|100/100
|
|-damage|p2a: Mareanie|82/100 brn|[from] brn
|upkeep
|turn|53
|
|switch|p2a: Mr. Rime|Mr. Rime, M, shiny|83/100 brn
|move|p1a: Mareanie|Toxic Spikes|p2a: Mr. Rime
|-sidestart|p2: Roonie217|move: Toxic Spikes
|
|-damage|p2a: Mr. Rime|77/100 brn|[from] brn
|upkeep
|turn|54
|
|switch|p2a: Mareanie|Mareanie, M|100/100 brn
|-damage|p2a: Mareanie|88/100 brn|[from] Stealth Rock
|-sideend|p2: Roonie217|move: Toxic Spikes|[of] p2a: Mareanie
|switch|p1a: Shedinja|Shedinja|100/100
|
|-damage|p2a: Mareanie|82/100 brn|[from] brn
|upkeep
|turn|55
|
|switch|p1a: Mareanie|Mareanie, M|100/100
|move|p2a: Mareanie|Knock Off|p1a: Mareanie
|-damage|p1a: Mareanie|93/100
|
|-damage|p2a: Mareanie|76/100 brn|[from] brn
|upkeep
|turn|56
|
|switch|p2a: Mr. Rime|Mr. Rime, M, shiny|77/100 brn
|move|p1a: Mareanie|Knock Off|p2a: Mr. Rime
|-supereffective|p2a: Mr. Rime
|-damage|p2a: Mr. Rime|43/100 brn
|-enditem|p2a: Mr. Rime|Heavy-Duty Boots|[from] move: Knock Off|[of] p1a: Mareanie
|
|-damage|p2a: Mr. Rime|37/100 brn|[from] brn
|upkeep
|turn|57
|
|switch|p1a: Shedinja|Shedinja|100/100
|move|p2a: Mr. Rime|Psyshock|p1a: Shedinja
|-immune|p1a: Shedinja|[from] ability: Wonder Guard
|
|-damage|p2a: Mr. Rime|31/100 brn|[from] brn
|upkeep
|turn|58
|c|☆Roonie217|gg lmao
|-message|Roonie217 forfeited.
|
|win|adhadda
