|j|☆696969I696969
|j|☆obama pause
|t:|1647459602
|gametype|singles
|player|p1|696969I696969|norman|1181
|player|p2|obama pause|dancer|1191
|teamsize|p1|6
|teamsize|p2|6
|gen|8
|tier|[Gen 8] PU
|rated|
|rule|Sleep Clause Mod: Limit one foe put to sleep
|rule|Species Clause: Limit one of each Pokémon
|rule|OHKO Clause: OHKO moves are banned
|rule|Evasion Moves Clause: Evasion moves are banned
|rule|Endless Battle Clause: Forcing endless battles is banned
|rule|HP Percentage Mod: HP is shown in percentages
|rule|Dynamax Clause: You cannot dynamax
|clearpoke
|poke|p1|Jolteon, M|
|poke|p1|Charizard, M|
|poke|p1|Vikavolt, M|
|poke|p1|Pincurchin, F|
|poke|p1|Whimsicott, M|
|poke|p1|Swoobat, M|
|poke|p2|Gigalith, F|
|poke|p2|Aromatisse, M|
|poke|p2|Qwilfish, M|
|poke|p2|Glastrier|
|poke|p2|Eldegoss, F|
|poke|p2|Sandaconda, F|
|teampreview
|
|t:|1647459617
|start
|switch|p1a: Whimsicott|Whimsicott, M|100/100
|switch|p2a: Sandaconda|Sandaconda, F|100/100
|turn|1
|
|t:|1647459624
|switch|p2a: Qwilfish|Qwilfish, M|100/100
|-ability|p2a: Qwilfish|Intimidate|boost
|-unboost|p1a: Whimsicott|atk|1
|move|p1a: Whimsicott|Switcheroo|p2a: Qwilfish
|-activate|p1a: Whimsicott|move: Trick|[of] p2a: Qwilfish
|-item|p2a: Qwilfish|Choice Specs|[from] move: Switcheroo
|-item|p1a: Whimsicott|Rocky Helmet|[from] move: Switcheroo
|
|upkeep
|turn|2
|
|t:|1647459637
|switch|p1a: Pincurchin|Pincurchin, F|100/100
|-fieldstart|move: Electric Terrain|[from] ability: Electric Surge|[of] p1a: Pincurchin
|switch|p2a: Glastrier|Glastrier|100/100
|
|upkeep
|turn|3
|j| Alex Caido Teste
|
|t:|1647459650
|switch|p2a: Sandaconda|Sandaconda, F|100/100
|move|p1a: Pincurchin|Hydro Pump|p2a: Sandaconda
|-supereffective|p2a: Sandaconda
|-damage|p2a: Sandaconda|44/100
|
|-heal|p2a: Sandaconda|50/100|[from] item: Leftovers
|upkeep
|turn|4
|
|t:|1647459661
|switch|p2a: Glastrier|Glastrier|100/100
|move|p1a: Pincurchin|Hydro Pump|p2a: Glastrier
|-damage|p2a: Glastrier|87/100
|
|upkeep
|turn|5
|
|t:|1647459668
|switch|p1a: Vikavolt|Vikavolt, M|100/100
|move|p2a: Glastrier|High Horsepower|p1a: Vikavolt
|-immune|p1a: Vikavolt|[from] ability: Levitate
|
|upkeep
|turn|6
|
|t:|1647459674
|switch|p2a: Gigalith|Gigalith, F|100/100
|-weather|Sandstorm|[from] ability: Sand Stream|[of] p2a: Gigalith
|move|p1a: Vikavolt|Bug Buzz|p2a: Gigalith
|-damage|p2a: Gigalith|59/100
|
|-weather|Sandstorm|[upkeep]
|-damage|p1a: Vikavolt|94/100|[from] Sandstorm
|-heal|p2a: Gigalith|65/100|[from] item: Leftovers
|upkeep
|turn|7
|
|t:|1647459684
|switch|p1a: Whimsicott|Whimsicott, M|100/100
|move|p2a: Gigalith|Rock Blast|p1a: Whimsicott|[miss]
|-miss|p2a: Gigalith|p1a: Whimsicott
|
|-weather|Sandstorm|[upkeep]
|-damage|p1a: Whimsicott|94/100|[from] Sandstorm
|-heal|p2a: Gigalith|71/100|[from] item: Leftovers
|upkeep
|turn|8
|
|t:|1647459697
|move|p2a: Gigalith|Protect|p2a: Gigalith
|-singleturn|p2a: Gigalith|Protect
|move|p1a: Whimsicott|Giga Drain|p2a: Gigalith
|-activate|p2a: Gigalith|move: Protect
|
|-weather|Sandstorm|[upkeep]
|-damage|p1a: Whimsicott|88/100|[from] Sandstorm
|-heal|p2a: Gigalith|77/100|[from] item: Leftovers
|upkeep
|turn|9
|inactive|Battle timer is ON: inactive players will automatically lose when time's up. (requested by 696969I696969)
|
|t:|1647459725
|switch|p2a: Glastrier|Glastrier|87/100
|move|p1a: Whimsicott|Giga Drain|p2a: Glastrier
|-damage|p2a: Glastrier|72/100
|-heal|p1a: Whimsicott|99/100|[from] drain|[of] p2a: Glastrier
|
|-weather|Sandstorm|[upkeep]
|-damage|p1a: Whimsicott|94/100|[from] Sandstorm
|-damage|p2a: Glastrier|66/100|[from] Sandstorm
|-fieldend|move: Electric Terrain
|upkeep
|turn|10
|l| Alex Caido Teste
|
|t:|1647459735
|switch|p1a: Pincurchin|Pincurchin, F|100/100
|-fieldstart|move: Electric Terrain|[from] ability: Electric Surge|[of] p1a: Pincurchin
|move|p2a: Glastrier|Icicle Crash|p1a: Pincurchin
|-damage|p1a: Pincurchin|51/100
|
|-weather|none
|upkeep
|turn|11
|
|t:|1647459742
|switch|p1a: Vikavolt|Vikavolt, M|94/100
|move|p2a: Glastrier|High Horsepower|p1a: Vikavolt
|-immune|p1a: Vikavolt|[from] ability: Levitate
|
|upkeep
|turn|12
|
|t:|1647459753
|move|p1a: Vikavolt|Energy Ball|p2a: Glastrier
|-damage|p2a: Glastrier|35/100
|move|p2a: Glastrier|Icicle Crash|p1a: Vikavolt
|-damage|p1a: Vikavolt|43/100
|
|upkeep
|turn|13
|
|t:|1647459770
|move|p1a: Vikavolt|Energy Ball|p2a: Glastrier
|-damage|p2a: Glastrier|5/100
|move|p2a: Glastrier|Icicle Crash|p1a: Vikavolt
|-damage|p1a: Vikavolt|0 fnt
|faint|p1a: Vikavolt
|-ability|p2a: Glastrier|Chilling Neigh|boost
|-boost|p2a: Glastrier|atk|1
|
|upkeep
|
|t:|1647459775
|switch|p1a: Sorry bro|Jolteon, M|100/100
|turn|14
|
|t:|1647459779
|move|p1a: Sorry bro|Shadow Ball|p2a: Glastrier
|-damage|p2a: Glastrier|0 fnt
|faint|p2a: Glastrier
|
|-status|p1a: Sorry bro|brn|[from] item: Flame Orb
|upkeep
|
|t:|1647459794
|switch|p2a: Aromatisse|Aromatisse, M|100/100
|turn|15
|
|t:|1647459796
|move|p1a: Sorry bro|Rising Voltage|p2a: Aromatisse
|-damage|p2a: Aromatisse|12/100
|move|p2a: Aromatisse|Wish|p2a: Aromatisse
|
|-heal|p2a: Aromatisse|18/100|[from] item: Leftovers
|-damage|p1a: Sorry bro|95/100 brn|[from] brn
|upkeep
|turn|16
|
|t:|1647459803
|switch|p2a: Sandaconda|Sandaconda, F|50/100
|move|p1a: Sorry bro|Shadow Ball|p2a: Sandaconda
|-damage|p2a: Sandaconda|16/100
|-unboost|p2a: Sandaconda|spd|1
|
|-heal|p2a: Sandaconda|74/100|[from] move: Wish|[wisher] Aromatisse
|-heal|p2a: Sandaconda|81/100|[from] item: Leftovers
|-damage|p1a: Sorry bro|89/100 brn|[from] brn
|upkeep
|turn|17
|
|t:|1647459814
|switch|p1a: Broken|Swoobat, M|100/100
|-enditem|p1a: Broken|Electric Seed
|-boost|p1a: Broken|def|2|[from] item: Electric Seed
|move|p2a: Sandaconda|Stone Edge|p1a: Broken
|-supereffective|p1a: Broken
|-damage|p1a: Broken|65/100
|
|-heal|p2a: Sandaconda|87/100|[from] item: Leftovers
|-fieldend|move: Electric Terrain
|upkeep
|turn|18
|
|t:|1647459823
|switch|p2a: Gigalith|Gigalith, F|77/100
|-weather|Sandstorm|[from] ability: Sand Stream|[of] p2a: Gigalith
|move|p1a: Broken|Calm Mind|p1a: Broken
|-boost|p1a: Broken|spa|2
|-boost|p1a: Broken|spd|2
|
|-weather|Sandstorm|[upkeep]
|-damage|p1a: Broken|59/100|[from] Sandstorm
|-heal|p2a: Gigalith|83/100|[from] item: Leftovers
|upkeep
|turn|19
|
|t:|1647459832
|move|p1a: Broken|Roost|p1a: Broken
|-heal|p1a: Broken|100/100
|-singleturn|p1a: Broken|move: Roost
|move|p2a: Gigalith|Toxic|p1a: Broken
|-status|p1a: Broken|tox
|
|-weather|Sandstorm|[upkeep]
|-damage|p1a: Broken|94/100 tox|[from] Sandstorm
|-heal|p2a: Gigalith|90/100|[from] item: Leftovers
|-damage|p1a: Broken|88/100 tox|[from] psn
|upkeep
|turn|20
|
|t:|1647459842
|move|p1a: Broken|Calm Mind|p1a: Broken
|-boost|p1a: Broken|spa|2
|-boost|p1a: Broken|spd|2
|move|p2a: Gigalith|Rock Blast|p1a: Broken
|-supereffective|p1a: Broken
|-damage|p1a: Broken|72/100 tox
|-supereffective|p1a: Broken
|-damage|p1a: Broken|57/100 tox
|-hitcount|p1a: Broken|2
|
|-weather|Sandstorm|[upkeep]
|-damage|p1a: Broken|51/100 tox|[from] Sandstorm
|-heal|p2a: Gigalith|96/100|[from] item: Leftovers
|-damage|p1a: Broken|38/100 tox|[from] psn
|upkeep
|turn|21
|
|t:|1647459847
|move|p2a: Gigalith|Protect|p2a: Gigalith
|-singleturn|p2a: Gigalith|Protect
|move|p1a: Broken|Stored Power|p2a: Gigalith
|-activate|p2a: Gigalith|move: Protect
|
|-weather|Sandstorm|[upkeep]
|-damage|p1a: Broken|32/100 tox|[from] Sandstorm
|-heal|p2a: Gigalith|100/100|[from] item: Leftovers
|-damage|p1a: Broken|14/100 tox|[from] psn
|upkeep
|turn|22
|
|t:|1647459859
|switch|p2a: Aromatisse|Aromatisse, M|18/100
|move|p1a: Broken|Roost|p1a: Broken
|-heal|p1a: Broken|64/100 tox
|-singleturn|p1a: Broken|move: Roost
|
|-weather|none
|-heal|p2a: Aromatisse|24/100|[from] item: Leftovers
|-damage|p1a: Broken|39/100 tox|[from] psn
|upkeep
|turn|23
|
|t:|1647459869
|move|p2a: Aromatisse|Protect|p2a: Aromatisse
|-singleturn|p2a: Aromatisse|Protect
|move|p1a: Broken|Stored Power|p2a: Aromatisse
|-activate|p2a: Aromatisse|move: Protect
|
|-heal|p2a: Aromatisse|30/100|[from] item: Leftovers
|-damage|p1a: Broken|8/100 tox|[from] psn
|upkeep
|turn|24
|
|t:|1647459876
|move|p2a: Aromatisse|Protect||[still]
|-fail|p2a: Aromatisse
|move|p1a: Broken|Stored Power|p2a: Aromatisse
|-damage|p2a: Aromatisse|0 fnt
|faint|p2a: Aromatisse
|
|-damage|p1a: Broken|0 fnt|[from] psn
|faint|p1a: Broken
|upkeep
|
|t:|1647459893
|switch|p1a: Pincurchin|Pincurchin, F|51/100
|switch|p2a: Gigalith|Gigalith, F|100/100
|-weather|Sandstorm|[from] ability: Sand Stream|[of] p2a: Gigalith
|-fieldstart|move: Electric Terrain|[from] ability: Electric Surge|[of] p1a: Pincurchin
|turn|25
|
|t:|1647459907
|move|p2a: Gigalith|Rock Blast|p1a: Pincurchin
|-damage|p1a: Pincurchin|42/100
|-damage|p1a: Pincurchin|32/100
|-damage|p1a: Pincurchin|22/100
|-hitcount|p1a: Pincurchin|3
|move|p1a: Pincurchin|Memento|p2a: Gigalith
|-unboost|p2a: Gigalith|atk|2
|-unboost|p2a: Gigalith|spa|2
|faint|p1a: Pincurchin
|
|-weather|Sandstorm|[upkeep]
|upkeep
|
|t:|1647459916
|switch|p1a: Gg|Charizard, M, shiny|100/100
|turn|26
|
|t:|1647459921
|move|p2a: Gigalith|Protect|p2a: Gigalith
|-singleturn|p2a: Gigalith|Protect
|move|p1a: Gg|Substitute|p1a: Gg
|-start|p1a: Gg|Substitute
|-damage|p1a: Gg|75/100
|
|-weather|Sandstorm|[upkeep]
|-damage|p1a: Gg|69/100|[from] Sandstorm
|upkeep
|turn|27
|
|t:|1647459928
|switch|p2a: Eldegoss|Eldegoss, F|100/100
|move|p1a: Gg|Belly Drum|p1a: Gg
|-damage|p1a: Gg|19/100
|-setboost|p1a: Gg|atk|6|[from] move: Belly Drum
|-enditem|p1a: Gg|Salac Berry|[eat]
|-boost|p1a: Gg|spe|1|[from] item: Salac Berry
|
|-weather|Sandstorm|[upkeep]
|-damage|p1a: Gg|13/100|[from] Sandstorm
|-damage|p2a: Eldegoss|94/100|[from] Sandstorm
|upkeep
|turn|28
|
|t:|1647459934
|switch|p2a: Qwilfish|Qwilfish, M|100/100
|-ability|p2a: Qwilfish|Intimidate|boost
|-immune|p1a: Gg
|move|p1a: Gg|Acrobatics|p2a: Qwilfish
|-damage|p2a: Qwilfish|0 fnt
|faint|p2a: Qwilfish
|
|-weather|Sandstorm|[upkeep]
|-damage|p1a: Gg|7/100|[from] Sandstorm
|upkeep
|
|t:|1647459944
|switch|p2a: Gigalith|Gigalith, F|100/100
|turn|29
|
|t:|1647459947
|move|p2a: Gigalith|Protect|p2a: Gigalith
|-singleturn|p2a: Gigalith|Protect
|move|p1a: Gg|Earthquake|p2a: Gigalith
|-activate|p2a: Gigalith|move: Protect
|
|-weather|none
|upkeep
|turn|30
|
|t:|1647459951
|switch|p2a: Eldegoss|Eldegoss, F|100/100
|move|p1a: Gg|Earthquake|p2a: Eldegoss
|-resisted|p2a: Eldegoss
|-damage|p2a: Eldegoss|37/100
|
|upkeep
|turn|31
|
|t:|1647459961
|move|p1a: Gg|Acrobatics|p2a: Eldegoss
|-supereffective|p2a: Eldegoss
|-damage|p2a: Eldegoss|0 fnt
|faint|p2a: Eldegoss
|
|upkeep
|
|t:|1647459964
|switch|p2a: Gigalith|Gigalith, F|100/100
|-weather|Sandstorm|[from] ability: Sand Stream|[of] p2a: Gigalith
|turn|32
|
|t:|1647459969
|move|p2a: Gigalith|Protect|p2a: Gigalith
|-singleturn|p2a: Gigalith|Protect
|move|p1a: Gg|Earthquake|p2a: Gigalith
|-activate|p2a: Gigalith|move: Protect
|
|-weather|Sandstorm|[upkeep]
|-damage|p1a: Gg|0 fnt|[from] Sandstorm
|faint|p1a: Gg
|-fieldend|move: Electric Terrain
|upkeep
|
|t:|1647459972
|switch|p1a: Whimsicott|Whimsicott, M|94/100
|turn|33
|
|t:|1647459980
|move|p1a: Whimsicott|Switcheroo|p2a: Gigalith
|-activate|p1a: Whimsicott|move: Trick|[of] p2a: Gigalith
|-item|p2a: Gigalith|Rocky Helmet|[from] move: Switcheroo
|-item|p1a: Whimsicott|Leftovers|[from] move: Switcheroo
|move|p2a: Gigalith|Toxic|p1a: Whimsicott|[miss]
|-miss|p2a: Gigalith|p1a: Whimsicott
|
|-weather|Sandstorm|[upkeep]
|-damage|p1a: Whimsicott|87/100|[from] Sandstorm
|-heal|p1a: Whimsicott|94/100|[from] item: Leftovers
|upkeep
|turn|34
|
|t:|1647459987
|switch|p1a: Sorry bro|Jolteon, M|89/100 brn
|move|p2a: Gigalith|Toxic||[still]
|-fail|p2a: Gigalith
|
|-weather|Sandstorm|[upkeep]
|-damage|p1a: Sorry bro|83/100 brn|[from] Sandstorm
|-damage|p1a: Sorry bro|77/100 brn|[from] brn
|upkeep
|turn|35
|
|t:|1647459996
|move|p1a: Sorry bro|Shadow Ball|p2a: Gigalith
|-damage|p2a: Gigalith|87/100
|move|p2a: Gigalith|Rock Blast|p1a: Sorry bro
|-damage|p1a: Sorry bro|57/100 brn
|-damage|p1a: Sorry bro|36/100 brn
|-hitcount|p1a: Sorry bro|2
|
|-weather|Sandstorm|[upkeep]
|-damage|p1a: Sorry bro|30/100 brn|[from] Sandstorm
|-damage|p1a: Sorry bro|24/100 brn|[from] brn
|upkeep
|turn|36
|
|t:|1647460001
|move|p1a: Sorry bro|Shadow Ball|p2a: Gigalith
|-damage|p2a: Gigalith|72/100
|move|p2a: Gigalith|Rock Blast|p1a: Sorry bro
|-damage|p1a: Sorry bro|3/100 brn
|-damage|p1a: Sorry bro|0 fnt
|faint|p1a: Sorry bro
|-hitcount|p1: Sorry bro|2
|
|-weather|none
|upkeep
|
|t:|1647460006
|switch|p1a: Whimsicott|Whimsicott, M|94/100
|turn|37
|
|t:|1647460009
|switch|p2a: Sandaconda|Sandaconda, F|87/100
|move|p1a: Whimsicott|Giga Drain|p2a: Sandaconda
|-supereffective|p2a: Sandaconda
|-damage|p2a: Sandaconda|17/100
|-heal|p1a: Whimsicott|100/100|[from] drain|[of] p2a: Sandaconda
|
|-heal|p2a: Sandaconda|23/100|[from] item: Leftovers
|upkeep
|turn|38
|
|t:|1647460017
|move|p1a: Whimsicott|Giga Drain|p2a: Sandaconda
|-supereffective|p2a: Sandaconda
|-damage|p2a: Sandaconda|0 fnt
|faint|p2a: Sandaconda
|
|upkeep
|
|t:|1647460019
|switch|p2a: Gigalith|Gigalith, F|72/100
|-weather|Sandstorm|[from] ability: Sand Stream|[of] p2a: Gigalith
|turn|39
|
|t:|1647460023
|move|p1a: Whimsicott|Giga Drain|p2a: Gigalith
|-supereffective|p2a: Gigalith
|-damage|p2a: Gigalith|42/100
|move|p2a: Gigalith|Toxic|p1a: Whimsicott
|-status|p1a: Whimsicott|tox
|
|-weather|Sandstorm|[upkeep]
|-damage|p1a: Whimsicott|94/100 tox|[from] Sandstorm
|-heal|p1a: Whimsicott|100/100 tox|[from] item: Leftovers
|-damage|p1a: Whimsicott|94/100 tox|[from] psn
|upkeep
|turn|40
|
|t:|1647460028
|move|p2a: Gigalith|Protect|p2a: Gigalith
|-singleturn|p2a: Gigalith|Protect
|move|p1a: Whimsicott|Giga Drain|p2a: Gigalith
|-activate|p2a: Gigalith|move: Protect
|
|-weather|Sandstorm|[upkeep]
|-damage|p1a: Whimsicott|88/100 tox|[from] Sandstorm
|-heal|p1a: Whimsicott|94/100 tox|[from] item: Leftovers
|-damage|p1a: Whimsicott|82/100 tox|[from] psn
|upkeep
|turn|41
|
|t:|1647460038
|move|p1a: Whimsicott|Giga Drain|p2a: Gigalith
|-supereffective|p2a: Gigalith
|-damage|p2a: Gigalith|13/100
|-heal|p1a: Whimsicott|100/100 tox|[from] drain|[of] p2a: Gigalith
|move|p2a: Gigalith|Rock Blast|p1a: Whimsicott
|-damage|p1a: Whimsicott|84/100 tox
|-damage|p1a: Whimsicott|66/100 tox
|-hitcount|p1a: Whimsicott|2
|
|-weather|Sandstorm|[upkeep]
|-damage|p1a: Whimsicott|60/100 tox|[from] Sandstorm
|-heal|p1a: Whimsicott|66/100 tox|[from] item: Leftovers
|-damage|p1a: Whimsicott|48/100 tox|[from] psn
|upkeep
|turn|42
|
|t:|1647460050
|move|p2a: Gigalith|Protect|p2a: Gigalith
|-singleturn|p2a: Gigalith|Protect
|move|p1a: Whimsicott|Giga Drain|p2a: Gigalith
|-activate|p2a: Gigalith|move: Protect
|
|-weather|Sandstorm|[upkeep]
|-damage|p1a: Whimsicott|42/100 tox|[from] Sandstorm
|-heal|p1a: Whimsicott|48/100 tox|[from] item: Leftovers
|-damage|p1a: Whimsicott|23/100 tox|[from] psn
|upkeep
|turn|43
|
|t:|1647460059
|move|p2a: Gigalith|Protect|p2a: Gigalith
|-singleturn|p2a: Gigalith|Protect
|move|p1a: Whimsicott|Giga Drain|p2a: Gigalith
|-activate|p2a: Gigalith|move: Protect
|
|-weather|none
|-heal|p1a: Whimsicott|30/100 tox|[from] item: Leftovers
|-damage|p1a: Whimsicott|0 fnt|[from] psn
|faint|p1a: Whimsicott
|
|win|obama pause
|upkeep
|raw|696969I696969's rating: 1181 &rarr; <strong>1157</strong><br />(-24 for losing)
|raw|obama pause's rating: 1191 &rarr; <strong>1215</strong><br />(+24 for winning)
|c|☆696969I696969|Gg
|c|☆obama pause|gg
|c|☆696969I696969|Wp
|c|☆obama pause|your sets was super interesting
||Ladder isn't responding, score probably updated but might not have (Request timeout).
