|j|☆MZ
|j|☆EpicBibarel
|t:|1601227439
|player|p1|MZ|#megazard|
|player|p2|EpicBibarel|acetrainer|
|teamsize|p1|6
|teamsize|p2|6
|gametype|singles
|gen|8
|tier|[Gen 8] PU
|rated|Tournament battle
|clearpoke
|poke|p1|Sandslash, F|
|poke|p1|Dusknoir, M|
|poke|p1|Tangela, M|
|poke|p1|Mr. Mime-Galar, F|
|poke|p1|Golduck, M|
|poke|p1|Morpeko, F|
|poke|p2|Shuckle, M|
|poke|p2|Rapidash-Galar, F|
|poke|p2|Luxray, M|
|poke|p2|Mr. Mime-Galar, M|
|poke|p2|Gourgeist-*, M|
|poke|p2|Pawniard, M|
|rule|Sleep Clause Mod: Limit one foe put to sleep
|rule|Species Clause: Limit one of each Pokémon
|rule|OHKO Clause: OHKO moves are banned
|rule|Evasion Moves Clause: Evasion moves are banned
|rule|Endless Battle Clause: Forcing endless battles is banned
|rule|HP Percentage Mod: HP is shown in percentages
|rule|Dynamax Clause: You cannot dynamax
|teampreview
|c|☆EpicBibarel|gl
|c|☆MZ|u2
|j| un vigoroth
|
|t:|1601227470
|start
|switch|p1a: Golduck|Golduck, M|100/100
|switch|p2a: Gourgeist|Gourgeist, M|100/100
|-ability|p1a: Golduck|Cloud Nine
|-item|p1a: Golduck|Choice Specs|[from] ability: Frisk|[of] p2a: Gourgeist|[identify]
|turn|1
|
|t:|1601227486
|switch|p1a: Tangela|Tangela, M|100/100
|move|p2a: Gourgeist|Trick|p1a: Tangela
|-activate|p2a: Gourgeist|move: Trick|[of] p1a: Tangela
|-item|p1a: Tangela|Choice Band|[from] move: Trick
|-item|p2a: Gourgeist|Eviolite|[from] move: Trick
|
|upkeep
|turn|2
|
|t:|1601227513
|switch|p2a: Shuckle|Shuckle, M|100/100
|switch|p1a: Golduck|Golduck, M|100/100
|-ability|p1a: Golduck|Cloud Nine
|
|upkeep
|turn|3
|
|t:|1601227521
|move|p1a: Golduck|Hydro Pump|p2a: Shuckle
|-supereffective|p2a: Shuckle
|-damage|p2a: Shuckle|26/100
|move|p2a: Shuckle|Sticky Web|p1a: Golduck
|-sidestart|p1: MZ|move: Sticky Web
|
|upkeep
|turn|4
|
|t:|1601227528
|move|p1a: Golduck|Hydro Pump|p2a: Shuckle
|-supereffective|p2a: Shuckle
|-damage|p2a: Shuckle|0 fnt
|faint|p2a: Shuckle
|
|upkeep
|
|t:|1601227534
|switch|p2a: Gourgeist|Gourgeist, M|100/100
|-item|p1a: Golduck|Choice Specs|[from] ability: Frisk|[of] p2a: Gourgeist|[identify]
|turn|5
|
|t:|1601227544
|switch|p1a: Tangela|Tangela, M|100/100
|-activate|p1a: Tangela|move: Sticky Web
|-unboost|p1a: Tangela|spe|1
|move|p2a: Gourgeist|Power Whip|p1a: Tangela
|-resisted|p1a: Tangela
|-damage|p1a: Tangela|84/100
|
|upkeep
|turn|6
|
|t:|1601227553
|move|p2a: Gourgeist|Poltergeist|p1a: Tangela
|-activate|p1a: Tangela|move: Poltergeist|Choice Band
|-damage|p1a: Tangela|56/100
|move|p1a: Tangela|Sludge Bomb|p2a: Gourgeist
|-damage|p2a: Gourgeist|65/100
|
|upkeep
|turn|7
|
|t:|1601227561
|move|p2a: Gourgeist|Power Whip|p1a: Tangela
|-resisted|p1a: Tangela
|-damage|p1a: Tangela|40/100
|move|p1a: Tangela|Sludge Bomb|p2a: Gourgeist
|-damage|p2a: Gourgeist|31/100
|
|upkeep
|turn|8
|
|t:|1601227572
|switch|p2a: Pawniard|Pawniard, M|100/100
|move|p1a: Tangela|Sludge Bomb|p2a: Pawniard
|-immune|p2a: Pawniard
|
|upkeep
|turn|9
|
|t:|1601227581
|switch|p2a: Mr. Mime|Mr. Mime-Galar, M|100/100
|switch|p1a: Sandslash|Sandslash, F|100/100
|-activate|p1a: Sandslash|move: Sticky Web
|-unboost|p1a: Sandslash|spe|1
|
|upkeep
|turn|10
|
|t:|1601227589
|switch|p1a: Dusknoir|Dusknoir, M|100/100
|-activate|p1a: Dusknoir|move: Sticky Web
|-unboost|p1a: Dusknoir|spe|1
|-item|p2a: Mr. Mime|Eviolite|[from] ability: Frisk|[of] p1a: Dusknoir|[identify]
|move|p2a: Mr. Mime|Ice Beam|p1a: Dusknoir
|-damage|p1a: Dusknoir|77/100
|
|upkeep
|turn|11
|
|t:|1601227599
|switch|p2a: Pawniard|Pawniard, M|100/100
|switch|p1a: Sandslash|Sandslash, F|100/100
|-activate|p1a: Sandslash|move: Sticky Web
|-unboost|p1a: Sandslash|spe|1
|
|upkeep
|turn|12
|
|t:|1601227606
|switch|p2a: Gourgeist|Gourgeist, M|31/100
|-item|p1a: Sandslash|Leftovers|[from] ability: Frisk|[of] p2a: Gourgeist|[identify]
|move|p1a: Sandslash|Stealth Rock|p2a: Gourgeist
|-sidestart|p2: EpicBibarel|move: Stealth Rock
|
|upkeep
|turn|13
|
|t:|1601227616
|switch|p1a: Tangela|Tangela, M|73/100
|-activate|p1a: Tangela|move: Sticky Web
|-unboost|p1a: Tangela|spe|1
|move|p2a: Gourgeist|Poltergeist|p1a: Tangela
|-activate|p1a: Tangela|move: Poltergeist|Choice Band
|-damage|p1a: Tangela|43/100
|
|upkeep
|turn|14
|
|t:|1601227628
|switch|p2a: Pawniard|Pawniard, M|100/100
|-damage|p2a: Pawniard|94/100|[from] Stealth Rock
|move|p1a: Tangela|Sludge Bomb|p2a: Pawniard
|-immune|p2a: Pawniard
|
|upkeep
|turn|15
|
|t:|1601227640
|switch|p1a: Sandslash|Sandslash, F|100/100
|-activate|p1a: Sandslash|move: Sticky Web
|-unboost|p1a: Sandslash|spe|1
|move|p2a: Pawniard|Swords Dance|p2a: Pawniard
|-boost|p2a: Pawniard|atk|2
|
|upkeep
|turn|16
|
|t:|1601227648
|switch|p2a: Gourgeist|Gourgeist, M|31/100
|-damage|p2a: Gourgeist|19/100|[from] Stealth Rock
|-item|p1a: Sandslash|Leftovers|[from] ability: Frisk|[of] p2a: Gourgeist|[identify]
|move|p1a: Sandslash|Earthquake|p2a: Gourgeist
|-resisted|p2a: Gourgeist
|-damage|p2a: Gourgeist|2/100
|
|upkeep
|turn|17
|
|t:|1601227658
|switch|p1a: Tangela|Tangela, M|76/100
|-activate|p1a: Tangela|move: Sticky Web
|-unboost|p1a: Tangela|spe|1
|move|p2a: Gourgeist|Poltergeist|p1a: Tangela
|-activate|p1a: Tangela|move: Poltergeist|Choice Band
|-damage|p1a: Tangela|48/100
|
|upkeep
|turn|18
|
|t:|1601227670
|move|p2a: Gourgeist|Poltergeist|p1a: Tangela
|-activate|p1a: Tangela|move: Poltergeist|Choice Band
|-damage|p1a: Tangela|20/100
|move|p1a: Tangela|Giga Drain|p2a: Gourgeist
|-resisted|p2a: Gourgeist
|-damage|p2a: Gourgeist|0 fnt
|-heal|p1a: Tangela|21/100|[from] drain|[of] p2a: Gourgeist
|faint|p2a: Gourgeist
|
|upkeep
|
|t:|1601227683
|switch|p2a: Rapidash|Rapidash-Galar, F|100/100
|-damage|p2a: Rapidash|88/100|[from] Stealth Rock
|turn|19
|
|t:|1601227691
|move|p2a: Rapidash|Psychic|p1a: Tangela
|-damage|p1a: Tangela|0 fnt
|faint|p1a: Tangela
|
|-heal|p2a: Rapidash|94/100|[from] item: Leftovers
|upkeep
|
|t:|1601227700
|switch|p1a: Dusknoir|Dusknoir, M|77/100
|-activate|p1a: Dusknoir|move: Sticky Web
|-unboost|p1a: Dusknoir|spe|1
|-item|p2a: Rapidash|Leftovers|[from] ability: Frisk|[of] p1a: Dusknoir|[identify]
|turn|20
|
|t:|1601227705
|switch|p2a: Pawniard|Pawniard, M|94/100
|-damage|p2a: Pawniard|88/100|[from] Stealth Rock
|move|p1a: Dusknoir|Power-Up Punch|p2a: Pawniard
|-supereffective|p2a: Pawniard
|-damage|p2a: Pawniard|17/100
|-boost|p1a: Dusknoir|atk|1
|
|upkeep
|turn|21
|
|t:|1601227729
|switch|p1a: Golduck|Golduck, M|100/100
|-activate|p1a: Golduck|move: Sticky Web
|-unboost|p1a: Golduck|spe|1
|-ability|p1a: Golduck|Cloud Nine
|move|p2a: Pawniard|Sucker Punch||[still]
|-fail|p2a: Pawniard
|
|upkeep
|turn|22
|
|t:|1601227737
|move|p2a: Pawniard|Knock Off|p1a: Golduck
|-damage|p1a: Golduck|42/100
|-enditem|p1a: Golduck|Choice Specs|[from] move: Knock Off|[of] p2a: Pawniard
|move|p1a: Golduck|Flip Turn|p2a: Pawniard
|-damage|p2a: Pawniard|0 fnt
|faint|p2a: Pawniard
|
|t:|1601227746
|switch|p1a: Morpeko|Morpeko, F|100/100|[from]move: Flip Turn
|-activate|p1a: Morpeko|move: Sticky Web
|-unboost|p1a: Morpeko|spe|1
|
|-formechange|p1a: Morpeko|Morpeko-Hangry||[from] ability: Hunger Switch
|upkeep
|
|t:|1601227753
|switch|p2a: Rapidash|Rapidash-Galar, F|94/100
|-damage|p2a: Rapidash|82/100|[from] Stealth Rock
|turn|23
|
|t:|1601227774
|move|p2a: Rapidash|Dazzling Gleam|p1a: Morpeko
|-supereffective|p1a: Morpeko
|-damage|p1a: Morpeko|0 fnt
|faint|p1a: Morpeko
|
|-heal|p2a: Rapidash|88/100|[from] item: Leftovers
|upkeep
|
|t:|1601227777
|switch|p1a: Dusknoir|Dusknoir, M|77/100
|-activate|p1a: Dusknoir|move: Sticky Web
|-unboost|p1a: Dusknoir|spe|1
|-item|p2a: Rapidash|Leftovers|[from] ability: Frisk|[of] p1a: Dusknoir|[identify]
|turn|24
|
|t:|1601227786
|move|p2a: Rapidash|Psychic|p1a: Dusknoir
|-damage|p1a: Dusknoir|55/100
|move|p1a: Dusknoir|Poltergeist|p2a: Rapidash
|-activate|p2a: Rapidash|move: Poltergeist|Leftovers
|-supereffective|p2a: Rapidash
|-damage|p2a: Rapidash|0 fnt
|faint|p2a: Rapidash
|
|upkeep
|
|t:|1601227795
|switch|p2a: Luxray|Luxray, M|100/100
|-damage|p2a: Luxray|88/100|[from] Stealth Rock
|turn|25
|
|t:|1601227800
|switch|p1a: Golduck|Golduck, M|42/100
|-activate|p1a: Golduck|move: Sticky Web
|-unboost|p1a: Golduck|spe|1
|-ability|p1a: Golduck|Cloud Nine
|move|p2a: Luxray|Wild Charge|p1a: Golduck
|-supereffective|p1a: Golduck
|-damage|p1a: Golduck|0 fnt
|-damage|p2a: Luxray|78/100|[from] Recoil
|faint|p1a: Golduck
|
|-status|p2a: Luxray|brn|[from] item: Flame Orb
|upkeep
|
|t:|1601227803
|switch|p1a: Sandslash|Sandslash, F|100/100
|-activate|p1a: Sandslash|move: Sticky Web
|-unboost|p1a: Sandslash|spe|1
|turn|26
|
|t:|1601227817
|switch|p2a: Mr. Mime|Mr. Mime-Galar, M|100/100
|-damage|p2a: Mr. Mime|76/100|[from] Stealth Rock
|move|p1a: Sandslash|Earthquake|p2a: Mr. Mime
|-damage|p2a: Mr. Mime|33/100
|
|upkeep
|turn|27
|
|t:|1601227824
|switch|p1a: Dusknoir|Dusknoir, M|55/100
|-activate|p1a: Dusknoir|move: Sticky Web
|-unboost|p1a: Dusknoir|spe|1
|-item|p2a: Mr. Mime|Eviolite|[from] ability: Frisk|[of] p1a: Dusknoir|[identify]
|move|p2a: Mr. Mime|Ice Beam|p1a: Dusknoir
|-damage|p1a: Dusknoir|34/100
|
|upkeep
|turn|28
|
|t:|1601227832
|move|p1a: Dusknoir|Shadow Sneak|p2a: Mr. Mime
|-supereffective|p2a: Mr. Mime
|-damage|p2a: Mr. Mime|0 fnt
|faint|p2a: Mr. Mime
|
|upkeep
|
|t:|1601227836
|switch|p2a: Luxray|Luxray, M|78/100 brn
|-damage|p2a: Luxray|66/100 brn|[from] Stealth Rock
|turn|29
|
|t:|1601227841
|move|p1a: Dusknoir|Shadow Sneak|p2a: Luxray
|-damage|p2a: Luxray|38/100 brn
|move|p2a: Luxray|Wild Charge|p1a: Dusknoir
|-damage|p1a: Dusknoir|0 fnt
|-damage|p2a: Luxray|30/100 brn|[from] Recoil
|faint|p1a: Dusknoir
|
|-damage|p2a: Luxray|24/100 brn|[from] brn
|upkeep
|
|t:|1601227845
|switch|p1a: Mr. Mime|Mr. Mime-Galar, F|100/100
|turn|30
|c|☆EpicBibarel|gg
|c|☆MZ|gg
|
|t:|1601227851
|move|p1a: Mr. Mime|Psychic|p2a: Luxray
|-damage|p2a: Luxray|0 fnt
|faint|p2a: Luxray
|
|win|MZ
