|j|☆stigmalicker
|j|☆one step from eden
|t:|1609983740
|player|p1|stigmalicker|102|
|player|p2|one step from eden|grimsley-gen7|
|teamsize|p1|6
|teamsize|p2|6
|gametype|singles
|gen|8
|tier|[Gen 8] PU
|rated|Tournament battle
|clearpoke
|poke|p1|Pikachu, F|
|poke|p1|Cradily, F|
|poke|p1|Scyther, M|
|poke|p1|Absol, M|
|poke|p1|Ludicolo, F|
|poke|p1|Gallade, M|
|poke|p2|Articuno|
|poke|p2|Lanturn, M|
|poke|p2|Rhydon, F|
|poke|p2|Xatu, M|
|poke|p2|Sableye, F|
|poke|p2|Talonflame, F|
|rule|Sleep Clause Mod: Limit one foe put to sleep
|rule|Species Clause: Limit one of each Pokémon
|rule|OHKO Clause: OHKO moves are banned
|rule|Evasion Moves Clause: Evasion moves are banned
|rule|Endless Battle Clause: Forcing endless battles is banned
|rule|HP Percentage Mod: HP is shown in percentages
|rule|Dynamax Clause: You cannot dynamax
|teampreview
|j| karrakarra
|j| Professor Zguh
|j| bigmanocampus
|
|t:|1609983750
|start
|switch|p1a: Scyther|Scyther, M|100/100
|switch|p2a: Sableye|Sableye, F|100/100
|turn|1
|j| vxcxz
|
|t:|1609983758
|move|p2a: Sableye|Will-O-Wisp|p1a: Scyther
|-status|p1a: Scyther|brn
|move|p1a: Scyther|Swords Dance|p1a: Scyther
|-boost|p1a: Scyther|atk|2
|
|-damage|p1a: Scyther|94/100 brn|[from] brn
|upkeep
|turn|2
|j| Velcroc
|l| Velcroc
|
|t:|1609983783
|move|p1a: Scyther|Swords Dance|p1a: Scyther
|-boost|p1a: Scyther|atk|2
|move|p2a: Sableye|Knock Off|p1a: Scyther
|-damage|p1a: Scyther|71/100 brn
|-enditem|p1a: Scyther|Eviolite|[from] move: Knock Off|[of] p2a: Sableye
|
|-damage|p1a: Scyther|65/100 brn|[from] brn
|upkeep
|turn|3
|j| zozozoo
|
|t:|1609983791
|move|p2a: Sableye|Encore|p1a: Scyther
|-start|p1a: Scyther|Encore
|move|p1a: Scyther|Swords Dance|p1a: Scyther
|-boost|p1a: Scyther|atk|2
|
|-damage|p1a: Scyther|59/100 brn|[from] brn
|upkeep
|turn|4
|
|t:|1609983798
|move|p1a: Scyther|Swords Dance|p1a: Scyther
|-boost|p1a: Scyther|atk|0
|move|p2a: Sableye|Knock Off|p1a: Scyther
|-damage|p1a: Scyther|35/100 brn
|
|-damage|p1a: Scyther|29/100 brn|[from] brn
|upkeep
|turn|5
|
|t:|1609983824
|move|p1a: Scyther|Swords Dance|p1a: Scyther
|-boost|p1a: Scyther|atk|0
|move|p2a: Sableye|Knock Off|p1a: Scyther
|-damage|p1a: Scyther|2/100 brn
|
|-damage|p1a: Scyther|0 fnt|[from] brn
|faint|p1a: Scyther
|upkeep
|
|t:|1609983834
|switch|p1a: Cradily|Cradily, F|100/100
|turn|6
|l| karrakarra
|
|t:|1609983849
|switch|p2a: Xatu|Xatu, M|100/100
|move|p1a: Cradily|Stealth Rock|p2a: Xatu
|move|p2a: Xatu|Stealth Rock|p1a: Cradily|[from]ability: Magic Bounce
|-sidestart|p1: stigmalicker|move: Stealth Rock
|
|upkeep
|turn|7
|
|t:|1609983864
|switch|p1a: Pikachu|Pikachu, F|100/100
|-damage|p1a: Pikachu|88/100|[from] Stealth Rock
|move|p2a: Xatu|Toxic|p1a: Pikachu
|-status|p1a: Pikachu|tox
|
|-damage|p1a: Pikachu|82/100 tox|[from] psn
|upkeep
|turn|8
|
|t:|1609983891
|switch|p2a: Lanturn|Lanturn, M|100/100
|move|p1a: Pikachu|Fake Out|p2a: Lanturn
|-damage|p2a: Lanturn|83/100
|
|-heal|p2a: Lanturn|89/100|[from] item: Leftovers
|-damage|p1a: Pikachu|70/100 tox|[from] psn
|upkeep
|turn|9
|j| Deferio
|
|t:|1609983907
|switch|p1a: Ludicolo|Ludicolo, F|100/100
|-damage|p1a: Ludicolo|88/100|[from] Stealth Rock
|switch|p2a: Rhydon|Rhydon, F|100/100
|
|-heal|p1a: Ludicolo|94/100|[from] item: Leftovers
|upkeep
|turn|10
|
|t:|1609983939
|switch|p2a: Articuno|Articuno|100/100
|-ability|p2a: Articuno|Pressure
|move|p1a: Ludicolo|Leech Seed|p2a: Articuno
|-start|p2a: Articuno|move: Leech Seed
|
|-heal|p1a: Ludicolo|99/100|[from] item: Leftovers
|-damage|p2a: Articuno|88/100|[from] Leech Seed|[of] p1a: Ludicolo
|-heal|p1a: Ludicolo|100/100|[silent]
|upkeep
|turn|11
|
|t:|1609983950
|move|p1a: Ludicolo|Protect|p1a: Ludicolo
|-singleturn|p1a: Ludicolo|Protect
|move|p2a: Articuno|Freeze-Dry|p1a: Ludicolo
|-activate|p1a: Ludicolo|move: Protect
|
|-damage|p2a: Articuno|76/100|[from] Leech Seed|[of] p1a: Ludicolo
|upkeep
|turn|12
|l| vxcxz
|
|t:|1609983966
|switch|p2a: Xatu|Xatu, M|100/100
|switch|p1a: Absol|Absol, M|100/100
|-damage|p1a: Absol|88/100|[from] Stealth Rock
|
|upkeep
|turn|13
|
|t:|1609983994
|switch|p2a: Rhydon|Rhydon, F|100/100
|move|p1a: Absol|Swords Dance|p1a: Absol
|-boost|p1a: Absol|atk|2
|
|upkeep
|turn|14
|
|t:|1609984003
|move|p1a: Absol|Night Slash|p2a: Rhydon
|-crit|p2a: Rhydon
|-damage|p2a: Rhydon|35/100
|move|p2a: Rhydon|Earthquake|p1a: Absol
|-damage|p1a: Absol|0 fnt
|faint|p1a: Absol
|
|upkeep
|
|t:|1609984014
|switch|p1a: Gallade|Gallade, M|100/100
|-damage|p1a: Gallade|94/100|[from] Stealth Rock
|turn|15
|
|t:|1609984022
|switch|p2a: Sableye|Sableye, F|100/100
|move|p1a: Gallade|Leaf Blade|p2a: Sableye
|-damage|p2a: Sableye|59/100
|-damage|p1a: Gallade|85/100|[from] item: Life Orb
|
|-heal|p2a: Sableye|66/100|[from] item: Leftovers
|upkeep
|turn|16
|
|t:|1609984047
|switch|p1a: Ludicolo|Ludicolo, F|100/100
|-damage|p1a: Ludicolo|88/100|[from] Stealth Rock
|move|p2a: Sableye|Will-O-Wisp|p1a: Ludicolo
|-status|p1a: Ludicolo|brn
|
|-heal|p1a: Ludicolo|94/100 brn|[from] item: Leftovers
|-heal|p2a: Sableye|72/100|[from] item: Leftovers
|-damage|p1a: Ludicolo|88/100 brn|[from] brn
|upkeep
|turn|17
|l| Deferio
|
|t:|1609984074
|switch|p2a: Xatu|Xatu, M|100/100
|move|p1a: Ludicolo|Leech Seed|p2a: Xatu
|move|p2a: Xatu|Leech Seed|p1a: Ludicolo|[from]ability: Magic Bounce
|-immune|p1a: Ludicolo
|
|-heal|p1a: Ludicolo|94/100 brn|[from] item: Leftovers
|-damage|p1a: Ludicolo|88/100 brn|[from] brn
|upkeep
|turn|18
|-message|stigmalicker forfeited.
|
|win|one step from eden
|n|☆stigmalicker|stigmalicker
|n|☆one step from eden|onestepfromeden
|n| Professor Zguh|professorzguh
|n| bigmanocampus|bigmanocampus
|n| zozozoo|zozozoo
