|j|☆INSANE CARZY GUY
|j|☆cafay sukray
|t:|1654391587
|gametype|singles
|player|p1|INSANE CARZY GUY|pilot|1447
|player|p2|cafay sukray|swimmer-gen4dp|1559
|teamsize|p1|6
|teamsize|p2|6
|gen|8
|tier|[Gen 8] PU
|rated|
|rule|Sleep Clause Mod: Limit one foe put to sleep
|rule|Species Clause: Limit one of each Pokémon
|rule|OHKO Clause: OHKO moves are banned
|rule|Evasion Moves Clause: Evasion moves are banned
|rule|Endless Battle Clause: Forcing endless battles is banned
|rule|HP Percentage Mod: HP is shown in percentages
|rule|Dynamax Clause: You cannot dynamax
|clearpoke
|poke|p1|Thwackey, F|
|poke|p1|Musharna, M|
|poke|p1|Froslass, F|
|poke|p1|Charizard, M|
|poke|p1|Jolteon, M|
|poke|p1|Cradily, F|
|poke|p2|Accelgor, M|
|poke|p2|Cinccino, M|
|poke|p2|Cradily, M|
|poke|p2|Shiinotic, F|
|poke|p2|Quagsire, M|
|poke|p2|Scrafty, M|
|teampreview
|c|☆INSANE CARZY GUY|gl hf
|c|☆cafay sukray|glhf
|
|t:|1654391618
|start
|switch|p1a: Cradily|Cradily, F, shiny|100/100
|switch|p2a: Accelgor|Accelgor, M|100/100
|turn|1
|
|t:|1654391624
|move|p2a: Accelgor|Bug Buzz|p1a: Cradily
|-supereffective|p1a: Cradily
|-damage|p1a: Cradily|41/100
|move|p1a: Cradily|Ancient Power|p2a: Accelgor
|-supereffective|p2a: Accelgor
|-damage|p2a: Accelgor|45/100
|
|-heal|p1a: Cradily|48/100|[from] item: Leftovers
|upkeep
|turn|2
|
|t:|1654391633
|switch|p1a: Charizard|Charizard, M|100/100
|move|p2a: Accelgor|Knock Off|p1a: Charizard
|-damage|p1a: Charizard|80/100
|-enditem|p1a: Charizard|Heavy-Duty Boots|[from] move: Knock Off|[of] p2a: Accelgor
|
|upkeep
|turn|3
|
|t:|1654391639
|switch|p2a: Cradily|Cradily, M|100/100
|move|p1a: Charizard|Flamethrower|p2a: Cradily
|-damage|p2a: Cradily|75/100
|
|-heal|p2a: Cradily|82/100|[from] item: Leftovers
|upkeep
|turn|4
|
|t:|1654391648
|move|p1a: Charizard|Hurricane|p2a: Cradily
|-damage|p2a: Cradily|49/100
|move|p2a: Cradily|Stealth Rock|p1a: Charizard
|-sidestart|p1: INSANE CARZY GUY|move: Stealth Rock
|
|-heal|p2a: Cradily|56/100|[from] item: Leftovers
|upkeep
|turn|5
|
|t:|1654391654
|switch|p2a: Cinccino|Cinccino, M|100/100
|move|p1a: Charizard|Defog|p2a: Cinccino
|-unboost|p2a: Cinccino|evasion|1
|-sideend|p1: INSANE CARZY GUY|Stealth Rock|[from] move: Defog|[of] p1a: Charizard
|
|upkeep
|turn|6
|
|t:|1654391664
|switch|p1a: Cradily|Cradily, F, shiny|48/100
|move|p2a: Cinccino|Tail Slap|p1a: Cradily
|-resisted|p1a: Cradily
|-damage|p1a: Cradily|43/100
|-resisted|p1a: Cradily
|-damage|p1a: Cradily|37/100
|-resisted|p1a: Cradily
|-damage|p1a: Cradily|32/100
|-resisted|p1a: Cradily
|-damage|p1a: Cradily|28/100
|-resisted|p1a: Cradily
|-damage|p1a: Cradily|23/100
|-hitcount|p1a: Cradily|5
|
|-heal|p1a: Cradily|29/100|[from] item: Leftovers
|upkeep
|turn|7
|
|t:|1654391669
|switch|p1a: Froslass|Froslass, F|100/100
|move|p2a: Cinccino|Bullet Seed|p1a: Froslass
|-damage|p1a: Froslass|90/100
|-damage|p1a: Froslass|80/100
|-damage|p1a: Froslass|70/100
|-damage|p1a: Froslass|60/100
|-damage|p1a: Froslass|50/100
|-start|p2a: Cinccino|Disable|Bullet Seed|[from] ability: Cursed Body|[of] p1a: Froslass
|-hitcount|p1a: Froslass|5
|
|upkeep
|turn|8
|
|t:|1654391679
|switch|p1a: Cradily|Cradily, F, shiny|29/100
|move|p2a: Cinccino|Rock Blast|p1a: Cradily|[miss]
|-miss|p2a: Cinccino|p1a: Cradily
|
|-heal|p1a: Cradily|35/100|[from] item: Leftovers
|upkeep
|turn|9
|
|t:|1654391685
|move|p2a: Cinccino|Rock Blast|p1a: Cradily|[miss]
|-miss|p2a: Cinccino|p1a: Cradily
|move|p1a: Cradily|Recover|p1a: Cradily
|-heal|p1a: Cradily|85/100
|
|-heal|p1a: Cradily|91/100|[from] item: Leftovers
|upkeep
|turn|10
|c|☆cafay sukray|ooooof
|
|t:|1654391690
|switch|p2a: Cradily|Cradily, M|56/100
|move|p1a: Cradily|Stealth Rock|p2a: Cradily
|-sidestart|p2: cafay sukray|move: Stealth Rock
|
|-heal|p1a: Cradily|98/100|[from] item: Leftovers
|-heal|p2a: Cradily|62/100|[from] item: Leftovers
|upkeep
|turn|11
|c|☆cafay sukray|that was unlucky
|
|t:|1654391697
|switch|p1a: Charizard|Charizard, M|80/100
|move|p2a: Cradily|Stealth Rock|p1a: Charizard
|-sidestart|p1: INSANE CARZY GUY|move: Stealth Rock
|
|-heal|p2a: Cradily|68/100|[from] item: Leftovers
|upkeep
|turn|12
|
|t:|1654391700
|move|p1a: Charizard|Hurricane|p2a: Cradily
|-damage|p2a: Cradily|34/100
|-start|p2a: Cradily|confusion
|-activate|p2a: Cradily|confusion
|move|p2a: Cradily|Rock Slide|p1a: Charizard
|-supereffective|p1a: Charizard
|-damage|p1a: Charizard|0 fnt
|faint|p1a: Charizard
|
|-heal|p2a: Cradily|40/100|[from] item: Leftovers
|upkeep
|
|t:|1654391727
|switch|p1a: Thwackey|Thwackey, F|100/100
|-damage|p1a: Thwackey|88/100|[from] Stealth Rock
|-fieldstart|move: Grassy Terrain|[from] ability: Grassy Surge|[of] p1a: Thwackey
|turn|13
|
|t:|1654391732
|switch|p2a: Shiinotic|Shiinotic, F|100/100
|-damage|p2a: Shiinotic|88/100|[from] Stealth Rock
|move|p1a: Thwackey|U-turn|p2a: Shiinotic
|-damage|p2a: Shiinotic|49/100
|
|t:|1654391740
|switch|p1a: Froslass|Froslass, F|50/100|[from]move: U-turn
|-damage|p1a: Froslass|25/100|[from] Stealth Rock
|
|-heal|p1a: Froslass|31/100|[from] Grassy Terrain
|-heal|p2a: Shiinotic|55/100|[from] Grassy Terrain
|-heal|p2a: Shiinotic|61/100|[from] item: Leftovers
|upkeep
|turn|14
|
|t:|1654391757
|switch|p2a: Scrafty|Scrafty, M|100/100
|-damage|p2a: Scrafty|95/100|[from] Stealth Rock
|move|p1a: Froslass|Taunt|p2a: Scrafty
|-start|p2a: Scrafty|move: Taunt
|
|-heal|p1a: Froslass|38/100|[from] Grassy Terrain
|-heal|p2a: Scrafty|100/100|[from] Grassy Terrain
|upkeep
|turn|15
|
|t:|1654391763
|move|p1a: Froslass|Destiny Bond|p1a: Froslass
|-singlemove|p1a: Froslass|Destiny Bond
|move|p2a: Scrafty|Drain Punch|p1a: Froslass
|-immune|p1a: Froslass
|
|-heal|p1a: Froslass|44/100|[from] Grassy Terrain
|upkeep
|turn|16
|
|t:|1654391767
|move|p2a: Scrafty|Knock Off|p1a: Froslass
|-supereffective|p1a: Froslass
|-damage|p1a: Froslass|0 fnt
|-enditem|p1a: Froslass|Focus Sash|[from] move: Knock Off|[of] p2a: Scrafty
|faint|p1a: Froslass
|-activate|p1a: Froslass|move: Destiny Bond
|faint|p2a: Scrafty
|
|upkeep
|c|☆cafay sukray|you are the good set
|c|☆cafay sukray|lol
|c|☆INSANE CARZY GUY|idk why no body runs it
|c|☆cafay sukray|some people do
|c|☆cafay sukray|I always run it
|c|☆INSANE CARZY GUY|it and banded are best
|
|t:|1654391803
|switch|p1a: Jolteon|Jolteon, M, shiny|100/100
|switch|p2a: Shiinotic|Shiinotic, F|61/100
|-damage|p1a: Jolteon|88/100|[from] Stealth Rock
|-damage|p2a: Shiinotic|49/100|[from] Stealth Rock
|turn|17
|c|☆cafay sukray|ye banded can be brutal
|
|t:|1654391817
|switch|p2a: Quagsire|Quagsire, M|100/100
|-damage|p2a: Quagsire|94/100|[from] Stealth Rock
|move|p1a: Jolteon|Shadow Ball|p2a: Quagsire
|-damage|p2a: Quagsire|45/100
|
|-heal|p1a: Jolteon|94/100|[from] Grassy Terrain
|-heal|p2a: Quagsire|51/100|[from] Grassy Terrain
|-heal|p2a: Quagsire|57/100|[from] item: Leftovers
|-fieldend|move: Grassy Terrain
|upkeep
|turn|18
|
|t:|1654391825
|switch|p1a: Cradily|Cradily, F, shiny|98/100
|-damage|p1a: Cradily|85/100|[from] Stealth Rock
|move|p2a: Quagsire|Toxic|p1a: Cradily|[miss]
|-miss|p2a: Quagsire|p1a: Cradily
|
|-heal|p1a: Cradily|91/100|[from] item: Leftovers
|-heal|p2a: Quagsire|63/100|[from] item: Leftovers
|upkeep
|turn|19
|c|☆cafay sukray|wow this crudely dodges absolutely everything
|c|☆cafay sukray|cradily
|
|t:|1654391842
|switch|p2a: Cradily|Cradily, M|40/100
|-damage|p2a: Cradily|28/100|[from] Stealth Rock
|move|p1a: Cradily|Earth Power|p2a: Cradily
|-damage|p2a: Cradily|16/100
|-unboost|p2a: Cradily|spd|1
|
|-heal|p1a: Cradily|97/100|[from] item: Leftovers
|-heal|p2a: Cradily|22/100|[from] item: Leftovers
|upkeep
|turn|20
|c|☆cafay sukray|jesus
|c|☆INSANE CARZY GUY|wow
|c|☆INSANE CARZY GUY|XD sry
|c|☆cafay sukray|np
|
|t:|1654391854
|move|p1a: Cradily|Ancient Power|p2a: Cradily
|-damage|p2a: Cradily|6/100
|move|p2a: Cradily|Recover|p2a: Cradily
|-heal|p2a: Cradily|56/100
|
|-heal|p1a: Cradily|100/100|[from] item: Leftovers
|-heal|p2a: Cradily|62/100|[from] item: Leftovers
|upkeep
|turn|21
|
|t:|1654391866
|switch|p2a: Quagsire|Quagsire, M|63/100
|-damage|p2a: Quagsire|57/100|[from] Stealth Rock
|move|p1a: Cradily|Earth Power|p2a: Quagsire
|-damage|p2a: Quagsire|37/100
|
|-heal|p2a: Quagsire|43/100|[from] item: Leftovers
|upkeep
|turn|22
|
|t:|1654391873
|move|p1a: Cradily|Earth Power|p2a: Quagsire
|-damage|p2a: Quagsire|21/100
|move|p2a: Quagsire|Toxic|p1a: Cradily
|-status|p1a: Cradily|tox
|
|-heal|p2a: Quagsire|27/100|[from] item: Leftovers
|-damage|p1a: Cradily|94/100 tox|[from] psn
|upkeep
|turn|23
|
|t:|1654391879
|move|p1a: Cradily|Earth Power|p2a: Quagsire
|-damage|p2a: Quagsire|5/100
|move|p2a: Quagsire|Recover|p2a: Quagsire
|-heal|p2a: Quagsire|55/100
|
|-heal|p1a: Cradily|100/100 tox|[from] item: Leftovers
|-heal|p2a: Quagsire|61/100|[from] item: Leftovers
|-damage|p1a: Cradily|88/100 tox|[from] psn
|upkeep
|turn|24
|
|t:|1654391885
|switch|p1a: Thwackey|Thwackey, F|88/100
|-damage|p1a: Thwackey|76/100|[from] Stealth Rock
|-fieldstart|move: Grassy Terrain|[from] ability: Grassy Surge|[of] p1a: Thwackey
|move|p2a: Quagsire|Toxic|p1a: Thwackey
|-status|p1a: Thwackey|tox
|
|-heal|p1a: Thwackey|82/100 tox|[from] Grassy Terrain
|-heal|p2a: Quagsire|68/100|[from] Grassy Terrain
|-heal|p2a: Quagsire|74/100|[from] item: Leftovers
|-damage|p1a: Thwackey|76/100 tox|[from] psn
|upkeep
|turn|25
|
|t:|1654391900
|move|p1a: Thwackey|U-turn|p2a: Quagsire
|-damage|p2a: Quagsire|53/100
|
|t:|1654391908
|switch|p1a: Jolteon|Jolteon, M, shiny|94/100|[from]move: U-turn
|-damage|p1a: Jolteon|82/100|[from] Stealth Rock
|move|p2a: Quagsire|Recover|p2a: Quagsire
|-heal|p2a: Quagsire|100/100
|
|-heal|p1a: Jolteon|88/100|[from] Grassy Terrain
|upkeep
|turn|26
|
|t:|1654391911
|move|p1a: Jolteon|Heal Bell|p1a: Jolteon
|-activate|p1a: Jolteon|move: Heal Bell
|-curestatus|p1: Cradily|tox|[msg]
|-curestatus|p1: Thwackey|tox|[msg]
|move|p2a: Quagsire|Earthquake|p1a: Jolteon
|-supereffective|p1a: Jolteon
|-damage|p1a: Jolteon|35/100
|
|-heal|p1a: Jolteon|41/100|[from] Grassy Terrain
|upkeep
|turn|27
|
|t:|1654391915
|switch|p1a: Thwackey|Thwackey, F|76/100
|-damage|p1a: Thwackey|63/100|[from] Stealth Rock
|move|p2a: Quagsire|Toxic|p1a: Thwackey
|-status|p1a: Thwackey|tox
|
|-heal|p1a: Thwackey|69/100 tox|[from] Grassy Terrain
|-damage|p1a: Thwackey|63/100 tox|[from] psn
|upkeep
|turn|28
|
|t:|1654391928
|move|p1a: Thwackey|U-turn|p2a: Quagsire
|-damage|p2a: Quagsire|80/100
|
|t:|1654391931
|switch|p1a: Cradily|Cradily, F, shiny|88/100|[from]move: U-turn
|-damage|p1a: Cradily|76/100|[from] Stealth Rock
|move|p2a: Quagsire|Earthquake|p1a: Cradily
|-damage|p1a: Cradily|62/100
|
|-heal|p1a: Cradily|68/100|[from] Grassy Terrain
|-heal|p1a: Cradily|74/100|[from] item: Leftovers
|-heal|p2a: Quagsire|86/100|[from] Grassy Terrain
|-heal|p2a: Quagsire|92/100|[from] item: Leftovers
|-fieldend|move: Grassy Terrain
|upkeep
|turn|29
|
|t:|1654391934
|move|p1a: Cradily|Earth Power|p2a: Quagsire
|-damage|p2a: Quagsire|70/100
|move|p2a: Quagsire|Toxic|p1a: Cradily
|-status|p1a: Cradily|tox
|
|-heal|p1a: Cradily|80/100 tox|[from] item: Leftovers
|-heal|p2a: Quagsire|76/100|[from] item: Leftovers
|-damage|p1a: Cradily|74/100 tox|[from] psn
|upkeep
|turn|30
|
|t:|1654391940
|move|p1a: Cradily|Earth Power|p2a: Quagsire
|-damage|p2a: Quagsire|56/100
|move|p2a: Quagsire|Earthquake|p1a: Cradily
|-damage|p1a: Cradily|44/100 tox
|
|-heal|p1a: Cradily|50/100 tox|[from] item: Leftovers
|-heal|p2a: Quagsire|62/100|[from] item: Leftovers
|-damage|p1a: Cradily|38/100 tox|[from] psn
|upkeep
|turn|31
|
|t:|1654391949
|move|p1a: Cradily|Earth Power|p2a: Quagsire
|-damage|p2a: Quagsire|39/100
|move|p2a: Quagsire|Recover|p2a: Quagsire
|-heal|p2a: Quagsire|89/100
|
|-heal|p1a: Cradily|44/100 tox|[from] item: Leftovers
|-heal|p2a: Quagsire|95/100|[from] item: Leftovers
|-damage|p1a: Cradily|26/100 tox|[from] psn
|upkeep
|turn|32
|
|t:|1654391955
|move|p1a: Cradily|Earth Power|p2a: Quagsire
|-damage|p2a: Quagsire|74/100
|-unboost|p2a: Quagsire|spd|1
|move|p2a: Quagsire|Earthquake|p1a: Cradily
|-damage|p1a: Cradily|0 fnt
|faint|p1a: Cradily
|
|-heal|p2a: Quagsire|80/100|[from] item: Leftovers
|upkeep
|
|t:|1654391959
|switch|p1a: Thwackey|Thwackey, F|63/100 tox
|-damage|p1a: Thwackey|51/100 tox|[from] Stealth Rock
|-fieldstart|move: Grassy Terrain|[from] ability: Grassy Surge|[of] p1a: Thwackey
|turn|33
|
|t:|1654391966
|move|p1a: Thwackey|Grassy Glide|p2a: Quagsire
|-supereffective|p2a: Quagsire
|-damage|p2a: Quagsire|0 fnt
|faint|p2a: Quagsire
|
|-heal|p1a: Thwackey|57/100 tox|[from] Grassy Terrain
|-damage|p1a: Thwackey|51/100 tox|[from] psn
|upkeep
|
|t:|1654391972
|switch|p2a: Shiinotic|Shiinotic, F|49/100
|-damage|p2a: Shiinotic|36/100|[from] Stealth Rock
|turn|34
|
|t:|1654391979
|switch|p1a: Musharna|Musharna, M, shiny|100/100
|-damage|p1a: Musharna|88/100|[from] Stealth Rock
|-enditem|p1a: Musharna|Grassy Seed
|-boost|p1a: Musharna|def|1|[from] item: Grassy Seed
|move|p2a: Shiinotic|Giga Drain|p1a: Musharna
|-damage|p1a: Musharna|55/100
|-heal|p2a: Shiinotic|58/100|[from] drain|[of] p1a: Musharna
|
|-heal|p2a: Shiinotic|65/100|[from] Grassy Terrain
|-heal|p2a: Shiinotic|71/100|[from] item: Leftovers
|-heal|p1a: Musharna|61/100|[from] Grassy Terrain
|upkeep
|turn|35
|
|t:|1654391983
|move|p2a: Shiinotic|Spore|p1a: Musharna
|-status|p1a: Musharna|slp|[from] move: Spore
|cant|p1a: Musharna|slp
|
|-heal|p2a: Shiinotic|77/100|[from] Grassy Terrain
|-heal|p2a: Shiinotic|83/100|[from] item: Leftovers
|-heal|p1a: Musharna|67/100 slp|[from] Grassy Terrain
|upkeep
|turn|36
|
|t:|1654391985
|move|p2a: Shiinotic|Giga Drain|p1a: Musharna
|-damage|p1a: Musharna|33/100 slp
|-heal|p2a: Shiinotic|100/100|[from] drain|[of] p1a: Musharna
|cant|p1a: Musharna|slp
|
|-heal|p1a: Musharna|39/100 slp|[from] Grassy Terrain
|upkeep
|turn|37
|
|t:|1654392000
|move|p2a: Shiinotic|Giga Drain|p1a: Musharna
|-damage|p1a: Musharna|5/100 slp
|cant|p1a: Musharna|slp
|
|-heal|p1a: Musharna|11/100 slp|[from] Grassy Terrain
|-fieldend|move: Grassy Terrain
|upkeep
|turn|38
|c|☆INSANE CARZY GUY|gg
|c|☆cafay sukray|gg
|
|t:|1654392008
|move|p2a: Shiinotic|Moonblast|p1a: Musharna
|-damage|p1a: Musharna|0 fnt
|faint|p1a: Musharna
|
|upkeep
|
|t:|1654392012
|switch|p1a: Jolteon|Jolteon, M, shiny|41/100
|-damage|p1a: Jolteon|29/100|[from] Stealth Rock
|turn|39
|
|t:|1654392016
|move|p1a: Jolteon|Thunderbolt|p2a: Shiinotic
|-resisted|p2a: Shiinotic
|-damage|p2a: Shiinotic|67/100
|-status|p2a: Shiinotic|par
|move|p2a: Shiinotic|Giga Drain|p1a: Jolteon
|-damage|p1a: Jolteon|0 fnt
|-heal|p2a: Shiinotic|79/100 par|[from] drain|[of] p1a: Jolteon
|faint|p1a: Jolteon
|
|-heal|p2a: Shiinotic|85/100 par|[from] item: Leftovers
|upkeep
|c|☆cafay sukray|shiinotic op
|
|t:|1654392018
|switch|p1a: Thwackey|Thwackey, F|51/100 tox
|-damage|p1a: Thwackey|38/100 tox|[from] Stealth Rock
|-fieldstart|move: Grassy Terrain|[from] ability: Grassy Surge|[of] p1a: Thwackey
|turn|40
|-message|INSANE CARZY GUY forfeited.
|
|win|cafay sukray
|raw|INSANE CARZY GUY's rating: 1447 &rarr; <strong>1433</strong><br />(-14 for losing)
|raw|cafay sukray's rating: 1559 &rarr; <strong>1573</strong><br />(+14 for winning)
|l|☆cafay sukray
|l|☆INSANE CARZY GUY
||Ladder isn't responding, score probably updated but might not have (Request timeout).
|j|☆cafay sukray
|player|p2|cafay sukray|swimmer-gen4dp
