|j|☆Xlykos
|j|☆ChickieNuggs
|t:|1663262692
|gametype|singles
|player|p1|Xlykos|265|1374
|player|p2|ChickieNuggs|proton|1398
|teamsize|p1|6
|teamsize|p2|6
|gen|8
|tier|[Gen 8] PU
|rated|
|rule|Sleep Clause Mod: Limit one foe put to sleep
|rule|Species Clause: Limit one of each Pokémon
|rule|OHKO Clause: OHKO moves are banned
|rule|Evasion Items Clause: Evasion items are banned
|rule|Evasion Moves Clause: Evasion moves are banned
|rule|Endless Battle Clause: Forcing endless battles is banned
|rule|HP Percentage Mod: HP is shown in percentages
|rule|Dynamax Clause: You cannot dynamax
|clearpoke
|poke|p1|Scyther, M|
|poke|p1|Thwackey, F|
|poke|p1|Wishiwashi, F|
|poke|p1|Weezing, M|
|poke|p1|Eldegoss, F|
|poke|p1|Magneton|
|poke|p2|Bouffalant, F|
|poke|p2|Garbodor, F|
|poke|p2|Lanturn, M|
|poke|p2|Charizard, M|
|poke|p2|Silvally-*|
|poke|p2|Palossand, M|
|teampreview
|
|t:|1663262715
|start
|switch|p1a: Scyther|Scyther, M|100/100
|switch|p2a: Garbodor|Garbodor, F|100/100
|turn|1
|inactive|Battle timer is ON: inactive players will automatically lose when time's up. (requested by ChickieNuggs)
|
|t:|1663262724
|move|p1a: Scyther|Knock Off|p2a: Garbodor
|-damage|p2a: Garbodor|76/100
|-damage|p1a: Scyther|84/100|[from] item: Rocky Helmet|[of] p2a: Garbodor
|-enditem|p2a: Garbodor|Rocky Helmet|[from] move: Knock Off|[of] p1a: Scyther
|move|p2a: Garbodor|Spikes|p1a: Scyther
|-sidestart|p1: Xlykos|Spikes
|
|upkeep
|turn|2
|
|t:|1663262731
|move|p1a: Scyther|U-turn|p2a: Garbodor
|-resisted|p2a: Garbodor
|-damage|p2a: Garbodor|61/100
|
|t:|1663262743
|switch|p1a: Weezing|Weezing, M|100/100|[from]move: U-turn
|move|p2a: Garbodor|Spikes|p1a: Weezing
|-sidestart|p1: Xlykos|Spikes
|
|upkeep
|turn|3
|
|t:|1663262754
|switch|p2a: Palossand|Palossand, M, shiny|100/100
|move|p1a: Weezing|Will-O-Wisp|p2a: Palossand
|-status|p2a: Palossand|brn
|
|-damage|p2a: Palossand|94/100 brn|[from] brn
|upkeep
|turn|4
|
|t:|1663262766
|move|p1a: Weezing|Toxic Spikes|p2a: Palossand
|-sidestart|p2: ChickieNuggs|move: Toxic Spikes
|move|p2a: Palossand|Shadow Ball|p1a: Weezing
|-damage|p1a: Weezing|44/100
|
|-heal|p1a: Weezing|50/100|[from] item: Black Sludge
|-heal|p2a: Palossand|100/100 brn|[from] item: Leftovers
|-damage|p2a: Palossand|94/100 brn|[from] brn
|upkeep
|turn|5
|
|t:|1663262781
|switch|p1a: Wishiwashi|Wishiwashi, F|100/100
|-damage|p1a: Wishiwashi|84/100|[from] Spikes
|-formechange|p1a: Wishiwashi|Wishiwashi-School||[from] ability: Schooling
|move|p2a: Palossand|Shadow Ball|p1a: Wishiwashi
|-damage|p1a: Wishiwashi|58/100
|
|-heal|p2a: Palossand|100/100 brn|[from] item: Leftovers
|-heal|p1a: Wishiwashi|64/100|[from] item: Leftovers
|-damage|p2a: Palossand|94/100 brn|[from] brn
|upkeep
|turn|6
|
|t:|1663262794
|switch|p2a: Garbodor|Garbodor, F|61/100
|-sideend|p2: ChickieNuggs|move: Toxic Spikes|[of] p2a: Garbodor
|move|p1a: Wishiwashi|U-turn|p2a: Garbodor
|-resisted|p2a: Garbodor
|-damage|p2a: Garbodor|51/100
|
|t:|1663262807
|switch|p1a: Eldegoss|Eldegoss, F|100/100|[from]move: U-turn
|
|upkeep
|turn|7
|
|t:|1663262812
|move|p2a: Garbodor|Gunk Shot|p1a: Eldegoss
|-supereffective|p1a: Eldegoss
|-damage|p1a: Eldegoss|37/100
|move|p1a: Eldegoss|Rapid Spin|p2a: Garbodor
|-damage|p2a: Garbodor|45/100
|-boost|p1a: Eldegoss|spe|1
|-sideend|p1: Xlykos|Spikes|[from] move: Rapid Spin|[of] p1a: Eldegoss
|
|upkeep
|turn|8
|
|t:|1663262822
|switch|p1a: Magneton|Magneton|100/100
|move|p2a: Garbodor|Stomping Tantrum|p1a: Magneton
|-supereffective|p1a: Magneton
|-damage|p1a: Magneton|3/100
|
|upkeep
|turn|9
|
|t:|1663262829
|switch|p2a: Lanturn|Lanturn, M|100/100
|move|p1a: Magneton|Steel Beam|p2a: Lanturn
|-resisted|p2a: Lanturn
|-damage|p2a: Lanturn|90/100
|-damage|p1a: Magneton|0 fnt|[from] mindblown
|faint|p1a: Magneton
|
|-heal|p2a: Lanturn|96/100|[from] item: Leftovers
|upkeep
|
|t:|1663262844
|switch|p1a: Thwackey|Thwackey, F|100/100
|-fieldstart|move: Grassy Terrain|[from] ability: Grassy Surge|[of] p1a: Thwackey
|turn|10
|
|t:|1663262857
|switch|p2a: Bouffalant|Bouffalant, F|100/100
|move|p1a: Thwackey|U-turn|p2a: Bouffalant
|-damage|p2a: Bouffalant|72/100
|
|t:|1663262864
|switch|p1a: Scyther|Scyther, M|84/100|[from]move: U-turn
|
|-heal|p2a: Bouffalant|78/100|[from] Grassy Terrain
|-heal|p2a: Bouffalant|84/100|[from] item: Leftovers
|upkeep
|turn|11
|
|t:|1663262877
|switch|p2a: Palossand|Palossand, M, shiny|94/100 brn
|move|p1a: Scyther|Dual Wingbeat|p2a: Palossand
|-damage|p2a: Palossand|66/100 brn
|-damage|p2a: Palossand|41/100 brn
|-hitcount|p2a: Palossand|2
|
|-heal|p2a: Palossand|47/100 brn|[from] Grassy Terrain
|-heal|p2a: Palossand|53/100 brn|[from] item: Leftovers
|-damage|p2a: Palossand|47/100 brn|[from] brn
|upkeep
|turn|12
|
|t:|1663262888
|move|p1a: Scyther|Dual Wingbeat|p2a: Palossand
|-damage|p2a: Palossand|22/100 brn
|-damage|p2a: Palossand|0 fnt
|faint|p2a: Palossand
|-hitcount|p2: Palossand|2
|
|upkeep
|
|t:|1663262899
|switch|p2a: Garbodor|Garbodor, F|45/100
|turn|13
|
|t:|1663262928
|move|p1a: Scyther|Dual Wingbeat|p2a: Garbodor
|-damage|p2a: Garbodor|22/100
|-damage|p2a: Garbodor|0 fnt
|-damage|p1a: Scyther|59/100|[from] ability: Aftermath|[of] p2a: Garbodor
|faint|p2a: Garbodor
|-hitcount|p2: Garbodor|2
|
|upkeep
|j| Belindas Dad
|
|t:|1663262939
|switch|p2a: Lanturn|Lanturn, M|96/100
|turn|14
|
|t:|1663262943
|move|p1a: Scyther|U-turn|p2a: Lanturn
|-crit|p2a: Lanturn
|-damage|p2a: Lanturn|43/100
|
|t:|1663262949
|switch|p1a: Eldegoss|Eldegoss, F|70/100|[from]move: U-turn
|move|p2a: Lanturn|Volt Switch|p1a: Eldegoss
|-resisted|p1a: Eldegoss
|-damage|p1a: Eldegoss|62/100
|
|t:|1663262962
|switch|p2a: Bouffalant|Bouffalant, F|84/100|[from]move: Volt Switch
|
|-heal|p2a: Bouffalant|90/100|[from] Grassy Terrain
|-heal|p2a: Bouffalant|96/100|[from] item: Leftovers
|-heal|p1a: Eldegoss|68/100|[from] Grassy Terrain
|-fieldend|move: Grassy Terrain
|upkeep
|turn|15
|
|t:|1663262972
|switch|p1a: Weezing|Weezing, M|50/100
|move|p2a: Bouffalant|Substitute|p2a: Bouffalant
|-start|p2a: Bouffalant|Substitute
|-damage|p2a: Bouffalant|71/100
|
|-heal|p1a: Weezing|56/100|[from] item: Black Sludge
|-heal|p2a: Bouffalant|78/100|[from] item: Leftovers
|upkeep
|turn|16
|
|t:|1663262981
|move|p1a: Weezing|Flamethrower|p2a: Bouffalant
|-activate|p2a: Bouffalant|move: Substitute|[damage]
|move|p2a: Bouffalant|Swords Dance|p2a: Bouffalant
|-boost|p2a: Bouffalant|atk|2
|
|-heal|p1a: Weezing|62/100|[from] item: Black Sludge
|-heal|p2a: Bouffalant|84/100|[from] item: Leftovers
|upkeep
|turn|17
|
|t:|1663262991
|move|p1a: Weezing|Clear Smog|p2a: Bouffalant
|-end|p2a: Bouffalant|Substitute
|move|p2a: Bouffalant|Substitute|p2a: Bouffalant
|-start|p2a: Bouffalant|Substitute
|-damage|p2a: Bouffalant|59/100
|
|-heal|p1a: Weezing|68/100|[from] item: Black Sludge
|-heal|p2a: Bouffalant|65/100|[from] item: Leftovers
|upkeep
|turn|18
|
|t:|1663263000
|move|p1a: Weezing|Clear Smog|p2a: Bouffalant
|-activate|p2a: Bouffalant|move: Substitute|[damage]
|move|p2a: Bouffalant|Swords Dance|p2a: Bouffalant
|-boost|p2a: Bouffalant|atk|2
|
|-heal|p1a: Weezing|74/100|[from] item: Black Sludge
|-heal|p2a: Bouffalant|71/100|[from] item: Leftovers
|upkeep
|turn|19
|
|t:|1663263010
|move|p1a: Weezing|Clear Smog|p2a: Bouffalant
|-activate|p2a: Bouffalant|move: Substitute|[damage]
|move|p2a: Bouffalant|Substitute|p2a: Bouffalant
|-fail|p2a: Bouffalant|move: Substitute
|
|-heal|p1a: Weezing|80/100|[from] item: Black Sludge
|-heal|p2a: Bouffalant|77/100|[from] item: Leftovers
|upkeep
|turn|20
|
|t:|1663263019
|move|p1a: Weezing|Clear Smog|p2a: Bouffalant
|-end|p2a: Bouffalant|Substitute
|move|p2a: Bouffalant|Body Slam|p1a: Weezing
|-damage|p1a: Weezing|16/100
|
|-heal|p1a: Weezing|22/100|[from] item: Black Sludge
|-heal|p2a: Bouffalant|83/100|[from] item: Leftovers
|upkeep
|turn|21
|
|t:|1663263029
|move|p1a: Weezing|Clear Smog|p2a: Bouffalant
|-damage|p2a: Bouffalant|71/100
|-clearboost|p2a: Bouffalant
|move|p2a: Bouffalant|Body Slam|p1a: Weezing
|-damage|p1a: Weezing|0 fnt
|faint|p1a: Weezing
|
|-heal|p2a: Bouffalant|77/100|[from] item: Leftovers
|upkeep
|
|t:|1663263041
|switch|p1a: Scyther|Scyther, M|59/100
|turn|22
|
|t:|1663263051
|switch|p2a: Lanturn|Lanturn, M|43/100
|move|p1a: Scyther|Knock Off|p2a: Lanturn
|-damage|p2a: Lanturn|9/100
|-enditem|p2a: Lanturn|Leftovers|[from] move: Knock Off|[of] p1a: Scyther
|
|upkeep
|turn|23
|
|t:|1663263058
|move|p1a: Scyther|Knock Off|p2a: Lanturn
|-damage|p2a: Lanturn|0 fnt
|faint|p2a: Lanturn
|
|upkeep
|
|t:|1663263061
|switch|p2a: Silvally|Silvally-Grass|100/100
|turn|24
|
|t:|1663263066
|move|p1a: Scyther|Dual Wingbeat|p2a: Silvally
|-supereffective|p2a: Silvally
|-damage|p2a: Silvally|37/100
|-supereffective|p2a: Silvally
|-damage|p2a: Silvally|0 fnt
|faint|p2a: Silvally
|-hitcount|p2: Silvally|2
|
|upkeep
|
|t:|1663263074
|switch|p2a: Bouffalant|Bouffalant, F|77/100
|turn|25
|
|t:|1663263078
|move|p1a: Scyther|Knock Off|p2a: Bouffalant
|-damage|p2a: Bouffalant|50/100
|-enditem|p2a: Bouffalant|Leftovers|[from] move: Knock Off|[of] p1a: Scyther
|move|p2a: Bouffalant|Body Slam|p1a: Scyther
|-damage|p1a: Scyther|5/100
|
|upkeep
|turn|26
|
|t:|1663263085
|move|p1a: Scyther|Dual Wingbeat|p2a: Bouffalant
|-damage|p2a: Bouffalant|26/100
|-damage|p2a: Bouffalant|0 fnt
|faint|p2a: Bouffalant
|-hitcount|p2: Bouffalant|2
|
|upkeep
|c|☆ChickieNuggs|unfort
|c|☆ChickieNuggs|scyther too good for the tier lmao
|
|t:|1663263101
|switch|p2a: Charizard|Charizard, M|100/100
|turn|27
|c|☆Xlykos|He really is
|c|☆Xlykos|Can’t believe he hasn’t been banned yet
|
|t:|1663263115
|move|p1a: Scyther|Dual Wingbeat|p2a: Charizard
|-damage|p2a: Charizard|62/100
|-damage|p2a: Charizard|22/100
|-hitcount|p2a: Charizard|2
|move|p2a: Charizard|Flamethrower|p1a: Scyther
|-supereffective|p1a: Scyther
|-damage|p1a: Scyther|0 fnt
|faint|p1a: Scyther
|
|upkeep
|c|☆ChickieNuggs|yeah same
|
|t:|1663263124
|switch|p1a: Wishiwashi|Wishiwashi, F|64/100
|-formechange|p1a: Wishiwashi|Wishiwashi-School||[from] ability: Schooling
|turn|28
|
|t:|1663263129
|move|p2a: Charizard|Hurricane|p1a: Wishiwashi
|-damage|p1a: Wishiwashi|30/100
|move|p1a: Wishiwashi|Scald|p2a: Charizard
|-supereffective|p2a: Charizard
|-damage|p2a: Charizard|0 fnt
|faint|p2a: Charizard
|
|win|Xlykos
|raw|Xlykos's rating: 1374 &rarr; <strong>1395</strong><br />(+21 for winning)
|raw|ChickieNuggs's rating: 1398 &rarr; <strong>1377</strong><br />(-21 for losing)
|c| Belindas Dad|Honestly
|l|☆ChickieNuggs
|c|☆Xlykos|No scyther check will get you though
|l| Belindas Dad
