|html|<div class="broadcast-blue"><strong>[Gen 8] PU is currently suspecting Araquanid! For information on how to participate check out the <a href="https://www.smogon.com/forums/threads/np-pu-stage-9-itsy-bitsy-spider.3704256/">suspect thread</a>.</strong></div>
|j|☆Persona111
|j|‽PU24hBot
|t:|1657437732
|gametype|singles
|player|p1|Persona111|byron|1293
|player|p2|PU24hBot|102|1248
|teamsize|p1|6
|teamsize|p2|6
|gen|8
|tier|[Gen 8] PU
|rated|
|rule|Sleep Clause Mod: Limit one foe put to sleep
|rule|Species Clause: Limit one of each Pokémon
|rule|OHKO Clause: OHKO moves are banned
|rule|Evasion Moves Clause: Evasion moves are banned
|rule|Endless Battle Clause: Forcing endless battles is banned
|rule|HP Percentage Mod: HP is shown in percentages
|rule|Dynamax Clause: You cannot dynamax
|clearpoke
|poke|p1|Whimsicott, M|
|poke|p1|Togedemaru, M|
|poke|p1|Wishiwashi, F|
|poke|p1|Gigalith, F|
|poke|p1|Charizard, M|
|poke|p1|Scrafty, M|
|poke|p2|Lanturn, F|
|poke|p2|Aggron, M|
|poke|p2|Gourgeist-*, F|
|poke|p2|Sandaconda, F|
|poke|p2|Mesprit|
|poke|p2|Silvally-*|
|teampreview
|inactive|Battle timer is ON: inactive players will automatically lose when time's up. (requested by PU24hBot)
|j| Jelly cookie
|inactive|Persona111 has 120 seconds left.
|l| Jelly cookie
|
|t:|1657437770
|start
|switch|p1a: Whimsicott|Whimsicott, M|100/100
|switch|p2a: Gourgeist|Gourgeist-Super, F|100/100
|turn|1
|
|t:|1657437774
|move|p1a: Whimsicott|U-turn|p2a: Gourgeist
|-damage|p2a: Gourgeist|94/100
|
|t:|1657437777
|switch|p1a: Scrafty|Scrafty, M|100/100|[from]move: U-turn
|move|p2a: Gourgeist|Synthesis|p2a: Gourgeist
|-heal|p2a: Gourgeist|100/100
|
|upkeep
|turn|2
|
|t:|1657437784
|move|p1a: Scrafty|Knock Off|p2a: Gourgeist
|-supereffective|p2a: Gourgeist
|-crit|p2a: Gourgeist
|-enditem|p2a: Gourgeist|Colbur Berry|[eat]
|-enditem|p2a: Gourgeist|Colbur Berry|[weaken]
|-damage|p2a: Gourgeist|64/100
|move|p2a: Gourgeist|Leech Seed|p1a: Scrafty
|-start|p1a: Scrafty|move: Leech Seed
|
|-damage|p1a: Scrafty|88/100|[from] Leech Seed|[of] p2a: Gourgeist
|-heal|p2a: Gourgeist|75/100|[silent]
|upkeep
|turn|3
|
|t:|1657437795
|switch|p1a: Charizard|Charizard, M|100/100
|move|p2a: Gourgeist|Synthesis|p2a: Gourgeist
|-heal|p2a: Gourgeist|100/100
|
|upkeep
|turn|4
|
|t:|1657437800
|switch|p2a: Lanturn|Lanturn, F|100/100
|move|p1a: Charizard|Toxic|p2a: Lanturn
|-status|p2a: Lanturn|tox
|
|-damage|p2a: Lanturn|94/100 tox|[from] psn
|upkeep
|turn|5
|
|t:|1657437807
|switch|p1a: Togedemaru|Togedemaru, M|100/100
|move|p2a: Lanturn|Scald|p1a: Togedemaru
|-damage|p1a: Togedemaru|74/100
|
|-heal|p1a: Togedemaru|80/100|[from] item: Leftovers
|-damage|p2a: Lanturn|82/100 tox|[from] psn
|upkeep
|turn|6
|
|t:|1657437814
|switch|p2a: Gourgeist|Gourgeist-Super, F|100/100
|move|p1a: Togedemaru|Spiky Shield||[still]
|-fail|p1a: Togedemaru
|
|-heal|p1a: Togedemaru|86/100|[from] item: Leftovers
|upkeep
|turn|7
|
|t:|1657437817
|move|p1a: Togedemaru|Wish|p1a: Togedemaru
|move|p2a: Gourgeist|Leech Seed|p1a: Togedemaru
|-start|p1a: Togedemaru|move: Leech Seed
|
|-heal|p1a: Togedemaru|92/100|[from] item: Leftovers
|-damage|p1a: Togedemaru|79/100|[from] Leech Seed|[of] p2a: Gourgeist
|upkeep
|turn|8
|
|t:|1657437822
|move|p1a: Togedemaru|U-turn|p2a: Gourgeist
|-damage|p2a: Gourgeist|91/100
|
|t:|1657437827
|switch|p1a: Charizard|Charizard, M|100/100|[from]move: U-turn
|move|p2a: Gourgeist|Leech Seed|p1a: Charizard
|-start|p1a: Charizard|move: Leech Seed
|
|-damage|p1a: Charizard|88/100|[from] Leech Seed|[of] p2a: Gourgeist
|-heal|p2a: Gourgeist|100/100|[silent]
|upkeep
|turn|9
|
|t:|1657437835
|switch|p1a: Togedemaru|Togedemaru, M|79/100
|switch|p2a: Sandaconda|Sandaconda, F|100/100
|
|-heal|p1a: Togedemaru|85/100|[from] item: Leftovers
|upkeep
|turn|10
|
|t:|1657437838
|move|p1a: Togedemaru|U-turn|p2a: Sandaconda
|-damage|p2a: Sandaconda|88/100
|
|t:|1657437843
|switch|p1a: Whimsicott|Whimsicott, M|100/100|[from]move: U-turn
|move|p2a: Sandaconda|Coil|p2a: Sandaconda
|-boost|p2a: Sandaconda|atk|1
|-boost|p2a: Sandaconda|def|1
|-boost|p2a: Sandaconda|accuracy|1
|
|-heal|p2a: Sandaconda|94/100|[from] item: Leftovers
|upkeep
|turn|11
|
|t:|1657437849
|switch|p2a: Aggron|Aggron, M|100/100
|move|p1a: Whimsicott|Energy Ball|p2a: Aggron
|-damage|p2a: Aggron|76/100
|
|-heal|p2a: Aggron|82/100|[from] item: Leftovers
|upkeep
|turn|12
|
|t:|1657437853
|move|p1a: Whimsicott|U-turn|p2a: Aggron
|-resisted|p2a: Aggron
|-crit|p2a: Aggron
|-damage|p2a: Aggron|77/100
|j| Gendarmeee
|
|t:|1657437865
|switch|p1a: Togedemaru|Togedemaru, M|85/100|[from]move: U-turn
|move|p2a: Aggron|Heavy Slam|p1a: Togedemaru
|-resisted|p1a: Togedemaru
|-damage|p1a: Togedemaru|70/100
|
|-heal|p1a: Togedemaru|76/100|[from] item: Leftovers
|-heal|p2a: Aggron|83/100|[from] item: Leftovers
|upkeep
|turn|13
|
|t:|1657437871
|move|p1a: Togedemaru|Spiky Shield|p1a: Togedemaru
|-singleturn|p1a: Togedemaru|move: Protect
|move|p2a: Aggron|Stealth Rock|p1a: Togedemaru
|-sidestart|p1: Persona111|move: Stealth Rock
|
|-heal|p1a: Togedemaru|82/100|[from] item: Leftovers
|-heal|p2a: Aggron|89/100|[from] item: Leftovers
|upkeep
|turn|14
|
|t:|1657437882
|move|p1a: Togedemaru|U-turn|p2a: Aggron
|-resisted|p2a: Aggron
|-damage|p2a: Aggron|85/100
|
|t:|1657437890
|switch|p1a: Scrafty|Scrafty, M|88/100|[from]move: U-turn
|-damage|p1a: Scrafty|82/100|[from] Stealth Rock
|move|p2a: Aggron|Toxic|p1a: Scrafty
|-status|p1a: Scrafty|tox
|
|-heal|p1a: Scrafty|88/100 tox|[from] item: Leftovers
|-heal|p2a: Aggron|91/100|[from] item: Leftovers
|-damage|p1a: Scrafty|82/100 tox|[from] psn
|upkeep
|turn|15
|
|t:|1657437904
|switch|p2a: Silvally|Silvally-Fairy|100/100
|move|p1a: Scrafty|Bulk Up|p1a: Scrafty
|-boost|p1a: Scrafty|atk|1
|-boost|p1a: Scrafty|def|1
|
|-heal|p1a: Scrafty|88/100 tox|[from] item: Leftovers
|-damage|p1a: Scrafty|76/100 tox|[from] psn
|upkeep
|turn|16
|
|t:|1657437922
|switch|p1a: Charizard|Charizard, M|88/100
|move|p2a: Silvally|Multi-Attack|p1a: Charizard
|-resisted|p1a: Charizard
|-damage|p1a: Charizard|54/100
|
|upkeep
|turn|17
|
|t:|1657437925
|move|p1a: Charizard|Toxic|p2a: Silvally
|-status|p2a: Silvally|tox
|move|p2a: Silvally|Rock Slide|p1a: Charizard
|-supereffective|p1a: Charizard
|-damage|p1a: Charizard|0 fnt
|faint|p1a: Charizard
|
|-damage|p2a: Silvally|94/100 tox|[from] psn
|upkeep
|l|☆Persona111
|inactive|Persona111 disconnected and has a minute to reconnect!
|player|p1|
|inactive|Persona111 has 30 seconds to reconnect!
|inactive|Persona111 has 20 seconds to reconnect!
|inactive|Persona111 has 15 seconds to reconnect!
|j|☆Persona111
|inactive|Persona111 reconnected and has 90 seconds left.
|player|p1|Persona111|byron
|
|t:|1657437991
|switch|p1a: Togedemaru|Togedemaru, M|82/100
|-damage|p1a: Togedemaru|76/100|[from] Stealth Rock
|turn|18
|l|☆Persona111
|inactive|Persona111 disconnected and has a minute to reconnect!
|player|p1|
|j|☆Persona111
|inactive|Persona111 reconnected and has 85 seconds left.
|player|p1|Persona111|byron
|
|t:|1657438004
|switch|p2a: Aggron|Aggron, M|91/100
|move|p1a: Togedemaru|Wish|p1a: Togedemaru
|
|-heal|p1a: Togedemaru|82/100|[from] item: Leftovers
|-heal|p2a: Aggron|97/100|[from] item: Leftovers
|upkeep
|turn|19
|inactive|Persona111 has 90 seconds left.
|
|t:|1657438010
|switch|p2a: Sandaconda|Sandaconda, F|94/100
|move|p1a: Togedemaru|Spiky Shield||[still]
|-fail|p1a: Togedemaru
|
|-heal|p1a: Togedemaru|100/100|[from] move: Wish|[wisher] Togedemaru
|-heal|p2a: Sandaconda|99/100|[from] item: Leftovers
|upkeep
|turn|20
|
|t:|1657438014
|move|p1a: Togedemaru|U-turn|p2a: Sandaconda
|-damage|p2a: Sandaconda|86/100
|
|t:|1657438016
|switch|p1a: Whimsicott|Whimsicott, M|100/100|[from]move: U-turn
|move|p2a: Sandaconda|Coil|p2a: Sandaconda
|-boost|p2a: Sandaconda|atk|1
|-boost|p2a: Sandaconda|def|1
|-boost|p2a: Sandaconda|accuracy|1
|
|-heal|p2a: Sandaconda|92/100|[from] item: Leftovers
|upkeep
|turn|21
|
|t:|1657438019
|switch|p2a: Aggron|Aggron, M|97/100
|move|p1a: Whimsicott|Defog|p2a: Aggron
|-unboost|p2a: Aggron|evasion|1
|-sideend|p1: Persona111|Stealth Rock|[from] move: Defog|[of] p1a: Whimsicott
|
|-heal|p2a: Aggron|100/100|[from] item: Leftovers
|upkeep
|turn|22
|inactive|Persona111 has 120 seconds left.
|
|t:|1657438025
|move|p1a: Whimsicott|U-turn|p2a: Aggron
|-resisted|p2a: Aggron
|-crit|p2a: Aggron
|-damage|p2a: Aggron|96/100
|
|t:|1657438027
|switch|p1a: Togedemaru|Togedemaru, M|100/100|[from]move: U-turn
|move|p2a: Aggron|Stealth Rock|p1a: Togedemaru
|-sidestart|p1: Persona111|move: Stealth Rock
|
|-heal|p2a: Aggron|100/100|[from] item: Leftovers
|upkeep
|turn|23
|
|t:|1657438030
|move|p1a: Togedemaru|Wish|p1a: Togedemaru
|move|p2a: Aggron|Head Smash|p1a: Togedemaru
|-resisted|p1a: Togedemaru
|-damage|p1a: Togedemaru|60/100
|
|-heal|p1a: Togedemaru|66/100|[from] item: Leftovers
|upkeep
|turn|24
|
|t:|1657438036
|switch|p2a: Gourgeist|Gourgeist-Super, F|100/100
|move|p1a: Togedemaru|Iron Head|p2a: Gourgeist
|-damage|p2a: Gourgeist|86/100
|
|-heal|p1a: Togedemaru|100/100|[from] move: Wish|[wisher] Togedemaru
|upkeep
|turn|25
|
|t:|1657438040
|move|p1a: Togedemaru|U-turn|p2a: Gourgeist
|-damage|p2a: Gourgeist|76/100
|
|t:|1657438044
|switch|p1a: Whimsicott|Whimsicott, M|100/100|[from]move: U-turn
|move|p2a: Gourgeist|Foul Play|p1a: Whimsicott
|-resisted|p1a: Whimsicott
|-damage|p1a: Whimsicott|92/100
|
|upkeep
|turn|26
|
|t:|1657438046
|switch|p2a: Aggron|Aggron, M|100/100
|move|p1a: Whimsicott|Defog|p2a: Aggron
|-unboost|p2a: Aggron|evasion|1
|-sideend|p1: Persona111|Stealth Rock|[from] move: Defog|[of] p1a: Whimsicott
|
|upkeep
|turn|27
|
|t:|1657438054
|switch|p1a: Scrafty|Scrafty, M|76/100 tox
|move|p2a: Aggron|Stealth Rock|p1a: Scrafty
|-sidestart|p1: Persona111|move: Stealth Rock
|
|-heal|p1a: Scrafty|82/100 tox|[from] item: Leftovers
|-damage|p1a: Scrafty|76/100 tox|[from] psn
|upkeep
|turn|28
|
|t:|1657438059
|switch|p2a: Gourgeist|Gourgeist-Super, F|76/100
|move|p1a: Scrafty|Drain Punch|p2a: Gourgeist
|-immune|p2a: Gourgeist
|
|-activate|p1a: Scrafty|ability: Shed Skin
|-curestatus|p1a: Scrafty|tox|[msg]
|-heal|p1a: Scrafty|82/100|[from] item: Leftovers
|upkeep
|turn|29
|
|t:|1657438063
|move|p1a: Scrafty|Knock Off|p2a: Gourgeist
|-supereffective|p2a: Gourgeist
|-damage|p2a: Gourgeist|41/100
|move|p2a: Gourgeist|Will-O-Wisp|p1a: Scrafty
|-status|p1a: Scrafty|brn
|
|-heal|p1a: Scrafty|88/100 brn|[from] item: Leftovers
|-damage|p1a: Scrafty|82/100 brn|[from] brn
|upkeep
|turn|30
|
|t:|1657438068
|move|p1a: Scrafty|Bulk Up|p1a: Scrafty
|-boost|p1a: Scrafty|atk|1
|-boost|p1a: Scrafty|def|1
|move|p2a: Gourgeist|Synthesis|p2a: Gourgeist
|-heal|p2a: Gourgeist|91/100
|
|-heal|p1a: Scrafty|88/100 brn|[from] item: Leftovers
|-damage|p1a: Scrafty|82/100 brn|[from] brn
|upkeep
|turn|31
|
|t:|1657438072
|move|p1a: Scrafty|Bulk Up|p1a: Scrafty
|-boost|p1a: Scrafty|atk|1
|-boost|p1a: Scrafty|def|1
|move|p2a: Gourgeist|Leech Seed|p1a: Scrafty
|-start|p1a: Scrafty|move: Leech Seed
|
|-heal|p1a: Scrafty|88/100 brn|[from] item: Leftovers
|-damage|p1a: Scrafty|76/100 brn|[from] Leech Seed|[of] p2a: Gourgeist
|-heal|p2a: Gourgeist|100/100|[silent]
|-damage|p1a: Scrafty|70/100 brn|[from] brn
|upkeep
|turn|32
|
|t:|1657438077
|switch|p2a: Sandaconda|Sandaconda, F|92/100
|move|p1a: Scrafty|Knock Off|p2a: Sandaconda
|-crit|p2a: Sandaconda
|-damage|p2a: Sandaconda|40/100
|-enditem|p2a: Sandaconda|Leftovers|[from] move: Knock Off|[of] p1a: Scrafty
|
|-heal|p1a: Scrafty|76/100 brn|[from] item: Leftovers
|-damage|p1a: Scrafty|64/100 brn|[from] Leech Seed|[of] p2a: Sandaconda
|-heal|p2a: Sandaconda|52/100|[silent]
|-damage|p1a: Scrafty|58/100 brn|[from] brn
|upkeep
|turn|33
|
|t:|1657438091
|move|p2a: Sandaconda|Rest|p2a: Sandaconda
|-status|p2a: Sandaconda|slp|[from] move: Rest
|-heal|p2a: Sandaconda|100/100 slp|[silent]
|move|p1a: Scrafty|Bulk Up|p1a: Scrafty
|-boost|p1a: Scrafty|atk|1
|-boost|p1a: Scrafty|def|1
|
|-heal|p1a: Scrafty|64/100 brn|[from] item: Leftovers
|-damage|p1a: Scrafty|51/100 brn|[from] Leech Seed|[of] p2a: Sandaconda
|-damage|p1a: Scrafty|45/100 brn|[from] brn
|upkeep
|turn|34
|
|t:|1657438095
|cant|p2a: Sandaconda|slp
|move|p1a: Scrafty|Rest|p1a: Scrafty
|-status|p1a: Scrafty|slp|[from] move: Rest
|-heal|p1a: Scrafty|100/100 slp|[silent]
|
|-activate|p1a: Scrafty|ability: Shed Skin
|-curestatus|p1a: Scrafty|slp|[msg]
|-damage|p1a: Scrafty|88/100|[from] Leech Seed|[of] p2a: Sandaconda
|upkeep
|turn|35
|
|t:|1657438100
|switch|p2a: Silvally|Silvally-Fairy|94/100 tox
|move|p1a: Scrafty|Drain Punch|p2a: Silvally
|-resisted|p2a: Silvally
|-damage|p2a: Silvally|53/100 tox
|-heal|p1a: Scrafty|100/100|[from] drain|[of] p2a: Silvally
|
|-damage|p1a: Scrafty|88/100|[from] Leech Seed|[of] p2a: Silvally
|-heal|p2a: Silvally|65/100 tox|[silent]
|-damage|p2a: Silvally|59/100 tox|[from] psn
|upkeep
|turn|36
|
|t:|1657438105
|move|p2a: Silvally|Multi-Attack|p1a: Scrafty
|-supereffective|p1a: Scrafty
|-damage|p1a: Scrafty|8/100
|move|p1a: Scrafty|Drain Punch|p2a: Silvally
|-resisted|p2a: Silvally
|-damage|p2a: Silvally|12/100 tox
|-heal|p1a: Scrafty|31/100|[from] drain|[of] p2a: Silvally
|
|-heal|p1a: Scrafty|37/100|[from] item: Leftovers
|-damage|p1a: Scrafty|25/100|[from] Leech Seed|[of] p2a: Silvally
|-heal|p2a: Silvally|24/100 tox|[silent]
|-damage|p2a: Silvally|12/100 tox|[from] psn
|upkeep
|turn|37
|
|t:|1657438110
|switch|p1a: Togedemaru|Togedemaru, M|100/100
|-damage|p1a: Togedemaru|95/100|[from] Stealth Rock
|move|p2a: Silvally|Multi-Attack|p1a: Togedemaru
|-resisted|p1a: Togedemaru
|-damage|p1a: Togedemaru|57/100
|
|-heal|p1a: Togedemaru|63/100|[from] item: Leftovers
|-damage|p2a: Silvally|0 fnt|[from] psn
|faint|p2a: Silvally
|upkeep
|
|t:|1657438110
|switch|p2a: Sandaconda|Sandaconda, F|100/100 slp
|turn|38
|
|t:|1657438115
|move|p1a: Togedemaru|Wish|p1a: Togedemaru
|cant|p2a: Sandaconda|slp
|
|-heal|p1a: Togedemaru|69/100|[from] item: Leftovers
|upkeep
|turn|39
|
|t:|1657438118
|switch|p2a: Gourgeist|Gourgeist-Super, F|100/100
|move|p1a: Togedemaru|U-turn|p2a: Gourgeist
|-damage|p2a: Gourgeist|92/100
|
|t:|1657438121
|switch|p1a: Scrafty|Scrafty, M|25/100|[from]move: U-turn
|-damage|p1a: Scrafty|19/100|[from] Stealth Rock
|
|-heal|p1a: Scrafty|69/100|[from] move: Wish|[wisher] Togedemaru
|-heal|p1a: Scrafty|75/100|[from] item: Leftovers
|upkeep
|turn|40
|
|t:|1657438125
|move|p1a: Scrafty|Bulk Up|p1a: Scrafty
|-boost|p1a: Scrafty|atk|1
|-boost|p1a: Scrafty|def|1
|move|p2a: Gourgeist|Will-O-Wisp|p1a: Scrafty
|-status|p1a: Scrafty|brn
|
|-activate|p1a: Scrafty|ability: Shed Skin
|-curestatus|p1a: Scrafty|brn|[msg]
|-heal|p1a: Scrafty|81/100|[from] item: Leftovers
|upkeep
|turn|41
|
|t:|1657438135
|move|p1a: Scrafty|Bulk Up|p1a: Scrafty
|-boost|p1a: Scrafty|atk|1
|-boost|p1a: Scrafty|def|1
|move|p2a: Gourgeist|Will-O-Wisp|p1a: Scrafty
|-status|p1a: Scrafty|brn
|
|-heal|p1a: Scrafty|87/100 brn|[from] item: Leftovers
|-damage|p1a: Scrafty|81/100 brn|[from] brn
|upkeep
|turn|42
|
|t:|1657438142
|move|p1a: Scrafty|Knock Off|p2a: Gourgeist
|-supereffective|p2a: Gourgeist
|-damage|p2a: Gourgeist|59/100
|move|p2a: Gourgeist|Leech Seed|p1a: Scrafty
|-start|p1a: Scrafty|move: Leech Seed
|
|-heal|p1a: Scrafty|87/100 brn|[from] item: Leftovers
|-damage|p1a: Scrafty|75/100 brn|[from] Leech Seed|[of] p2a: Gourgeist
|-heal|p2a: Gourgeist|70/100|[silent]
|-damage|p1a: Scrafty|69/100 brn|[from] brn
|upkeep
|turn|43
|
|t:|1657438148
|move|p1a: Scrafty|Rest|p1a: Scrafty
|-status|p1a: Scrafty|slp|[from] move: Rest
|-heal|p1a: Scrafty|100/100 slp|[silent]
|move|p2a: Gourgeist|Synthesis|p2a: Gourgeist
|-heal|p2a: Gourgeist|100/100
|
|-damage|p1a: Scrafty|88/100 slp|[from] Leech Seed|[of] p2a: Gourgeist
|upkeep
|turn|44
|
|t:|1657438152
|cant|p1a: Scrafty|slp
|move|p2a: Gourgeist|Will-O-Wisp||[still]
|-fail|p2a: Gourgeist
|
|-heal|p1a: Scrafty|94/100 slp|[from] item: Leftovers
|-damage|p1a: Scrafty|82/100 slp|[from] Leech Seed|[of] p2a: Gourgeist
|upkeep
|turn|45
|
|t:|1657438154
|cant|p1a: Scrafty|slp
|move|p2a: Gourgeist|Will-O-Wisp||[still]
|-fail|p2a: Gourgeist
|
|-heal|p1a: Scrafty|88/100 slp|[from] item: Leftovers
|-damage|p1a: Scrafty|76/100 slp|[from] Leech Seed|[of] p2a: Gourgeist
|upkeep
|turn|46
|
|t:|1657438156
|-curestatus|p1a: Scrafty|slp|[msg]
|move|p1a: Scrafty|Bulk Up|p1a: Scrafty
|-boost|p1a: Scrafty|atk|1
|-boost|p1a: Scrafty|def|1
|move|p2a: Gourgeist|Will-O-Wisp|p1a: Scrafty
|-status|p1a: Scrafty|brn
|
|-heal|p1a: Scrafty|82/100 brn|[from] item: Leftovers
|-damage|p1a: Scrafty|69/100 brn|[from] Leech Seed|[of] p2a: Gourgeist
|-damage|p1a: Scrafty|63/100 brn|[from] brn
|upkeep
|turn|47
|
|t:|1657438175
|move|p1a: Scrafty|Knock Off|p2a: Gourgeist
|-supereffective|p2a: Gourgeist
|-damage|p2a: Gourgeist|59/100
|move|p2a: Gourgeist|Synthesis|p2a: Gourgeist
|-heal|p2a: Gourgeist|100/100
|
|-activate|p1a: Scrafty|ability: Shed Skin
|-curestatus|p1a: Scrafty|brn|[msg]
|-heal|p1a: Scrafty|69/100|[from] item: Leftovers
|-damage|p1a: Scrafty|57/100|[from] Leech Seed|[of] p2a: Gourgeist
|upkeep
|turn|48
|
|t:|1657438181
|move|p1a: Scrafty|Knock Off|p2a: Gourgeist
|-supereffective|p2a: Gourgeist
|-damage|p2a: Gourgeist|15/100
|move|p2a: Gourgeist|Will-O-Wisp|p1a: Scrafty
|-status|p1a: Scrafty|brn
|
|-activate|p1a: Scrafty|ability: Shed Skin
|-curestatus|p1a: Scrafty|brn|[msg]
|-heal|p1a: Scrafty|63/100|[from] item: Leftovers
|-damage|p1a: Scrafty|51/100|[from] Leech Seed|[of] p2a: Gourgeist
|-heal|p2a: Gourgeist|26/100|[silent]
|upkeep
|turn|49
|
|t:|1657438190
|move|p1a: Scrafty|Bulk Up|p1a: Scrafty
|-boost|p1a: Scrafty|atk|1
|-boost|p1a: Scrafty|def|1
|move|p2a: Gourgeist|Synthesis|p2a: Gourgeist
|-heal|p2a: Gourgeist|76/100
|
|-heal|p1a: Scrafty|57/100|[from] item: Leftovers
|-damage|p1a: Scrafty|44/100|[from] Leech Seed|[of] p2a: Gourgeist
|-heal|p2a: Gourgeist|87/100|[silent]
|upkeep
|turn|50
|
|t:|1657438195
|move|p1a: Scrafty|Rest|p1a: Scrafty
|-status|p1a: Scrafty|slp|[from] move: Rest
|-heal|p1a: Scrafty|100/100 slp|[silent]
|move|p2a: Gourgeist|Synthesis|p2a: Gourgeist
|-heal|p2a: Gourgeist|100/100
|
|-damage|p1a: Scrafty|88/100 slp|[from] Leech Seed|[of] p2a: Gourgeist
|upkeep
|turn|51
|
|t:|1657438199
|switch|p2a: Mesprit|Mesprit|100/100
|cant|p1a: Scrafty|slp
|
|-heal|p1a: Scrafty|94/100 slp|[from] item: Leftovers
|-damage|p1a: Scrafty|82/100 slp|[from] Leech Seed|[of] p2a: Mesprit
|upkeep
|turn|52
|
|t:|1657438200
|move|p2a: Mesprit|Dazzling Gleam|p1a: Scrafty
|-supereffective|p1a: Scrafty
|-damage|p1a: Scrafty|0 fnt
|faint|p1a: Scrafty
|
|upkeep
|
|t:|1657438205
|switch|p1a: Gigalith|Gigalith, F|100/100
|-damage|p1a: Gigalith|88/100|[from] Stealth Rock
|-weather|Sandstorm|[from] ability: Sand Stream|[of] p1a: Gigalith
|turn|53
|
|t:|1657438212
|switch|p2a: Sandaconda|Sandaconda, F|100/100 slp
|switch|p1a: Whimsicott|Whimsicott, M|92/100
|
|-weather|Sandstorm|[upkeep]
|-damage|p1a: Whimsicott|86/100|[from] Sandstorm
|upkeep
|turn|54
|
|t:|1657438217
|switch|p2a: Aggron|Aggron, M|100/100
|move|p1a: Whimsicott|U-turn|p2a: Aggron
|-resisted|p2a: Aggron
|-damage|p2a: Aggron|98/100
|
|t:|1657438220
|switch|p1a: Wishiwashi|Wishiwashi, F|100/100|[from]move: U-turn
|-damage|p1a: Wishiwashi|88/100|[from] Stealth Rock
|-formechange|p1a: Wishiwashi|Wishiwashi-School||[from] ability: Schooling
|
|-weather|Sandstorm|[upkeep]
|-damage|p1a: Wishiwashi|82/100|[from] Sandstorm
|-heal|p2a: Aggron|100/100|[from] item: Leftovers
|-heal|p1a: Wishiwashi|88/100|[from] item: Leftovers
|upkeep
|turn|55
|
|t:|1657438222
|switch|p2a: Mesprit|Mesprit|100/100
|move|p1a: Wishiwashi|Hydro Pump|p2a: Mesprit
|-damage|p2a: Mesprit|44/100
|
|-weather|Sandstorm|[upkeep]
|-damage|p2a: Mesprit|38/100|[from] Sandstorm
|-damage|p1a: Wishiwashi|82/100|[from] Sandstorm
|-heal|p1a: Wishiwashi|88/100|[from] item: Leftovers
|upkeep
|turn|56
|
|t:|1657438230
|switch|p1a: Togedemaru|Togedemaru, M|69/100
|-damage|p1a: Togedemaru|63/100|[from] Stealth Rock
|move|p2a: Mesprit|Psychic|p1a: Togedemaru
|-resisted|p1a: Togedemaru
|-damage|p1a: Togedemaru|36/100
|
|-weather|Sandstorm|[upkeep]
|-damage|p2a: Mesprit|32/100|[from] Sandstorm
|-heal|p1a: Togedemaru|42/100|[from] item: Leftovers
|upkeep
|turn|57
|
|t:|1657438233
|switch|p2a: Gourgeist|Gourgeist-Super, F|100/100
|move|p1a: Togedemaru|Wish|p1a: Togedemaru
|
|-weather|none
|-heal|p1a: Togedemaru|48/100|[from] item: Leftovers
|upkeep
|turn|58
|
|t:|1657438237
|move|p1a: Togedemaru|Spiky Shield|p1a: Togedemaru
|-singleturn|p1a: Togedemaru|move: Protect
|move|p2a: Gourgeist|Leech Seed|p1a: Togedemaru
|-activate|p1a: Togedemaru|move: Protect
|
|-heal|p1a: Togedemaru|98/100|[from] move: Wish|[wisher] Togedemaru
|-heal|p1a: Togedemaru|100/100|[from] item: Leftovers
|upkeep
|turn|59
|
|t:|1657438251
|move|p1a: Togedemaru|Wish|p1a: Togedemaru
|move|p2a: Gourgeist|Foul Play|p1a: Togedemaru
|-damage|p1a: Togedemaru|68/100
|
|-heal|p1a: Togedemaru|74/100|[from] item: Leftovers
|upkeep
|turn|60
|
|t:|1657438255
|move|p1a: Togedemaru|U-turn|p2a: Gourgeist
|-damage|p2a: Gourgeist|90/100
|
|t:|1657438259
|switch|p1a: Whimsicott|Whimsicott, M|86/100|[from]move: U-turn
|move|p2a: Gourgeist|Will-O-Wisp|p1a: Whimsicott
|-status|p1a: Whimsicott|brn
|
|-heal|p1a: Whimsicott|100/100 brn|[from] move: Wish|[wisher] Togedemaru
|-damage|p1a: Whimsicott|94/100 brn|[from] brn
|upkeep
|turn|61
|
|t:|1657438262
|move|p1a: Whimsicott|Defog|p2a: Gourgeist
|-unboost|p2a: Gourgeist|evasion|1
|-sideend|p1: Persona111|Stealth Rock|[from] move: Defog|[of] p1a: Whimsicott
|move|p2a: Gourgeist|Foul Play|p1a: Whimsicott
|-resisted|p1a: Whimsicott
|-damage|p1a: Whimsicott|85/100 brn
|
|-damage|p1a: Whimsicott|79/100 brn|[from] brn
|upkeep
|turn|62
|
|t:|1657438270
|move|p1a: Whimsicott|Moonblast|p2a: Gourgeist
|-damage|p2a: Gourgeist|57/100
|move|p2a: Gourgeist|Synthesis|p2a: Gourgeist
|-heal|p2a: Gourgeist|100/100
|
|-damage|p1a: Whimsicott|73/100 brn|[from] brn
|upkeep
|turn|63
|
|t:|1657438276
|switch|p2a: Aggron|Aggron, M|100/100
|move|p1a: Whimsicott|Moonblast|p2a: Aggron
|-resisted|p2a: Aggron
|-crit|p2a: Aggron
|-damage|p2a: Aggron|82/100
|-unboost|p2a: Aggron|spa|1
|
|-heal|p2a: Aggron|88/100|[from] item: Leftovers
|-damage|p1a: Whimsicott|67/100 brn|[from] brn
|upkeep
|turn|64
|
|t:|1657438278
|move|p1a: Whimsicott|U-turn|p2a: Aggron
|-resisted|p2a: Aggron
|-damage|p2a: Aggron|86/100
|
|t:|1657438282
|switch|p1a: Togedemaru|Togedemaru, M|74/100|[from]move: U-turn
|move|p2a: Aggron|Stealth Rock|p1a: Togedemaru
|-sidestart|p1: Persona111|move: Stealth Rock
|
|-heal|p1a: Togedemaru|80/100|[from] item: Leftovers
|-heal|p2a: Aggron|92/100|[from] item: Leftovers
|upkeep
|turn|65
|
|t:|1657438284
|switch|p2a: Sandaconda|Sandaconda, F|100/100 slp
|move|p1a: Togedemaru|Wish|p1a: Togedemaru
|
|-heal|p1a: Togedemaru|86/100|[from] item: Leftovers
|upkeep
|turn|66
|
|t:|1657438287
|switch|p2a: Aggron|Aggron, M|92/100
|move|p1a: Togedemaru|U-turn|p2a: Aggron
|-resisted|p2a: Aggron
|-damage|p2a: Aggron|88/100
|
|t:|1657438289
|switch|p1a: Whimsicott|Whimsicott, M|67/100 brn|[from]move: U-turn
|
|-heal|p1a: Whimsicott|100/100 brn|[from] move: Wish|[wisher] Togedemaru
|-heal|p2a: Aggron|94/100|[from] item: Leftovers
|-damage|p1a: Whimsicott|94/100 brn|[from] brn
|upkeep
|turn|67
|
|t:|1657438295
|move|p1a: Whimsicott|U-turn|p2a: Aggron
|-resisted|p2a: Aggron
|-damage|p2a: Aggron|92/100
|
|t:|1657438298
|switch|p1a: Togedemaru|Togedemaru, M|86/100|[from]move: U-turn
|-damage|p1a: Togedemaru|80/100|[from] Stealth Rock
|move|p2a: Aggron|Toxic|p1a: Togedemaru
|-immune|p1a: Togedemaru
|
|-heal|p1a: Togedemaru|86/100|[from] item: Leftovers
|-heal|p2a: Aggron|98/100|[from] item: Leftovers
|upkeep
|turn|68
|
|t:|1657438303
|switch|p2a: Gourgeist|Gourgeist-Super, F|100/100
|move|p1a: Togedemaru|U-turn|p2a: Gourgeist
|-damage|p2a: Gourgeist|91/100
|
|t:|1657438309
|switch|p1a: Wishiwashi|Wishiwashi, F|88/100|[from]move: U-turn
|-damage|p1a: Wishiwashi|76/100|[from] Stealth Rock
|-formechange|p1a: Wishiwashi|Wishiwashi-School||[from] ability: Schooling
|
|-heal|p1a: Wishiwashi|82/100|[from] item: Leftovers
|upkeep
|turn|69
|
|t:|1657438310
|move|p2a: Gourgeist|Leech Seed|p1a: Wishiwashi|[miss]
|-miss|p2a: Gourgeist|p1a: Wishiwashi
|move|p1a: Wishiwashi|Ice Beam|p2a: Gourgeist
|-supereffective|p2a: Gourgeist
|-damage|p2a: Gourgeist|21/100
|
|-heal|p1a: Wishiwashi|88/100|[from] item: Leftovers
|upkeep
|turn|70
|
|t:|1657438316
|switch|p2a: Lanturn|Lanturn, F|82/100 tox
|move|p1a: Wishiwashi|U-turn|p2a: Lanturn
|-damage|p2a: Lanturn|56/100 tox
|
|t:|1657438321
|switch|p1a: Whimsicott|Whimsicott, M|94/100 brn|[from]move: U-turn
|
|-damage|p2a: Lanturn|50/100 tox|[from] psn
|-damage|p1a: Whimsicott|88/100 brn|[from] brn
|upkeep
|turn|71
|
|t:|1657438330
|switch|p2a: Aggron|Aggron, M|98/100
|move|p1a: Whimsicott|U-turn|p2a: Aggron
|-resisted|p2a: Aggron
|-damage|p2a: Aggron|97/100
|
|t:|1657438334
|switch|p1a: Gigalith|Gigalith, F|88/100|[from]move: U-turn
|-damage|p1a: Gigalith|76/100|[from] Stealth Rock
|-weather|Sandstorm|[from] ability: Sand Stream|[of] p1a: Gigalith
|
|-weather|Sandstorm|[upkeep]
|-heal|p2a: Aggron|100/100|[from] item: Leftovers
|-heal|p1a: Gigalith|82/100|[from] item: Leftovers
|upkeep
|turn|72
|
|t:|1657438336
|switch|p2a: Sandaconda|Sandaconda, F|100/100 slp
|move|p1a: Gigalith|Earthquake|p2a: Sandaconda
|-damage|p2a: Sandaconda|77/100 slp
|
|-weather|Sandstorm|[upkeep]
|-activate|p2a: Sandaconda|ability: Shed Skin
|-curestatus|p2a: Sandaconda|slp|[msg]
|-heal|p1a: Gigalith|88/100|[from] item: Leftovers
|upkeep
|turn|73
|
|t:|1657438345
|switch|p1a: Whimsicott|Whimsicott, M|88/100 brn
|move|p2a: Sandaconda|Earthquake|p1a: Whimsicott
|-resisted|p1a: Whimsicott
|-crit|p1a: Whimsicott
|-damage|p1a: Whimsicott|56/100 brn
|
|-weather|Sandstorm|[upkeep]
|-damage|p1a: Whimsicott|49/100 brn|[from] Sandstorm
|-damage|p1a: Whimsicott|43/100 brn|[from] brn
|upkeep
|turn|74
|
|t:|1657438351
|move|p1a: Whimsicott|U-turn|p2a: Sandaconda
|-damage|p2a: Sandaconda|73/100
|
|t:|1657438360
|switch|p1a: Wishiwashi|Wishiwashi, F|88/100|[from]move: U-turn
|-damage|p1a: Wishiwashi|76/100|[from] Stealth Rock
|-formechange|p1a: Wishiwashi|Wishiwashi-School||[from] ability: Schooling
|move|p2a: Sandaconda|Stone Edge|p1a: Wishiwashi
|-damage|p1a: Wishiwashi|59/100
|
|-weather|Sandstorm|[upkeep]
|-damage|p1a: Wishiwashi|52/100|[from] Sandstorm
|-heal|p1a: Wishiwashi|59/100|[from] item: Leftovers
|upkeep
|turn|75
|
|t:|1657438376
|switch|p2a: Lanturn|Lanturn, F|50/100 tox
|move|p1a: Wishiwashi|U-turn|p2a: Lanturn
|-damage|p2a: Lanturn|23/100 tox
|
|t:|1657438380
|switch|p1a: Togedemaru|Togedemaru, M|86/100|[from]move: U-turn
|-damage|p1a: Togedemaru|80/100|[from] Stealth Rock
|
|-weather|none
|-heal|p1a: Togedemaru|86/100|[from] item: Leftovers
|-damage|p2a: Lanturn|17/100 tox|[from] psn
|upkeep
|turn|76
|
|t:|1657438383
|switch|p2a: Gourgeist|Gourgeist-Super, F|21/100
|move|p1a: Togedemaru|Wish|p1a: Togedemaru
|
|-heal|p1a: Togedemaru|92/100|[from] item: Leftovers
|upkeep
|turn|77
|
|t:|1657438386
|move|p1a: Togedemaru|U-turn|p2a: Gourgeist
|-damage|p2a: Gourgeist|12/100
|
|t:|1657438388
|switch|p1a: Whimsicott|Whimsicott, M|43/100 brn|[from]move: U-turn
|move|p2a: Gourgeist|Leech Seed|p1a: Whimsicott
|-immune|p1a: Whimsicott
|
|-heal|p1a: Whimsicott|95/100 brn|[from] move: Wish|[wisher] Togedemaru
|-damage|p1a: Whimsicott|89/100 brn|[from] brn
|upkeep
|turn|78
|
|t:|1657438395
|switch|p2a: Aggron|Aggron, M|100/100
|move|p1a: Whimsicott|Defog|p2a: Aggron
|-unboost|p2a: Aggron|evasion|1
|-sideend|p1: Persona111|Stealth Rock|[from] move: Defog|[of] p1a: Whimsicott
|
|-damage|p1a: Whimsicott|83/100 brn|[from] brn
|upkeep
|turn|79
|
|t:|1657438402
|move|p1a: Whimsicott|U-turn|p2a: Aggron
|-resisted|p2a: Aggron
|-damage|p2a: Aggron|99/100
|
|t:|1657438406
|switch|p1a: Togedemaru|Togedemaru, M|92/100|[from]move: U-turn
|move|p2a: Aggron|Head Smash|p1a: Togedemaru
|-resisted|p1a: Togedemaru
|-damage|p1a: Togedemaru|50/100
|
|-heal|p1a: Togedemaru|56/100|[from] item: Leftovers
|-heal|p2a: Aggron|100/100|[from] item: Leftovers
|upkeep
|turn|80
|
|t:|1657438409
|move|p1a: Togedemaru|Wish|p1a: Togedemaru
|move|p2a: Aggron|Head Smash|p1a: Togedemaru
|-resisted|p1a: Togedemaru
|-damage|p1a: Togedemaru|18/100
|
|-heal|p1a: Togedemaru|24/100|[from] item: Leftovers
|upkeep
|turn|81
|
|t:|1657438413
|move|p1a: Togedemaru|Spiky Shield|p1a: Togedemaru
|-singleturn|p1a: Togedemaru|move: Protect
|move|p2a: Aggron|Stealth Rock|p1a: Togedemaru
|-sidestart|p1: Persona111|move: Stealth Rock
|
|-heal|p1a: Togedemaru|74/100|[from] move: Wish|[wisher] Togedemaru
|-heal|p1a: Togedemaru|80/100|[from] item: Leftovers
|upkeep
|turn|82
|
|t:|1657438416
|move|p1a: Togedemaru|Wish|p1a: Togedemaru
|move|p2a: Aggron|Head Smash|p1a: Togedemaru
|-resisted|p1a: Togedemaru
|-damage|p1a: Togedemaru|39/100
|
|-heal|p1a: Togedemaru|45/100|[from] item: Leftovers
|upkeep
|turn|83
|
|t:|1657438422
|move|p1a: Togedemaru|Spiky Shield|p1a: Togedemaru
|-singleturn|p1a: Togedemaru|move: Protect
|move|p2a: Aggron|Toxic|p1a: Togedemaru
|-activate|p1a: Togedemaru|move: Protect
|
|-heal|p1a: Togedemaru|95/100|[from] move: Wish|[wisher] Togedemaru
|-heal|p1a: Togedemaru|100/100|[from] item: Leftovers
|upkeep
|turn|84
|
|t:|1657438427
|move|p1a: Togedemaru|Wish|p1a: Togedemaru
|move|p2a: Aggron|Head Smash|p1a: Togedemaru
|-resisted|p1a: Togedemaru
|-damage|p1a: Togedemaru|56/100
|
|-heal|p1a: Togedemaru|62/100|[from] item: Leftovers
|upkeep
|turn|85
|
|t:|1657438435
|move|p1a: Togedemaru|Iron Head|p2a: Aggron
|-damage|p2a: Aggron|83/100
|move|p2a: Aggron|Toxic|p1a: Togedemaru
|-immune|p1a: Togedemaru
|
|-heal|p1a: Togedemaru|100/100|[from] move: Wish|[wisher] Togedemaru
|-heal|p2a: Aggron|89/100|[from] item: Leftovers
|upkeep
|turn|86
|
|t:|1657438447
|move|p1a: Togedemaru|Wish|p1a: Togedemaru
|move|p2a: Aggron|Head Smash|p1a: Togedemaru|[miss]
|-miss|p2a: Aggron|p1a: Togedemaru
|
|-heal|p2a: Aggron|95/100|[from] item: Leftovers
|upkeep
|turn|87
|
|t:|1657438452
|move|p1a: Togedemaru|U-turn|p2a: Aggron
|-resisted|p2a: Aggron
|-damage|p2a: Aggron|91/100
|
|t:|1657438455
|switch|p1a: Gigalith|Gigalith, F|88/100|[from]move: U-turn
|-damage|p1a: Gigalith|76/100|[from] Stealth Rock
|-weather|Sandstorm|[from] ability: Sand Stream|[of] p1a: Gigalith
|move|p2a: Aggron|Toxic|p1a: Gigalith|[miss]
|-miss|p2a: Aggron|p1a: Gigalith
|
|-weather|Sandstorm|[upkeep]
|-heal|p1a: Gigalith|100/100|[from] move: Wish|[wisher] Togedemaru
|-heal|p2a: Aggron|97/100|[from] item: Leftovers
|upkeep
|turn|88
|
|t:|1657438466
|switch|p2a: Sandaconda|Sandaconda, F|73/100
|switch|p1a: Whimsicott|Whimsicott, M|83/100 brn
|
|-weather|Sandstorm|[upkeep]
|-damage|p1a: Whimsicott|76/100 brn|[from] Sandstorm
|-damage|p1a: Whimsicott|70/100 brn|[from] brn
|upkeep
|turn|89
|
|t:|1657438473
|switch|p2a: Aggron|Aggron, M|97/100
|move|p1a: Whimsicott|Energy Ball|p2a: Aggron
|-damage|p2a: Aggron|82/100
|
|-weather|Sandstorm|[upkeep]
|-damage|p1a: Whimsicott|64/100 brn|[from] Sandstorm
|-heal|p2a: Aggron|88/100|[from] item: Leftovers
|-damage|p1a: Whimsicott|58/100 brn|[from] brn
|upkeep
|turn|90
|
|t:|1657438480
|move|p1a: Whimsicott|U-turn|p2a: Aggron
|-resisted|p2a: Aggron
|-damage|p2a: Aggron|87/100
|
|t:|1657438482
|switch|p1a: Togedemaru|Togedemaru, M|100/100|[from]move: U-turn
|-damage|p1a: Togedemaru|95/100|[from] Stealth Rock
|move|p2a: Aggron|Head Smash|p1a: Togedemaru
|-resisted|p1a: Togedemaru
|-damage|p1a: Togedemaru|50/100
|
|-weather|Sandstorm|[upkeep]
|-heal|p1a: Togedemaru|56/100|[from] item: Leftovers
|-heal|p2a: Aggron|93/100|[from] item: Leftovers
|upkeep
|turn|91
|
|t:|1657438485
|move|p1a: Togedemaru|Wish|p1a: Togedemaru
|move|p2a: Aggron|Head Smash|p1a: Togedemaru
|-resisted|p1a: Togedemaru
|-damage|p1a: Togedemaru|12/100
|
|-weather|none
|-heal|p1a: Togedemaru|18/100|[from] item: Leftovers
|-heal|p2a: Aggron|99/100|[from] item: Leftovers
|upkeep
|turn|92
|
|t:|1657438490
|move|p1a: Togedemaru|Spiky Shield|p1a: Togedemaru
|-singleturn|p1a: Togedemaru|move: Protect
|move|p2a: Aggron|Toxic|p1a: Togedemaru
|-activate|p1a: Togedemaru|move: Protect
|
|-heal|p1a: Togedemaru|68/100|[from] move: Wish|[wisher] Togedemaru
|-heal|p1a: Togedemaru|74/100|[from] item: Leftovers
|-heal|p2a: Aggron|100/100|[from] item: Leftovers
|upkeep
|turn|93
|
|t:|1657438494
|move|p1a: Togedemaru|Wish|p1a: Togedemaru
|move|p2a: Aggron|Toxic|p1a: Togedemaru
|-immune|p1a: Togedemaru
|
|-heal|p1a: Togedemaru|80/100|[from] item: Leftovers
|upkeep
|turn|94
|
|t:|1657438501
|move|p1a: Togedemaru|U-turn|p2a: Aggron
|-resisted|p2a: Aggron
|-damage|p2a: Aggron|96/100
|
|t:|1657438504
|switch|p1a: Wishiwashi|Wishiwashi, F|59/100|[from]move: U-turn
|-damage|p1a: Wishiwashi|46/100|[from] Stealth Rock
|-formechange|p1a: Wishiwashi|Wishiwashi-School||[from] ability: Schooling
|move|p2a: Aggron|Toxic|p1a: Wishiwashi
|-status|p1a: Wishiwashi|tox
|
|-heal|p1a: Wishiwashi|100/100 tox|[from] move: Wish|[wisher] Togedemaru
|-heal|p2a: Aggron|100/100|[from] item: Leftovers
|-damage|p1a: Wishiwashi|94/100 tox|[from] psn
|upkeep
|turn|95
|
|t:|1657438509
|switch|p2a: Lanturn|Lanturn, F|17/100 tox
|move|p1a: Wishiwashi|U-turn|p2a: Lanturn
|-damage|p2a: Lanturn|0 fnt
|faint|p2a: Lanturn
|
|t:|1657438518
|switch|p1a: Whimsicott|Whimsicott, M|58/100 brn|[from]move: U-turn
|
|-damage|p1a: Whimsicott|52/100 brn|[from] brn
|upkeep
|
|t:|1657438519
|switch|p2a: Aggron|Aggron, M|100/100
|turn|96
|
|t:|1657438526
|move|p1a: Whimsicott|U-turn|p2a: Aggron
|-resisted|p2a: Aggron
|-damage|p2a: Aggron|99/100
|
|t:|1657438531
|switch|p1a: Togedemaru|Togedemaru, M|80/100|[from]move: U-turn
|-damage|p1a: Togedemaru|74/100|[from] Stealth Rock
|move|p2a: Aggron|Heavy Slam|p1a: Togedemaru
|-resisted|p1a: Togedemaru
|-damage|p1a: Togedemaru|57/100
|
|-heal|p1a: Togedemaru|63/100|[from] item: Leftovers
|-heal|p2a: Aggron|100/100|[from] item: Leftovers
|upkeep
|turn|97
|
|t:|1657438536
|move|p1a: Togedemaru|Iron Head|p2a: Aggron
|-damage|p2a: Aggron|83/100
|move|p2a: Aggron|Stealth Rock||[still]
|-fail|p2a: Aggron
|
|-heal|p1a: Togedemaru|69/100|[from] item: Leftovers
|-heal|p2a: Aggron|89/100|[from] item: Leftovers
|upkeep
|turn|98
|
|t:|1657438541
|move|p1a: Togedemaru|Iron Head|p2a: Aggron
|-damage|p2a: Aggron|73/100
|move|p2a: Aggron|Heavy Slam|p1a: Togedemaru
|-resisted|p1a: Togedemaru
|-damage|p1a: Togedemaru|53/100
|
|-heal|p1a: Togedemaru|59/100|[from] item: Leftovers
|-heal|p2a: Aggron|79/100|[from] item: Leftovers
|upkeep
|turn|99
|
|t:|1657438546
|move|p1a: Togedemaru|Iron Head|p2a: Aggron
|-damage|p2a: Aggron|64/100
|move|p2a: Aggron|Heavy Slam|p1a: Togedemaru
|-resisted|p1a: Togedemaru
|-damage|p1a: Togedemaru|41/100
|
|-heal|p1a: Togedemaru|47/100|[from] item: Leftovers
|-heal|p2a: Aggron|70/100|[from] item: Leftovers
|upkeep
|turn|100
|
|t:|1657438555
|switch|p2a: Sandaconda|Sandaconda, F|73/100
|move|p1a: Togedemaru|Spiky Shield||[still]
|-fail|p1a: Togedemaru
|
|-heal|p1a: Togedemaru|53/100|[from] item: Leftovers
|upkeep
|turn|101
|
|t:|1657438557
|move|p1a: Togedemaru|U-turn|p2a: Sandaconda
|-damage|p2a: Sandaconda|60/100
|
|t:|1657438572
|switch|p1a: Wishiwashi|Wishiwashi, F|94/100 tox|[from]move: U-turn
|-damage|p1a: Wishiwashi|82/100 tox|[from] Stealth Rock
|-formechange|p1a: Wishiwashi|Wishiwashi-School||[from] ability: Schooling
|move|p2a: Sandaconda|Coil|p2a: Sandaconda
|-boost|p2a: Sandaconda|atk|1
|-boost|p2a: Sandaconda|def|1
|-boost|p2a: Sandaconda|accuracy|1
|
|-heal|p1a: Wishiwashi|88/100 tox|[from] item: Leftovers
|-damage|p1a: Wishiwashi|82/100 tox|[from] psn
|upkeep
|turn|102
|
|t:|1657438584
|switch|p2a: Gourgeist|Gourgeist-Super, F|12/100
|move|p1a: Wishiwashi|Hydro Pump|p2a: Gourgeist
|-resisted|p2a: Gourgeist
|-damage|p2a: Gourgeist|0 fnt
|faint|p2a: Gourgeist
|
|-heal|p1a: Wishiwashi|88/100 tox|[from] item: Leftovers
|-damage|p1a: Wishiwashi|76/100 tox|[from] psn
|upkeep
|
|t:|1657438584
|switch|p2a: Mesprit|Mesprit|32/100
|turn|103
|
|t:|1657438589
|switch|p1a: Gigalith|Gigalith, F|100/100
|-damage|p1a: Gigalith|88/100|[from] Stealth Rock
|-weather|Sandstorm|[from] ability: Sand Stream|[of] p1a: Gigalith
|move|p2a: Mesprit|Psychic|p1a: Gigalith
|-damage|p1a: Gigalith|56/100
|-unboost|p1a: Gigalith|spd|1
|
|-weather|Sandstorm|[upkeep]
|-damage|p2a: Mesprit|26/100|[from] Sandstorm
|-heal|p1a: Gigalith|62/100|[from] item: Leftovers
|upkeep
|turn|104
|
|t:|1657438593
|switch|p2a: Sandaconda|Sandaconda, F|60/100
|move|p1a: Gigalith|Protect||[still]
|-fail|p1a: Gigalith
|
|-weather|Sandstorm|[upkeep]
|-heal|p1a: Gigalith|68/100|[from] item: Leftovers
|upkeep
|turn|105
|inactive|Persona111 has 120 seconds left.
|inactive|Persona111 has 90 seconds left.
|
|t:|1657438656
|switch|p1a: Whimsicott|Whimsicott, M|52/100 brn
|move|p2a: Sandaconda|Coil|p2a: Sandaconda
|-boost|p2a: Sandaconda|atk|1
|-boost|p2a: Sandaconda|def|1
|-boost|p2a: Sandaconda|accuracy|1
|
|-weather|Sandstorm|[upkeep]
|-damage|p1a: Whimsicott|45/100 brn|[from] Sandstorm
|-damage|p1a: Whimsicott|39/100 brn|[from] brn
|upkeep
|turn|106
|
|t:|1657438659
|switch|p2a: Aggron|Aggron, M|70/100
|move|p1a: Whimsicott|Energy Ball|p2a: Aggron
|-damage|p2a: Aggron|55/100
|
|-weather|Sandstorm|[upkeep]
|-damage|p1a: Whimsicott|33/100 brn|[from] Sandstorm
|-heal|p2a: Aggron|61/100|[from] item: Leftovers
|-damage|p1a: Whimsicott|27/100 brn|[from] brn
|upkeep
|turn|107
|inactive|Persona111 has 90 seconds left.
|
|t:|1657438676
|move|p1a: Whimsicott|U-turn|p2a: Aggron
|-resisted|p2a: Aggron
|-damage|p2a: Aggron|59/100
|
|t:|1657438679
|switch|p1a: Togedemaru|Togedemaru, M|53/100|[from]move: U-turn
|-damage|p1a: Togedemaru|47/100|[from] Stealth Rock
|move|p2a: Aggron|Heavy Slam|p1a: Togedemaru
|-resisted|p1a: Togedemaru
|-damage|p1a: Togedemaru|30/100
|
|-weather|none
|-heal|p1a: Togedemaru|36/100|[from] item: Leftovers
|-heal|p2a: Aggron|65/100|[from] item: Leftovers
|upkeep
|turn|108
|inactive|Persona111 has 90 seconds left.
|
|t:|1657438689
|switch|p2a: Sandaconda|Sandaconda, F|60/100
|move|p1a: Togedemaru|Iron Head|p2a: Sandaconda
|-damage|p2a: Sandaconda|38/100
|
|-heal|p1a: Togedemaru|42/100|[from] item: Leftovers
|upkeep
|turn|109
|inactive|Persona111 has 90 seconds left.
|
|t:|1657438696
|move|p1a: Togedemaru|Iron Head|p2a: Sandaconda
|-damage|p2a: Sandaconda|16/100
|cant|p2a: Sandaconda|flinch
|
|-heal|p1a: Togedemaru|48/100|[from] item: Leftovers
|upkeep
|turn|110
|
|t:|1657438701
|switch|p2a: Aggron|Aggron, M|65/100
|move|p1a: Togedemaru|Iron Head|p2a: Aggron
|-damage|p2a: Aggron|48/100
|
|-heal|p1a: Togedemaru|53/100|[from] item: Leftovers
|-heal|p2a: Aggron|54/100|[from] item: Leftovers
|upkeep
|turn|111
|
|t:|1657438704
|move|p1a: Togedemaru|Iron Head|p2a: Aggron
|-damage|p2a: Aggron|39/100
|move|p2a: Aggron|Heavy Slam|p1a: Togedemaru
|-resisted|p1a: Togedemaru
|-damage|p1a: Togedemaru|36/100
|
|-heal|p1a: Togedemaru|42/100|[from] item: Leftovers
|-heal|p2a: Aggron|45/100|[from] item: Leftovers
|upkeep
|turn|112
|
|t:|1657438709
|move|p1a: Togedemaru|Iron Head|p2a: Aggron
|-damage|p2a: Aggron|29/100
|move|p2a: Aggron|Toxic|p1a: Togedemaru
|-immune|p1a: Togedemaru
|
|-heal|p1a: Togedemaru|48/100|[from] item: Leftovers
|-heal|p2a: Aggron|35/100|[from] item: Leftovers
|upkeep
|turn|113
|
|t:|1657438715
|switch|p2a: Sandaconda|Sandaconda, F|16/100
|move|p1a: Togedemaru|Iron Head|p2a: Sandaconda
|-damage|p2a: Sandaconda|0 fnt
|faint|p2a: Sandaconda
|
|-heal|p1a: Togedemaru|54/100|[from] item: Leftovers
|upkeep
|
|t:|1657438715
|switch|p2a: Aggron|Aggron, M|35/100
|turn|114
|
|t:|1657438718
|switch|p2a: Mesprit|Mesprit|26/100
|move|p1a: Togedemaru|Iron Head|p2a: Mesprit
|-damage|p2a: Mesprit|0 fnt
|faint|p2a: Mesprit
|
|-heal|p1a: Togedemaru|60/100|[from] item: Leftovers
|upkeep
|
|t:|1657438718
|switch|p2a: Aggron|Aggron, M|35/100
|turn|115
|
|t:|1657438720
|move|p1a: Togedemaru|Iron Head|p2a: Aggron
|-damage|p2a: Aggron|19/100
|move|p2a: Aggron|Heavy Slam|p1a: Togedemaru
|-resisted|p1a: Togedemaru
|-damage|p1a: Togedemaru|43/100
|
|-heal|p1a: Togedemaru|49/100|[from] item: Leftovers
|-heal|p2a: Aggron|25/100|[from] item: Leftovers
|upkeep
|turn|116
|
|t:|1657438725
|move|p1a: Togedemaru|Iron Head|p2a: Aggron
|-damage|p2a: Aggron|7/100
|cant|p2a: Aggron|flinch
|
|-heal|p1a: Togedemaru|55/100|[from] item: Leftovers
|-heal|p2a: Aggron|14/100|[from] item: Leftovers
|upkeep
|turn|117
|
|t:|1657438728
|move|p1a: Togedemaru|Iron Head|p2a: Aggron
|-damage|p2a: Aggron|0 fnt
|faint|p2a: Aggron
|
|win|Persona111
|raw|Persona111's rating: 1311 &rarr; <strong>1327</strong><br />(+16 for winning)
|raw|PU24hBot's rating: 1248 &rarr; <strong>1227</strong><br />(-21 for losing)
|l|‽PU24hBot
|l|☆Persona111
