|j|☆ayo bb
|j|☆DoubleMissMatt
|player|p1|ayo bb|1|1311
|player|p2|DoubleMissMatt|hilbert|1244
|teamsize|p1|6
|teamsize|p2|6
|gametype|singles
|gen|8
|tier|[Gen 8] PU
|rated|
|clearpoke
|poke|p1|Beheeyem, M|
|poke|p1|Clefairy, M|
|poke|p1|Wishiwashi, F|
|poke|p1|Liepard, F|
|poke|p1|Ninjask, M|
|poke|p1|Silvally-*|
|poke|p2|Mawile, F|
|poke|p2|Lapras, M|
|poke|p2|Raichu, M|
|poke|p2|Gloom, M|
|poke|p2|Vullaby, F|
|poke|p2|Stonjourner, F|
|rule|Sleep Clause Mod: Limit one foe put to sleep
|rule|Species Clause: Limit one of each Pokémon
|rule|OHKO Clause: OHKO moves are banned
|rule|Evasion Moves Clause: Evasion moves are banned
|rule|Endless Battle Clause: Forcing endless battles is banned
|rule|HP Percentage Mod: HP is shown in percentages
|rule|Dynamax Clause: You cannot dynamax
|teampreview
|
|start
|switch|p1a: Silvally|Silvally-Ground|100/100
|switch|p2a: Lapras|Lapras, M|100/100
|turn|1
|
|switch|p1a: Clefairy|Clefairy, M|100/100
|move|p2a: Lapras|Ice Beam|p1a: Clefairy
|-damage|p1a: Clefairy|65/100
|
|upkeep
|turn|2
|
|switch|p2a: Stonjourner|Stonjourner, F|100/100
|move|p1a: Clefairy|Stealth Rock|p2a: Stonjourner
|-sidestart|p2: DoubleMissMatt|move: Stealth Rock
|
|upkeep
|turn|3
|
|switch|p1a: Wishiwashi|Wishiwashi, F|100/100
|-formechange|p1a: Wishiwashi|Wishiwashi-School||[from] ability: Schooling
|move|p2a: Stonjourner|Stealth Rock|p1a: Wishiwashi
|-sidestart|p1: ayo bb|move: Stealth Rock
|
|upkeep
|turn|4
|
|switch|p2a: Gloom|Gloom, M|100/100
|-damage|p2a: Gloom|88/100|[from] Stealth Rock
|move|p1a: Wishiwashi|U-turn|p2a: Gloom
|-damage|p2a: Gloom|75/100
|
|switch|p1a: Beheeyem|Beheeyem, M|100/100|[from]move: U-turn
|-damage|p1a: Beheeyem|88/100|[from] Stealth Rock
|
|-heal|p1a: Beheeyem|94/100|[from] item: Leftovers
|upkeep
|turn|5
|
|move|p1a: Beheeyem|Future Sight|p2a: Gloom
|-start|p1a: Beheeyem|move: Future Sight
|move|p2a: Gloom|Sleep Powder|p1a: Beheeyem
|-status|p1a: Beheeyem|slp|[from] move: Sleep Powder
|
|-heal|p1a: Beheeyem|100/100 slp|[from] item: Leftovers
|upkeep
|turn|6
|
|move|p2a: Gloom|Sludge Bomb|p1a: Beheeyem
|-damage|p1a: Beheeyem|74/100 slp
|cant|p1a: Beheeyem|slp
|
|-heal|p1a: Beheeyem|80/100 slp|[from] item: Leftovers
|upkeep
|turn|7
|
|switch|p2a: Vullaby|Vullaby, F|100/100
|-damage|p2a: Vullaby|76/100|[from] Stealth Rock
|cant|p1a: Beheeyem|slp
|
|-end|p2a: Vullaby|move: Future Sight
|-immune|p2a: Vullaby
|-heal|p1a: Beheeyem|86/100 slp|[from] item: Leftovers
|upkeep
|turn|8
|
|move|p2a: Vullaby|Knock Off|p1a: Beheeyem
|-supereffective|p1a: Beheeyem
|-damage|p1a: Beheeyem|52/100 slp
|-enditem|p1a: Beheeyem|Leftovers|[from] move: Knock Off|[of] p2a: Vullaby
|-curestatus|p1a: Beheeyem|slp|[msg]
|move|p1a: Beheeyem|Thunderbolt|p2a: Vullaby
|-supereffective|p2a: Vullaby
|-damage|p2a: Vullaby|32/100
|
|upkeep
|turn|9
|
|move|p2a: Vullaby|Roost|p2a: Vullaby
|-heal|p2a: Vullaby|82/100
|-singleturn|p2a: Vullaby|move: Roost
|move|p1a: Beheeyem|Recover|p1a: Beheeyem
|-heal|p1a: Beheeyem|100/100
|
|upkeep
|turn|10
|
|move|p2a: Vullaby|Knock Off|p1a: Beheeyem
|-supereffective|p1a: Beheeyem
|-damage|p1a: Beheeyem|77/100
|move|p1a: Beheeyem|Future Sight|p2a: Vullaby
|-start|p1a: Beheeyem|move: Future Sight
|
|upkeep
|turn|11
|
|move|p2a: Vullaby|Knock Off|p1a: Beheeyem
|-supereffective|p1a: Beheeyem
|-damage|p1a: Beheeyem|54/100
|move|p1a: Beheeyem|Teleport|p1a: Beheeyem
|
|switch|p1a: Silvally|Silvally-Ground|100/100|[from]move: Teleport
|-damage|p1a: Silvally|94/100|[from] Stealth Rock
|
|upkeep
|turn|12
|j| Mudkipfromfuture
|
|move|p1a: Silvally|Swords Dance|p1a: Silvally
|-boost|p1a: Silvally|atk|2
|move|p2a: Vullaby|Roost|p2a: Vullaby
|-heal|p2a: Vullaby|100/100
|-singleturn|p2a: Vullaby|move: Roost
|
|-end|p2a: Vullaby|move: Future Sight
|-immune|p2a: Vullaby
|upkeep
|turn|13
|l| Mudkipfromfuture
|
|move|p1a: Silvally|Rock Slide|p2a: Vullaby
|-supereffective|p2a: Vullaby
|-damage|p2a: Vullaby|26/100
|move|p2a: Vullaby|U-turn|p1a: Silvally
|-damage|p1a: Silvally|84/100
|
|switch|p2a: Raichu|Raichu, M|100/100|[from]move: U-turn
|-damage|p2a: Raichu|88/100|[from] Stealth Rock
|
|upkeep
|turn|14
|
|move|p2a: Raichu|Volt Switch|p1a: Silvally
|-immune|p1a: Silvally
|move|p1a: Silvally|Multi-Attack|p2a: Raichu
|-supereffective|p2a: Raichu
|-damage|p2a: Raichu|0 fnt
|faint|p2a: Raichu
|
|upkeep
|
|switch|p2a: Gloom|Gloom, M|75/100
|-damage|p2a: Gloom|63/100|[from] Stealth Rock
|turn|15
|
|move|p1a: Silvally|Multi-Attack|p2a: Gloom
|-damage|p2a: Gloom|0 fnt
|faint|p2a: Gloom
|
|upkeep
|-message|DoubleMissMatt forfeited.
|
|win|ayo bb
|l|☆DoubleMissMatt
|raw|ayo bb's rating: 1311 &rarr; <strong>1327</strong><br />(+16 for winning)
|raw|DoubleMissMatt's rating: 1244 &rarr; <strong>1224</strong><br />(-20 for losing)
