|j|☆BlenderUpMyAss
|j|☆GammaGoGamma
|inactive|Battle timer is ON: inactive players will automatically lose when time's up.
|t:|1666917399
|gametype|singles
|player|p1|BlenderUpMyAss|102|
|player|p2|GammaGoGamma|burglar|
|teamsize|p1|6
|teamsize|p2|6
|gen|8
|tier|[Gen 8] PU
|rated|Tournament battle
|rule|Sleep Clause Mod: Limit one foe put to sleep
|rule|Species Clause: Limit one of each Pokémon
|rule|OHKO Clause: OHKO moves are banned
|rule|Evasion Items Clause: Evasion items are banned
|rule|Evasion Moves Clause: Evasion moves are banned
|rule|Endless Battle Clause: Forcing endless battles is banned
|rule|HP Percentage Mod: HP is shown in percentages
|rule|Dynamax Clause: You cannot dynamax
|clearpoke
|poke|p1|Lycanroc, F|
|poke|p1|Gigalith, M|
|poke|p1|Weezing, M|
|poke|p1|Sandslash, F|
|poke|p1|Doublade, F|
|poke|p1|Eldegoss, M|
|poke|p2|Cofagrigus, F|
|poke|p2|Ribombee, F|
|poke|p2|Ferroseed, F|
|poke|p2|Quagsire, M|
|poke|p2|Charizard, M|
|poke|p2|Archeops, F|
|teampreview
|j|*Lady Monita ☽
|inactive|GammaGoGamma has 120 seconds left.
|
|t:|1666917456
|start
|switch|p1a: Gigalith|Gigalith, M|100/100
|switch|p2a: Ferroseed|Ferroseed, F, shiny|100/100
|-weather|Sandstorm|[from] ability: Sand Stream|[of] p1a: Gigalith
|turn|1
|
|t:|1666917471
|switch|p1a: Weezing|Weezing, M|100/100
|-ability|p1a: Weezing|Neutralizing Gas
|move|p2a: Ferroseed|Toxic|p1a: Weezing
|-immune|p1a: Weezing
|
|-weather|Sandstorm|[upkeep]
|-damage|p1a: Weezing|95/100|[from] Sandstorm
|upkeep
|turn|2
|
|t:|1666917479
|move|p1a: Weezing|Will-O-Wisp|p2a: Ferroseed
|-status|p2a: Ferroseed|brn
|move|p2a: Ferroseed|Knock Off|p1a: Weezing
|-damage|p1a: Weezing|90/100
|-enditem|p1a: Weezing|Sitrus Berry|[from] move: Knock Off|[of] p2a: Ferroseed
|
|-weather|Sandstorm|[upkeep]
|-damage|p1a: Weezing|84/100|[from] Sandstorm
|-damage|p2a: Ferroseed|94/100 brn|[from] brn
|upkeep
|turn|3
|
|t:|1666917488
|switch|p2a: Charizard|Charizard, M, shiny|100/100
|move|p1a: Weezing|Toxic Spikes|p2a: Charizard
|-sidestart|p2: GammaGoGamma|move: Toxic Spikes
|
|-weather|Sandstorm|[upkeep]
|-damage|p2a: Charizard|94/100|[from] Sandstorm
|-damage|p1a: Weezing|78/100|[from] Sandstorm
|upkeep
|turn|4
|
|t:|1666917495
|-end|p1a: Weezing|ability: Neutralizing Gas
|switch|p1a: Gigalith|Gigalith, M|100/100
|move|p2a: Charizard|Defog|p1a: Gigalith
|-unboost|p1a: Gigalith|evasion|1
|-sideend|p2: GammaGoGamma|Toxic Spikes|[from] move: Defog|[of] p2a: Charizard
|
|-weather|Sandstorm|[upkeep]
|-damage|p2a: Charizard|88/100|[from] Sandstorm
|upkeep
|turn|5
|
|t:|1666917507
|switch|p2a: Cofagrigus|Cofagrigus, F|100/100
|move|p1a: Gigalith|Stealth Rock|p2a: Cofagrigus
|-sidestart|p2: GammaGoGamma|move: Stealth Rock
|
|-weather|Sandstorm|[upkeep]
|-damage|p2a: Cofagrigus|95/100|[from] Sandstorm
|upkeep
|turn|6
|
|t:|1666917514
|move|p2a: Cofagrigus|Iron Defense|p2a: Cofagrigus
|-boost|p2a: Cofagrigus|def|2
|move|p1a: Gigalith|Toxic|p2a: Cofagrigus
|-status|p2a: Cofagrigus|tox
|
|-weather|Sandstorm|[upkeep]
|-damage|p2a: Cofagrigus|89/100 tox|[from] Sandstorm
|-damage|p2a: Cofagrigus|83/100 tox|[from] psn
|upkeep
|turn|7
|
|t:|1666917518
|switch|p1a: Doublade|Doublade, F|100/100
|move|p2a: Cofagrigus|Iron Defense|p2a: Cofagrigus
|-boost|p2a: Cofagrigus|def|2
|
|-weather|Sandstorm|[upkeep]
|-damage|p2a: Cofagrigus|77/100 tox|[from] Sandstorm
|-damage|p2a: Cofagrigus|65/100 tox|[from] psn
|upkeep
|turn|8
|
|t:|1666917527
|move|p2a: Cofagrigus|Rest|p2a: Cofagrigus
|-status|p2a: Cofagrigus|slp|[from] move: Rest
|-heal|p2a: Cofagrigus|100/100 slp|[silent]
|-enditem|p2a: Cofagrigus|Chesto Berry|[eat]
|-curestatus|p2a: Cofagrigus|slp|[msg]
|move|p1a: Doublade|Swords Dance|p1a: Doublade
|-boost|p1a: Doublade|atk|2
|
|-weather|none
|upkeep
|turn|9
|
|t:|1666917531
|move|p2a: Cofagrigus|Hex|p1a: Doublade
|-supereffective|p1a: Doublade
|-damage|p1a: Doublade|48/100
|move|p1a: Doublade|Swords Dance|p1a: Doublade
|-boost|p1a: Doublade|atk|2
|
|upkeep
|turn|10
|
|t:|1666917545
|move|p1a: Doublade|Shadow Sneak|p2a: Cofagrigus
|-supereffective|p2a: Cofagrigus
|-damage|p2a: Cofagrigus|72/100
|-activate|p2a: Cofagrigus|ability: Mummy|No Guard|[of] p1a: Doublade
|move|p2a: Cofagrigus|Hex|p1a: Doublade
|-supereffective|p1a: Doublade
|-damage|p1a: Doublade|0 fnt
|faint|p1a: Doublade
|
|upkeep
|
|t:|1666917554
|switch|p1a: Eldegoss|Eldegoss, M|100/100
|turn|11
|
|t:|1666917559
|move|p1a: Eldegoss|Leech Seed|p2a: Cofagrigus
|-start|p2a: Cofagrigus|move: Leech Seed
|move|p2a: Cofagrigus|Body Press|p1a: Eldegoss
|-damage|p1a: Eldegoss|34/100
|
|-damage|p2a: Cofagrigus|60/100|[from] Leech Seed|[of] p1a: Eldegoss
|-heal|p1a: Eldegoss|46/100|[silent]
|upkeep
|turn|12
|
|t:|1666917568
|switch|p1a: Weezing|Weezing, M|78/100
|-ability|p1a: Weezing|Neutralizing Gas
|move|p2a: Cofagrigus|Body Press|p1a: Weezing
|-resisted|p1a: Weezing
|-damage|p1a: Weezing|49/100
|
|-damage|p2a: Cofagrigus|48/100|[from] Leech Seed|[of] p1a: Weezing
|-heal|p1a: Weezing|61/100|[silent]
|upkeep
|turn|13
|
|t:|1666917575
|move|p1a: Weezing|Will-O-Wisp|p2a: Cofagrigus
|-status|p2a: Cofagrigus|brn
|move|p2a: Cofagrigus|Rest|p2a: Cofagrigus
|-status|p2a: Cofagrigus|slp|[from] move: Rest
|-heal|p2a: Cofagrigus|100/100 slp|[silent]
|
|-damage|p2a: Cofagrigus|88/100 slp|[from] Leech Seed|[of] p1a: Weezing
|-heal|p1a: Weezing|72/100|[silent]
|upkeep
|turn|14
|
|t:|1666917581
|switch|p2a: Charizard|Charizard, M, shiny|88/100
|move|p1a: Weezing|Clear Smog|p2a: Charizard
|-damage|p2a: Charizard|71/100
|-clearboost|p2a: Charizard
|
|upkeep
|turn|15
|
|t:|1666917593
|move|p2a: Charizard|Flamethrower|p1a: Weezing
|-damage|p1a: Weezing|20/100
|move|p1a: Weezing|Sludge Bomb|p2a: Charizard
|-damage|p2a: Charizard|39/100
|
|upkeep
|turn|16
|
|t:|1666917602
|-end|p1a: Weezing|ability: Neutralizing Gas
|switch|p1a: Gigalith|Gigalith, M|100/100
|-weather|Sandstorm|[from] ability: Sand Stream|[of] p1a: Gigalith
|move|p2a: Charizard|Roost|p2a: Charizard
|-heal|p2a: Charizard|89/100
|-singleturn|p2a: Charizard|move: Roost
|
|-weather|Sandstorm|[upkeep]
|-damage|p2a: Charizard|83/100|[from] Sandstorm
|upkeep
|turn|17
|
|t:|1666917612
|switch|p2a: Ferroseed|Ferroseed, F, shiny|94/100 brn
|-damage|p2a: Ferroseed|88/100 brn|[from] Stealth Rock
|move|p1a: Gigalith|Rock Blast|p2a: Ferroseed
|-resisted|p2a: Ferroseed
|-damage|p2a: Ferroseed|83/100 brn
|-resisted|p2a: Ferroseed
|-damage|p2a: Ferroseed|78/100 brn
|-resisted|p2a: Ferroseed
|-damage|p2a: Ferroseed|74/100 brn
|-hitcount|p2a: Ferroseed|3
|
|-weather|Sandstorm|[upkeep]
|-damage|p2a: Ferroseed|68/100 brn|[from] brn
|upkeep
|turn|18
|inactive|BlenderUpMyAss has 120 seconds left.
|
|t:|1666917644
|switch|p1a: Sandslash|Sandslash, F|100/100
|move|p2a: Ferroseed|Spikes|p1a: Sandslash
|-sidestart|p1: BlenderUpMyAss|Spikes
|
|-weather|Sandstorm|[upkeep]
|-damage|p2a: Ferroseed|61/100 brn|[from] brn
|upkeep
|turn|19
|
|t:|1666917655
|move|p1a: Sandslash|Swords Dance|p1a: Sandslash
|-boost|p1a: Sandslash|atk|2
|move|p2a: Ferroseed|Knock Off|p1a: Sandslash
|-damage|p1a: Sandslash|94/100
|-enditem|p1a: Sandslash|Life Orb|[from] move: Knock Off|[of] p2a: Ferroseed
|
|-weather|Sandstorm|[upkeep]
|-damage|p2a: Ferroseed|55/100 brn|[from] brn
|upkeep
|turn|20
|
|t:|1666917662
|switch|p2a: Quagsire|Quagsire, M|100/100
|move|p1a: Sandslash|Earthquake|p2a: Quagsire
|-damage|p2a: Quagsire|62/100
|
|-weather|Sandstorm|[upkeep]
|upkeep
|turn|21
|
|t:|1666917670
|switch|p1a: Eldegoss|Eldegoss, M|80/100
|move|p2a: Quagsire|Recover|p2a: Quagsire
|-heal|p2a: Quagsire|100/100
|
|-weather|Sandstorm|[upkeep]
|-damage|p1a: Eldegoss|74/100|[from] Sandstorm
|upkeep
|turn|22
|
|t:|1666917676
|switch|p2a: Ferroseed|Ferroseed, F, shiny|55/100 brn
|-damage|p2a: Ferroseed|49/100 brn|[from] Stealth Rock
|move|p1a: Eldegoss|Leech Seed|p2a: Ferroseed
|-immune|p2a: Ferroseed
|
|-weather|Sandstorm|[upkeep]
|-damage|p1a: Eldegoss|67/100|[from] Sandstorm
|-damage|p2a: Ferroseed|43/100 brn|[from] brn
|upkeep
|turn|23
|
|t:|1666917684
|move|p1a: Eldegoss|Charm|p2a: Ferroseed
|-unboost|p2a: Ferroseed|atk|2
|move|p2a: Ferroseed|Rest|p2a: Ferroseed
|-status|p2a: Ferroseed|slp|[from] move: Rest
|-heal|p2a: Ferroseed|100/100 slp|[silent]
|
|-weather|none
|upkeep
|turn|24
|
|t:|1666917696
|switch|p1a: Gigalith|Gigalith, M|100/100
|-damage|p1a: Gigalith|88/100|[from] Spikes
|-weather|Sandstorm|[from] ability: Sand Stream|[of] p1a: Gigalith
|cant|p2a: Ferroseed|slp
|
|-weather|Sandstorm|[upkeep]
|upkeep
|turn|25
|
|t:|1666917702
|switch|p1a: Lycanroc|Lycanroc, F|100/100
|-damage|p1a: Lycanroc|88/100|[from] Spikes
|cant|p2a: Ferroseed|slp
|
|-weather|Sandstorm|[upkeep]
|upkeep
|turn|26
|
|t:|1666917708
|switch|p2a: Quagsire|Quagsire, M|100/100
|move|p1a: Lycanroc|Swords Dance|p1a: Lycanroc
|-boost|p1a: Lycanroc|atk|2
|
|-weather|Sandstorm|[upkeep]
|upkeep
|turn|27
|
|t:|1666917717
|switch|p1a: Eldegoss|Eldegoss, M|100/100
|move|p2a: Quagsire|Toxic|p1a: Eldegoss
|-status|p1a: Eldegoss|tox
|
|-weather|Sandstorm|[upkeep]
|-damage|p1a: Eldegoss|94/100 tox|[from] Sandstorm
|-damage|p1a: Eldegoss|88/100 tox|[from] psn
|upkeep
|turn|28
|
|t:|1666917724
|switch|p1a: Lycanroc|Lycanroc, F|88/100
|-damage|p1a: Lycanroc|76/100|[from] Spikes
|switch|p2a: Ferroseed|Ferroseed, F, shiny|100/100 slp
|-damage|p2a: Ferroseed|94/100 slp|[from] Stealth Rock
|
|-weather|Sandstorm|[upkeep]
|upkeep
|turn|29
|
|t:|1666917731
|switch|p2a: Quagsire|Quagsire, M|100/100
|move|p1a: Lycanroc|Close Combat|p2a: Quagsire
|-damage|p2a: Quagsire|63/100
|-unboost|p1a: Lycanroc|def|1
|-unboost|p1a: Lycanroc|spd|1
|-damage|p1a: Lycanroc|66/100|[from] item: Life Orb
|
|-weather|Sandstorm|[upkeep]
|upkeep
|turn|30
|
|t:|1666917737
|switch|p1a: Eldegoss|Eldegoss, M|100/100 tox
|move|p2a: Quagsire|Recover|p2a: Quagsire
|-heal|p2a: Quagsire|100/100
|
|-weather|Sandstorm|[upkeep]
|-damage|p1a: Eldegoss|94/100 tox|[from] Sandstorm
|-damage|p1a: Eldegoss|88/100 tox|[from] psn
|upkeep
|turn|31
|
|t:|1666917743
|switch|p2a: Ferroseed|Ferroseed, F, shiny|94/100 slp
|-damage|p2a: Ferroseed|88/100 slp|[from] Stealth Rock
|move|p1a: Eldegoss|Charm|p2a: Ferroseed
|-unboost|p2a: Ferroseed|atk|2
|
|-weather|none
|-damage|p1a: Eldegoss|76/100 tox|[from] psn
|upkeep
|turn|32
|
|t:|1666917753
|switch|p1a: Lycanroc|Lycanroc, F|66/100
|-damage|p1a: Lycanroc|53/100|[from] Spikes
|-curestatus|p2a: Ferroseed|slp|[msg]
|move|p2a: Ferroseed|Spikes|p1a: Lycanroc
|-sidestart|p1: BlenderUpMyAss|Spikes
|
|upkeep
|turn|33
|
|t:|1666917760
|switch|p1a: Eldegoss|Eldegoss, M|100/100 tox
|switch|p2a: Quagsire|Quagsire, M|100/100
|
|-damage|p1a: Eldegoss|94/100 tox|[from] psn
|upkeep
|turn|34
|inactive|BlenderUpMyAss has 120 seconds left.
|
|t:|1666917801
|switch|p2a: Cofagrigus|Cofagrigus, F|88/100 slp
|-damage|p2a: Cofagrigus|76/100 slp|[from] Stealth Rock
|move|p1a: Eldegoss|Charm|p2a: Cofagrigus
|-unboost|p2a: Cofagrigus|atk|2
|
|-damage|p1a: Eldegoss|82/100 tox|[from] psn
|upkeep
|turn|35
|inactive|GammaGoGamma has 120 seconds left.
|
|t:|1666917841
|switch|p2a: Ferroseed|Ferroseed, F, shiny|88/100
|-damage|p2a: Ferroseed|82/100|[from] Stealth Rock
|move|p1a: Eldegoss|Leech Seed|p2a: Ferroseed
|-immune|p2a: Ferroseed
|
|-damage|p1a: Eldegoss|63/100 tox|[from] psn
|upkeep
|turn|36
|
|t:|1666917851
|switch|p1a: Gigalith|Gigalith, M|88/100
|-damage|p1a: Gigalith|72/100|[from] Spikes
|-weather|Sandstorm|[from] ability: Sand Stream|[of] p1a: Gigalith
|move|p2a: Ferroseed|Knock Off|p1a: Gigalith
|-damage|p1a: Gigalith|62/100
|-enditem|p1a: Gigalith|Smooth Rock|[from] move: Knock Off|[of] p2a: Ferroseed
|
|-weather|Sandstorm|[upkeep]
|upkeep
|turn|37
|
|t:|1666917863
|move|p1a: Gigalith|Rock Blast|p2a: Ferroseed
|-resisted|p2a: Ferroseed
|-damage|p2a: Ferroseed|77/100
|-resisted|p2a: Ferroseed
|-crit|p2a: Ferroseed
|-damage|p2a: Ferroseed|70/100
|-hitcount|p2a: Ferroseed|2
|move|p2a: Ferroseed|Spikes|p1a: Gigalith
|-sidestart|p1: BlenderUpMyAss|Spikes
|
|-weather|Sandstorm|[upkeep]
|upkeep
|turn|38
|
|t:|1666917877
|switch|p1a: Eldegoss|Eldegoss, M|97/100 tox
|move|p2a: Ferroseed|Toxic|p1a: Eldegoss
|-fail|p1a: Eldegoss|tox
|
|-weather|Sandstorm|[upkeep]
|-damage|p1a: Eldegoss|91/100 tox|[from] Sandstorm
|-damage|p1a: Eldegoss|84/100 tox|[from] psn
|upkeep
|turn|39
|
|t:|1666917881
|move|p1a: Eldegoss|Rapid Spin|p2a: Ferroseed
|-resisted|p2a: Ferroseed
|-damage|p2a: Ferroseed|68/100
|-boost|p1a: Eldegoss|spe|1
|-damage|p1a: Eldegoss|72/100 tox|[from] ability: Iron Barbs|[of] p2a: Ferroseed
|-sideend|p1: BlenderUpMyAss|Spikes|[from] move: Rapid Spin|[of] p1a: Eldegoss
|move|p2a: Ferroseed|Knock Off|p1a: Eldegoss
|-damage|p1a: Eldegoss|61/100 tox
|-enditem|p1a: Eldegoss|Heavy-Duty Boots|[from] move: Knock Off|[of] p2a: Ferroseed
|
|-weather|Sandstorm|[upkeep]
|-damage|p1a: Eldegoss|55/100 tox|[from] Sandstorm
|-damage|p1a: Eldegoss|42/100 tox|[from] psn
|upkeep
|turn|40
|
|t:|1666917902
|switch|p1a: Gigalith|Gigalith, M|62/100
|move|p2a: Ferroseed|Spikes|p1a: Gigalith
|-sidestart|p1: BlenderUpMyAss|Spikes
|
|-weather|Sandstorm|[upkeep]
|upkeep
|turn|41
|
|t:|1666917907
|move|p1a: Gigalith|Rock Blast|p2a: Ferroseed|[miss]
|-miss|p1a: Gigalith|p2a: Ferroseed
|move|p2a: Ferroseed|Spikes|p1a: Gigalith
|-sidestart|p1: BlenderUpMyAss|Spikes
|
|-weather|Sandstorm|[upkeep]
|upkeep
|turn|42
|
|t:|1666917911
|move|p1a: Gigalith|Rock Blast|p2a: Ferroseed
|-resisted|p2a: Ferroseed
|-damage|p2a: Ferroseed|62/100
|-resisted|p2a: Ferroseed
|-damage|p2a: Ferroseed|58/100
|-resisted|p2a: Ferroseed
|-damage|p2a: Ferroseed|53/100
|-hitcount|p2a: Ferroseed|3
|move|p2a: Ferroseed|Spikes|p1a: Gigalith
|-sidestart|p1: BlenderUpMyAss|Spikes
|
|-weather|Sandstorm|[upkeep]
|upkeep
|turn|43
|
|t:|1666917922
|move|p1a: Gigalith|Rock Blast|p2a: Ferroseed
|-resisted|p2a: Ferroseed
|-damage|p2a: Ferroseed|49/100
|-resisted|p2a: Ferroseed
|-damage|p2a: Ferroseed|44/100
|-hitcount|p2a: Ferroseed|2
|move|p2a: Ferroseed|Toxic|p1a: Gigalith|[miss]
|-miss|p2a: Ferroseed|p1a: Gigalith
|
|-weather|none
|upkeep
|turn|44
|
|t:|1666917928
|move|p1a: Gigalith|Rock Blast|p2a: Ferroseed
|-resisted|p2a: Ferroseed
|-damage|p2a: Ferroseed|40/100
|-resisted|p2a: Ferroseed
|-damage|p2a: Ferroseed|35/100
|-resisted|p2a: Ferroseed
|-damage|p2a: Ferroseed|30/100
|-resisted|p2a: Ferroseed
|-damage|p2a: Ferroseed|26/100
|-hitcount|p2a: Ferroseed|4
|move|p2a: Ferroseed|Rest|p2a: Ferroseed
|-status|p2a: Ferroseed|slp|[from] move: Rest
|-heal|p2a: Ferroseed|100/100 slp|[silent]
|
|upkeep
|turn|45
|
|t:|1666917941
|move|p1a: Gigalith|Rock Blast|p2a: Ferroseed
|-resisted|p2a: Ferroseed
|-damage|p2a: Ferroseed|95/100 slp
|-resisted|p2a: Ferroseed
|-damage|p2a: Ferroseed|91/100 slp
|-hitcount|p2a: Ferroseed|2
|cant|p2a: Ferroseed|slp
|
|upkeep
|turn|46
|
|t:|1666917948
|move|p1a: Gigalith|Rock Blast|p2a: Ferroseed
|-resisted|p2a: Ferroseed
|-damage|p2a: Ferroseed|86/100 slp
|-resisted|p2a: Ferroseed
|-damage|p2a: Ferroseed|81/100 slp
|-resisted|p2a: Ferroseed
|-damage|p2a: Ferroseed|76/100 slp
|-hitcount|p2a: Ferroseed|3
|cant|p2a: Ferroseed|slp
|
|upkeep
|turn|47
|
|t:|1666917956
|move|p1a: Gigalith|Rock Blast|p2a: Ferroseed
|-resisted|p2a: Ferroseed
|-damage|p2a: Ferroseed|71/100 slp
|-resisted|p2a: Ferroseed
|-crit|p2a: Ferroseed
|-damage|p2a: Ferroseed|64/100 slp
|-resisted|p2a: Ferroseed
|-damage|p2a: Ferroseed|59/100 slp
|-resisted|p2a: Ferroseed
|-damage|p2a: Ferroseed|55/100 slp
|-resisted|p2a: Ferroseed
|-damage|p2a: Ferroseed|50/100 slp
|-hitcount|p2a: Ferroseed|5
|-curestatus|p2a: Ferroseed|slp|[msg]
|move|p2a: Ferroseed|Toxic|p1a: Gigalith
|-status|p1a: Gigalith|tox
|
|-damage|p1a: Gigalith|56/100 tox|[from] psn
|upkeep
|turn|48
|
|t:|1666917969
|move|p1a: Gigalith|Rest|p1a: Gigalith
|-status|p1a: Gigalith|slp|[from] move: Rest
|-heal|p1a: Gigalith|100/100 slp|[silent]
|move|p2a: Ferroseed|Knock Off|p1a: Gigalith
|-damage|p1a: Gigalith|94/100 slp
|
|upkeep
|turn|49
|inactive|GammaGoGamma has 120 seconds left.
|
|t:|1666918003
|switch|p1a: Eldegoss|Eldegoss, M|75/100 tox
|-damage|p1a: Eldegoss|50/100 tox|[from] Spikes
|switch|p2a: Archeops|Archeops, F|100/100
|
|-damage|p1a: Eldegoss|44/100 tox|[from] psn
|upkeep
|turn|50
|
|t:|1666918013
|switch|p1a: Gigalith|Gigalith, M|94/100 slp
|-damage|p1a: Gigalith|69/100 slp|[from] Spikes
|-weather|Sandstorm|[from] ability: Sand Stream|[of] p1a: Gigalith
|move|p2a: Archeops|Dual Wingbeat|p1a: Gigalith
|-resisted|p1a: Gigalith
|-damage|p1a: Gigalith|60/100 slp
|-resisted|p1a: Gigalith
|-damage|p1a: Gigalith|52/100 slp
|-hitcount|p1a: Gigalith|2
|
|-weather|Sandstorm|[upkeep]
|upkeep
|turn|51
|
|t:|1666918029
|switch|p1a: Weezing|Weezing, M|20/100
|-ability|p1a: Weezing|Neutralizing Gas
|-damage|p1a: Weezing|0 fnt|[from] Spikes
|faint|p1a: Weezing
|-end|p1a: Weezing|ability: Neutralizing Gas
|move|p2a: Archeops|Aqua Tail|p1: Weezing|[notarget]
|-fail|p2a: Archeops
|
|-weather|Sandstorm|[upkeep]
|upkeep
|
|t:|1666918048
|switch|p1a: Lycanroc|Lycanroc, F|53/100
|-damage|p1a: Lycanroc|29/100|[from] Spikes
|turn|52
|
|t:|1666918054
|switch|p2a: Quagsire|Quagsire, M|100/100
|move|p1a: Lycanroc|Stone Edge|p2a: Quagsire
|-resisted|p2a: Quagsire
|-damage|p2a: Quagsire|76/100
|-damage|p1a: Lycanroc|19/100|[from] item: Life Orb
|
|-weather|Sandstorm|[upkeep]
|upkeep
|turn|53
|
|t:|1666918063
|switch|p1a: Eldegoss|Eldegoss, M|78/100 tox
|-damage|p1a: Eldegoss|53/100 tox|[from] Spikes
|move|p2a: Quagsire|Recover|p2a: Quagsire
|-heal|p2a: Quagsire|100/100
|
|-weather|Sandstorm|[upkeep]
|-damage|p1a: Eldegoss|46/100 tox|[from] Sandstorm
|-damage|p1a: Eldegoss|40/100 tox|[from] psn
|upkeep
|turn|54
|
|t:|1666918068
|switch|p2a: Cofagrigus|Cofagrigus, F|76/100 slp
|-damage|p2a: Cofagrigus|64/100 slp|[from] Stealth Rock
|move|p1a: Eldegoss|Rapid Spin|p2a: Cofagrigus
|-immune|p2a: Cofagrigus
|
|-weather|none
|-damage|p1a: Eldegoss|28/100 tox|[from] psn
|upkeep
|turn|55
|
|t:|1666918080
|switch|p2a: Archeops|Archeops, F|100/100
|move|p1a: Eldegoss|Leech Seed|p2a: Archeops
|-start|p2a: Archeops|move: Leech Seed
|
|-damage|p2a: Archeops|88/100|[from] Leech Seed|[of] p1a: Eldegoss
|-heal|p1a: Eldegoss|39/100 tox|[silent]
|-damage|p1a: Eldegoss|21/100 tox|[from] psn
|upkeep
|turn|56
|
|t:|1666918086
|switch|p1a: Gigalith|Gigalith, M|52/100 slp
|-damage|p1a: Gigalith|27/100 slp|[from] Spikes
|-weather|Sandstorm|[from] ability: Sand Stream|[of] p1a: Gigalith
|move|p2a: Archeops|Dual Wingbeat|p1a: Gigalith
|-resisted|p1a: Gigalith
|-damage|p1a: Gigalith|19/100 slp
|-resisted|p1a: Gigalith
|-damage|p1a: Gigalith|11/100 slp
|-hitcount|p1a: Gigalith|2
|
|-weather|Sandstorm|[upkeep]
|-damage|p2a: Archeops|76/100|[from] Leech Seed|[of] p1a: Gigalith
|-heal|p1a: Gigalith|20/100 slp|[silent]
|upkeep
|turn|57
|
|t:|1666918100
|move|p2a: Archeops|Aqua Tail|p1a: Gigalith
|-supereffective|p1a: Gigalith
|-damage|p1a: Gigalith|0 fnt
|faint|p1a: Gigalith
|
|-weather|Sandstorm|[upkeep]
|upkeep
|
|t:|1666918112
|switch|p1a: Sandslash|Sandslash, F|94/100
|-damage|p1a: Sandslash|69/100|[from] Spikes
|turn|58
|
|t:|1666918123
|switch|p2a: Quagsire|Quagsire, M|100/100
|move|p1a: Sandslash|Earthquake|p2a: Quagsire
|-damage|p2a: Quagsire|62/100
|
|-weather|Sandstorm|[upkeep]
|upkeep
|turn|59
|
|t:|1666918129
|move|p1a: Sandslash|Earthquake|p2a: Quagsire
|-damage|p2a: Quagsire|21/100
|move|p2a: Quagsire|Recover|p2a: Quagsire
|-heal|p2a: Quagsire|71/100
|
|-weather|Sandstorm|[upkeep]
|upkeep
|turn|60
|
|t:|1666918135
|move|p1a: Sandslash|Earthquake|p2a: Quagsire
|-damage|p2a: Quagsire|36/100
|move|p2a: Quagsire|Recover|p2a: Quagsire
|-heal|p2a: Quagsire|86/100
|
|-weather|none
|upkeep
|turn|61
|
|t:|1666918140
|move|p1a: Sandslash|Earthquake|p2a: Quagsire
|-damage|p2a: Quagsire|51/100
|move|p2a: Quagsire|Scald|p1a: Sandslash
|-supereffective|p1a: Sandslash
|-damage|p1a: Sandslash|2/100
|
|upkeep
|turn|62
|
|t:|1666918150
|move|p1a: Sandslash|Earthquake|p2a: Quagsire
|-damage|p2a: Quagsire|16/100
|move|p2a: Quagsire|Scald|p1a: Sandslash
|-supereffective|p1a: Sandslash
|-damage|p1a: Sandslash|0 fnt
|faint|p1a: Sandslash
|
|upkeep
|
|t:|1666918158
|switch|p1a: Eldegoss|Eldegoss, M|54/100 tox
|-damage|p1a: Eldegoss|29/100 tox|[from] Spikes
|turn|63
|
|t:|1666918162
|switch|p2a: Cofagrigus|Cofagrigus, F|64/100 slp
|-damage|p2a: Cofagrigus|52/100 slp|[from] Stealth Rock
|move|p1a: Eldegoss|Leech Seed|p2a: Cofagrigus
|-start|p2a: Cofagrigus|move: Leech Seed
|
|-damage|p2a: Cofagrigus|39/100 slp|[from] Leech Seed|[of] p1a: Eldegoss
|-heal|p1a: Eldegoss|41/100 tox|[silent]
|-damage|p1a: Eldegoss|35/100 tox|[from] psn
|upkeep
|turn|64
|
|t:|1666918168
|move|p1a: Eldegoss|Giga Drain|p2a: Cofagrigus
|-crit|p2a: Cofagrigus
|-damage|p2a: Cofagrigus|10/100 slp
|-heal|p1a: Eldegoss|49/100 tox|[from] drain|[of] p2a: Cofagrigus
|cant|p2a: Cofagrigus|slp
|
|-damage|p2a: Cofagrigus|0 fnt|[from] Leech Seed|[of] p1a: Eldegoss
|-heal|p1a: Eldegoss|59/100 tox|[silent]
|faint|p2a: Cofagrigus
|-damage|p1a: Eldegoss|46/100 tox|[from] psn
|upkeep
|
|t:|1666918173
|switch|p2a: Charizard|Charizard, M, shiny|83/100
|turn|65
|
|t:|1666918177
|move|p2a: Charizard|Flamethrower|p1a: Eldegoss
|-supereffective|p1a: Eldegoss
|-damage|p1a: Eldegoss|0 fnt
|faint|p1a: Eldegoss
|
|upkeep
|
|t:|1666918186
|switch|p1a: Lycanroc|Lycanroc, F|19/100
|-damage|p1a: Lycanroc|0 fnt|[from] Spikes
|faint|p1a: Lycanroc
|
|win|GammaGoGamma
|n|☆BlenderUpMyAss|blenderupmyass
|n|☆GammaGoGamma|gammagogamma
|n|*Lady Monita ☽|ladymonita
|l|*Lady Monita ☽
|l|☆BlenderUpMyAss
