|j|☆kacj0
|j|☆EclecticEmpiricist
|t:|1638638377
|gametype|singles
|player|p1|kacj0|veteran-gen4|1355
|player|p2|EclecticEmpiricist|hiker-gen4|1505
|teamsize|p1|6
|teamsize|p2|6
|gen|8
|tier|[Gen 8] PU
|rated|
|rule|Sleep Clause Mod: Limit one foe put to sleep
|rule|Species Clause: Limit one of each Pokémon
|rule|OHKO Clause: OHKO moves are banned
|rule|Evasion Moves Clause: Evasion moves are banned
|rule|Endless Battle Clause: Forcing endless battles is banned
|rule|HP Percentage Mod: HP is shown in percentages
|rule|Dynamax Clause: You cannot dynamax
|clearpoke
|poke|p1|Sawk, M|
|poke|p1|Gallade, M|
|poke|p1|Farfetch’d-Galar, M|
|poke|p1|Hitmontop, M|
|poke|p1|Hitmonchan, M|
|poke|p1|Hitmonlee, M|
|poke|p2|Kabutops, M|
|poke|p2|Articuno-Galar|
|poke|p2|Tsareena, F|
|poke|p2|Togedemaru, M|
|poke|p2|Silvally-*|
|poke|p2|Regirock|
|teampreview
|j| EmpressoftheElite4
|inactive|Battle timer is ON: inactive players will automatically lose when time's up. (requested by kacj0)
|inactive|EclecticEmpiricist has 120 seconds left.
|
|t:|1638638422
|start
|switch|p1a: Gallade|Gallade, M|100/100
|switch|p2a: Kabutops|Kabutops, M|100/100
|turn|1
|
|t:|1638638434
|move|p2a: Kabutops|Liquidation|p1a: Gallade
|-damage|p1a: Gallade|0 fnt
|faint|p1a: Gallade
|
|upkeep
|
|t:|1638638445
|switch|p1a: Hitmonchan|Hitmonchan, M|100/100
|turn|2
|inactive|EclecticEmpiricist has 120 seconds left.
|inactive|EclecticEmpiricist has 90 seconds left.
|
|t:|1638638524
|move|p1a: Hitmonchan|Close Combat|p2a: Kabutops
|-supereffective|p2a: Kabutops
|-damage|p2a: Kabutops|0 fnt
|-unboost|p1a: Hitmonchan|def|1
|-unboost|p1a: Hitmonchan|spd|1
|faint|p2a: Kabutops
|
|upkeep
|
|t:|1638638531
|switch|p2a: Articuno|Articuno-Galar|100/100
|turn|3
|
|t:|1638638539
|move|p1a: Hitmonchan|Close Combat|p2a: Articuno
|-resisted|p2a: Articuno
|-damage|p2a: Articuno|84/100
|-unboost|p1a: Hitmonchan|def|1
|-unboost|p1a: Hitmonchan|spd|1
|move|p2a: Articuno|Psyshock|p1a: Hitmonchan
|-supereffective|p1a: Hitmonchan
|-damage|p1a: Hitmonchan|0 fnt
|faint|p1a: Hitmonchan
|
|upkeep
|
|t:|1638638551
|switch|p1a: Farfetch’d|Farfetch’d-Galar, M|100/100
|turn|4
|inactive|EclecticEmpiricist has 90 seconds left.
|
|t:|1638638565
|switch|p2a: Regirock|Regirock|100/100
|move|p1a: Farfetch’d|Final Gambit|p2a: Regirock
|-damage|p2a: Regirock|16/100
|faint|p1a: Farfetch’d
|
|-heal|p2a: Regirock|22/100|[from] item: Leftovers
|upkeep
|
|t:|1638638574
|switch|p1a: Hitmonlee|Hitmonlee, M|100/100
|turn|5
|inactive|EclecticEmpiricist has 90 seconds left.
|
|t:|1638638584
|move|p1a: Hitmonlee|Knock Off|p2a: Regirock
|-damage|p2a: Regirock|9/100
|-enditem|p2a: Regirock|Leftovers|[from] move: Knock Off|[of] p1a: Hitmonlee
|move|p2a: Regirock|Body Press|p1a: Hitmonlee
|-damage|p1a: Hitmonlee|0 fnt
|faint|p1a: Hitmonlee
|
|upkeep
|
|t:|1638638599
|switch|p1a: Hitmontop|Hitmontop, M|100/100
|turn|6
|
|t:|1638638605
|move|p1a: Hitmontop|Bulk Up|p1a: Hitmontop
|-boost|p1a: Hitmontop|atk|1
|-boost|p1a: Hitmontop|def|1
|move|p2a: Regirock|Body Press|p1a: Hitmontop
|-damage|p1a: Hitmontop|70/100
|
|-heal|p1a: Hitmontop|76/100|[from] item: Leftovers
|upkeep
|turn|7
|
|t:|1638638615
|switch|p2a: Silvally|Silvally-Fairy|100/100
|move|p1a: Hitmontop|Mach Punch|p2a: Silvally
|-resisted|p2a: Silvally
|-damage|p2a: Silvally|79/100
|
|-heal|p1a: Hitmontop|82/100|[from] item: Leftovers
|upkeep
|turn|8
|
|t:|1638638622
|move|p2a: Silvally|Multi-Attack|p1a: Hitmontop
|-supereffective|p1a: Hitmontop
|-damage|p1a: Hitmontop|15/100
|move|p1a: Hitmontop|Bulk Up|p1a: Hitmontop
|-boost|p1a: Hitmontop|atk|1
|-boost|p1a: Hitmontop|def|1
|
|-heal|p1a: Hitmontop|21/100|[from] item: Leftovers
|upkeep
|turn|9
|
|t:|1638638631
|move|p1a: Hitmontop|Bullet Punch|p2a: Silvally
|-supereffective|p2a: Silvally
|-damage|p2a: Silvally|0 fnt
|faint|p2a: Silvally
|
|-heal|p1a: Hitmontop|27/100|[from] item: Leftovers
|upkeep
|inactive|EclecticEmpiricist has 120 seconds left.
|
|t:|1638638637
|switch|p2a: Articuno|Articuno-Galar|84/100
|turn|10
|
|t:|1638638640
|move|p1a: Hitmontop|Sucker Punch|p2a: Articuno
|-supereffective|p2a: Articuno
|-damage|p2a: Articuno|0 fnt
|faint|p2a: Articuno
|
|-heal|p1a: Hitmontop|34/100|[from] item: Leftovers
|upkeep
|
|t:|1638638643
|switch|p2a: Tsareena|Tsareena, F|100/100
|turn|11
|
|t:|1638638648
|switch|p1a: Sawk|Sawk, M|100/100
|move|p2a: Tsareena|Power Whip|p1a: Sawk
|-damage|p1a: Sawk|18/100
|
|upkeep
|turn|12
|
|t:|1638638654
|switch|p2a: Regirock|Regirock|9/100
|move|p1a: Sawk|Close Combat|p2a: Regirock
|-supereffective|p2a: Regirock
|-damage|p2a: Regirock|0 fnt
|-unboost|p1a: Sawk|def|1
|-unboost|p1a: Sawk|spd|1
|faint|p2a: Regirock
|
|upkeep
|
|t:|1638638658
|switch|p2a: Togedemaru|Togedemaru, M|100/100
|turn|13
|
|t:|1638638664
|move|p2a: Togedemaru|Iron Head|p1a: Sawk
|-damage|p1a: Sawk|0 fnt
|faint|p1a: Sawk
|
|upkeep
|
|t:|1638638668
|switch|p1a: Hitmontop|Hitmontop, M|34/100
|turn|14
|
|t:|1638638687
|move|p1a: Hitmontop|Mach Punch|p2a: Togedemaru
|-supereffective|p2a: Togedemaru
|-damage|p2a: Togedemaru|0 fnt
|-damage|p1a: Hitmontop|21/100|[from] ability: Iron Barbs|[of] p2a: Togedemaru
|faint|p2a: Togedemaru
|
|-heal|p1a: Hitmontop|27/100|[from] item: Leftovers
|upkeep
|
|t:|1638638689
|switch|p2a: Tsareena|Tsareena, F|100/100
|turn|15
|
|t:|1638638695
|move|p2a: Tsareena|Knock Off|p1a: Hitmontop
|-resisted|p1a: Hitmontop
|-damage|p1a: Hitmontop|8/100
|-enditem|p1a: Hitmontop|Leftovers|[from] move: Knock Off|[of] p2a: Tsareena
|move|p1a: Hitmontop|Bulk Up|p1a: Hitmontop
|-boost|p1a: Hitmontop|atk|1
|-boost|p1a: Hitmontop|def|1
|
|upkeep
|turn|16
|
|t:|1638638703
|move|p2a: Tsareena|Knock Off|p1a: Hitmontop
|-resisted|p1a: Hitmontop
|-damage|p1a: Hitmontop|0 fnt
|faint|p1a: Hitmontop
|
|win|EclecticEmpiricist
|raw|kacj0's rating: 1355 &rarr; <strong>1342</strong><br />(-13 for losing)
|raw|EclecticEmpiricist's rating: 1475 &rarr; <strong>1488</strong><br />(+13 for winning)
