|j|☆eve simp
|j|☆slutsponk
|t:|1607327585
|player|p1|eve simp|#chloe|1244
|player|p2|slutsponk|lucas|1189
|teamsize|p1|6
|teamsize|p2|6
|gametype|singles
|gen|8
|tier|[Gen 8] PU
|rated|
|clearpoke
|poke|p1|Cofagrigus, F|
|poke|p1|Alcremie, F|
|poke|p1|Miltank, F|
|poke|p1|Skuntank, M|
|poke|p1|Stunfisk-Galar, F|
|poke|p1|Poliwrath, M|
|poke|p2|Accelgor, M|
|poke|p2|Altaria, M|
|poke|p2|Togedemaru, M|
|poke|p2|Liepard, M|
|poke|p2|Froslass, F|
|poke|p2|Dugtrio-Alola, F|
|rule|Sleep Clause Mod: Limit one foe put to sleep
|rule|Species Clause: Limit one of each Pokémon
|rule|OHKO Clause: OHKO moves are banned
|rule|Evasion Moves Clause: Evasion moves are banned
|rule|Endless Battle Clause: Forcing endless battles is banned
|rule|HP Percentage Mod: HP is shown in percentages
|rule|Dynamax Clause: You cannot dynamax
|teampreview
|inactive|Battle timer is ON: inactive players will automatically lose when time's up. (requested by slutsponk)
|
|t:|1607327615
|start
|switch|p1a: Cofagrigus|Cofagrigus, F|100/100
|switch|p2a: Dugtrio|Dugtrio-Alola, F|100/100
|turn|1
|
|t:|1607327620
|move|p2a: Dugtrio|Stealth Rock|p1a: Cofagrigus
|-sidestart|p1: eve simp|move: Stealth Rock
|move|p1a: Cofagrigus|Shadow Ball|p2a: Dugtrio
|-damage|p2a: Dugtrio|18/100
|
|upkeep
|turn|2
|
|t:|1607327626
|move|p2a: Dugtrio|Memento|p1a: Cofagrigus
|-unboost|p1a: Cofagrigus|atk|2
|-unboost|p1a: Cofagrigus|spa|2
|faint|p2a: Dugtrio
|move|p1a: Cofagrigus|Trick Room|p1a: Cofagrigus
|-fieldstart|move: Trick Room|[of] p1a: Cofagrigus
|
|upkeep
|
|t:|1607327630
|switch|p2a: Togedemaru|Togedemaru, M|100/100
|turn|3
|
|t:|1607327639
|move|p1a: Cofagrigus|Nasty Plot|p1a: Cofagrigus
|-boost|p1a: Cofagrigus|spa|2
|move|p2a: Togedemaru|Nuzzle|p1a: Cofagrigus
|-damage|p1a: Cofagrigus|94/100
|-status|p1a: Cofagrigus|par
|-activate|p1a: Cofagrigus|ability: Mummy|Iron Barbs|[of] p2a: Togedemaru
|
|-heal|p1a: Cofagrigus|99/100 par|[from] item: Leftovers
|upkeep
|turn|4
|
|t:|1607327653
|switch|p2a: Altaria|Altaria, M|100/100
|cant|p1a: Cofagrigus|par
|
|-heal|p1a: Cofagrigus|100/100 par|[from] item: Leftovers
|upkeep
|turn|5
|
|t:|1607327672
|move|p1a: Cofagrigus|Nasty Plot|p1a: Cofagrigus
|-boost|p1a: Cofagrigus|spa|2
|move|p2a: Altaria|Dragon Pulse|p1a: Cofagrigus
|-damage|p1a: Cofagrigus|77/100 par
|
|-heal|p1a: Cofagrigus|83/100 par|[from] item: Leftovers
|upkeep
|turn|6
|
|t:|1607327674
|cant|p1a: Cofagrigus|par
|move|p2a: Altaria|Dragon Pulse|p1a: Cofagrigus
|-damage|p1a: Cofagrigus|59/100 par
|
|-heal|p1a: Cofagrigus|65/100 par|[from] item: Leftovers
|-fieldend|move: Trick Room
|upkeep
|turn|7
|
|t:|1607327680
|move|p2a: Altaria|Dragon Pulse|p1a: Cofagrigus
|-damage|p1a: Cofagrigus|43/100 par
|cant|p1a: Cofagrigus|par
|
|-heal|p1a: Cofagrigus|48/100 par|[from] item: Leftovers
|upkeep
|turn|8
|
|t:|1607327682
|move|p2a: Altaria|Dragon Pulse|p1a: Cofagrigus
|-damage|p1a: Cofagrigus|26/100 par
|move|p1a: Cofagrigus|Trick Room|p1a: Cofagrigus
|-fieldstart|move: Trick Room|[of] p1a: Cofagrigus
|
|-heal|p1a: Cofagrigus|32/100 par|[from] item: Leftovers
|upkeep
|turn|9
|
|t:|1607327686
|move|p1a: Cofagrigus|Shadow Ball|p2a: Altaria
|-damage|p2a: Altaria|48/100
|move|p2a: Altaria|Dragon Pulse|p1a: Cofagrigus
|-damage|p1a: Cofagrigus|10/100 par
|
|-heal|p1a: Cofagrigus|16/100 par|[from] item: Leftovers
|upkeep
|turn|10
|
|t:|1607327694
|move|p1a: Cofagrigus|Shadow Ball|p2a: Altaria
|-damage|p2a: Altaria|1/100
|move|p2a: Altaria|Dragon Pulse|p1a: Cofagrigus
|-damage|p1a: Cofagrigus|0 fnt
|faint|p1a: Cofagrigus
|
|upkeep
|
|t:|1607327707
|switch|p1a: Stunfisk|Stunfisk-Galar, F|100/100
|-damage|p1a: Stunfisk|97/100|[from] Stealth Rock
|turn|11
|
|t:|1607327710
|move|p1a: Stunfisk|Foul Play|p2a: Altaria
|-damage|p2a: Altaria|0 fnt
|faint|p2a: Altaria
|
|-heal|p1a: Stunfisk|100/100|[from] item: Leftovers
|upkeep
|
|t:|1607327721
|switch|p2a: Accelgor|Accelgor, M|100/100
|turn|12
|
|t:|1607327725
|move|p1a: Stunfisk|Foul Play|p2a: Accelgor
|-damage|p2a: Accelgor|67/100
|move|p2a: Accelgor|Focus Blast|p1a: Stunfisk
|-supereffective|p1a: Stunfisk
|-damage|p1a: Stunfisk|50/100
|
|-heal|p1a: Stunfisk|56/100|[from] item: Leftovers
|-fieldend|move: Trick Room
|upkeep
|turn|13
|
|t:|1607327735
|move|p1a: Stunfisk|Protect|p1a: Stunfisk
|-singleturn|p1a: Stunfisk|Protect
|move|p2a: Accelgor|Focus Blast|p1a: Stunfisk
|-activate|p1a: Stunfisk|move: Protect
|
|-heal|p1a: Stunfisk|62/100|[from] item: Leftovers
|upkeep
|turn|14
|
|t:|1607327738
|switch|p1a: Skuntank|Skuntank, M|100/100
|move|p2a: Accelgor|Focus Blast|p1a: Skuntank
|-damage|p1a: Skuntank|42/100
|
|upkeep
|turn|15
|
|t:|1607327740
|move|p2a: Accelgor|Bug Buzz|p1a: Skuntank
|-damage|p1a: Skuntank|0 fnt
|-enditem|p2a: Accelgor|Throat Spray
|-boost|p2a: Accelgor|spa|1|[from] item: Throat Spray
|faint|p1a: Skuntank
|
|upkeep
|
|t:|1607327747
|switch|p1a: Poliwrath|Poliwrath, M|100/100
|-damage|p1a: Poliwrath|94/100|[from] Stealth Rock
|turn|16
|
|t:|1607327752
|move|p2a: Accelgor|Focus Blast|p1a: Poliwrath|[miss]
|-miss|p2a: Accelgor|p1a: Poliwrath
|move|p1a: Poliwrath|Liquidation|p2a: Accelgor
|-damage|p2a: Accelgor|0 fnt
|faint|p2a: Accelgor
|
|upkeep
|
|t:|1607327755
|switch|p2a: Togedemaru|Togedemaru, M|100/100
|turn|17
|
|t:|1607327758
|switch|p1a: Stunfisk|Stunfisk-Galar, F|62/100
|-damage|p1a: Stunfisk|59/100|[from] Stealth Rock
|move|p2a: Togedemaru|Zing Zap|p1a: Stunfisk
|-immune|p1a: Stunfisk
|
|-heal|p1a: Stunfisk|66/100|[from] item: Leftovers
|upkeep
|turn|18
|
|t:|1607327767
|switch|p2a: Froslass|Froslass, F|100/100
|move|p1a: Stunfisk|Earthquake|p2a: Froslass
|-damage|p2a: Froslass|60/100
|
|-heal|p1a: Stunfisk|72/100|[from] item: Leftovers
|upkeep
|turn|19
|
|t:|1607327772
|switch|p1a: Poliwrath|Poliwrath, M|94/100
|-damage|p1a: Poliwrath|88/100|[from] Stealth Rock
|move|p2a: Froslass|Spikes|p1a: Poliwrath
|-sidestart|p1: eve simp|Spikes
|
|upkeep
|turn|20
|
|t:|1607327776
|move|p1a: Poliwrath|Liquidation|p2a: Froslass
|-damage|p2a: Froslass|13/100
|-unboost|p2a: Froslass|def|1
|-start|p1a: Poliwrath|Disable|Liquidation|[from] ability: Cursed Body|[of] p2a: Froslass
|move|p2a: Froslass|Thunder Wave|p1a: Poliwrath|[miss]
|-miss|p2a: Froslass|p1a: Poliwrath
|
|upkeep
|turn|21
|
|t:|1607327781
|-activate|p1a: Poliwrath|move: Struggle
|move|p1a: Poliwrath|Struggle|p2a: Froslass
|-damage|p2a: Froslass|0 fnt
|-damage|p1a: Poliwrath|63/100|[from] recoil
|faint|p2a: Froslass
|
|upkeep
|
|t:|1607327787
|switch|p2a: Togedemaru|Togedemaru, M|100/100
|turn|22
|
|t:|1607327790
|switch|p1a: Stunfisk|Stunfisk-Galar, F|72/100
|-damage|p1a: Stunfisk|59/100|[from] Spikes
|-damage|p1a: Stunfisk|56/100|[from] Stealth Rock
|move|p2a: Togedemaru|Zing Zap|p1a: Stunfisk
|-immune|p1a: Stunfisk
|
|-heal|p1a: Stunfisk|62/100|[from] item: Leftovers
|upkeep
|turn|23
|
|t:|1607327800
|switch|p2a: Liepard|Liepard, M|100/100
|move|p1a: Stunfisk|Earthquake|p2a: Liepard
|-damage|p2a: Liepard|39/100
|
|-heal|p1a: Stunfisk|69/100|[from] item: Leftovers
|upkeep
|turn|24
|
|t:|1607327806
|move|p2a: Liepard|Copycat|p2a: Liepard
|move|p2a: Liepard|Earthquake|p1a: Stunfisk|[from]move: Copycat
|-supereffective|p1a: Stunfisk
|-crit|p1a: Stunfisk
|-damage|p1a: Stunfisk|0 fnt
|-damage|p2a: Liepard|29/100|[from] item: Life Orb
|faint|p1a: Stunfisk
|
|upkeep
|
|t:|1607327813
|switch|p1a: Alcremie|Alcremie, F|100/100
|-damage|p1a: Alcremie|88/100|[from] Stealth Rock
|-damage|p1a: Alcremie|76/100|[from] Spikes
|turn|25
|
|t:|1607327816
|move|p2a: Liepard|Gunk Shot|p1a: Alcremie
|-supereffective|p1a: Alcremie
|-damage|p1a: Alcremie|0 fnt
|-damage|p2a: Liepard|20/100|[from] item: Life Orb
|faint|p1a: Alcremie
|
|upkeep
|
|t:|1607327819
|switch|p1a: mommy milkers|Miltank, F|100/100
|-damage|p1a: mommy milkers|88/100|[from] Stealth Rock
|-damage|p1a: mommy milkers|75/100|[from] Spikes
|turn|26
|
|t:|1607327825
|move|p2a: Liepard|Knock Off|p1a: mommy milkers
|-damage|p1a: mommy milkers|38/100
|-enditem|p1a: mommy milkers|Leftovers|[from] move: Knock Off|[of] p2a: Liepard
|-damage|p2a: Liepard|10/100|[from] item: Life Orb
|move|p1a: mommy milkers|Milk Drink|p1a: mommy milkers
|-heal|p1a: mommy milkers|88/100
|
|upkeep
|turn|27
|
|t:|1607327830
|move|p2a: Liepard|Copycat|p2a: Liepard
|move|p2a: Liepard|Milk Drink|p2a: Liepard|[from]move: Copycat
|-heal|p2a: Liepard|60/100
|move|p1a: mommy milkers|Milk Drink|p1a: mommy milkers
|-heal|p1a: mommy milkers|100/100
|
|upkeep
|turn|28
|
|t:|1607327835
|move|p2a: Liepard|Copycat|p2a: Liepard
|move|p2a: Liepard|Milk Drink|p2a: Liepard|[from]move: Copycat
|-heal|p2a: Liepard|100/100
|move|p1a: mommy milkers|Substitute|p1a: mommy milkers
|-start|p1a: mommy milkers|Substitute
|-damage|p1a: mommy milkers|75/100
|
|upkeep
|turn|29
|
|t:|1607327839
|move|p2a: Liepard|Knock Off|p1a: mommy milkers
|-end|p1a: mommy milkers|Substitute
|-damage|p2a: Liepard|91/100|[from] item: Life Orb
|move|p1a: mommy milkers|Toxic|p2a: Liepard|[miss]
|-miss|p1a: mommy milkers|p2a: Liepard
|
|upkeep
|turn|30
|
|t:|1607327844
|switch|p1a: Poliwrath|Poliwrath, M|63/100
|-damage|p1a: Poliwrath|57/100|[from] Stealth Rock
|-damage|p1a: Poliwrath|44/100|[from] Spikes
|move|p2a: Liepard|Knock Off|p1a: Poliwrath
|-resisted|p1a: Poliwrath
|-damage|p1a: Poliwrath|18/100
|-enditem|p1a: Poliwrath|Choice Scarf|[from] move: Knock Off|[of] p2a: Liepard
|-damage|p2a: Liepard|81/100|[from] item: Life Orb
|
|upkeep
|turn|31
|
|t:|1607327847
|move|p2a: Liepard|Knock Off|p1a: Poliwrath
|-resisted|p1a: Poliwrath
|-damage|p1a: Poliwrath|0 fnt
|-damage|p2a: Liepard|72/100|[from] item: Life Orb
|faint|p1a: Poliwrath
|
|upkeep
|
|t:|1607327849
|switch|p1a: mommy milkers|Miltank, F|75/100
|-damage|p1a: mommy milkers|63/100|[from] Spikes
|-damage|p1a: mommy milkers|50/100|[from] Stealth Rock
|turn|32
|
|t:|1607327856
|move|p2a: Liepard|Knock Off|p1a: mommy milkers
|-damage|p1a: mommy milkers|24/100
|-damage|p2a: Liepard|62/100|[from] item: Life Orb
|move|p1a: mommy milkers|Milk Drink|p1a: mommy milkers
|-heal|p1a: mommy milkers|74/100
|
|upkeep
|turn|33
|
|t:|1607327863
|move|p2a: Liepard|Copycat|p2a: Liepard
|move|p2a: Liepard|Milk Drink|p2a: Liepard|[from]move: Copycat
|-heal|p2a: Liepard|100/100
|move|p1a: mommy milkers|Seismic Toss|p2a: Liepard
|-damage|p2a: Liepard|63/100
|
|upkeep
|turn|34
|
|t:|1607327869
|move|p2a: Liepard|Knock Off|p1a: mommy milkers
|-damage|p1a: mommy milkers|49/100
|-damage|p2a: Liepard|54/100|[from] item: Life Orb
|move|p1a: mommy milkers|Seismic Toss|p2a: Liepard
|-damage|p2a: Liepard|16/100
|
|upkeep
|turn|35
|
|t:|1607327873
|move|p2a: Liepard|Gunk Shot|p1a: mommy milkers
|-damage|p1a: mommy milkers|18/100
|-damage|p2a: Liepard|7/100|[from] item: Life Orb
|move|p1a: mommy milkers|Milk Drink|p1a: mommy milkers
|-heal|p1a: mommy milkers|68/100
|
|upkeep
|turn|36
|
|t:|1607327880
|move|p2a: Liepard|Copycat|p2a: Liepard
|move|p2a: Liepard|Milk Drink|p2a: Liepard|[from]move: Copycat
|-heal|p2a: Liepard|57/100
|move|p1a: mommy milkers|Seismic Toss|p2a: Liepard
|-damage|p2a: Liepard|20/100
|
|upkeep
|turn|37
|
|t:|1607327892
|move|p2a: Liepard|Copycat|p2a: Liepard
|move|p2a: Liepard|Seismic Toss|p1a: mommy milkers|[from]move: Copycat
|-damage|p1a: mommy milkers|43/100
|-damage|p2a: Liepard|10/100|[from] item: Life Orb
|move|p1a: mommy milkers|Substitute|p1a: mommy milkers
|-start|p1a: mommy milkers|Substitute
|-damage|p1a: mommy milkers|18/100
|
|upkeep
|turn|38
|
|t:|1607327899
|move|p2a: Liepard|Knock Off|p1a: mommy milkers
|-end|p1a: mommy milkers|Substitute
|-damage|p2a: Liepard|0 fnt|[from] item: Life Orb
|faint|p2a: Liepard
|move|p1a: mommy milkers|Milk Drink|p1a: mommy milkers
|-heal|p1a: mommy milkers|68/100
|
|upkeep
|
|t:|1607327904
|switch|p2a: Togedemaru|Togedemaru, M|100/100
|turn|39
|
|t:|1607327907
|move|p2a: Togedemaru|Zing Zap|p1a: mommy milkers
|-damage|p1a: mommy milkers|43/100
|move|p1a: mommy milkers|Milk Drink|p1a: mommy milkers
|-heal|p1a: mommy milkers|93/100
|
|upkeep
|turn|40
|
|t:|1607327910
|move|p2a: Togedemaru|Zing Zap|p1a: mommy milkers
|-damage|p1a: mommy milkers|66/100
|move|p1a: mommy milkers|Seismic Toss|p2a: Togedemaru
|-damage|p2a: Togedemaru|64/100
|-damage|p1a: mommy milkers|53/100|[from] ability: Iron Barbs|[of] p2a: Togedemaru
|
|upkeep
|turn|41
|
|t:|1607327915
|move|p2a: Togedemaru|Zing Zap|p1a: mommy milkers
|-damage|p1a: mommy milkers|24/100
|move|p1a: mommy milkers|Milk Drink|p1a: mommy milkers
|-heal|p1a: mommy milkers|74/100
|
|upkeep
|turn|42
|
|t:|1607327921
|move|p2a: Togedemaru|Zing Zap|p1a: mommy milkers
|-damage|p1a: mommy milkers|48/100
|cant|p1a: mommy milkers|flinch
|
|upkeep
|turn|43
|
|t:|1607327925
|move|p2a: Togedemaru|Zing Zap|p1a: mommy milkers
|-damage|p1a: mommy milkers|23/100
|move|p1a: mommy milkers|Milk Drink|p1a: mommy milkers
|-heal|p1a: mommy milkers|73/100
|
|upkeep
|turn|44
|
|t:|1607327930
|move|p2a: Togedemaru|Zing Zap|p1a: mommy milkers
|-damage|p1a: mommy milkers|48/100
|move|p1a: mommy milkers|Milk Drink|p1a: mommy milkers
|-heal|p1a: mommy milkers|98/100
|
|upkeep
|turn|45
|
|t:|1607327934
|move|p2a: Togedemaru|Zing Zap|p1a: mommy milkers
|-damage|p1a: mommy milkers|72/100
|cant|p1a: mommy milkers|flinch
|
|upkeep
|turn|46
|
|t:|1607327938
|move|p2a: Togedemaru|Zing Zap|p1a: mommy milkers
|-damage|p1a: mommy milkers|45/100
|cant|p1a: mommy milkers|flinch
|
|upkeep
|turn|47
|
|t:|1607327943
|move|p2a: Togedemaru|Zing Zap|p1a: mommy milkers
|-damage|p1a: mommy milkers|16/100
|cant|p1a: mommy milkers|flinch
|
|upkeep
|turn|48
|
|t:|1607327947
|move|p2a: Togedemaru|Zing Zap|p1a: mommy milkers
|-damage|p1a: mommy milkers|0 fnt
|faint|p1a: mommy milkers
|
|win|slutsponk
|l|☆eve simp
|c|☆slutsponk|Gg
|raw|eve simp's rating: 1244 &rarr; <strong>1215</strong><br />(-29 for losing)
|raw|slutsponk's rating: 1190 &rarr; <strong>1219</strong><br />(+29 for winning)
