|j|☆eruza02
|j|☆cafay sukray
|t:|1643658260
|gametype|singles
|player|p1|eruza02|hooligans|1314
|player|p2|cafay sukray|swimmer-gen4dp|1458
|teamsize|p1|6
|teamsize|p2|6
|gen|8
|tier|[Gen 8] PU
|rated|
|rule|Sleep Clause Mod: Limit one foe put to sleep
|rule|Species Clause: Limit one of each Pokémon
|rule|OHKO Clause: OHKO moves are banned
|rule|Evasion Moves Clause: Evasion moves are banned
|rule|Endless Battle Clause: Forcing endless battles is banned
|rule|HP Percentage Mod: HP is shown in percentages
|rule|Dynamax Clause: You cannot dynamax
|clearpoke
|poke|p1|Regirock|
|poke|p1|Regice|
|poke|p1|Whimsicott, M|
|poke|p1|Articuno-Galar|
|poke|p1|Quagsire, F|
|poke|p1|Cofagrigus, F|
|poke|p2|Gigalith, F|
|poke|p2|Espeon, M|
|poke|p2|Weezing, M|
|poke|p2|Sandslash, F|
|poke|p2|Lurantis, F|
|poke|p2|Ribombee, F|
|teampreview
|inactive|Battle timer is ON: inactive players will automatically lose when time's up. (requested by eruza02)
|
|t:|1643658284
|start
|switch|p1a: Regirock|Regirock|100/100
|switch|p2a: Lurantis|Lurantis, F|100/100
|turn|1
|
|t:|1643658291
|move|p1a: Regirock|Explosion|p2a: Lurantis
|-crit|p2a: Lurantis
|-damage|p2a: Lurantis|0 fnt
|faint|p1a: Regirock
|faint|p2a: Lurantis
|
|upkeep
|
|t:|1643658301
|switch|p1a: Quagsire|Quagsire, F|100/100
|switch|p2a: Gigalith|Gigalith, F|100/100
|-weather|Sandstorm|[from] ability: Sand Stream|[of] p2a: Gigalith
|turn|2
|
|t:|1643658307
|move|p1a: Quagsire|Earthquake|p2a: Gigalith
|-supereffective|p2a: Gigalith
|-damage|p2a: Gigalith|23/100
|-damage|p1a: Quagsire|91/100|[from] item: Life Orb
|move|p2a: Gigalith|Toxic|p1a: Quagsire
|-status|p1a: Quagsire|tox
|
|-weather|Sandstorm|[upkeep]
|-damage|p1a: Quagsire|85/100 tox|[from] psn
|upkeep
|turn|3
|
|t:|1643658318
|switch|p1a: Whimsicott|Whimsicott, M|100/100
|switch|p2a: Weezing|Weezing, M|100/100
|-ability|p2a: Weezing|Neutralizing Gas
|
|-weather|Sandstorm|[upkeep]
|-damage|p1a: Whimsicott|94/100|[from] Sandstorm
|-damage|p2a: Weezing|95/100|[from] Sandstorm
|upkeep
|turn|4
|
|t:|1643658329
|switch|p1a: Regice|Regice|100/100
|move|p2a: Weezing|Sludge Bomb|p1a: Regice
|-damage|p1a: Regice|86/100
|
|-weather|Sandstorm|[upkeep]
|-damage|p2a: Weezing|89/100|[from] Sandstorm
|-damage|p1a: Regice|80/100|[from] Sandstorm
|upkeep
|turn|5
|
|t:|1643658344
|-end|p2a: Weezing|ability: Neutralizing Gas
|switch|p2a: Ribombee|Ribombee, F|100/100
|move|p1a: Regice|Ice Beam|p2a: Ribombee
|-damage|p2a: Ribombee|4/100
|
|-weather|Sandstorm|[upkeep]
|-damage|p2a: Ribombee|0 fnt|[from] Sandstorm
|-damage|p1a: Regice|74/100|[from] Sandstorm
|faint|p2a: Ribombee
|upkeep
|
|t:|1643658348
|switch|p2a: Sandslash|Sandslash, F|100/100
|turn|6
|
|t:|1643658357
|move|p2a: Sandslash|Stone Edge|p1a: Regice
|-supereffective|p1a: Regice
|-damage|p1a: Regice|0 fnt
|faint|p1a: Regice
|
|-weather|Sandstorm|[upkeep]
|upkeep
|
|t:|1643658364
|switch|p1a: Quagsire|Quagsire, F|85/100 tox
|turn|7
|
|t:|1643658368
|switch|p2a: Weezing|Weezing, M|89/100
|-ability|p2a: Weezing|Neutralizing Gas
|move|p1a: Quagsire|Liquidation|p2a: Weezing
|-damage|p2a: Weezing|53/100
|-damage|p1a: Quagsire|68/100 tox|[from] item: Rocky Helmet|[of] p2a: Weezing
|-damage|p1a: Quagsire|58/100 tox|[from] item: Life Orb
|
|-weather|Sandstorm|[upkeep]
|-damage|p2a: Weezing|47/100|[from] Sandstorm
|-damage|p1a: Quagsire|52/100 tox|[from] psn
|upkeep
|turn|8
|
|t:|1643658381
|move|p2a: Weezing|Sludge Bomb|p1a: Quagsire
|-resisted|p1a: Quagsire
|-damage|p1a: Quagsire|37/100 tox
|move|p1a: Quagsire|Liquidation|p2a: Weezing
|-damage|p2a: Weezing|11/100
|-damage|p1a: Quagsire|20/100 tox|[from] item: Rocky Helmet|[of] p2a: Weezing
|-damage|p1a: Quagsire|10/100 tox|[from] item: Life Orb
|
|-weather|Sandstorm|[upkeep]
|-damage|p2a: Weezing|5/100|[from] Sandstorm
|-damage|p1a: Quagsire|0 fnt|[from] psn
|faint|p1a: Quagsire
|upkeep
|
|t:|1643658394
|switch|p1a: Whimsicott|Whimsicott, M|94/100
|turn|9
|
|t:|1643658398
|move|p1a: Whimsicott|Moonblast|p2a: Weezing
|-resisted|p2a: Weezing
|-damage|p2a: Weezing|0 fnt
|faint|p2a: Weezing
|-end|p2a: Weezing|ability: Neutralizing Gas
|
|-weather|none
|upkeep
|
|t:|1643658400
|switch|p2a: Gigalith|Gigalith, F|23/100
|-weather|Sandstorm|[from] ability: Sand Stream|[of] p2a: Gigalith
|turn|10
|
|t:|1643658408
|move|p1a: Whimsicott|Energy Ball|p2a: Gigalith
|-supereffective|p2a: Gigalith
|-damage|p2a: Gigalith|0 fnt
|faint|p2a: Gigalith
|
|-weather|Sandstorm|[upkeep]
|-damage|p1a: Whimsicott|88/100|[from] Sandstorm
|upkeep
|
|t:|1643658413
|switch|p2a: Espeon|Espeon, M|100/100
|turn|11
|
|t:|1643658419
|switch|p1a: Articuno|Articuno-Galar|100/100
|move|p2a: Espeon|Shadow Ball|p1a: Articuno
|-supereffective|p1a: Articuno
|-damage|p1a: Articuno|14/100
|
|-weather|Sandstorm|[upkeep]
|-damage|p2a: Espeon|94/100|[from] Sandstorm
|-damage|p1a: Articuno|8/100|[from] Sandstorm
|upkeep
|turn|12
|
|t:|1643658429
|move|p2a: Espeon|Shadow Ball|p1a: Articuno
|-supereffective|p1a: Articuno
|-damage|p1a: Articuno|0 fnt
|faint|p1a: Articuno
|
|-weather|Sandstorm|[upkeep]
|-damage|p2a: Espeon|88/100|[from] Sandstorm
|upkeep
|
|t:|1643658437
|switch|p1a: Cofagrigus|Cofagrigus, F|100/100
|turn|13
|
|t:|1643658440
|move|p2a: Espeon|Shadow Ball|p1a: Cofagrigus
|-supereffective|p1a: Cofagrigus
|-damage|p1a: Cofagrigus|14/100
|move|p1a: Cofagrigus|Shadow Ball|p2a: Espeon
|-supereffective|p2a: Espeon
|-damage|p2a: Espeon|0 fnt
|faint|p2a: Espeon
|-damage|p1a: Cofagrigus|4/100|[from] item: Life Orb
|
|-weather|Sandstorm|[upkeep]
|-damage|p1a: Cofagrigus|0 fnt|[from] Sandstorm
|faint|p1a: Cofagrigus
|upkeep
|
|t:|1643658453
|switch|p2a: Sandslash|Sandslash, F|100/100
|switch|p1a: Whimsicott|Whimsicott, M|88/100
|turn|14
|
|t:|1643658459
|move|p2a: Sandslash|Stone Edge|p1a: Whimsicott
|-damage|p1a: Whimsicott|23/100
|move|p1a: Whimsicott|Energy Ball|p2a: Sandslash
|-supereffective|p2a: Sandslash
|-damage|p2a: Sandslash|0 fnt
|faint|p2a: Sandslash
|
|win|eruza02
|raw|eruza02's rating: 1314 &rarr; <strong>1342</strong><br />(+28 for winning)
|raw|cafay sukray's rating: 1458 &rarr; <strong>1430</strong><br />(-28 for losing)
||Ladder isn't responding, score probably updated but might not have (Request timeout).
