|j|☆Jmash324
|j|☆ShuckleDeath
|t:|1656292806
|gametype|singles
|player|p1|Jmash324|lucas|
|player|p2|ShuckleDeath|pokekidf-gen8|
|teamsize|p1|6
|teamsize|p2|6
|gen|8
|tier|[Gen 8] PU
|rated|Tournament battle
|rule|Sleep Clause Mod: Limit one foe put to sleep
|rule|Species Clause: Limit one of each Pokémon
|rule|OHKO Clause: OHKO moves are banned
|rule|Evasion Moves Clause: Evasion moves are banned
|rule|Endless Battle Clause: Forcing endless battles is banned
|rule|HP Percentage Mod: HP is shown in percentages
|rule|Dynamax Clause: You cannot dynamax
|clearpoke
|poke|p1|Claydol|
|poke|p1|Sneasel, M|
|poke|p1|Silvally-*|
|poke|p1|Lanturn, M|
|poke|p1|Aggron, M|
|poke|p1|Gourgeist-*, F|
|poke|p2|Altaria, F|
|poke|p2|Ferroseed, F|
|poke|p2|Trevenant, F|
|poke|p2|Cinccino, F|
|poke|p2|Regirock|
|poke|p2|Quagsire, M|
|teampreview
|j|+HJAD
|c|+HJAD|jsmash living up to character here
|j| Kimun_Kamui
|c|☆Jmash324|am I now
|c|☆ShuckleDeath|they been together for 28 years
|c| Kimun_Kamui|Aaaaaaaaa
|c|☆Jmash324|I probably should’ve lost the last two games lmfao
|c| Kimun_Kamui|My team was so good against this one
|c|☆Jmash324|this team omega loses to cofagrigus
|c| Kimun_Kamui|But good luck
|
|t:|1656292880
|start
|switch|p1a: Gourgeist|Gourgeist-Super, F|100/100
|switch|p2a: Fluffer Butt|Cinccino, F|100/100
|-item|p2a: Fluffer Butt|Protective Pads|[from] ability: Frisk|[of] p1a: Gourgeist|[identify]
|turn|1
|c| Kimun_Kamui|You get luck to won so you should keep winning to I think was skill
|
|t:|1656292906
|switch|p1a: Aggron|Aggron, M|100/100
|move|p2a: Fluffer Butt|U-turn|p1a: Aggron
|-resisted|p1a: Aggron
|-damage|p1a: Aggron|95/100
|
|t:|1656292918
|switch|p2a: Spooky Tree|Trevenant, F|100/100|[from]move: U-turn
|
|-heal|p1a: Aggron|100/100|[from] item: Leftovers
|upkeep
|turn|2
|c|+HJAD|speaking of omega losing
|
|t:|1656292947
|move|p2a: Spooky Tree|Earthquake|p1a: Aggron
|-supereffective|p1a: Aggron
|-damage|p1a: Aggron|0 fnt
|faint|p1a: Aggron
|
|upkeep
|
|t:|1656292952
|switch|p1a: Sneasel|Sneasel, M|100/100
|turn|3
|
|t:|1656292955
|switch|p2a: Newt|Quagsire, M|100/100
|move|p1a: Sneasel|Knock Off|p2a: Newt
|-damage|p2a: Newt|61/100
|-enditem|p2a: Newt|Heavy-Duty Boots|[from] move: Knock Off|[of] p1a: Sneasel
|
|upkeep
|turn|4
|
|t:|1656292964
|switch|p1a: Gourgeist|Gourgeist-Super, F|100/100
|move|p2a: Newt|Recover|p2a: Newt
|-heal|p2a: Newt|100/100
|
|upkeep
|turn|5
|
|t:|1656292971
|switch|p2a: Dwagon|Altaria, F|100/100
|move|p1a: Gourgeist|Poltergeist|p2a: Dwagon
|-activate|p2a: Dwagon|move: Poltergeist|Heavy-Duty Boots
|-damage|p2a: Dwagon|32/100
|
|upkeep
|turn|6
|
|t:|1656293000
|switch|p2a: Fluffer Butt|Cinccino, F|100/100
|switch|p1a: Lanturn|Lanturn, M|100/100
|
|upkeep
|turn|7
|
|t:|1656293015
|move|p1a: Lanturn|Protect|p1a: Lanturn
|-singleturn|p1a: Lanturn|Protect
|move|p2a: Fluffer Butt|U-turn|p1a: Lanturn
|-activate|p1a: Lanturn|move: Protect
|
|upkeep
|turn|8
|
|t:|1656293027
|move|p2a: Fluffer Butt|Tail Slap|p1a: Lanturn
|-damage|p1a: Lanturn|84/100
|-damage|p1a: Lanturn|68/100
|-hitcount|p1a: Lanturn|2
|move|p1a: Lanturn|Volt Switch|p2a: Fluffer Butt
|-damage|p2a: Fluffer Butt|65/100
|c|☆Jmash324|ah
|
|t:|1656293050
|switch|p1a: Claydol|Claydol|100/100|[from]move: Volt Switch
|
|upkeep
|turn|9
|
|t:|1656293055
|move|p2a: Fluffer Butt|Triple Axel|p1a: Claydol
|-supereffective|p1a: Claydol
|-damage|p1a: Claydol|86/100
|-supereffective|p1a: Claydol
|-damage|p1a: Claydol|60/100
|-supereffective|p1a: Claydol
|-damage|p1a: Claydol|20/100
|-hitcount|p1a: Claydol|3
|move|p1a: Claydol|Body Press|p2a: Fluffer Butt
|-supereffective|p2a: Fluffer Butt
|-damage|p2a: Fluffer Butt|0 fnt
|faint|p2a: Fluffer Butt
|
|-heal|p1a: Claydol|26/100|[from] item: Leftovers
|upkeep
|c|+HJAD|the pads clearly not protective enough
|
|t:|1656293072
|switch|p2a: Spooky Tree|Trevenant, F|100/100
|turn|10
|
|t:|1656293077
|move|p2a: Spooky Tree|Poltergeist|p1a: Claydol
|-activate|p1a: Claydol|move: Poltergeist|Leftovers
|-supereffective|p1a: Claydol
|-damage|p1a: Claydol|0 fnt
|faint|p1a: Claydol
|
|upkeep
|
|t:|1656293084
|switch|p1a: Sneasel|Sneasel, M|100/100
|turn|11
|
|t:|1656293088
|switch|p2a: Newt|Quagsire, M|100/100
|move|p1a: Sneasel|Triple Axel|p2a: Newt
|-damage|p2a: Newt|92/100
|-damage|p2a: Newt|74/100
|-damage|p2a: Newt|49/100
|-hitcount|p2a: Newt|3
|
|upkeep
|turn|12
|
|t:|1656293100
|switch|p1a: Gourgeist|Gourgeist-Super, F|100/100
|switch|p2a: La Semilla|Ferroseed, F|100/100
|
|upkeep
|turn|13
|
|t:|1656293106
|move|p1a: Gourgeist|Poltergeist|p2a: La Semilla
|-activate|p2a: La Semilla|move: Poltergeist|Eviolite
|-damage|p2a: La Semilla|65/100
|move|p2a: La Semilla|Spikes|p1a: Gourgeist
|-sidestart|p1: Jmash324|Spikes
|
|upkeep
|turn|14
|
|t:|1656293125
|move|p1a: Gourgeist|Poltergeist|p2a: La Semilla
|-activate|p2a: La Semilla|move: Poltergeist|Eviolite
|-damage|p2a: La Semilla|28/100
|move|p2a: La Semilla|Gyro Ball|p1a: Gourgeist
|-crit|p1a: Gourgeist
|-damage|p1a: Gourgeist|63/100
|
|upkeep
|turn|15
|
|t:|1656293138
|move|p1a: Gourgeist|Synthesis|p1a: Gourgeist
|-heal|p1a: Gourgeist|100/100
|move|p2a: La Semilla|Gyro Ball|p1a: Gourgeist
|-damage|p1a: Gourgeist|73/100
|
|upkeep
|turn|16
|
|t:|1656293146
|move|p1a: Gourgeist|Poltergeist|p2a: La Semilla
|-activate|p2a: La Semilla|move: Poltergeist|Eviolite
|-damage|p2a: La Semilla|0 fnt
|faint|p2a: La Semilla
|
|upkeep
|
|t:|1656293158
|switch|p2a: Dwagon|Altaria, F|32/100
|turn|17
|
|t:|1656293166
|switch|p1a: Silvally|Silvally-Fairy|100/100
|-damage|p1a: Silvally|88/100|[from] Spikes
|move|p2a: Dwagon|Dual Wingbeat|p1a: Silvally
|-damage|p1a: Silvally|77/100
|-damage|p1a: Silvally|65/100
|-hitcount|p1a: Silvally|2
|
|upkeep
|turn|18
|
|t:|1656293187
|switch|p2a: Lump|Regirock|100/100
|move|p1a: Silvally|Swords Dance|p1a: Silvally
|-boost|p1a: Silvally|atk|2
|
|upkeep
|turn|19
|
|t:|1656293193
|move|p1a: Silvally|Multi-Attack|p2a: Lump
|-damage|p2a: Lump|58/100
|move|p2a: Lump|Toxic|p1a: Silvally
|-status|p1a: Silvally|tox
|
|-heal|p2a: Lump|65/100|[from] item: Leftovers
|-damage|p1a: Silvally|59/100 tox|[from] psn
|upkeep
|turn|20
|
|t:|1656293205
|switch|p1a: Gourgeist|Gourgeist-Super, F|73/100
|-damage|p1a: Gourgeist|61/100|[from] Spikes
|-item|p2a: Lump|Leftovers|[from] ability: Frisk|[of] p1a: Gourgeist|[identify]
|move|p2a: Lump|Stealth Rock|p1a: Gourgeist
|-sidestart|p1: Jmash324|move: Stealth Rock
|
|-heal|p2a: Lump|71/100|[from] item: Leftovers
|upkeep
|turn|21
|
|t:|1656293213
|move|p1a: Gourgeist|Power Whip|p2a: Lump
|-supereffective|p2a: Lump
|-damage|p2a: Lump|19/100
|move|p2a: Lump|Toxic|p1a: Gourgeist
|-status|p1a: Gourgeist|tox
|
|-heal|p2a: Lump|25/100|[from] item: Leftovers
|-damage|p1a: Gourgeist|55/100 tox|[from] psn
|upkeep
|turn|22
|
|t:|1656293227
|move|p1a: Gourgeist|Poltergeist|p2a: Lump
|-activate|p2a: Lump|move: Poltergeist|Leftovers
|-damage|p2a: Lump|0 fnt
|faint|p2a: Lump
|
|-damage|p1a: Gourgeist|43/100 tox|[from] psn
|upkeep
|
|t:|1656293234
|switch|p2a: Dwagon|Altaria, F|32/100
|turn|23
|
|t:|1656293243
|switch|p1a: Lanturn|Lanturn, M|68/100
|-damage|p1a: Lanturn|56/100|[from] Spikes
|-damage|p1a: Lanturn|43/100|[from] Stealth Rock
|move|p2a: Dwagon|Roost|p2a: Dwagon
|-heal|p2a: Dwagon|82/100
|-singleturn|p2a: Dwagon|move: Roost
|
|-heal|p1a: Lanturn|49/100|[from] item: Leftovers
|upkeep
|turn|24
|
|t:|1656293254
|move|p2a: Dwagon|Dragon Dance|p2a: Dwagon
|-boost|p2a: Dwagon|atk|1
|-boost|p2a: Dwagon|spe|1
|move|p1a: Lanturn|Heal Bell|p1a: Lanturn
|-activate|p1a: Lanturn|move: Heal Bell
|-curestatus|p1: Silvally|tox|[msg]
|-curestatus|p1: Gourgeist|tox|[msg]
|
|-heal|p1a: Lanturn|55/100|[from] item: Leftovers
|upkeep
|turn|25
|
|t:|1656293265
|move|p2a: Dwagon|Earthquake|p1a: Lanturn
|-supereffective|p1a: Lanturn
|-damage|p1a: Lanturn|1/100
|move|p1a: Lanturn|Volt Switch|p2a: Dwagon
|-damage|p2a: Dwagon|69/100
|c|☆Jmash324|wow this mon sucks
|
|t:|1656293280
|switch|p1a: Sneasel|Sneasel, M|100/100|[from]move: Volt Switch
|-damage|p1a: Sneasel|88/100|[from] Spikes
|-damage|p1a: Sneasel|63/100|[from] Stealth Rock
|
|upkeep
|turn|26
|
|t:|1656293302
|switch|p2a: Spooky Tree|Trevenant, F|100/100
|move|p1a: Sneasel|Ice Shard|p2a: Spooky Tree
|-supereffective|p2a: Spooky Tree
|-damage|p2a: Spooky Tree|27/100
|
|upkeep
|turn|27
|c| Kimun_Kamui|Man, GG
|
|t:|1656293308
|move|p1a: Sneasel|Ice Shard|p2a: Spooky Tree
|-supereffective|p2a: Spooky Tree
|-damage|p2a: Spooky Tree|0 fnt
|faint|p2a: Spooky Tree
|
|upkeep
|
|t:|1656293316
|switch|p2a: Newt|Quagsire, M|49/100
|turn|28
|
|t:|1656293324
|switch|p1a: Lanturn|Lanturn, M|1/100
|-damage|p1a: Lanturn|0 fnt|[from] Spikes
|faint|p1a: Lanturn
|switch|p2a: Dwagon|Altaria, F|69/100
|
|upkeep
|
|t:|1656293329
|switch|p1a: Silvally|Silvally-Fairy|59/100
|-damage|p1a: Silvally|47/100|[from] Spikes
|-damage|p1a: Silvally|34/100|[from] Stealth Rock
|turn|29
|
|t:|1656293339
|switch|p2a: Newt|Quagsire, M|49/100
|move|p1a: Silvally|Multi-Attack|p2a: Newt
|-damage|p2a: Newt|12/100
|
|upkeep
|turn|30
|
|t:|1656293348
|move|p1a: Silvally|Multi-Attack|p2a: Newt
|-damage|p2a: Newt|0 fnt
|faint|p2a: Newt
|
|upkeep
|
|t:|1656293352
|switch|p2a: Dwagon|Altaria, F|69/100
|turn|31
|
|t:|1656293356
|move|p1a: Silvally|Multi-Attack|p2a: Dwagon
|-supereffective|p2a: Dwagon
|-damage|p2a: Dwagon|0 fnt
|faint|p2a: Dwagon
|
|win|Jmash324
|n|☆Jmash324|jmash324
|n|☆ShuckleDeath|shuckledeath
|n|+HJAD|hjad
|n| Kimun_Kamui|kimunkamui
