|html|<div class="broadcast-blue"><strong>[Gen 8] PU is currently suspecting Virizion! For information on how to participate check out the <a href="https://www.smogon.com/forums/threads/np-pu-stage-4-and-justice-for-all-virizion-suspect-test.3676543/">suspect thread</a>.</strong></div>
|j|☆Testpu12
|j|☆k8ppy
|t:|1611696482
|player|p1|Testpu12|lucas|1444
|player|p2|k8ppy|juggler|1485
|teamsize|p1|6
|teamsize|p2|6
|gametype|singles
|gen|8
|tier|[Gen 8] PU
|rated|
|clearpoke
|poke|p1|Omastar, F|
|poke|p1|Silvally-*|
|poke|p1|Galvantula, M|
|poke|p1|Weezing, F|
|poke|p1|Claydol|
|poke|p1|Kubfu, M|
|poke|p2|Jellicent, M|
|poke|p2|Rhydon, F|
|poke|p2|Ferroseed, M|
|poke|p2|Xatu, M|
|poke|p2|Passimian, M|
|poke|p2|Scyther, F|
|rule|Sleep Clause Mod: Limit one foe put to sleep
|rule|Species Clause: Limit one of each Pokémon
|rule|OHKO Clause: OHKO moves are banned
|rule|Evasion Moves Clause: Evasion moves are banned
|rule|Endless Battle Clause: Forcing endless battles is banned
|rule|HP Percentage Mod: HP is shown in percentages
|rule|Dynamax Clause: You cannot dynamax
|teampreview
|inactive|Battle timer is ON: inactive players will automatically lose when time's up. (requested by k8ppy)
|
|t:|1611696502
|start
|switch|p1a: Omastar|Omastar, F|100/100
|switch|p2a: Passimian|Passimian, M|100/100
|turn|1
|j| A3720
|j| Hiker Justin
|inactive|k8ppy has 120 seconds left.
|
|t:|1611696534
|switch|p1a: Weezing|Weezing, F|100/100
|move|p2a: Passimian|U-turn|p1a: Weezing
|-resisted|p1a: Weezing
|-crit|p1a: Weezing
|-damage|p1a: Weezing|86/100
|-damage|p2a: Passimian|84/100|[from] item: Rocky Helmet|[of] p1a: Weezing
|inactive|k8ppy has 120 seconds left.
|
|t:|1611696539
|switch|p2a: Xatu|Xatu, M|100/100|[from]move: U-turn
|
|upkeep
|turn|2
|
|t:|1611696550
|move|p2a: Xatu|Psychic|p1a: Weezing
|-supereffective|p1a: Weezing
|-damage|p1a: Weezing|1/100
|-unboost|p1a: Weezing|spd|1
|move|p1a: Weezing|Sludge Bomb|p2a: Xatu
|-damage|p2a: Xatu|62/100
|
|upkeep
|turn|3
|
|t:|1611696556
|switch|p1a: Claydol|Claydol|100/100
|move|p2a: Xatu|Psychic|p1a: Claydol
|-resisted|p1a: Claydol
|-damage|p1a: Claydol|90/100
|
|-heal|p1a: Claydol|96/100|[from] item: Leftovers
|upkeep
|turn|4
|
|t:|1611696561
|move|p2a: Xatu|Roost|p2a: Xatu
|-heal|p2a: Xatu|100/100
|-singleturn|p2a: Xatu|move: Roost
|move|p1a: Claydol|Future Sight|p2a: Xatu
|-start|p1a: Claydol|move: Future Sight
|
|-heal|p1a: Claydol|100/100|[from] item: Leftovers
|upkeep
|turn|5
|
|t:|1611696573
|switch|p1a: Galvantula|Galvantula, M|100/100
|move|p2a: Xatu|Toxic|p1a: Galvantula
|-status|p1a: Galvantula|tox
|
|-damage|p1a: Galvantula|94/100 tox|[from] psn
|upkeep
|turn|6
|
|t:|1611696587
|switch|p2a: Ferroseed|Ferroseed, M|100/100
|move|p1a: Galvantula|Volt Switch|p2a: Ferroseed
|-resisted|p2a: Ferroseed
|-damage|p2a: Ferroseed|91/100
|
|t:|1611696591
|switch|p1a: Weezing|Weezing, F|1/100|[from]move: Volt Switch
|
|-end|p2a: Ferroseed|move: Future Sight
|-resisted|p2a: Ferroseed
|-damage|p2a: Ferroseed|82/100
|upkeep
|turn|7
|j| Sweatyspaghetti
|
|t:|1611696604
|switch|p2a: Xatu|Xatu, M|100/100
|move|p1a: Weezing|Pain Split|p2a: Xatu
|-sethp|p2a: Xatu|51/100|[from] move: Pain Split|[silent]
|-sethp|p1a: Weezing|51/100|[from] move: Pain Split
|
|upkeep
|turn|8
|
|t:|1611696617
|switch|p1a: Silvally|Silvally-Ghost|100/100
|move|p2a: Xatu|Roost|p2a: Xatu
|-heal|p2a: Xatu|100/100
|-singleturn|p2a: Xatu|move: Roost
|
|upkeep
|turn|9
|
|t:|1611696627
|switch|p2a: Ferroseed|Ferroseed, M|82/100
|move|p1a: Silvally|Multi-Attack|p2a: Ferroseed
|-damage|p2a: Ferroseed|49/100
|-damage|p1a: Silvally|88/100|[from] ability: Iron Barbs|[of] p2a: Ferroseed
|
|upkeep
|turn|10
|
|t:|1611696637
|move|p1a: Silvally|Swords Dance|p1a: Silvally
|-boost|p1a: Silvally|atk|2
|move|p2a: Ferroseed|Leech Seed|p1a: Silvally
|-start|p1a: Silvally|move: Leech Seed
|
|-damage|p1a: Silvally|76/100|[from] Leech Seed|[of] p2a: Ferroseed
|-heal|p2a: Ferroseed|65/100|[silent]
|upkeep
|turn|11
|
|t:|1611696646
|move|p2a: Ferroseed|Protect|p2a: Ferroseed
|-singleturn|p2a: Ferroseed|Protect
|move|p1a: Silvally|Flame Charge|p2a: Ferroseed
|-activate|p2a: Ferroseed|move: Protect
|
|-damage|p1a: Silvally|64/100|[from] Leech Seed|[of] p2a: Ferroseed
|-heal|p2a: Ferroseed|82/100|[silent]
|upkeep
|turn|12
|
|t:|1611696662
|switch|p2a: Jellicent|Jellicent, M, shiny|100/100
|move|p1a: Silvally|Multi-Attack|p2a: Jellicent
|-supereffective|p2a: Jellicent
|-enditem|p2a: Jellicent|Kasib Berry|[eat]
|-enditem|p2a: Jellicent|Kasib Berry|[weaken]
|-damage|p2a: Jellicent|40/100
|
|-damage|p1a: Silvally|51/100|[from] Leech Seed|[of] p2a: Jellicent
|-heal|p2a: Jellicent|52/100|[silent]
|upkeep
|turn|13
|
|t:|1611696675
|move|p1a: Silvally|Multi-Attack|p2a: Jellicent
|-supereffective|p2a: Jellicent
|-damage|p2a: Jellicent|0 fnt
|faint|p2a: Jellicent
|
|upkeep
|
|t:|1611696687
|switch|p2a: Rhydon|Rhydon, F|100/100
|turn|14
|
|t:|1611696694
|move|p1a: Silvally|U-turn|p2a: Rhydon
|-damage|p2a: Rhydon|84/100
|
|t:|1611696697
|switch|p1a: Claydol|Claydol|100/100|[from]move: U-turn
|move|p2a: Rhydon|Earthquake|p1a: Claydol
|-immune|p1a: Claydol|[from] ability: Levitate
|
|upkeep
|turn|15
|
|t:|1611696704
|switch|p2a: Xatu|Xatu, M|100/100
|switch|p1a: Galvantula|Galvantula, M|94/100 tox
|
|-damage|p1a: Galvantula|88/100 tox|[from] psn
|upkeep
|turn|16
|
|t:|1611696714
|move|p1a: Galvantula|Volt Switch|p2a: Xatu
|-supereffective|p2a: Xatu
|-damage|p2a: Xatu|15/100
|
|t:|1611696721
|switch|p1a: Silvally|Silvally-Ghost|51/100|[from]move: Volt Switch
|move|p2a: Xatu|Teleport|p2a: Xatu
|
|t:|1611696735
|switch|p2a: Rhydon|Rhydon, F|84/100|[from]move: Teleport
|
|upkeep
|turn|17
|
|t:|1611696744
|move|p1a: Silvally|U-turn|p2a: Rhydon
|-damage|p2a: Rhydon|75/100
|
|t:|1611696748
|switch|p1a: Weezing|Weezing, F|51/100|[from]move: U-turn
|move|p2a: Rhydon|Stealth Rock|p1a: Weezing
|-sidestart|p1: Testpu12|move: Stealth Rock
|
|upkeep
|turn|18
|
|t:|1611696761
|switch|p2a: Xatu|Xatu, M|15/100
|move|p1a: Weezing|Sludge Bomb|p2a: Xatu
|-damage|p2a: Xatu|0 fnt
|faint|p2a: Xatu
|
|upkeep
|
|t:|1611696784
|switch|p2a: Ferroseed|Ferroseed, M|82/100
|turn|19
|
|t:|1611696789
|move|p1a: Weezing|Taunt|p2a: Ferroseed
|-start|p2a: Ferroseed|move: Taunt
|cant|p2a: Ferroseed|move: Taunt|Leech Seed
|
|upkeep
|turn|20
|
|t:|1611696800
|move|p1a: Weezing|Toxic Spikes|p2a: Ferroseed
|-sidestart|p2: k8ppy|move: Toxic Spikes
|move|p2a: Ferroseed|Gyro Ball|p1a: Weezing
|-damage|p1a: Weezing|25/100
|-damage|p2a: Ferroseed|65/100|[from] item: Rocky Helmet|[of] p1a: Weezing
|
|upkeep
|turn|21
|
|t:|1611696810
|switch|p2a: Scyther|Scyther, F|100/100
|move|p1a: Weezing|Pain Split|p2a: Scyther
|-sethp|p2a: Scyther|62/100|[from] move: Pain Split|[silent]
|-sethp|p1a: Weezing|64/100|[from] move: Pain Split
|
|upkeep
|turn|22
|
|t:|1611696818
|move|p2a: Scyther|Swords Dance|p2a: Scyther
|-boost|p2a: Scyther|atk|2
|move|p1a: Weezing|Sludge Bomb|p2a: Scyther
|-damage|p2a: Scyther|40/100
|-status|p2a: Scyther|psn
|
|-damage|p2a: Scyther|27/100 psn|[from] psn
|upkeep
|turn|23
|c|☆k8ppy|...
|
|t:|1611696825
|move|p2a: Scyther|Roost|p2a: Scyther
|-heal|p2a: Scyther|77/100 psn
|-singleturn|p2a: Scyther|move: Roost
|move|p1a: Weezing|Taunt|p2a: Scyther
|-start|p2a: Scyther|move: Taunt
|
|-damage|p2a: Scyther|65/100 psn|[from] psn
|upkeep
|turn|24
|
|t:|1611696828
|move|p2a: Scyther|Dual Wingbeat|p1a: Weezing
|-damage|p1a: Weezing|28/100
|-damage|p2a: Scyther|48/100 psn|[from] item: Rocky Helmet|[of] p1a: Weezing
|-damage|p1a: Weezing|0 fnt
|-damage|p2a: Scyther|32/100 psn|[from] item: Rocky Helmet|[of] p1a: Weezing
|-hitcount|p1a: Weezing|2
|faint|p1a: Weezing
|
|-damage|p2a: Scyther|19/100 psn|[from] psn
|upkeep
|
|t:|1611696842
|switch|p1a: Galvantula|Galvantula, M|88/100 tox
|turn|25
|
|t:|1611696853
|switch|p2a: Rhydon|Rhydon, F|75/100
|-status|p2a: Rhydon|psn
|move|p1a: Galvantula|Bug Buzz|p2a: Rhydon
|-damage|p2a: Rhydon|30/100 psn
|
|-damage|p1a: Galvantula|82/100 tox|[from] psn
|-damage|p2a: Rhydon|17/100 psn|[from] psn
|upkeep
|turn|26
|
|t:|1611696870
|move|p1a: Galvantula|Bug Buzz|p2a: Rhydon
|-damage|p2a: Rhydon|0 fnt
|faint|p2a: Rhydon
|
|-damage|p1a: Galvantula|70/100 tox|[from] psn
|upkeep
|
|t:|1611696884
|switch|p2a: Passimian|Passimian, M|84/100
|-status|p2a: Passimian|psn
|turn|27
|
|t:|1611696900
|switch|p1a: Silvally|Silvally-Ghost|51/100
|-damage|p1a: Silvally|39/100|[from] Stealth Rock
|move|p2a: Passimian|Knock Off|p1a: Silvally
|-supereffective|p1a: Silvally
|-damage|p1a: Silvally|2/100
|
|-damage|p2a: Passimian|72/100 psn|[from] psn
|upkeep
|turn|28
|
|t:|1611696906
|move|p2a: Passimian|Knock Off|p1a: Silvally
|-supereffective|p1a: Silvally
|-damage|p1a: Silvally|0 fnt
|faint|p1a: Silvally
|
|-damage|p2a: Passimian|59/100 psn|[from] psn
|upkeep
|
|t:|1611696908
|switch|p1a: Kubfu|Kubfu, M|100/100
|-damage|p1a: Kubfu|94/100|[from] Stealth Rock
|turn|29
|
|t:|1611696916
|switch|p2a: Ferroseed|Ferroseed, M|65/100
|move|p1a: Kubfu|Close Combat|p2a: Ferroseed
|-supereffective|p2a: Ferroseed
|-damage|p2a: Ferroseed|0 fnt
|-unboost|p1a: Kubfu|def|1
|-unboost|p1a: Kubfu|spd|1
|-damage|p1a: Kubfu|82/100|[from] ability: Iron Barbs|[of] p2a: Ferroseed
|faint|p2a: Ferroseed
|
|upkeep
|
|t:|1611696919
|switch|p2a: Scyther|Scyther, F|19/100 psn
|turn|30
|
|t:|1611696927
|switch|p1a: Omastar|Omastar, F|100/100
|-damage|p1a: Omastar|88/100|[from] Stealth Rock
|move|p2a: Scyther|Roost|p2a: Scyther
|-heal|p2a: Scyther|69/100 psn
|-singleturn|p2a: Scyther|move: Roost
|
|-damage|p2a: Scyther|57/100 psn|[from] psn
|upkeep
|turn|31
|
|t:|1611696941
|switch|p2a: Passimian|Passimian, M|59/100 psn
|move|p1a: Omastar|Meteor Beam||[still]
|-prepare|p1a: Omastar|Meteor Beam
|-boost|p1a: Omastar|spa|1
|-enditem|p1a: Omastar|Power Herb
|-anim|p1a: Omastar|Meteor Beam|p2a: Passimian
|-resisted|p2a: Passimian
|-damage|p2a: Passimian|0 fnt
|faint|p2a: Passimian
|
|upkeep
|-message|k8ppy forfeited.
|
|win|Testpu12
|l|☆k8ppy
|c|☆Testpu12|Kubfu nice mon
|c|☆Testpu12|too op
||Ladder (probably) updated, but score could not be retrieved (Request timeout).
