|j|☆RedWave2024
|j|☆yassy slay
|t:|1653954587
|gametype|singles
|player|p1|RedWave2024|veteran|1301
|player|p2|yassy slay|1|1586
|teamsize|p1|6
|teamsize|p2|6
|gen|8
|tier|[Gen 8] PU
|rated|
|rule|Sleep Clause Mod: Limit one foe put to sleep
|rule|Species Clause: Limit one of each Pokémon
|rule|OHKO Clause: OHKO moves are banned
|rule|Evasion Moves Clause: Evasion moves are banned
|rule|Endless Battle Clause: Forcing endless battles is banned
|rule|HP Percentage Mod: HP is shown in percentages
|rule|Dynamax Clause: You cannot dynamax
|clearpoke
|poke|p1|Glalie, M|
|poke|p1|Gourgeist-*, M|
|poke|p1|Claydol|
|poke|p1|Solrock|
|poke|p1|Garbodor, M|
|poke|p1|Wigglytuff, M|
|poke|p2|Flapple, F|
|poke|p2|Archeops, M|
|poke|p2|Golduck, M|
|poke|p2|Ribombee, F|
|poke|p2|Sandaconda, M|
|poke|p2|Magneton|
|teampreview
|
|t:|1653954605
|start
|switch|p1a: Gourgeist|Gourgeist-Small, M|100/100
|switch|p2a: Magneton|Magneton|100/100
|-item|p2a: Magneton|Eviolite|[from] ability: Frisk|[of] p1a: Gourgeist|[identify]
|turn|1
|
|t:|1653954609
|move|p1a: Gourgeist|Trick|p2a: Magneton
|-activate|p1a: Gourgeist|move: Trick|[of] p2a: Magneton
|-item|p2a: Magneton|Choice Scarf|[from] move: Trick
|-item|p1a: Gourgeist|Eviolite|[from] move: Trick
|move|p2a: Magneton|Flash Cannon|p1a: Gourgeist
|-damage|p1a: Gourgeist|4/100
|-unboost|p1a: Gourgeist|spd|1
|
|upkeep
|turn|2
|
|t:|1653954613
|switch|p1a: Bob Marley|Garbodor, M, shiny|100/100
|move|p2a: Magneton|Flash Cannon|p1a: Bob Marley
|-damage|p1a: Bob Marley|67/100
|
|upkeep
|turn|3
|
|t:|1653954622
|switch|p2a: Archeops|Archeops, M|100/100
|move|p1a: Bob Marley|Infestation|p2a: Archeops
|-resisted|p2a: Archeops
|-damage|p2a: Archeops|98/100
|-activate|p2a: Archeops|move: Infestation|[of] p1a: Bob Marley
|
|-damage|p2a: Archeops|86/100|[from] move: Infestation|[partiallytrapped]
|upkeep
|turn|4
|
|t:|1653954627
|switch|p1a: Claydol|Claydol, shiny|100/100
|move|p2a: Archeops|Earthquake|p1a: Claydol
|-immune|p1a: Claydol|[from] ability: Levitate
|
|-end|p2a: Archeops|Infestation|[partiallytrapped]|[silent]
|upkeep
|turn|5
|
|t:|1653954631
|switch|p2a: Sandaconda|Sandaconda, M|100/100
|move|p1a: Claydol|Zen Headbutt|p2a: Sandaconda|[miss]
|-miss|p1a: Claydol|p2a: Sandaconda
|
|upkeep
|turn|6
|
|t:|1653954635
|switch|p1a: Gourgeist|Gourgeist-Small, M|4/100
|-item|p2a: Sandaconda|Rocky Helmet|[from] ability: Frisk|[of] p1a: Gourgeist|[identify]
|move|p2a: Sandaconda|Stealth Rock|p1a: Gourgeist
|-sidestart|p1: RedWave2024|move: Stealth Rock
|
|upkeep
|turn|7
|
|t:|1653954651
|switch|p2a: Magneton|Magneton|100/100
|move|p1a: Gourgeist|Giga Drain|p2a: Magneton
|-resisted|p2a: Magneton
|-damage|p2a: Magneton|86/100
|-heal|p1a: Gourgeist|12/100|[from] drain|[of] p2a: Magneton
|
|upkeep
|turn|8
|
|t:|1653954656
|move|p2a: Magneton|Flash Cannon|p1a: Gourgeist
|-damage|p1a: Gourgeist|0 fnt
|faint|p1a: Gourgeist
|
|upkeep
|
|t:|1653954663
|switch|p1a: Claydol|Claydol, shiny|100/100
|-damage|p1a: Claydol|94/100|[from] Stealth Rock
|turn|9
|
|t:|1653954667
|switch|p2a: Sandaconda|Sandaconda, M|100/100
|move|p1a: Claydol|Trick|p2a: Sandaconda
|-activate|p1a: Claydol|move: Trick|[of] p2a: Sandaconda
|-item|p2a: Sandaconda|Choice Band|[from] move: Trick
|-item|p1a: Claydol|Rocky Helmet|[from] move: Trick
|
|upkeep
|turn|10
|
|t:|1653954673
|switch|p2a: Golduck|Golduck, M|100/100
|-ability|p2a: Golduck|Cloud Nine
|move|p1a: Claydol|Earthquake|p2a: Golduck
|-crit|p2a: Golduck
|-damage|p2a: Golduck|38/100
|
|-heal|p2a: Golduck|44/100|[from] item: Leftovers
|upkeep
|turn|11
|
|t:|1653954678
|switch|p1a: Bob Marley|Garbodor, M, shiny|67/100
|-damage|p1a: Bob Marley|54/100|[from] Stealth Rock
|move|p2a: Golduck|Scald|p1a: Bob Marley
|-damage|p1a: Bob Marley|36/100
|
|-heal|p2a: Golduck|50/100|[from] item: Leftovers
|upkeep
|turn|12
|
|t:|1653954681
|switch|p2a: Archeops|Archeops, M|86/100
|move|p1a: Bob Marley|Explosion|p2a: Archeops
|-resisted|p2a: Archeops
|-damage|p2a: Archeops|25/100
|faint|p1a: Bob Marley
|
|upkeep
|
|t:|1653954684
|switch|p1a: Claydol|Claydol, shiny|94/100
|-damage|p1a: Claydol|88/100|[from] Stealth Rock
|turn|13
|
|t:|1653954700
|move|p2a: Archeops|Stone Edge|p1a: Claydol
|-resisted|p1a: Claydol
|-damage|p1a: Claydol|72/100
|move|p1a: Claydol|Zen Headbutt|p2a: Archeops
|-damage|p2a: Archeops|0 fnt
|faint|p2a: Archeops
|
|upkeep
|
|t:|1653954705
|switch|p2a: Flapple|Flapple, F|100/100
|turn|14
|
|t:|1653954714
|switch|p1a: Wigglytuff|Wigglytuff, M|100/100
|-damage|p1a: Wigglytuff|88/100|[from] Stealth Rock
|move|p2a: Flapple|Grav Apple|p1a: Wigglytuff
|-damage|p1a: Wigglytuff|45/100
|-unboost|p1a: Wigglytuff|def|1
|-ability|p1a: Wigglytuff|Competitive
|-boost|p1a: Wigglytuff|spa|2
|
|upkeep
|turn|15
|
|t:|1653954719
|move|p2a: Flapple|Grav Apple|p1a: Wigglytuff
|-damage|p1a: Wigglytuff|0 fnt
|faint|p1a: Wigglytuff
|
|upkeep
|
|t:|1653954722
|switch|p1a: Glalie|Glalie, M, shiny|100/100
|-damage|p1a: Glalie|76/100|[from] Stealth Rock
|turn|16
|
|t:|1653954725
|switch|p2a: Magneton|Magneton|86/100
|move|p1a: Glalie|Icicle Crash|p2a: Magneton|[miss]
|-miss|p1a: Glalie|p2a: Magneton
|
|upkeep
|turn|17
|
|t:|1653954729
|move|p1a: Glalie|Icicle Crash|p2a: Magneton
|-resisted|p2a: Magneton
|-damage|p2a: Magneton|66/100
|cant|p2a: Magneton|flinch
|
|upkeep
|turn|18
|
|t:|1653954732
|move|p1a: Glalie|Icicle Crash|p2a: Magneton
|-resisted|p2a: Magneton
|-damage|p2a: Magneton|46/100
|move|p2a: Magneton|Flash Cannon|p1a: Glalie
|-supereffective|p1a: Glalie
|-damage|p1a: Glalie|0 fnt
|faint|p1a: Glalie
|
|upkeep
|
|t:|1653954735
|switch|p1a: Claydol|Claydol, shiny|72/100
|-damage|p1a: Claydol|66/100|[from] Stealth Rock
|turn|19
|
|t:|1653954762
|switch|p2a: Golduck|Golduck, M|50/100
|-ability|p2a: Golduck|Cloud Nine
|move|p1a: Claydol|Zen Headbutt|p2a: Golduck
|-damage|p2a: Golduck|14/100
|
|-heal|p2a: Golduck|20/100|[from] item: Leftovers
|upkeep
|turn|20
|
|t:|1653954767
|move|p2a: Golduck|Scald|p1a: Claydol
|-supereffective|p1a: Claydol
|-damage|p1a: Claydol|18/100
|move|p1a: Claydol|Earthquake|p2a: Golduck
|-damage|p2a: Golduck|0 fnt
|faint|p2a: Golduck
|
|upkeep
|
|t:|1653954775
|switch|p2a: Flapple|Flapple, F|100/100
|turn|21
|
|t:|1653954778
|move|p2a: Flapple|Grav Apple|p1a: Claydol
|-supereffective|p1a: Claydol
|-damage|p1a: Claydol|0 fnt
|faint|p1a: Claydol
|
|upkeep
|
|t:|1653954780
|switch|p1a: Solrock|Solrock, shiny|100/100
|-damage|p1a: Solrock|88/100|[from] Stealth Rock
|turn|22
|
|t:|1653954783
|move|p2a: Flapple|Grav Apple|p1a: Solrock
|-supereffective|p1a: Solrock
|-damage|p1a: Solrock|0 fnt
|faint|p1a: Solrock
|
|win|yassy slay
|raw|RedWave2024's rating: 1301 &rarr; <strong>1295</strong><br />(-6 for losing)
|raw|yassy slay's rating: 1586 &rarr; <strong>1592</strong><br />(+6 for winning)
|l|☆RedWave2024
