|j|☆teenage bream
|j|☆brappingupastorm
|t:|1623183320
|gametype|singles
|player|p1|teenage bream|169|1435
|player|p2|brappingupastorm|blackbelt-gen4dp|1304
|teamsize|p1|6
|teamsize|p2|6
|gen|8
|tier|[Gen 8] PU
|rated|
|rule|Sleep Clause Mod: Limit one foe put to sleep
|rule|Species Clause: Limit one of each Pokémon
|rule|OHKO Clause: OHKO moves are banned
|rule|Evasion Moves Clause: Evasion moves are banned
|rule|Endless Battle Clause: Forcing endless battles is banned
|rule|HP Percentage Mod: HP is shown in percentages
|rule|Dynamax Clause: You cannot dynamax
|clearpoke
|poke|p1|Gigalith, F|
|poke|p1|Eldegoss, M|
|poke|p1|Accelgor, M|
|poke|p1|Aromatisse, F|
|poke|p1|Morpeko, M|
|poke|p1|Boltund, F|
|poke|p2|Miltank, F|
|poke|p2|Cryogonal|
|poke|p2|Pyukumuku, M|
|poke|p2|Gourgeist-*, M|
|poke|p2|Jolteon, F|
|poke|p2|Jellicent, M|
|teampreview
|
|t:|1623183331
|start
|switch|p1a: Accelgor|Accelgor, M|100/100
|switch|p2a: Jolteon|Jolteon, F, shiny|100/100
|turn|1
|
|t:|1623183335
|switch|p1a: Eldegoss|Eldegoss, M|100/100
|move|p2a: Jolteon|Volt Switch|p1a: Eldegoss
|-resisted|p1a: Eldegoss
|-damage|p1a: Eldegoss|70/100
|
|t:|1623183338
|switch|p2a: Cryogonal|Cryogonal|100/100|[from]move: Volt Switch
|
|upkeep
|turn|2
|
|t:|1623183342
|switch|p1a: Gigalith|Gigalith, F|100/100
|-weather|Sandstorm|[from] ability: Sand Stream|[of] p1a: Gigalith
|move|p2a: Cryogonal|Ice Beam|p1a: Gigalith
|-damage|p1a: Gigalith|86/100
|
|-weather|Sandstorm|[upkeep]
|-damage|p2a: Cryogonal|94/100|[from] Sandstorm
|-heal|p1a: Gigalith|92/100|[from] item: Leftovers
|upkeep
|turn|3
|
|t:|1623183353
|switch|p2a: Gourgeist|Gourgeist-Super, M, shiny|100/100
|-item|p1a: Gigalith|Leftovers|[from] ability: Frisk|[of] p2a: Gourgeist|[identify]
|move|p1a: Gigalith|Stealth Rock|p2a: Gourgeist
|-sidestart|p2: brappingupastorm|move: Stealth Rock
|
|-weather|Sandstorm|[upkeep]
|-damage|p2a: Gourgeist|94/100|[from] Sandstorm
|-heal|p1a: Gigalith|98/100|[from] item: Leftovers
|upkeep
|turn|4
|
|t:|1623183361
|switch|p1a: Eldegoss|Eldegoss, M|100/100
|move|p2a: Gourgeist|Will-O-Wisp|p1a: Eldegoss
|-status|p1a: Eldegoss|brn
|
|-weather|Sandstorm|[upkeep]
|-damage|p1a: Eldegoss|94/100 brn|[from] Sandstorm
|-damage|p2a: Gourgeist|88/100|[from] Sandstorm
|-damage|p1a: Eldegoss|88/100 brn|[from] brn
|upkeep
|turn|5
|
|t:|1623183366
|switch|p2a: Cryogonal|Cryogonal|94/100
|move|p1a: Eldegoss|Weather Ball|p2a: Cryogonal
|-supereffective|p2a: Cryogonal
|-damage|p2a: Cryogonal|64/100
|
|-weather|Sandstorm|[upkeep]
|-damage|p2a: Cryogonal|58/100|[from] Sandstorm
|-damage|p1a: Eldegoss|82/100 brn|[from] Sandstorm
|-damage|p1a: Eldegoss|76/100 brn|[from] brn
|upkeep
|turn|6
|j| HYpnomade30
|
|t:|1623183372
|move|p2a: Cryogonal|Rapid Spin|p1a: Eldegoss
|-damage|p1a: Eldegoss|68/100 brn
|-boost|p2a: Cryogonal|spe|1
|-sideend|p2: brappingupastorm|Stealth Rock|[from] move: Rapid Spin|[of] p2a: Cryogonal
|move|p1a: Eldegoss|Sleep Powder|p2a: Cryogonal
|-status|p2a: Cryogonal|slp|[from] move: Sleep Powder
|
|-weather|none
|-damage|p1a: Eldegoss|62/100 brn|[from] brn
|upkeep
|turn|7
|
|t:|1623183381
|switch|p1a: Gigalith|Gigalith, F|98/100
|-weather|Sandstorm|[from] ability: Sand Stream|[of] p1a: Gigalith
|cant|p2a: Cryogonal|slp
|
|-weather|Sandstorm|[upkeep]
|-damage|p2a: Cryogonal|52/100 slp|[from] Sandstorm
|-heal|p1a: Gigalith|100/100|[from] item: Leftovers
|upkeep
|turn|8
|
|t:|1623183386
|switch|p2a: Neutral Milk Hotel|Miltank, F, shiny|100/100
|move|p1a: Gigalith|Stealth Rock|p2a: Neutral Milk Hotel
|-sidestart|p2: brappingupastorm|move: Stealth Rock
|
|-weather|Sandstorm|[upkeep]
|-damage|p2a: Neutral Milk Hotel|94/100|[from] Sandstorm
|-heal|p2a: Neutral Milk Hotel|100/100|[from] item: Leftovers
|upkeep
|turn|9
|
|t:|1623183395
|switch|p1a: Accelgor|Accelgor, M|100/100
|move|p2a: Neutral Milk Hotel|Stealth Rock|p1a: Accelgor
|-sidestart|p1: teenage bream|move: Stealth Rock
|
|-weather|Sandstorm|[upkeep]
|-damage|p1a: Accelgor|95/100|[from] Sandstorm
|-damage|p2a: Neutral Milk Hotel|94/100|[from] Sandstorm
|-heal|p2a: Neutral Milk Hotel|100/100|[from] item: Leftovers
|upkeep
|turn|10
|
|t:|1623183401
|move|p1a: Accelgor|Spikes|p2a: Neutral Milk Hotel
|-sidestart|p2: brappingupastorm|Spikes
|move|p2a: Neutral Milk Hotel|Heal Bell|p2a: Neutral Milk Hotel
|-activate|p2a: Neutral Milk Hotel|move: Heal Bell
|-curestatus|p2: Cryogonal|slp|[msg]
|
|-weather|Sandstorm|[upkeep]
|-damage|p1a: Accelgor|89/100|[from] Sandstorm
|-damage|p2a: Neutral Milk Hotel|94/100|[from] Sandstorm
|-heal|p2a: Neutral Milk Hotel|100/100|[from] item: Leftovers
|upkeep
|turn|11
|
|t:|1623183405
|switch|p2a: Cryogonal|Cryogonal|52/100
|move|p1a: Accelgor|Knock Off|p2a: Cryogonal
|-damage|p2a: Cryogonal|24/100
|-enditem|p2a: Cryogonal|Heavy-Duty Boots|[from] move: Knock Off|[of] p1a: Accelgor
|
|-weather|none
|upkeep
|turn|12
|
|t:|1623183410
|move|p1a: Accelgor|U-turn|p2a: Cryogonal
|-damage|p2a: Cryogonal|0 fnt
|faint|p2a: Cryogonal
|
|t:|1623183415
|switch|p1a: Morpeko|Morpeko, M|100/100|[from]move: U-turn
|
|-formechange|p1a: Morpeko|Morpeko-Hangry||[from] ability: Hunger Switch
|upkeep
|l| HYpnomade30
|
|t:|1623183426
|switch|p2a: Neutral Milk Hotel|Miltank, F, shiny|100/100
|-damage|p2a: Neutral Milk Hotel|88/100|[from] Spikes
|-damage|p2a: Neutral Milk Hotel|76/100|[from] Stealth Rock
|turn|13
|
|t:|1623183433
|move|p1a: Morpeko|Parting Shot|p2a: Neutral Milk Hotel
|-unboost|p2a: Neutral Milk Hotel|atk|1
|-unboost|p2a: Neutral Milk Hotel|spa|1
|
|t:|1623183434
|switch|p1a: Accelgor|Accelgor, M|89/100|[from]move: Parting Shot
|move|p2a: Neutral Milk Hotel|Seismic Toss|p1a: Accelgor
|-damage|p1a: Accelgor|59/100
|
|-heal|p2a: Neutral Milk Hotel|82/100|[from] item: Leftovers
|upkeep
|turn|14
|
|t:|1623183440
|move|p1a: Accelgor|Spikes|p2a: Neutral Milk Hotel
|-sidestart|p2: brappingupastorm|Spikes
|move|p2a: Neutral Milk Hotel|Seismic Toss|p1a: Accelgor
|-damage|p1a: Accelgor|29/100
|
|-heal|p2a: Neutral Milk Hotel|88/100|[from] item: Leftovers
|upkeep
|turn|15
|
|t:|1623183442
|move|p1a: Accelgor|Recover|p1a: Accelgor
|-heal|p1a: Accelgor|79/100
|move|p2a: Neutral Milk Hotel|Seismic Toss|p1a: Accelgor
|-damage|p1a: Accelgor|49/100
|
|-heal|p2a: Neutral Milk Hotel|94/100|[from] item: Leftovers
|upkeep
|turn|16
|
|t:|1623183445
|move|p1a: Accelgor|Spikes|p2a: Neutral Milk Hotel
|-sidestart|p2: brappingupastorm|Spikes
|move|p2a: Neutral Milk Hotel|Seismic Toss|p1a: Accelgor
|-damage|p1a: Accelgor|19/100
|
|-heal|p2a: Neutral Milk Hotel|99/100|[from] item: Leftovers
|upkeep
|turn|17
|
|t:|1623183448
|move|p1a: Accelgor|Recover|p1a: Accelgor
|-heal|p1a: Accelgor|69/100
|move|p2a: Neutral Milk Hotel|Seismic Toss|p1a: Accelgor
|-damage|p1a: Accelgor|40/100
|
|-heal|p2a: Neutral Milk Hotel|100/100|[from] item: Leftovers
|upkeep
|turn|18
|
|t:|1623183450
|move|p1a: Accelgor|Recover|p1a: Accelgor
|-heal|p1a: Accelgor|90/100
|move|p2a: Neutral Milk Hotel|Seismic Toss|p1a: Accelgor
|-damage|p1a: Accelgor|60/100
|
|upkeep
|turn|19
|
|t:|1623183452
|move|p1a: Accelgor|Knock Off|p2a: Neutral Milk Hotel
|-damage|p2a: Neutral Milk Hotel|90/100
|-enditem|p2a: Neutral Milk Hotel|Leftovers|[from] move: Knock Off|[of] p1a: Accelgor
|move|p2a: Neutral Milk Hotel|Seismic Toss|p1a: Accelgor
|-damage|p1a: Accelgor|30/100
|
|upkeep
|turn|20
|
|t:|1623183456
|move|p1a: Accelgor|Recover|p1a: Accelgor
|-heal|p1a: Accelgor|80/100
|move|p2a: Neutral Milk Hotel|Seismic Toss|p1a: Accelgor
|-damage|p1a: Accelgor|50/100
|
|upkeep
|turn|21
|
|t:|1623183458
|move|p1a: Accelgor|Recover|p1a: Accelgor
|-heal|p1a: Accelgor|100/100
|move|p2a: Neutral Milk Hotel|Seismic Toss|p1a: Accelgor
|-damage|p1a: Accelgor|71/100
|
|upkeep
|turn|22
|
|t:|1623183462
|move|p1a: Accelgor|U-turn|p2a: Neutral Milk Hotel
|-damage|p2a: Neutral Milk Hotel|77/100
|
|t:|1623183474
|switch|p1a: Gigalith|Gigalith, F|100/100|[from]move: U-turn
|-damage|p1a: Gigalith|88/100|[from] Stealth Rock
|-weather|Sandstorm|[from] ability: Sand Stream|[of] p1a: Gigalith
|move|p2a: Neutral Milk Hotel|Seismic Toss|p1a: Gigalith
|-damage|p1a: Gigalith|61/100
|
|-weather|Sandstorm|[upkeep]
|-damage|p2a: Neutral Milk Hotel|71/100|[from] Sandstorm
|-heal|p1a: Gigalith|68/100|[from] item: Leftovers
|upkeep
|turn|23
|
|t:|1623183476
|move|p2a: Neutral Milk Hotel|Milk Drink|p2a: Neutral Milk Hotel
|-heal|p2a: Neutral Milk Hotel|100/100
|move|p1a: Gigalith|Sand Tomb|p2a: Neutral Milk Hotel
|-damage|p2a: Neutral Milk Hotel|94/100
|-activate|p2a: Neutral Milk Hotel|move: Sand Tomb|[of] p1a: Gigalith
|
|-weather|Sandstorm|[upkeep]
|-damage|p2a: Neutral Milk Hotel|88/100|[from] Sandstorm
|-heal|p1a: Gigalith|74/100|[from] item: Leftovers
|-damage|p2a: Neutral Milk Hotel|75/100|[from] move: Sand Tomb|[partiallytrapped]
|upkeep
|turn|24
|
|t:|1623183482
|move|p2a: Neutral Milk Hotel|Seismic Toss|p1a: Gigalith
|-damage|p1a: Gigalith|47/100
|move|p1a: Gigalith|Rock Blast|p2a: Neutral Milk Hotel
|-damage|p2a: Neutral Milk Hotel|68/100
|-damage|p2a: Neutral Milk Hotel|61/100
|-hitcount|p2a: Neutral Milk Hotel|2
|
|-weather|Sandstorm|[upkeep]
|-damage|p2a: Neutral Milk Hotel|55/100|[from] Sandstorm
|-heal|p1a: Gigalith|53/100|[from] item: Leftovers
|-damage|p2a: Neutral Milk Hotel|42/100|[from] move: Sand Tomb|[partiallytrapped]
|upkeep
|turn|25
|
|t:|1623183493
|move|p2a: Neutral Milk Hotel|Milk Drink|p2a: Neutral Milk Hotel
|-heal|p2a: Neutral Milk Hotel|92/100
|move|p1a: Gigalith|Rock Blast|p2a: Neutral Milk Hotel
|-damage|p2a: Neutral Milk Hotel|85/100
|-damage|p2a: Neutral Milk Hotel|77/100
|-damage|p2a: Neutral Milk Hotel|70/100
|-hitcount|p2a: Neutral Milk Hotel|3
|
|-weather|Sandstorm|[upkeep]
|-damage|p2a: Neutral Milk Hotel|64/100|[from] Sandstorm
|-heal|p1a: Gigalith|59/100|[from] item: Leftovers
|-damage|p2a: Neutral Milk Hotel|52/100|[from] move: Sand Tomb|[partiallytrapped]
|upkeep
|turn|26
|
|t:|1623183497
|move|p2a: Neutral Milk Hotel|Milk Drink|p2a: Neutral Milk Hotel
|-heal|p2a: Neutral Milk Hotel|100/100
|move|p1a: Gigalith|Rock Blast|p2a: Neutral Milk Hotel|[miss]
|-miss|p1a: Gigalith|p2a: Neutral Milk Hotel
|
|-weather|none
|-heal|p1a: Gigalith|65/100|[from] item: Leftovers
|-damage|p2a: Neutral Milk Hotel|88/100|[from] move: Sand Tomb|[partiallytrapped]
|upkeep
|turn|27
|
|t:|1623183503
|move|p1a: Gigalith|Protect|p1a: Gigalith
|-singleturn|p1a: Gigalith|Protect
|move|p2a: Neutral Milk Hotel|Seismic Toss|p1a: Gigalith
|-activate|p1a: Gigalith|move: Protect
|
|-heal|p1a: Gigalith|72/100|[from] item: Leftovers
|-damage|p2a: Neutral Milk Hotel|76/100|[from] move: Sand Tomb|[partiallytrapped]
|upkeep
|turn|28
|
|t:|1623183505
|switch|p1a: Aromatisse|Aromatisse, F|100/100
|move|p2a: Neutral Milk Hotel|Seismic Toss|p1a: Aromatisse
|-damage|p1a: Aromatisse|76/100
|
|-end|p2a: Neutral Milk Hotel|Sand Tomb|[partiallytrapped]
|upkeep
|turn|29
|
|t:|1623183509
|move|p2a: Neutral Milk Hotel|Seismic Toss|p1a: Aromatisse
|-damage|p1a: Aromatisse|51/100
|move|p1a: Aromatisse|Wish|p1a: Aromatisse
|
|upkeep
|turn|30
|
|t:|1623183514
|move|p2a: Neutral Milk Hotel|Seismic Toss|p1a: Aromatisse
|-damage|p1a: Aromatisse|27/100
|move|p1a: Aromatisse|Moonblast|p2a: Neutral Milk Hotel
|-damage|p2a: Neutral Milk Hotel|42/100
|
|-heal|p1a: Aromatisse|77/100|[from] move: Wish|[wisher] Aromatisse
|upkeep
|turn|31
|
|t:|1623183520
|move|p2a: Neutral Milk Hotel|Milk Drink|p2a: Neutral Milk Hotel
|-heal|p2a: Neutral Milk Hotel|92/100
|move|p1a: Aromatisse|Moonblast|p2a: Neutral Milk Hotel
|-damage|p2a: Neutral Milk Hotel|61/100
|
|upkeep
|turn|32
|
|t:|1623183525
|move|p2a: Neutral Milk Hotel|Seismic Toss|p1a: Aromatisse
|-damage|p1a: Aromatisse|52/100
|move|p1a: Aromatisse|Wish|p1a: Aromatisse
|
|upkeep
|turn|33
|
|t:|1623183530
|switch|p2a: Jellicent|Jellicent, M|100/100
|-damage|p2a: Jellicent|75/100|[from] Spikes
|-damage|p2a: Jellicent|63/100|[from] Stealth Rock
|move|p1a: Aromatisse|Moonblast|p2a: Jellicent
|-damage|p2a: Jellicent|43/100
|
|-heal|p1a: Aromatisse|100/100|[from] move: Wish|[wisher] Aromatisse
|-heal|p2a: Jellicent|49/100|[from] item: Leftovers
|upkeep
|turn|34
|
|t:|1623183540
|switch|p1a: Boltund|Boltund, F|100/100
|-damage|p1a: Boltund|88/100|[from] Stealth Rock
|move|p2a: Jellicent|Toxic|p1a: Boltund
|-status|p1a: Boltund|tox
|
|-heal|p2a: Jellicent|55/100|[from] item: Leftovers
|-damage|p1a: Boltund|82/100 tox|[from] psn
|upkeep
|turn|35
|
|t:|1623183543
|switch|p2a: Jolteon|Jolteon, F, shiny|100/100
|-damage|p2a: Jolteon|76/100|[from] Spikes
|-damage|p2a: Jolteon|64/100|[from] Stealth Rock
|move|p1a: Boltund|Crunch|p2a: Jolteon
|-damage|p2a: Jolteon|0 fnt
|faint|p2a: Jolteon
|
|-damage|p1a: Boltund|70/100 tox|[from] psn
|upkeep
|
|t:|1623183548
|switch|p2a: Pyukumuku|Pyukumuku, M, shiny|100/100
|-damage|p2a: Pyukumuku|76/100|[from] Spikes
|-damage|p2a: Pyukumuku|63/100|[from] Stealth Rock
|turn|36
|
|t:|1623183555
|switch|p1a: Eldegoss|Eldegoss, M|95/100 brn
|move|p2a: Pyukumuku|Recover|p2a: Pyukumuku
|-heal|p2a: Pyukumuku|100/100
|
|-damage|p1a: Eldegoss|89/100 brn|[from] brn
|upkeep
|turn|37
|
|t:|1623183564
|switch|p2a: Gourgeist|Gourgeist-Super, M, shiny|88/100
|-damage|p2a: Gourgeist|76/100|[from] Stealth Rock
|-damage|p2a: Gourgeist|51/100|[from] Spikes
|-item|p1a: Eldegoss|Heavy-Duty Boots|[from] ability: Frisk|[of] p2a: Gourgeist|[identify]
|move|p1a: Eldegoss|Sleep Powder|p2a: Gourgeist
|-immune|p2a: Gourgeist
|
|-damage|p1a: Eldegoss|83/100 brn|[from] brn
|upkeep
|turn|38
|
|t:|1623183567
|move|p1a: Eldegoss|Pollen Puff|p2a: Gourgeist
|-damage|p2a: Gourgeist|22/100
|move|p2a: Gourgeist|Synthesis|p2a: Gourgeist
|-heal|p2a: Gourgeist|72/100
|
|-damage|p1a: Eldegoss|77/100 brn|[from] brn
|upkeep
|turn|39
|
|t:|1623183571
|switch|p1a: Aromatisse|Aromatisse, F|100/100
|move|p2a: Gourgeist|Poltergeist|p1a: Aromatisse
|-activate|p1a: Aromatisse|move: Poltergeist|Heavy-Duty Boots
|-damage|p1a: Aromatisse|74/100
|
|upkeep
|turn|40
|
|t:|1623183574
|move|p2a: Gourgeist|Leech Seed|p1a: Aromatisse
|-start|p1a: Aromatisse|move: Leech Seed
|move|p1a: Aromatisse|Wish|p1a: Aromatisse
|
|-damage|p1a: Aromatisse|62/100|[from] Leech Seed|[of] p2a: Gourgeist
|-heal|p2a: Gourgeist|86/100|[silent]
|upkeep
|turn|41
|
|t:|1623183580
|switch|p2a: Jellicent|Jellicent, M|55/100
|-damage|p2a: Jellicent|30/100|[from] Spikes
|-damage|p2a: Jellicent|18/100|[from] Stealth Rock
|move|p1a: Aromatisse|Heal Bell|p1a: Aromatisse
|-activate|p1a: Aromatisse|move: Heal Bell
|-curestatus|p1: Boltund|tox|[msg]
|-curestatus|p1: Eldegoss|brn|[msg]
|
|-heal|p1a: Aromatisse|100/100|[from] move: Wish|[wisher] Aromatisse
|-heal|p2a: Jellicent|24/100|[from] item: Leftovers
|-damage|p1a: Aromatisse|88/100|[from] Leech Seed|[of] p2a: Jellicent
|-heal|p2a: Jellicent|37/100|[silent]
|upkeep
|turn|42
|
|t:|1623183586
|switch|p1a: Morpeko|Morpeko, M|100/100
|move|p2a: Jellicent|Recover|p2a: Jellicent
|-heal|p2a: Jellicent|87/100
|
|-heal|p2a: Jellicent|93/100|[from] item: Leftovers
|-formechange|p1a: Morpeko|Morpeko-Hangry||[from] ability: Hunger Switch
|upkeep
|turn|43
|j| SBCzeez
|c|☆brappingupastorm|anti stall
|c|☆brappingupastorm|oh
|c|☆brappingupastorm|someone with stall pissed you off
|c|☆brappingupastorm|so you made dedicated anti stall
|c|☆brappingupastorm|nice
|c|☆brappingupastorm|gg
|c|☆teenage bream|not at all lol
|c|☆teenage bream|gg
|c|☆brappingupastorm|sure thing faggins
|c|☆teenage bream|lmao
|-message|brappingupastorm forfeited.
|
|win|teenage bream
|raw|teenage bream's rating: 1435 &rarr; <strong>1448</strong><br />(+13 for winning)
|raw|brappingupastorm's rating: 1304 &rarr; <strong>1291</strong><br />(-13 for losing)
|l|☆brappingupastorm
|c|☆teenage bream|angry!
|c| SBCzeez|What the
|c|☆teenage bream|crazy ladder babies
|c| SBCzeez|Haha seems like it
|c|☆teenage bream|cya around o/
