|j|☆Automagico
|j|☆flop disk
|player|p1|Automagico|52|1345
|player|p2|flop disk|ilima|1235
|teamsize|p1|6
|teamsize|p2|6
|gametype|singles
|gen|8
|tier|[Gen 8] PU
|rated|
|clearpoke
|poke|p1|Exeggutor, M|
|poke|p1|Silvally-*|
|poke|p1|Stunfisk, F|
|poke|p1|Type: Null|
|poke|p1|Golduck, M|
|poke|p1|Ninjask, F|
|poke|p2|Lycanroc-Midnight, F|
|poke|p2|Swoobat, F|
|poke|p2|Drifblim, M|
|poke|p2|Klinklang|
|poke|p2|Beheeyem, F|
|poke|p2|Lilligant, F|
|rule|Sleep Clause Mod: Limit one foe put to sleep
|rule|Species Clause: Limit one of each Pokémon
|rule|OHKO Clause: OHKO moves are banned
|rule|Evasion Moves Clause: Evasion moves are banned
|rule|Endless Battle Clause: Forcing endless battles is banned
|rule|HP Percentage Mod: HP is shown in percentages
|rule|Dynamax Clause: You cannot dynamax
|teampreview
|
|start
|switch|p1a: Exeggutor|Exeggutor, M|100/100
|switch|p2a: Lycanroc|Lycanroc-Midnight, F|100/100
|turn|1
|inactive|Battle timer is ON: inactive players will automatically lose when time's up. (requested by flop disk)
|
|move|p2a: Lycanroc|Stone Edge|p1a: Exeggutor
|-damage|p1a: Exeggutor|55/100
|move|p1a: Exeggutor|Giga Drain|p2a: Lycanroc
|-supereffective|p2a: Lycanroc
|-crit|p2a: Lycanroc
|-enditem|p2a: Lycanroc|Focus Sash
|-damage|p2a: Lycanroc|1/100
|-heal|p1a: Exeggutor|100/100|[from] drain|[of] p2a: Lycanroc
|
|upkeep
|turn|2
|
|move|p2a: Lycanroc|Stealth Rock|p1a: Exeggutor
|-sidestart|p1: Automagico|move: Stealth Rock
|move|p1a: Exeggutor|Giga Drain|p2a: Lycanroc
|-supereffective|p2a: Lycanroc
|-damage|p2a: Lycanroc|0 fnt
|faint|p2a: Lycanroc
|
|upkeep
|
|switch|p2a: Swoobat|Swoobat, F|100/100
|turn|3
|
|switch|p1a: Stunfisk|Stunfisk, F|100/100
|-damage|p1a: Stunfisk|94/100|[from] Stealth Rock
|move|p2a: Swoobat|Reflect|p2a: Swoobat
|-sidestart|p2: flop disk|Reflect
|
|-heal|p1a: Stunfisk|100/100|[from] item: Leftovers
|upkeep
|turn|4
|
|move|p2a: Swoobat|Taunt|p1a: Stunfisk
|-start|p1a: Stunfisk|move: Taunt
|cant|p1a: Stunfisk|move: Taunt|Toxic
|
|upkeep
|turn|5
|
|move|p2a: Swoobat|Light Screen|p2a: Swoobat
|-sidestart|p2: flop disk|move: Light Screen
|move|p1a: Stunfisk|Discharge|p2a: Swoobat
|-supereffective|p2a: Swoobat
|-damage|p2a: Swoobat|65/100
|
|upkeep
|turn|6
|
|switch|p2a: Lilligant|Lilligant, F|100/100
|move|p1a: Stunfisk|Discharge|p2a: Lilligant
|-resisted|p2a: Lilligant
|-crit|p2a: Lilligant
|-damage|p2a: Lilligant|75/100
|-status|p2a: Lilligant|par
|
|-end|p1a: Stunfisk|move: Taunt
|upkeep
|turn|7
|
|cant|p2a: Lilligant|par
|move|p1a: Stunfisk|Stealth Rock|p2a: Lilligant
|-sidestart|p2: flop disk|move: Stealth Rock
|
|upkeep
|turn|8
|
|switch|p1a: Ninjask|Ninjask, F|100/100
|cant|p2a: Lilligant|par
|
|upkeep
|turn|9
|
|switch|p2a: Klinklang|Klinklang|100/100
|-damage|p2a: Klinklang|94/100|[from] Stealth Rock
|move|p1a: Ninjask|U-turn|p2a: Klinklang
|-resisted|p2a: Klinklang
|-damage|p2a: Klinklang|86/100
|
|switch|p1a: Stunfisk|Stunfisk, F|100/100|[from]move: U-turn
|-damage|p1a: Stunfisk|94/100|[from] Stealth Rock
|
|-heal|p2a: Klinklang|92/100|[from] item: Leftovers
|-heal|p1a: Stunfisk|100/100|[from] item: Leftovers
|upkeep
|turn|10
|
|switch|p2a: Lilligant|Lilligant, F|75/100 par
|-damage|p2a: Lilligant|62/100 par|[from] Stealth Rock
|move|p1a: Stunfisk|Earth Power|p2a: Lilligant
|-resisted|p2a: Lilligant
|-damage|p2a: Lilligant|53/100 par
|
|-sideend|p2: flop disk|Reflect
|upkeep
|turn|11
|
|switch|p1a: Type: Null|Type: Null|100/100
|-damage|p1a: Type: Null|88/100|[from] Stealth Rock
|move|p2a: Lilligant|Giga Drain|p1a: Type: Null
|-damage|p1a: Type: Null|73/100
|-heal|p2a: Lilligant|64/100 par|[from] drain|[of] p1a: Type: Null
|
|upkeep
|turn|12
|
|move|p1a: Type: Null|U-turn|p2a: Lilligant
|-supereffective|p2a: Lilligant
|-damage|p2a: Lilligant|14/100 par
|-enditem|p2a: Lilligant|Kee Berry|[eat]
|-boost|p2a: Lilligant|def|1|[from] item: Kee Berry
|
|switch|p1a: Ninjask|Ninjask, F|100/100|[from]move: U-turn
|cant|p2a: Lilligant|par
|
|-sideend|p2: flop disk|move: Light Screen
|upkeep
|turn|13
|
|move|p1a: Ninjask|U-turn|p2a: Lilligant
|-supereffective|p2a: Lilligant
|-damage|p2a: Lilligant|0 fnt
|faint|p2a: Lilligant
|
|switch|p1a: Golduck|Golduck, M|100/100|[from]move: U-turn
|-damage|p1a: Golduck|88/100|[from] Stealth Rock
|-ability|p1a: Golduck|Cloud Nine
|
|upkeep
|
|switch|p2a: Drifblim|Drifblim, M|100/100
|-damage|p2a: Drifblim|76/100|[from] Stealth Rock
|turn|14
|
|move|p1a: Golduck|Scald|p2a: Drifblim
|-damage|p2a: Drifblim|34/100
|-enditem|p2a: Drifblim|Sitrus Berry|[eat]
|-heal|p2a: Drifblim|59/100|[from] item: Sitrus Berry
|move|p2a: Drifblim|Calm Mind|p2a: Drifblim
|-boost|p2a: Drifblim|spa|1
|-boost|p2a: Drifblim|spd|1
|
|upkeep
|turn|15
|
|move|p2a: Drifblim|Calm Mind|p2a: Drifblim
|-boost|p2a: Drifblim|spa|1
|-boost|p2a: Drifblim|spd|1
|move|p1a: Golduck|Scald|p2a: Drifblim
|-damage|p2a: Drifblim|38/100
|
|upkeep
|turn|16
|
|move|p2a: Drifblim|Substitute|p2a: Drifblim
|-start|p2a: Drifblim|Substitute
|-damage|p2a: Drifblim|13/100
|move|p1a: Golduck|Scald|p2a: Drifblim
|-activate|p2a: Drifblim|move: Substitute|[damage]
|
|upkeep
|turn|17
|
|move|p2a: Drifblim|Thunderbolt|p1a: Golduck
|-supereffective|p1a: Golduck
|-damage|p1a: Golduck|0 fnt
|faint|p1a: Golduck
|
|upkeep
|
|switch|p1a: Type: Null|Type: Null|73/100
|-damage|p1a: Type: Null|60/100|[from] Stealth Rock
|turn|18
|
|move|p2a: Drifblim|Thunderbolt|p1a: Type: Null
|-damage|p1a: Type: Null|38/100
|move|p1a: Type: Null|U-turn|p2a: Drifblim
|-resisted|p2a: Drifblim
|-end|p2a: Drifblim|Substitute
|
|switch|p1a: Stunfisk|Stunfisk, F|100/100|[from]move: U-turn
|-damage|p1a: Stunfisk|94/100|[from] Stealth Rock
|
|-heal|p1a: Stunfisk|100/100|[from] item: Leftovers
|upkeep
|turn|19
|
|move|p2a: Drifblim|Shadow Ball|p1a: Stunfisk
|-damage|p1a: Stunfisk|46/100
|move|p1a: Stunfisk|Discharge|p2a: Drifblim
|-supereffective|p2a: Drifblim
|-damage|p2a: Drifblim|0 fnt
|faint|p2a: Drifblim
|
|-heal|p1a: Stunfisk|52/100|[from] item: Leftovers
|upkeep
|
|switch|p2a: Swoobat|Swoobat, F|65/100
|-damage|p2a: Swoobat|40/100|[from] Stealth Rock
|turn|20
|
|move|p2a: Swoobat|Light Screen|p2a: Swoobat
|-sidestart|p2: flop disk|move: Light Screen
|move|p1a: Stunfisk|Discharge|p2a: Swoobat
|-supereffective|p2a: Swoobat
|-damage|p2a: Swoobat|0 fnt
|faint|p2a: Swoobat
|
|-heal|p1a: Stunfisk|58/100|[from] item: Leftovers
|upkeep
|
|switch|p2a: Klinklang|Klinklang|92/100
|-damage|p2a: Klinklang|86/100|[from] Stealth Rock
|turn|21
|
|switch|p2a: Beheeyem|Beheeyem, F|100/100
|-damage|p2a: Beheeyem|88/100|[from] Stealth Rock
|move|p1a: Stunfisk|Earth Power|p2a: Beheeyem
|-damage|p2a: Beheeyem|75/100
|
|-heal|p1a: Stunfisk|64/100|[from] item: Leftovers
|-status|p2a: Beheeyem|brn|[from] item: Flame Orb
|upkeep
|turn|22
|
|switch|p1a: Type: Null|Type: Null|38/100
|-damage|p1a: Type: Null|26/100|[from] Stealth Rock
|move|p2a: Beheeyem|Cosmic Power|p2a: Beheeyem
|-boost|p2a: Beheeyem|def|1
|-boost|p2a: Beheeyem|spd|1
|
|-damage|p2a: Beheeyem|69/100 brn|[from] brn
|upkeep
|turn|23
|
|move|p1a: Type: Null|Rest|p1a: Type: Null
|-status|p1a: Type: Null|slp|[from] move: Rest
|-heal|p1a: Type: Null|100/100 slp|[silent]
|move|p2a: Beheeyem|Cosmic Power|p2a: Beheeyem
|-boost|p2a: Beheeyem|def|1
|-boost|p2a: Beheeyem|spd|1
|
|-damage|p2a: Beheeyem|62/100 brn|[from] brn
|upkeep
|turn|24
|
|cant|p1a: Type: Null|slp
|move|p1a: Type: Null|Sleep Talk|p1a: Type: Null
|move|p1a: Type: Null|Crush Claw|p2a: Beheeyem|[from]Sleep Talk
|-damage|p2a: Beheeyem|51/100 brn
|move|p2a: Beheeyem|Recover|p2a: Beheeyem
|-heal|p2a: Beheeyem|100/100 brn
|
|-damage|p2a: Beheeyem|94/100 brn|[from] brn
|upkeep
|turn|25
|
|cant|p1a: Type: Null|slp
|move|p1a: Type: Null|Sleep Talk|p1a: Type: Null
|move|p1a: Type: Null|Rest|p1a: Type: Null|[from]Sleep Talk
|-fail|p1a: Type: Null|heal
|move|p2a: Beheeyem|Cosmic Power|p2a: Beheeyem
|-boost|p2a: Beheeyem|def|1
|-boost|p2a: Beheeyem|spd|1
|
|-damage|p2a: Beheeyem|88/100 brn|[from] brn
|upkeep
|turn|26
|
|-curestatus|p1a: Type: Null|slp|[msg]
|move|p1a: Type: Null|Crush Claw|p2a: Beheeyem
|-damage|p2a: Beheeyem|79/100 brn
|move|p2a: Beheeyem|Charge Beam|p1a: Type: Null
|-damage|p1a: Type: Null|92/100
|-boost|p2a: Beheeyem|spa|1
|
|-damage|p2a: Beheeyem|73/100 brn|[from] brn
|upkeep
|turn|27
|
|move|p1a: Type: Null|Crush Claw|p2a: Beheeyem
|-damage|p2a: Beheeyem|63/100 brn
|-unboost|p2a: Beheeyem|def|1
|move|p2a: Beheeyem|Recover|p2a: Beheeyem
|-heal|p2a: Beheeyem|100/100 brn
|
|-damage|p2a: Beheeyem|94/100 brn|[from] brn
|-sideend|p2: flop disk|move: Light Screen
|upkeep
|turn|28
|
|move|p1a: Type: Null|Crush Claw|p2a: Beheeyem
|-damage|p2a: Beheeyem|82/100 brn
|move|p2a: Beheeyem|Cosmic Power|p2a: Beheeyem
|-boost|p2a: Beheeyem|def|1
|-boost|p2a: Beheeyem|spd|1
|
|-damage|p2a: Beheeyem|76/100 brn|[from] brn
|upkeep
|turn|29
|
|switch|p1a: Ninjask|Ninjask, F|100/100
|move|p2a: Beheeyem|Cosmic Power|p2a: Beheeyem
|-boost|p2a: Beheeyem|def|1
|-boost|p2a: Beheeyem|spd|1
|
|-damage|p2a: Beheeyem|70/100 brn|[from] brn
|upkeep
|turn|30
|
|move|p1a: Ninjask|Swords Dance|p1a: Ninjask
|-boost|p1a: Ninjask|atk|2
|move|p2a: Beheeyem|Stored Power|p1a: Ninjask
|-damage|p1a: Ninjask|0 fnt
|faint|p1a: Ninjask
|
|-damage|p2a: Beheeyem|64/100 brn|[from] brn
|upkeep
|
|switch|p1a: Silvally|Silvally-Rock|100/100
|-damage|p1a: Silvally|88/100|[from] Stealth Rock
|turn|31
|
|move|p1a: Silvally|Multi-Attack|p2a: Beheeyem
|-damage|p2a: Beheeyem|49/100 brn
|move|p2a: Beheeyem|Recover|p2a: Beheeyem
|-heal|p2a: Beheeyem|99/100 brn
|
|-damage|p2a: Beheeyem|92/100 brn|[from] brn
|upkeep
|turn|32
|
|move|p1a: Silvally|Multi-Attack|p2a: Beheeyem
|-damage|p2a: Beheeyem|78/100 brn
|move|p2a: Beheeyem|Stored Power|p1a: Silvally
|-damage|p1a: Silvally|0 fnt
|faint|p1a: Silvally
|
|-damage|p2a: Beheeyem|72/100 brn|[from] brn
|upkeep
|-message|Automagico forfeited.
|
|win|flop disk
|l|☆Automagico
||Ladder (probably) updated, but score could not be retrieved (Request timeout).
