|j|☆allstarapology
|j|☆Rav3ndan
|t:|1604180833
|player|p1|allstarapology|nurse|1351
|player|p2|Rav3ndan|rancher|1433
|teamsize|p1|6
|teamsize|p2|6
|gametype|singles
|gen|8
|tier|[Gen 8] PU
|rated|
|clearpoke
|poke|p1|Marowak, M|
|poke|p1|Combusken, M|
|poke|p1|Appletun, F|
|poke|p1|Golbat, F|
|poke|p1|Jolteon, M|
|poke|p1|Metang|
|poke|p2|Golbat, M|
|poke|p2|Kangaskhan, F|
|poke|p2|Combusken, M|
|poke|p2|Ferroseed, M|
|poke|p2|Morpeko, M|
|poke|p2|Runerigus, M|
|rule|Sleep Clause Mod: Limit one foe put to sleep
|rule|Species Clause: Limit one of each Pokémon
|rule|OHKO Clause: OHKO moves are banned
|rule|Evasion Moves Clause: Evasion moves are banned
|rule|Endless Battle Clause: Forcing endless battles is banned
|rule|HP Percentage Mod: HP is shown in percentages
|rule|Dynamax Clause: You cannot dynamax
|teampreview
|inactive|Battle timer is ON: inactive players will automatically lose when time's up. (requested by allstarapology)
|
|t:|1604180847
|start
|switch|p1a: Appletun|Appletun, F|100/100
|switch|p2a: Golbat|Golbat, M|100/100
|turn|1
|
|t:|1604180854
|switch|p1a: Golbat|Golbat, F|100/100
|move|p2a: Golbat|U-turn|p1a: Golbat
|-resisted|p1a: Golbat
|-damage|p1a: Golbat|98/100
|
|t:|1604180860
|switch|p2a: Morpeko|Morpeko, M|100/100|[from]move: U-turn
|
|-formechange|p2a: Morpeko|Morpeko-Hangry||[from] ability: Hunger Switch
|upkeep
|turn|2
|
|t:|1604180868
|move|p2a: Morpeko|Parting Shot|p1a: Golbat
|-unboost|p1a: Golbat|atk|1
|-unboost|p1a: Golbat|spa|1
|
|t:|1604180875
|switch|p2a: Runerigus|Runerigus, M|100/100|[from]move: Parting Shot
|move|p1a: Golbat|U-turn|p2a: Runerigus
|-resisted|p2a: Runerigus
|-damage|p2a: Runerigus|98/100
|-activate|p2a: Runerigus|ability: Wandering Spirit|Infiltrator|Wandering Spirit|[of] p1a: Golbat
|
|t:|1604180878
|switch|p1a: Appletun|Appletun, F|100/100|[from]move: U-turn
|
|-heal|p2a: Runerigus|100/100|[from] item: Leftovers
|upkeep
|turn|3
|
|t:|1604180882
|switch|p2a: Ferroseed|Ferroseed, M|100/100
|move|p1a: Appletun|Apple Acid|p2a: Ferroseed
|-resisted|p2a: Ferroseed
|-damage|p2a: Ferroseed|96/100
|-unboost|p2a: Ferroseed|spd|1
|
|upkeep
|turn|4
|
|t:|1604180892
|move|p1a: Appletun|Dragon Pulse|p2a: Ferroseed
|-resisted|p2a: Ferroseed
|-damage|p2a: Ferroseed|81/100
|move|p2a: Ferroseed|Knock Off|p1a: Appletun
|-damage|p1a: Appletun|95/100
|
|upkeep
|turn|5
|
|t:|1604180897
|move|p1a: Appletun|Dragon Pulse|p2a: Ferroseed
|-resisted|p2a: Ferroseed
|-damage|p2a: Ferroseed|68/100
|move|p2a: Ferroseed|Spikes|p1a: Appletun
|-sidestart|p1: allstarapology|Spikes
|
|upkeep
|turn|6
|
|t:|1604180905
|move|p1a: Appletun|Leech Seed|p2a: Ferroseed
|-immune|p2a: Ferroseed
|move|p2a: Ferroseed|Toxic|p1a: Appletun
|-status|p1a: Appletun|tox
|
|-damage|p1a: Appletun|89/100 tox|[from] psn
|upkeep
|turn|7
|
|t:|1604180915
|move|p1a: Appletun|Dragon Pulse|p2a: Ferroseed
|-resisted|p2a: Ferroseed
|-damage|p2a: Ferroseed|54/100
|move|p2a: Ferroseed|Knock Off|p1a: Appletun
|-damage|p1a: Appletun|83/100 tox
|
|-damage|p1a: Appletun|71/100 tox|[from] psn
|upkeep
|turn|8
|
|t:|1604180924
|switch|p2a: Golbat|Golbat, M|100/100
|move|p1a: Appletun|Apple Acid|p2a: Golbat
|-resisted|p2a: Golbat
|-damage|p2a: Golbat|95/100
|-unboost|p2a: Golbat|spd|1
|
|-damage|p1a: Appletun|52/100 tox|[from] psn
|upkeep
|turn|9
|
|t:|1604180931
|switch|p1a: Golbat|Golbat, F|98/100
|move|p2a: Golbat|U-turn|p1a: Golbat
|-resisted|p1a: Golbat
|-damage|p1a: Golbat|95/100
|
|t:|1604180939
|switch|p2a: Morpeko|Morpeko, M|100/100|[from]move: U-turn
|
|-formechange|p2a: Morpeko|Morpeko-Hangry||[from] ability: Hunger Switch
|upkeep
|turn|10
|
|t:|1604180945
|move|p2a: Morpeko|Aura Wheel|p1a: Golbat
|-damage|p1a: Golbat|57/100
|-boost|p2a: Morpeko|spe|1
|move|p1a: Golbat|Defog|p2a: Morpeko
|-unboost|p2a: Morpeko|evasion|1
|-sideend|p1: allstarapology|Spikes|[from] move: Defog|[of] p1a: Golbat
|
|-formechange|p2a: Morpeko|Morpeko||[from] ability: Hunger Switch
|upkeep
|turn|11
|
|t:|1604180953
|switch|p1a: Marowak|Marowak, M|100/100
|move|p2a: Morpeko|Parting Shot|p1a: Marowak
|-unboost|p1a: Marowak|atk|1
|-unboost|p1a: Marowak|spa|1
|
|t:|1604180962
|switch|p2a: Golbat|Golbat, M|95/100|[from]move: Parting Shot
|
|upkeep
|turn|12
|
|t:|1604180969
|move|p2a: Golbat|Toxic|p1a: Marowak
|-status|p1a: Marowak|tox
|move|p1a: Marowak|Knock Off|p2a: Golbat
|-damage|p2a: Golbat|70/100
|-enditem|p2a: Golbat|Eviolite|[from] move: Knock Off|[of] p1a: Marowak
|
|-damage|p1a: Marowak|94/100 tox|[from] psn
|upkeep
|turn|13
|
|t:|1604180978
|switch|p1a: Metang|Metang|100/100
|move|p2a: Golbat|Roost|p2a: Golbat
|-heal|p2a: Golbat|100/100
|-singleturn|p2a: Golbat|move: Roost
|
|upkeep
|turn|14
|
|t:|1604180984
|move|p2a: Golbat|U-turn|p1a: Metang
|-damage|p1a: Metang|90/100
|
|t:|1604180987
|switch|p2a: Morpeko|Morpeko, M|100/100|[from]move: U-turn
|move|p1a: Metang|Meteor Mash|p2a: Morpeko
|-resisted|p2a: Morpeko
|-damage|p2a: Morpeko|66/100
|
|-heal|p2a: Morpeko|72/100|[from] item: Leftovers
|-formechange|p2a: Morpeko|Morpeko-Hangry||[from] ability: Hunger Switch
|upkeep
|turn|15
|
|t:|1604180992
|move|p2a: Morpeko|Aura Wheel|p1a: Metang
|-supereffective|p1a: Metang
|-damage|p1a: Metang|21/100
|-boost|p2a: Morpeko|spe|1
|move|p1a: Metang|Earthquake|p2a: Morpeko
|-supereffective|p2a: Morpeko
|-damage|p2a: Morpeko|0 fnt
|faint|p2a: Morpeko
|
|upkeep
|
|t:|1604181004
|switch|p2a: Combusken|Combusken, M|100/100
|turn|16
|
|t:|1604181011
|move|p2a: Combusken|Fire Blast|p1a: Metang
|-supereffective|p1a: Metang
|-damage|p1a: Metang|0 fnt
|-damage|p2a: Combusken|91/100|[from] item: Life Orb
|faint|p1a: Metang
|
|-ability|p2a: Combusken|Speed Boost|boost
|-boost|p2a: Combusken|spe|1
|upkeep
|
|t:|1604181016
|switch|p1a: Golbat|Golbat, F|57/100
|turn|17
|
|t:|1604181029
|switch|p2a: Runerigus|Runerigus, M|100/100
|move|p1a: Golbat|Roost|p1a: Golbat
|-heal|p1a: Golbat|100/100
|-singleturn|p1a: Golbat|move: Roost
|
|upkeep
|turn|18
|l|☆Rav3ndan
|inactive|Rav3ndan disconnected and has a minute to reconnect!
|player|p2|
|j|☆Rav3ndan
|inactive|Rav3ndan reconnected and has 125 seconds left.
|player|p2|Rav3ndan|rancher
|inactive|Rav3ndan has 120 seconds left.
|
|t:|1604181062
|move|p1a: Golbat|U-turn|p2a: Runerigus
|-resisted|p2a: Runerigus
|-damage|p2a: Runerigus|97/100
|-activate|p2a: Runerigus|ability: Wandering Spirit|Infiltrator|Wandering Spirit|[of] p1a: Golbat
|j| bagoftrixx
|
|t:|1604181083
|switch|p1a: Appletun|Appletun, F|52/100 tox|[from]move: U-turn
|move|p2a: Runerigus|Stealth Rock|p1a: Appletun
|-sidestart|p1: allstarapology|move: Stealth Rock
|
|-heal|p2a: Runerigus|100/100|[from] item: Leftovers
|-damage|p1a: Appletun|46/100 tox|[from] psn
|upkeep
|turn|19
|
|t:|1604181092
|switch|p2a: Golbat|Golbat, M|100/100
|move|p1a: Appletun|Recover|p1a: Appletun
|-heal|p1a: Appletun|96/100 tox
|
|-damage|p1a: Appletun|84/100 tox|[from] psn
|upkeep
|turn|20
|
|t:|1604181101
|switch|p1a: Jolteon|Jolteon, M|100/100
|move|p2a: Golbat|Brave Bird|p1a: Jolteon
|-resisted|p1a: Jolteon
|-damage|p1a: Jolteon|66/100
|-damage|p2a: Golbat|92/100|[from] Recoil
|
|upkeep
|turn|21
|
|t:|1604181107
|switch|p2a: Ferroseed|Ferroseed, M|54/100
|move|p1a: Jolteon|Shadow Ball|p2a: Ferroseed
|-damage|p2a: Ferroseed|37/100
|
|upkeep
|turn|22
|
|t:|1604181116
|switch|p2a: Kangaskhan|Kangaskhan, F|100/100
|move|p1a: Jolteon|Shadow Ball|p2a: Kangaskhan
|-immune|p2a: Kangaskhan
|
|upkeep
|turn|23
|
|t:|1604181122
|switch|p1a: Appletun|Appletun, F|84/100 tox
|-damage|p1a: Appletun|71/100 tox|[from] Stealth Rock
|move|p2a: Kangaskhan|Substitute|p2a: Kangaskhan
|-start|p2a: Kangaskhan|Substitute
|-damage|p2a: Kangaskhan|76/100
|
|-damage|p1a: Appletun|65/100 tox|[from] psn
|upkeep
|turn|24
|
|t:|1604181128
|move|p2a: Kangaskhan|Power-Up Punch|p1a: Appletun
|-damage|p1a: Appletun|59/100 tox
|-boost|p2a: Kangaskhan|atk|1
|move|p1a: Appletun|Dragon Pulse|p2a: Kangaskhan
|-end|p2a: Kangaskhan|Substitute
|
|-damage|p1a: Appletun|47/100 tox|[from] psn
|upkeep
|turn|25
|
|t:|1604181144
|move|p2a: Kangaskhan|Body Slam|p1a: Appletun
|-damage|p1a: Appletun|19/100 tox
|move|p1a: Appletun|Recover|p1a: Appletun
|-heal|p1a: Appletun|69/100 tox
|
|-damage|p1a: Appletun|51/100 tox|[from] psn
|upkeep
|turn|26
|inactive|allstarapology has 120 seconds left.
|
|t:|1604181179
|move|p2a: Kangaskhan|Substitute|p2a: Kangaskhan
|-start|p2a: Kangaskhan|Substitute
|-damage|p2a: Kangaskhan|51/100
|move|p1a: Appletun|Apple Acid|p2a: Kangaskhan
|-end|p2a: Kangaskhan|Substitute
|
|-damage|p1a: Appletun|26/100 tox|[from] psn
|upkeep
|turn|27
|
|t:|1604181187
|move|p2a: Kangaskhan|Wish|p2a: Kangaskhan
|move|p1a: Appletun|Dragon Pulse|p2a: Kangaskhan
|-damage|p2a: Kangaskhan|20/100
|
|-damage|p1a: Appletun|0 fnt|[from] psn
|faint|p1a: Appletun
|upkeep
|
|t:|1604181196
|switch|p1a: Jolteon|Jolteon, M|66/100
|turn|28
|j| PUnyTest
|
|t:|1604181210
|switch|p2a: Ferroseed|Ferroseed, M|37/100
|move|p1a: Jolteon|Volt Switch|p2a: Ferroseed
|-resisted|p2a: Ferroseed
|-damage|p2a: Ferroseed|27/100
|
|t:|1604181217
|switch|p1a: Combusken|Combusken, M|100/100|[from]move: Volt Switch
|-damage|p1a: Combusken|88/100|[from] Stealth Rock
|
|-heal|p2a: Ferroseed|98/100|[from] move: Wish|[wisher] Kangaskhan
|upkeep
|turn|29
|
|t:|1604181224
|switch|p2a: Kangaskhan|Kangaskhan, F|20/100
|move|p1a: Combusken|Fire Blast|p2a: Kangaskhan
|-damage|p2a: Kangaskhan|0 fnt
|faint|p2a: Kangaskhan
|
|-ability|p1a: Combusken|Speed Boost|boost
|-boost|p1a: Combusken|spe|1
|upkeep
|
|t:|1604181234
|switch|p2a: Runerigus|Runerigus, M|100/100
|turn|30
|
|t:|1604181240
|move|p1a: Combusken|Protect|p1a: Combusken
|-singleturn|p1a: Combusken|Protect
|move|p2a: Runerigus|Poltergeist|p1a: Combusken
|-activate|p1a: Combusken|move: Protect
|
|-ability|p1a: Combusken|Speed Boost|boost
|-boost|p1a: Combusken|spe|1
|upkeep
|turn|31
|
|t:|1604181253
|move|p1a: Combusken|Toxic|p2a: Runerigus
|-status|p2a: Runerigus|tox
|move|p2a: Runerigus|Poltergeist|p1a: Combusken
|-activate|p1a: Combusken|move: Poltergeist|Eviolite
|-damage|p1a: Combusken|38/100
|
|-damage|p2a: Runerigus|94/100 tox|[from] psn
|-ability|p1a: Combusken|Speed Boost|boost
|-boost|p1a: Combusken|spe|1
|upkeep
|turn|32
|
|t:|1604181262
|switch|p2a: Golbat|Golbat, M|92/100
|move|p1a: Combusken|Protect||[still]
|-fail|p1a: Combusken
|
|-ability|p1a: Combusken|Speed Boost|boost
|-boost|p1a: Combusken|spe|1
|upkeep
|turn|33
|
|t:|1604181269
|move|p1a: Combusken|Fire Blast|p2a: Golbat
|-damage|p2a: Golbat|36/100
|move|p2a: Golbat|Brave Bird|p1a: Combusken
|-supereffective|p1a: Combusken
|-damage|p1a: Combusken|0 fnt
|-damage|p2a: Golbat|27/100|[from] Recoil
|faint|p1a: Combusken
|
|upkeep
|
|t:|1604181275
|switch|p1a: Jolteon|Jolteon, M|66/100
|turn|34
|l|☆Rav3ndan
|inactive|Rav3ndan disconnected and has a minute to reconnect!
|player|p2|
|j|☆Rav3ndan
|inactive|Rav3ndan reconnected and has 125 seconds left.
|player|p2|Rav3ndan|rancher
|inactive|Rav3ndan has 120 seconds left.
|
|t:|1604181309
|move|p1a: Jolteon|Shadow Ball|p2a: Golbat
|-damage|p2a: Golbat|0 fnt
|faint|p2a: Golbat
|
|upkeep
|
|t:|1604181313
|switch|p2a: Ferroseed|Ferroseed, M|98/100
|turn|35
|
|t:|1604181332
|move|p1a: Jolteon|Volt Switch|p2a: Ferroseed
|-resisted|p2a: Ferroseed
|-damage|p2a: Ferroseed|88/100
|
|t:|1604181333
|switch|p1a: Marowak|Marowak, M|94/100 tox|[from]move: Volt Switch
|-damage|p1a: Marowak|88/100 tox|[from] Stealth Rock
|move|p2a: Ferroseed|Leech Seed|p1a: Marowak
|-start|p1a: Marowak|move: Leech Seed
|
|-damage|p1a: Marowak|76/100 tox|[from] Leech Seed|[of] p2a: Ferroseed
|-heal|p2a: Ferroseed|99/100|[silent]
|-damage|p1a: Marowak|70/100 tox|[from] psn
|upkeep
|turn|36
|
|t:|1604181342
|move|p1a: Marowak|Fire Punch|p2a: Ferroseed
|-supereffective|p2a: Ferroseed
|-damage|p2a: Ferroseed|0 fnt
|-damage|p1a: Marowak|58/100 tox|[from] ability: Iron Barbs|[of] p2a: Ferroseed
|faint|p2a: Ferroseed
|
|-damage|p1a: Marowak|45/100 tox|[from] psn
|upkeep
|
|t:|1604181346
|switch|p2a: Combusken|Combusken, M|91/100
|turn|37
|
|t:|1604181352
|move|p2a: Combusken|Fire Blast|p1a: Marowak
|-damage|p1a: Marowak|0 fnt
|-damage|p2a: Combusken|81/100|[from] item: Life Orb
|faint|p1a: Marowak
|
|-ability|p2a: Combusken|Speed Boost|boost
|-boost|p2a: Combusken|spe|1
|upkeep
|
|t:|1604181355
|switch|p1a: Golbat|Golbat, F|100/100
|-damage|p1a: Golbat|76/100|[from] Stealth Rock
|turn|38
|
|t:|1604181363
|move|p2a: Combusken|Fire Blast|p1a: Golbat
|-damage|p1a: Golbat|39/100
|-damage|p2a: Combusken|71/100|[from] item: Life Orb
|move|p1a: Golbat|Roost|p1a: Golbat
|-heal|p1a: Golbat|89/100
|-singleturn|p1a: Golbat|move: Roost
|
|-ability|p2a: Combusken|Speed Boost|boost
|-boost|p2a: Combusken|spe|1
|upkeep
|turn|39
|
|t:|1604181370
|move|p2a: Combusken|Thunder Punch|p1a: Golbat
|-supereffective|p1a: Golbat
|-damage|p1a: Golbat|53/100
|-damage|p2a: Combusken|61/100|[from] item: Life Orb
|move|p1a: Golbat|Defog|p2a: Combusken
|-unboost|p2a: Combusken|evasion|1
|-sideend|p1: allstarapology|Stealth Rock|[from] move: Defog|[of] p1a: Golbat
|
|-ability|p2a: Combusken|Speed Boost|boost
|-boost|p2a: Combusken|spe|1
|upkeep
|turn|40
|
|t:|1604181377
|move|p2a: Combusken|Fire Blast|p1a: Golbat
|-damage|p1a: Golbat|14/100
|-damage|p2a: Combusken|51/100|[from] item: Life Orb
|move|p1a: Golbat|Roost|p1a: Golbat
|-heal|p1a: Golbat|64/100
|-singleturn|p1a: Golbat|move: Roost
|
|-ability|p2a: Combusken|Speed Boost|boost
|-boost|p2a: Combusken|spe|1
|upkeep
|turn|41
|
|t:|1604181387
|switch|p2a: Runerigus|Runerigus, M|94/100 tox
|move|p1a: Golbat|Roost|p1a: Golbat
|-heal|p1a: Golbat|100/100
|-singleturn|p1a: Golbat|move: Roost
|
|-heal|p2a: Runerigus|100/100 tox|[from] item: Leftovers
|-damage|p2a: Runerigus|94/100 tox|[from] psn
|upkeep
|turn|42
|
|t:|1604181392
|move|p1a: Golbat|U-turn|p2a: Runerigus
|-resisted|p2a: Runerigus
|-damage|p2a: Runerigus|90/100 tox
|-activate|p2a: Runerigus|ability: Wandering Spirit|Infiltrator|Wandering Spirit|[of] p1a: Golbat
|
|t:|1604181394
|switch|p1a: Jolteon|Jolteon, M|66/100|[from]move: U-turn
|move|p2a: Runerigus|Iron Defense|p2a: Runerigus
|-boost|p2a: Runerigus|def|2
|
|-heal|p2a: Runerigus|97/100 tox|[from] item: Leftovers
|-damage|p2a: Runerigus|84/100 tox|[from] psn
|upkeep
|turn|43
|
|t:|1604181401
|move|p1a: Jolteon|Shadow Ball|p2a: Runerigus
|-supereffective|p2a: Runerigus
|-damage|p2a: Runerigus|30/100 tox
|-unboost|p2a: Runerigus|spd|1
|move|p2a: Runerigus|Body Press|p1a: Jolteon
|-damage|p1a: Jolteon|0 fnt
|faint|p1a: Jolteon
|
|-heal|p2a: Runerigus|37/100 tox|[from] item: Leftovers
|-damage|p2a: Runerigus|18/100 tox|[from] psn
|upkeep
|
|t:|1604181408
|switch|p1a: Golbat|Golbat, F|100/100
|turn|44
|
|t:|1604181412
|move|p1a: Golbat|Brave Bird|p2a: Runerigus
|-damage|p2a: Runerigus|8/100 tox
|-damage|p1a: Golbat|98/100|[from] Recoil
|move|p2a: Runerigus|Poltergeist|p1a: Golbat
|-activate|p1a: Golbat|move: Poltergeist|Eviolite
|-damage|p1a: Golbat|67/100
|
|-heal|p2a: Runerigus|15/100 tox|[from] item: Leftovers
|-damage|p2a: Runerigus|0 fnt|[from] psn
|faint|p2a: Runerigus
|upkeep
|c|☆Rav3ndan|Gg
|c|☆allstarapology|gg
|
|t:|1604181420
|switch|p2a: Combusken|Combusken, M|51/100
|turn|45
|
|t:|1604181424
|move|p2a: Combusken|Protect|p2a: Combusken
|-singleturn|p2a: Combusken|Protect
|move|p1a: Golbat|Brave Bird|p2a: Combusken
|-activate|p2a: Combusken|move: Protect
|
|-ability|p2a: Combusken|Speed Boost|boost
|-boost|p2a: Combusken|spe|1
|upkeep
|turn|46
|
|t:|1604181430
|move|p2a: Combusken|Thunder Punch|p1a: Golbat
|-supereffective|p1a: Golbat
|-crit|p1a: Golbat
|-damage|p1a: Golbat|11/100
|-damage|p2a: Combusken|41/100|[from] item: Life Orb
|move|p1a: Golbat|Brave Bird|p2a: Combusken
|-supereffective|p2a: Combusken
|-damage|p2a: Combusken|0 fnt
|-damage|p1a: Golbat|1/100|[from] Recoil
|faint|p2a: Combusken
|
|win|allstarapology
|l|☆allstarapology
