|raw|<div class="broadcast-blue"><strong>This battle is required to be public due to a player having a name starting with 'pult4c1'.</div>
|j|☆CEO of open
|j|☆pult4c1 shane
|t:|1660823588
|gametype|singles
|player|p1|CEO of open|bugcatcher-gen4dp|1263
|player|p2|pult4c1 shane|veteran|1517
|teamsize|p1|6
|teamsize|p2|6
|gen|8
|tier|[Gen 8] PU
|rated|
|rule|Sleep Clause Mod: Limit one foe put to sleep
|rule|Species Clause: Limit one of each Pokémon
|rule|OHKO Clause: OHKO moves are banned
|rule|Evasion Items Clause: Evasion items are banned
|rule|Evasion Moves Clause: Evasion moves are banned
|rule|Endless Battle Clause: Forcing endless battles is banned
|rule|HP Percentage Mod: HP is shown in percentages
|rule|Dynamax Clause: You cannot dynamax
|clearpoke
|poke|p1|Lanturn, F|
|poke|p1|Hitmonlee, M|
|poke|p1|Sandaconda, F|
|poke|p1|Charizard, M|
|poke|p1|Garbodor, M|
|poke|p1|Frosmoth, F|
|poke|p2|Scyther, M|
|poke|p2|Hattrem, F|
|poke|p2|Rhydon, M|
|poke|p2|Flareon, M|
|poke|p2|Jellicent, F|
|poke|p2|Silvally-*|
|teampreview
|inactive|Battle timer is ON: inactive players will automatically lose when time's up. (requested by pult4c1 shane)
|
|t:|1660823605
|start
|switch|p1a: Lanturn|Lanturn, F|100/100
|switch|p2a: Jellicent|Jellicent, F|100/100
|turn|1
|
|t:|1660823614
|switch|p2a: Hattrem|Hattrem, F|100/100
|move|p1a: Lanturn|Toxic|p2a: Hattrem
|move|p2a: Hattrem|Toxic|p1a: Lanturn|[from]ability: Magic Bounce
|-status|p1a: Lanturn|tox
|
|-damage|p1a: Lanturn|94/100 tox|[from] psn
|upkeep
|turn|2
|
|t:|1660823622
|switch|p1a: Frosmoth|Frosmoth, F|100/100
|move|p2a: Hattrem|Psychic|p1a: Frosmoth
|-damage|p1a: Frosmoth|83/100
|
|upkeep
|turn|3
|
|t:|1660823632
|switch|p1a: Lanturn|Lanturn, F|94/100 tox
|switch|p2a: Flareon|Flareon, M|100/100
|
|-damage|p1a: Lanturn|88/100 tox|[from] psn
|upkeep
|turn|4
|
|t:|1660823637
|switch|p2a: Scyther|Scyther, M|100/100
|move|p1a: Lanturn|Hydro Pump|p2a: Scyther
|-damage|p2a: Scyther|0 fnt
|faint|p2a: Scyther
|
|-damage|p1a: Lanturn|76/100 tox|[from] psn
|upkeep
|
|t:|1660823646
|switch|p2a: Jellicent|Jellicent, F|100/100
|turn|5
|
|t:|1660823651
|switch|p1a: Garbodor|Garbodor, M|100/100
|move|p2a: Jellicent|Water Spout|p1a: Garbodor
|-damage|p1a: Garbodor|40/100
|
|upkeep
|turn|6
|
|t:|1660823661
|move|p2a: Jellicent|Water Spout|p1a: Garbodor
|-damage|p1a: Garbodor|0 fnt
|faint|p1a: Garbodor
|
|upkeep
|
|t:|1660823668
|switch|p1a: Frosmoth|Frosmoth, F|83/100
|turn|7
|
|t:|1660823673
|switch|p2a: Flareon|Flareon, M|100/100
|move|p1a: Frosmoth|Giga Drain|p2a: Flareon
|-resisted|p2a: Flareon
|-damage|p2a: Flareon|91/100
|-heal|p1a: Frosmoth|89/100|[from] drain|[of] p2a: Flareon
|
|-heal|p2a: Flareon|97/100|[from] item: Leftovers
|upkeep
|turn|8
|
|t:|1660823679
|switch|p1a: Sandaconda|Sandaconda, F, shiny|100/100
|move|p2a: Flareon|Flare Blitz|p1a: Sandaconda
|-damage|p1a: Sandaconda|68/100
|-damage|p2a: Flareon|81/100|[from] item: Rocky Helmet|[of] p1a: Sandaconda
|-damage|p2a: Flareon|70/100|[from] Recoil
|
|-heal|p2a: Flareon|76/100|[from] item: Leftovers
|upkeep
|turn|9
|
|t:|1660823683
|switch|p2a: Jellicent|Jellicent, F|100/100
|move|p1a: Sandaconda|Stealth Rock|p2a: Jellicent
|-sidestart|p2: pult4c1 shane|move: Stealth Rock
|
|upkeep
|turn|10
|
|t:|1660823687
|move|p2a: Jellicent|Water Spout|p1a: Sandaconda
|-supereffective|p1a: Sandaconda
|-damage|p1a: Sandaconda|0 fnt
|faint|p1a: Sandaconda
|
|upkeep
|
|t:|1660823689
|switch|p1a: Lanturn|Lanturn, F|76/100 tox
|turn|11
|
|t:|1660823695
|switch|p2a: Hattrem|Hattrem, F|100/100
|-damage|p2a: Hattrem|88/100|[from] Stealth Rock
|move|p1a: Lanturn|Toxic|p2a: Hattrem
|move|p2a: Hattrem|Toxic|p1a: Lanturn|[from]ability: Magic Bounce
|-fail|p1a: Lanturn|tox
|
|-damage|p1a: Lanturn|70/100 tox|[from] psn
|upkeep
|turn|12
|
|t:|1660823702
|switch|p1a: Frosmoth|Frosmoth, F|89/100
|switch|p2a: Silvally|Silvally-Fairy|100/100
|-damage|p2a: Silvally|88/100|[from] Stealth Rock
|
|upkeep
|turn|13
|
|t:|1660823708
|switch|p1a: Lanturn|Lanturn, F|70/100 tox
|move|p2a: Silvally|Defog|p1a: Lanturn
|-unboost|p1a: Lanturn|evasion|1
|-sideend|p2: pult4c1 shane|Stealth Rock|[from] move: Defog|[of] p2a: Silvally
|
|-damage|p1a: Lanturn|63/100 tox|[from] psn
|upkeep
|turn|14
|
|t:|1660823711
|switch|p2a: Hattrem|Hattrem, F|88/100
|move|p1a: Lanturn|Thunderbolt|p2a: Hattrem
|-damage|p2a: Hattrem|42/100
|
|-damage|p1a: Lanturn|51/100 tox|[from] psn
|upkeep
|turn|15
|
|t:|1660823716
|switch|p1a: Frosmoth|Frosmoth, F|89/100
|switch|p2a: Rhydon|Rhydon, M|100/100
|
|upkeep
|turn|16
|
|t:|1660823718
|switch|p1a: Lanturn|Lanturn, F|51/100 tox
|switch|p2a: Flareon|Flareon, M|76/100
|
|-heal|p2a: Flareon|82/100|[from] item: Leftovers
|-damage|p1a: Lanturn|45/100 tox|[from] psn
|upkeep
|turn|17
|
|t:|1660823723
|move|p2a: Flareon|Protect|p2a: Flareon
|-singleturn|p2a: Flareon|Protect
|move|p1a: Lanturn|Hydro Pump|p2a: Flareon
|-activate|p2a: Flareon|move: Protect
|
|-heal|p2a: Flareon|88/100|[from] item: Leftovers
|-damage|p1a: Lanturn|33/100 tox|[from] psn
|upkeep
|turn|18
|
|t:|1660823727
|switch|p1a: Hitmonlee|Hitmonlee, M|100/100
|switch|p2a: Jellicent|Jellicent, F|100/100
|
|upkeep
|turn|19
|
|t:|1660823729
|switch|p2a: Silvally|Silvally-Fairy|88/100
|move|p1a: Hitmonlee|Knock Off|p2a: Silvally
|-resisted|p2a: Silvally
|-damage|p2a: Silvally|80/100
|
|upkeep
|turn|20
|
|t:|1660823734
|switch|p1a: Frosmoth|Frosmoth, F|89/100
|move|p2a: Silvally|Multi-Attack|p1a: Frosmoth
|-damage|p1a: Frosmoth|19/100
|
|upkeep
|turn|21
|
|t:|1660823740
|switch|p2a: Flareon|Flareon, M|88/100
|move|p1a: Frosmoth|Ice Beam|p2a: Flareon
|-resisted|p2a: Flareon
|-damage|p2a: Flareon|71/100
|
|-heal|p2a: Flareon|77/100|[from] item: Leftovers
|upkeep
|turn|22
|
|t:|1660823743
|switch|p1a: Hitmonlee|Hitmonlee, M|100/100
|move|p2a: Flareon|Flare Blitz|p1a: Hitmonlee
|-damage|p1a: Hitmonlee|0 fnt
|faint|p1a: Hitmonlee
|-damage|p2a: Flareon|53/100|[from] Recoil
|
|-heal|p2a: Flareon|59/100|[from] item: Leftovers
|upkeep
|
|t:|1660823746
|switch|p1a: Lanturn|Lanturn, F|33/100 tox
|turn|23
|
|t:|1660823752
|switch|p1a: Frosmoth|Frosmoth, F|19/100
|move|p2a: Flareon|Protect||[still]
|-fail|p2a: Flareon
|
|-heal|p2a: Flareon|65/100|[from] item: Leftovers
|upkeep
|turn|24
|
|t:|1660823755
|switch|p1a: Lanturn|Lanturn, F|33/100 tox
|move|p2a: Flareon|Flare Blitz|p1a: Lanturn
|-resisted|p1a: Lanturn
|-damage|p1a: Lanturn|4/100 tox
|-damage|p2a: Flareon|53/100|[from] Recoil
|
|-heal|p2a: Flareon|59/100|[from] item: Leftovers
|-damage|p1a: Lanturn|0 fnt|[from] psn
|faint|p1a: Lanturn
|upkeep
|
|t:|1660823758
|switch|p1a: Charizard|Charizard, M|100/100
|turn|25
|
|t:|1660823762
|switch|p2a: Rhydon|Rhydon, M|100/100
|move|p1a: Charizard|Focus Blast|p2a: Rhydon|[miss]
|-miss|p1a: Charizard|p2a: Rhydon
|
|upkeep
|turn|26
|
|t:|1660823766
|switch|p1a: Frosmoth|Frosmoth, F|19/100
|move|p2a: Rhydon|Rock Blast|p1a: Frosmoth
|-supereffective|p1a: Frosmoth
|-damage|p1a: Frosmoth|0 fnt
|faint|p1a: Frosmoth
|-hitcount|p1: Frosmoth|1
|
|upkeep
|-message|CEO of open forfeited.
|
|win|pult4c1 shane
|raw|CEO of open's rating: 1263 &rarr; <strong>1254</strong><br />(-9 for losing)
|raw|pult4c1 shane's rating: 1538 &rarr; <strong>1545</strong><br />(+7 for winning)
|l|☆CEO of open
