|j|☆abrhmcinco
|j|☆kindersurprise2 0
|t:|1664821467
|gametype|singles
|player|p1|abrhmcinco|blue-masters|1313
|player|p2|kindersurprise2 0|emmet|1417
|teamsize|p1|6
|teamsize|p2|6
|gen|8
|tier|[Gen 8] PU
|rated|
|rule|Sleep Clause Mod: Limit one foe put to sleep
|rule|Species Clause: Limit one of each Pokémon
|rule|OHKO Clause: OHKO moves are banned
|rule|Evasion Items Clause: Evasion items are banned
|rule|Evasion Moves Clause: Evasion moves are banned
|rule|Endless Battle Clause: Forcing endless battles is banned
|rule|HP Percentage Mod: HP is shown in percentages
|rule|Dynamax Clause: You cannot dynamax
|clearpoke
|poke|p1|Charizard, F|
|poke|p1|Aromatisse, F|
|poke|p1|Weezing, M|
|poke|p1|Gallade, M|
|poke|p1|Frosmoth, F|
|poke|p1|Jolteon, F|
|poke|p2|Regirock|
|poke|p2|Eldegoss, M|
|poke|p2|Lanturn, M|
|poke|p2|Golbat, M|
|poke|p2|Magmortar, F|
|poke|p2|Sawk, M|
|teampreview
|inactive|Battle timer is ON: inactive players will automatically lose when time's up. (requested by abrhmcinco)
|
|t:|1664821485
|start
|switch|p1a: Gallade|Gallade, M|100/100
|switch|p2a: Regirock|Regirock|100/100
|turn|1
|
|t:|1664821490
|move|p1a: Gallade|Psycho Cut|p2a: Regirock
|-damage|p2a: Regirock|78/100
|move|p2a: Regirock|Toxic|p1a: Gallade|[miss]
|-miss|p2a: Regirock|p1a: Gallade
|
|-heal|p2a: Regirock|84/100|[from] item: Leftovers
|upkeep
|turn|2
|
|t:|1664821499
|switch|p1a: Weezing|Weezing, M|100/100
|move|p2a: Regirock|Toxic|p1a: Weezing
|-immune|p1a: Weezing
|
|-heal|p2a: Regirock|90/100|[from] item: Leftovers
|upkeep
|turn|3
|
|t:|1664821504
|move|p1a: Weezing|Toxic Spikes|p2a: Regirock
|-sidestart|p2: kindersurprise2 0|move: Toxic Spikes
|move|p2a: Regirock|Stealth Rock|p1a: Weezing
|-sidestart|p1: abrhmcinco|move: Stealth Rock
|
|-heal|p2a: Regirock|96/100|[from] item: Leftovers
|upkeep
|turn|4
|
|t:|1664821508
|switch|p2a: Golbat|Golbat, M|100/100
|move|p1a: Weezing|Toxic Spikes|p2a: Golbat
|-sidestart|p2: kindersurprise2 0|move: Toxic Spikes
|
|upkeep
|turn|5
|
|t:|1664821513
|move|p2a: Golbat|Defog|p1a: Weezing
|-unboost|p1a: Weezing|evasion|1
|-sideend|p1: abrhmcinco|Stealth Rock|[from] move: Defog|[of] p2a: Golbat
|-sideend|p2: kindersurprise2 0|Toxic Spikes|[from] move: Defog|[of] p2a: Golbat
|move|p1a: Weezing|Will-O-Wisp|p2a: Golbat
|-status|p2a: Golbat|brn
|
|-damage|p2a: Golbat|94/100 brn|[from] brn
|upkeep
|turn|6
|
|t:|1664821519
|switch|p1a: Jolteon|Jolteon, F|100/100
|move|p2a: Golbat|U-turn|p1a: Jolteon
|-damage|p1a: Jolteon|89/100
|
|t:|1664821522
|switch|p2a: Lanturn|Lanturn, M|100/100|[from]move: U-turn
|
|upkeep
|turn|7
|
|t:|1664821527
|switch|p1a: Gallade|Gallade, M|100/100
|move|p2a: Lanturn|Scald|p1a: Gallade
|-damage|p1a: Gallade|76/100
|
|upkeep
|turn|8
|
|t:|1664821534
|switch|p2a: Flour|Eldegoss, M|100/100
|move|p1a: Gallade|Close Combat|p2a: Flour
|-damage|p2a: Flour|17/100
|-unboost|p1a: Gallade|def|1
|-unboost|p1a: Gallade|spd|1
|-damage|p1a: Gallade|60/100|[from] item: Rocky Helmet|[of] p2a: Flour
|
|upkeep
|turn|9
|
|t:|1664821543
|switch|p2a: Golbat|Golbat, M|94/100 brn
|move|p1a: Gallade|Close Combat|p2a: Golbat
|-resisted|p2a: Golbat
|-damage|p2a: Golbat|82/100 brn
|-unboost|p1a: Gallade|def|1
|-unboost|p1a: Gallade|spd|1
|
|-damage|p2a: Golbat|76/100 brn|[from] brn
|upkeep
|turn|10
|
|t:|1664821554
|switch|p1a: Jolteon|Jolteon, F|89/100
|move|p2a: Golbat|U-turn|p1a: Jolteon
|-crit|p1a: Jolteon
|-damage|p1a: Jolteon|70/100
|
|t:|1664821567
|switch|p2a: Lanturn|Lanturn, M|100/100|[from]move: U-turn
|
|upkeep
|turn|11
|
|t:|1664821573
|switch|p1a: Aromatisse|Aromatisse, F|100/100
|move|p2a: Lanturn|Volt Switch|p1a: Aromatisse
|-damage|p1a: Aromatisse|86/100
|
|t:|1664821579
|switch|p2a: Regirock|Regirock|96/100|[from]move: Volt Switch
|
|-heal|p2a: Regirock|100/100|[from] item: Leftovers
|upkeep
|turn|12
|
|t:|1664821585
|move|p2a: Regirock|Stealth Rock|p1a: Aromatisse
|-sidestart|p1: abrhmcinco|move: Stealth Rock
|move|p1a: Aromatisse|Wish|p1a: Aromatisse
|
|upkeep
|turn|13
|
|t:|1664821590
|switch|p1a: Gallade|Gallade, M|60/100
|-damage|p1a: Gallade|54/100|[from] Stealth Rock
|move|p2a: Regirock|Toxic|p1a: Gallade
|-status|p1a: Gallade|tox
|
|-heal|p1a: Gallade|100/100 tox|[from] move: Wish|[wisher] Aromatisse
|-damage|p1a: Gallade|94/100 tox|[from] psn
|upkeep
|turn|14
|
|t:|1664821599
|switch|p2a: Golbat|Golbat, M|76/100 brn
|move|p1a: Gallade|Psycho Cut|p2a: Golbat
|-supereffective|p2a: Golbat
|-damage|p2a: Golbat|18/100 brn
|
|-damage|p1a: Gallade|82/100 tox|[from] psn
|-damage|p2a: Golbat|12/100 brn|[from] brn
|upkeep
|turn|15
|
|t:|1664821606
|switch|p2a: Regirock|Regirock|100/100
|move|p1a: Gallade|Psycho Cut|p2a: Regirock
|-damage|p2a: Regirock|78/100
|
|-heal|p2a: Regirock|84/100|[from] item: Leftovers
|-damage|p1a: Gallade|64/100 tox|[from] psn
|upkeep
|turn|16
|
|t:|1664821613
|switch|p1a: Aromatisse|Aromatisse, F|86/100
|move|p2a: Regirock|Rock Blast|p1a: Aromatisse
|-damage|p1a: Aromatisse|76/100
|-damage|p1a: Aromatisse|66/100
|-damage|p1a: Aromatisse|57/100
|-hitcount|p1a: Aromatisse|3
|
|-heal|p2a: Regirock|90/100|[from] item: Leftovers
|upkeep
|turn|17
|j| GeeGenerator
|
|t:|1664821624
|move|p2a: Regirock|Toxic|p1a: Aromatisse|[miss]
|-miss|p2a: Regirock|p1a: Aromatisse
|move|p1a: Aromatisse|Aromatherapy|p1a: Aromatisse
|-activate|p1a: Aromatisse|move: Aromatherapy
|-curestatus|p1: Gallade|tox|[msg]
|
|-heal|p2a: Regirock|96/100|[from] item: Leftovers
|upkeep
|turn|18
|
|t:|1664821630
|move|p2a: Regirock|Toxic|p1a: Aromatisse
|-status|p1a: Aromatisse|tox
|move|p1a: Aromatisse|Wish|p1a: Aromatisse
|
|-heal|p2a: Regirock|100/100|[from] item: Leftovers
|-damage|p1a: Aromatisse|50/100 tox|[from] psn
|upkeep
|turn|19
|
|t:|1664821635
|move|p2a: Regirock|Rock Blast|p1a: Aromatisse
|-damage|p1a: Aromatisse|41/100 tox
|-damage|p1a: Aromatisse|32/100 tox
|-damage|p1a: Aromatisse|23/100 tox
|-hitcount|p1a: Aromatisse|3
|move|p1a: Aromatisse|Moonblast|p2a: Regirock
|-damage|p2a: Regirock|69/100
|
|-heal|p1a: Aromatisse|73/100 tox|[from] move: Wish|[wisher] Aromatisse
|-heal|p2a: Regirock|75/100|[from] item: Leftovers
|-damage|p1a: Aromatisse|60/100 tox|[from] psn
|upkeep
|turn|20
|
|t:|1664821646
|switch|p1a: Weezing|Weezing, M|100/100
|-damage|p1a: Weezing|88/100|[from] Stealth Rock
|move|p2a: Regirock|Rock Blast|p1a: Weezing
|-crit|p1a: Weezing
|-damage|p1a: Weezing|78/100
|-damage|p1a: Weezing|72/100
|-damage|p1a: Weezing|65/100
|-hitcount|p1a: Weezing|3
|
|-heal|p2a: Regirock|81/100|[from] item: Leftovers
|upkeep
|turn|21
|
|t:|1664821654
|switch|p2a: Golbat|Golbat, M|12/100 brn
|move|p1a: Weezing|Sludge Bomb|p2a: Golbat
|-resisted|p2a: Golbat
|-damage|p2a: Golbat|0 fnt
|faint|p2a: Golbat
|
|upkeep
|
|t:|1664821657
|switch|p2a: Magmortar|Magmortar, F|100/100
|turn|22
|
|t:|1664821664
|switch|p1a: Charizard|Charizard, F|100/100
|move|p2a: Magmortar|Psychic|p1a: Charizard
|-crit|p1a: Charizard
|-damage|p1a: Charizard|32/100
|
|upkeep
|turn|23
|
|t:|1664821669
|move|p1a: Charizard|Defog|p2a: Magmortar
|-unboost|p2a: Magmortar|evasion|1
|-sideend|p1: abrhmcinco|Stealth Rock|[from] move: Defog|[of] p1a: Charizard
|move|p2a: Magmortar|Psychic|p1a: Charizard
|-crit|p1a: Charizard
|-damage|p1a: Charizard|0 fnt
|faint|p1a: Charizard
|
|upkeep
|
|t:|1664821676
|switch|p1a: Jolteon|Jolteon, F|70/100
|turn|24
|
|t:|1664821680
|switch|p2a: Lanturn|Lanturn, M|100/100
|move|p1a: Jolteon|Hyper Voice|p2a: Lanturn
|-damage|p2a: Lanturn|75/100
|
|-heal|p2a: Lanturn|82/100|[from] item: Leftovers
|upkeep
|turn|25
|
|t:|1664821687
|switch|p1a: Frosmoth|Frosmoth, F|100/100
|move|p2a: Lanturn|Scald|p1a: Frosmoth
|-crit|p1a: Frosmoth
|-damage|p1a: Frosmoth|78/100
|
|-heal|p2a: Lanturn|88/100|[from] item: Leftovers
|upkeep
|turn|26
|
|t:|1664821690
|move|p1a: Frosmoth|Quiver Dance|p1a: Frosmoth
|-boost|p1a: Frosmoth|spa|1
|-boost|p1a: Frosmoth|spd|1
|-boost|p1a: Frosmoth|spe|1
|move|p2a: Lanturn|Volt Switch|p1a: Frosmoth
|-damage|p1a: Frosmoth|70/100
|
|t:|1664821695
|switch|p2a: Sawk|Sawk, M|100/100|[from]move: Volt Switch
|
|upkeep
|turn|27
|
|t:|1664821702
|switch|p1a: Weezing|Weezing, M|65/100
|move|p2a: Sawk|Close Combat|p1a: Weezing
|-resisted|p1a: Weezing
|-damage|p1a: Weezing|43/100
|-unboost|p2a: Sawk|def|1
|-unboost|p2a: Sawk|spd|1
|-damage|p2a: Sawk|84/100|[from] item: Rocky Helmet|[of] p1a: Weezing
|
|upkeep
|turn|28
|
|t:|1664821709
|switch|p2a: Magmortar|Magmortar, F|100/100
|move|p1a: Weezing|Pain Split|p2a: Magmortar
|-sethp|p2a: Magmortar|75/100|[from] move: Pain Split|[silent]
|-sethp|p1a: Weezing|65/100|[from] move: Pain Split
|
|upkeep
|turn|29
|
|t:|1664821713
|switch|p1a: Aromatisse|Aromatisse, F|60/100 tox
|move|p2a: Magmortar|Flamethrower|p1a: Aromatisse
|-damage|p1a: Aromatisse|15/100 tox
|
|-damage|p1a: Aromatisse|9/100 tox|[from] psn
|upkeep
|turn|30
|
|t:|1664821719
|move|p2a: Magmortar|Flamethrower|p1a: Aromatisse
|-damage|p1a: Aromatisse|0 fnt
|faint|p1a: Aromatisse
|
|upkeep
|
|t:|1664821722
|switch|p1a: Jolteon|Jolteon, F|70/100
|turn|31
|
|t:|1664821727
|switch|p2a: Lanturn|Lanturn, M|88/100
|move|p1a: Jolteon|Thunderbolt|p2a: Lanturn
|-heal|p2a: Lanturn|100/100|[from] ability: Volt Absorb|[of] p1a: Jolteon
|
|upkeep
|turn|32
|
|t:|1664821732
|switch|p1a: Frosmoth|Frosmoth, F|70/100
|move|p2a: Lanturn|Volt Switch|p1a: Frosmoth
|-damage|p1a: Frosmoth|57/100
|
|t:|1664821736
|switch|p2a: Magmortar|Magmortar, F|75/100|[from]move: Volt Switch
|
|upkeep
|turn|33
|
|t:|1664821740
|switch|p1a: Weezing|Weezing, M|65/100
|move|p2a: Magmortar|Flamethrower|p1a: Weezing
|-damage|p1a: Weezing|0 fnt
|faint|p1a: Weezing
|
|upkeep
|
|t:|1664821742
|switch|p1a: Gallade|Gallade, M|64/100
|turn|34
|j| tMoura
|
|t:|1664821745
|move|p2a: Magmortar|Flamethrower|p1a: Gallade
|-damage|p1a: Gallade|0 fnt
|faint|p1a: Gallade
|
|upkeep
|-message|abrhmcinco forfeited.
|
|win|kindersurprise2 0
|raw|abrhmcinco's rating: 1313 &rarr; <strong>1299</strong><br />(-14 for losing)
|raw|kindersurprise2 0's rating: 1417 &rarr; <strong>1431</strong><br />(+14 for winning)
|l|☆abrhmcinco
|l| tMoura
