|j|☆kingqueso141
|j|☆panned bomb
|t:|1644358633
|gametype|singles
|player|p1|kingqueso141|rosa|1429
|player|p2|panned bomb|101|1451
|teamsize|p1|6
|teamsize|p2|6
|gen|8
|tier|[Gen 8] PU
|rated|
|rule|Sleep Clause Mod: Limit one foe put to sleep
|rule|Species Clause: Limit one of each Pokémon
|rule|OHKO Clause: OHKO moves are banned
|rule|Evasion Moves Clause: Evasion moves are banned
|rule|Endless Battle Clause: Forcing endless battles is banned
|rule|HP Percentage Mod: HP is shown in percentages
|rule|Dynamax Clause: You cannot dynamax
|clearpoke
|poke|p1|Regirock|
|poke|p1|Ferroseed, M|
|poke|p1|Centiskorch, M|
|poke|p1|Espeon, M|
|poke|p1|Silvally-*|
|poke|p1|Jellicent, F|
|poke|p2|Frosmoth, M|
|poke|p2|Archeops, F|
|poke|p2|Magneton|
|poke|p2|Palossand, F|
|poke|p2|Aromatisse, M|
|poke|p2|Flapple, F|
|teampreview
|
|t:|1644358653
|start
|switch|p1a: Silvally|Silvally-Dark|100/100
|switch|p2a: Palossand|Palossand, F|100/100
|turn|1
|
|t:|1644358659
|switch|p2a: Aromatisse|Aromatisse, M|100/100
|move|p1a: Silvally|Swords Dance|p1a: Silvally
|-boost|p1a: Silvally|atk|2
|
|upkeep
|turn|2
|
|t:|1644358664
|move|p1a: Silvally|Iron Head|p2a: Aromatisse
|-supereffective|p2a: Aromatisse
|-damage|p2a: Aromatisse|36/100
|move|p2a: Aromatisse|Moonblast|p1a: Silvally
|-supereffective|p1a: Silvally
|-damage|p1a: Silvally|24/100
|-unboost|p1a: Silvally|spa|1
|
|upkeep
|turn|3
|
|t:|1644358670
|move|p1a: Silvally|Iron Head|p2a: Aromatisse
|-supereffective|p2a: Aromatisse
|-damage|p2a: Aromatisse|0 fnt
|faint|p2a: Aromatisse
|
|upkeep
|
|t:|1644358672
|switch|p2a: Archeops|Archeops, F|100/100
|turn|4
|
|t:|1644358677
|switch|p1a: Ferroseed|Ferroseed, M|100/100
|move|p2a: Archeops|Earthquake|p1a: Ferroseed
|-damage|p1a: Ferroseed|80/100
|
|upkeep
|turn|5
|
|t:|1644358688
|move|p2a: Archeops|Earthquake|p1a: Ferroseed
|-damage|p1a: Ferroseed|58/100
|move|p1a: Ferroseed|Gyro Ball|p2a: Archeops
|-supereffective|p2a: Archeops
|-damage|p2a: Archeops|9/100
|
|upkeep
|turn|6
|
|t:|1644358697
|switch|p2a: Magneton|Magneton|100/100
|move|p1a: Ferroseed|Leech Seed|p2a: Magneton
|-start|p2a: Magneton|move: Leech Seed
|
|-damage|p2a: Magneton|88/100|[from] Leech Seed|[of] p1a: Ferroseed
|-heal|p1a: Ferroseed|70/100|[silent]
|upkeep
|turn|7
|
|t:|1644358703
|move|p2a: Magneton|Volt Switch|p1a: Ferroseed
|-resisted|p1a: Ferroseed
|-damage|p1a: Ferroseed|53/100
|
|t:|1644358708
|switch|p2a: Palossand|Palossand, F|100/100|[from]move: Volt Switch
|move|p1a: Ferroseed|Knock Off|p2a: Palossand
|-supereffective|p2a: Palossand
|-damage|p2a: Palossand|78/100
|-damage|p1a: Ferroseed|36/100|[from] item: Rocky Helmet|[of] p2a: Palossand
|-enditem|p2a: Palossand|Rocky Helmet|[from] move: Knock Off|[of] p1a: Ferroseed
|
|upkeep
|turn|8
|
|t:|1644358715
|move|p2a: Palossand|Shadow Ball|p1a: Ferroseed
|-damage|p1a: Ferroseed|1/100
|move|p1a: Ferroseed|Leech Seed|p2a: Palossand
|-start|p2a: Palossand|move: Leech Seed
|
|-damage|p2a: Palossand|66/100|[from] Leech Seed|[of] p1a: Ferroseed
|-heal|p1a: Ferroseed|17/100|[silent]
|upkeep
|turn|9
|
|t:|1644358724
|move|p1a: Ferroseed|Protect|p1a: Ferroseed
|-singleturn|p1a: Ferroseed|Protect
|move|p2a: Palossand|Shadow Ball|p1a: Ferroseed
|-activate|p1a: Ferroseed|move: Protect
|
|-damage|p2a: Palossand|53/100|[from] Leech Seed|[of] p1a: Ferroseed
|-heal|p1a: Ferroseed|33/100|[silent]
|upkeep
|turn|10
|
|t:|1644358733
|move|p2a: Palossand|Earth Power|p1a: Ferroseed
|-damage|p1a: Ferroseed|0 fnt
|faint|p1a: Ferroseed
|
|upkeep
|
|t:|1644358744
|switch|p1a: Silvally|Silvally-Dark|24/100
|turn|11
|
|t:|1644358750
|switch|p2a: Archeops|Archeops, F|9/100
|move|p1a: Silvally|Multi-Attack|p2a: Archeops
|-damage|p2a: Archeops|0 fnt
|faint|p2a: Archeops
|
|upkeep
|
|t:|1644358752
|switch|p2a: Flapple|Flapple, F|100/100
|turn|12
|
|t:|1644358762
|move|p2a: Flapple|U-turn|p1a: Silvally
|-supereffective|p1a: Silvally
|-damage|p1a: Silvally|0 fnt
|faint|p1a: Silvally
|
|t:|1644358771
|switch|p2a: Magneton|Magneton|88/100|[from]move: U-turn
|
|upkeep
|
|t:|1644358782
|switch|p1a: Regirock|Regirock|100/100
|turn|13
|
|t:|1644358801
|move|p2a: Magneton|Volt Switch|p1a: Regirock
|-damage|p1a: Regirock|65/100
|
|t:|1644358803
|switch|p2a: Palossand|Palossand, F|53/100|[from]move: Volt Switch
|move|p1a: Regirock|Body Press|p2a: Palossand
|-immune|p2a: Palossand
|
|-heal|p1a: Regirock|71/100|[from] item: Leftovers
|upkeep
|turn|14
|
|t:|1644358811
|move|p1a: Regirock|Toxic|p2a: Palossand
|-status|p2a: Palossand|tox
|move|p2a: Palossand|Shore Up|p2a: Palossand
|-heal|p2a: Palossand|100/100 tox
|
|-heal|p1a: Regirock|77/100|[from] item: Leftovers
|-damage|p2a: Palossand|94/100 tox|[from] psn
|upkeep
|turn|15
|
|t:|1644358819
|move|p1a: Regirock|Stealth Rock|p2a: Palossand
|-sidestart|p2: panned bomb|move: Stealth Rock
|move|p2a: Palossand|Earth Power|p1a: Regirock
|-supereffective|p1a: Regirock
|-damage|p1a: Regirock|3/100
|
|-heal|p1a: Regirock|9/100|[from] item: Leftovers
|-damage|p2a: Palossand|82/100 tox|[from] psn
|upkeep
|turn|16
|
|t:|1644358823
|switch|p1a: Jellicent|Jellicent, F|100/100
|move|p2a: Palossand|Shadow Ball|p1a: Jellicent
|-supereffective|p1a: Jellicent
|-damage|p1a: Jellicent|41/100
|-unboost|p1a: Jellicent|spd|1
|-start|p2a: Palossand|Disable|Shadow Ball|[from] ability: Cursed Body|[of] p1a: Jellicent
|
|-damage|p2a: Palossand|64/100 tox|[from] psn
|upkeep
|turn|17
|
|t:|1644358839
|move|p1a: Jellicent|Recover|p1a: Jellicent
|-heal|p1a: Jellicent|91/100
|move|p2a: Palossand|Stealth Rock|p1a: Jellicent
|-sidestart|p1: kingqueso141|move: Stealth Rock
|
|-damage|p2a: Palossand|39/100 tox|[from] psn
|upkeep
|turn|18
|
|t:|1644358843
|switch|p2a: Magneton|Magneton|88/100
|-damage|p2a: Magneton|82/100|[from] Stealth Rock
|move|p1a: Jellicent|Hex|p2a: Magneton
|-damage|p2a: Magneton|62/100
|
|upkeep
|turn|19
|
|t:|1644358855
|move|p2a: Magneton|Volt Switch|p1a: Jellicent
|-supereffective|p1a: Jellicent
|-damage|p1a: Jellicent|6/100
|-start|p2a: Magneton|Disable|Volt Switch|[from] ability: Cursed Body|[of] p1a: Jellicent
|
|t:|1644358860
|switch|p2a: Frosmoth|Frosmoth, M|100/100|[from]move: Volt Switch
|move|p1a: Jellicent|Hex|p2a: Frosmoth
|-damage|p2a: Frosmoth|90/100
|
|upkeep
|turn|20
|
|t:|1644358871
|switch|p1a: Centiskorch|Centiskorch, M|100/100
|move|p2a: Frosmoth|Ice Beam|p1a: Centiskorch
|-resisted|p1a: Centiskorch
|-damage|p1a: Centiskorch|77/100
|
|upkeep
|turn|21
|
|t:|1644358875
|switch|p2a: Palossand|Palossand, F|39/100 tox
|-damage|p2a: Palossand|33/100 tox|[from] Stealth Rock
|move|p1a: Centiskorch|Fire Lash|p2a: Palossand
|-damage|p2a: Palossand|0 fnt
|faint|p2a: Palossand
|
|upkeep
|
|t:|1644358878
|switch|p2a: Flapple|Flapple, F|100/100
|-damage|p2a: Flapple|88/100|[from] Stealth Rock
|turn|22
|
|t:|1644358891
|move|p2a: Flapple|Outrage|p1a: Centiskorch
|-damage|p1a: Centiskorch|0 fnt
|faint|p1a: Centiskorch
|
|upkeep
|
|t:|1644358901
|switch|p1a: Espeon|Espeon, M|100/100
|-damage|p1a: Espeon|88/100|[from] Stealth Rock
|turn|23
|
|t:|1644358912
|move|p2a: Flapple|Outrage|p1a: Espeon|[from]lockedmove
|-damage|p1a: Espeon|0 fnt
|faint|p1a: Espeon
|
|upkeep
|-message|kingqueso141 forfeited.
|
|win|panned bomb
|raw|kingqueso141's rating: 1429 &rarr; <strong>1410</strong><br />(-19 for losing)
|raw|panned bomb's rating: 1451 &rarr; <strong>1470</strong><br />(+19 for winning)
|l|☆kingqueso141
||Ladder isn't responding, score probably updated but might not have (Request timeout).
