|j|☆ForzaDorianPro
|j|☆sassy ylay
|t:|1640030849
|gametype|singles
|player|p1|ForzaDorianPro|gardenia|1241
|player|p2|sassy ylay|clown|1429
|teamsize|p1|6
|teamsize|p2|6
|gen|8
|tier|[Gen 8] PU
|rated|
|rule|Sleep Clause Mod: Limit one foe put to sleep
|rule|Species Clause: Limit one of each Pokémon
|rule|OHKO Clause: OHKO moves are banned
|rule|Evasion Moves Clause: Evasion moves are banned
|rule|Endless Battle Clause: Forcing endless battles is banned
|rule|HP Percentage Mod: HP is shown in percentages
|rule|Dynamax Clause: You cannot dynamax
|clearpoke
|poke|p1|Ribombee, F|
|poke|p1|Morpeko, M|
|poke|p1|Flapple, F|
|poke|p1|Gallade, M|
|poke|p1|Regirock|
|poke|p1|Frosmoth, F|
|poke|p2|Drifblim, M|
|poke|p2|Ribombee, F|
|poke|p2|Ferroseed, M|
|poke|p2|Regirock|
|poke|p2|Cryogonal|
|poke|p2|Flapple, F|
|teampreview
|
|t:|1640030881
|start
|switch|p1a: Ribombee|Ribombee, F|100/100
|switch|p2a: Drifblim|Drifblim, M|100/100
|turn|1
|
|t:|1640030893
|move|p1a: Ribombee|Sticky Web|p2a: Drifblim
|-sidestart|p2: sassy ylay|move: Sticky Web
|move|p2a: Drifblim|Thunder Wave|p1a: Ribombee|[miss]
|-miss|p2a: Drifblim|p1a: Ribombee
|
|upkeep
|turn|2
|
|t:|1640030899
|switch|p1a: Morpeko|Morpeko, M|100/100
|move|p2a: Drifblim|Will-O-Wisp|p1a: Morpeko
|-status|p1a: Morpeko|brn
|
|-damage|p1a: Morpeko|94/100 brn|[from] brn
|-formechange|p1a: Morpeko|Morpeko-Hangry||[from] ability: Hunger Switch
|upkeep
|turn|3
|c|☆ForzaDorianPro|hardest prediction yet
|
|t:|1640030917
|switch|p2a: Regirock|Regirock|100/100
|-activate|p2a: Regirock|move: Sticky Web
|-fail|p2a: Regirock|unboost|[from] ability: Clear Body|[of] p2a: Regirock
|move|p1a: Morpeko|Aura Wheel|p2a: Regirock
|-damage|p2a: Regirock|86/100
|-boost|p1a: Morpeko|spe|1
|
|-heal|p2a: Regirock|92/100|[from] item: Leftovers
|-damage|p1a: Morpeko|88/100 brn|[from] brn
|-formechange|p1a: Morpeko|Morpeko||[from] ability: Hunger Switch
|upkeep
|turn|4
|
|t:|1640030930
|switch|p1a: Flapple|Flapple, F|100/100
|move|p2a: Regirock|Stealth Rock|p1a: Flapple
|-sidestart|p1: ForzaDorianPro|move: Stealth Rock
|
|-heal|p2a: Regirock|98/100|[from] item: Leftovers
|upkeep
|turn|5
|
|t:|1640030933
|switch|p2a: Ferroseed|Ferroseed, M|100/100
|-activate|p2a: Ferroseed|move: Sticky Web
|-unboost|p2a: Ferroseed|spe|1
|move|p1a: Flapple|Dragon Dance|p1a: Flapple
|-boost|p1a: Flapple|atk|1
|-boost|p1a: Flapple|spe|1
|
|upkeep
|turn|6
|
|t:|1640030937
|move|p1a: Flapple|U-turn|p2a: Ferroseed
|-damage|p2a: Ferroseed|75/100
|-damage|p1a: Flapple|88/100|[from] ability: Iron Barbs|[of] p2a: Ferroseed
|-damage|p1a: Flapple|78/100|[from] item: Life Orb
|
|t:|1640030948
|switch|p1a: Gallade|Gallade, M|100/100|[from]move: U-turn
|-damage|p1a: Gallade|94/100|[from] Stealth Rock
|move|p2a: Ferroseed|Gyro Ball|p1a: Gallade
|-damage|p1a: Gallade|43/100
|
|upkeep
|turn|7
|
|t:|1640030952
|switch|p2a: Drifblim|Drifblim, M|100/100
|move|p1a: Gallade|Close Combat|p2a: Drifblim
|-immune|p2a: Drifblim
|
|upkeep
|turn|8
|
|t:|1640030956
|move|p1a: Gallade|Swords Dance|p1a: Gallade
|-boost|p1a: Gallade|atk|2
|move|p2a: Drifblim|Hex|p1a: Gallade
|-supereffective|p1a: Gallade
|-damage|p1a: Gallade|0 fnt
|faint|p1a: Gallade
|
|upkeep
|
|t:|1640030962
|switch|p1a: Regirock|Regirock|100/100
|-damage|p1a: Regirock|88/100|[from] Stealth Rock
|turn|9
|
|t:|1640030969
|move|p2a: Drifblim|Will-O-Wisp|p1a: Regirock
|-status|p1a: Regirock|brn
|move|p1a: Regirock|Stealth Rock|p2a: Drifblim
|-sidestart|p2: sassy ylay|move: Stealth Rock
|
|-heal|p1a: Regirock|94/100 brn|[from] item: Leftovers
|-damage|p1a: Regirock|88/100 brn|[from] brn
|upkeep
|turn|10
|
|t:|1640030973
|switch|p2a: Flapple|Flapple, F|100/100
|-activate|p2a: Flapple|move: Sticky Web
|-unboost|p2a: Flapple|spe|1
|-damage|p2a: Flapple|88/100|[from] Stealth Rock
|move|p1a: Regirock|Toxic|p2a: Flapple
|-status|p2a: Flapple|tox
|
|-heal|p1a: Regirock|94/100 brn|[from] item: Leftovers
|-damage|p2a: Flapple|82/100 tox|[from] psn
|-damage|p1a: Regirock|88/100 brn|[from] brn
|upkeep
|turn|11
|
|t:|1640030984
|move|p2a: Flapple|Giga Drain|p1a: Regirock
|-supereffective|p1a: Regirock
|-damage|p1a: Regirock|4/100 brn
|-heal|p2a: Flapple|100/100 tox|[from] drain|[of] p1a: Regirock
|-damage|p2a: Flapple|91/100 tox|[from] item: Life Orb
|move|p1a: Regirock|Rock Blast|p2a: Flapple
|-damage|p2a: Flapple|84/100 tox
|-damage|p2a: Flapple|77/100 tox
|-damage|p2a: Flapple|70/100 tox
|-damage|p2a: Flapple|62/100 tox
|-hitcount|p2a: Flapple|4
|
|-heal|p1a: Regirock|10/100 brn|[from] item: Leftovers
|-damage|p2a: Flapple|50/100 tox|[from] psn
|-damage|p1a: Regirock|4/100 brn|[from] brn
|upkeep
|turn|12
|
|t:|1640031002
|move|p2a: Flapple|Giga Drain|p1a: Regirock
|-supereffective|p1a: Regirock
|-damage|p1a: Regirock|0 fnt
|-heal|p2a: Flapple|52/100 tox|[from] drain|[of] p1a: Regirock
|faint|p1a: Regirock
|-damage|p2a: Flapple|42/100 tox|[from] item: Life Orb
|
|-damage|p2a: Flapple|24/100 tox|[from] psn
|upkeep
|
|t:|1640031009
|switch|p1a: Morpeko|Morpeko, M|88/100 brn
|-damage|p1a: Morpeko|76/100 brn|[from] Stealth Rock
|turn|13
|
|t:|1640031021
|switch|p2a: Ferroseed|Ferroseed, M|75/100
|-activate|p2a: Ferroseed|move: Sticky Web
|-unboost|p2a: Ferroseed|spe|1
|-damage|p2a: Ferroseed|69/100|[from] Stealth Rock
|move|p1a: Morpeko|Ice Fang|p2a: Ferroseed
|-damage|p2a: Ferroseed|61/100
|-damage|p1a: Morpeko|63/100 brn|[from] ability: Iron Barbs|[of] p2a: Ferroseed
|
|-damage|p1a: Morpeko|57/100 brn|[from] brn
|-formechange|p1a: Morpeko|Morpeko-Hangry||[from] ability: Hunger Switch
|upkeep
|turn|14
|
|t:|1640031031
|move|p1a: Morpeko|Ice Fang|p2a: Ferroseed
|-damage|p2a: Ferroseed|53/100
|-damage|p1a: Morpeko|45/100 brn|[from] ability: Iron Barbs|[of] p2a: Ferroseed
|move|p2a: Ferroseed|Spikes|p1a: Morpeko
|-sidestart|p1: ForzaDorianPro|Spikes
|
|-damage|p1a: Morpeko|38/100 brn|[from] brn
|-formechange|p1a: Morpeko|Morpeko||[from] ability: Hunger Switch
|upkeep
|turn|15
|
|t:|1640031043
|move|p1a: Morpeko|Ice Fang|p2a: Ferroseed
|-damage|p2a: Ferroseed|45/100
|-status|p2a: Ferroseed|frz
|-damage|p1a: Morpeko|26/100 brn|[from] ability: Iron Barbs|[of] p2a: Ferroseed
|cant|p2a: Ferroseed|frz
|
|-damage|p1a: Morpeko|20/100 brn|[from] brn
|-formechange|p1a: Morpeko|Morpeko-Hangry||[from] ability: Hunger Switch
|upkeep
|turn|16
|
|t:|1640031050
|switch|p1a: Flapple|Flapple, F|78/100
|-damage|p1a: Flapple|66/100|[from] Spikes
|-damage|p1a: Flapple|53/100|[from] Stealth Rock
|switch|p2a: Ribombee|Ribombee, F|100/100
|
|upkeep
|turn|17
|
|t:|1640031059
|move|p2a: Ribombee|Aromatherapy|p2a: Ribombee
|-activate|p2a: Ribombee|move: Aromatherapy
|-curestatus|p2: Ferroseed|frz|[msg]
|-curestatus|p2: Flapple|tox|[msg]
|move|p1a: Flapple|Dragon Dance|p1a: Flapple
|-boost|p1a: Flapple|atk|1
|-boost|p1a: Flapple|spe|1
|
|upkeep
|turn|18
|
|t:|1640031069
|move|p1a: Flapple|U-turn|p2a: Ribombee
|-resisted|p2a: Ribombee
|-damage|p2a: Ribombee|61/100
|-damage|p1a: Flapple|43/100|[from] item: Life Orb
|
|t:|1640031074
|switch|p1a: Frosmoth|Frosmoth, F|100/100|[from]move: U-turn
|move|p2a: Ribombee|Moonblast|p1a: Frosmoth
|-damage|p1a: Frosmoth|75/100
|
|upkeep
|turn|19
|
|t:|1640031080
|switch|p2a: Regirock|Regirock|98/100
|-activate|p2a: Regirock|move: Sticky Web
|-fail|p2a: Regirock|unboost|[from] ability: Clear Body|[of] p2a: Regirock
|-damage|p2a: Regirock|85/100|[from] Stealth Rock
|move|p1a: Frosmoth|Quiver Dance|p1a: Frosmoth
|-boost|p1a: Frosmoth|spa|1
|-boost|p1a: Frosmoth|spd|1
|-boost|p1a: Frosmoth|spe|1
|
|-heal|p2a: Regirock|91/100|[from] item: Leftovers
|upkeep
|turn|20
|
|t:|1640031086
|move|p1a: Frosmoth|Giga Drain|p2a: Regirock
|-supereffective|p2a: Regirock
|-damage|p2a: Regirock|35/100
|-heal|p1a: Frosmoth|100/100|[from] drain|[of] p2a: Regirock
|move|p2a: Regirock|Rock Blast|p1a: Frosmoth
|-supereffective|p1a: Frosmoth
|-damage|p1a: Frosmoth|35/100
|-supereffective|p1a: Frosmoth
|-damage|p1a: Frosmoth|0 fnt
|faint|p1a: Frosmoth
|-hitcount|p1: Frosmoth|2
|
|-heal|p2a: Regirock|41/100|[from] item: Leftovers
|upkeep
|
|t:|1640031092
|switch|p1a: Flapple|Flapple, F|43/100
|-damage|p1a: Flapple|31/100|[from] Stealth Rock
|-damage|p1a: Flapple|19/100|[from] Spikes
|turn|21
|
|t:|1640031100
|switch|p2a: Ferroseed|Ferroseed, M|45/100
|-activate|p2a: Ferroseed|move: Sticky Web
|-unboost|p2a: Ferroseed|spe|1
|-damage|p2a: Ferroseed|39/100|[from] Stealth Rock
|move|p1a: Flapple|Grav Apple|p2a: Ferroseed
|-resisted|p2a: Ferroseed
|-damage|p2a: Ferroseed|32/100
|-unboost|p2a: Ferroseed|def|1
|-damage|p1a: Flapple|9/100|[from] item: Life Orb
|
|upkeep
|turn|22
|
|t:|1640031105
|move|p1a: Flapple|U-turn|p2a: Ferroseed
|-damage|p2a: Ferroseed|5/100
|-damage|p1a: Flapple|0 fnt|[from] ability: Iron Barbs|[of] p2a: Ferroseed
|faint|p1a: Flapple
|move|p2a: Ferroseed|Gyro Ball|p1: Flapple|[notarget]
|-fail|p2a: Ferroseed
|
|upkeep
|
|t:|1640031108
|switch|p1a: Morpeko|Morpeko, M|20/100 brn
|-damage|p1a: Morpeko|7/100 brn|[from] Spikes
|-damage|p1a: Morpeko|0 fnt|[from] Stealth Rock
|faint|p1a: Morpeko
|
|t:|1640031110
|switch|p1a: Ribombee|Ribombee, F|100/100
|-damage|p1a: Ribombee|88/100|[from] Spikes
|-damage|p1a: Ribombee|63/100|[from] Stealth Rock
|turn|23
|
|t:|1640031113
|move|p1a: Ribombee|Bug Buzz|p2a: Ferroseed
|-damage|p2a: Ferroseed|0 fnt
|faint|p2a: Ferroseed
|
|upkeep
|
|t:|1640031119
|switch|p2a: Cryogonal|Cryogonal|100/100
|turn|24
|
|t:|1640031124
|move|p1a: Ribombee|Quiver Dance|p1a: Ribombee
|-boost|p1a: Ribombee|spa|1
|-boost|p1a: Ribombee|spd|1
|-boost|p1a: Ribombee|spe|1
|move|p2a: Cryogonal|Ice Beam|p1a: Ribombee
|-damage|p1a: Ribombee|19/100
|
|upkeep
|turn|25
|
|t:|1640031129
|move|p1a: Ribombee|Moonblast|p2a: Cryogonal
|-damage|p2a: Cryogonal|46/100
|move|p2a: Cryogonal|Ice Beam|p1a: Ribombee
|-damage|p1a: Ribombee|0 fnt
|faint|p1a: Ribombee
|
|win|sassy ylay
|raw|ForzaDorianPro's rating: 1241 &rarr; <strong>1228</strong><br />(-13 for losing)
|raw|sassy ylay's rating: 1429 &rarr; <strong>1439</strong><br />(+10 for winning)
|l|☆ForzaDorianPro
