|j|☆pult4c1 shane
|j|☆PULT4C1 S1n
|t:|1660573111
|gametype|singles
|player|p1|pult4c1 shane|veteran|1357
|player|p2|PULT4C1 S1n|#ho3nconfirm3d|1293
|teamsize|p1|6
|teamsize|p2|6
|gen|8
|tier|[Gen 8] PU
|rated|
|rule|Sleep Clause Mod: Limit one foe put to sleep
|rule|Species Clause: Limit one of each Pokémon
|rule|OHKO Clause: OHKO moves are banned
|rule|Evasion Items Clause: Evasion items are banned
|rule|Evasion Moves Clause: Evasion moves are banned
|rule|Endless Battle Clause: Forcing endless battles is banned
|rule|HP Percentage Mod: HP is shown in percentages
|rule|Dynamax Clause: You cannot dynamax
|clearpoke
|poke|p1|Articuno-Galar|
|poke|p1|Cryogonal|
|poke|p1|Quagsire, M|
|poke|p1|Charizard, F|
|poke|p1|Ribombee, M|
|poke|p1|Regirock|
|poke|p2|Kabutops, M|
|poke|p2|Glastrier|
|poke|p2|Qwilfish, F|
|poke|p2|Silvally-*|
|poke|p2|Accelgor, F|
|poke|p2|Turtonator, M|
|teampreview
|inactive|Battle timer is ON: inactive players will automatically lose when time's up. (requested by pult4c1 shane)
|inactive|pult4c1 shane has 120 seconds left.
|l|☆PULT4C1 S1n
|inactive|PULT4C1 S1n disconnected and has a minute to reconnect!
|player|p2|
|
|t:|1660573160
|start
|switch|p1a: Articuno|Articuno-Galar|100/100
|switch|p2a: Kabutops|Kabutops, M|100/100
|turn|1
|j|+Ho3nConfirm3d
|l|+Ho3nConfirm3d
|j|☆PULT4C1 S1n
|inactive|PULT4C1 S1n reconnected and has 135 seconds left.
|player|p2|PULT4C1 S1n|#ho3nconfirm3d
|
|t:|1660573188
|move|p1a: Articuno|Freezing Glare|p2a: Kabutops
|-enditem|p2a: Kabutops|Focus Sash
|-damage|p2a: Kabutops|1/100
|move|p2a: Kabutops|Knock Off|p1a: Articuno
|-supereffective|p1a: Articuno
|-damage|p1a: Articuno|23/100
|-enditem|p1a: Articuno|Choice Specs|[from] move: Knock Off|[of] p2a: Kabutops
|
|upkeep
|turn|2
|j| keelelelel
|
|t:|1660573198
|move|p1a: Articuno|Freezing Glare|p2a: Kabutops
|-damage|p2a: Kabutops|0 fnt
|faint|p2a: Kabutops
|
|upkeep
|
|t:|1660573209
|switch|p2a: Qwilfish|Qwilfish, F|100/100
|-ability|p2a: Qwilfish|Intimidate|boost
|-unboost|p1a: Articuno|atk|1
|-ability|p1a: Articuno|Competitive
|-boost|p1a: Articuno|spa|2
|turn|3
|
|t:|1660573224
|switch|p1a: Quagsire|Quagsire, M|100/100
|move|p2a: Qwilfish|Aqua Jet|p1a: Quagsire
|-damage|p1a: Quagsire|84/100
|
|upkeep
|turn|4
|
|t:|1660573232
|switch|p2a: Accelgor|Accelgor, F|100/100
|move|p1a: Quagsire|Earthquake|p2a: Accelgor
|-resisted|p2a: Accelgor
|-damage|p2a: Accelgor|63/100
|
|upkeep
|turn|5
|
|t:|1660573244
|switch|p1a: Cryogonal|Cryogonal|100/100
|move|p2a: Accelgor|Bug Buzz|p1a: Cryogonal
|-damage|p1a: Cryogonal|75/100
|-enditem|p2a: Accelgor|Throat Spray
|-boost|p2a: Accelgor|spa|1|[from] item: Throat Spray
|
|upkeep
|turn|6
|inactive|pult4c1 shane has 120 seconds left.
|
|t:|1660573291
|move|p2a: Accelgor|Focus Blast|p1a: Cryogonal
|-supereffective|p1a: Cryogonal
|-damage|p1a: Cryogonal|8/100
|-unboost|p1a: Cryogonal|spd|1
|move|p1a: Cryogonal|Frost Breath|p2a: Accelgor|[miss]
|-miss|p1a: Cryogonal|p2a: Accelgor
|
|upkeep
|turn|7
|
|t:|1660573302
|move|p2a: Accelgor|Bug Buzz|p1a: Cryogonal
|-damage|p1a: Cryogonal|0 fnt
|faint|p1a: Cryogonal
|
|upkeep
|
|t:|1660573303
|switch|p1a: Charizard|Charizard, F|100/100
|turn|8
|inactive|pult4c1 shane has 120 seconds left.
|
|t:|1660573312
|move|p2a: Accelgor|Sludge Bomb|p1a: Charizard
|-damage|p1a: Charizard|41/100
|-status|p1a: Charizard|psn
|move|p1a: Charizard|Hurricane|p2a: Accelgor
|-supereffective|p2a: Accelgor
|-damage|p2a: Accelgor|0 fnt
|faint|p2a: Accelgor
|
|-damage|p1a: Charizard|28/100 psn|[from] psn
|upkeep
|
|t:|1660573328
|switch|p2a: Qwilfish|Qwilfish, F|100/100
|-ability|p2a: Qwilfish|Intimidate|boost
|-unboost|p1a: Charizard|atk|1
|turn|9
|
|t:|1660573332
|switch|p1a: Quagsire|Quagsire, M|84/100
|move|p2a: Qwilfish|Aqua Jet|p1a: Quagsire
|-damage|p1a: Quagsire|69/100
|
|upkeep
|turn|10
|
|t:|1660573338
|switch|p2a: Turtonator|Turtonator, M|100/100
|move|p1a: Quagsire|Toxic|p2a: Turtonator
|-status|p2a: Turtonator|tox
|
|-damage|p2a: Turtonator|94/100 tox|[from] psn
|upkeep
|turn|11
|
|t:|1660573348
|switch|p1a: Ribombee|Ribombee, M|100/100
|move|p2a: Turtonator|Fire Blast|p1a: Ribombee
|-supereffective|p1a: Ribombee
|-damage|p1a: Ribombee|0 fnt
|faint|p1a: Ribombee
|
|-damage|p2a: Turtonator|82/100 tox|[from] psn
|upkeep
|
|t:|1660573354
|switch|p1a: Articuno|Articuno-Galar|23/100
|turn|12
|
|t:|1660573358
|move|p1a: Articuno|Hurricane|p2a: Turtonator
|-damage|p2a: Turtonator|0 fnt
|faint|p2a: Turtonator
|
|upkeep
|
|t:|1660573362
|switch|p2a: Qwilfish|Qwilfish, F|100/100
|-ability|p2a: Qwilfish|Intimidate|boost
|-unboost|p1a: Articuno|atk|1
|-ability|p1a: Articuno|Competitive
|-boost|p1a: Articuno|spa|2
|turn|13
|
|t:|1660573367
|move|p2a: Qwilfish|Aqua Jet|p1a: Articuno
|-damage|p1a: Articuno|0 fnt
|faint|p1a: Articuno
|
|upkeep
|
|t:|1660573369
|switch|p1a: Quagsire|Quagsire, M|69/100
|turn|14
|
|t:|1660573379
|move|p2a: Qwilfish|Poison Jab|p1a: Quagsire
|-resisted|p1a: Quagsire
|-damage|p1a: Quagsire|55/100
|move|p1a: Quagsire|Recover|p1a: Quagsire
|-heal|p1a: Quagsire|100/100
|
|upkeep
|turn|15
|
|t:|1660573386
|move|p2a: Qwilfish|Poison Jab|p1a: Quagsire
|-resisted|p1a: Quagsire
|-damage|p1a: Quagsire|87/100
|move|p1a: Quagsire|Earthquake|p2a: Qwilfish
|-supereffective|p2a: Qwilfish
|-damage|p2a: Qwilfish|16/100
|
|upkeep
|turn|16
|
|t:|1660573390
|switch|p2a: Glastrier|Glastrier|100/100
|move|p1a: Quagsire|Earthquake|p2a: Glastrier
|-damage|p2a: Glastrier|79/100
|
|-heal|p2a: Glastrier|85/100|[from] item: Leftovers
|upkeep
|turn|17
|
|t:|1660573393
|move|p2a: Glastrier|Substitute|p2a: Glastrier
|-start|p2a: Glastrier|Substitute
|-damage|p2a: Glastrier|60/100
|move|p1a: Quagsire|Curse|p1a: Quagsire
|-unboost|p1a: Quagsire|spe|1
|-boost|p1a: Quagsire|atk|1
|-boost|p1a: Quagsire|def|1
|
|-heal|p2a: Glastrier|66/100|[from] item: Leftovers
|upkeep
|turn|18
|
|t:|1660573398
|switch|p2a: Silvally|Silvally-Grass|100/100
|move|p1a: Quagsire|Curse|p1a: Quagsire
|-unboost|p1a: Quagsire|spe|1
|-boost|p1a: Quagsire|atk|1
|-boost|p1a: Quagsire|def|1
|
|upkeep
|turn|19
|
|t:|1660573401
|move|p2a: Silvally|Multi-Attack|p1a: Quagsire
|-supereffective|p1a: Quagsire
|-crit|p1a: Quagsire
|-damage|p1a: Quagsire|0 fnt
|faint|p1a: Quagsire
|
|upkeep
|c|☆pult4c1 shane|some game
|
|t:|1660573410
|switch|p1a: Charizard|Charizard, F|28/100 psn
|turn|20
|
|t:|1660573413
|switch|p2a: Glastrier|Glastrier|66/100
|move|p1a: Charizard|Flamethrower|p2a: Glastrier
|-supereffective|p2a: Glastrier
|-damage|p2a: Glastrier|0 fnt
|faint|p2a: Glastrier
|
|-damage|p1a: Charizard|16/100 psn|[from] psn
|upkeep
|
|t:|1660573414
|switch|p2a: Qwilfish|Qwilfish, F|16/100
|-ability|p2a: Qwilfish|Intimidate|boost
|-unboost|p1a: Charizard|atk|1
|turn|21
|
|t:|1660573422
|switch|p1a: Regirock|Regirock|100/100
|move|p2a: Qwilfish|Aqua Jet|p1a: Regirock
|-supereffective|p1a: Regirock
|-damage|p1a: Regirock|80/100
|-damage|p2a: Qwilfish|0 fnt|[from] item: Rocky Helmet|[of] p1a: Regirock
|faint|p2a: Qwilfish
|
|upkeep
|
|t:|1660573424
|switch|p2a: Silvally|Silvally-Grass|100/100
|turn|22
|
|t:|1660573431
|move|p2a: Silvally|Flame Charge|p1a: Regirock
|-resisted|p1a: Regirock
|-damage|p1a: Regirock|77/100
|-boost|p2a: Silvally|spe|1
|-damage|p2a: Silvally|84/100|[from] item: Rocky Helmet|[of] p1a: Regirock
|move|p1a: Regirock|Body Press|p2a: Silvally
|-damage|p2a: Silvally|40/100
|
|upkeep
|turn|23
|
|t:|1660573436
|move|p2a: Silvally|Multi-Attack|p1a: Regirock
|-supereffective|p1a: Regirock
|-crit|p1a: Regirock
|-damage|p1a: Regirock|15/100
|-damage|p2a: Silvally|24/100|[from] item: Rocky Helmet|[of] p1a: Regirock
|move|p1a: Regirock|Body Press|p2a: Silvally
|-damage|p2a: Silvally|0 fnt
|faint|p2a: Silvally
|
|win|pult4c1 shane
|raw|pult4c1 shane's rating: 1357 &rarr; <strong>1373</strong><br />(+16 for winning)
|raw|PULT4C1 S1n's rating: 1293 &rarr; <strong>1273</strong><br />(-20 for losing)
|c|☆pult4c1 shane|gg
|c|☆PULT4C1 S1n|Gg
|l|☆PULT4C1 S1n
