|j|☆breadspace
|j|☆cafay sukray
|t:|1648601276
|gametype|singles
|player|p1|breadspace|sabrina|1393
|player|p2|cafay sukray|swimmer-gen4dp|1642
|teamsize|p1|6
|teamsize|p2|6
|gen|8
|tier|[Gen 8] PU
|rated|
|rule|Sleep Clause Mod: Limit one foe put to sleep
|rule|Species Clause: Limit one of each Pokémon
|rule|OHKO Clause: OHKO moves are banned
|rule|Evasion Moves Clause: Evasion moves are banned
|rule|Endless Battle Clause: Forcing endless battles is banned
|rule|HP Percentage Mod: HP is shown in percentages
|rule|Dynamax Clause: You cannot dynamax
|clearpoke
|poke|p1|Sableye, F|
|poke|p1|Sandaconda, M|
|poke|p1|Audino, F|
|poke|p1|Whimsicott, F|
|poke|p1|Hitmontop, M|
|poke|p1|Ninjask, M|
|poke|p2|Qwilfish, M|
|poke|p2|Absol, M|
|poke|p2|Glastrier|
|poke|p2|Kabutops, M|
|poke|p2|Gallade, M|
|poke|p2|Shiftry, M|
|teampreview
|
|t:|1648601299
|start
|switch|p1a: Sandaconda|Sandaconda, M|100/100
|switch|p2a: Qwilfish|Qwilfish, M|100/100
|-ability|p2a: Qwilfish|Intimidate|boost
|-unboost|p1a: Sandaconda|atk|1
|turn|1
|
|t:|1648601306
|switch|p2a: Glastrier|Glastrier|100/100
|move|p1a: Sandaconda|Stealth Rock|p2a: Glastrier
|-sidestart|p2: cafay sukray|move: Stealth Rock
|
|upkeep
|turn|2
|
|t:|1648601310
|switch|p1a: Sableye|Sableye, F|100/100
|move|p2a: Glastrier|Icicle Crash|p1a: Sableye
|-damage|p1a: Sableye|19/100
|
|-heal|p1a: Sableye|25/100|[from] item: Leftovers
|upkeep
|turn|3
|
|t:|1648601317
|switch|p2a: Absol|Absol, M|100/100
|-damage|p2a: Absol|88/100|[from] Stealth Rock
|move|p1a: Sableye|Disable|p2a: Absol
|-hint|Since gen 7, Dark is immune to Prankster moves.
|-immune|p2a: Absol
|
|-heal|p1a: Sableye|32/100|[from] item: Leftovers
|upkeep
|turn|4
|
|t:|1648601327
|switch|p1a: Sandaconda|Sandaconda, M|100/100
|move|p2a: Absol|Knock Off|p1a: Sandaconda
|-damage|p1a: Sandaconda|62/100
|-damage|p2a: Absol|72/100|[from] item: Rocky Helmet|[of] p1a: Sandaconda
|-enditem|p1a: Sandaconda|Rocky Helmet|[from] move: Knock Off|[of] p2a: Absol
|
|upkeep
|turn|5
|
|t:|1648601340
|move|p2a: Absol|Swords Dance|p2a: Absol
|-boost|p2a: Absol|atk|2
|move|p1a: Sandaconda|Earthquake|p2a: Absol
|-damage|p2a: Absol|8/100
|
|upkeep
|turn|6
|
|t:|1648601350
|move|p2a: Absol|Close Combat|p1a: Sandaconda
|-crit|p1a: Sandaconda
|-damage|p1a: Sandaconda|0 fnt
|-unboost|p2a: Absol|def|1
|-unboost|p2a: Absol|spd|1
|faint|p1a: Sandaconda
|
|upkeep
|
|t:|1648601354
|switch|p1a: Hitmontop|Hitmontop, M|100/100
|turn|7
|
|t:|1648601357
|switch|p2a: Qwilfish|Qwilfish, M|100/100
|-damage|p2a: Qwilfish|88/100|[from] Stealth Rock
|-ability|p2a: Qwilfish|Intimidate|boost
|-unboost|p1a: Hitmontop|atk|1
|move|p1a: Hitmontop|Fake Out|p2a: Qwilfish
|-damage|p2a: Qwilfish|74/100
|
|-heal|p2a: Qwilfish|80/100|[from] item: Black Sludge
|upkeep
|turn|8
|
|t:|1648601368
|switch|p1a: Whimsicott|Whimsicott, F|100/100
|move|p2a: Qwilfish|Spikes|p1a: Whimsicott
|-sidestart|p1: breadspace|Spikes
|
|-heal|p2a: Qwilfish|86/100|[from] item: Black Sludge
|upkeep
|turn|9
|
|t:|1648601379
|switch|p2a: Absol|Absol, M|8/100
|-damage|p2a: Absol|0 fnt|[from] Stealth Rock
|faint|p2a: Absol
|move|p1a: Whimsicott|U-turn|p2: Absol|[notarget]
|-fail|p1a: Whimsicott
|
|upkeep
|
|t:|1648601381
|switch|p2a: Glastrier|Glastrier|100/100
|-damage|p2a: Glastrier|76/100|[from] Stealth Rock
|turn|10
|
|t:|1648601384
|move|p1a: Whimsicott|U-turn|p2a: Glastrier
|-damage|p2a: Glastrier|67/100
|
|t:|1648601386
|switch|p1a: Hitmontop|Hitmontop, M|100/100|[from]move: U-turn
|-damage|p1a: Hitmontop|88/100|[from] Spikes
|move|p2a: Glastrier|Icicle Crash|p1a: Hitmontop
|-damage|p1a: Hitmontop|0 fnt
|faint|p1a: Hitmontop
|-ability|p2a: Glastrier|Chilling Neigh|boost
|-boost|p2a: Glastrier|atk|1
|
|upkeep
|
|t:|1648601390
|switch|p1a: Whimsicott|Whimsicott, F|100/100
|-damage|p1a: Whimsicott|88/100|[from] Spikes
|turn|11
|
|t:|1648601395
|move|p1a: Whimsicott|Moonblast|p2a: Glastrier
|-damage|p2a: Glastrier|17/100
|move|p2a: Glastrier|Icicle Crash|p1a: Whimsicott|[miss]
|-miss|p2a: Glastrier|p1a: Whimsicott
|
|upkeep
|turn|12
|
|t:|1648601399
|move|p1a: Whimsicott|Moonblast|p2a: Glastrier
|-damage|p2a: Glastrier|0 fnt
|faint|p2a: Glastrier
|
|upkeep
|
|t:|1648601401
|switch|p2a: Qwilfish|Qwilfish, M|86/100
|-damage|p2a: Qwilfish|74/100|[from] Stealth Rock
|-ability|p2a: Qwilfish|Intimidate|boost
|-unboost|p1a: Whimsicott|atk|1
|turn|13
|
|t:|1648601413
|switch|p1a: Ninjask|Ninjask, M|100/100
|move|p2a: Qwilfish|Poison Jab|p1a: Ninjask
|-damage|p1a: Ninjask|33/100
|
|-heal|p2a: Qwilfish|80/100|[from] item: Black Sludge
|upkeep
|turn|14
|
|t:|1648601420
|switch|p2a: Kabutops|Kabutops, M|100/100
|-damage|p2a: Kabutops|88/100|[from] Stealth Rock
|move|p1a: Ninjask|Acrobatics|p2a: Kabutops
|-resisted|p2a: Kabutops
|-damage|p2a: Kabutops|62/100
|-ability|p2a: Kabutops|Weak Armor|boost
|-unboost|p2a: Kabutops|def|1
|-boost|p2a: Kabutops|spe|2
|
|-ability|p1a: Ninjask|Speed Boost|boost
|-boost|p1a: Ninjask|spe|1
|upkeep
|turn|15
|
|t:|1648601429
|move|p1a: Ninjask|Leech Life|p2a: Kabutops
|-damage|p2a: Kabutops|7/100
|-heal|p1a: Ninjask|67/100|[from] drain|[of] p2a: Kabutops
|-ability|p2a: Kabutops|Weak Armor|boost
|-unboost|p2a: Kabutops|def|1
|-boost|p2a: Kabutops|spe|2
|move|p2a: Kabutops|Stealth Rock|p1a: Ninjask
|-sidestart|p1: breadspace|move: Stealth Rock
|
|-ability|p1a: Ninjask|Speed Boost|boost
|-boost|p1a: Ninjask|spe|1
|upkeep
|turn|16
|
|t:|1648601439
|move|p1a: Ninjask|Leech Life|p2a: Kabutops
|-damage|p2a: Kabutops|0 fnt
|-heal|p1a: Ninjask|71/100|[from] drain|[of] p2a: Kabutops
|faint|p2a: Kabutops
|
|-ability|p1a: Ninjask|Speed Boost|boost
|-boost|p1a: Ninjask|spe|1
|upkeep
|
|t:|1648601448
|switch|p2a: Qwilfish|Qwilfish, M|80/100
|-damage|p2a: Qwilfish|68/100|[from] Stealth Rock
|-ability|p2a: Qwilfish|Intimidate|boost
|-unboost|p1a: Ninjask|atk|1
|turn|17
|
|t:|1648601454
|move|p1a: Ninjask|U-turn|p2a: Qwilfish
|-resisted|p2a: Qwilfish
|-damage|p2a: Qwilfish|56/100
|
|t:|1648601458
|switch|p1a: Sableye|Sableye, F|32/100|[from]move: U-turn
|-damage|p1a: Sableye|19/100|[from] Stealth Rock
|-damage|p1a: Sableye|7/100|[from] Spikes
|move|p2a: Qwilfish|Poison Jab|p1a: Sableye
|-resisted|p1a: Sableye
|-damage|p1a: Sableye|0 fnt
|faint|p1a: Sableye
|
|-heal|p2a: Qwilfish|62/100|[from] item: Black Sludge
|upkeep
|
|t:|1648601460
|switch|p1a: Whimsicott|Whimsicott, F|88/100
|-damage|p1a: Whimsicott|76/100|[from] Spikes
|-damage|p1a: Whimsicott|64/100|[from] Stealth Rock
|turn|18
|
|t:|1648601468
|switch|p2a: Shiftry|Shiftry, M|100/100
|-damage|p2a: Shiftry|88/100|[from] Stealth Rock
|move|p1a: Whimsicott|Energy Ball|p2a: Shiftry
|-resisted|p2a: Shiftry
|-damage|p2a: Shiftry|46/100
|
|upkeep
|turn|19
|
|t:|1648601485
|switch|p1a: Audino|Audino, F|100/100
|-damage|p1a: Audino|88/100|[from] Spikes
|-damage|p1a: Audino|76/100|[from] Stealth Rock
|move|p2a: Shiftry|Knock Off|p1a: Audino
|-damage|p1a: Audino|19/100
|-enditem|p1a: Audino|Leftovers|[from] move: Knock Off|[of] p2a: Shiftry
|-damage|p2a: Shiftry|36/100|[from] item: Life Orb
|
|upkeep
|turn|20
|
|t:|1648601492
|move|p2a: Shiftry|Knock Off|p1a: Audino
|-damage|p1a: Audino|0 fnt
|faint|p1a: Audino
|-damage|p2a: Shiftry|26/100|[from] item: Life Orb
|
|upkeep
|
|t:|1648601497
|switch|p1a: Whimsicott|Whimsicott, F|64/100
|-damage|p1a: Whimsicott|51/100|[from] Stealth Rock
|-damage|p1a: Whimsicott|39/100|[from] Spikes
|turn|21
|
|t:|1648601502
|move|p2a: Shiftry|Sucker Punch|p1a: Whimsicott
|-resisted|p1a: Whimsicott
|-damage|p1a: Whimsicott|12/100
|-damage|p2a: Shiftry|16/100|[from] item: Life Orb
|move|p1a: Whimsicott|Energy Ball|p2a: Shiftry
|-resisted|p2a: Shiftry
|-crit|p2a: Shiftry
|-damage|p2a: Shiftry|0 fnt
|faint|p2a: Shiftry
|
|upkeep
|
|t:|1648601511
|switch|p2a: Gallade|Gallade, M|100/100
|-damage|p2a: Gallade|94/100|[from] Stealth Rock
|turn|22
|
|t:|1648601514
|move|p1a: Whimsicott|Energy Ball|p2a: Gallade
|-damage|p2a: Gallade|42/100
|move|p2a: Gallade|Swords Dance|p2a: Gallade
|-boost|p2a: Gallade|atk|2
|
|upkeep
|turn|23
|
|t:|1648601518
|move|p2a: Gallade|Shadow Sneak|p1a: Whimsicott
|-damage|p1a: Whimsicott|0 fnt
|faint|p1a: Whimsicott
|
|upkeep
|-message|breadspace forfeited.
|
|win|cafay sukray
|raw|breadspace's rating: 1393 &rarr; <strong>1385</strong><br />(-8 for losing)
|raw|cafay sukray's rating: 1642 &rarr; <strong>1650</strong><br />(+8 for winning)
|l|☆breadspace
