|j|☆JoJo Reference #10
|j|☆pult4c1 shane
|t:|1660612928
|gametype|singles
|player|p1|JoJo Reference #10|170|1344
|player|p2|pult4c1 shane|veteran|1442
|teamsize|p1|6
|teamsize|p2|6
|gen|8
|tier|[Gen 8] PU
|rated|
|rule|Sleep Clause Mod: Limit one foe put to sleep
|rule|Species Clause: Limit one of each Pokémon
|rule|OHKO Clause: OHKO moves are banned
|rule|Evasion Items Clause: Evasion items are banned
|rule|Evasion Moves Clause: Evasion moves are banned
|rule|Endless Battle Clause: Forcing endless battles is banned
|rule|HP Percentage Mod: HP is shown in percentages
|rule|Dynamax Clause: You cannot dynamax
|clearpoke
|poke|p1|Druddigon, M|
|poke|p1|Sandaconda, M|
|poke|p1|Togedemaru, F|
|poke|p1|Eldegoss, F|
|poke|p1|Jolteon, F|
|poke|p1|Scyther, F|
|poke|p2|Sandslash, F|
|poke|p2|Gigalith, M|
|poke|p2|Eldegoss, M|
|poke|p2|Basculin, M|
|poke|p2|Scyther, M|
|poke|p2|Weezing, F|
|teampreview
|inactive|Battle timer is ON: inactive players will automatically lose when time's up. (requested by pult4c1 shane)
|
|t:|1660612955
|start
|switch|p1a: Jolteon|Jolteon, F|100/100
|switch|p2a: Weezing|Weezing, F|100/100
|-ability|p2a: Weezing|Neutralizing Gas
|turn|1
|
|t:|1660612966
|-end|p2a: Weezing|ability: Neutralizing Gas
|switch|p2a: Sandslash|Sandslash, F|100/100
|move|p1a: Jolteon|Shadow Ball|p2a: Sandslash
|-damage|p2a: Sandslash|38/100
|
|upkeep
|turn|2
|
|t:|1660612973
|switch|p1a: Sandaconda|Sandaconda, M|100/100
|switch|p2a: Gigalith|Gigalith, M|100/100
|-weather|Sandstorm|[from] ability: Sand Stream|[of] p2a: Gigalith
|
|-weather|Sandstorm|[upkeep]
|upkeep
|turn|3
|
|t:|1660612979
|switch|p2a: Eldegoss|Eldegoss, M|100/100
|move|p1a: Sandaconda|Stealth Rock|p2a: Eldegoss
|-sidestart|p2: pult4c1 shane|move: Stealth Rock
|
|-weather|Sandstorm|[upkeep]
|-damage|p2a: Eldegoss|94/100|[from] Sandstorm
|upkeep
|turn|4
|
|t:|1660612983
|switch|p1a: Scyther|Scyther, F|100/100
|move|p2a: Eldegoss|Rapid Spin|p1a: Scyther
|-damage|p1a: Scyther|92/100
|-boost|p2a: Eldegoss|spe|1
|-sideend|p2: pult4c1 shane|Stealth Rock|[from] move: Rapid Spin|[of] p2a: Eldegoss
|
|-weather|Sandstorm|[upkeep]
|-damage|p1a: Scyther|86/100|[from] Sandstorm
|-damage|p2a: Eldegoss|88/100|[from] Sandstorm
|upkeep
|turn|5
|
|t:|1660612995
|switch|p2a: Weezing|Weezing, F|100/100
|-ability|p2a: Weezing|Neutralizing Gas
|move|p1a: Scyther|Knock Off|p2a: Weezing
|-crit|p2a: Weezing
|-damage|p2a: Weezing|71/100
|-enditem|p2a: Weezing|Black Sludge|[from] move: Knock Off|[of] p1a: Scyther
|
|-weather|Sandstorm|[upkeep]
|-damage|p1a: Scyther|80/100|[from] Sandstorm
|-damage|p2a: Weezing|65/100|[from] Sandstorm
|upkeep
|turn|6
|
|t:|1660613001
|move|p1a: Scyther|U-turn|p2a: Weezing
|-resisted|p2a: Weezing
|-damage|p2a: Weezing|55/100
|
|t:|1660613005
|switch|p1a: Druddigon|Druddigon, M|100/100|[from]move: U-turn
|move|p2a: Weezing|Toxic Spikes|p1a: Druddigon
|-sidestart|p1: JoJo Reference #10|move: Toxic Spikes
|
|-weather|none
|upkeep
|turn|7
|
|t:|1660613011
|move|p1a: Druddigon|Flamethrower|p2a: Weezing
|-damage|p2a: Weezing|20/100
|-damage|p1a: Druddigon|91/100|[from] item: Life Orb
|move|p2a: Weezing|Will-O-Wisp|p1a: Druddigon
|-status|p1a: Druddigon|brn
|
|-damage|p1a: Druddigon|85/100 brn|[from] brn
|upkeep
|turn|8
|
|t:|1660613026
|-end|p2a: Weezing|ability: Neutralizing Gas
|switch|p2a: Gigalith|Gigalith, M|100/100
|-weather|Sandstorm|[from] ability: Sand Stream|[of] p2a: Gigalith
|move|p1a: Druddigon|Focus Blast|p2a: Gigalith|[miss]
|-miss|p1a: Druddigon|p2a: Gigalith
|
|-weather|Sandstorm|[upkeep]
|-damage|p1a: Druddigon|79/100 brn|[from] Sandstorm
|-damage|p1a: Druddigon|72/100 brn|[from] brn
|upkeep
|turn|9
|
|t:|1660613041
|switch|p1a: Eldegoss|Eldegoss, F|100/100
|switch|p2a: Weezing|Weezing, F|20/100
|-ability|p2a: Weezing|Neutralizing Gas
|
|-weather|Sandstorm|[upkeep]
|-damage|p1a: Eldegoss|94/100|[from] Sandstorm
|-damage|p2a: Weezing|14/100|[from] Sandstorm
|upkeep
|turn|10
|
|t:|1660613048
|move|p1a: Eldegoss|Rapid Spin|p2a: Weezing
|-damage|p2a: Weezing|10/100
|-boost|p1a: Eldegoss|spe|1
|-sideend|p1: JoJo Reference #10|Toxic Spikes|[from] move: Rapid Spin|[of] p1a: Eldegoss
|move|p2a: Weezing|Sludge Bomb|p1a: Eldegoss
|-supereffective|p1a: Eldegoss
|-crit|p1a: Eldegoss
|-damage|p1a: Eldegoss|36/100
|-status|p1a: Eldegoss|psn
|
|-weather|Sandstorm|[upkeep]
|-damage|p1a: Eldegoss|30/100 psn|[from] Sandstorm
|-damage|p2a: Weezing|4/100|[from] Sandstorm
|-damage|p1a: Eldegoss|18/100 psn|[from] psn
|upkeep
|turn|11
|
|t:|1660613067
|move|p1a: Eldegoss|Giga Drain|p2a: Weezing
|-resisted|p2a: Weezing
|-damage|p2a: Weezing|0 fnt
|-heal|p1a: Eldegoss|20/100 psn|[from] drain|[of] p2a: Weezing
|faint|p2a: Weezing
|-end|p2a: Weezing|ability: Neutralizing Gas
|
|-weather|Sandstorm|[upkeep]
|-damage|p1a: Eldegoss|13/100 psn|[from] Sandstorm
|-damage|p1a: Eldegoss|1/100 psn|[from] psn
|upkeep
|
|t:|1660613075
|switch|p2a: Scyther|Scyther, M|100/100
|turn|12
|
|t:|1660613078
|switch|p1a: Sandaconda|Sandaconda, M|100/100
|move|p2a: Scyther|Knock Off|p1a: Sandaconda
|-damage|p1a: Sandaconda|81/100
|-damage|p2a: Scyther|84/100|[from] item: Rocky Helmet|[of] p1a: Sandaconda
|-enditem|p1a: Sandaconda|Rocky Helmet|[from] move: Knock Off|[of] p2a: Scyther
|
|-weather|none
|upkeep
|turn|13
|
|t:|1660613083
|move|p2a: Scyther|U-turn|p1a: Sandaconda
|-damage|p1a: Sandaconda|59/100
|
|t:|1660613086
|switch|p2a: Basculin|Basculin, M|100/100|[from]move: U-turn
|move|p1a: Sandaconda|Glare|p2a: Basculin
|-status|p2a: Basculin|par
|
|upkeep
|turn|14
|
|t:|1660613095
|switch|p1a: Druddigon|Druddigon, M|72/100 brn
|move|p2a: Basculin|Flip Turn|p1a: Druddigon
|-resisted|p1a: Druddigon
|-damage|p1a: Druddigon|51/100 brn
|j| joey milktank
|
|t:|1660613120
|switch|p2a: Scyther|Scyther, M|84/100|[from]move: Flip Turn
|
|-damage|p1a: Druddigon|45/100 brn|[from] brn
|upkeep
|turn|15
|
|t:|1660613123
|switch|p1a: Togedemaru|Togedemaru, F|100/100
|move|p2a: Scyther|Dual Wingbeat|p1a: Togedemaru|[miss]
|-miss|p2a: Scyther|p1a: Togedemaru
|
|upkeep
|turn|16
|
|t:|1660613129
|move|p1a: Togedemaru|Iron Head|p2a: Scyther
|-damage|p2a: Scyther|38/100
|move|p2a: Scyther|Knock Off|p1a: Togedemaru
|-damage|p1a: Togedemaru|45/100
|-damage|p2a: Scyther|25/100|[from] ability: Iron Barbs|[of] p1a: Togedemaru
|-enditem|p1a: Togedemaru|Choice Scarf|[from] move: Knock Off|[of] p2a: Scyther
|
|upkeep
|turn|17
|
|t:|1660613140
|switch|p2a: Eldegoss|Eldegoss, M|100/100
|move|p1a: Togedemaru|U-turn|p2a: Eldegoss
|-supereffective|p2a: Eldegoss
|-damage|p2a: Eldegoss|70/100
|-enditem|p2a: Eldegoss|Eject Button
|inactive|pult4c1 shane has 120 seconds left.
|
|t:|1660613182
|switch|p2a: Gigalith|Gigalith, M|100/100
|-weather|Sandstorm|[from] ability: Sand Stream|[of] p2a: Gigalith
|
|-weather|Sandstorm|[upkeep]
|upkeep
|turn|18
|
|t:|1660613189
|move|p1a: Togedemaru|Iron Head|p2a: Gigalith
|-supereffective|p2a: Gigalith
|-damage|p2a: Gigalith|54/100
|cant|p2a: Gigalith|flinch
|
|-weather|Sandstorm|[upkeep]
|-heal|p2a: Gigalith|60/100|[from] item: Leftovers
|upkeep
|turn|19
|
|t:|1660613193
|switch|p2a: Eldegoss|Eldegoss, M|100/100
|move|p1a: Togedemaru|U-turn|p2a: Eldegoss
|-supereffective|p2a: Eldegoss
|-damage|p2a: Eldegoss|69/100
|
|t:|1660613197
|switch|p1a: Scyther|Scyther, F|80/100|[from]move: U-turn
|
|-weather|Sandstorm|[upkeep]
|-damage|p1a: Scyther|73/100|[from] Sandstorm
|-damage|p2a: Eldegoss|63/100|[from] Sandstorm
|upkeep
|turn|20
|inactive|pult4c1 shane has 120 seconds left.
|
|t:|1660613230
|move|p1a: Scyther|U-turn|p2a: Eldegoss
|-supereffective|p2a: Eldegoss
|-damage|p2a: Eldegoss|10/100
|
|t:|1660613235
|switch|p1a: Togedemaru|Togedemaru, F|45/100|[from]move: U-turn
|move|p2a: Eldegoss|Sleep Powder|p1a: Togedemaru|[miss]
|-miss|p2a: Eldegoss|p1a: Togedemaru
|
|-weather|Sandstorm|[upkeep]
|-damage|p2a: Eldegoss|4/100|[from] Sandstorm
|upkeep
|turn|21
|c| joey milktank|That sand teams flames lowkey might steal it
|inactive|pult4c1 shane has 120 seconds left.
|c|☆pult4c1 shane|all urs
|c|☆pult4c1 shane|still working on it but i'll send u the paste
|inactive|pult4c1 shane has 90 seconds left.
|c| joey milktank|ight bet
|c|☆JoJo Reference #10|that team's community property
|c|☆pult4c1 shane|miss gonna cost me game here tho
|inactive|pult4c1 shane has 60 seconds left.
|
|t:|1660613314
|switch|p2a: Scyther|Scyther, M|25/100
|move|p1a: Togedemaru|U-turn|p2a: Scyther
|-resisted|p2a: Scyther
|-damage|p2a: Scyther|12/100
|
|t:|1660613322
|switch|p1a: Jolteon|Jolteon, F|100/100|[from]move: U-turn
|
|-weather|none
|upkeep
|turn|22
|inactive|pult4c1 shane has 60 seconds left.
|
|t:|1660613339
|switch|p2a: Gigalith|Gigalith, M|60/100
|-weather|Sandstorm|[from] ability: Sand Stream|[of] p2a: Gigalith
|move|p1a: Jolteon|Volt Switch|p2a: Gigalith
|-damage|p2a: Gigalith|37/100
|
|t:|1660613344
|switch|p1a: Scyther|Scyther, F|73/100|[from]move: Volt Switch
|
|-weather|Sandstorm|[upkeep]
|-damage|p1a: Scyther|67/100|[from] Sandstorm
|-heal|p2a: Gigalith|43/100|[from] item: Leftovers
|upkeep
|turn|23
|inactive|pult4c1 shane has 60 seconds left.
|
|t:|1660613357
|move|p1a: Scyther|U-turn|p2a: Gigalith
|-damage|p2a: Gigalith|18/100
|
|t:|1660613360
|switch|p1a: Druddigon|Druddigon, M|45/100 brn|[from]move: U-turn
|move|p2a: Gigalith|Stealth Rock|p1a: Druddigon
|-sidestart|p1: JoJo Reference #10|move: Stealth Rock
|
|-weather|Sandstorm|[upkeep]
|-damage|p1a: Druddigon|39/100 brn|[from] Sandstorm
|-heal|p2a: Gigalith|24/100|[from] item: Leftovers
|-damage|p1a: Druddigon|33/100 brn|[from] brn
|upkeep
|turn|24
|
|t:|1660613370
|switch|p2a: Scyther|Scyther, M|12/100
|move|p1a: Druddigon|Focus Blast|p2a: Scyther
|-resisted|p2a: Scyther
|-damage|p2a: Scyther|0 fnt
|faint|p2a: Scyther
|
|-weather|Sandstorm|[upkeep]
|-damage|p1a: Druddigon|27/100 brn|[from] Sandstorm
|-damage|p1a: Druddigon|20/100 brn|[from] brn
|upkeep
|inactive|pult4c1 shane has 60 seconds left.
|
|t:|1660613383
|switch|p2a: Sandslash|Sandslash, F|38/100
|turn|25
|
|t:|1660613388
|move|p2a: Sandslash|Earthquake|p1a: Druddigon
|-damage|p1a: Druddigon|0 fnt
|faint|p1a: Druddigon
|-damage|p2a: Sandslash|28/100|[from] item: Life Orb
|
|-weather|Sandstorm|[upkeep]
|upkeep
|
|t:|1660613396
|switch|p1a: Eldegoss|Eldegoss, F|34/100 psn
|turn|26
|
|t:|1660613410
|switch|p1a: Togedemaru|Togedemaru, F|45/100
|-damage|p1a: Togedemaru|39/100|[from] Stealth Rock
|move|p2a: Sandslash|Leech Life|p1a: Togedemaru
|-resisted|p1a: Togedemaru
|-damage|p1a: Togedemaru|10/100
|-heal|p2a: Sandslash|40/100|[from] drain|[of] p1a: Togedemaru
|-damage|p2a: Sandslash|27/100|[from] ability: Iron Barbs|[of] p1a: Togedemaru
|-damage|p2a: Sandslash|17/100|[from] item: Life Orb
|
|-weather|none
|upkeep
|turn|27
|
|t:|1660613424
|switch|p2a: Gigalith|Gigalith, M|24/100
|-weather|Sandstorm|[from] ability: Sand Stream|[of] p2a: Gigalith
|move|p1a: Togedemaru|Iron Head|p2a: Gigalith
|-supereffective|p2a: Gigalith
|-damage|p2a: Gigalith|0 fnt
|faint|p2a: Gigalith
|
|-weather|Sandstorm|[upkeep]
|upkeep
|
|t:|1660613429
|switch|p2a: Eldegoss|Eldegoss, M|38/100
|turn|28
|
|t:|1660613433
|move|p1a: Togedemaru|Iron Head|p2a: Eldegoss
|-crit|p2a: Eldegoss
|-damage|p2a: Eldegoss|0 fnt
|faint|p2a: Eldegoss
|
|-weather|Sandstorm|[upkeep]
|upkeep
|inactive|pult4c1 shane has 90 seconds left.
|
|t:|1660613455
|switch|p2a: Sandslash|Sandslash, F|17/100
|turn|29
|-message|pult4c1 shane forfeited.
|
|win|JoJo Reference #10
|raw|JoJo Reference #10's rating: 1344 &rarr; <strong>1369</strong><br />(+25 for winning)
|raw|pult4c1 shane's rating: 1442 &rarr; <strong>1417</strong><br />(-25 for losing)
|l|☆pult4c1 shane
|c|☆JoJo Reference #10|gg
