|j|☆SingleAye
|j|☆panned bomb
|t:|1643155263
|gametype|singles
|player|p1|SingleAye|beauty-gen4dp|1414
|player|p2|panned bomb|102|1477
|teamsize|p1|6
|teamsize|p2|6
|gen|8
|tier|[Gen 8] PU
|rated|
|rule|Sleep Clause Mod: Limit one foe put to sleep
|rule|Species Clause: Limit one of each Pokémon
|rule|OHKO Clause: OHKO moves are banned
|rule|Evasion Moves Clause: Evasion moves are banned
|rule|Endless Battle Clause: Forcing endless battles is banned
|rule|HP Percentage Mod: HP is shown in percentages
|rule|Dynamax Clause: You cannot dynamax
|clearpoke
|poke|p1|Gigalith, M|
|poke|p1|Espeon, M|
|poke|p1|Qwilfish, F|
|poke|p1|Glastrier|
|poke|p1|Eldegoss, F|
|poke|p1|Sandaconda, M|
|poke|p2|Espeon, F|
|poke|p2|Crustle, F|
|poke|p2|Sawk, M|
|poke|p2|Jynx, F|
|poke|p2|Carracosta, F|
|poke|p2|Froslass, F|
|teampreview
|
|t:|1643155283
|start
|switch|p1a: Glastrier|Glastrier|100/100
|switch|p2a: Froslass|Froslass, F|100/100
|turn|1
|
|t:|1643155290
|move|p2a: Froslass|Spikes|p1a: Glastrier
|-sidestart|p1: SingleAye|Spikes
|move|p1a: Glastrier|Crunch|p2a: Froslass
|-supereffective|p2a: Froslass
|-enditem|p2a: Froslass|Focus Sash
|-damage|p2a: Froslass|1/100
|-unboost|p2a: Froslass|def|1
|
|upkeep
|turn|2
|
|t:|1643155296
|move|p2a: Froslass|Poltergeist|p1a: Glastrier
|-activate|p1a: Glastrier|move: Poltergeist|Assault Vest
|-damage|p1a: Glastrier|74/100
|move|p1a: Glastrier|Crunch|p2a: Froslass
|-supereffective|p2a: Froslass
|-damage|p2a: Froslass|0 fnt
|faint|p2a: Froslass
|-ability|p1a: Glastrier|Chilling Neigh|boost
|-boost|p1a: Glastrier|atk|1
|
|upkeep
|
|t:|1643155318
|switch|p2a: Sawk|Sawk, M|100/100
|turn|3
|
|t:|1643155321
|switch|p1a: Qwilfish|Qwilfish, F|100/100
|-damage|p1a: Qwilfish|88/100|[from] Spikes
|-ability|p1a: Qwilfish|Intimidate|boost
|-unboost|p2a: Sawk|atk|1
|move|p2a: Sawk|Stone Edge|p1a: Qwilfish
|-damage|p1a: Qwilfish|59/100
|
|upkeep
|turn|4
|
|t:|1643155327
|switch|p2a: Espeon|Espeon, F|100/100
|move|p1a: Qwilfish|Liquidation|p2a: Espeon
|-damage|p2a: Espeon|72/100
|
|-heal|p2a: Espeon|78/100|[from] item: Leftovers
|upkeep
|turn|5
|
|t:|1643155336
|switch|p1a: Eldegoss|Eldegoss, F|100/100
|move|p2a: Espeon|Psychic|p1a: Eldegoss
|-damage|p1a: Eldegoss|76/100
|
|-heal|p2a: Espeon|84/100|[from] item: Leftovers
|upkeep
|turn|6
|
|t:|1643155346
|move|p2a: Espeon|Psychic|p1a: Eldegoss
|-damage|p1a: Eldegoss|48/100
|move|p1a: Eldegoss|Rapid Spin|p2a: Espeon
|-damage|p2a: Espeon|77/100
|-boost|p1a: Eldegoss|spe|1
|-sideend|p1: SingleAye|Spikes|[from] move: Rapid Spin|[of] p1a: Eldegoss
|
|-heal|p2a: Espeon|83/100|[from] item: Leftovers
|upkeep
|turn|7
|
|t:|1643155357
|switch|p1a: Glastrier|Glastrier|74/100
|move|p2a: Espeon|Psychic|p1a: Glastrier
|-damage|p1a: Glastrier|51/100
|
|-heal|p2a: Espeon|89/100|[from] item: Leftovers
|upkeep
|turn|8
|
|t:|1643155371
|switch|p2a: Sawk|Sawk, M|100/100
|move|p1a: Glastrier|Icicle Crash|p2a: Sawk
|-damage|p2a: Sawk|27/100
|
|upkeep
|turn|9
|
|t:|1643155375
|switch|p1a: Qwilfish|Qwilfish, F|59/100
|-ability|p1a: Qwilfish|Intimidate|boost
|-unboost|p2a: Sawk|atk|1
|move|p2a: Sawk|Close Combat|p1a: Qwilfish
|-resisted|p1a: Qwilfish
|-damage|p1a: Qwilfish|34/100
|-unboost|p2a: Sawk|def|1
|-unboost|p2a: Sawk|spd|1
|-damage|p2a: Sawk|10/100|[from] item: Rocky Helmet|[of] p1a: Qwilfish
|
|upkeep
|turn|10
|
|t:|1643155387
|move|p2a: Sawk|Stone Edge|p1a: Qwilfish
|-damage|p1a: Qwilfish|3/100
|move|p1a: Qwilfish|Spikes|p2a: Sawk
|-sidestart|p2: panned bomb|Spikes
|
|upkeep
|turn|11
|
|t:|1643155397
|move|p2a: Sawk|Stone Edge|p1a: Qwilfish
|-crit|p1a: Qwilfish
|-damage|p1a: Qwilfish|0 fnt
|faint|p1a: Qwilfish
|
|upkeep
|
|t:|1643155403
|switch|p1a: Espeon|Espeon, M|100/100
|turn|12
|
|t:|1643155406
|move|p2a: Sawk|Knock Off|p1a: Espeon
|-supereffective|p1a: Espeon
|-damage|p1a: Espeon|48/100
|-enditem|p1a: Espeon|Leftovers|[from] move: Knock Off|[of] p2a: Sawk
|move|p1a: Espeon|Psychic|p2a: Sawk
|-supereffective|p2a: Sawk
|-damage|p2a: Sawk|0 fnt
|faint|p2a: Sawk
|
|upkeep
|
|t:|1643155421
|switch|p2a: Jynx|Jynx, F|100/100
|-damage|p2a: Jynx|88/100|[from] Spikes
|turn|13
|j| eruza02
|
|t:|1643155425
|move|p2a: Jynx|Nasty Plot|p2a: Jynx
|-boost|p2a: Jynx|spa|2
|move|p1a: Espeon|Wish|p1a: Espeon
|
|upkeep
|turn|14
|
|t:|1643155428
|switch|p1a: Gigalith|Gigalith, M|100/100
|-weather|Sandstorm|[from] ability: Sand Stream|[of] p1a: Gigalith
|move|p2a: Jynx|Nasty Plot|p2a: Jynx
|-boost|p2a: Jynx|spa|2
|
|-weather|Sandstorm|[upkeep]
|-damage|p2a: Jynx|82/100|[from] Sandstorm
|upkeep
|turn|15
|
|t:|1643155462
|move|p2a: Jynx|Focus Blast|p1a: Gigalith|[miss]
|-miss|p2a: Jynx|p1a: Gigalith
|move|p1a: Gigalith|Rock Blast|p2a: Jynx
|-supereffective|p2a: Jynx
|-damage|p2a: Jynx|20/100
|-supereffective|p2a: Jynx
|-damage|p2a: Jynx|0 fnt
|faint|p2a: Jynx
|-hitcount|p2: Jynx|2
|
|-weather|Sandstorm|[upkeep]
|upkeep
|c|☆panned bomb|Aw
|
|t:|1643155474
|switch|p2a: Carracosta|Carracosta, F|100/100
|-damage|p2a: Carracosta|88/100|[from] Spikes
|turn|16
|
|t:|1643155478
|switch|p1a: Eldegoss|Eldegoss, F|81/100
|move|p2a: Carracosta|Shell Smash|p2a: Carracosta
|-unboost|p2a: Carracosta|def|1
|-unboost|p2a: Carracosta|spd|1
|-boost|p2a: Carracosta|atk|2
|-boost|p2a: Carracosta|spa|2
|-boost|p2a: Carracosta|spe|2
|
|-weather|Sandstorm|[upkeep]
|-damage|p1a: Eldegoss|75/100|[from] Sandstorm
|upkeep
|turn|17
|
|t:|1643155482
|move|p2a: Carracosta|Stone Edge|p1a: Eldegoss|[miss]
|-miss|p2a: Carracosta|p1a: Eldegoss
|move|p1a: Eldegoss|Giga Drain|p2a: Carracosta
|-supereffective|p2a: Carracosta
|-damage|p2a: Carracosta|0 fnt
|-heal|p1a: Eldegoss|100/100|[from] drain|[of] p2a: Carracosta
|faint|p2a: Carracosta
|
|-weather|Sandstorm|[upkeep]
|-damage|p1a: Eldegoss|94/100|[from] Sandstorm
|upkeep
|c|☆SingleAye|Sorry
|c|☆panned bomb|Welp
|
|t:|1643155498
|switch|p2a: Crustle|Crustle, F|100/100
|-damage|p2a: Crustle|88/100|[from] Spikes
|turn|18
|
|t:|1643155502
|switch|p1a: Sandaconda|Sandaconda, M|100/100
|move|p2a: Crustle|Shell Smash|p2a: Crustle
|-unboost|p2a: Crustle|def|1
|-unboost|p2a: Crustle|spd|1
|-boost|p2a: Crustle|atk|2
|-boost|p2a: Crustle|spa|2
|-boost|p2a: Crustle|spe|2
|
|-weather|none
|upkeep
|turn|19
|
|t:|1643155505
|move|p2a: Crustle|Solar Blade||[still]
|-prepare|p2a: Crustle|Solar Blade
|-enditem|p2a: Crustle|Power Herb
|-anim|p2a: Crustle|Solar Blade|p1a: Sandaconda
|-supereffective|p1a: Sandaconda
|-damage|p1a: Sandaconda|13/100
|move|p1a: Sandaconda|Earthquake|p2a: Crustle
|-damage|p2a: Crustle|37/100
|
|-heal|p1a: Sandaconda|19/100|[from] item: Leftovers
|upkeep
|turn|20
|
|t:|1643155516
|move|p2a: Crustle|Earthquake|p1a: Sandaconda
|-crit|p1a: Sandaconda
|-damage|p1a: Sandaconda|0 fnt
|faint|p1a: Sandaconda
|
|upkeep
|
|t:|1643155522
|switch|p1a: Gigalith|Gigalith, M|100/100
|-weather|Sandstorm|[from] ability: Sand Stream|[of] p1a: Gigalith
|turn|21
|
|t:|1643155524
|move|p2a: Crustle|Earthquake|p1a: Gigalith
|-supereffective|p1a: Gigalith
|-damage|p1a: Gigalith|20/100
|move|p1a: Gigalith|Rock Blast|p2a: Crustle|[miss]
|-miss|p1a: Gigalith|p2a: Crustle
|
|-weather|Sandstorm|[upkeep]
|-heal|p1a: Gigalith|26/100|[from] item: Leftovers
|upkeep
|turn|22
|
|t:|1643155534
|switch|p1a: Eldegoss|Eldegoss, F|100/100
|move|p2a: Crustle|Earthquake|p1a: Eldegoss
|-resisted|p1a: Eldegoss
|-damage|p1a: Eldegoss|66/100
|
|-weather|Sandstorm|[upkeep]
|-damage|p1a: Eldegoss|60/100|[from] Sandstorm
|upkeep
|turn|23
|
|t:|1643155538
|move|p2a: Crustle|Stone Edge|p1a: Eldegoss|[miss]
|-miss|p2a: Crustle|p1a: Eldegoss
|move|p1a: Eldegoss|Giga Drain|p2a: Crustle
|-damage|p2a: Crustle|4/100
|-heal|p1a: Eldegoss|74/100|[from] drain|[of] p2a: Crustle
|
|-weather|Sandstorm|[upkeep]
|-damage|p1a: Eldegoss|68/100|[from] Sandstorm
|upkeep
|turn|24
|
|t:|1643155545
|move|p2a: Crustle|Stone Edge|p1a: Eldegoss|[miss]
|-miss|p2a: Crustle|p1a: Eldegoss
|move|p1a: Eldegoss|Giga Drain|p2a: Crustle
|-damage|p2a: Crustle|0 fnt
|-heal|p1a: Eldegoss|69/100|[from] drain|[of] p2a: Crustle
|faint|p2a: Crustle
|
|-weather|Sandstorm|[upkeep]
|-damage|p1a: Eldegoss|63/100|[from] Sandstorm
|upkeep
|c|☆panned bomb|Welp
|-message|panned bomb forfeited.
|
|win|SingleAye
|raw|SingleAye's rating: 1414 &rarr; <strong>1438</strong><br />(+24 for winning)
|raw|panned bomb's rating: 1477 &rarr; <strong>1453</strong><br />(-24 for losing)
|c|☆panned bomb|GG
|c|☆SingleAye|gg!
