|j|☆mazeltof
|j|☆jk malding
|t:|1632666694
|gametype|singles
|player|p1|mazeltof|boarder|1541
|player|p2|jk malding|hiker-gen4|1455
|teamsize|p1|6
|teamsize|p2|6
|gen|8
|tier|[Gen 8] PU
|rated|
|rule|Sleep Clause Mod: Limit one foe put to sleep
|rule|Species Clause: Limit one of each Pokémon
|rule|OHKO Clause: OHKO moves are banned
|rule|Evasion Moves Clause: Evasion moves are banned
|rule|Endless Battle Clause: Forcing endless battles is banned
|rule|HP Percentage Mod: HP is shown in percentages
|rule|Dynamax Clause: You cannot dynamax
|clearpoke
|poke|p1|Gigalith, F|
|poke|p1|Sandslash, M|
|poke|p1|Weezing, F|
|poke|p1|Silvally-*|
|poke|p1|Clefairy, M|
|poke|p1|Drampa, M|
|poke|p2|Gigalith, F|
|poke|p2|Togedemaru, M|
|poke|p2|Weezing, M|
|poke|p2|Passimian, M|
|poke|p2|Whimsicott, M|
|poke|p2|Articuno-Galar|
|teampreview
|inactive|Battle timer is ON: inactive players will automatically lose when time's up. (requested by mazeltof)
|
|t:|1632666714
|start
|switch|p1a: Silvally|Silvally-Steel|100/100
|switch|p2a: Passimian|Passimian, M|100/100
|turn|1
|j| ii77
|
|t:|1632666726
|switch|p1a: Weezing|Weezing, F|100/100
|switch|p2a: Weezing|Weezing, M|100/100
|-ability|p2a: Weezing|Neutralizing Gas
|
|upkeep
|turn|2
|
|t:|1632666732
|switch|p1a: Drampa|Drampa, M|100/100
|move|p2a: Weezing|Will-O-Wisp|p1a: Drampa
|-status|p1a: Drampa|brn
|
|-damage|p1a: Drampa|95/100 brn|[from] brn
|upkeep
|turn|3
|
|t:|1632666741
|-end|p2a: Weezing|ability: Neutralizing Gas
|switch|p2a: Gigalith|Gigalith, F|100/100
|-weather|Sandstorm|[from] ability: Sand Stream|[of] p2a: Gigalith
|move|p1a: Drampa|Hyper Voice|p2a: Gigalith
|-resisted|p2a: Gigalith
|-damage|p2a: Gigalith|80/100
|
|-weather|Sandstorm|[upkeep]
|-damage|p1a: Drampa|89/100 brn|[from] Sandstorm
|-heal|p2a: Gigalith|86/100|[from] item: Leftovers
|-damage|p1a: Drampa|83/100 brn|[from] brn
|upkeep
|turn|4
|
|t:|1632666752
|switch|p1a: Silvally|Silvally-Steel|100/100
|move|p2a: Gigalith|Stealth Rock|p1a: Silvally
|-sidestart|p1: mazeltof|move: Stealth Rock
|
|-weather|Sandstorm|[upkeep]
|-heal|p2a: Gigalith|92/100|[from] item: Leftovers
|upkeep
|turn|5
|
|t:|1632666761
|switch|p2a: Weezing|Weezing, M|100/100
|-ability|p2a: Weezing|Neutralizing Gas
|move|p1a: Silvally|Parting Shot|p2a: Weezing
|-unboost|p2a: Weezing|atk|1
|-unboost|p2a: Weezing|spa|1
|
|t:|1632666781
|switch|p1a: Drampa|Drampa, M|83/100 brn|[from]move: Parting Shot
|-damage|p1a: Drampa|70/100 brn|[from] Stealth Rock
|
|-weather|Sandstorm|[upkeep]
|-damage|p2a: Weezing|95/100|[from] Sandstorm
|-damage|p1a: Drampa|65/100 brn|[from] Sandstorm
|-damage|p1a: Drampa|59/100 brn|[from] brn
|upkeep
|turn|6
|
|t:|1632666789
|-end|p2a: Weezing|ability: Neutralizing Gas
|switch|p2a: Gigalith|Gigalith, F|92/100
|move|p1a: Drampa|Draco Meteor|p2a: Gigalith
|-damage|p2a: Gigalith|36/100
|-unboost|p1a: Drampa|spa|2
|
|-weather|Sandstorm|[upkeep]
|-damage|p1a: Drampa|53/100 brn|[from] Sandstorm
|-heal|p2a: Gigalith|42/100|[from] item: Leftovers
|-damage|p1a: Drampa|47/100 brn|[from] brn
|upkeep
|turn|7
|
|t:|1632666797
|switch|p1a: Clefairy|Clefairy, M|100/100
|switch|p2a: Whimsicott|Whimsicott, M|100/100
|
|-weather|none
|upkeep
|turn|8
|
|t:|1632666802
|move|p2a: Whimsicott|Knock Off|p1a: Clefairy
|-resisted|p1a: Clefairy
|-damage|p1a: Clefairy|96/100
|-enditem|p1a: Clefairy|Eviolite|[from] move: Knock Off|[of] p2a: Whimsicott
|move|p1a: Clefairy|Wish|p1a: Clefairy
|
|upkeep
|turn|9
|
|t:|1632666808
|switch|p1a: Silvally|Silvally-Steel|100/100
|-damage|p1a: Silvally|94/100|[from] Stealth Rock
|move|p2a: Whimsicott|U-turn|p1a: Silvally
|-resisted|p1a: Silvally
|-damage|p1a: Silvally|89/100
|
|t:|1632666814
|switch|p2a: Weezing|Weezing, M|95/100|[from]move: U-turn
|-ability|p2a: Weezing|Neutralizing Gas
|
|-heal|p1a: Silvally|100/100|[from] move: Wish|[wisher] Clefairy
|upkeep
|turn|10
|
|t:|1632666817
|move|p1a: Silvally|Parting Shot|p2a: Weezing
|-unboost|p2a: Weezing|atk|1
|-unboost|p2a: Weezing|spa|1
|
|t:|1632666821
|switch|p1a: Clefairy|Clefairy, M|96/100|[from]move: Parting Shot
|-damage|p1a: Clefairy|83/100|[from] Stealth Rock
|move|p2a: Weezing|Toxic Spikes|p1a: Clefairy
|-sidestart|p1: mazeltof|move: Toxic Spikes
|
|upkeep
|turn|11
|
|t:|1632666829
|-end|p2a: Weezing|ability: Neutralizing Gas
|switch|p2a: Articuno|Articuno-Galar|100/100
|move|p1a: Clefairy|Wish|p1a: Clefairy
|
|upkeep
|turn|12
|
|t:|1632666846
|move|p2a: Articuno|U-turn|p1a: Clefairy
|-resisted|p1a: Clefairy
|-damage|p1a: Clefairy|76/100
|
|t:|1632666855
|switch|p2a: Gigalith|Gigalith, F|42/100|[from]move: U-turn
|-weather|Sandstorm|[from] ability: Sand Stream|[of] p2a: Gigalith
|move|p1a: Clefairy|Teleport|p1a: Clefairy
|
|t:|1632666859
|switch|p1a: Drampa|Drampa, M|47/100 brn|[from]move: Teleport
|-damage|p1a: Drampa|34/100 brn|[from] Stealth Rock
|
|-weather|Sandstorm|[upkeep]
|-damage|p1a: Drampa|29/100 brn|[from] Sandstorm
|-heal|p1a: Drampa|85/100 brn|[from] move: Wish|[wisher] Clefairy
|-heal|p2a: Gigalith|48/100|[from] item: Leftovers
|-damage|p1a: Drampa|79/100 brn|[from] brn
|upkeep
|turn|13
|
|t:|1632666866
|move|p2a: Gigalith|Protect|p2a: Gigalith
|-singleturn|p2a: Gigalith|Protect
|move|p1a: Drampa|Energy Ball|p2a: Gigalith
|-activate|p2a: Gigalith|move: Protect
|
|-weather|Sandstorm|[upkeep]
|-damage|p1a: Drampa|73/100 brn|[from] Sandstorm
|-heal|p2a: Gigalith|54/100|[from] item: Leftovers
|-damage|p1a: Drampa|67/100 brn|[from] brn
|upkeep
|turn|14
|
|t:|1632666886
|switch|p1a: Sandslash|Sandslash, M|100/100
|switch|p2a: Articuno|Articuno-Galar|100/100
|
|-weather|Sandstorm|[upkeep]
|-damage|p2a: Articuno|94/100|[from] Sandstorm
|upkeep
|turn|15
|
|t:|1632666892
|move|p1a: Sandslash|Rapid Spin|p2a: Articuno
|-damage|p2a: Articuno|75/100
|-boost|p1a: Sandslash|spe|1
|-sideend|p1: mazeltof|Toxic Spikes|[from] move: Rapid Spin|[of] p1a: Sandslash
|-sideend|p1: mazeltof|Stealth Rock|[from] move: Rapid Spin|[of] p1a: Sandslash
|move|p2a: Articuno|Hurricane|p1a: Sandslash|[miss]
|-miss|p2a: Articuno|p1a: Sandslash
|
|-weather|Sandstorm|[upkeep]
|-damage|p2a: Articuno|69/100|[from] Sandstorm
|upkeep
|turn|16
|
|t:|1632666898
|switch|p2a: Whimsicott|Whimsicott, M|100/100
|move|p1a: Sandslash|Stone Edge|p2a: Whimsicott
|-crit|p2a: Whimsicott
|-damage|p2a: Whimsicott|34/100
|
|-weather|none
|upkeep
|turn|17
|
|t:|1632666907
|switch|p1a: Silvally|Silvally-Steel|100/100
|move|p2a: Whimsicott|U-turn|p1a: Silvally
|-resisted|p1a: Silvally
|-crit|p1a: Silvally
|-damage|p1a: Silvally|92/100
|
|t:|1632666918
|switch|p2a: Weezing|Weezing, M|95/100|[from]move: U-turn
|-ability|p2a: Weezing|Neutralizing Gas
|
|upkeep
|turn|18
|
|t:|1632666921
|move|p1a: Silvally|Parting Shot|p2a: Weezing
|-unboost|p2a: Weezing|atk|1
|-unboost|p2a: Weezing|spa|1
|
|t:|1632666923
|switch|p1a: Drampa|Drampa, M|67/100 brn|[from]move: Parting Shot
|move|p2a: Weezing|Toxic Spikes|p1a: Drampa
|-sidestart|p1: mazeltof|move: Toxic Spikes
|
|-damage|p1a: Drampa|62/100 brn|[from] brn
|upkeep
|turn|19
|
|t:|1632666934
|-end|p2a: Weezing|ability: Neutralizing Gas
|switch|p2a: Togedemaru|Togedemaru, M|100/100
|move|p1a: Drampa|Draco Meteor|p2a: Togedemaru
|-resisted|p2a: Togedemaru
|-damage|p2a: Togedemaru|8/100
|-unboost|p1a: Drampa|spa|2
|
|-damage|p1a: Drampa|56/100 brn|[from] brn
|upkeep
|turn|20
|
|t:|1632666945
|switch|p2a: Articuno|Articuno-Galar|69/100
|switch|p1a: Weezing|Weezing, F|100/100
|
|upkeep
|turn|21
|
|t:|1632666950
|switch|p1a: Silvally|Silvally-Steel|92/100
|move|p2a: Articuno|Future Sight|p1a: Silvally
|-start|p2a: Articuno|move: Future Sight
|
|upkeep
|turn|22
|
|t:|1632666956
|move|p1a: Silvally|Multi-Attack|p2a: Articuno
|-damage|p2a: Articuno|12/100
|move|p2a: Articuno|U-turn|p1a: Silvally
|-resisted|p1a: Silvally
|-damage|p1a: Silvally|86/100
|
|t:|1632666959
|switch|p2a: Passimian|Passimian, M|100/100|[from]move: U-turn
|
|upkeep
|turn|23
|
|t:|1632666969
|switch|p1a: Clefairy|Clefairy, M|76/100
|-status|p1a: Clefairy|psn
|move|p2a: Passimian|Close Combat|p1a: Clefairy
|-resisted|p1a: Clefairy
|-damage|p1a: Clefairy|24/100 psn
|-unboost|p2a: Passimian|def|1
|-unboost|p2a: Passimian|spd|1
|
|-end|p1a: Clefairy|move: Future Sight
|-damage|p1a: Clefairy|0 fnt
|faint|p1a: Clefairy
|upkeep
|
|t:|1632666978
|switch|p1a: Weezing|Weezing, F|100/100
|turn|24
|
|t:|1632666989
|switch|p2a: Weezing|Weezing, M|95/100
|-ability|p2a: Weezing|Neutralizing Gas
|move|p1a: Weezing|Will-O-Wisp|p2a: Weezing
|-status|p2a: Weezing|brn
|
|-damage|p2a: Weezing|89/100 brn|[from] brn
|upkeep
|turn|25
|
|t:|1632666995
|move|p2a: Weezing|Sludge Bomb|p1a: Weezing
|-resisted|p1a: Weezing
|-damage|p1a: Weezing|83/100
|move|p1a: Weezing|Toxic Spikes|p2a: Weezing
|-sidestart|p2: jk malding|move: Toxic Spikes
|
|-damage|p2a: Weezing|83/100 brn|[from] brn
|upkeep
|turn|26
|
|t:|1632667002
|move|p2a: Weezing|Sludge Bomb|p1a: Weezing
|-resisted|p1a: Weezing
|-damage|p1a: Weezing|65/100
|move|p1a: Weezing|Sludge Bomb|p2a: Weezing
|-resisted|p2a: Weezing
|-damage|p2a: Weezing|65/100 brn
|
|-damage|p2a: Weezing|59/100 brn|[from] brn
|upkeep
|turn|27
|
|t:|1632667011
|move|p2a: Weezing|Sludge Bomb|p1a: Weezing
|-resisted|p1a: Weezing
|-damage|p1a: Weezing|46/100
|move|p1a: Weezing|Sludge Bomb|p2a: Weezing
|-resisted|p2a: Weezing
|-crit|p2a: Weezing
|-damage|p2a: Weezing|29/100 brn
|
|-damage|p2a: Weezing|23/100 brn|[from] brn
|upkeep
|turn|28
|
|t:|1632667015
|move|p2a: Weezing|Sludge Bomb|p1a: Weezing
|-resisted|p1a: Weezing
|-damage|p1a: Weezing|28/100
|move|p1a: Weezing|Flamethrower|p2a: Weezing
|-damage|p2a: Weezing|0 fnt
|faint|p2a: Weezing
|-end|p2a: Weezing|ability: Neutralizing Gas
|
|upkeep
|
|t:|1632667027
|switch|p2a: Articuno|Articuno-Galar|12/100
|turn|29
|
|t:|1632667031
|switch|p1a: Gigalith|Gigalith, F|100/100
|-status|p1a: Gigalith|psn
|-weather|Sandstorm|[from] ability: Sand Stream|[of] p1a: Gigalith
|move|p2a: Articuno|U-turn|p1a: Gigalith
|-crit|p1a: Gigalith
|-damage|p1a: Gigalith|87/100 psn
|
|t:|1632667041
|switch|p2a: Whimsicott|Whimsicott, M|34/100|[from]move: U-turn
|
|-weather|Sandstorm|[upkeep]
|-damage|p2a: Whimsicott|28/100|[from] Sandstorm
|-damage|p1a: Gigalith|75/100 psn|[from] psn
|upkeep
|turn|30
|
|t:|1632667046
|switch|p1a: Silvally|Silvally-Steel|86/100
|move|p2a: Whimsicott|Defog|p1a: Silvally
|-unboost|p1a: Silvally|evasion|1
|-sideend|p1: mazeltof|Toxic Spikes|[from] move: Defog|[of] p2a: Whimsicott
|-sideend|p2: jk malding|Toxic Spikes|[from] move: Defog|[of] p2a: Whimsicott
|
|-weather|Sandstorm|[upkeep]
|-damage|p2a: Whimsicott|22/100|[from] Sandstorm
|upkeep
|turn|31
|
|t:|1632667055
|move|p2a: Whimsicott|U-turn|p1a: Silvally
|-resisted|p1a: Silvally
|-damage|p1a: Silvally|80/100
|
|t:|1632667066
|switch|p2a: Articuno|Articuno-Galar|12/100|[from]move: U-turn
|move|p1a: Silvally|Multi-Attack|p2a: Articuno
|-crit|p2a: Articuno
|-damage|p2a: Articuno|0 fnt
|faint|p2a: Articuno
|
|-weather|Sandstorm|[upkeep]
|upkeep
|
|t:|1632667068
|switch|p2a: Togedemaru|Togedemaru, M|8/100
|turn|32
|
|t:|1632667071
|move|p2a: Togedemaru|Nuzzle|p1a: Silvally
|-damage|p1a: Silvally|70/100
|-status|p1a: Silvally|par
|move|p1a: Silvally|Flame Charge|p2a: Togedemaru
|-supereffective|p2a: Togedemaru
|-damage|p2a: Togedemaru|0 fnt
|-boost|p1a: Silvally|spe|1
|faint|p2a: Togedemaru
|
|-weather|Sandstorm|[upkeep]
|upkeep
|
|t:|1632667074
|switch|p2a: Passimian|Passimian, M|100/100
|turn|33
|
|t:|1632667078
|switch|p1a: Weezing|Weezing, F|28/100
|move|p2a: Passimian|Close Combat|p1a: Weezing
|-resisted|p1a: Weezing
|-damage|p1a: Weezing|2/100
|-unboost|p2a: Passimian|def|1
|-unboost|p2a: Passimian|spd|1
|-damage|p2a: Passimian|84/100|[from] item: Rocky Helmet|[of] p1a: Weezing
|
|-weather|Sandstorm|[upkeep]
|-damage|p2a: Passimian|78/100|[from] Sandstorm
|-damage|p1a: Weezing|0 fnt|[from] Sandstorm
|faint|p1a: Weezing
|upkeep
|
|t:|1632667084
|switch|p1a: Sandslash|Sandslash, M|100/100
|turn|34
|
|t:|1632667089
|switch|p2a: Whimsicott|Whimsicott, M|22/100
|move|p1a: Sandslash|Earthquake|p2a: Whimsicott
|-resisted|p2a: Whimsicott
|-damage|p2a: Whimsicott|0 fnt
|faint|p2a: Whimsicott
|
|-weather|Sandstorm|[upkeep]
|upkeep
|
|t:|1632667091
|switch|p2a: Passimian|Passimian, M|78/100
|turn|35
|
|t:|1632667103
|move|p1a: Sandslash|Earthquake|p2a: Passimian
|-damage|p2a: Passimian|27/100
|move|p2a: Passimian|Close Combat|p1a: Sandslash
|-damage|p1a: Sandslash|0 fnt
|-unboost|p2a: Passimian|def|1
|-unboost|p2a: Passimian|spd|1
|faint|p1a: Sandslash
|
|-weather|Sandstorm|[upkeep]
|-damage|p2a: Passimian|20/100|[from] Sandstorm
|upkeep
|
|t:|1632667125
|switch|p1a: Drampa|Drampa, M|56/100 brn
|turn|36
|
|t:|1632667128
|move|p2a: Passimian|Close Combat|p1a: Drampa
|-supereffective|p1a: Drampa
|-damage|p1a: Drampa|0 fnt
|-unboost|p2a: Passimian|def|1
|-unboost|p2a: Passimian|spd|1
|faint|p1a: Drampa
|
|-weather|none
|upkeep
|
|t:|1632667131
|switch|p1a: Gigalith|Gigalith, F|75/100 psn
|-weather|Sandstorm|[from] ability: Sand Stream|[of] p1a: Gigalith
|turn|37
|
|t:|1632667141
|switch|p2a: Gigalith|Gigalith, F|54/100
|move|p1a: Gigalith|Protect||[still]
|-fail|p1a: Gigalith
|
|-weather|Sandstorm|[upkeep]
|-heal|p2a: Gigalith|60/100|[from] item: Leftovers
|-damage|p1a: Gigalith|62/100 psn|[from] psn
|upkeep
|turn|38
|
|t:|1632667147
|switch|p1a: Silvally|Silvally-Steel|70/100 par
|move|p2a: Gigalith|Earthquake|p1a: Silvally
|-supereffective|p1a: Silvally
|-damage|p1a: Silvally|1/100 par
|
|-weather|Sandstorm|[upkeep]
|-heal|p2a: Gigalith|66/100|[from] item: Leftovers
|upkeep
|turn|39
|
|t:|1632667153
|move|p2a: Gigalith|Protect|p2a: Gigalith
|-singleturn|p2a: Gigalith|Protect
|move|p1a: Silvally|Multi-Attack|p2a: Gigalith
|-activate|p2a: Gigalith|move: Protect
|
|-weather|Sandstorm|[upkeep]
|-heal|p2a: Gigalith|72/100|[from] item: Leftovers
|upkeep
|turn|40
|
|t:|1632667156
|cant|p1a: Silvally|par
|move|p2a: Gigalith|Earthquake|p1a: Silvally
|-supereffective|p1a: Silvally
|-damage|p1a: Silvally|0 fnt
|faint|p1a: Silvally
|
|-weather|Sandstorm|[upkeep]
|-heal|p2a: Gigalith|79/100|[from] item: Leftovers
|upkeep
|-message|mazeltof forfeited.
|
|win|jk malding
|raw|mazeltof's rating: 1541 &rarr; <strong>1516</strong><br />(-25 for losing)
|raw|jk malding's rating: 1455 &rarr; <strong>1480</strong><br />(+25 for winning)
|l|☆mazeltof
|l|☆jk malding
