|j|☆abcd132231
|j|☆Haffling test
|t:|1648737056
|gametype|singles
|player|p1|abcd132231|1|1353
|player|p2|Haffling test|cyrus|1519
|teamsize|p1|6
|teamsize|p2|6
|gen|8
|tier|[Gen 8] PU
|rated|
|rule|Sleep Clause Mod: Limit one foe put to sleep
|rule|Species Clause: Limit one of each Pokémon
|rule|OHKO Clause: OHKO moves are banned
|rule|Evasion Moves Clause: Evasion moves are banned
|rule|Endless Battle Clause: Forcing endless battles is banned
|rule|HP Percentage Mod: HP is shown in percentages
|rule|Dynamax Clause: You cannot dynamax
|clearpoke
|poke|p1|Clefairy, M|
|poke|p1|Shedinja|
|poke|p1|Audino, M|
|poke|p1|Quagsire, M|
|poke|p1|Eldegoss, M|
|poke|p1|Weezing, M|
|poke|p2|Trevenant, M|
|poke|p2|Qwilfish, F|
|poke|p2|Cryogonal|
|poke|p2|Regirock|
|poke|p2|Aromatisse, F|
|poke|p2|Centiskorch, F|
|teampreview
|j| ii88
|c|☆abcd132231|testing this team I don't like it so far though
|
|t:|1648737088
|start
|switch|p1a: Audino|Audino, M|100/100
|switch|p2a: Centiskorch|Centiskorch, F|100/100
|turn|1
|
|t:|1648737098
|move|p2a: Centiskorch|Knock Off|p1a: Audino
|-damage|p1a: Audino|78/100
|-enditem|p1a: Audino|Leftovers|[from] move: Knock Off|[of] p2a: Centiskorch
|move|p1a: Audino|Toxic|p2a: Centiskorch|[miss]
|-miss|p1a: Audino|p2a: Centiskorch
|
|upkeep
|turn|2
|
|t:|1648737112
|move|p2a: Centiskorch|Fire Lash|p1a: Audino
|-damage|p1a: Audino|48/100
|-unboost|p1a: Audino|def|1
|move|p1a: Audino|Toxic|p2a: Centiskorch
|-status|p2a: Centiskorch|tox
|
|-damage|p2a: Centiskorch|94/100 tox|[from] psn
|upkeep
|turn|3
|
|t:|1648737118
|move|p1a: Audino|Protect|p1a: Audino
|-singleturn|p1a: Audino|Protect
|move|p2a: Centiskorch|Fire Lash|p1a: Audino
|-activate|p1a: Audino|move: Protect
|
|-damage|p2a: Centiskorch|82/100 tox|[from] psn
|upkeep
|turn|4
|
|t:|1648737124
|switch|p1a: Quagsire|Quagsire, M|100/100
|move|p2a: Centiskorch|Fire Lash|p1a: Quagsire
|-resisted|p1a: Quagsire
|-damage|p1a: Quagsire|86/100
|-unboost|p1a: Quagsire|def|1
|
|-heal|p1a: Quagsire|92/100|[from] item: Leftovers
|-damage|p2a: Centiskorch|64/100 tox|[from] psn
|upkeep
|turn|5
|
|t:|1648737130
|switch|p2a: Cryogonal|Cryogonal|100/100
|switch|p1a: Shedinja|Shedinja|100/100
|
|upkeep
|turn|6
|
|t:|1648737138
|switch|p1a: Weezing|Weezing, M|100/100
|-ability|p1a: Weezing|Neutralizing Gas
|move|p2a: Cryogonal|Knock Off|p1a: Weezing
|-damage|p1a: Weezing|90/100
|-enditem|p1a: Weezing|Black Sludge|[from] move: Knock Off|[of] p2a: Cryogonal
|
|upkeep
|turn|7
|
|t:|1648737143
|move|p2a: Cryogonal|Freeze-Dry|p1a: Weezing
|-damage|p1a: Weezing|53/100
|move|p1a: Weezing|Sludge Bomb|p2a: Cryogonal
|-damage|p2a: Cryogonal|67/100
|-status|p2a: Cryogonal|psn
|
|-damage|p2a: Cryogonal|54/100 psn|[from] psn
|upkeep
|turn|8
|
|t:|1648737155
|move|p2a: Cryogonal|Recover|p2a: Cryogonal
|-heal|p2a: Cryogonal|100/100 psn
|move|p1a: Weezing|Pain Split|p2a: Cryogonal
|-sethp|p2a: Cryogonal|79/100 psn|[from] move: Pain Split|[silent]
|-sethp|p1a: Weezing|71/100|[from] move: Pain Split
|
|-damage|p2a: Cryogonal|67/100 psn|[from] psn
|upkeep
|turn|9
|
|t:|1648737166
|switch|p2a: Qwilfish|Qwilfish, F|100/100
|-end|p1a: Weezing|ability: Neutralizing Gas
|-ability|p2a: Qwilfish|Intimidate|boost
|-unboost|p1a: Weezing|atk|1
|switch|p1a: Audino|Audino, M|81/100
|
|upkeep
|turn|10
|
|t:|1648737174
|move|p2a: Qwilfish|Taunt|p1a: Audino
|-start|p1a: Audino|move: Taunt
|cant|p1a: Audino|move: Taunt|Wish
|
|upkeep
|turn|11
|
|t:|1648737178
|move|p2a: Qwilfish|Toxic Spikes|p1a: Audino
|-sidestart|p1: abcd132231|move: Toxic Spikes
|move|p1a: Audino|Knock Off|p2a: Qwilfish
|-damage|p2a: Qwilfish|84/100
|-enditem|p2a: Qwilfish|Black Sludge|[from] move: Knock Off|[of] p1a: Audino
|
|upkeep
|turn|12
|
|t:|1648737184
|switch|p1a: Weezing|Weezing, M|71/100
|-ability|p1a: Weezing|Neutralizing Gas
|-sideend|p1: abcd132231|move: Toxic Spikes|[of] p1a: Weezing
|move|p2a: Qwilfish|Spikes|p1a: Weezing
|-sidestart|p1: abcd132231|Spikes
|
|upkeep
|turn|13
|
|t:|1648737188
|move|p2a: Qwilfish|Toxic Spikes|p1a: Weezing
|-sidestart|p1: abcd132231|move: Toxic Spikes
|move|p1a: Weezing|Toxic Spikes|p2a: Qwilfish
|-sidestart|p2: Haffling test|move: Toxic Spikes
|
|upkeep
|turn|14
|
|t:|1648737195
|-end|p1a: Weezing|ability: Neutralizing Gas
|-ability|p2a: Qwilfish|Intimidate|boost
|-unboost|p1a: Weezing|atk|1
|switch|p1a: Shedinja|Shedinja|100/100
|move|p2a: Qwilfish|Spikes|p1a: Shedinja
|-sidestart|p1: abcd132231|Spikes
|
|upkeep
|turn|15
|
|t:|1648737208
|move|p2a: Qwilfish|Spikes|p1a: Shedinja
|-sidestart|p1: abcd132231|Spikes
|move|p1a: Shedinja|Poltergeist||[still]
|-fail|p1a: Shedinja
|
|upkeep
|turn|16
|
|t:|1648737215
|move|p2a: Qwilfish|Taunt|p1a: Shedinja
|-start|p1a: Shedinja|move: Taunt
|move|p1a: Shedinja|X-Scissor|p2a: Qwilfish
|-resisted|p2a: Qwilfish
|-damage|p2a: Qwilfish|66/100
|
|upkeep
|turn|17
|
|t:|1648737224
|switch|p2a: Regirock|Regirock|100/100
|-status|p2a: Regirock|psn
|move|p1a: Shedinja|X-Scissor|p2a: Regirock
|-damage|p2a: Regirock|87/100 psn
|
|-heal|p2a: Regirock|93/100 psn|[from] item: Leftovers
|-damage|p2a: Regirock|81/100 psn|[from] psn
|upkeep
|turn|18
|
|t:|1648737231
|switch|p1a: Eldegoss|Eldegoss, M|100/100
|move|p2a: Regirock|Stealth Rock|p1a: Eldegoss
|-sidestart|p1: abcd132231|move: Stealth Rock
|
|-heal|p2a: Regirock|87/100 psn|[from] item: Leftovers
|-damage|p2a: Regirock|74/100 psn|[from] psn
|upkeep
|turn|19
|
|t:|1648737235
|switch|p2a: Trevenant|Trevenant, M|100/100
|-status|p2a: Trevenant|psn
|move|p1a: Eldegoss|Rapid Spin|p2a: Trevenant
|-immune|p2a: Trevenant
|
|-damage|p2a: Trevenant|88/100 psn|[from] psn
|upkeep
|turn|20
|
|t:|1648737242
|switch|p1a: Audino|Audino, M|100/100
|-damage|p1a: Audino|76/100|[from] Spikes
|-damage|p1a: Audino|63/100|[from] Stealth Rock
|-status|p1a: Audino|psn
|move|p2a: Trevenant|Poltergeist||[still]
|-fail|p2a: Trevenant
|
|-damage|p2a: Trevenant|76/100 psn|[from] psn
|-damage|p1a: Audino|51/100 psn|[from] psn
|upkeep
|turn|21
|
|t:|1648737248
|move|p2a: Trevenant|Wood Hammer|p1a: Audino
|-damage|p1a: Audino|12/100 psn
|-damage|p2a: Trevenant|59/100 psn|[from] Recoil
|move|p1a: Audino|Wish|p1a: Audino
|
|-damage|p2a: Trevenant|47/100 psn|[from] psn
|-damage|p1a: Audino|0 fnt|[from] psn
|faint|p1a: Audino
|upkeep
|
|t:|1648737256
|switch|p1a: Clefairy|Clefairy, M|100/100
|-status|p1a: Clefairy|psn
|turn|22
|
|t:|1648737262
|move|p2a: Trevenant|Horn Leech|p1a: Clefairy
|-damage|p1a: Clefairy|72/100 psn
|-heal|p2a: Trevenant|63/100 psn|[from] drain|[of] p1a: Clefairy
|move|p1a: Clefairy|Calm Mind|p1a: Clefairy
|-boost|p1a: Clefairy|spa|1
|-boost|p1a: Clefairy|spd|1
|
|-heal|p1a: Clefairy|100/100 psn|[from] move: Wish|[wisher] Audino
|-damage|p2a: Trevenant|51/100 psn|[from] psn
|upkeep
|turn|23
|
|t:|1648737272
|-curestatus|p2a: Trevenant|psn|[from] ability: Natural Cure
|switch|p2a: Qwilfish|Qwilfish, F|66/100
|-sideend|p2: Haffling test|move: Toxic Spikes|[of] p2a: Qwilfish
|-ability|p2a: Qwilfish|Intimidate|boost
|-unboost|p1a: Clefairy|atk|1
|move|p1a: Clefairy|Calm Mind|p1a: Clefairy
|-boost|p1a: Clefairy|spa|1
|-boost|p1a: Clefairy|spd|1
|
|upkeep
|turn|24
|
|t:|1648737277
|move|p2a: Qwilfish|Taunt|p1a: Clefairy
|-start|p1a: Clefairy|move: Taunt
|move|p1a: Clefairy|Stored Power|p2a: Qwilfish
|-supereffective|p2a: Qwilfish
|-crit|p2a: Qwilfish
|-damage|p2a: Qwilfish|0 fnt
|faint|p2a: Qwilfish
|
|upkeep
|
|t:|1648737305
|switch|p2a: Cryogonal|Cryogonal|67/100 psn
|turn|25
|inactive|Battle timer is ON: inactive players will automatically lose when time's up. (requested by Haffling test)
|
|t:|1648737360
|move|p2a: Cryogonal|Knock Off|p1a: Clefairy
|-resisted|p1a: Clefairy
|-damage|p1a: Clefairy|96/100 psn
|-enditem|p1a: Clefairy|Eviolite|[from] move: Knock Off|[of] p2a: Cryogonal
|move|p1a: Clefairy|Stored Power|p2a: Cryogonal
|-damage|p2a: Cryogonal|39/100 psn
|
|-damage|p2a: Cryogonal|26/100 psn|[from] psn
|upkeep
|turn|26
|
|t:|1648737368
|move|p2a: Cryogonal|Freeze-Dry|p1a: Clefairy
|-damage|p1a: Clefairy|77/100 psn
|move|p1a: Clefairy|Stored Power|p2a: Cryogonal
|-damage|p2a: Cryogonal|0 fnt
|faint|p2a: Cryogonal
|
|-end|p1a: Clefairy|move: Taunt
|upkeep
|
|t:|1648737371
|switch|p2a: Centiskorch|Centiskorch, F|64/100 tox
|turn|27
|
|t:|1648737377
|move|p2a: Centiskorch|Fire Lash|p1a: Clefairy
|-damage|p1a: Clefairy|31/100 psn
|-unboost|p1a: Clefairy|def|1
|move|p1a: Clefairy|Stored Power|p2a: Centiskorch
|-damage|p2a: Centiskorch|32/100 tox
|
|-damage|p2a: Centiskorch|26/100 tox|[from] psn
|upkeep
|turn|28
|
|t:|1648737392
|switch|p1a: Quagsire|Quagsire, M|92/100
|-status|p1a: Quagsire|psn
|-damage|p1a: Quagsire|86/100 psn|[from] Stealth Rock
|-damage|p1a: Quagsire|61/100 psn|[from] Spikes
|move|p2a: Centiskorch|Fire Lash|p1a: Quagsire
|-resisted|p1a: Quagsire
|-damage|p1a: Quagsire|47/100 psn
|-unboost|p1a: Quagsire|def|1
|
|-heal|p1a: Quagsire|54/100 psn|[from] item: Leftovers
|-damage|p2a: Centiskorch|13/100 tox|[from] psn
|-damage|p1a: Quagsire|41/100 psn|[from] psn
|upkeep
|turn|29
|
|t:|1648737403
|switch|p2a: Aromatisse|Aromatisse, F|100/100
|move|p1a: Quagsire|Recover|p1a: Quagsire
|-heal|p1a: Quagsire|91/100 psn
|
|-heal|p1a: Quagsire|97/100 psn|[from] item: Leftovers
|-damage|p1a: Quagsire|85/100 psn|[from] psn
|upkeep
|turn|30
|
|t:|1648737407
|switch|p1a: Eldegoss|Eldegoss, M|100/100
|move|p2a: Aromatisse|Aromatherapy|p2a: Aromatisse
|-activate|p2a: Aromatisse|move: Aromatherapy
|-curestatus|p2: Centiskorch|tox|[msg]
|-curestatus|p2: Regirock|psn|[msg]
|
|upkeep
|turn|31
|
|t:|1648737411
|switch|p2a: Trevenant|Trevenant, M|51/100
|move|p1a: Eldegoss|Aromatherapy|p1a: Eldegoss
|-activate|p1a: Eldegoss|move: Aromatherapy
|-curestatus|p1: Clefairy|psn|[msg]
|-curestatus|p1: Quagsire|psn|[msg]
|
|upkeep
|turn|32
|
|t:|1648737418
|switch|p1a: Weezing|Weezing, M|71/100
|-ability|p1a: Weezing|Neutralizing Gas
|-damage|p1a: Weezing|47/100|[from] Spikes
|-sideend|p1: abcd132231|move: Toxic Spikes|[of] p1a: Weezing
|-damage|p1a: Weezing|34/100|[from] Stealth Rock
|move|p2a: Trevenant|Drain Punch|p1a: Weezing
|-resisted|p1a: Weezing
|-damage|p1a: Weezing|24/100
|-heal|p2a: Trevenant|56/100|[from] drain|[of] p1a: Weezing
|
|upkeep
|turn|33
|inactive|Haffling test has 120 seconds left.
|
|t:|1648737470
|switch|p2a: Regirock|Regirock|74/100
|move|p1a: Weezing|Toxic Spikes|p2a: Regirock
|-sidestart|p2: Haffling test|move: Toxic Spikes
|
|-heal|p2a: Regirock|80/100|[from] item: Leftovers
|upkeep
|turn|34
|
|t:|1648737477
|move|p1a: Weezing|Pain Split|p2a: Regirock
|-sethp|p2a: Regirock|51/100|[from] move: Pain Split|[silent]
|-sethp|p1a: Weezing|56/100|[from] move: Pain Split
|move|p2a: Regirock|Rock Blast|p1a: Weezing
|-damage|p1a: Weezing|48/100
|-damage|p1a: Weezing|40/100
|-damage|p1a: Weezing|32/100
|-damage|p1a: Weezing|25/100
|-damage|p1a: Weezing|17/100
|-hitcount|p1a: Weezing|5
|
|-heal|p2a: Regirock|57/100|[from] item: Leftovers
|upkeep
|turn|35
|
|t:|1648737483
|move|p1a: Weezing|Pain Split|p2a: Regirock
|-sethp|p2a: Regirock|36/100|[from] move: Pain Split|[silent]
|-sethp|p1a: Weezing|39/100|[from] move: Pain Split
|move|p2a: Regirock|Rock Blast|p1a: Weezing
|-damage|p1a: Weezing|32/100
|-damage|p1a: Weezing|24/100
|-damage|p1a: Weezing|15/100
|-damage|p1a: Weezing|7/100
|-damage|p1a: Weezing|0 fnt
|faint|p1a: Weezing
|-end|p1a: Weezing|ability: Neutralizing Gas
|-hitcount|p1: Weezing|5
|
|-heal|p2a: Regirock|42/100|[from] item: Leftovers
|upkeep
|inactive|abcd132231 has 120 seconds left.
|
|t:|1648737516
|switch|p1a: Quagsire|Quagsire, M|85/100
|-damage|p1a: Quagsire|60/100|[from] Spikes
|-damage|p1a: Quagsire|54/100|[from] Stealth Rock
|turn|36
|inactive|Haffling test has 120 seconds left.
|
|t:|1648737527
|switch|p2a: Aromatisse|Aromatisse, F|100/100
|-status|p2a: Aromatisse|psn
|move|p1a: Quagsire|Recover|p1a: Quagsire
|-heal|p1a: Quagsire|100/100
|
|-damage|p2a: Aromatisse|88/100 psn|[from] psn
|upkeep
|turn|37
|
|t:|1648737532
|switch|p1a: Eldegoss|Eldegoss, M|100/100
|move|p2a: Aromatisse|Wish|p2a: Aromatisse
|
|-heal|p2a: Aromatisse|94/100 psn|[from] item: Leftovers
|-damage|p2a: Aromatisse|82/100 psn|[from] psn
|upkeep
|turn|38
|
|t:|1648737542
|switch|p1a: Clefairy|Clefairy, M|31/100
|switch|p2a: Trevenant|Trevenant, M|56/100
|-status|p2a: Trevenant|psn
|
|-heal|p2a: Trevenant|100/100 psn|[from] move: Wish|[wisher] Aromatisse
|-damage|p2a: Trevenant|88/100 psn|[from] psn
|upkeep
|turn|39
|
|t:|1648737545
|move|p2a: Trevenant|Wood Hammer|p1a: Clefairy
|-damage|p1a: Clefairy|0 fnt
|faint|p1a: Clefairy
|-damage|p2a: Trevenant|77/100 psn|[from] Recoil
|
|-damage|p2a: Trevenant|65/100 psn|[from] psn
|upkeep
|
|t:|1648737551
|switch|p1a: Shedinja|Shedinja|100/100
|turn|40
|c|☆abcd132231|gg
|
|t:|1648737559
|-curestatus|p2a: Trevenant|psn|[from] ability: Natural Cure
|switch|p2a: Aromatisse|Aromatisse, F|82/100 psn
|move|p1a: Shedinja|Sucker Punch||[still]
|-fail|p1a: Shedinja
|
|-heal|p2a: Aromatisse|88/100 psn|[from] item: Leftovers
|-damage|p2a: Aromatisse|76/100 psn|[from] psn
|upkeep
|turn|41
|
|t:|1648737564
|move|p1a: Shedinja|Poltergeist|p2a: Aromatisse
|-activate|p2a: Aromatisse|move: Poltergeist|Leftovers
|-damage|p2a: Aromatisse|42/100 psn
|move|p2a: Aromatisse|Wish|p2a: Aromatisse
|
|-heal|p2a: Aromatisse|49/100 psn|[from] item: Leftovers
|-damage|p2a: Aromatisse|36/100 psn|[from] psn
|upkeep
|turn|42
|
|t:|1648737574
|move|p2a: Aromatisse|Protect|p2a: Aromatisse
|-singleturn|p2a: Aromatisse|Protect
|move|p1a: Shedinja|Poltergeist|p2a: Aromatisse
|-activate|p2a: Aromatisse|move: Protect
|
|-heal|p2a: Aromatisse|86/100 psn|[from] move: Wish|[wisher] Aromatisse
|-heal|p2a: Aromatisse|92/100 psn|[from] item: Leftovers
|-damage|p2a: Aromatisse|80/100 psn|[from] psn
|upkeep
|turn|43
|
|t:|1648737577
|move|p1a: Shedinja|Poltergeist|p2a: Aromatisse
|-activate|p2a: Aromatisse|move: Poltergeist|Leftovers
|-damage|p2a: Aromatisse|45/100 psn
|move|p2a: Aromatisse|Aromatherapy|p2a: Aromatisse
|-activate|p2a: Aromatisse|move: Aromatherapy
|-curestatus|p2a: Aromatisse|psn|[msg]
|
|-heal|p2a: Aromatisse|51/100|[from] item: Leftovers
|upkeep
|turn|44
|
|t:|1648737584
|move|p1a: Shedinja|Poltergeist|p2a: Aromatisse|[miss]
|-miss|p1a: Shedinja|p2a: Aromatisse
|move|p2a: Aromatisse|Wish|p2a: Aromatisse
|
|-heal|p2a: Aromatisse|57/100|[from] item: Leftovers
|upkeep
|turn|45
|
|t:|1648737589
|move|p2a: Aromatisse|Protect|p2a: Aromatisse
|-singleturn|p2a: Aromatisse|Protect
|move|p1a: Shedinja|Toxic|p2a: Aromatisse
|-activate|p2a: Aromatisse|move: Protect
|
|-heal|p2a: Aromatisse|100/100|[from] move: Wish|[wisher] Aromatisse
|upkeep
|turn|46
|
|t:|1648737592
|move|p1a: Shedinja|Toxic|p2a: Aromatisse
|-status|p2a: Aromatisse|tox
|move|p2a: Aromatisse|Wish|p2a: Aromatisse
|
|-damage|p2a: Aromatisse|94/100 tox|[from] psn
|upkeep
|turn|47
|
|t:|1648737602
|switch|p2a: Regirock|Regirock|42/100
|-status|p2a: Regirock|psn
|move|p1a: Shedinja|X-Scissor|p2a: Regirock
|-damage|p2a: Regirock|29/100 psn
|
|-heal|p2a: Regirock|85/100 psn|[from] move: Wish|[wisher] Aromatisse
|-heal|p2a: Regirock|91/100 psn|[from] item: Leftovers
|-damage|p2a: Regirock|79/100 psn|[from] psn
|upkeep
|turn|48
|
|t:|1648737608
|switch|p1a: Eldegoss|Eldegoss, M|100/100
|move|p2a: Regirock|Rock Blast|p1a: Eldegoss
|-damage|p1a: Eldegoss|90/100
|-damage|p1a: Eldegoss|80/100
|-damage|p1a: Eldegoss|70/100
|-hitcount|p1a: Eldegoss|3
|
|-heal|p2a: Regirock|85/100 psn|[from] item: Leftovers
|-damage|p2a: Regirock|72/100 psn|[from] psn
|upkeep
|turn|49
|
|t:|1648737618
|switch|p1a: Shedinja|Shedinja|100/100
|switch|p2a: Trevenant|Trevenant, M|65/100
|-status|p2a: Trevenant|psn
|
|-damage|p2a: Trevenant|53/100 psn|[from] psn
|upkeep
|turn|50
|
|t:|1648737630
|move|p2a: Trevenant|Poltergeist|p1a: Shedinja
|-activate|p1a: Shedinja|move: Poltergeist|Heavy-Duty Boots
|-supereffective|p1a: Shedinja
|-damage|p1a: Shedinja|0 fnt
|faint|p1a: Shedinja
|
|-damage|p2a: Trevenant|40/100 psn|[from] psn
|upkeep
|
|t:|1648737636
|switch|p1a: Eldegoss|Eldegoss, M|100/100
|turn|51
|
|t:|1648737644
|move|p2a: Trevenant|Drain Punch|p1a: Eldegoss
|-damage|p1a: Eldegoss|74/100
|-heal|p2a: Trevenant|55/100 psn|[from] drain|[of] p1a: Eldegoss
|move|p1a: Eldegoss|Leech Seed|p2a: Trevenant
|-immune|p2a: Trevenant
|
|-damage|p2a: Trevenant|42/100 psn|[from] psn
|upkeep
|turn|52
|
|t:|1648737651
|move|p2a: Trevenant|Drain Punch|p1a: Eldegoss
|-damage|p1a: Eldegoss|46/100
|-heal|p2a: Trevenant|57/100 psn|[from] drain|[of] p1a: Eldegoss
|move|p1a: Eldegoss|Synthesis|p1a: Eldegoss
|-heal|p1a: Eldegoss|96/100
|
|-damage|p2a: Trevenant|45/100 psn|[from] psn
|upkeep
|turn|53
|
|t:|1648737663
|switch|p1a: Quagsire|Quagsire, M|100/100
|-damage|p1a: Quagsire|94/100|[from] Stealth Rock
|-damage|p1a: Quagsire|70/100|[from] Spikes
|move|p2a: Trevenant|Poltergeist|p1a: Quagsire
|-activate|p1a: Quagsire|move: Poltergeist|Leftovers
|-damage|p1a: Quagsire|27/100
|
|-heal|p1a: Quagsire|33/100|[from] item: Leftovers
|-damage|p2a: Trevenant|32/100 psn|[from] psn
|upkeep
|turn|54
|-message|abcd132231 forfeited.
|
|win|Haffling test
|raw|abcd132231's rating: 1353 &rarr; <strong>1342</strong><br />(-11 for losing)
|raw|Haffling test's rating: 1519 &rarr; <strong>1530</strong><br />(+11 for winning)
|l|☆abcd132231
|l| ii88
||Ladder isn't responding, score probably updated but might not have (Request timeout).
|l|☆Haffling test
