|html|<div class="broadcast-blue"><strong>[Gen 8] PU is currently suspecting Scyther! For information on how to participate check out the <a href="https://www.smogon.com/forums/threads/np-ss-pu-stage-11-turn-turn-turn-scyther-retest.3707179/">suspect thread</a>.</strong></div>
|j|☆kingqueso141
|j|☆GreatDaneG
|t:|1663097452
|gametype|singles
|player|p1|kingqueso141|rosa|1357
|player|p2|GreatDaneG|lance|1326
|teamsize|p1|6
|teamsize|p2|6
|gen|8
|tier|[Gen 8] PU
|rated|
|rule|Sleep Clause Mod: Limit one foe put to sleep
|rule|Species Clause: Limit one of each Pokémon
|rule|OHKO Clause: OHKO moves are banned
|rule|Evasion Items Clause: Evasion items are banned
|rule|Evasion Moves Clause: Evasion moves are banned
|rule|Endless Battle Clause: Forcing endless battles is banned
|rule|HP Percentage Mod: HP is shown in percentages
|rule|Dynamax Clause: You cannot dynamax
|clearpoke
|poke|p1|Magneton|
|poke|p1|Scrafty, F|
|poke|p1|Centiskorch, M|
|poke|p1|Cinccino, M|
|poke|p1|Shuckle, F|
|poke|p1|Articuno-Galar|
|poke|p2|Stoutland, M|
|poke|p2|Gigalith, M|
|poke|p2|Roselia, F|
|poke|p2|Aromatisse, F|
|poke|p2|Scrafty, M|
|poke|p2|Charizard, M|
|teampreview
|
|t:|1663097478
|start
|switch|p1a: Shuckle|Shuckle, F|100/100
|switch|p2a: Roselia|Roselia, F|100/100
|turn|1
|
|t:|1663097484
|move|p2a: Roselia|Sleep Powder|p1a: Shuckle
|-status|p1a: Shuckle|slp|[from] move: Sleep Powder
|cant|p1a: Shuckle|slp
|
|upkeep
|turn|2
|
|t:|1663097491
|switch|p1a: Articuno|Articuno-Galar|100/100
|move|p2a: Roselia|Spikes|p1a: Articuno
|-sidestart|p1: kingqueso141|Spikes
|
|upkeep
|turn|3
|
|t:|1663097499
|switch|p2a: Gigalith|Gigalith, M|100/100
|-weather|Sandstorm|[from] ability: Sand Stream|[of] p2a: Gigalith
|move|p1a: Articuno|Future Sight|p2a: Gigalith
|-start|p1a: Articuno|move: Future Sight
|
|-weather|Sandstorm|[upkeep]
|-damage|p1a: Articuno|94/100|[from] Sandstorm
|upkeep
|turn|4
|
|t:|1663097510
|move|p1a: Articuno|U-turn|p2a: Gigalith
|-damage|p2a: Gigalith|91/100
|
|t:|1663097515
|switch|p1a: Shuckle|Shuckle, F|100/100 slp|[from]move: U-turn
|-damage|p1a: Shuckle|88/100 slp|[from] Spikes
|move|p2a: Gigalith|Stealth Rock|p1a: Shuckle
|-sidestart|p1: kingqueso141|move: Stealth Rock
|
|-weather|Sandstorm|[upkeep]
|upkeep
|turn|5
|
|t:|1663097523
|move|p2a: Gigalith|Rock Blast|p1a: Shuckle
|-supereffective|p1a: Shuckle
|-damage|p1a: Shuckle|76/100 slp
|-supereffective|p1a: Shuckle
|-damage|p1a: Shuckle|63/100 slp
|-supereffective|p1a: Shuckle
|-damage|p1a: Shuckle|50/100 slp
|-supereffective|p1a: Shuckle
|-damage|p1a: Shuckle|38/100 slp
|-supereffective|p1a: Shuckle
|-damage|p1a: Shuckle|25/100 slp
|-hitcount|p1a: Shuckle|5
|-curestatus|p1a: Shuckle|slp|[msg]
|move|p1a: Shuckle|Sticky Web|p2a: Gigalith
|-sidestart|p2: GreatDaneG|move: Sticky Web
|
|-weather|Sandstorm|[upkeep]
|-end|p2a: Gigalith|move: Future Sight
|-crit|p2a: Gigalith
|-damage|p2a: Gigalith|42/100
|upkeep
|turn|6
|
|t:|1663097544
|move|p2a: Gigalith|Rock Blast|p1a: Shuckle
|-supereffective|p1a: Shuckle
|-damage|p1a: Shuckle|12/100
|-supereffective|p1a: Shuckle
|-damage|p1a: Shuckle|0 fnt
|faint|p1a: Shuckle
|-hitcount|p1: Shuckle|2
|
|-weather|Sandstorm|[upkeep]
|upkeep
|
|t:|1663097560
|switch|p1a: Magneton|Magneton|100/100
|-damage|p1a: Magneton|88/100|[from] Spikes
|-damage|p1a: Magneton|82/100|[from] Stealth Rock
|turn|7
|
|t:|1663097571
|switch|p2a: Scrafty|Scrafty, M|100/100
|-activate|p2a: Scrafty|move: Sticky Web
|-unboost|p2a: Scrafty|spe|1
|move|p1a: Magneton|Flash Cannon|p2a: Scrafty
|-damage|p2a: Scrafty|43/100
|
|-weather|Sandstorm|[upkeep]
|-damage|p2a: Scrafty|37/100|[from] Sandstorm
|-heal|p2a: Scrafty|43/100|[from] item: Leftovers
|upkeep
|turn|8
|
|t:|1663097581
|switch|p2a: Charizard|Charizard, M|100/100
|move|p1a: Magneton|Flash Cannon|p2a: Charizard
|-resisted|p2a: Charizard
|-damage|p2a: Charizard|55/100
|-unboost|p2a: Charizard|spd|1
|
|-weather|Sandstorm|[upkeep]
|-damage|p2a: Charizard|48/100|[from] Sandstorm
|upkeep
|turn|9
|
|t:|1663097589
|move|p2a: Charizard|Flamethrower|p1a: Magneton
|-supereffective|p1a: Magneton
|-damage|p1a: Magneton|0 fnt
|faint|p1a: Magneton
|
|-weather|Sandstorm|[upkeep]
|-damage|p2a: Charizard|42/100|[from] Sandstorm
|upkeep
|
|t:|1663097593
|switch|p1a: Articuno|Articuno-Galar|94/100
|turn|10
|
|t:|1663097597
|move|p2a: Charizard|Defog|p1a: Articuno
|-unboost|p1a: Articuno|evasion|1
|-ability|p1a: Articuno|Competitive
|-boost|p1a: Articuno|spa|2
|-sideend|p1: kingqueso141|Spikes|[from] move: Defog|[of] p2a: Charizard
|-sideend|p1: kingqueso141|Stealth Rock|[from] move: Defog|[of] p2a: Charizard
|-sideend|p2: GreatDaneG|Sticky Web|[from] move: Defog|[of] p2a: Charizard
|move|p1a: Articuno|Psyshock|p2a: Charizard
|-damage|p2a: Charizard|0 fnt
|faint|p2a: Charizard
|
|-weather|none
|upkeep
|
|t:|1663097610
|switch|p2a: Gigalith|Gigalith, M|42/100
|-weather|Sandstorm|[from] ability: Sand Stream|[of] p2a: Gigalith
|turn|11
|
|t:|1663097618
|switch|p2a: Roselia|Roselia, F|100/100
|move|p1a: Articuno|Psyshock|p2a: Roselia
|-supereffective|p2a: Roselia
|-damage|p2a: Roselia|0 fnt
|faint|p2a: Roselia
|
|-weather|Sandstorm|[upkeep]
|-damage|p1a: Articuno|88/100|[from] Sandstorm
|upkeep
|
|t:|1663097622
|switch|p2a: Stoutland|Stoutland, M, shiny|100/100
|turn|12
|
|t:|1663097631
|move|p2a: Stoutland|Strength|p1a: Articuno
|-damage|p1a: Articuno|20/100
|move|p1a: Articuno|Psyshock|p2a: Stoutland
|-crit|p2a: Stoutland
|-damage|p2a: Stoutland|0 fnt
|faint|p2a: Stoutland
|
|-weather|Sandstorm|[upkeep]
|-damage|p1a: Articuno|13/100|[from] Sandstorm
|upkeep
|
|t:|1663097641
|switch|p2a: Aromatisse|Aromatisse, F|100/100
|turn|13
|
|t:|1663097645
|move|p2a: Aromatisse|Protect|p2a: Aromatisse
|-singleturn|p2a: Aromatisse|Protect
|move|p1a: Articuno|Future Sight|p2a: Aromatisse
|-start|p1a: Articuno|move: Future Sight
|
|-weather|Sandstorm|[upkeep]
|-damage|p1a: Articuno|7/100|[from] Sandstorm
|-damage|p2a: Aromatisse|94/100|[from] Sandstorm
|-heal|p2a: Aromatisse|100/100|[from] item: Leftovers
|upkeep
|turn|14
|
|t:|1663097651
|move|p1a: Articuno|Psyshock|p2a: Aromatisse
|-damage|p2a: Aromatisse|34/100
|move|p2a: Aromatisse|Wish|p2a: Aromatisse
|
|-weather|Sandstorm|[upkeep]
|-damage|p1a: Articuno|1/100|[from] Sandstorm
|-damage|p2a: Aromatisse|28/100|[from] Sandstorm
|-heal|p2a: Aromatisse|34/100|[from] item: Leftovers
|upkeep
|turn|15
|
|t:|1663097659
|move|p2a: Aromatisse|Protect|p2a: Aromatisse
|-singleturn|p2a: Aromatisse|Protect
|move|p1a: Articuno|Psyshock|p2a: Aromatisse
|-activate|p2a: Aromatisse|move: Protect
|
|-weather|Sandstorm|[upkeep]
|-damage|p1a: Articuno|0 fnt|[from] Sandstorm
|-damage|p2a: Aromatisse|28/100|[from] Sandstorm
|faint|p1a: Articuno
|-end|p2a: Aromatisse|move: Future Sight
|-damage|p2a: Aromatisse|0 fnt
|faint|p2a: Aromatisse
|upkeep
|
|t:|1663097674
|switch|p1a: Cinccino|Cinccino, M|100/100
|switch|p2a: Gigalith|Gigalith, M|42/100
|turn|16
|
|t:|1663097678
|move|p1a: Cinccino|Bullet Seed|p2a: Gigalith
|-supereffective|p2a: Gigalith
|-damage|p2a: Gigalith|25/100
|-supereffective|p2a: Gigalith
|-damage|p2a: Gigalith|8/100
|-supereffective|p2a: Gigalith
|-damage|p2a: Gigalith|0 fnt
|faint|p2a: Gigalith
|-hitcount|p2: Gigalith|3
|
|-weather|Sandstorm|[upkeep]
|-damage|p1a: Cinccino|94/100|[from] Sandstorm
|upkeep
|
|t:|1663097680
|switch|p2a: Scrafty|Scrafty, M|43/100
|turn|17
|
|t:|1663097687
|move|p1a: Cinccino|Bullet Seed|p2a: Scrafty
|-damage|p2a: Scrafty|33/100
|-damage|p2a: Scrafty|24/100
|-damage|p2a: Scrafty|14/100
|-damage|p2a: Scrafty|4/100
|-damage|p2a: Scrafty|0 fnt
|faint|p2a: Scrafty
|-hitcount|p2: Scrafty|5
|
|win|kingqueso141
|raw|kingqueso141's rating: 1357 &rarr; <strong>1375</strong><br />(+18 for winning)
|raw|GreatDaneG's rating: 1326 &rarr; <strong>1308</strong><br />(-18 for losing)
|l|☆GreatDaneG
||Ladder isn't responding, score probably updated but might not have (Request timeout).
