|html|<div class="broadcast-blue"><strong>[Gen 8] PU is currently suspecting Scyther! For information on how to participate check out the <a href="https://www.smogon.com/forums/threads/np-ss-pu-stage-11-turn-turn-turn-scyther-retest.3707179/">suspect thread</a>.</strong></div>
|j|☆PULT4V4 Bartho
|j|☆PU11 zoowi
|t:|1662403372
|gametype|singles
|player|p1|PULT4V4 Bartho|ethan-gen2|1236
|player|p2|PU11 zoowi|burglar-gen2|1544
|teamsize|p1|6
|teamsize|p2|6
|gen|8
|tier|[Gen 8] PU
|rated|
|rule|Sleep Clause Mod: Limit one foe put to sleep
|rule|Species Clause: Limit one of each Pokémon
|rule|OHKO Clause: OHKO moves are banned
|rule|Evasion Items Clause: Evasion items are banned
|rule|Evasion Moves Clause: Evasion moves are banned
|rule|Endless Battle Clause: Forcing endless battles is banned
|rule|HP Percentage Mod: HP is shown in percentages
|rule|Dynamax Clause: You cannot dynamax
|clearpoke
|poke|p1|Doublade, M|
|poke|p1|Archeops, F|
|poke|p1|Sandaconda, F|
|poke|p1|Charizard, F|
|poke|p1|Eldegoss, F|
|poke|p1|Lanturn, F|
|poke|p2|Silvally-*|
|poke|p2|Gallade, M|
|poke|p2|Scrafty, M|
|poke|p2|Jolteon, M|
|poke|p2|Coalossal, M|
|poke|p2|Poliwrath, F|
|teampreview
|l|☆PULT4V4 Bartho
|player|p1|
|j|☆PULT4V4 Bartho
|player|p1|PULT4V4 Bartho|ethan-gen2
|inactive|Battle timer is ON: inactive players will automatically lose when time's up. (requested by PU11 zoowi)
|
|t:|1662403441
|start
|switch|p1a: Lanturn|Lanturn, F|100/100
|switch|p2a: Triumvirate Herald|Silvally-Ghost|100/100
|turn|1
|
|t:|1662403463
|switch|p2a: Pompey|Scrafty, M|100/100
|move|p1a: Lanturn|Toxic|p2a: Pompey
|-status|p2a: Pompey|tox
|
|-damage|p2a: Pompey|95/100 tox|[from] psn
|upkeep
|turn|2
|
|t:|1662403472
|move|p1a: Lanturn|Volt Switch|p2a: Pompey
|-damage|p2a: Pompey|76/100 tox
|
|t:|1662403480
|switch|p1a: Sandaconda|Sandaconda, F|100/100|[from]move: Volt Switch
|move|p2a: Pompey|Knock Off|p1a: Sandaconda
|-damage|p1a: Sandaconda|80/100
|-damage|p2a: Pompey|59/100 tox|[from] item: Rocky Helmet|[of] p1a: Sandaconda
|-enditem|p1a: Sandaconda|Rocky Helmet|[from] move: Knock Off|[of] p2a: Pompey
|
|-heal|p2a: Pompey|65/100 tox|[from] item: Leftovers
|-damage|p2a: Pompey|53/100 tox|[from] psn
|upkeep
|turn|3
|
|t:|1662403492
|move|p1a: Sandaconda|Earthquake|p2a: Pompey
|-damage|p2a: Pompey|30/100 tox
|move|p2a: Pompey|Rest|p2a: Pompey
|-status|p2a: Pompey|slp|[from] move: Rest
|-heal|p2a: Pompey|100/100 slp|[silent]
|
|upkeep
|turn|4
|
|t:|1662403500
|move|p1a: Sandaconda|Coil|p1a: Sandaconda
|-boost|p1a: Sandaconda|atk|1
|-boost|p1a: Sandaconda|def|1
|-boost|p1a: Sandaconda|accuracy|1
|cant|p2a: Pompey|slp
|
|upkeep
|turn|5
|
|t:|1662403504
|move|p1a: Sandaconda|Earthquake|p2a: Pompey
|-damage|p2a: Pompey|60/100 slp
|cant|p2a: Pompey|slp
|
|-activate|p2a: Pompey|ability: Shed Skin
|-curestatus|p2a: Pompey|slp|[msg]
|-heal|p2a: Pompey|66/100|[from] item: Leftovers
|upkeep
|turn|6
|
|t:|1662403513
|move|p1a: Sandaconda|Earthquake|p2a: Pompey
|-damage|p2a: Pompey|30/100
|move|p2a: Pompey|Bulk Up|p2a: Pompey
|-boost|p2a: Pompey|atk|1
|-boost|p2a: Pompey|def|1
|
|-heal|p2a: Pompey|36/100|[from] item: Leftovers
|upkeep
|turn|7
|
|t:|1662403521
|move|p1a: Sandaconda|Coil|p1a: Sandaconda
|-boost|p1a: Sandaconda|atk|1
|-boost|p1a: Sandaconda|def|1
|-boost|p1a: Sandaconda|accuracy|1
|move|p2a: Pompey|Rest|p2a: Pompey
|-status|p2a: Pompey|slp|[from] move: Rest
|-heal|p2a: Pompey|100/100 slp|[silent]
|
|upkeep
|turn|8
|j| incorrigiblescrub
|
|t:|1662403524
|move|p1a: Sandaconda|Coil|p1a: Sandaconda
|-boost|p1a: Sandaconda|atk|1
|-boost|p1a: Sandaconda|def|1
|-boost|p1a: Sandaconda|accuracy|1
|cant|p2a: Pompey|slp
|
|-activate|p2a: Pompey|ability: Shed Skin
|-curestatus|p2a: Pompey|slp|[msg]
|upkeep
|turn|9
|
|t:|1662403527
|move|p1a: Sandaconda|Earthquake|p2a: Pompey
|-damage|p2a: Pompey|56/100
|move|p2a: Pompey|Bulk Up|p2a: Pompey
|-boost|p2a: Pompey|atk|1
|-boost|p2a: Pompey|def|1
|
|-heal|p2a: Pompey|62/100|[from] item: Leftovers
|upkeep
|turn|10
|
|t:|1662403532
|move|p1a: Sandaconda|Coil|p1a: Sandaconda
|-boost|p1a: Sandaconda|atk|1
|-boost|p1a: Sandaconda|def|1
|-boost|p1a: Sandaconda|accuracy|1
|move|p2a: Pompey|Bulk Up|p2a: Pompey
|-boost|p2a: Pompey|atk|1
|-boost|p2a: Pompey|def|1
|
|-heal|p2a: Pompey|68/100|[from] item: Leftovers
|upkeep
|turn|11
|
|t:|1662403536
|move|p1a: Sandaconda|Coil|p1a: Sandaconda
|-boost|p1a: Sandaconda|atk|1
|-boost|p1a: Sandaconda|def|1
|-boost|p1a: Sandaconda|accuracy|1
|move|p2a: Pompey|Bulk Up|p2a: Pompey
|-boost|p2a: Pompey|atk|1
|-boost|p2a: Pompey|def|1
|
|-heal|p2a: Pompey|74/100|[from] item: Leftovers
|upkeep
|turn|12
|
|t:|1662403542
|move|p1a: Sandaconda|Earthquake|p2a: Pompey
|-damage|p2a: Pompey|45/100
|move|p2a: Pompey|Bulk Up|p2a: Pompey
|-boost|p2a: Pompey|atk|1
|-boost|p2a: Pompey|def|1
|
|-heal|p2a: Pompey|51/100|[from] item: Leftovers
|upkeep
|turn|13
|
|t:|1662403546
|move|p1a: Sandaconda|Coil|p1a: Sandaconda
|-boost|p1a: Sandaconda|atk|1
|-boost|p1a: Sandaconda|def|1
|-boost|p1a: Sandaconda|accuracy|1
|move|p2a: Pompey|Drain Punch|p1a: Sandaconda
|-damage|p1a: Sandaconda|66/100
|-heal|p2a: Pompey|58/100|[from] drain|[of] p1a: Sandaconda
|
|-heal|p2a: Pompey|64/100|[from] item: Leftovers
|upkeep
|turn|14
|
|t:|1662403551
|move|p1a: Sandaconda|Earthquake|p2a: Pompey
|-damage|p2a: Pompey|38/100
|move|p2a: Pompey|Bulk Up|p2a: Pompey
|-boost|p2a: Pompey|atk|1
|-boost|p2a: Pompey|def|1
|
|-heal|p2a: Pompey|44/100|[from] item: Leftovers
|upkeep
|turn|15
|
|t:|1662403558
|move|p1a: Sandaconda|Earthquake|p2a: Pompey
|-damage|p2a: Pompey|20/100
|move|p2a: Pompey|Drain Punch|p1a: Sandaconda
|-damage|p1a: Sandaconda|48/100
|-heal|p2a: Pompey|30/100|[from] drain|[of] p1a: Sandaconda
|
|-heal|p2a: Pompey|36/100|[from] item: Leftovers
|upkeep
|turn|16
|
|t:|1662403564
|move|p1a: Sandaconda|Earthquake|p2a: Pompey
|-damage|p2a: Pompey|12/100
|move|p2a: Pompey|Rest|p2a: Pompey
|-status|p2a: Pompey|slp|[from] move: Rest
|-heal|p2a: Pompey|100/100 slp|[silent]
|
|upkeep
|turn|17
|
|t:|1662403570
|move|p1a: Sandaconda|Rest|p1a: Sandaconda
|-status|p1a: Sandaconda|slp|[from] move: Rest
|-heal|p1a: Sandaconda|100/100 slp|[silent]
|cant|p2a: Pompey|slp
|
|-activate|p1a: Sandaconda|ability: Shed Skin
|-curestatus|p1a: Sandaconda|slp|[msg]
|upkeep
|turn|18
|
|t:|1662403580
|move|p1a: Sandaconda|Earthquake|p2a: Pompey
|-damage|p2a: Pompey|74/100 slp
|cant|p2a: Pompey|slp
|
|-heal|p2a: Pompey|80/100 slp|[from] item: Leftovers
|upkeep
|turn|19
|
|t:|1662403587
|move|p1a: Sandaconda|Stone Edge|p2a: Pompey
|-resisted|p2a: Pompey
|-damage|p2a: Pompey|71/100 slp
|-curestatus|p2a: Pompey|slp|[msg]
|move|p2a: Pompey|Drain Punch|p1a: Sandaconda
|-damage|p1a: Sandaconda|84/100
|-heal|p2a: Pompey|80/100|[from] drain|[of] p1a: Sandaconda
|
|-heal|p2a: Pompey|86/100|[from] item: Leftovers
|upkeep
|turn|20
|
|t:|1662403594
|move|p1a: Sandaconda|Earthquake|p2a: Pompey
|-damage|p2a: Pompey|61/100
|move|p2a: Pompey|Knock Off|p1a: Sandaconda
|-damage|p1a: Sandaconda|69/100
|
|-heal|p2a: Pompey|67/100|[from] item: Leftovers
|upkeep
|turn|21
|
|t:|1662403600
|move|p1a: Sandaconda|Earthquake|p2a: Pompey
|-damage|p2a: Pompey|41/100
|move|p2a: Pompey|Drain Punch|p1a: Sandaconda
|-damage|p1a: Sandaconda|51/100
|-heal|p2a: Pompey|51/100|[from] drain|[of] p1a: Sandaconda
|
|-heal|p2a: Pompey|57/100|[from] item: Leftovers
|upkeep
|turn|22
|
|t:|1662403611
|move|p1a: Sandaconda|Earthquake|p2a: Pompey
|-damage|p2a: Pompey|30/100
|move|p2a: Pompey|Drain Punch|p1a: Sandaconda
|-damage|p1a: Sandaconda|34/100
|-heal|p2a: Pompey|38/100|[from] drain|[of] p1a: Sandaconda
|
|-heal|p2a: Pompey|44/100|[from] item: Leftovers
|upkeep
|turn|23
|
|t:|1662403619
|move|p1a: Sandaconda|Earthquake|p2a: Pompey
|-crit|p2a: Pompey
|-damage|p2a: Pompey|0 fnt
|faint|p2a: Pompey
|
|upkeep
|
|t:|1662403625
|switch|p2a: Nero|Jolteon, M|100/100
|turn|24
|
|t:|1662403630
|move|p2a: Nero|Shadow Ball|p1a: Sandaconda
|-damage|p1a: Sandaconda|0 fnt
|faint|p1a: Sandaconda
|
|upkeep
|
|t:|1662403637
|switch|p1a: Lanturn|Lanturn, F|100/100
|turn|25
|
|t:|1662403647
|move|p2a: Nero|Shadow Ball|p1a: Lanturn
|-damage|p1a: Lanturn|74/100
|move|p1a: Lanturn|Toxic|p2a: Nero
|-status|p2a: Nero|tox
|
|-heal|p1a: Lanturn|80/100|[from] item: Leftovers
|-damage|p2a: Nero|95/100 tox|[from] psn
|upkeep
|turn|26
|
|t:|1662403654
|move|p2a: Nero|Shadow Ball|p1a: Lanturn
|-damage|p1a: Lanturn|54/100
|move|p1a: Lanturn|Scald|p2a: Nero
|-damage|p2a: Nero|64/100 tox
|
|-heal|p1a: Lanturn|60/100|[from] item: Leftovers
|-damage|p2a: Nero|52/100 tox|[from] psn
|upkeep
|turn|27
|
|t:|1662403660
|switch|p1a: Charizard|Charizard, F|100/100
|move|p2a: Nero|Shadow Ball|p1a: Charizard
|-damage|p1a: Charizard|63/100
|
|-damage|p2a: Nero|34/100 tox|[from] psn
|upkeep
|turn|28
|
|t:|1662403663
|switch|p2a: Constantine|Coalossal, M|100/100
|move|p1a: Charizard|Roost|p1a: Charizard
|-heal|p1a: Charizard|100/100
|-singleturn|p1a: Charizard|move: Roost
|
|upkeep
|turn|29
|
|t:|1662403669
|switch|p1a: Lanturn|Lanturn, F|60/100
|move|p2a: Constantine|Stealth Rock|p1a: Lanturn
|-sidestart|p1: PULT4V4 Bartho|move: Stealth Rock
|
|-heal|p1a: Lanturn|66/100|[from] item: Leftovers
|upkeep
|turn|30
|
|t:|1662403673
|switch|p2a: Crassus|Poliwrath, F|100/100
|move|p1a: Lanturn|Toxic|p2a: Crassus
|-status|p2a: Crassus|tox
|
|-heal|p1a: Lanturn|73/100|[from] item: Leftovers
|-damage|p2a: Crassus|95/100 tox|[from] psn
|upkeep
|turn|31
|
|t:|1662403682
|switch|p2a: Nero|Jolteon, M|34/100 tox
|switch|p1a: Eldegoss|Eldegoss, F|100/100
|
|-damage|p2a: Nero|28/100 tox|[from] psn
|upkeep
|turn|32
|
|t:|1662403687
|move|p2a: Nero|Volt Switch|p1a: Eldegoss
|-resisted|p1a: Eldegoss
|-damage|p1a: Eldegoss|78/100
|
|t:|1662403688
|switch|p2a: Triumvirate Herald|Silvally-Ghost|100/100|[from]move: Volt Switch
|move|p1a: Eldegoss|Leech Seed|p2a: Triumvirate Herald
|-start|p2a: Triumvirate Herald|move: Leech Seed
|
|-damage|p2a: Triumvirate Herald|88/100|[from] Leech Seed|[of] p1a: Eldegoss
|-heal|p1a: Eldegoss|91/100|[silent]
|upkeep
|turn|33
|
|t:|1662403695
|move|p2a: Triumvirate Herald|Swords Dance|p2a: Triumvirate Herald
|-boost|p2a: Triumvirate Herald|atk|2
|move|p1a: Eldegoss|Giga Drain|p2a: Triumvirate Herald
|-damage|p2a: Triumvirate Herald|66/100
|-heal|p1a: Eldegoss|100/100|[from] drain|[of] p2a: Triumvirate Herald
|
|-damage|p2a: Triumvirate Herald|54/100|[from] Leech Seed|[of] p1a: Eldegoss
|upkeep
|turn|34
|
|t:|1662403704
|move|p2a: Triumvirate Herald|Multi-Attack|p1a: Eldegoss
|-damage|p1a: Eldegoss|22/100
|move|p1a: Eldegoss|Giga Drain|p2a: Triumvirate Herald
|-damage|p2a: Triumvirate Herald|29/100
|-heal|p1a: Eldegoss|34/100|[from] drain|[of] p2a: Triumvirate Herald
|
|-damage|p2a: Triumvirate Herald|17/100|[from] Leech Seed|[of] p1a: Eldegoss
|-heal|p1a: Eldegoss|47/100|[silent]
|upkeep
|turn|35
|
|t:|1662403720
|switch|p1a: Charizard|Charizard, F|100/100
|move|p2a: Triumvirate Herald|Multi-Attack|p1a: Charizard
|-damage|p1a: Charizard|0 fnt
|faint|p1a: Charizard
|
|upkeep
|
|t:|1662403727
|switch|p1a: Doublade|Doublade, M|100/100
|-damage|p1a: Doublade|94/100|[from] Stealth Rock
|turn|36
|
|t:|1662403733
|switch|p2a: Constantine|Coalossal, M|100/100
|move|p1a: Doublade|Shadow Sneak|p2a: Constantine
|-damage|p2a: Constantine|89/100
|
|upkeep
|turn|37
|
|t:|1662403737
|switch|p1a: Lanturn|Lanturn, F|73/100
|-damage|p1a: Lanturn|60/100|[from] Stealth Rock
|move|p2a: Constantine|Flamethrower|p1a: Lanturn
|-resisted|p1a: Lanturn
|-damage|p1a: Lanturn|51/100
|
|-heal|p1a: Lanturn|58/100|[from] item: Leftovers
|upkeep
|turn|38
|
|t:|1662403746
|switch|p2a: Crassus|Poliwrath, F|95/100 tox
|move|p1a: Lanturn|Scald|p2a: Crassus
|-heal|p2a: Crassus|100/100 tox|[from] ability: Water Absorb|[of] p1a: Lanturn
|
|-heal|p1a: Lanturn|64/100|[from] item: Leftovers
|-damage|p2a: Crassus|95/100 tox|[from] psn
|upkeep
|turn|39
|
|t:|1662403755
|switch|p2a: Nero|Jolteon, M|28/100 tox
|switch|p1a: Eldegoss|Eldegoss, F|80/100
|
|-damage|p2a: Nero|22/100 tox|[from] psn
|upkeep
|turn|40
|
|t:|1662403761
|move|p2a: Nero|Volt Switch|p1a: Eldegoss
|-resisted|p1a: Eldegoss
|-damage|p1a: Eldegoss|60/100
|
|t:|1662403764
|switch|p2a: Julius|Gallade, M|100/100|[from]move: Volt Switch
|move|p1a: Eldegoss|Giga Drain|p2a: Julius
|-damage|p2a: Julius|77/100
|-heal|p1a: Eldegoss|70/100|[from] drain|[of] p2a: Julius
|
|upkeep
|turn|41
|
|t:|1662403776
|move|p2a: Julius|Knock Off|p1a: Eldegoss
|-damage|p1a: Eldegoss|34/100
|-enditem|p1a: Eldegoss|Heavy-Duty Boots|[from] move: Knock Off|[of] p2a: Julius
|-damage|p2a: Julius|68/100|[from] item: Life Orb
|move|p1a: Eldegoss|Giga Drain|p2a: Julius
|-damage|p2a: Julius|44/100
|-heal|p1a: Eldegoss|45/100|[from] drain|[of] p2a: Julius
|
|upkeep
|turn|42
|
|t:|1662403790
|switch|p1a: Doublade|Doublade, M|94/100
|-damage|p1a: Doublade|88/100|[from] Stealth Rock
|move|p2a: Julius|Close Combat|p1a: Doublade
|-immune|p1a: Doublade
|
|upkeep
|turn|43
|
|t:|1662403798
|switch|p2a: Constantine|Coalossal, M|89/100
|move|p1a: Doublade|Swords Dance|p1a: Doublade
|-boost|p1a: Doublade|atk|2
|
|upkeep
|turn|44
|
|t:|1662403800
|move|p1a: Doublade|Close Combat|p2a: Constantine
|-supereffective|p2a: Constantine
|-damage|p2a: Constantine|10/100
|-unboost|p1a: Doublade|def|1
|-unboost|p1a: Doublade|spd|1
|move|p2a: Constantine|Flamethrower|p1a: Doublade
|-supereffective|p1a: Doublade
|-damage|p1a: Doublade|0 fnt
|faint|p1a: Doublade
|
|upkeep
|
|t:|1662403811
|switch|p1a: Eldegoss|Eldegoss, F|78/100
|-damage|p1a: Eldegoss|66/100|[from] Stealth Rock
|turn|45
|
|t:|1662403820
|move|p1a: Eldegoss|Giga Drain|p2a: Constantine
|-damage|p2a: Constantine|0 fnt
|-heal|p1a: Eldegoss|72/100|[from] drain|[of] p2a: Constantine
|faint|p2a: Constantine
|
|upkeep
|
|t:|1662403831
|switch|p2a: Triumvirate Herald|Silvally-Ghost|17/100
|turn|46
|
|t:|1662403836
|move|p2a: Triumvirate Herald|Multi-Attack|p1a: Eldegoss
|-damage|p1a: Eldegoss|34/100
|move|p1a: Eldegoss|Giga Drain|p2a: Triumvirate Herald
|-damage|p2a: Triumvirate Herald|0 fnt
|-heal|p1a: Eldegoss|42/100|[from] drain|[of] p2a: Triumvirate Herald
|faint|p2a: Triumvirate Herald
|
|upkeep
|
|t:|1662403839
|switch|p2a: Julius|Gallade, M|44/100
|turn|47
|
|t:|1662403856
|switch|p1a: Lanturn|Lanturn, F|64/100
|-damage|p1a: Lanturn|51/100|[from] Stealth Rock
|move|p2a: Julius|Close Combat|p1a: Lanturn
|-damage|p1a: Lanturn|0 fnt
|-unboost|p2a: Julius|def|1
|-unboost|p2a: Julius|spd|1
|faint|p1a: Lanturn
|-damage|p2a: Julius|34/100|[from] item: Life Orb
|
|upkeep
|
|t:|1662403869
|switch|p1a: Archeops|Archeops, F|100/100
|-damage|p1a: Archeops|76/100|[from] Stealth Rock
|turn|48
|
|t:|1662403890
|move|p2a: Julius|Shadow Sneak|p1a: Archeops
|-damage|p1a: Archeops|42/100
|-damage|p2a: Julius|24/100|[from] item: Life Orb
|move|p1a: Archeops|Earth Power|p2a: Julius
|-damage|p2a: Julius|0 fnt
|faint|p2a: Julius
|
|upkeep
|
|t:|1662403892
|switch|p2a: Nero|Jolteon, M|22/100 tox
|turn|49
|
|t:|1662403901
|move|p2a: Nero|Volt Switch|p1a: Archeops
|-supereffective|p1a: Archeops
|-damage|p1a: Archeops|0 fnt
|faint|p1a: Archeops
|
|t:|1662403903
|switch|p2a: Crassus|Poliwrath, F|95/100 tox|[from]move: Volt Switch
|
|-damage|p2a: Crassus|89/100 tox|[from] psn
|upkeep
|
|t:|1662403905
|switch|p1a: Eldegoss|Eldegoss, F|76/100
|-damage|p1a: Eldegoss|63/100|[from] Stealth Rock
|turn|50
|
|t:|1662403908
|move|p2a: Crassus|Poison Jab|p1a: Eldegoss
|-supereffective|p1a: Eldegoss
|-damage|p1a: Eldegoss|22/100
|move|p1a: Eldegoss|Giga Drain|p2a: Crassus
|-supereffective|p2a: Crassus
|-damage|p2a: Crassus|55/100 tox
|-heal|p1a: Eldegoss|40/100|[from] drain|[of] p2a: Crassus
|
|-damage|p2a: Crassus|44/100 tox|[from] psn
|upkeep
|turn|51
|
|t:|1662403926
|move|p2a: Crassus|Poison Jab|p1a: Eldegoss
|-supereffective|p1a: Eldegoss
|-damage|p1a: Eldegoss|2/100
|move|p1a: Eldegoss|Rapid Spin|p2a: Crassus
|-damage|p2a: Crassus|38/100 tox
|-boost|p1a: Eldegoss|spe|1
|-sideend|p1: PULT4V4 Bartho|Stealth Rock|[from] move: Rapid Spin|[of] p1a: Eldegoss
|
|-damage|p2a: Crassus|20/100 tox|[from] psn
|upkeep
|turn|52
|
|t:|1662403939
|move|p1a: Eldegoss|Giga Drain|p2a: Crassus
|-supereffective|p2a: Crassus
|-damage|p2a: Crassus|0 fnt
|-heal|p1a: Eldegoss|12/100|[from] drain|[of] p2a: Crassus
|faint|p2a: Crassus
|
|upkeep
|
|t:|1662403941
|switch|p2a: Nero|Jolteon, M|22/100 tox
|turn|53
|
|t:|1662403945
|move|p2a: Nero|Hyper Voice|p1a: Eldegoss
|-damage|p1a: Eldegoss|0 fnt
|faint|p1a: Eldegoss
|
|win|PU11 zoowi
|raw|PULT4V4 Bartho's rating: 1236 &rarr; <strong>1229</strong><br />(-7 for losing)
|raw|PU11 zoowi's rating: 1544 &rarr; <strong>1550</strong><br />(+6 for winning)
|l|☆PULT4V4 Bartho
|c|☆PU11 zoowi|gg
