|html|<div class="broadcast-blue"><strong>[Gen 8] PU is currently suspecting Vanilluxe! For information on how to participate check out the <a href="https://www.smogon.com/forums/threads/np-ss-pu-stage-10-ice-cream-vanilluxe-suspect-test.3705646/">suspect thread</a>.</strong></div>
|j|☆PULT4C1 Clod
|j|☆PULT4C1 shane
|t:|1660529580
|gametype|singles
|player|p1|PULT4C1 Clod|depotagent|1090
|player|p2|PULT4C1 shane|veteran|1376
|teamsize|p1|6
|teamsize|p2|6
|gen|8
|tier|[Gen 8] PU
|rated|
|rule|Sleep Clause Mod: Limit one foe put to sleep
|rule|Species Clause: Limit one of each Pokémon
|rule|OHKO Clause: OHKO moves are banned
|rule|Evasion Items Clause: Evasion items are banned
|rule|Evasion Moves Clause: Evasion moves are banned
|rule|Endless Battle Clause: Forcing endless battles is banned
|rule|HP Percentage Mod: HP is shown in percentages
|rule|Dynamax Clause: You cannot dynamax
|clearpoke
|poke|p1|Doublade, F|
|poke|p1|Gallade, M|
|poke|p1|Garbodor, M|
|poke|p1|Accelgor, F|
|poke|p1|Charizard, F|
|poke|p1|Silvally-*|
|poke|p2|Flapple, F|
|poke|p2|Scyther, F|
|poke|p2|Doublade, F|
|poke|p2|Weezing, M|
|poke|p2|Archeops, M|
|poke|p2|Cinccino, F|
|teampreview
|inactive|Battle timer is ON: inactive players will automatically lose when time's up. (requested by PULT4C1 shane)
|inactive|PULT4C1 shane has 120 seconds left.
|
|t:|1660529613
|start
|switch|p1a: Gallade|Gallade, M|100/100
|switch|p2a: Archeops|Archeops, M|100/100
|turn|1
|
|t:|1660529632
|move|p1a: Gallade|Close Combat|p2a: Archeops
|-damage|p2a: Archeops|0 fnt
|-unboost|p1a: Gallade|def|1
|-unboost|p1a: Gallade|spd|1
|faint|p2a: Archeops
|
|upkeep
|
|t:|1660529648
|switch|p2a: Scyther|Scyther, F|100/100
|turn|2
|j| PULT4C1 LW
|
|t:|1660529656
|switch|p1a: Garbodor|Garbodor, M|100/100
|move|p2a: Scyther|Knock Off|p1a: Garbodor
|-damage|p1a: Garbodor|76/100
|-damage|p2a: Scyther|84/100|[from] item: Rocky Helmet|[of] p1a: Garbodor
|-enditem|p1a: Garbodor|Rocky Helmet|[from] move: Knock Off|[of] p2a: Scyther
|
|upkeep
|turn|3
|c| PULT4C1 LW|flapple.
|c|☆PULT4C1 shane|flap flap
|
|t:|1660529679
|move|p2a: Scyther|Swords Dance|p2a: Scyther
|-boost|p2a: Scyther|atk|2
|move|p1a: Garbodor|Gunk Shot|p2a: Scyther
|-damage|p2a: Scyther|23/100
|
|upkeep
|turn|4
|
|t:|1660529685
|move|p2a: Scyther|Dual Wingbeat|p1a: Garbodor
|-damage|p1a: Garbodor|34/100
|-damage|p1a: Garbodor|0 fnt
|-damage|p2a: Scyther|0 fnt|[from] ability: Aftermath|[of] p1a: Garbodor
|faint|p1a: Garbodor
|faint|p2a: Scyther
|-hitcount|p1: Garbodor|2
|
|upkeep
|c|☆PULT4C1 Clod|Rico, kaboom
|j| Dark★Shionツ
|
|t:|1660529711
|switch|p2a: Flapple|Flapple, F|100/100
|switch|p1a: Silvally|Silvally-Dark|100/100
|turn|5
|
|t:|1660529725
|move|p1a: Silvally|Swords Dance|p1a: Silvally
|-boost|p1a: Silvally|atk|2
|move|p2a: Flapple|Grav Apple|p1a: Silvally
|-damage|p1a: Silvally|41/100
|-unboost|p1a: Silvally|def|1
|
|upkeep
|turn|6
|inactive|PULT4C1 shane has 120 seconds left.
|inactive|PULT4C1 Clod has 120 seconds left.
|
|t:|1660529756
|move|p2a: Flapple|Sucker Punch|p1a: Silvally
|-resisted|p1a: Silvally
|-crit|p1a: Silvally
|-damage|p1a: Silvally|1/100
|move|p1a: Silvally|Multi-Attack|p2a: Flapple
|-damage|p2a: Flapple|0 fnt
|faint|p2a: Flapple
|
|upkeep
|
|t:|1660529761
|switch|p2a: Cinccino|Cinccino, F|100/100
|turn|7
|
|t:|1660529764
|move|p2a: Cinccino|Knock Off|p1a: Silvally
|-resisted|p1a: Silvally
|-damage|p1a: Silvally|0 fnt
|faint|p1a: Silvally
|
|upkeep
|
|t:|1660529768
|switch|p1a: Gallade|Gallade, M|100/100
|turn|8
|
|t:|1660529771
|switch|p2a: Weezing|Weezing, M|100/100
|-ability|p2a: Weezing|Neutralizing Gas
|move|p1a: Gallade|Knock Off|p2a: Weezing
|-damage|p2a: Weezing|73/100
|-enditem|p2a: Weezing|Black Sludge|[from] move: Knock Off|[of] p1a: Gallade
|
|upkeep
|turn|9
|j| isabela000◥▶_◀◤
|
|t:|1660529779
|switch|p1a: Charizard|Charizard, F|100/100
|-end|p2a: Weezing|ability: Neutralizing Gas
|switch|p2a: Cinccino|Cinccino, F|100/100
|
|upkeep
|turn|10
|
|t:|1660529787
|move|p2a: Cinccino|Knock Off|p1a: Charizard
|-damage|p1a: Charizard|62/100
|-enditem|p1a: Charizard|Life Orb|[from] move: Knock Off|[of] p2a: Cinccino
|move|p1a: Charizard|Fire Blast|p2a: Cinccino
|-damage|p2a: Cinccino|6/100
|
|upkeep
|turn|11
|
|t:|1660529797
|move|p2a: Cinccino|Tail Slap|p1a: Charizard
|-damage|p1a: Charizard|47/100
|-damage|p1a: Charizard|33/100
|-damage|p1a: Charizard|19/100
|-damage|p1a: Charizard|3/100
|-damage|p1a: Charizard|0 fnt
|faint|p1a: Charizard
|-hitcount|p1: Charizard|5
|
|upkeep
|
|t:|1660529805
|switch|p1a: Gallade|Gallade, M|100/100
|turn|12
|
|t:|1660529812
|switch|p2a: Weezing|Weezing, M|73/100
|-ability|p2a: Weezing|Neutralizing Gas
|move|p1a: Gallade|Psycho Cut|p2a: Weezing
|-supereffective|p2a: Weezing
|-damage|p2a: Weezing|19/100
|
|upkeep
|turn|13
|
|t:|1660529818
|-end|p2a: Weezing|ability: Neutralizing Gas
|switch|p2a: Doublade|Doublade, F|100/100
|move|p1a: Gallade|Psycho Cut|p2a: Doublade
|-resisted|p2a: Doublade
|-damage|p2a: Doublade|91/100
|
|upkeep
|turn|14
|
|t:|1660529836
|switch|p1a: Doublade|Doublade, F|100/100
|switch|p2a: Weezing|Weezing, M|19/100
|-ability|p2a: Weezing|Neutralizing Gas
|
|upkeep
|turn|15
|
|t:|1660529847
|move|p2a: Weezing|Toxic Spikes|p1a: Doublade
|-sidestart|p1: PULT4C1 Clod|move: Toxic Spikes
|move|p1a: Doublade|Iron Head|p2a: Weezing
|-damage|p2a: Weezing|0 fnt
|faint|p2a: Weezing
|-end|p2a: Weezing|ability: Neutralizing Gas
|
|upkeep
|
|t:|1660529871
|switch|p2a: Doublade|Doublade, F|91/100
|turn|16
|
|t:|1660529877
|move|p1a: Doublade|Shadow Sneak|p2a: Doublade
|-supereffective|p2a: Doublade
|-damage|p2a: Doublade|72/100
|move|p2a: Doublade|Iron Head|p1a: Doublade
|-resisted|p1a: Doublade
|-damage|p1a: Doublade|93/100
|
|upkeep
|turn|17
|
|t:|1660529882
|move|p2a: Doublade|Iron Head|p1a: Doublade
|-resisted|p1a: Doublade
|-damage|p1a: Doublade|86/100
|move|p1a: Doublade|Swords Dance|p1a: Doublade
|-boost|p1a: Doublade|atk|2
|
|upkeep
|turn|18
|
|t:|1660529887
|switch|p2a: Cinccino|Cinccino, F|6/100
|move|p1a: Doublade|Shadow Sneak|p2a: Cinccino
|-immune|p2a: Cinccino
|
|upkeep
|turn|19
|
|t:|1660529893
|move|p2a: Cinccino|Encore|p1a: Doublade
|-start|p1a: Doublade|Encore
|move|p1a: Doublade|Shadow Sneak|p2a: Cinccino
|-immune|p2a: Cinccino
|
|upkeep
|turn|20
|
|t:|1660529899
|move|p1a: Doublade|Shadow Sneak|p2a: Cinccino
|-immune|p2a: Cinccino
|move|p2a: Cinccino|Knock Off|p1a: Doublade
|-supereffective|p1a: Doublade
|-damage|p1a: Doublade|57/100
|-enditem|p1a: Doublade|Eviolite|[from] move: Knock Off|[of] p2a: Cinccino
|
|upkeep
|turn|21
|
|t:|1660529905
|move|p1a: Doublade|Shadow Sneak|p2a: Cinccino
|-immune|p2a: Cinccino
|move|p2a: Cinccino|Knock Off|p1a: Doublade
|-supereffective|p1a: Doublade
|-damage|p1a: Doublade|29/100
|
|-end|p1a: Doublade|Encore
|upkeep
|turn|22
|
|t:|1660529911
|move|p2a: Cinccino|Encore|p1a: Doublade
|-start|p1a: Doublade|Encore
|move|p1a: Doublade|Shadow Sneak|p2a: Cinccino
|-immune|p2a: Cinccino
|
|upkeep
|turn|23
|
|t:|1660529916
|move|p1a: Doublade|Shadow Sneak|p2a: Cinccino
|-immune|p2a: Cinccino
|move|p2a: Cinccino|Knock Off|p1a: Doublade
|-supereffective|p1a: Doublade
|-damage|p1a: Doublade|1/100
|
|upkeep
|turn|24
|
|t:|1660529937
|move|p1a: Doublade|Shadow Sneak|p2a: Cinccino
|-immune|p2a: Cinccino
|move|p2a: Cinccino|U-turn|p1a: Doublade
|-resisted|p1a: Doublade
|-damage|p1a: Doublade|0 fnt
|faint|p1a: Doublade
|
|t:|1660529940
|switch|p2a: Doublade|Doublade, F|72/100|[from]move: U-turn
|
|upkeep
|
|t:|1660529946
|switch|p1a: Gallade|Gallade, M|100/100
|-status|p1a: Gallade|psn
|turn|25
|
|t:|1660529951
|move|p1a: Gallade|Knock Off|p2a: Doublade
|-supereffective|p2a: Doublade
|-damage|p2a: Doublade|35/100
|-enditem|p2a: Doublade|Eviolite|[from] move: Knock Off|[of] p1a: Gallade
|move|p2a: Doublade|Rest|p2a: Doublade
|-status|p2a: Doublade|slp|[from] move: Rest
|-heal|p2a: Doublade|100/100 slp|[silent]
|
|-damage|p1a: Gallade|88/100 psn|[from] psn
|upkeep
|turn|26
|c|☆PULT4C1 Clod|...........................
|
|t:|1660529963
|switch|p1a: Accelgor|Accelgor, F|100/100
|-status|p1a: Accelgor|psn
|cant|p2a: Doublade|slp
|move|p2a: Doublade|Sleep Talk|p2a: Doublade
|move|p2a: Doublade|Swords Dance|p2a: Doublade|[from]move: Sleep Talk
|-boost|p2a: Doublade|atk|2
|
|-damage|p1a: Accelgor|88/100 psn|[from] psn
|upkeep
|turn|27
|c| PULT4C1 LW|dot dot dot
|
|t:|1660529972
|move|p1a: Accelgor|Bug Buzz|p2a: Doublade
|-resisted|p2a: Doublade
|-damage|p2a: Doublade|87/100 slp
|-enditem|p1a: Accelgor|Throat Spray
|-boost|p1a: Accelgor|spa|1|[from] item: Throat Spray
|cant|p2a: Doublade|slp
|move|p2a: Doublade|Sleep Talk|p2a: Doublade
|move|p2a: Doublade|Rest||[from]move: Sleep Talk|[still]
|-fail|p2a: Doublade
|
|-damage|p1a: Accelgor|76/100 psn|[from] psn
|upkeep
|turn|28
|
|t:|1660529982
|move|p1a: Accelgor|Bug Buzz|p2a: Doublade
|-resisted|p2a: Doublade
|-damage|p2a: Doublade|69/100 slp
|-unboost|p2a: Doublade|spd|1
|-curestatus|p2a: Doublade|slp|[msg]
|move|p2a: Doublade|Iron Head|p1a: Accelgor
|-damage|p1a: Accelgor|0 fnt
|faint|p1a: Accelgor
|
|upkeep
|c|☆PULT4C1 Clod|what a clown ass set
|-message|PULT4C1 Clod forfeited.
|
|win|PULT4C1 shane
|raw|PULT4C1 Clod's rating: 1090 &rarr; <strong>1082</strong><br />(-8 for losing)
|raw|PULT4C1 shane's rating: 1376 &rarr; <strong>1382</strong><br />(+6 for winning)
|l|☆PULT4C1 Clod
|l| isabela000◥▶_◀◤
|c| PULT4C1 LW|LOL
|j| isabela000◥▶_◀◤
|l| isabela000◥▶_◀◤
|l| Dark★Shionツ
||Ladder isn't responding, score probably updated but might not have (Request timeout).
