|j|☆Karrakarra
|j|☆rck6
|player|p1|Karrakarra|saturn|
|player|p2|rck6|265|
|teamsize|p1|6
|teamsize|p2|6
|gametype|singles
|gen|8
|tier|[Gen 8] PU
|rated|Tournament battle
|clearpoke
|poke|p1|Ninjask, F|
|poke|p1|Kangaskhan, F|
|poke|p1|Whiscash, M|
|poke|p1|Perrserker, M|
|poke|p1|Glaceon, F|
|poke|p1|Emolga, M|
|poke|p2|Persian, M|
|poke|p2|Pikachu, F|
|poke|p2|Stonjourner, M|
|poke|p2|Bellossom, M|
|poke|p2|Falinks|
|poke|p2|Mawile, F|
|rule|Sleep Clause Mod: Limit one foe put to sleep
|rule|Species Clause: Limit one of each Pokémon
|rule|OHKO Clause: OHKO moves are banned
|rule|Evasion Moves Clause: Evasion moves are banned
|rule|Endless Battle Clause: Forcing endless battles is banned
|rule|HP Percentage Mod: HP is shown in percentages
|rule|Dynamax Clause: You cannot dynamax
|teampreview
|j| Sauce Plz
|j| pattek
|j|@ShuckleDeath
|
|start
|switch|p1a: Whiscash|Whiscash, M|100/100
|switch|p2a: Persian|Persian, M|100/100
|turn|1
|j| B4WeFLY
|j| Secrispy
|
|switch|p1a: Emolga|Emolga, M|100/100
|move|p2a: Persian|Fake Out|p1a: Emolga
|-damage|p1a: Emolga|71/100
|
|upkeep
|turn|2
|
|move|p2a: Persian|Double-Edge|p1a: Emolga
|-damage|p1a: Emolga|20/100
|-damage|p2a: Persian|81/100|[from] Recoil
|move|p1a: Emolga|U-turn|p2a: Persian
|-damage|p2a: Persian|56/100
|
|switch|p1a: Ninjask|Ninjask, F|100/100|[from]move: U-turn
|
|upkeep
|turn|3
|
|move|p1a: Ninjask|U-turn|p2a: Persian
|-damage|p2a: Persian|0 fnt
|faint|p2a: Persian
|
|switch|p1a: Glaceon|Glaceon, F|100/100|[from]move: U-turn
|
|upkeep
|
|switch|p2a: Pikachu|Pikachu, F|100/100
|turn|4
|
|switch|p1a: Whiscash|Whiscash, M|100/100
|move|p2a: Pikachu|Fake Out|p1a: Whiscash
|-damage|p1a: Whiscash|88/100
|
|-heal|p1a: Whiscash|94/100|[from] item: Leftovers
|upkeep
|turn|5
|
|move|p2a: Pikachu|Extreme Speed|p1a: Whiscash
|-damage|p1a: Whiscash|67/100
|move|p1a: Whiscash|Toxic|p2a: Pikachu
|-status|p2a: Pikachu|tox
|
|-heal|p1a: Whiscash|73/100|[from] item: Leftovers
|-damage|p2a: Pikachu|94/100 tox|[from] psn
|upkeep
|turn|6
|
|move|p2a: Pikachu|Surf|p1a: Whiscash
|-damage|p1a: Whiscash|44/100
|move|p1a: Whiscash|Earth Power|p2a: Pikachu
|-supereffective|p2a: Pikachu
|-damage|p2a: Pikachu|0 fnt
|faint|p2a: Pikachu
|
|-heal|p1a: Whiscash|50/100|[from] item: Leftovers
|upkeep
|
|switch|p2a: Bellossom|Bellossom, M|100/100
|turn|7
|
|move|p2a: Bellossom|Sleep Powder|p1a: Whiscash|[miss]
|-miss|p2a: Bellossom|p1a: Whiscash
|move|p1a: Whiscash|Toxic|p2a: Bellossom
|-status|p2a: Bellossom|tox
|
|-heal|p1a: Whiscash|56/100|[from] item: Leftovers
|-damage|p2a: Bellossom|94/100 tox|[from] psn
|upkeep
|turn|8
|
|switch|p1a: Perrserker|Perrserker, M|100/100
|move|p2a: Bellossom|Sleep Powder|p1a: Perrserker
|-status|p1a: Perrserker|slp|[from] move: Sleep Powder
|
|-heal|p2a: Bellossom|100/100 tox|[from] item: Leftovers
|-damage|p2a: Bellossom|88/100 tox|[from] psn
|upkeep
|turn|9
|
|switch|p2a: Falinks|Falinks|100/100
|switch|p1a: Ninjask|Ninjask, F|100/100
|
|upkeep
|turn|10
|
|move|p1a: Ninjask|Acrobatics|p2a: Falinks
|-supereffective|p2a: Falinks
|-damage|p2a: Falinks|29/100
|move|p2a: Falinks|No Retreat|p2a: Falinks
|-boost|p2a: Falinks|atk|1
|-boost|p2a: Falinks|def|1
|-boost|p2a: Falinks|spa|1
|-boost|p2a: Falinks|spd|1
|-boost|p2a: Falinks|spe|1
|-start|p2a: Falinks|move: No Retreat
|
|-ability|p1a: Ninjask|Speed Boost|boost
|-boost|p1a: Ninjask|spe|1
|upkeep
|turn|11
|
|move|p1a: Ninjask|Acrobatics|p2a: Falinks
|-supereffective|p2a: Falinks
|-damage|p2a: Falinks|0 fnt
|faint|p2a: Falinks
|
|-ability|p1a: Ninjask|Speed Boost|boost
|-boost|p1a: Ninjask|spe|1
|upkeep
|
|switch|p2a: Stonjourner|Stonjourner, M|100/100
|turn|12
|
|move|p1a: Ninjask|U-turn|p2a: Stonjourner
|-damage|p2a: Stonjourner|76/100
|
|switch|p1a: Whiscash|Whiscash, M|56/100|[from]move: U-turn
|move|p2a: Stonjourner|Stone Edge|p1a: Whiscash|[miss]
|-miss|p2a: Stonjourner|p1a: Whiscash
|
|-heal|p1a: Whiscash|62/100|[from] item: Leftovers
|upkeep
|turn|13
|
|switch|p2a: Bellossom|Bellossom, M|88/100 tox
|move|p1a: Whiscash|Earth Power|p2a: Bellossom
|-resisted|p2a: Bellossom
|-damage|p2a: Bellossom|73/100 tox
|
|-heal|p2a: Bellossom|80/100 tox|[from] item: Leftovers
|-heal|p1a: Whiscash|68/100|[from] item: Leftovers
|-damage|p2a: Bellossom|73/100 tox|[from] psn
|upkeep
|turn|14
|
|switch|p1a: Ninjask|Ninjask, F|100/100
|move|p2a: Bellossom|Energy Ball|p1a: Ninjask
|-resisted|p1a: Ninjask
|-damage|p1a: Ninjask|80/100
|
|-heal|p2a: Bellossom|80/100 tox|[from] item: Leftovers
|-damage|p2a: Bellossom|67/100 tox|[from] psn
|upkeep
|turn|15
|
|move|p1a: Ninjask|U-turn|p2a: Bellossom
|-supereffective|p2a: Bellossom
|-damage|p2a: Bellossom|0 fnt
|faint|p2a: Bellossom
|
|switch|p1a: Whiscash|Whiscash, M|68/100|[from]move: U-turn
|
|-heal|p1a: Whiscash|74/100|[from] item: Leftovers
|upkeep
|
|switch|p2a: Mawile|Mawile, F|100/100
|-ability|p2a: Mawile|Intimidate|boost
|-immune|p1a: Whiscash|[from] ability: Oblivious
|turn|16
|j| finally understand
|
|move|p1a: Whiscash|Earth Power|p2a: Mawile
|-supereffective|p2a: Mawile
|-damage|p2a: Mawile|13/100
|move|p2a: Mawile|Play Rough|p1a: Whiscash
|-damage|p1a: Whiscash|56/100
|-unboost|p1a: Whiscash|atk|1
|
|-heal|p1a: Whiscash|62/100|[from] item: Leftovers
|-heal|p2a: Mawile|19/100|[from] item: Leftovers
|upkeep
|turn|17
|
|move|p2a: Mawile|Sucker Punch|p1a: Whiscash
|-damage|p1a: Whiscash|52/100
|move|p1a: Whiscash|Earth Power|p2a: Mawile
|-supereffective|p2a: Mawile
|-damage|p2a: Mawile|0 fnt
|faint|p2a: Mawile
|
|-heal|p1a: Whiscash|58/100|[from] item: Leftovers
|upkeep
|
|switch|p2a: Stonjourner|Stonjourner, M|76/100
|turn|18
|l| Sauce Plz
|
|move|p2a: Stonjourner|Stone Edge|p1a: Whiscash
|-resisted|p1a: Whiscash
|-crit|p1a: Whiscash
|-damage|p1a: Whiscash|21/100
|-damage|p2a: Stonjourner|66/100|[from] item: Life Orb
|move|p1a: Whiscash|Earth Power|p2a: Stonjourner
|-supereffective|p2a: Stonjourner
|-damage|p2a: Stonjourner|0 fnt
|faint|p2a: Stonjourner
|
|win|Karrakarra
