|j|☆acluh1
|j|☆MrShroom
|t:|1653667085
|gametype|singles
|player|p1|acluh1|karen|
|player|p2|MrShroom|266|
|teamsize|p1|6
|teamsize|p2|6
|gen|8
|tier|[Gen 8] PU
|rule|Sleep Clause Mod: Limit one foe put to sleep
|rule|Species Clause: Limit one of each Pokémon
|rule|OHKO Clause: OHKO moves are banned
|rule|Evasion Moves Clause: Evasion moves are banned
|rule|Endless Battle Clause: Forcing endless battles is banned
|rule|HP Percentage Mod: HP is shown in percentages
|rule|Dynamax Clause: You cannot dynamax
|clearpoke
|poke|p1|Charizard, M|
|poke|p1|Gigalith, M|
|poke|p1|Jolteon, F|
|poke|p1|Pincurchin, M|
|poke|p1|Sandaconda, M|
|poke|p1|Sneasel, M|
|poke|p2|Togedemaru, F|
|poke|p2|Articuno-Galar|
|poke|p2|Sandaconda, F|
|poke|p2|Scyther, M|
|poke|p2|Lanturn, F|
|poke|p2|Rotom|
|teampreview
|inactive|Battle timer is ON: inactive players will automatically lose when time's up. (requested by acluh1)
|c|☆MrShroom|gl hf
|c|☆acluh1|gl
|inactive|MrShroom has 270 seconds left.
|
|t:|1653667140
|start
|switch|p1a: Sneasel|Sneasel, M|100/100
|switch|p2a: Togedemaru|Togedemaru, F|100/100
|turn|1
|
|t:|1653667147
|switch|p1a: Sandaconda|Sandaconda, M, shiny|100/100
|move|p2a: Togedemaru|U-turn|p1a: Sandaconda
|-damage|p1a: Sandaconda|87/100
|-damage|p2a: Togedemaru|84/100|[from] item: Rocky Helmet|[of] p1a: Sandaconda
|
|t:|1653667165
|switch|p2a: Sandaconda|Sandaconda, F|100/100|[from]move: U-turn
|
|upkeep
|turn|2
|
|t:|1653667173
|move|p1a: Sandaconda|Glare|p2a: Sandaconda
|-status|p2a: Sandaconda|par
|cant|p2a: Sandaconda|par
|
|upkeep
|turn|3
|
|t:|1653667178
|move|p1a: Sandaconda|Earthquake|p2a: Sandaconda
|-damage|p2a: Sandaconda|76/100 par
|move|p2a: Sandaconda|Stealth Rock|p1a: Sandaconda
|-sidestart|p1: acluh1|move: Stealth Rock
|
|upkeep
|turn|4
|
|t:|1653667183
|move|p1a: Sandaconda|Earthquake|p2a: Sandaconda
|-damage|p2a: Sandaconda|55/100 par
|cant|p2a: Sandaconda|par
|
|upkeep
|turn|5
|
|t:|1653667188
|move|p1a: Sandaconda|Earthquake|p2a: Sandaconda
|-damage|p2a: Sandaconda|31/100 par
|move|p2a: Sandaconda|Rest|p2a: Sandaconda
|-status|p2a: Sandaconda|slp|[from] move: Rest
|-heal|p2a: Sandaconda|100/100 slp|[silent]
|
|upkeep
|turn|6
|
|t:|1653667194
|switch|p1a: Charizard|Charizard, M, shiny|100/100
|cant|p2a: Sandaconda|slp
|
|-activate|p2a: Sandaconda|ability: Shed Skin
|-curestatus|p2a: Sandaconda|slp|[msg]
|upkeep
|turn|7
|
|t:|1653667201
|switch|p2a: Lanturn|Lanturn, F|100/100
|move|p1a: Charizard|Defog|p2a: Lanturn
|-unboost|p2a: Lanturn|evasion|1
|-sideend|p1: acluh1|Stealth Rock|[from] move: Defog|[of] p1a: Charizard
|
|upkeep
|turn|8
|
|t:|1653667216
|switch|p1a: Jolteon|Jolteon, F|100/100
|move|p2a: Lanturn|Toxic|p1a: Jolteon
|-status|p1a: Jolteon|tox
|
|-damage|p1a: Jolteon|95/100 tox|[from] psn
|upkeep
|turn|9
|
|t:|1653667226
|switch|p1a: Gigalith|Gigalith, M, shiny|100/100
|-weather|Sandstorm|[from] ability: Sand Stream|[of] p1a: Gigalith
|move|p2a: Lanturn|Protect||[still]
|-fail|p2a: Lanturn
|
|-weather|Sandstorm|[upkeep]
|-damage|p2a: Lanturn|94/100|[from] Sandstorm
|-heal|p2a: Lanturn|100/100|[from] item: Leftovers
|upkeep
|turn|10
|
|t:|1653667237
|move|p2a: Lanturn|Volt Switch|p1a: Gigalith
|-damage|p1a: Gigalith|91/100
|
|t:|1653667240
|switch|p2a: Sandaconda|Sandaconda, F|100/100|[from]move: Volt Switch
|move|p1a: Gigalith|Stealth Rock|p2a: Sandaconda
|-sidestart|p2: MrShroom|move: Stealth Rock
|
|-weather|Sandstorm|[upkeep]
|-heal|p1a: Gigalith|98/100|[from] item: Leftovers
|upkeep
|turn|11
|
|t:|1653667249
|switch|p1a: Charizard|Charizard, M, shiny|100/100
|move|p2a: Sandaconda|Stealth Rock|p1a: Charizard
|-sidestart|p1: acluh1|move: Stealth Rock
|
|-weather|Sandstorm|[upkeep]
|-damage|p1a: Charizard|94/100|[from] Sandstorm
|upkeep
|turn|12
|
|t:|1653667256
|switch|p2a: Lanturn|Lanturn, F|100/100
|-damage|p2a: Lanturn|88/100|[from] Stealth Rock
|move|p1a: Charizard|Fire Blast|p2a: Lanturn
|-resisted|p2a: Lanturn
|-damage|p2a: Lanturn|70/100
|
|-weather|Sandstorm|[upkeep]
|-damage|p1a: Charizard|88/100|[from] Sandstorm
|-damage|p2a: Lanturn|63/100|[from] Sandstorm
|-heal|p2a: Lanturn|70/100|[from] item: Leftovers
|upkeep
|turn|13
|
|t:|1653667275
|switch|p1a: Gigalith|Gigalith, M, shiny|98/100
|-damage|p1a: Gigalith|85/100|[from] Stealth Rock
|move|p2a: Lanturn|Scald|p1a: Gigalith
|-supereffective|p1a: Gigalith
|-damage|p1a: Gigalith|63/100
|-status|p1a: Gigalith|brn
|
|-weather|none
|-heal|p2a: Lanturn|76/100|[from] item: Leftovers
|-heal|p1a: Gigalith|69/100 brn|[from] item: Leftovers
|-damage|p1a: Gigalith|63/100 brn|[from] brn
|upkeep
|turn|14
|
|t:|1653667286
|move|p2a: Lanturn|Protect|p2a: Lanturn
|-singleturn|p2a: Lanturn|Protect
|move|p1a: Gigalith|Earthquake|p2a: Lanturn
|-activate|p2a: Lanturn|move: Protect
|
|-heal|p2a: Lanturn|82/100|[from] item: Leftovers
|-heal|p1a: Gigalith|69/100 brn|[from] item: Leftovers
|-damage|p1a: Gigalith|63/100 brn|[from] brn
|upkeep
|turn|15
|
|t:|1653667311
|move|p2a: Lanturn|Volt Switch|p1a: Gigalith
|-damage|p1a: Gigalith|48/100 brn
|
|t:|1653667323
|switch|p2a: Sandaconda|Sandaconda, F|100/100|[from]move: Volt Switch
|-damage|p2a: Sandaconda|94/100|[from] Stealth Rock
|move|p1a: Gigalith|Toxic|p2a: Sandaconda
|-status|p2a: Sandaconda|tox
|
|-heal|p1a: Gigalith|54/100 brn|[from] item: Leftovers
|-damage|p2a: Sandaconda|88/100 tox|[from] psn
|-damage|p1a: Gigalith|48/100 brn|[from] brn
|upkeep
|turn|16
|
|t:|1653667333
|move|p2a: Sandaconda|Glare||[still]
|-fail|p2a: Sandaconda
|move|p1a: Gigalith|Earthquake|p2a: Sandaconda
|-damage|p2a: Sandaconda|80/100 tox
|
|-activate|p2a: Sandaconda|ability: Shed Skin
|-curestatus|p2a: Sandaconda|tox|[msg]
|-heal|p1a: Gigalith|54/100 brn|[from] item: Leftovers
|-damage|p1a: Gigalith|48/100 brn|[from] brn
|upkeep
|turn|17
|
|t:|1653667342
|switch|p1a: Charizard|Charizard, M, shiny|88/100
|move|p2a: Sandaconda|Glare|p1a: Charizard
|-status|p1a: Charizard|par
|
|upkeep
|turn|18
|
|t:|1653667349
|switch|p2a: Lanturn|Lanturn, F|82/100
|-damage|p2a: Lanturn|70/100|[from] Stealth Rock
|move|p1a: Charizard|Defog|p2a: Lanturn
|-unboost|p2a: Lanturn|evasion|1
|-sideend|p2: MrShroom|Stealth Rock|[from] move: Defog|[of] p1a: Charizard
|-sideend|p1: acluh1|Stealth Rock|[from] move: Defog|[of] p1a: Charizard
|
|-heal|p2a: Lanturn|76/100|[from] item: Leftovers
|upkeep
|turn|19
|
|t:|1653667369
|switch|p1a: Pincurchin|Pincurchin, M, shiny|100/100
|-fieldstart|move: Electric Terrain|[from] ability: Electric Surge|[of] p1a: Pincurchin
|move|p2a: Lanturn|Scald|p1a: Pincurchin
|-damage|p1a: Pincurchin|70/100
|
|-heal|p2a: Lanturn|82/100|[from] item: Leftovers
|upkeep
|turn|20
|
|t:|1653667387
|move|p1a: Pincurchin|Sucker Punch||[still]
|-fail|p1a: Pincurchin
|move|p2a: Lanturn|Toxic|p1a: Pincurchin
|-status|p1a: Pincurchin|tox
|
|-heal|p2a: Lanturn|88/100|[from] item: Leftovers
|-damage|p1a: Pincurchin|64/100 tox|[from] psn
|upkeep
|turn|21
|
|t:|1653667396
|switch|p1a: Gigalith|Gigalith, M, shiny|48/100 brn
|-weather|Sandstorm|[from] ability: Sand Stream|[of] p1a: Gigalith
|move|p2a: Lanturn|Protect||[still]
|-fail|p2a: Lanturn
|
|-weather|Sandstorm|[upkeep]
|-damage|p2a: Lanturn|82/100|[from] Sandstorm
|-heal|p2a: Lanturn|88/100|[from] item: Leftovers
|-heal|p1a: Gigalith|54/100 brn|[from] item: Leftovers
|-damage|p1a: Gigalith|48/100 brn|[from] brn
|upkeep
|turn|22
|
|t:|1653667408
|switch|p2a: Sandaconda|Sandaconda, F|80/100
|move|p1a: Gigalith|Earthquake|p2a: Sandaconda
|-damage|p2a: Sandaconda|70/100
|
|-weather|Sandstorm|[upkeep]
|-heal|p1a: Gigalith|54/100 brn|[from] item: Leftovers
|-damage|p1a: Gigalith|48/100 brn|[from] brn
|upkeep
|turn|23
|
|t:|1653667418
|move|p2a: Sandaconda|Stealth Rock|p1a: Gigalith
|-sidestart|p1: acluh1|move: Stealth Rock
|move|p1a: Gigalith|Toxic|p2a: Sandaconda
|-status|p2a: Sandaconda|tox
|
|-weather|Sandstorm|[upkeep]
|-heal|p1a: Gigalith|54/100 brn|[from] item: Leftovers
|-damage|p2a: Sandaconda|64/100 tox|[from] psn
|-damage|p1a: Gigalith|48/100 brn|[from] brn
|upkeep
|turn|24
|
|t:|1653667429
|switch|p1a: Charizard|Charizard, M, shiny|88/100 par
|move|p2a: Sandaconda|Rest||[still]
|-activate|p2a: Sandaconda|move: Electric Terrain
|-fail|p2a: Sandaconda
|
|-weather|Sandstorm|[upkeep]
|-damage|p1a: Charizard|82/100 par|[from] Sandstorm
|-damage|p2a: Sandaconda|52/100 tox|[from] psn
|upkeep
|turn|25
|
|t:|1653667439
|switch|p2a: Lanturn|Lanturn, F|88/100
|move|p1a: Charizard|Defog|p2a: Lanturn
|-unboost|p2a: Lanturn|evasion|1
|-sideend|p1: acluh1|Stealth Rock|[from] move: Defog|[of] p1a: Charizard
|-fieldend|move: Electric Terrain
|
|-weather|none
|-heal|p2a: Lanturn|95/100|[from] item: Leftovers
|upkeep
|turn|26
|
|t:|1653667453
|move|p2a: Lanturn|Scald|p1a: Charizard
|-supereffective|p1a: Charizard
|-damage|p1a: Charizard|22/100 par
|move|p1a: Charizard|Fire Blast|p2a: Lanturn
|-resisted|p2a: Lanturn
|-damage|p2a: Lanturn|68/100
|
|-heal|p2a: Lanturn|75/100|[from] item: Leftovers
|upkeep
|turn|27
|
|t:|1653667465
|move|p2a: Lanturn|Scald|p1a: Charizard
|-supereffective|p1a: Charizard
|-damage|p1a: Charizard|0 fnt
|faint|p1a: Charizard
|
|-heal|p2a: Lanturn|81/100|[from] item: Leftovers
|upkeep
|
|t:|1653667468
|switch|p1a: Sneasel|Sneasel, M|100/100
|turn|28
|inactive|MrShroom has 270 seconds left.
|
|t:|1653667510
|switch|p2a: Rotom|Rotom|100/100
|move|p1a: Sneasel|Knock Off|p2a: Rotom
|-supereffective|p2a: Rotom
|-enditem|p2a: Rotom|Colbur Berry|[eat]
|-enditem|p2a: Rotom|Colbur Berry|[weaken]
|-damage|p2a: Rotom|48/100
|
|upkeep
|turn|29
|
|t:|1653667518
|move|p1a: Sneasel|Knock Off|p2a: Rotom
|-supereffective|p2a: Rotom
|-damage|p2a: Rotom|0 fnt
|faint|p2a: Rotom
|
|upkeep
|
|t:|1653667523
|switch|p2a: Togedemaru|Togedemaru, F|84/100
|turn|30
|inactive|MrShroom has 270 seconds left.
|
|t:|1653667534
|switch|p1a: Sandaconda|Sandaconda, M, shiny|87/100
|move|p2a: Togedemaru|U-turn|p1a: Sandaconda
|-damage|p1a: Sandaconda|75/100
|-damage|p2a: Togedemaru|67/100|[from] item: Rocky Helmet|[of] p1a: Sandaconda
|inactive|MrShroom has 270 seconds left.
|
|t:|1653667551
|switch|p2a: Sandaconda|Sandaconda, F|52/100 tox|[from]move: U-turn
|
|-damage|p2a: Sandaconda|46/100 tox|[from] psn
|upkeep
|turn|31
|
|t:|1653667556
|switch|p1a: Pincurchin|Pincurchin, M, shiny|64/100 tox
|-fieldstart|move: Electric Terrain|[from] ability: Electric Surge|[of] p1a: Pincurchin
|move|p2a: Sandaconda|Rest||[still]
|-activate|p2a: Sandaconda|move: Electric Terrain
|-fail|p2a: Sandaconda
|
|-damage|p2a: Sandaconda|34/100 tox|[from] psn
|-damage|p1a: Pincurchin|58/100 tox|[from] psn
|upkeep
|turn|32
|inactive|MrShroom has 270 seconds left.
|
|t:|1653667571
|switch|p1a: Sandaconda|Sandaconda, M, shiny|75/100
|move|p2a: Sandaconda|Glare|p1a: Sandaconda
|-status|p1a: Sandaconda|par
|
|-activate|p1a: Sandaconda|ability: Shed Skin
|-curestatus|p1a: Sandaconda|par|[msg]
|-damage|p2a: Sandaconda|16/100 tox|[from] psn
|upkeep
|turn|33
|inactive|MrShroom has 270 seconds left.
|inactive|MrShroom has 240 seconds left.
|
|t:|1653667613
|switch|p2a: Articuno|Articuno-Galar|100/100
|move|p1a: Sandaconda|Rock Slide|p2a: Articuno
|-supereffective|p2a: Articuno
|-damage|p2a: Articuno|52/100
|
|upkeep
|turn|34
|inactive|MrShroom has 240 seconds left.
|
|t:|1653667625
|switch|p1a: Gigalith|Gigalith, M, shiny|48/100 brn
|-weather|Sandstorm|[from] ability: Sand Stream|[of] p1a: Gigalith
|move|p2a: Articuno|Hurricane|p1a: Gigalith
|-resisted|p1a: Gigalith
|-damage|p1a: Gigalith|27/100 brn
|
|-weather|Sandstorm|[upkeep]
|-damage|p2a: Articuno|46/100|[from] Sandstorm
|-heal|p1a: Gigalith|33/100 brn|[from] item: Leftovers
|-damage|p1a: Gigalith|27/100 brn|[from] brn
|upkeep
|turn|35
|inactive|MrShroom has 240 seconds left.
|
|t:|1653667646
|switch|p2a: Sandaconda|Sandaconda, F|16/100 tox
|move|p1a: Gigalith|Stealth Rock|p2a: Sandaconda
|-sidestart|p2: MrShroom|move: Stealth Rock
|
|-weather|Sandstorm|[upkeep]
|-activate|p2a: Sandaconda|ability: Shed Skin
|-curestatus|p2a: Sandaconda|tox|[msg]
|-heal|p1a: Gigalith|33/100 brn|[from] item: Leftovers
|-damage|p1a: Gigalith|27/100 brn|[from] brn
|upkeep
|turn|36
|
|t:|1653667661
|move|p2a: Sandaconda|Earthquake|p1a: Gigalith
|-supereffective|p1a: Gigalith
|-damage|p1a: Gigalith|0 fnt
|faint|p1a: Gigalith
|
|-weather|Sandstorm|[upkeep]
|upkeep
|
|t:|1653667664
|switch|p1a: Jolteon|Jolteon, F|95/100 tox
|turn|37
|
|t:|1653667674
|move|p1a: Jolteon|Shadow Ball|p2a: Sandaconda
|-damage|p2a: Sandaconda|0 fnt
|faint|p2a: Sandaconda
|
|-weather|Sandstorm|[upkeep]
|-damage|p1a: Jolteon|89/100 tox|[from] Sandstorm
|-damage|p1a: Jolteon|83/100 tox|[from] psn
|upkeep
|
|t:|1653667685
|switch|p2a: Lanturn|Lanturn, F|81/100
|-damage|p2a: Lanturn|68/100|[from] Stealth Rock
|turn|38
|
|t:|1653667694
|switch|p1a: Sneasel|Sneasel, M|100/100
|move|p2a: Lanturn|Toxic|p1a: Sneasel
|-status|p1a: Sneasel|tox
|
|-weather|none
|-heal|p2a: Lanturn|75/100|[from] item: Leftovers
|-damage|p1a: Sneasel|95/100 tox|[from] psn
|-fieldend|move: Electric Terrain
|upkeep
|turn|39
|
|t:|1653667702
|move|p2a: Lanturn|Protect|p2a: Lanturn
|-singleturn|p2a: Lanturn|Protect
|move|p1a: Sneasel|Knock Off|p2a: Lanturn
|-activate|p2a: Lanturn|move: Protect
|
|-heal|p2a: Lanturn|81/100|[from] item: Leftovers
|-damage|p1a: Sneasel|83/100 tox|[from] psn
|upkeep
|turn|40
|inactive|MrShroom has 210 seconds left.
|
|t:|1653667737
|switch|p2a: Scyther|Scyther, M|100/100
|move|p1a: Sneasel|Knock Off|p2a: Scyther
|-damage|p2a: Scyther|41/100
|-enditem|p2a: Scyther|Heavy-Duty Boots|[from] move: Knock Off|[of] p1a: Sneasel
|
|-damage|p1a: Sneasel|65/100 tox|[from] psn
|upkeep
|turn|41
|
|t:|1653667745
|move|p1a: Sneasel|Ice Shard|p2a: Scyther
|-supereffective|p2a: Scyther
|-damage|p2a: Scyther|0 fnt
|faint|p2a: Scyther
|
|-damage|p1a: Sneasel|41/100 tox|[from] psn
|upkeep
|
|t:|1653667751
|switch|p2a: Lanturn|Lanturn, F|81/100
|-damage|p2a: Lanturn|68/100|[from] Stealth Rock
|turn|42
|inactive|MrShroom has 210 seconds left.
|
|t:|1653667775
|move|p1a: Sneasel|Swords Dance|p1a: Sneasel
|-boost|p1a: Sneasel|atk|2
|move|p2a: Lanturn|Scald|p1a: Sneasel
|-damage|p1a: Sneasel|1/100 tox
|
|-heal|p2a: Lanturn|75/100|[from] item: Leftovers
|-damage|p1a: Sneasel|0 fnt|[from] psn
|faint|p1a: Sneasel
|upkeep
|
|t:|1653667780
|switch|p1a: Sandaconda|Sandaconda, M, shiny|75/100
|turn|43
|inactive|MrShroom has 210 seconds left.
|
|t:|1653667798
|move|p2a: Lanturn|Protect|p2a: Lanturn
|-singleturn|p2a: Lanturn|Protect
|move|p1a: Sandaconda|Earthquake|p2a: Lanturn
|-activate|p2a: Lanturn|move: Protect
|
|-heal|p2a: Lanturn|81/100|[from] item: Leftovers
|upkeep
|turn|44
|inactive|MrShroom has 210 seconds left.
|
|t:|1653667809
|move|p1a: Sandaconda|Earthquake|p2a: Lanturn
|-supereffective|p2a: Lanturn
|-crit|p2a: Lanturn
|-damage|p2a: Lanturn|0 fnt
|faint|p2a: Lanturn
|
|upkeep
|
|t:|1653667816
|switch|p2a: Articuno|Articuno-Galar|46/100
|-damage|p2a: Articuno|21/100|[from] Stealth Rock
|turn|45
|inactive|MrShroom has 210 seconds left.
|
|t:|1653667824
|switch|p1a: Pincurchin|Pincurchin, M, shiny|58/100 tox
|-fieldstart|move: Electric Terrain|[from] ability: Electric Surge|[of] p1a: Pincurchin
|move|p2a: Articuno|Freezing Glare|p1a: Pincurchin
|-damage|p1a: Pincurchin|0 fnt
|faint|p1a: Pincurchin
|
|upkeep
|
|t:|1653667827
|switch|p1a: Jolteon|Jolteon, F|83/100 tox
|turn|46
|
|t:|1653667836
|move|p1a: Jolteon|Shadow Ball|p2a: Articuno
|-supereffective|p2a: Articuno
|-damage|p2a: Articuno|0 fnt
|faint|p2a: Articuno
|
|-damage|p1a: Jolteon|77/100 tox|[from] psn
|upkeep
|
|t:|1653667842
|switch|p2a: Togedemaru|Togedemaru, F|67/100
|-damage|p2a: Togedemaru|61/100|[from] Stealth Rock
|turn|47
|
|t:|1653667851
|move|p2a: Togedemaru|Iron Head|p1a: Jolteon
|-resisted|p1a: Jolteon
|-damage|p1a: Jolteon|44/100 tox
|move|p1a: Jolteon|Shadow Ball|p2a: Togedemaru
|-damage|p2a: Togedemaru|3/100
|
|-damage|p1a: Jolteon|32/100 tox|[from] psn
|upkeep
|turn|48
|
|t:|1653667859
|move|p2a: Togedemaru|Iron Head|p1a: Jolteon
|-resisted|p1a: Jolteon
|-damage|p1a: Jolteon|0 fnt
|faint|p1a: Jolteon
|
|upkeep
|
|t:|1653667861
|switch|p1a: Sandaconda|Sandaconda, M, shiny|75/100
|turn|49
|c|☆MrShroom|gg
|
|t:|1653667865
|move|p2a: Togedemaru|Iron Head|p1a: Sandaconda
|-damage|p1a: Sandaconda|50/100
|-damage|p2a: Togedemaru|0 fnt|[from] item: Rocky Helmet|[of] p1a: Sandaconda
|faint|p2a: Togedemaru
|
|win|acluh1
|c|☆acluh1|gg
|l|☆MrShroom
|c|☆acluh1|make sure to save the replay
