|j|☆Marikeinen
|j|☆pult94d baby keem
|t:|1628503702
|gametype|singles
|player|p1|Marikeinen|101|1102
|player|p2|pult94d baby keem|dragontamer|1222
|teamsize|p1|6
|teamsize|p2|6
|gen|8
|tier|[Gen 8] PU
|rated|
|rule|Sleep Clause Mod: Limit one foe put to sleep
|rule|Species Clause: Limit one of each Pokémon
|rule|OHKO Clause: OHKO moves are banned
|rule|Evasion Moves Clause: Evasion moves are banned
|rule|Endless Battle Clause: Forcing endless battles is banned
|rule|HP Percentage Mod: HP is shown in percentages
|rule|Dynamax Clause: You cannot dynamax
|clearpoke
|poke|p1|Jolteon, M|
|poke|p1|Noctowl, F|
|poke|p1|Aurorus, M|
|poke|p1|Charizard, F|
|poke|p1|Persian, M|
|poke|p1|Liepard, M|
|poke|p2|Articuno-Galar|
|poke|p2|Weezing, M|
|poke|p2|Togedemaru, M|
|poke|p2|Passimian, M|
|poke|p2|Gigalith, M|
|poke|p2|Tsareena, F|
|teampreview
|
|t:|1628503723
|start
|switch|p1a: Liepard|Liepard, M|100/100
|switch|p2a: Togedemaru|Togedemaru, M|100/100
|turn|1
|
|t:|1628503728
|move|p2a: Togedemaru|Spiky Shield|p2a: Togedemaru
|-singleturn|p2a: Togedemaru|move: Protect
|move|p1a: Liepard|Trick|p2a: Togedemaru
|-activate|p2a: Togedemaru|move: Protect
|
|upkeep
|turn|2
|
|t:|1628503738
|switch|p2a: Passimian|Passimian, M|100/100
|move|p1a: Liepard|Trick|p2a: Passimian
|-activate|p1a: Liepard|move: Trick|[of] p2a: Passimian
|-item|p2a: Passimian|Lagging Tail|[from] move: Trick
|-item|p1a: Liepard|Choice Scarf|[from] move: Trick
|
|upkeep
|turn|3
|j| zS
|
|t:|1628503747
|move|p1a: Liepard|Echoed Voice|p2a: Passimian
|-damage|p2a: Passimian|87/100
|move|p2a: Passimian|Knock Off|p1a: Liepard
|-resisted|p1a: Liepard
|-damage|p1a: Liepard|70/100
|-enditem|p1a: Liepard|Choice Scarf|[from] move: Knock Off|[of] p2a: Passimian
|
|upkeep
|turn|4
|j| disgustingZ
|
|t:|1628503760
|move|p1a: Liepard|Echoed Voice|p2a: Passimian
|-damage|p2a: Passimian|64/100
|move|p2a: Passimian|Close Combat|p1a: Liepard
|-supereffective|p1a: Liepard
|-damage|p1a: Liepard|0 fnt
|-unboost|p2a: Passimian|def|1
|-unboost|p2a: Passimian|spd|1
|faint|p1a: Liepard
|
|upkeep
|
|t:|1628503772
|switch|p1a: Aurorus|Aurorus, M|100/100
|turn|5
|
|t:|1628503781
|switch|p2a: Gigalith|Gigalith, M|100/100
|-weather|Sandstorm|[from] ability: Sand Stream|[of] p2a: Gigalith
|move|p1a: Aurorus|Echoed Voice|p2a: Gigalith
|-damage|p2a: Gigalith|67/100
|
|-weather|Sandstorm|[upkeep]
|-heal|p2a: Gigalith|73/100|[from] item: Leftovers
|upkeep
|turn|6
|
|t:|1628503788
|switch|p2a: Togedemaru|Togedemaru, M|100/100
|move|p1a: Aurorus|Echoed Voice|p2a: Togedemaru
|-resisted|p2a: Togedemaru
|-damage|p2a: Togedemaru|61/100
|
|-weather|Sandstorm|[upkeep]
|-heal|p2a: Togedemaru|67/100|[from] item: Leftovers
|upkeep
|turn|7
|
|t:|1628503793
|move|p1a: Aurorus|Echoed Voice|p2a: Togedemaru
|-resisted|p2a: Togedemaru
|-damage|p2a: Togedemaru|17/100
|move|p2a: Togedemaru|Iron Head|p1a: Aurorus
|-supereffective|p1a: Aurorus
|-damage|p1a: Aurorus|0 fnt
|faint|p1a: Aurorus
|
|-weather|Sandstorm|[upkeep]
|-heal|p2a: Togedemaru|23/100|[from] item: Leftovers
|upkeep
|
|t:|1628503801
|switch|p1a: Noctowl|Noctowl, F|100/100
|turn|8
|l| disgustingZ
|c| zS|you lost drud LOL
|
|t:|1628503829
|move|p1a: Noctowl|Echoed Voice|p2a: Togedemaru
|-resisted|p2a: Togedemaru
|-damage|p2a: Togedemaru|0 fnt
|faint|p2a: Togedemaru
|
|-weather|Sandstorm|[upkeep]
|-damage|p1a: Noctowl|94/100|[from] Sandstorm
|upkeep
|
|t:|1628503842
|switch|p2a: Tsareena|Tsareena, F|100/100
|turn|9
|
|t:|1628503851
|move|p1a: Noctowl|Echoed Voice|p2a: Tsareena
|-damage|p2a: Tsareena|20/100
|move|p2a: Tsareena|Rapid Spin|p1a: Noctowl
|-damage|p1a: Noctowl|66/100
|-boost|p2a: Tsareena|spe|1
|
|-weather|none
|upkeep
|turn|10
|c|☆pult94d baby keem|jesus
|
|t:|1628503857
|move|p1a: Noctowl|Echoed Voice|p2a: Tsareena
|-damage|p2a: Tsareena|0 fnt
|faint|p2a: Tsareena
|
|upkeep
|c|☆Marikeinen|ez money
|c|☆pult94d baby keem|wait its scarf and it does that much.
|
|t:|1628503867
|switch|p2a: Articuno|Articuno-Galar|100/100
|turn|11
|c| zS|Echoed voice is a rolloiut
|c| zS|like move
|
|t:|1628503883
|move|p1a: Noctowl|Echoed Voice|p2a: Articuno
|-damage|p2a: Articuno|24/100
|move|p2a: Articuno|Hurricane|p1a: Noctowl|[miss]
|-miss|p2a: Articuno|p1a: Noctowl
|
|upkeep
|turn|12
|c| zS|that doesn’t stop charging
|c|☆Marikeinen|it also carries between users
|c| zS|evem if you faint LOL
|c|☆pult94d baby keem|thats broken wtf
|c|☆Marikeinen|lol
|c| zS|it’s not but it’s cool
|c|☆Marikeinen|jellicent hard counters
|
|t:|1628503915
|move|p1a: Noctowl|Echoed Voice|p2a: Articuno
|-damage|p2a: Articuno|0 fnt
|faint|p2a: Articuno
|
|upkeep
|
|t:|1628503917
|switch|p2a: Gigalith|Gigalith, M|73/100
|-weather|Sandstorm|[from] ability: Sand Stream|[of] p2a: Gigalith
|turn|13
|c| zS|any ghost type rly
|c| zS|and if you didn’t knock off for some odd reason
|c| zS|you won dummy.
|c|☆Marikeinen|aurorus has the ice voice thing, scrappy users arent in pu really
|c|☆Marikeinen|outside loudred
|
|t:|1628503939
|move|p1a: Noctowl|Echoed Voice|p2a: Gigalith
|-resisted|p2a: Gigalith
|-damage|p2a: Gigalith|31/100
|move|p2a: Gigalith|Rock Blast|p1a: Noctowl
|-supereffective|p1a: Noctowl
|-damage|p1a: Noctowl|25/100
|-supereffective|p1a: Noctowl
|-damage|p1a: Noctowl|0 fnt
|faint|p1a: Noctowl
|-hitcount|p1: Noctowl|2
|
|-weather|Sandstorm|[upkeep]
|-heal|p2a: Gigalith|37/100|[from] item: Leftovers
|upkeep
|c|☆pult94d baby keem|i didnt think it would be scarf.
|
|t:|1628503952
|switch|p1a: Charizard|Charizard, F|100/100
|turn|14
|c| zS|his whole team is scarfed...
|c| zS|this is like the concept
|c|☆pult94d baby keem|bruh why do u think i understand these gimmicks
|
|t:|1628503990
|move|p1a: Charizard|Echoed Voice|p2a: Gigalith
|-resisted|p2a: Gigalith
|-damage|p2a: Gigalith|21/100
|move|p2a: Gigalith|Rock Blast|p1a: Charizard
|-supereffective|p1a: Charizard
|-damage|p1a: Charizard|36/100
|-supereffective|p1a: Charizard
|-damage|p1a: Charizard|0 fnt
|faint|p1a: Charizard
|-hitcount|p1: Charizard|2
|
|-weather|Sandstorm|[upkeep]
|-heal|p2a: Gigalith|27/100|[from] item: Leftovers
|upkeep
|
|t:|1628504007
|switch|p1a: Persian|Persian, M|100/100
|turn|15
|
|t:|1628504023
|move|p1a: Persian|Echoed Voice|p2a: Gigalith
|-resisted|p2a: Gigalith
|-damage|p2a: Gigalith|4/100
|move|p2a: Gigalith|Rock Blast|p1a: Persian
|-crit|p1a: Persian
|-damage|p1a: Persian|67/100
|-damage|p1a: Persian|45/100
|-hitcount|p1a: Persian|2
|
|-weather|Sandstorm|[upkeep]
|-damage|p1a: Persian|39/100|[from] Sandstorm
|-heal|p2a: Gigalith|10/100|[from] item: Leftovers
|upkeep
|turn|16
|c| zS|you might actually have a chance smh
|c| zS|nvm gg
|
|t:|1628504040
|move|p2a: Gigalith|Protect|p2a: Gigalith
|-singleturn|p2a: Gigalith|Protect
|move|p1a: Persian|Echoed Voice|p2a: Gigalith
|-activate|p2a: Gigalith|move: Protect
|
|-weather|Sandstorm|[upkeep]
|-damage|p1a: Persian|33/100|[from] Sandstorm
|-heal|p2a: Gigalith|16/100|[from] item: Leftovers
|upkeep
|turn|17
|
|t:|1628504047
|switch|p2a: Passimian|Passimian, M|64/100
|move|p1a: Persian|Echoed Voice|p2a: Passimian
|-damage|p2a: Passimian|0 fnt
|faint|p2a: Passimian
|
|-weather|none
|upkeep
|
|t:|1628504048
|switch|p2a: Gigalith|Gigalith, M|16/100
|-weather|Sandstorm|[from] ability: Sand Stream|[of] p2a: Gigalith
|turn|18
|
|t:|1628504052
|move|p2a: Gigalith|Protect|p2a: Gigalith
|-singleturn|p2a: Gigalith|Protect
|move|p1a: Persian|Echoed Voice|p2a: Gigalith
|-activate|p2a: Gigalith|move: Protect
|
|-weather|Sandstorm|[upkeep]
|-damage|p1a: Persian|27/100|[from] Sandstorm
|-heal|p2a: Gigalith|22/100|[from] item: Leftovers
|upkeep
|turn|19
|
|t:|1628504057
|move|p2a: Gigalith|Protect|p2a: Gigalith
|-singleturn|p2a: Gigalith|Protect
|move|p1a: Persian|Echoed Voice|p2a: Gigalith
|-activate|p2a: Gigalith|move: Protect
|
|-weather|Sandstorm|[upkeep]
|-damage|p1a: Persian|22/100|[from] Sandstorm
|-heal|p2a: Gigalith|29/100|[from] item: Leftovers
|upkeep
|turn|20
|c|☆Marikeinen|wew
|c| zS|It doesn’t stop it continues charging LOL
|j| Squash
|
|t:|1628504080
|move|p2a: Gigalith|Protect||[still]
|-fail|p2a: Gigalith
|move|p1a: Persian|Echoed Voice|p2a: Gigalith
|-resisted|p2a: Gigalith
|-damage|p2a: Gigalith|5/100
|
|-weather|Sandstorm|[upkeep]
|-damage|p1a: Persian|16/100|[from] Sandstorm
|-heal|p2a: Gigalith|11/100|[from] item: Leftovers
|upkeep
|turn|21
|c| zS|who tectsx
|c| zS|so bad.
|c|☆pult94d baby keem|bruh are u trolling
|c| Squash|imagine
|c|☆pult94d baby keem|u said it keeps charging but its doing the samae dmaage
|c|☆Marikeinen|it stops at 200
|c| zS|^
|c| Squash|lose to echoed voice team
|c| Squash|:jerry:
|c|☆pult94d baby keem|u said it keeps charging
|c| Squash|yea
|c| Squash|until 200 bp
|
|t:|1628504148
|switch|p2a: Weezing|Weezing, M|100/100
|-ability|p2a: Weezing|Neutralizing Gas
|move|p1a: Persian|Echoed Voice|p2a: Weezing
|-damage|p2a: Weezing|0 fnt
|faint|p2a: Weezing
|-end|p2a: Weezing|ability: Neutralizing Gas
|
|-weather|Sandstorm|[upkeep]
|-damage|p1a: Persian|10/100|[from] Sandstorm
|upkeep
|c| zS|it charges no matter what you do
|c| zS|til it reaches 200
|l| Squash
|c|☆pult94d baby keem|zS: that doesn’t stop charging
|c|☆pult94d baby keem|zS: It doesn’t stop it continues charging LOL
|c|☆pult94d baby keem|u couldve
|c|☆pult94d baby keem|mentioned that.
|
|t:|1628504173
|switch|p2a: Gigalith|Gigalith, M|11/100
|turn|22
|
|t:|1628504176
|move|p2a: Gigalith|Protect|p2a: Gigalith
|-singleturn|p2a: Gigalith|Protect
|move|p1a: Persian|Echoed Voice|p2a: Gigalith
|-activate|p2a: Gigalith|move: Protect
|
|-weather|none
|-heal|p2a: Gigalith|18/100|[from] item: Leftovers
|upkeep
|turn|23
|c| zS|ok sorry.
|
|t:|1628504179
|move|p2a: Gigalith|Protect||[still]
|-fail|p2a: Gigalith
|move|p1a: Persian|Echoed Voice|p2a: Gigalith
|-resisted|p2a: Gigalith
|-damage|p2a: Gigalith|0 fnt
|faint|p2a: Gigalith
|
|win|Marikeinen
|raw|Marikeinen's rating: 1102 &rarr; <strong>1136</strong><br />(+34 for winning)
|raw|pult94d baby keem's rating: 1236 &rarr; <strong>1202</strong><br />(-34 for losing)
|c| zS|but anw you just threw
|c|☆Marikeinen|G_G
|l|☆pult94d baby keem
