|j|☆TacosSavedMyLife
|j|☆bababi
|t:|1632506655
|gametype|singles
|player|p1|TacosSavedMyLife|266|1368
|player|p2|bababi|cress|1545
|teamsize|p1|6
|teamsize|p2|6
|gen|8
|tier|[Gen 8] PU
|rated|
|rule|Sleep Clause Mod: Limit one foe put to sleep
|rule|Species Clause: Limit one of each Pokémon
|rule|OHKO Clause: OHKO moves are banned
|rule|Evasion Moves Clause: Evasion moves are banned
|rule|Endless Battle Clause: Forcing endless battles is banned
|rule|HP Percentage Mod: HP is shown in percentages
|rule|Dynamax Clause: You cannot dynamax
|clearpoke
|poke|p1|Charizard, F|
|poke|p1|Tsareena, F|
|poke|p1|Quagsire, M|
|poke|p1|Qwilfish, F|
|poke|p1|Cursola, F|
|poke|p1|Armaldo, M|
|poke|p2|Perrserker, M|
|poke|p2|Gigalith, F|
|poke|p2|Ribombee, M|
|poke|p2|Altaria, M|
|poke|p2|Persian-Alola, M|
|poke|p2|Gallade, M|
|teampreview
|
|t:|1632506673
|start
|switch|p1a: Cursola|Cursola, F|100/100
|switch|p2a: Ribombee|Ribombee, M|100/100
|turn|1
|
|t:|1632506679
|move|p2a: Ribombee|U-turn|p1a: Cursola
|-resisted|p1a: Cursola
|-damage|p1a: Cursola|88/100
|-ability|p1a: Cursola|Perish Body
|
|t:|1632506681
|switch|p2a: Gigalith|Gigalith, F|100/100|[from]move: U-turn
|-weather|Sandstorm|[from] ability: Sand Stream|[of] p2a: Gigalith
|move|p1a: Cursola|Meteor Beam||[still]
|-prepare|p1a: Cursola|Meteor Beam
|-boost|p1a: Cursola|spa|1
|-enditem|p1a: Cursola|Power Herb
|-anim|p1a: Cursola|Meteor Beam|p2a: Gigalith
|-damage|p2a: Gigalith|65/100
|
|-weather|Sandstorm|[upkeep]
|-damage|p1a: Cursola|82/100|[from] Sandstorm
|-heal|p2a: Gigalith|72/100|[from] item: Leftovers
|-start|p1a: Cursola|perish3
|upkeep
|turn|2
|
|t:|1632506696
|move|p1a: Cursola|Giga Drain|p2a: Gigalith
|-supereffective|p2a: Gigalith
|-damage|p2a: Gigalith|25/100
|-heal|p1a: Cursola|100/100|[from] drain|[of] p2a: Gigalith
|move|p2a: Gigalith|Earthquake|p1a: Cursola
|-crit|p1a: Cursola
|-damage|p1a: Cursola|25/100
|
|-weather|Sandstorm|[upkeep]
|-damage|p1a: Cursola|19/100|[from] Sandstorm
|-heal|p2a: Gigalith|31/100|[from] item: Leftovers
|-start|p1a: Cursola|perish2
|upkeep
|turn|3
|
|t:|1632506702
|move|p2a: Gigalith|Protect|p2a: Gigalith
|-singleturn|p2a: Gigalith|Protect
|move|p1a: Cursola|Shadow Ball|p2a: Gigalith
|-activate|p2a: Gigalith|move: Protect
|
|-weather|Sandstorm|[upkeep]
|-damage|p1a: Cursola|13/100|[from] Sandstorm
|-heal|p2a: Gigalith|37/100|[from] item: Leftovers
|-start|p1a: Cursola|perish1
|upkeep
|turn|4
|
|t:|1632506712
|switch|p2a: Persian|Persian-Alola, M|100/100
|move|p1a: Cursola|Giga Drain|p2a: Persian
|-damage|p2a: Persian|33/100
|-heal|p1a: Cursola|47/100|[from] drain|[of] p2a: Persian
|
|-weather|Sandstorm|[upkeep]
|-damage|p2a: Persian|27/100|[from] Sandstorm
|-damage|p1a: Cursola|41/100|[from] Sandstorm
|-start|p1a: Cursola|perish0
|upkeep
|faint|p1a: Cursola
|
|t:|1632506723
|switch|p1a: Tsareena|Tsareena, F|100/100
|turn|5
|
|t:|1632506727
|move|p1a: Tsareena|U-turn|p2a: Persian
|-supereffective|p2a: Persian
|-damage|p2a: Persian|0 fnt
|faint|p2a: Persian
|
|t:|1632506742
|switch|p1a: Charizard|Charizard, F|100/100|[from]move: U-turn
|
|-weather|none
|upkeep
|
|t:|1632506748
|switch|p2a: Gigalith|Gigalith, F|37/100
|-weather|Sandstorm|[from] ability: Sand Stream|[of] p2a: Gigalith
|turn|6
|j| Gin n Tonic
|
|t:|1632506754
|move|p1a: Charizard|Solar Beam||[still]
|-prepare|p1a: Charizard|Solar Beam
|-enditem|p1a: Charizard|Power Herb
|-anim|p1a: Charizard|Solar Beam|p2a: Gigalith
|-supereffective|p2a: Gigalith
|-damage|p2a: Gigalith|18/100
|move|p2a: Gigalith|Rock Blast|p1a: Charizard|[miss]
|-miss|p2a: Gigalith|p1a: Charizard
|
|-weather|Sandstorm|[upkeep]
|-damage|p1a: Charizard|94/100|[from] Sandstorm
|-heal|p2a: Gigalith|24/100|[from] item: Leftovers
|upkeep
|turn|7
|
|t:|1632506765
|switch|p1a: Quagsire|Quagsire, M|100/100
|move|p2a: Gigalith|Stealth Rock|p1a: Quagsire
|-sidestart|p1: TacosSavedMyLife|move: Stealth Rock
|
|-weather|Sandstorm|[upkeep]
|-heal|p2a: Gigalith|30/100|[from] item: Leftovers
|upkeep
|turn|8
|
|t:|1632506768
|move|p2a: Gigalith|Protect|p2a: Gigalith
|-singleturn|p2a: Gigalith|Protect
|move|p1a: Quagsire|Earthquake|p2a: Gigalith
|-activate|p2a: Gigalith|move: Protect
|
|-weather|Sandstorm|[upkeep]
|-heal|p2a: Gigalith|37/100|[from] item: Leftovers
|upkeep
|turn|9
|
|t:|1632506771
|switch|p2a: Altaria|Altaria, M|100/100
|move|p1a: Quagsire|Earthquake|p2a: Altaria
|-immune|p2a: Altaria
|
|-weather|Sandstorm|[upkeep]
|-damage|p2a: Altaria|94/100|[from] Sandstorm
|upkeep
|turn|10
|
|t:|1632506776
|switch|p1a: Qwilfish|Qwilfish, F|100/100
|-damage|p1a: Qwilfish|88/100|[from] Stealth Rock
|-ability|p1a: Qwilfish|Intimidate|boost
|-unboost|p2a: Altaria|atk|1
|move|p2a: Altaria|Toxic|p1a: Qwilfish
|-immune|p1a: Qwilfish
|
|-weather|none
|-heal|p1a: Qwilfish|94/100|[from] item: Leftovers
|upkeep
|turn|11
|
|t:|1632506789
|switch|p2a: Ribombee|Ribombee, M|100/100
|move|p1a: Qwilfish|Toxic Spikes|p2a: Ribombee
|-sidestart|p2: bababi|move: Toxic Spikes
|
|-heal|p1a: Qwilfish|99/100|[from] item: Leftovers
|upkeep
|turn|12
|
|t:|1632506793
|move|p2a: Ribombee|Psychic|p1a: Qwilfish
|-supereffective|p1a: Qwilfish
|-damage|p1a: Qwilfish|20/100
|move|p1a: Qwilfish|Spikes|p2a: Ribombee
|-sidestart|p2: bababi|Spikes
|
|-heal|p1a: Qwilfish|26/100|[from] item: Leftovers
|upkeep
|turn|13
|
|t:|1632506800
|move|p2a: Ribombee|Psychic|p1a: Qwilfish
|-supereffective|p1a: Qwilfish
|-damage|p1a: Qwilfish|0 fnt
|faint|p1a: Qwilfish
|
|upkeep
|
|t:|1632506808
|switch|p1a: Armaldo|Armaldo, M|100/100
|turn|14
|
|t:|1632506812
|move|p2a: Ribombee|Moonblast|p1a: Armaldo
|-damage|p1a: Armaldo|56/100
|-unboost|p1a: Armaldo|spa|1
|move|p1a: Armaldo|Rapid Spin|p2a: Ribombee
|-damage|p2a: Ribombee|75/100
|-boost|p1a: Armaldo|spe|1
|-sideend|p1: TacosSavedMyLife|Stealth Rock|[from] move: Rapid Spin|[of] p1a: Armaldo
|
|upkeep
|turn|15
|j| Morning Afterball
|
|t:|1632506827
|move|p2a: Ribombee|Moonblast|p1a: Armaldo
|-damage|p1a: Armaldo|7/100
|move|p1a: Armaldo|Stone Edge|p2a: Ribombee|[miss]
|-miss|p1a: Armaldo|p2a: Ribombee
|
|upkeep
|turn|16
|
|t:|1632506832
|switch|p1a: Charizard|Charizard, F|94/100
|move|p2a: Ribombee|Moonblast|p1a: Charizard
|-resisted|p1a: Charizard
|-damage|p1a: Charizard|70/100
|
|upkeep
|turn|17
|
|t:|1632506837
|move|p2a: Ribombee|U-turn|p1a: Charizard
|-resisted|p1a: Charizard
|-damage|p1a: Charizard|65/100
|
|t:|1632506838
|switch|p2a: Altaria|Altaria, M|94/100|[from]move: U-turn
|move|p1a: Charizard|Flamethrower|p2a: Altaria
|-resisted|p2a: Altaria
|-damage|p2a: Altaria|79/100
|
|upkeep
|turn|18
|
|t:|1632506844
|switch|p1a: Tsareena|Tsareena, F|100/100
|move|p2a: Altaria|Defog|p1a: Tsareena
|-unboost|p1a: Tsareena|evasion|1
|-sideend|p2: bababi|Spikes|[from] move: Defog|[of] p2a: Altaria
|-sideend|p2: bababi|Toxic Spikes|[from] move: Defog|[of] p2a: Altaria
|
|upkeep
|turn|19
|
|t:|1632506850
|switch|p2a: Perrserker|Perrserker, M|100/100
|move|p1a: Tsareena|Knock Off|p2a: Perrserker
|-damage|p2a: Perrserker|62/100
|-enditem|p2a: Perrserker|Leftovers|[from] move: Knock Off|[of] p1a: Tsareena
|
|upkeep
|turn|20
|
|t:|1632506857
|switch|p1a: Quagsire|Quagsire, M|100/100
|move|p2a: Perrserker|Iron Head|p1a: Quagsire
|-resisted|p1a: Quagsire
|-damage|p1a: Quagsire|82/100
|
|-heal|p1a: Quagsire|88/100|[from] item: Leftovers
|upkeep
|turn|21
|
|t:|1632506864
|move|p2a: Perrserker|Seed Bomb|p1a: Quagsire
|-supereffective|p1a: Quagsire
|-damage|p1a: Quagsire|10/100
|move|p1a: Quagsire|Scald|p2a: Perrserker
|-damage|p2a: Perrserker|31/100
|
|-heal|p1a: Quagsire|16/100|[from] item: Leftovers
|upkeep
|turn|22
|
|t:|1632506874
|move|p2a: Perrserker|Iron Head|p1a: Quagsire
|-resisted|p1a: Quagsire
|-damage|p1a: Quagsire|0 fnt
|faint|p1a: Quagsire
|
|upkeep
|
|t:|1632506878
|switch|p1a: Charizard|Charizard, F|65/100
|turn|23
|
|t:|1632506882
|switch|p2a: Gigalith|Gigalith, F|37/100
|-weather|Sandstorm|[from] ability: Sand Stream|[of] p2a: Gigalith
|move|p1a: Charizard|Flamethrower|p2a: Gigalith
|-resisted|p2a: Gigalith
|-damage|p2a: Gigalith|26/100
|
|-weather|Sandstorm|[upkeep]
|-damage|p1a: Charizard|59/100|[from] Sandstorm
|-heal|p2a: Gigalith|32/100|[from] item: Leftovers
|upkeep
|turn|24
|-message|TacosSavedMyLife forfeited.
|
|win|bababi
|raw|TacosSavedMyLife's rating: 1368 &rarr; <strong>1357</strong><br />(-11 for losing)
|raw|bababi's rating: 1545 &rarr; <strong>1556</strong><br />(+11 for winning)
|l|☆TacosSavedMyLife
|l|☆bababi
|l| Morning Afterball
||Ladder isn't responding, score probably updated but might not have (Request timeout).
