|j|☆so happy world
|j|☆Cartsoul
|t:|1601673801
|player|p1|so happy world|102|1320
|player|p2|Cartsoul|170|1430
|teamsize|p1|6
|teamsize|p2|6
|gametype|singles
|gen|8
|tier|[Gen 8] PU
|rated|
|clearpoke
|poke|p1|Sawk, M|
|poke|p1|Silvally-*|
|poke|p1|Galvantula, F|
|poke|p1|Runerigus, M|
|poke|p1|Lapras, M|
|poke|p1|Unfezant, M|
|poke|p2|Qwilfish, M|
|poke|p2|Stunfisk, M|
|poke|p2|Cramorant, M|
|poke|p2|Exeggutor, M|
|poke|p2|Galvantula, F|
|poke|p2|Silvally-*|
|rule|Sleep Clause Mod: Limit one foe put to sleep
|rule|Species Clause: Limit one of each Pokémon
|rule|OHKO Clause: OHKO moves are banned
|rule|Evasion Moves Clause: Evasion moves are banned
|rule|Endless Battle Clause: Forcing endless battles is banned
|rule|HP Percentage Mod: HP is shown in percentages
|rule|Dynamax Clause: You cannot dynamax
|teampreview
|inactive|Battle timer is ON: inactive players will automatically lose when time's up. (requested by so happy world)
|
|t:|1601673816
|start
|switch|p1a: Galvantula|Galvantula, F|100/100
|switch|p2a: Galvantula|Galvantula, F|100/100
|turn|1
|j| FarmSchrute
|
|t:|1601673829
|move|p2a: Galvantula|Volt Switch|p1a: Galvantula
|-resisted|p1a: Galvantula
|-damage|p1a: Galvantula|72/100
|
|t:|1601673832
|switch|p2a: Stunfisk|Stunfisk, M|100/100|[from]move: Volt Switch
|move|p1a: Galvantula|Bug Buzz|p2a: Stunfisk
|-damage|p2a: Stunfisk|80/100
|-unboost|p2a: Stunfisk|spd|1
|
|-heal|p2a: Stunfisk|86/100|[from] item: Leftovers
|upkeep
|turn|2
|
|t:|1601673841
|move|p1a: Galvantula|Energy Ball|p2a: Stunfisk
|-supereffective|p2a: Stunfisk
|-damage|p2a: Stunfisk|41/100
|move|p2a: Stunfisk|Stealth Rock|p1a: Galvantula
|-sidestart|p1: so happy world|move: Stealth Rock
|
|-heal|p2a: Stunfisk|48/100|[from] item: Leftovers
|upkeep
|turn|3
|
|t:|1601673849
|move|p2a: Stunfisk|Protect|p2a: Stunfisk
|-singleturn|p2a: Stunfisk|Protect
|move|p1a: Galvantula|Energy Ball|p2a: Stunfisk
|-activate|p2a: Stunfisk|move: Protect
|
|-heal|p2a: Stunfisk|54/100|[from] item: Leftovers
|upkeep
|turn|4
|
|t:|1601673852
|switch|p2a: Silvally|Silvally-Poison|100/100
|move|p1a: Galvantula|Energy Ball|p2a: Silvally
|-resisted|p2a: Silvally
|-damage|p2a: Silvally|86/100
|
|upkeep
|turn|5
|
|t:|1601673858
|switch|p1a: Runerigus|Runerigus, M|100/100
|-damage|p1a: Runerigus|94/100|[from] Stealth Rock
|move|p2a: Silvally|Parting Shot|p1a: Runerigus
|-unboost|p1a: Runerigus|atk|1
|-unboost|p1a: Runerigus|spa|1
|
|t:|1601673862
|switch|p2a: Qwilfish|Qwilfish, M|100/100|[from]move: Parting Shot
|-ability|p2a: Qwilfish|Intimidate|boost
|-unboost|p1a: Runerigus|atk|1
|
|upkeep
|turn|6
|
|t:|1601673870
|switch|p1a: Galvantula|Galvantula, F|72/100
|move|p2a: Qwilfish|Taunt|p1a: Galvantula
|-start|p1a: Galvantula|move: Taunt
|
|upkeep
|turn|7
|
|t:|1601673876
|switch|p2a: Stunfisk|Stunfisk, M|54/100
|move|p1a: Galvantula|Energy Ball|p2a: Stunfisk
|-supereffective|p2a: Stunfisk
|-crit|p2a: Stunfisk
|-damage|p2a: Stunfisk|6/100
|-unboost|p2a: Stunfisk|spd|1
|
|-heal|p2a: Stunfisk|12/100|[from] item: Leftovers
|upkeep
|turn|8
|
|t:|1601673879
|move|p2a: Stunfisk|Protect|p2a: Stunfisk
|-singleturn|p2a: Stunfisk|Protect
|move|p1a: Galvantula|Bug Buzz|p2a: Stunfisk
|-activate|p2a: Stunfisk|move: Protect
|
|-heal|p2a: Stunfisk|18/100|[from] item: Leftovers
|-end|p1a: Galvantula|move: Taunt
|upkeep
|turn|9
|
|t:|1601673888
|move|p1a: Galvantula|Volt Switch|p2a: Stunfisk
|-immune|p2a: Stunfisk
|move|p2a: Stunfisk|Earth Power|p1a: Galvantula
|-damage|p1a: Galvantula|26/100
|
|-heal|p2a: Stunfisk|24/100|[from] item: Leftovers
|upkeep
|turn|10
|
|t:|1601673891
|move|p2a: Stunfisk|Protect|p2a: Stunfisk
|-singleturn|p2a: Stunfisk|Protect
|move|p1a: Galvantula|Bug Buzz|p2a: Stunfisk
|-activate|p2a: Stunfisk|move: Protect
|
|-heal|p2a: Stunfisk|31/100|[from] item: Leftovers
|upkeep
|turn|11
|
|t:|1601673896
|switch|p2a: Silvally|Silvally-Poison|86/100
|move|p1a: Galvantula|Bug Buzz|p2a: Silvally
|-resisted|p2a: Silvally
|-damage|p2a: Silvally|64/100
|
|upkeep
|turn|12
|
|t:|1601673899
|move|p1a: Galvantula|Volt Switch|p2a: Silvally
|-damage|p2a: Silvally|30/100
|
|t:|1601673903
|switch|p1a: Runerigus|Runerigus, M|94/100|[from]move: Volt Switch
|-damage|p1a: Runerigus|88/100|[from] Stealth Rock
|move|p2a: Silvally|Parting Shot|p1a: Runerigus
|-unboost|p1a: Runerigus|atk|1
|-unboost|p1a: Runerigus|spa|1
|
|t:|1601673906
|switch|p2a: Qwilfish|Qwilfish, M|100/100|[from]move: Parting Shot
|-ability|p2a: Qwilfish|Intimidate|boost
|-unboost|p1a: Runerigus|atk|1
|
|upkeep
|turn|13
|
|t:|1601673910
|switch|p1a: Lapras|Lapras, M|100/100
|move|p2a: Qwilfish|Scald|p1a: Lapras
|-immune|p1a: Lapras|[from] ability: Water Absorb
|
|upkeep
|turn|14
|
|t:|1601673914
|move|p2a: Qwilfish|Toxic|p1a: Lapras
|-status|p1a: Lapras|tox
|move|p1a: Lapras|Freeze-Dry|p2a: Qwilfish
|-supereffective|p2a: Qwilfish
|-damage|p2a: Qwilfish|30/100
|
|-damage|p1a: Lapras|94/100 tox|[from] psn
|upkeep
|turn|15
|
|t:|1601673923
|switch|p1a: Silvally|Silvally-Dark|100/100
|-damage|p1a: Silvally|88/100|[from] Stealth Rock
|move|p2a: Qwilfish|Spikes|p1a: Silvally
|-sidestart|p1: so happy world|Spikes
|
|upkeep
|turn|16
|
|t:|1601673929
|move|p1a: Silvally|Multi-Attack|p2a: Qwilfish
|-damage|p2a: Qwilfish|0 fnt
|-damage|p1a: Silvally|71/100|[from] item: Rocky Helmet|[of] p2a: Qwilfish
|faint|p2a: Qwilfish
|
|upkeep
|
|t:|1601673932
|switch|p2a: Galvantula|Galvantula, F|100/100
|turn|17
|
|t:|1601673944
|switch|p1a: Unfezant|Unfezant, M|100/100
|-damage|p1a: Unfezant|76/100|[from] Stealth Rock
|move|p2a: Galvantula|Bug Buzz|p1a: Unfezant
|-resisted|p1a: Unfezant
|-damage|p1a: Unfezant|43/100
|
|upkeep
|turn|18
|
|t:|1601673951
|switch|p2a: Stunfisk|Stunfisk, M|31/100
|move|p1a: Unfezant|Defog|p2a: Stunfisk
|-unboost|p2a: Stunfisk|evasion|1
|-sideend|p1: so happy world|Spikes|[from] move: Defog|[of] p1a: Unfezant
|-sideend|p1: so happy world|Stealth Rock|[from] move: Defog|[of] p1a: Unfezant
|
|-heal|p2a: Stunfisk|37/100|[from] item: Leftovers
|upkeep
|turn|19
|
|t:|1601673964
|switch|p1a: Sawk|Sawk, M|100/100
|move|p2a: Stunfisk|Stealth Rock|p1a: Sawk
|-sidestart|p1: so happy world|move: Stealth Rock
|
|-heal|p2a: Stunfisk|43/100|[from] item: Leftovers
|upkeep
|turn|20
|
|t:|1601673968
|move|p2a: Stunfisk|Protect|p2a: Stunfisk
|-singleturn|p2a: Stunfisk|Protect
|move|p1a: Sawk|Close Combat|p2a: Stunfisk
|-activate|p2a: Stunfisk|move: Protect
|
|-heal|p2a: Stunfisk|49/100|[from] item: Leftovers
|upkeep
|turn|21
|
|t:|1601673976
|switch|p2a: Exeggutor|Exeggutor, M|100/100
|move|p1a: Sawk|Close Combat|p2a: Exeggutor
|-resisted|p2a: Exeggutor
|-damage|p2a: Exeggutor|45/100
|-unboost|p1a: Sawk|def|1
|-unboost|p1a: Sawk|spd|1
|
|upkeep
|turn|22
|
|t:|1601673981
|move|p1a: Sawk|Close Combat|p2a: Exeggutor
|-resisted|p2a: Exeggutor
|-damage|p2a: Exeggutor|0 fnt
|-unboost|p1a: Sawk|def|1
|-unboost|p1a: Sawk|spd|1
|faint|p2a: Exeggutor
|
|upkeep
|
|t:|1601673985
|switch|p2a: Silvally|Silvally-Poison|30/100
|turn|23
|
|t:|1601673989
|move|p2a: Silvally|Flamethrower|p1a: Sawk
|-damage|p1a: Sawk|42/100
|move|p1a: Sawk|Close Combat|p2a: Silvally
|-resisted|p2a: Silvally
|-damage|p2a: Silvally|0 fnt
|-unboost|p1a: Sawk|def|1
|-unboost|p1a: Sawk|spd|1
|faint|p2a: Silvally
|
|upkeep
|
|t:|1601673993
|switch|p2a: Galvantula|Galvantula, F|100/100
|turn|24
|
|t:|1601674005
|switch|p1a: Runerigus|Runerigus, M|88/100
|-damage|p1a: Runerigus|82/100|[from] Stealth Rock
|move|p2a: Galvantula|Energy Ball|p1a: Runerigus
|-supereffective|p1a: Runerigus
|-damage|p1a: Runerigus|27/100
|
|upkeep
|turn|25
|
|t:|1601674012
|switch|p1a: Galvantula|Galvantula, F|26/100
|move|p2a: Galvantula|Energy Ball|p1a: Galvantula
|-resisted|p1a: Galvantula
|-damage|p1a: Galvantula|2/100
|-unboost|p1a: Galvantula|spd|1
|
|upkeep
|turn|26
|
|t:|1601674023
|move|p1a: Galvantula|Bug Buzz|p2a: Galvantula
|-damage|p2a: Galvantula|34/100
|move|p2a: Galvantula|Bug Buzz|p1a: Galvantula
|-damage|p1a: Galvantula|0 fnt
|faint|p1a: Galvantula
|
|upkeep
|
|t:|1601674027
|switch|p1a: Unfezant|Unfezant, M|43/100
|-damage|p1a: Unfezant|18/100|[from] Stealth Rock
|turn|27
|
|t:|1601674032
|switch|p2a: Stunfisk|Stunfisk, M|49/100
|move|p1a: Unfezant|Defog|p2a: Stunfisk
|-unboost|p2a: Stunfisk|evasion|1
|-sideend|p1: so happy world|Stealth Rock|[from] move: Defog|[of] p1a: Unfezant
|
|-heal|p2a: Stunfisk|55/100|[from] item: Leftovers
|upkeep
|turn|28
|-message|so happy world forfeited.
|
|win|Cartsoul
|l|☆so happy world
|l| FarmSchrute
|raw|so happy world's rating: 1320 &rarr; <strong>1306</strong><br />(-14 for losing)
|raw|Cartsoul's rating: 1430 &rarr; <strong>1444</strong><br />(+14 for winning)
