|j|☆WildGolemAppeared
|j|☆GL JD
|t:|1653161413
|gametype|singles
|player|p1|WildGolemAppeared|101|1417
|player|p2|GL JD|bugsy|1261
|teamsize|p1|6
|teamsize|p2|6
|gen|8
|tier|[Gen 8] PU
|rated|
|rule|Sleep Clause Mod: Limit one foe put to sleep
|rule|Species Clause: Limit one of each Pokémon
|rule|OHKO Clause: OHKO moves are banned
|rule|Evasion Moves Clause: Evasion moves are banned
|rule|Endless Battle Clause: Forcing endless battles is banned
|rule|HP Percentage Mod: HP is shown in percentages
|rule|Dynamax Clause: You cannot dynamax
|clearpoke
|poke|p1|Togedemaru, M|
|poke|p1|Glastrier|
|poke|p1|Jellicent, M|
|poke|p1|Scrafty, M|
|poke|p1|Claydol|
|poke|p1|Hitmonlee, M|
|poke|p2|Sandaconda, F|
|poke|p2|Lanturn, M|
|poke|p2|Charizard, M|
|poke|p2|Lycanroc, M|
|poke|p2|Gourgeist-*, M|
|poke|p2|Aggron, M|
|teampreview
|j| uult4 somalia
|inactive|Battle timer is ON: inactive players will automatically lose when time's up. (requested by GL JD)
|
|t:|1653161437
|start
|switch|p1a: Jellicent|Jellicent, M|100/100
|switch|p2a: Zaenger|Lanturn, M, shiny|100/100
|turn|1
|
|t:|1653161446
|switch|p1a: Togedemaru|Togedemaru, M|100/100
|move|p2a: Zaenger|Toxic|p1a: Togedemaru
|-immune|p1a: Togedemaru
|
|upkeep
|turn|2
|
|t:|1653161459
|move|p1a: Togedemaru|U-turn|p2a: Zaenger
|-damage|p2a: Zaenger|78/100
|
|t:|1653161464
|switch|p1a: Jellicent|Jellicent, M|100/100|[from]move: U-turn
|move|p2a: Zaenger|Volt Switch|p1a: Jellicent
|-supereffective|p1a: Jellicent
|-damage|p1a: Jellicent|61/100
|
|t:|1653161474
|switch|p2a: Jellyfish|Gourgeist-Small, M|100/100|[from]move: Volt Switch
|-item|p1a: Jellicent|Choice Specs|[from] ability: Frisk|[of] p2a: Jellyfish|[identify]
|
|upkeep
|turn|3
|
|t:|1653161490
|switch|p1a: Scrafty|Scrafty, M|100/100
|-ability|p1a: Scrafty|Intimidate|boost
|-unboost|p2a: Jellyfish|atk|1
|move|p2a: Jellyfish|Nasty Plot|p2a: Jellyfish
|-boost|p2a: Jellyfish|spa|2
|
|upkeep
|turn|4
|
|t:|1653161502
|switch|p1a: Glastrier|Glastrier|100/100
|move|p2a: Jellyfish|Giga Drain|p1a: Glastrier
|-damage|p1a: Glastrier|71/100
|-damage|p2a: Jellyfish|91/100|[from] item: Life Orb
|
|upkeep
|turn|5
|inactive|GL JD has 120 seconds left.
|
|t:|1653161544
|switch|p2a: Cole|Aggron, M|100/100
|move|p1a: Glastrier|Close Combat|p2a: Cole
|-supereffective|p2a: Cole
|-damage|p2a: Cole|0 fnt
|-unboost|p1a: Glastrier|def|1
|-unboost|p1a: Glastrier|spd|1
|faint|p2a: Cole
|-ability|p1a: Glastrier|Chilling Neigh|boost
|-boost|p1a: Glastrier|atk|1
|
|upkeep
|
|t:|1653161553
|switch|p2a: Kevin|Lycanroc, M, shiny|100/100
|turn|6
|
|t:|1653161571
|switch|p1a: Scrafty|Scrafty, M|100/100
|-ability|p1a: Scrafty|Intimidate|boost
|-unboost|p2a: Kevin|atk|1
|move|p2a: Kevin|Stone Edge|p1a: Scrafty|[miss]
|-miss|p2a: Kevin|p1a: Scrafty
|
|upkeep
|turn|7
|
|t:|1653161588
|switch|p2a: Naomi|Sandaconda, F|100/100
|switch|p1a: Jellicent|Jellicent, M|61/100
|
|upkeep
|turn|8
|inactive|GL JD has 120 seconds left.
|
|t:|1653161600
|switch|p2a: Jellyfish|Gourgeist-Small, M|91/100
|-item|p1a: Jellicent|Choice Specs|[from] ability: Frisk|[of] p2a: Jellyfish|[identify]
|move|p1a: Jellicent|Giga Drain|p2a: Jellyfish
|-resisted|p2a: Jellyfish
|-damage|p2a: Jellyfish|66/100
|-heal|p1a: Jellicent|70/100|[from] drain|[of] p2a: Jellyfish
|
|upkeep
|turn|9
|
|t:|1653161612
|switch|p1a: Glastrier|Glastrier|71/100
|move|p2a: Jellyfish|Giga Drain|p1a: Glastrier
|-damage|p1a: Glastrier|57/100
|-heal|p2a: Jellyfish|77/100|[from] drain|[of] p1a: Glastrier
|-damage|p2a: Jellyfish|67/100|[from] item: Life Orb
|
|upkeep
|turn|10
|
|t:|1653161624
|switch|p2a: Zaenger|Lanturn, M, shiny|78/100
|move|p1a: Glastrier|Crunch|p2a: Zaenger
|-damage|p2a: Zaenger|48/100
|
|-heal|p2a: Zaenger|54/100|[from] item: Leftovers
|upkeep
|turn|11
|
|t:|1653161642
|switch|p1a: Togedemaru|Togedemaru, M|100/100
|move|p2a: Zaenger|Toxic|p1a: Togedemaru
|-immune|p1a: Togedemaru
|
|-heal|p2a: Zaenger|61/100|[from] item: Leftovers
|upkeep
|turn|12
|
|t:|1653161658
|switch|p2a: Naomi|Sandaconda, F|100/100
|move|p1a: Togedemaru|Super Fang|p2a: Naomi
|-damage|p2a: Naomi|50/100
|-damage|p1a: Togedemaru|84/100|[from] item: Rocky Helmet|[of] p2a: Naomi
|
|upkeep
|turn|13
|inactive|WildGolemAppeared has 120 seconds left.
|
|t:|1653161680
|switch|p1a: Jellicent|Jellicent, M|70/100
|move|p2a: Naomi|Earthquake|p1a: Jellicent
|-crit|p1a: Jellicent
|-damage|p1a: Jellicent|0 fnt
|faint|p1a: Jellicent
|
|upkeep
|inactive|WildGolemAppeared has 120 seconds left.
|
|t:|1653161709
|switch|p1a: Glastrier|Glastrier|57/100
|turn|14
|
|t:|1653161731
|switch|p2a: Zaenger|Lanturn, M, shiny|61/100
|move|p1a: Glastrier|Icicle Spear|p2a: Zaenger
|-resisted|p2a: Zaenger
|-damage|p2a: Zaenger|54/100
|-resisted|p2a: Zaenger
|-damage|p2a: Zaenger|47/100
|-resisted|p2a: Zaenger
|-damage|p2a: Zaenger|39/100
|-resisted|p2a: Zaenger
|-damage|p2a: Zaenger|32/100
|-resisted|p2a: Zaenger
|-damage|p2a: Zaenger|25/100
|-hitcount|p2a: Zaenger|5
|
|-heal|p2a: Zaenger|31/100|[from] item: Leftovers
|upkeep
|turn|15
|inactive|GL JD has 120 seconds left.
|
|t:|1653161748
|switch|p2a: Naomi|Sandaconda, F|50/100
|move|p1a: Glastrier|Close Combat|p2a: Naomi
|-damage|p2a: Naomi|19/100
|-unboost|p1a: Glastrier|def|1
|-unboost|p1a: Glastrier|spd|1
|-damage|p1a: Glastrier|40/100|[from] item: Rocky Helmet|[of] p2a: Naomi
|
|upkeep
|turn|16
|
|t:|1653161764
|switch|p1a: Claydol|Claydol|100/100
|move|p2a: Naomi|Earthquake|p1a: Claydol
|-immune|p1a: Claydol|[from] ability: Levitate
|
|upkeep
|turn|17
|
|t:|1653161772
|move|p2a: Naomi|Rest|p2a: Naomi
|-status|p2a: Naomi|slp|[from] move: Rest
|-heal|p2a: Naomi|100/100 slp|[silent]
|move|p1a: Claydol|Stealth Rock|p2a: Naomi
|-sidestart|p2: GL JD|move: Stealth Rock
|
|-activate|p2a: Naomi|ability: Shed Skin
|-curestatus|p2a: Naomi|slp|[msg]
|upkeep
|turn|18
|
|t:|1653161791
|move|p2a: Naomi|Stealth Rock|p1a: Claydol
|-sidestart|p1: WildGolemAppeared|move: Stealth Rock
|move|p1a: Claydol|Toxic|p2a: Naomi
|-status|p2a: Naomi|tox
|
|-activate|p2a: Naomi|ability: Shed Skin
|-curestatus|p2a: Naomi|tox|[msg]
|upkeep
|turn|19
|
|t:|1653161803
|move|p2a: Naomi|Glare|p1a: Claydol
|-status|p1a: Claydol|par
|cant|p1a: Claydol|par
|
|upkeep
|turn|20
|
|t:|1653161813
|switch|p2a: Jellyfish|Gourgeist-Small, M|67/100
|-damage|p2a: Jellyfish|55/100|[from] Stealth Rock
|-item|p1a: Claydol|Leftovers|[from] ability: Frisk|[of] p2a: Jellyfish|[identify]
|move|p1a: Claydol|Rapid Spin|p2a: Jellyfish
|-immune|p2a: Jellyfish
|
|upkeep
|turn|21
|
|t:|1653161822
|move|p2a: Jellyfish|Nasty Plot|p2a: Jellyfish
|-boost|p2a: Jellyfish|spa|2
|move|p1a: Claydol|Toxic|p2a: Jellyfish
|-status|p2a: Jellyfish|tox
|
|-damage|p2a: Jellyfish|49/100 tox|[from] psn
|upkeep
|turn|22
|inactive|WildGolemAppeared has 120 seconds left.
|
|t:|1653161847
|switch|p1a: Glastrier|Glastrier|40/100
|-damage|p1a: Glastrier|15/100|[from] Stealth Rock
|move|p2a: Jellyfish|Fire Blast|p1a: Glastrier
|-supereffective|p1a: Glastrier
|-damage|p1a: Glastrier|0 fnt
|faint|p1a: Glastrier
|-damage|p2a: Jellyfish|39/100 tox|[from] item: Life Orb
|
|-damage|p2a: Jellyfish|27/100 tox|[from] psn
|upkeep
|
|t:|1653161865
|switch|p1a: Togedemaru|Togedemaru, M|84/100
|-damage|p1a: Togedemaru|78/100|[from] Stealth Rock
|turn|23
|
|t:|1653161871
|move|p1a: Togedemaru|Iron Head|p2a: Jellyfish
|-damage|p2a: Jellyfish|0 fnt
|faint|p2a: Jellyfish
|
|upkeep
|
|t:|1653161883
|switch|p2a: Sean|Charizard, M, shiny|100/100
|turn|24
|
|t:|1653161898
|switch|p1a: Claydol|Claydol|100/100 par
|-damage|p1a: Claydol|94/100 par|[from] Stealth Rock
|move|p2a: Sean|Fire Blast|p1a: Claydol
|-damage|p1a: Claydol|59/100 par
|
|-heal|p1a: Claydol|65/100 par|[from] item: Leftovers
|upkeep
|turn|25
|
|t:|1653161909
|move|p2a: Sean|Fire Blast|p1a: Claydol
|-damage|p1a: Claydol|28/100 par
|move|p1a: Claydol|Rapid Spin|p2a: Sean
|-damage|p2a: Sean|89/100
|-boost|p1a: Claydol|spe|1
|-sideend|p1: WildGolemAppeared|Stealth Rock|[from] move: Rapid Spin|[of] p1a: Claydol
|
|-heal|p1a: Claydol|34/100 par|[from] item: Leftovers
|upkeep
|turn|26
|
|t:|1653161929
|move|p2a: Sean|Fire Blast|p1a: Claydol
|-damage|p1a: Claydol|0 fnt
|faint|p1a: Claydol
|
|upkeep
|
|t:|1653161937
|switch|p1a: Togedemaru|Togedemaru, M|78/100
|turn|27
|
|t:|1653161948
|switch|p2a: Naomi|Sandaconda, F|100/100
|-damage|p2a: Naomi|94/100|[from] Stealth Rock
|move|p1a: Togedemaru|Super Fang|p2a: Naomi|[miss]
|-miss|p1a: Togedemaru|p2a: Naomi
|
|upkeep
|turn|28
|
|t:|1653161957
|move|p1a: Togedemaru|Super Fang|p2a: Naomi|[miss]
|-miss|p1a: Togedemaru|p2a: Naomi
|move|p2a: Naomi|Earthquake|p1a: Togedemaru
|-supereffective|p1a: Togedemaru
|-damage|p1a: Togedemaru|0 fnt
|faint|p1a: Togedemaru
|
|upkeep
|
|t:|1653161979
|switch|p1a: Scrafty|Scrafty, M|100/100
|-ability|p1a: Scrafty|Intimidate|boost
|-unboost|p2a: Naomi|atk|1
|turn|29
|
|t:|1653161985
|move|p2a: Naomi|Glare|p1a: Scrafty
|-status|p1a: Scrafty|par
|cant|p1a: Scrafty|par
|
|upkeep
|turn|30
|
|t:|1653161995
|switch|p2a: Sean|Charizard, M, shiny|89/100
|move|p1a: Scrafty|Knock Off|p2a: Sean
|-damage|p2a: Sean|35/100
|-enditem|p2a: Sean|Heavy-Duty Boots|[from] move: Knock Off|[of] p1a: Scrafty
|
|upkeep
|turn|31
|
|t:|1653162003
|move|p2a: Sean|Hurricane|p1a: Scrafty
|-supereffective|p1a: Scrafty
|-damage|p1a: Scrafty|0 fnt
|faint|p1a: Scrafty
|
|upkeep
|
|t:|1653162010
|switch|p1a: Hitmonlee|Hitmonlee, M|100/100
|turn|32
|
|t:|1653162013
|move|p2a: Sean|Hurricane|p1a: Hitmonlee|[miss]
|-miss|p2a: Sean|p1a: Hitmonlee
|move|p1a: Hitmonlee|Curse|p1a: Hitmonlee
|-unboost|p1a: Hitmonlee|spe|1
|-boost|p1a: Hitmonlee|atk|1
|-boost|p1a: Hitmonlee|def|1
|-enditem|p1a: Hitmonlee|White Herb
|-clearnegativeboost|p1a: Hitmonlee|[silent]
|
|upkeep
|turn|33
|
|t:|1653162022
|move|p1a: Hitmonlee|Poison Jab|p2a: Sean
|-crit|p2a: Sean
|-damage|p2a: Sean|0 fnt
|faint|p2a: Sean
|
|upkeep
|
|t:|1653162038
|switch|p2a: Naomi|Sandaconda, F|94/100
|-damage|p2a: Naomi|88/100|[from] Stealth Rock
|turn|34
|
|t:|1653162042
|move|p1a: Hitmonlee|Close Combat|p2a: Naomi
|-damage|p2a: Naomi|20/100
|-unboost|p1a: Hitmonlee|def|1
|-unboost|p1a: Hitmonlee|spd|1
|-damage|p1a: Hitmonlee|84/100|[from] item: Rocky Helmet|[of] p2a: Naomi
|move|p2a: Naomi|Glare|p1a: Hitmonlee
|-status|p1a: Hitmonlee|par
|
|upkeep
|turn|35
|
|t:|1653162053
|move|p1a: Hitmonlee|Knock Off|p2a: Naomi
|-damage|p2a: Naomi|0 fnt
|-damage|p1a: Hitmonlee|67/100 par|[from] item: Rocky Helmet|[of] p2a: Naomi
|-enditem|p2a: Naomi|Rocky Helmet|[from] move: Knock Off|[of] p1a: Hitmonlee
|faint|p2a: Naomi
|
|upkeep
|
|t:|1653162059
|switch|p2a: Kevin|Lycanroc, M, shiny|100/100
|-damage|p2a: Kevin|88/100|[from] Stealth Rock
|turn|36
|
|t:|1653162064
|move|p2a: Kevin|Psychic Fangs|p1a: Hitmonlee
|-supereffective|p1a: Hitmonlee
|-damage|p1a: Hitmonlee|0 fnt
|faint|p1a: Hitmonlee
|
|win|GL JD
|raw|WildGolemAppeared's rating: 1417 &rarr; <strong>1389</strong><br />(-28 for losing)
|raw|GL JD's rating: 1261 &rarr; <strong>1297</strong><br />(+36 for winning)
|c|☆GL JD|ggs
|c|☆GL JD|fun game
|c|☆WildGolemAppeared|ggs
|l|☆WildGolemAppeared
||Ladder isn't responding, score probably updated but might not have (Request timeout).
