|j|☆TCG Deck Wizard
|j|☆PULT4C1 Haffling
|t:|1660585846
|gametype|singles
|player|p1|TCG Deck Wizard|palmer|1312
|player|p2|PULT4C1 Haffling|cyrus|1400
|teamsize|p1|6
|teamsize|p2|6
|gen|8
|tier|[Gen 8] PU
|rated|
|rule|Sleep Clause Mod: Limit one foe put to sleep
|rule|Species Clause: Limit one of each Pokémon
|rule|OHKO Clause: OHKO moves are banned
|rule|Evasion Items Clause: Evasion items are banned
|rule|Evasion Moves Clause: Evasion moves are banned
|rule|Endless Battle Clause: Forcing endless battles is banned
|rule|HP Percentage Mod: HP is shown in percentages
|rule|Dynamax Clause: You cannot dynamax
|clearpoke
|poke|p1|Greedent, F|
|poke|p1|Garbodor, F|
|poke|p1|Mr. Mime-Galar, F|
|poke|p1|Silvally-*|
|poke|p1|Hitmonlee, M|
|poke|p1|Claydol|
|poke|p2|Thwackey, F|
|poke|p2|Perrserker, M|
|poke|p2|Weezing, M|
|poke|p2|Charizard, F|
|poke|p2|Regirock|
|poke|p2|Lanturn, F|
|teampreview
|inactive|Battle timer is ON: inactive players will automatically lose when time's up. (requested by TCG Deck Wizard)
|
|t:|1660585859
|start
|switch|p1a: Greedent|Greedent, F|100/100
|switch|p2a: THWACK|Thwackey, F|100/100
|-fieldstart|move: Grassy Terrain|[from] ability: Grassy Surge|[of] p2a: THWACK
|turn|1
|
|t:|1660585864
|move|p2a: THWACK|Knock Off|p1a: Greedent
|-damage|p1a: Greedent|66/100
|-enditem|p1a: Greedent|Sitrus Berry|[from] move: Knock Off|[of] p2a: THWACK
|move|p1a: Greedent|Swords Dance|p1a: Greedent
|-boost|p1a: Greedent|atk|2
|
|-heal|p1a: Greedent|72/100|[from] Grassy Terrain
|upkeep
|turn|2
|
|t:|1660585870
|switch|p2a: Burble Dink|Weezing, M|100/100
|-ability|p2a: Burble Dink|Neutralizing Gas
|move|p1a: Greedent|Fire Fang|p2a: Burble Dink
|-damage|p2a: Burble Dink|75/100
|
|-heal|p2a: Burble Dink|81/100|[from] Grassy Terrain
|-heal|p2a: Burble Dink|87/100|[from] item: Black Sludge
|-heal|p1a: Greedent|78/100|[from] Grassy Terrain
|upkeep
|turn|3
|
|t:|1660585873
|move|p2a: Burble Dink|Toxic Spikes|p1a: Greedent
|-sidestart|p1: TCG Deck Wizard|move: Toxic Spikes
|move|p1a: Greedent|Swords Dance|p1a: Greedent
|-boost|p1a: Greedent|atk|2
|
|-heal|p2a: Burble Dink|93/100|[from] Grassy Terrain
|-heal|p2a: Burble Dink|99/100|[from] item: Black Sludge
|-heal|p1a: Greedent|85/100|[from] Grassy Terrain
|upkeep
|turn|4
|
|t:|1660585876
|move|p2a: Burble Dink|Sludge Bomb|p1a: Greedent
|-damage|p1a: Greedent|59/100
|move|p1a: Greedent|Swords Dance|p1a: Greedent
|-boost|p1a: Greedent|atk|2
|
|-heal|p2a: Burble Dink|100/100|[from] Grassy Terrain
|-heal|p1a: Greedent|65/100|[from] Grassy Terrain
|upkeep
|turn|5
|
|t:|1660585880
|move|p2a: Burble Dink|Sludge Bomb|p1a: Greedent
|-damage|p1a: Greedent|38/100
|-status|p1a: Greedent|psn
|move|p1a: Greedent|Facade|p2a: Burble Dink
|-damage|p2a: Burble Dink|0 fnt
|faint|p2a: Burble Dink
|-end|p2a: Burble Dink|ability: Neutralizing Gas
|
|-heal|p1a: Greedent|44/100 psn|[from] Grassy Terrain
|-damage|p1a: Greedent|31/100 psn|[from] psn
|-fieldend|move: Grassy Terrain
|upkeep
|
|t:|1660585887
|switch|p2a: THWACK|Thwackey, F|100/100
|-fieldstart|move: Grassy Terrain|[from] ability: Grassy Surge|[of] p2a: THWACK
|turn|6
|
|t:|1660585889
|move|p2a: THWACK|Grassy Glide|p1a: Greedent
|-damage|p1a: Greedent|0 fnt
|faint|p1a: Greedent
|
|upkeep
|
|t:|1660585896
|switch|p1a: Garbodor|Garbodor, F|100/100
|-sideend|p1: TCG Deck Wizard|move: Toxic Spikes|[of] p1a: Garbodor
|turn|7
|
|t:|1660585901
|switch|p2a: Zarders|Charizard, F|100/100
|move|p1a: Garbodor|Spikes|p2a: Zarders
|-sidestart|p2: PULT4C1 Haffling|Spikes
|
|upkeep
|turn|8
|
|t:|1660585906
|move|p2a: Zarders|Flamethrower|p1a: Garbodor
|-damage|p1a: Garbodor|51/100
|move|p1a: Garbodor|Gunk Shot|p2a: Zarders
|-damage|p2a: Zarders|43/100
|-status|p2a: Zarders|psn
|
|-heal|p1a: Garbodor|57/100|[from] Grassy Terrain
|-damage|p2a: Zarders|30/100 psn|[from] psn
|upkeep
|turn|9
|
|t:|1660585920
|move|p2a: Zarders|Hurricane|p1a: Garbodor|[miss]
|-miss|p2a: Zarders|p1a: Garbodor
|move|p1a: Garbodor|Gunk Shot|p2a: Zarders
|-damage|p2a: Zarders|0 fnt
|faint|p2a: Zarders
|
|-heal|p1a: Garbodor|63/100|[from] Grassy Terrain
|upkeep
|c|☆PULT4C1 Haffling|ofc
|
|t:|1660585927
|switch|p2a: Kash-Mmoney|Perrserker, M, shiny|100/100
|-damage|p2a: Kash-Mmoney|88/100|[from] Spikes
|turn|10
|c|☆TCG Deck Wizard|mb :)
|
|t:|1660585936
|move|p1a: Garbodor|Stomping Tantrum|p2a: Kash-Mmoney
|-supereffective|p2a: Kash-Mmoney
|-damage|p2a: Kash-Mmoney|51/100
|move|p2a: Kash-Mmoney|Iron Head|p1a: Garbodor
|-damage|p1a: Garbodor|6/100
|-damage|p2a: Kash-Mmoney|34/100|[from] item: Rocky Helmet|[of] p1a: Garbodor
|
|-heal|p1a: Garbodor|13/100|[from] Grassy Terrain
|-heal|p2a: Kash-Mmoney|40/100|[from] Grassy Terrain
|-heal|p2a: Kash-Mmoney|46/100|[from] item: Leftovers
|-fieldend|move: Grassy Terrain
|upkeep
|turn|11
|c|☆PULT4C1 Haffling|its just sad that i keep missing
|
|t:|1660585952
|move|p1a: Garbodor|Spikes|p2a: Kash-Mmoney
|-sidestart|p2: PULT4C1 Haffling|Spikes
|move|p2a: Kash-Mmoney|Iron Head|p1a: Garbodor
|-damage|p1a: Garbodor|0 fnt
|-damage|p2a: Kash-Mmoney|21/100|[from] ability: Aftermath|[of] p1a: Garbodor
|-damage|p2a: Kash-Mmoney|5/100|[from] item: Rocky Helmet|[of] p1a: Garbodor
|faint|p1a: Garbodor
|
|-heal|p2a: Kash-Mmoney|11/100|[from] item: Leftovers
|upkeep
|j| DanPiet1210
|
|t:|1660585974
|switch|p1a: Silvally|Silvally-Grass|100/100
|turn|12
|
|t:|1660585978
|move|p1a: Silvally|Flame Charge|p2a: Kash-Mmoney
|-supereffective|p2a: Kash-Mmoney
|-damage|p2a: Kash-Mmoney|0 fnt
|-boost|p1a: Silvally|spe|1
|faint|p2a: Kash-Mmoney
|
|upkeep
|
|t:|1660585983
|switch|p2a: Tonton|Lanturn, F|100/100
|-damage|p2a: Tonton|84/100|[from] Spikes
|turn|13
|
|t:|1660585989
|move|p1a: Silvally|Swords Dance|p1a: Silvally
|-boost|p1a: Silvally|atk|2
|move|p2a: Tonton|Toxic|p1a: Silvally
|-status|p1a: Silvally|tox
|
|-heal|p2a: Tonton|90/100|[from] item: Leftovers
|-damage|p1a: Silvally|94/100 tox|[from] psn
|upkeep
|turn|14
|
|t:|1660585993
|move|p1a: Silvally|Multi-Attack|p2a: Tonton
|-supereffective|p2a: Tonton
|-damage|p2a: Tonton|0 fnt
|faint|p2a: Tonton
|
|-damage|p1a: Silvally|82/100 tox|[from] psn
|upkeep
|
|t:|1660585997
|switch|p2a: Mix-Max|Regirock|100/100
|-damage|p2a: Mix-Max|84/100|[from] Spikes
|turn|15
|
|t:|1660586000
|move|p2a: Mix-Max|Protect|p2a: Mix-Max
|-singleturn|p2a: Mix-Max|Protect
|move|p1a: Silvally|Multi-Attack|p2a: Mix-Max
|-activate|p2a: Mix-Max|move: Protect
|
|-heal|p2a: Mix-Max|90/100|[from] item: Leftovers
|-damage|p1a: Silvally|64/100 tox|[from] psn
|upkeep
|turn|16
|
|t:|1660586007
|move|p1a: Silvally|Multi-Attack|p2a: Mix-Max
|-supereffective|p2a: Mix-Max
|-damage|p2a: Mix-Max|1/100
|move|p2a: Mix-Max|Body Press|p1a: Silvally
|-damage|p1a: Silvally|19/100 tox
|
|-heal|p2a: Mix-Max|7/100|[from] item: Leftovers
|-damage|p1a: Silvally|0 fnt|[from] psn
|faint|p1a: Silvally
|upkeep
|
|t:|1660586034
|switch|p1a: Hitmonlee|Hitmonlee, M|100/100
|turn|17
|
|t:|1660586037
|move|p1a: Hitmonlee|Curse|p1a: Hitmonlee
|-unboost|p1a: Hitmonlee|spe|1
|-boost|p1a: Hitmonlee|atk|1
|-boost|p1a: Hitmonlee|def|1
|-enditem|p1a: Hitmonlee|White Herb
|-clearnegativeboost|p1a: Hitmonlee|[silent]
|move|p2a: Mix-Max|Body Press|p1a: Hitmonlee
|-crit|p1a: Hitmonlee
|-damage|p1a: Hitmonlee|0 fnt
|faint|p1a: Hitmonlee
|
|-heal|p2a: Mix-Max|13/100|[from] item: Leftovers
|upkeep
|c|☆PULT4C1 Haffling|yay
|
|t:|1660586052
|switch|p1a: Mr. Mime|Mr. Mime-Galar, F|100/100
|turn|18
|
|t:|1660586055
|move|p1a: Mr. Mime|Freeze-Dry|p2a: Mix-Max
|-damage|p2a: Mix-Max|0 fnt
|faint|p2a: Mix-Max
|
|upkeep
|
|t:|1660586057
|switch|p2a: THWACK|Thwackey, F|100/100
|-damage|p2a: THWACK|84/100|[from] Spikes
|-fieldstart|move: Grassy Terrain|[from] ability: Grassy Surge|[of] p2a: THWACK
|turn|19
|
|t:|1660586060
|move|p2a: THWACK|Grassy Glide|p1a: Mr. Mime
|-crit|p1a: Mr. Mime
|-damage|p1a: Mr. Mime|0 fnt
|faint|p1a: Mr. Mime
|
|-heal|p2a: THWACK|90/100|[from] Grassy Terrain
|upkeep
|c|☆TCG Deck Wizard|Brooo
|
|t:|1660586067
|switch|p1a: Claydol|Claydol|100/100
|turn|20
|c|☆PULT4C1 Haffling|dont matter
|c|☆PULT4C1 Haffling|it has 40 def g
|
|t:|1660586080
|move|p2a: THWACK|Grassy Glide|p1a: Claydol
|-supereffective|p1a: Claydol
|-damage|p1a: Claydol|0 fnt
|faint|p1a: Claydol
|
|win|PULT4C1 Haffling
|raw|TCG Deck Wizard's rating: 1312 &rarr; <strong>1297</strong><br />(-15 for losing)
|raw|PULT4C1 Haffling's rating: 1400 &rarr; <strong>1415</strong><br />(+15 for winning)
|c|☆TCG Deck Wizard|Eviolite?
|c|☆PULT4C1 Haffling|no shot
|c|☆TCG Deck Wizard|Calc
||Ladder isn't responding, score probably updated but might not have (Request timeout).
|c|☆TCG Deck Wizard|252+ Atk Choice Band Thwackey Grassy Glide vs. 0 HP / 0 Def Eviolite Mr. Mime-Galar in Grassy Terrain: 174-205 (72.1 - 85%) -- guaranteed 2HKO after Grassy Terrain recovery
|c|☆TCG Deck Wizard|252 SpA Mr. Mime-Galar Freeze-Dry vs. 0 HP / 4 SpD Thwackey: 270-318 (96 - 113.1%) -- 75% chance to OHKO
|c|☆PULT4C1 Haffling|lol
|c|☆TCG Deck Wizard|And hitmon won too before the crit
|c|☆PULT4C1 Haffling|oh mr glar has 65
|c|☆PULT4C1 Haffling|def
