|j|☆22ncimi
|j|☆CynthiaBlueheart
|t:|1638569681
|gametype|singles
|player|p1|22ncimi|266|1352
|player|p2|CynthiaBlueheart|cynthia-gen4|1223
|teamsize|p1|6
|teamsize|p2|6
|gen|8
|tier|[Gen 8] PU
|rated|
|rule|Sleep Clause Mod: Limit one foe put to sleep
|rule|Species Clause: Limit one of each Pokémon
|rule|OHKO Clause: OHKO moves are banned
|rule|Evasion Moves Clause: Evasion moves are banned
|rule|Endless Battle Clause: Forcing endless battles is banned
|rule|HP Percentage Mod: HP is shown in percentages
|rule|Dynamax Clause: You cannot dynamax
|clearpoke
|poke|p1|Mesprit|
|poke|p1|Tsareena, F|
|poke|p1|Silvally-*|
|poke|p1|Scyther, F|
|poke|p1|Turtonator, M|
|poke|p1|Absol, F|
|poke|p2|Audino, F|
|poke|p2|Eldegoss, F|
|poke|p2|Aromatisse, F|
|poke|p2|Claydol|
|poke|p2|Gourgeist-*, F|
|poke|p2|Ferroseed, M|
|teampreview
|inactive|Battle timer is ON: inactive players will automatically lose when time's up. (requested by CynthiaBlueheart)
|inactive|22ncimi also wants the timer to be on.
|
|t:|1638569694
|start
|switch|p1a: Absol|Absol, F|100/100
|switch|p2a: Claydol|Claydol|100/100
|turn|1
|
|t:|1638569698
|switch|p2a: Ferroseed|Ferroseed, M|100/100
|move|p1a: Absol|Knock Off|p2a: Ferroseed
|-damage|p2a: Ferroseed|68/100
|-damage|p1a: Absol|88/100|[from] ability: Iron Barbs|[of] p2a: Ferroseed
|-enditem|p2a: Ferroseed|Eviolite|[from] move: Knock Off|[of] p1a: Absol
|
|upkeep
|turn|2
|
|t:|1638569705
|switch|p1a: Turtonator|Turtonator, M|100/100
|move|p2a: Ferroseed|Leech Seed|p1a: Turtonator
|-start|p1a: Turtonator|move: Leech Seed
|
|-damage|p1a: Turtonator|88/100|[from] Leech Seed|[of] p2a: Ferroseed
|-heal|p2a: Ferroseed|79/100|[silent]
|upkeep
|turn|3
|
|t:|1638569713
|switch|p1a: Absol|Absol, F|88/100
|switch|p2a: Aromatisse|Aromatisse, F|100/100
|
|upkeep
|turn|4
|
|t:|1638569719
|switch|p1a: Silvally|Silvally|100/100
|move|p2a: Aromatisse|Moonblast|p1a: Silvally
|-damage|p1a: Silvally|83/100
|-unboost|p1a: Silvally|spa|1
|
|upkeep
|turn|5
|
|t:|1638569727
|switch|p2a: Gourgeist|Gourgeist-Super, F|100/100
|-item|p1a: Silvally|Assault Vest|[from] ability: Frisk|[of] p2a: Gourgeist|[identify]
|move|p1a: Silvally|Multi-Attack|p2a: Gourgeist
|-immune|p2a: Gourgeist
|
|upkeep
|turn|6
|
|t:|1638569730
|move|p1a: Silvally|Crunch|p2a: Gourgeist
|-supereffective|p2a: Gourgeist
|-damage|p2a: Gourgeist|73/100
|-damage|p1a: Silvally|66/100|[from] item: Rocky Helmet|[of] p2a: Gourgeist
|move|p2a: Gourgeist|Will-O-Wisp|p1a: Silvally
|-status|p1a: Silvally|brn
|
|-damage|p1a: Silvally|60/100 brn|[from] brn
|upkeep
|turn|7
|
|t:|1638569735
|move|p1a: Silvally|Crunch|p2a: Gourgeist
|-supereffective|p2a: Gourgeist
|-damage|p2a: Gourgeist|60/100
|-damage|p1a: Silvally|44/100 brn|[from] item: Rocky Helmet|[of] p2a: Gourgeist
|move|p2a: Gourgeist|Leech Seed|p1a: Silvally
|-start|p1a: Silvally|move: Leech Seed
|
|-damage|p1a: Silvally|31/100 brn|[from] Leech Seed|[of] p2a: Gourgeist
|-heal|p2a: Gourgeist|71/100|[silent]
|-damage|p1a: Silvally|25/100 brn|[from] brn
|upkeep
|turn|8
|
|t:|1638569739
|move|p1a: Silvally|Crunch|p2a: Gourgeist
|-supereffective|p2a: Gourgeist
|-damage|p2a: Gourgeist|56/100
|-damage|p1a: Silvally|9/100 brn|[from] item: Rocky Helmet|[of] p2a: Gourgeist
|move|p2a: Gourgeist|Synthesis|p2a: Gourgeist
|-heal|p2a: Gourgeist|100/100
|
|-damage|p1a: Silvally|0 fnt|[from] Leech Seed|[of] p2a: Gourgeist
|faint|p1a: Silvally
|upkeep
|
|t:|1638569748
|switch|p1a: Scyther|Scyther, F|100/100
|turn|9
|
|t:|1638569752
|move|p1a: Scyther|Dual Wingbeat|p2a: Gourgeist
|-supereffective|p2a: Gourgeist
|-damage|p2a: Gourgeist|63/100
|-damage|p1a: Scyther|84/100|[from] item: Rocky Helmet|[of] p2a: Gourgeist
|-supereffective|p2a: Gourgeist
|-damage|p2a: Gourgeist|29/100
|-damage|p1a: Scyther|68/100|[from] item: Rocky Helmet|[of] p2a: Gourgeist
|-hitcount|p2a: Gourgeist|2
|move|p2a: Gourgeist|Will-O-Wisp|p1a: Scyther
|-status|p1a: Scyther|brn
|
|-damage|p1a: Scyther|62/100 brn|[from] brn
|upkeep
|turn|10
|
|t:|1638569758
|switch|p2a: Ferroseed|Ferroseed, M|79/100
|move|p1a: Scyther|Dual Wingbeat|p2a: Ferroseed
|-crit|p2a: Ferroseed
|-damage|p2a: Ferroseed|58/100
|-damage|p1a: Scyther|49/100 brn|[from] ability: Iron Barbs|[of] p2a: Ferroseed
|-damage|p2a: Ferroseed|44/100
|-damage|p1a: Scyther|37/100 brn|[from] ability: Iron Barbs|[of] p2a: Ferroseed
|-hitcount|p2a: Ferroseed|2
|
|-damage|p1a: Scyther|31/100 brn|[from] brn
|upkeep
|turn|11
|
|t:|1638569769
|move|p1a: Scyther|Dual Wingbeat|p2a: Ferroseed
|-damage|p2a: Ferroseed|30/100
|-damage|p1a: Scyther|18/100 brn|[from] ability: Iron Barbs|[of] p2a: Ferroseed
|-damage|p2a: Ferroseed|18/100
|-damage|p1a: Scyther|6/100 brn|[from] ability: Iron Barbs|[of] p2a: Ferroseed
|-hitcount|p2a: Ferroseed|2
|move|p2a: Ferroseed|Leech Seed|p1a: Scyther
|-start|p1a: Scyther|move: Leech Seed
|
|-damage|p1a: Scyther|0 fnt|[from] Leech Seed|[of] p2a: Ferroseed
|-heal|p2a: Ferroseed|23/100|[silent]
|faint|p1a: Scyther
|upkeep
|
|t:|1638569783
|switch|p1a: Mesprit|Mesprit|100/100
|turn|12
|
|t:|1638569789
|switch|p2a: Aromatisse|Aromatisse, F|100/100
|move|p1a: Mesprit|Psychic|p2a: Aromatisse
|-damage|p2a: Aromatisse|56/100
|
|-heal|p2a: Aromatisse|62/100|[from] item: Leftovers
|upkeep
|turn|13
|
|t:|1638569796
|move|p1a: Mesprit|Psychic|p2a: Aromatisse
|-damage|p2a: Aromatisse|19/100
|-unboost|p2a: Aromatisse|spd|1
|move|p2a: Aromatisse|Wish|p2a: Aromatisse
|
|-heal|p2a: Aromatisse|26/100|[from] item: Leftovers
|upkeep
|turn|14
|
|t:|1638569800
|move|p2a: Aromatisse|Protect|p2a: Aromatisse
|-singleturn|p2a: Aromatisse|Protect
|move|p1a: Mesprit|Psychic|p2a: Aromatisse
|-activate|p2a: Aromatisse|move: Protect
|
|-heal|p2a: Aromatisse|76/100|[from] move: Wish|[wisher] Aromatisse
|-heal|p2a: Aromatisse|82/100|[from] item: Leftovers
|upkeep
|turn|15
|
|t:|1638569806
|switch|p2a: Claydol|Claydol|100/100
|move|p1a: Mesprit|Psychic|p2a: Claydol
|-resisted|p2a: Claydol
|-damage|p2a: Claydol|77/100
|
|-heal|p2a: Claydol|83/100|[from] item: Leftovers
|upkeep
|turn|16
|
|t:|1638569814
|switch|p1a: Tsareena|Tsareena, F|100/100
|move|p2a: Claydol|Toxic|p1a: Tsareena
|-status|p1a: Tsareena|tox
|
|-heal|p2a: Claydol|89/100|[from] item: Leftovers
|-damage|p1a: Tsareena|94/100 tox|[from] psn
|upkeep
|turn|17
|
|t:|1638569821
|switch|p2a: Ferroseed|Ferroseed, M|23/100
|move|p1a: Tsareena|U-turn|p2a: Ferroseed
|-damage|p2a: Ferroseed|0 fnt
|-damage|p1a: Tsareena|82/100 tox|[from] ability: Iron Barbs|[of] p2a: Ferroseed
|faint|p2a: Ferroseed
|
|t:|1638569835
|switch|p1a: Mesprit|Mesprit|100/100|[from]move: U-turn
|
|upkeep
|
|t:|1638569840
|switch|p2a: Gourgeist|Gourgeist-Super, F|29/100
|-item|p1a: Mesprit|Choice Specs|[from] ability: Frisk|[of] p2a: Gourgeist|[identify]
|turn|18
|
|t:|1638569844
|move|p2a: Gourgeist|Shadow Sneak|p1a: Mesprit
|-supereffective|p1a: Mesprit
|-damage|p1a: Mesprit|69/100
|move|p1a: Mesprit|Psychic|p2a: Gourgeist
|-damage|p2a: Gourgeist|0 fnt
|faint|p2a: Gourgeist
|
|upkeep
|
|t:|1638569849
|switch|p2a: Claydol|Claydol|89/100
|turn|19
|
|t:|1638569853
|switch|p1a: Tsareena|Tsareena, F|82/100 tox
|move|p2a: Claydol|Teleport|p2a: Claydol
|
|t:|1638569856
|switch|p2a: Audino|Audino, F|100/100|[from]move: Teleport
|
|-damage|p1a: Tsareena|76/100 tox|[from] psn
|upkeep
|turn|20
|
|t:|1638569859
|move|p1a: Tsareena|Knock Off|p2a: Audino
|-damage|p2a: Audino|79/100
|-enditem|p2a: Audino|Leftovers|[from] move: Knock Off|[of] p1a: Tsareena
|move|p2a: Audino|Wish|p2a: Audino
|
|-damage|p1a: Tsareena|64/100 tox|[from] psn
|upkeep
|turn|21
|
|t:|1638569866
|move|p2a: Audino|Protect|p2a: Audino
|-singleturn|p2a: Audino|Protect
|move|p1a: Tsareena|U-turn|p2a: Audino
|-activate|p2a: Audino|move: Protect
|
|-heal|p2a: Audino|100/100|[from] move: Wish|[wisher] Audino
|-damage|p1a: Tsareena|46/100 tox|[from] psn
|upkeep
|turn|22
|
|t:|1638569869
|move|p1a: Tsareena|U-turn|p2a: Audino
|-damage|p2a: Audino|86/100
|
|t:|1638569874
|switch|p1a: Turtonator|Turtonator, M|88/100|[from]move: U-turn
|move|p2a: Audino|Wish|p2a: Audino
|
|upkeep
|turn|23
|
|t:|1638569879
|switch|p2a: Aromatisse|Aromatisse, F|82/100
|move|p1a: Turtonator|Shell Smash|p1a: Turtonator
|-unboost|p1a: Turtonator|def|1
|-unboost|p1a: Turtonator|spd|1
|-boost|p1a: Turtonator|atk|2
|-boost|p1a: Turtonator|spa|2
|-boost|p1a: Turtonator|spe|2
|
|-heal|p2a: Aromatisse|100/100|[from] move: Wish|[wisher] Audino
|upkeep
|turn|24
|
|t:|1638569885
|move|p1a: Turtonator|Fire Blast|p2a: Aromatisse
|-damage|p2a: Aromatisse|52/100
|move|p2a: Aromatisse|Moonblast|p1a: Turtonator
|-damage|p1a: Turtonator|15/100
|
|-heal|p2a: Aromatisse|58/100|[from] item: Leftovers
|upkeep
|turn|25
|
|t:|1638569892
|move|p2a: Aromatisse|Protect|p2a: Aromatisse
|-singleturn|p2a: Aromatisse|Protect
|move|p1a: Turtonator|Fire Blast|p2a: Aromatisse
|-activate|p2a: Aromatisse|move: Protect
|
|-heal|p2a: Aromatisse|65/100|[from] item: Leftovers
|upkeep
|turn|26
|
|t:|1638569894
|move|p1a: Turtonator|Fire Blast|p2a: Aromatisse
|-damage|p2a: Aromatisse|20/100
|move|p2a: Aromatisse|Wish|p2a: Aromatisse
|
|-heal|p2a: Aromatisse|26/100|[from] item: Leftovers
|upkeep
|turn|27
|
|t:|1638569898
|move|p1a: Turtonator|Shell Smash|p1a: Turtonator
|-unboost|p1a: Turtonator|def|1
|-unboost|p1a: Turtonator|spd|1
|-boost|p1a: Turtonator|atk|2
|-boost|p1a: Turtonator|spa|2
|-boost|p1a: Turtonator|spe|2
|move|p2a: Aromatisse|Moonblast|p1a: Turtonator
|-damage|p1a: Turtonator|0 fnt
|faint|p1a: Turtonator
|
|-heal|p2a: Aromatisse|76/100|[from] move: Wish|[wisher] Aromatisse
|-heal|p2a: Aromatisse|82/100|[from] item: Leftovers
|upkeep
|
|t:|1638569902
|switch|p1a: Absol|Absol, F|88/100
|turn|28
|
|t:|1638569906
|move|p1a: Absol|Iron Tail|p2a: Aromatisse|[miss]
|-miss|p1a: Absol|p2a: Aromatisse
|move|p2a: Aromatisse|Wish|p2a: Aromatisse
|
|-heal|p2a: Aromatisse|88/100|[from] item: Leftovers
|upkeep
|turn|29
|
|t:|1638569909
|switch|p2a: Audino|Audino, F|100/100
|move|p1a: Absol|Iron Tail|p2a: Audino
|-crit|p2a: Audino
|-damage|p2a: Audino|66/100
|
|-heal|p2a: Audino|100/100|[from] move: Wish|[wisher] Aromatisse
|upkeep
|turn|30
|
|t:|1638569915
|switch|p1a: Tsareena|Tsareena, F|46/100 tox
|move|p2a: Audino|Toxic|p1a: Tsareena
|-fail|p1a: Tsareena|tox
|
|-damage|p1a: Tsareena|40/100 tox|[from] psn
|upkeep
|turn|31
|
|t:|1638569919
|move|p2a: Audino|Protect|p2a: Audino
|-singleturn|p2a: Audino|Protect
|move|p1a: Tsareena|Power Whip|p2a: Audino
|-activate|p2a: Audino|move: Protect
|
|-damage|p1a: Tsareena|28/100 tox|[from] psn
|upkeep
|turn|32
|
|t:|1638569924
|switch|p2a: Eldegoss|Eldegoss, F|100/100
|move|p1a: Tsareena|Power Whip|p2a: Eldegoss
|-resisted|p2a: Eldegoss
|-damage|p2a: Eldegoss|68/100
|
|-heal|p2a: Eldegoss|74/100|[from] item: Leftovers
|-damage|p1a: Tsareena|10/100 tox|[from] psn
|upkeep
|turn|33
|
|t:|1638569929
|switch|p2a: Audino|Audino, F|100/100
|move|p1a: Tsareena|Knock Off|p2a: Audino
|-damage|p2a: Audino|87/100
|
|-damage|p1a: Tsareena|0 fnt|[from] psn
|faint|p1a: Tsareena
|upkeep
|c|☆22ncimi|how is this fun
|c|☆22ncimi|stall is shit
|
|t:|1638569952
|switch|p1a: Absol|Absol, F|88/100
|turn|34
|
|t:|1638569956
|move|p2a: Audino|Protect|p2a: Audino
|-singleturn|p2a: Audino|Protect
|move|p1a: Absol|Close Combat|p2a: Audino
|-activate|p2a: Audino|move: Protect
|
|upkeep
|turn|35
|
|t:|1638569960
|switch|p2a: Aromatisse|Aromatisse, F|88/100
|move|p1a: Absol|Close Combat|p2a: Aromatisse
|-resisted|p2a: Aromatisse
|-crit|p2a: Aromatisse
|-damage|p2a: Aromatisse|49/100
|-unboost|p1a: Absol|def|1
|-unboost|p1a: Absol|spd|1
|
|-heal|p2a: Aromatisse|55/100|[from] item: Leftovers
|upkeep
|turn|36
|
|t:|1638569964
|switch|p1a: Mesprit|Mesprit|69/100
|move|p2a: Aromatisse|Wish|p2a: Aromatisse
|
|-heal|p2a: Aromatisse|61/100|[from] item: Leftovers
|upkeep
|turn|37
|
|t:|1638569969
|move|p2a: Aromatisse|Protect|p2a: Aromatisse
|-singleturn|p2a: Aromatisse|Protect
|move|p1a: Mesprit|Psychic|p2a: Aromatisse
|-activate|p2a: Aromatisse|move: Protect
|
|-heal|p2a: Aromatisse|100/100|[from] move: Wish|[wisher] Aromatisse
|upkeep
|turn|38
|
|t:|1638569974
|switch|p1a: Absol|Absol, F|88/100
|switch|p2a: Claydol|Claydol|89/100
|
|-heal|p2a: Claydol|96/100|[from] item: Leftovers
|upkeep
|turn|39
|
|t:|1638569980
|move|p1a: Absol|Knock Off|p2a: Claydol
|-supereffective|p2a: Claydol
|-damage|p2a: Claydol|0 fnt
|-enditem|p2a: Claydol|Leftovers|[from] move: Knock Off|[of] p1a: Absol
|faint|p2a: Claydol
|
|upkeep
|
|t:|1638569984
|switch|p2a: Aromatisse|Aromatisse, F|100/100
|turn|40
|
|t:|1638569987
|switch|p1a: Mesprit|Mesprit|69/100
|move|p2a: Aromatisse|Moonblast|p1a: Mesprit
|-damage|p1a: Mesprit|34/100
|-unboost|p1a: Mesprit|spa|1
|
|upkeep
|turn|41
|
|t:|1638569990
|move|p1a: Mesprit|Psychic|p2a: Aromatisse
|-damage|p2a: Aromatisse|72/100
|move|p2a: Aromatisse|Moonblast|p1a: Mesprit
|-damage|p1a: Mesprit|0 fnt
|faint|p1a: Mesprit
|
|-heal|p2a: Aromatisse|79/100|[from] item: Leftovers
|upkeep
|
|t:|1638569994
|switch|p1a: Absol|Absol, F|88/100
|turn|42
|
|t:|1638569996
|move|p2a: Aromatisse|Protect|p2a: Aromatisse
|-singleturn|p2a: Aromatisse|Protect
|move|p1a: Absol|Iron Tail|p2a: Aromatisse
|-activate|p2a: Aromatisse|move: Protect
|
|-heal|p2a: Aromatisse|85/100|[from] item: Leftovers
|upkeep
|turn|43
|
|t:|1638570003
|move|p1a: Absol|Iron Tail|p2a: Aromatisse|[miss]
|-miss|p1a: Absol|p2a: Aromatisse
|move|p2a: Aromatisse|Moonblast|p1a: Absol
|-supereffective|p1a: Absol
|-damage|p1a: Absol|0 fnt
|faint|p1a: Absol
|
|win|CynthiaBlueheart
|raw|22ncimi's rating: 1352 &rarr; <strong>1325</strong><br />(-27 for losing)
|raw|CynthiaBlueheart's rating: 1223 &rarr; <strong>1257</strong><br />(+34 for winning)
