|j|☆Haffling
|j|☆yassy slay
|t:|1650018547
|gametype|singles
|player|p1|Haffling|cyrus|1667
|player|p2|yassy slay|clown|1674
|teamsize|p1|6
|teamsize|p2|6
|gen|8
|tier|[Gen 8] PU
|rated|
|rule|Sleep Clause Mod: Limit one foe put to sleep
|rule|Species Clause: Limit one of each Pokémon
|rule|OHKO Clause: OHKO moves are banned
|rule|Evasion Moves Clause: Evasion moves are banned
|rule|Endless Battle Clause: Forcing endless battles is banned
|rule|HP Percentage Mod: HP is shown in percentages
|rule|Dynamax Clause: You cannot dynamax
|clearpoke
|poke|p1|Arctovish|
|poke|p1|Weezing, F|
|poke|p1|Eldegoss, M|
|poke|p1|Scrafty, F|
|poke|p1|Gigalith, F|
|poke|p1|Mesprit|
|poke|p2|Musharna, F|
|poke|p2|Gourgeist-*, F|
|poke|p2|Stunfisk-Galar, M|
|poke|p2|Comfey, F|
|poke|p2|Accelgor, M|
|poke|p2|Miltank, F|
|teampreview
|
|t:|1650018560
|start
|switch|p1a: Gigalith|Gigalith, F|100/100
|switch|p2a: Gourgeist|Gourgeist-Super, F|100/100
|-item|p1a: Gigalith|Leftovers|[from] ability: Frisk|[of] p2a: Gourgeist|[identify]
|-weather|Sandstorm|[from] ability: Sand Stream|[of] p1a: Gigalith
|turn|1
|
|t:|1650018566
|move|p2a: Gourgeist|Poltergeist|p1a: Gigalith
|-activate|p1a: Gigalith|move: Poltergeist|Leftovers
|-damage|p1a: Gigalith|51/100
|move|p1a: Gigalith|Stealth Rock|p2a: Gourgeist
|-sidestart|p2: yassy slay|move: Stealth Rock
|
|-weather|Sandstorm|[upkeep]
|-damage|p2a: Gourgeist|94/100|[from] Sandstorm
|-heal|p1a: Gigalith|57/100|[from] item: Leftovers
|upkeep
|turn|2
|
|t:|1650018570
|move|p1a: Gigalith|Protect|p1a: Gigalith
|-singleturn|p1a: Gigalith|Protect
|move|p2a: Gourgeist|Poltergeist|p1a: Gigalith
|-activate|p1a: Gigalith|move: Protect
|
|-weather|Sandstorm|[upkeep]
|-damage|p2a: Gourgeist|88/100|[from] Sandstorm
|-heal|p1a: Gigalith|63/100|[from] item: Leftovers
|upkeep
|turn|3
|
|t:|1650018573
|switch|p1a: Scrafty|Scrafty, F|100/100
|move|p2a: Gourgeist|Poltergeist|p1a: Scrafty
|-activate|p1a: Scrafty|move: Poltergeist|Leftovers
|-resisted|p1a: Scrafty
|-damage|p1a: Scrafty|73/100
|
|-weather|Sandstorm|[upkeep]
|-damage|p2a: Gourgeist|82/100|[from] Sandstorm
|-damage|p1a: Scrafty|67/100|[from] Sandstorm
|-heal|p1a: Scrafty|73/100|[from] item: Leftovers
|upkeep
|turn|4
|
|t:|1650018577
|switch|p2a: Comfey|Comfey, F|100/100
|move|p1a: Scrafty|Knock Off|p2a: Comfey
|-resisted|p2a: Comfey
|-damage|p2a: Comfey|88/100
|-enditem|p2a: Comfey|Heavy-Duty Boots|[from] move: Knock Off|[of] p1a: Scrafty
|
|-weather|Sandstorm|[upkeep]
|-damage|p2a: Comfey|82/100|[from] Sandstorm
|-damage|p1a: Scrafty|67/100|[from] Sandstorm
|-heal|p1a: Scrafty|73/100|[from] item: Leftovers
|upkeep
|turn|5
|
|t:|1650018583
|switch|p1a: Weezing|Weezing, F|100/100
|-ability|p1a: Weezing|Neutralizing Gas
|move|p2a: Comfey|U-turn|p1a: Weezing
|-resisted|p1a: Weezing
|-damage|p1a: Weezing|98/100
|
|t:|1650018590
|switch|p2a: Miltank|Miltank, F|100/100|[from]move: U-turn
|
|-weather|none
|-heal|p1a: Weezing|100/100|[from] item: Black Sludge
|upkeep
|turn|6
|
|t:|1650018595
|move|p2a: Miltank|Whirlpool|p1a: Weezing
|-damage|p1a: Weezing|96/100
|-activate|p1a: Weezing|move: Whirlpool|[of] p2a: Miltank
|move|p1a: Weezing|Toxic Spikes|p2a: Miltank
|-sidestart|p2: yassy slay|move: Toxic Spikes
|
|-heal|p1a: Weezing|100/100|[from] item: Black Sludge
|-damage|p1a: Weezing|88/100|[from] move: Whirlpool|[partiallytrapped]
|upkeep
|turn|7
|
|t:|1650018599
|move|p2a: Miltank|Seismic Toss|p1a: Weezing
|-damage|p1a: Weezing|58/100
|move|p1a: Weezing|Sludge Bomb|p2a: Miltank
|-damage|p2a: Miltank|74/100
|
|-heal|p1a: Weezing|64/100|[from] item: Black Sludge
|-damage|p1a: Weezing|52/100|[from] move: Whirlpool|[partiallytrapped]
|upkeep
|turn|8
|
|t:|1650018602
|move|p2a: Miltank|Seismic Toss|p1a: Weezing
|-damage|p1a: Weezing|22/100
|move|p1a: Weezing|Pain Split|p2a: Miltank
|-sethp|p2a: Miltank|46/100|[from] move: Pain Split|[silent]
|-sethp|p1a: Weezing|55/100|[from] move: Pain Split
|
|-heal|p1a: Weezing|61/100|[from] item: Black Sludge
|-damage|p1a: Weezing|48/100|[from] move: Whirlpool|[partiallytrapped]
|upkeep
|turn|9
|
|t:|1650018608
|move|p2a: Miltank|Seismic Toss|p1a: Weezing
|-damage|p1a: Weezing|18/100
|move|p1a: Weezing|Pain Split|p2a: Miltank
|-sethp|p2a: Miltank|31/100|[from] move: Pain Split|[silent]
|-sethp|p1a: Weezing|36/100|[from] move: Pain Split
|
|-heal|p1a: Weezing|42/100|[from] item: Black Sludge
|-damage|p1a: Weezing|30/100|[from] move: Whirlpool|[partiallytrapped]
|upkeep
|turn|10
|
|t:|1650018619
|move|p2a: Miltank|Seismic Toss|p1a: Weezing
|-damage|p1a: Weezing|0 fnt
|faint|p1a: Weezing
|-end|p1a: Weezing|ability: Neutralizing Gas
|
|upkeep
|
|t:|1650018630
|switch|p1a: Scrafty|Scrafty, F|73/100
|turn|11
|
|t:|1650018633
|switch|p2a: Comfey|Comfey, F|82/100
|-damage|p2a: Comfey|70/100|[from] Stealth Rock
|-status|p2a: Comfey|psn
|move|p1a: Scrafty|Knock Off|p2a: Comfey
|-resisted|p2a: Comfey
|-damage|p2a: Comfey|60/100 psn
|
|-heal|p1a: Scrafty|79/100|[from] item: Leftovers
|-damage|p2a: Comfey|48/100 psn|[from] psn
|upkeep
|turn|12
|
|t:|1650018638
|switch|p1a: Arctovish|Arctovish|100/100
|move|p2a: Comfey|Defog|p1a: Arctovish
|-unboost|p1a: Arctovish|evasion|1
|-sideend|p2: yassy slay|Toxic Spikes|[from] move: Defog|[of] p2a: Comfey
|-sideend|p2: yassy slay|Stealth Rock|[from] move: Defog|[of] p2a: Comfey
|
|-damage|p2a: Comfey|35/100 psn|[from] psn
|upkeep
|turn|13
|
|t:|1650018641
|move|p2a: Comfey|Synthesis|p2a: Comfey
|-heal|p2a: Comfey|85/100 psn
|move|p1a: Arctovish|Fishious Rend|p2a: Comfey
|-damage|p2a: Comfey|34/100 psn
|
|-damage|p2a: Comfey|22/100 psn|[from] psn
|upkeep
|turn|14
|
|t:|1650018656
|switch|p2a: Miltank|Miltank, F|31/100
|move|p1a: Arctovish|Fishious Rend|p2a: Miltank
|-damage|p2a: Miltank|0 fnt
|faint|p2a: Miltank
|
|upkeep
|
|t:|1650018658
|switch|p2a: Gourgeist|Gourgeist-Super, F|82/100
|-item|p1a: Arctovish|Choice Band|[from] ability: Frisk|[of] p2a: Gourgeist|[identify]
|turn|15
|
|t:|1650018664
|switch|p1a: Eldegoss|Eldegoss, M|100/100
|move|p2a: Gourgeist|Power Whip|p1a: Eldegoss
|-resisted|p1a: Eldegoss
|-damage|p1a: Eldegoss|77/100
|
|upkeep
|turn|16
|
|t:|1650018669
|move|p2a: Gourgeist|Poltergeist|p1a: Eldegoss
|-activate|p1a: Eldegoss|move: Poltergeist|Heavy-Duty Boots
|-damage|p1a: Eldegoss|26/100
|move|p1a: Eldegoss|Leech Seed|p2a: Gourgeist
|-immune|p2a: Gourgeist
|
|upkeep
|turn|17
|
|t:|1650018675
|switch|p1a: Mesprit|Mesprit|100/100
|move|p2a: Gourgeist|Poltergeist|p1a: Mesprit
|-activate|p1a: Mesprit|move: Poltergeist|Colbur Berry
|-supereffective|p1a: Mesprit
|-damage|p1a: Mesprit|0 fnt
|faint|p1a: Mesprit
|
|upkeep
|
|t:|1650018678
|switch|p1a: Scrafty|Scrafty, F|79/100
|turn|18
|
|t:|1650018686
|switch|p2a: Accelgor|Accelgor, M|100/100
|move|p1a: Scrafty|Knock Off|p2a: Accelgor
|-damage|p2a: Accelgor|65/100
|-activate|p2a: Accelgor|ability: Sticky Hold
|
|-heal|p1a: Scrafty|85/100|[from] item: Leftovers
|upkeep
|turn|19
|
|t:|1650018695
|move|p2a: Accelgor|Spikes|p1a: Scrafty
|-sidestart|p1: Haffling|Spikes
|move|p1a: Scrafty|Knock Off|p2a: Accelgor
|-damage|p2a: Accelgor|25/100
|-activate|p2a: Accelgor|ability: Sticky Hold
|
|-heal|p1a: Scrafty|91/100|[from] item: Leftovers
|upkeep
|turn|20
|
|t:|1650018697
|move|p2a: Accelgor|Recover|p2a: Accelgor
|-heal|p2a: Accelgor|75/100
|move|p1a: Scrafty|Knock Off|p2a: Accelgor
|-damage|p2a: Accelgor|35/100
|-activate|p2a: Accelgor|ability: Sticky Hold
|
|-heal|p1a: Scrafty|97/100|[from] item: Leftovers
|upkeep
|turn|21
|
|t:|1650018699
|move|p2a: Accelgor|Recover|p2a: Accelgor
|-heal|p2a: Accelgor|85/100
|move|p1a: Scrafty|Bulk Up|p1a: Scrafty
|-boost|p1a: Scrafty|atk|1
|-boost|p1a: Scrafty|def|1
|
|-heal|p1a: Scrafty|100/100|[from] item: Leftovers
|upkeep
|turn|22
|j| keppy ㋡
|
|t:|1650018708
|move|p2a: Accelgor|Spikes|p1a: Scrafty
|-sidestart|p1: Haffling|Spikes
|move|p1a: Scrafty|Knock Off|p2a: Accelgor
|-damage|p2a: Accelgor|27/100
|-activate|p2a: Accelgor|ability: Sticky Hold
|
|upkeep
|turn|23
|
|t:|1650018723
|move|p2a: Accelgor|Spikes|p1a: Scrafty
|-sidestart|p1: Haffling|Spikes
|move|p1a: Scrafty|Knock Off|p2a: Accelgor
|-damage|p2a: Accelgor|0 fnt
|-enditem|p2a: Accelgor|Heavy-Duty Boots|[from] move: Knock Off|[of] p1a: Scrafty
|faint|p2a: Accelgor
|
|upkeep
|j| Ryan law
|
|t:|1650018725
|switch|p2a: Comfey|Comfey, F|22/100 psn
|turn|24
|
|t:|1650018732
|switch|p1a: Eldegoss|Eldegoss, M|60/100
|move|p2a: Comfey|Synthesis|p2a: Comfey
|-heal|p2a: Comfey|72/100 psn
|
|-damage|p2a: Comfey|59/100 psn|[from] psn
|upkeep
|turn|25
|
|t:|1650018735
|switch|p2a: Gourgeist|Gourgeist-Super, F|82/100
|-item|p1a: Eldegoss|Heavy-Duty Boots|[from] ability: Frisk|[of] p2a: Gourgeist|[identify]
|move|p1a: Eldegoss|Rapid Spin|p2a: Gourgeist
|-immune|p2a: Gourgeist
|
|upkeep
|turn|26
|
|t:|1650018746
|switch|p1a: Gigalith|Gigalith, F|63/100
|-damage|p1a: Gigalith|38/100|[from] Spikes
|-weather|Sandstorm|[from] ability: Sand Stream|[of] p1a: Gigalith
|move|p2a: Gourgeist|Poltergeist|p1a: Gigalith
|-activate|p1a: Gigalith|move: Poltergeist|Leftovers
|-damage|p1a: Gigalith|0 fnt
|faint|p1a: Gigalith
|
|-weather|Sandstorm|[upkeep]
|-damage|p2a: Gourgeist|76/100|[from] Sandstorm
|upkeep
|
|t:|1650018748
|switch|p1a: Scrafty|Scrafty, F|100/100
|-damage|p1a: Scrafty|76/100|[from] Spikes
|turn|27
|
|t:|1650018761
|switch|p2a: Comfey|Comfey, F|59/100 psn
|move|p1a: Scrafty|Knock Off|p2a: Comfey
|-resisted|p2a: Comfey
|-damage|p2a: Comfey|51/100 psn
|
|-weather|Sandstorm|[upkeep]
|-damage|p2a: Comfey|45/100 psn|[from] Sandstorm
|-damage|p1a: Scrafty|70/100|[from] Sandstorm
|-heal|p1a: Scrafty|76/100|[from] item: Leftovers
|-damage|p2a: Comfey|32/100 psn|[from] psn
|upkeep
|turn|28
|
|t:|1650018765
|switch|p1a: Arctovish|Arctovish|100/100
|-damage|p1a: Arctovish|76/100|[from] Spikes
|move|p2a: Comfey|Synthesis|p2a: Comfey
|-heal|p2a: Comfey|57/100 psn
|
|-weather|Sandstorm|[upkeep]
|-damage|p1a: Arctovish|69/100|[from] Sandstorm
|-damage|p2a: Comfey|51/100 psn|[from] Sandstorm
|-damage|p2a: Comfey|38/100 psn|[from] psn
|upkeep
|turn|29
|
|t:|1650018769
|switch|p2a: Stunfisk|Stunfisk-Galar, M|100/100
|move|p1a: Arctovish|Fishious Rend|p2a: Stunfisk
|-supereffective|p2a: Stunfisk
|-damage|p2a: Stunfisk|0 fnt
|faint|p2a: Stunfisk
|
|-weather|Sandstorm|[upkeep]
|-damage|p1a: Arctovish|63/100|[from] Sandstorm
|upkeep
|
|t:|1650018771
|switch|p2a: Gourgeist|Gourgeist-Super, F|76/100
|-item|p1a: Arctovish|Choice Band|[from] ability: Frisk|[of] p2a: Gourgeist|[identify]
|turn|30
|
|t:|1650018781
|switch|p1a: Eldegoss|Eldegoss, M|93/100
|move|p2a: Gourgeist|Power Whip|p1a: Eldegoss|[miss]
|-miss|p2a: Gourgeist|p1a: Eldegoss
|
|-weather|none
|upkeep
|turn|31
|
|t:|1650018785
|move|p2a: Gourgeist|Poltergeist|p1a: Eldegoss
|-activate|p1a: Eldegoss|move: Poltergeist|Heavy-Duty Boots
|-damage|p1a: Eldegoss|39/100
|move|p1a: Eldegoss|Giga Drain|p2a: Gourgeist
|-resisted|p2a: Gourgeist
|-damage|p2a: Gourgeist|63/100
|-heal|p1a: Eldegoss|46/100|[from] drain|[of] p2a: Gourgeist
|
|upkeep
|turn|32
|l| Ryan law
|
|t:|1650018789
|move|p2a: Gourgeist|Power Whip|p1a: Eldegoss
|-resisted|p1a: Eldegoss
|-damage|p1a: Eldegoss|25/100
|move|p1a: Eldegoss|Giga Drain|p2a: Gourgeist
|-resisted|p2a: Gourgeist
|-damage|p2a: Gourgeist|51/100
|-heal|p1a: Eldegoss|31/100|[from] drain|[of] p2a: Gourgeist
|
|upkeep
|turn|33
|
|t:|1650018795
|move|p2a: Gourgeist|Synthesis|p2a: Gourgeist
|-heal|p2a: Gourgeist|100/100
|move|p1a: Eldegoss|Giga Drain|p2a: Gourgeist
|-resisted|p2a: Gourgeist
|-crit|p2a: Gourgeist
|-damage|p2a: Gourgeist|81/100
|-heal|p1a: Eldegoss|42/100|[from] drain|[of] p2a: Gourgeist
|
|upkeep
|turn|34
|
|t:|1650018803
|move|p2a: Gourgeist|Poltergeist|p1a: Eldegoss
|-activate|p1a: Eldegoss|move: Poltergeist|Heavy-Duty Boots
|-damage|p1a: Eldegoss|0 fnt
|faint|p1a: Eldegoss
|
|upkeep
|
|t:|1650018806
|switch|p1a: Scrafty|Scrafty, F|76/100
|-damage|p1a: Scrafty|51/100|[from] Spikes
|turn|35
|
|t:|1650018810
|move|p2a: Gourgeist|Power Whip|p1a: Scrafty
|-damage|p1a: Scrafty|0 fnt
|faint|p1a: Scrafty
|
|upkeep
|
|t:|1650018813
|switch|p1a: Arctovish|Arctovish|63/100
|-damage|p1a: Arctovish|38/100|[from] Spikes
|turn|36
|
|t:|1650018816
|move|p2a: Gourgeist|Shadow Sneak|p1a: Arctovish
|-damage|p1a: Arctovish|13/100
|move|p1a: Arctovish|Fishious Rend|p2a: Gourgeist
|-resisted|p2a: Gourgeist
|-damage|p2a: Gourgeist|60/100
|
|upkeep
|turn|37
|
|t:|1650018819
|move|p2a: Gourgeist|Shadow Sneak|p1a: Arctovish
|-damage|p1a: Arctovish|0 fnt
|faint|p1a: Arctovish
|
|win|yassy slay
|raw|Haffling's rating: 1667 &rarr; <strong>1647</strong><br />(-20 for losing)
|raw|yassy slay's rating: 1674 &rarr; <strong>1694</strong><br />(+20 for winning)
|c|☆yassy slay|gg
|c|☆Haffling|Saf
|c|☆Haffling|Gg
|l|☆yassy slay
|c|☆Haffling|Yea ive actually just lost 10 points to ladder bs
|l|☆Haffling
