|j|☆Steveurkle
|j|☆xqcow1
|t:|1608228579
|player|p1|Steveurkle|2|1424
|player|p2|xqcow1|dawn-gen4pt|1295
|teamsize|p1|6
|teamsize|p2|6
|gametype|singles
|gen|8
|tier|[Gen 8] PU
|rated|
|clearpoke
|poke|p1|Silvally-*|
|poke|p1|Heliolisk, F|
|poke|p1|Roserade, F|
|poke|p1|Jellicent, M|
|poke|p1|Sawk, M|
|poke|p1|Tauros, M|
|poke|p2|Kingdra, F|
|poke|p2|Virizion|
|poke|p2|Talonflame, M|
|poke|p2|Aromatisse, M|
|poke|p2|Heliolisk, M|
|poke|p2|Silvally-*|
|rule|Sleep Clause Mod: Limit one foe put to sleep
|rule|Species Clause: Limit one of each Pokémon
|rule|OHKO Clause: OHKO moves are banned
|rule|Evasion Moves Clause: Evasion moves are banned
|rule|Endless Battle Clause: Forcing endless battles is banned
|rule|HP Percentage Mod: HP is shown in percentages
|rule|Dynamax Clause: You cannot dynamax
|teampreview
|inactive|Battle timer is ON: inactive players will automatically lose when time's up. (requested by Steveurkle)
|
|t:|1608228602
|start
|switch|p1a: Heliolisk|Heliolisk, F|100/100
|switch|p2a: Heliolisk|Heliolisk, M|100/100
|turn|1
|
|t:|1608228611
|move|p1a: Heliolisk|Volt Switch|p2a: Heliolisk
|-resisted|p2a: Heliolisk
|-damage|p2a: Heliolisk|79/100
|
|t:|1608228615
|switch|p1a: Roserade|Roserade, F|100/100|[from]move: Volt Switch
|move|p2a: Heliolisk|Hyper Voice|p1a: Roserade
|-damage|p1a: Roserade|63/100
|
|upkeep
|turn|2
|c|☆xqcow1|av
|
|t:|1608228628
|switch|p2a: Silvally|Silvally-Steel|100/100
|move|p1a: Roserade|Sludge Bomb|p2a: Silvally
|-immune|p2a: Silvally
|
|upkeep
|turn|3
|
|t:|1608228637
|move|p2a: Silvally|Parting Shot|p1a: Roserade
|-unboost|p1a: Roserade|atk|1
|-unboost|p1a: Roserade|spa|1
|
|t:|1608228642
|switch|p2a: Kingdra|Kingdra, F|100/100|[from]move: Parting Shot
|move|p1a: Roserade|Sludge Bomb|p2a: Kingdra
|-damage|p2a: Kingdra|64/100
|
|upkeep
|turn|4
|
|t:|1608228652
|switch|p2a: Silvally|Silvally-Steel|100/100
|move|p1a: Roserade|Giga Drain|p2a: Silvally
|-resisted|p2a: Silvally
|-damage|p2a: Silvally|87/100
|-heal|p1a: Roserade|71/100|[from] drain|[of] p2a: Silvally
|
|upkeep
|turn|5
|
|t:|1608228662
|switch|p1a: Heliolisk|Heliolisk, F|100/100
|move|p2a: Silvally|Parting Shot|p1a: Heliolisk
|-unboost|p1a: Heliolisk|atk|1
|-unboost|p1a: Heliolisk|spa|1
|
|t:|1608228670
|switch|p2a: Virizion|Virizion|100/100|[from]move: Parting Shot
|
|upkeep
|turn|6
|
|t:|1608228676
|move|p1a: Heliolisk|Volt Switch|p2a: Virizion
|-resisted|p2a: Virizion
|-damage|p2a: Virizion|91/100
|
|t:|1608228680
|switch|p1a: Silvally|Silvally-Fairy|100/100|[from]move: Volt Switch
|move|p2a: Virizion|Close Combat|p1a: Silvally
|-resisted|p1a: Silvally
|-damage|p1a: Silvally|84/100
|-unboost|p2a: Virizion|def|1
|-unboost|p2a: Virizion|spd|1
|
|upkeep
|turn|7
|
|t:|1608228691
|switch|p2a: Kingdra|Kingdra, F|64/100
|move|p1a: Silvally|Parting Shot|p2a: Kingdra
|-unboost|p2a: Kingdra|atk|1
|-unboost|p2a: Kingdra|spa|1
|
|t:|1608228704
|switch|p1a: Tauros|Tauros, M|100/100|[from]move: Parting Shot
|
|upkeep
|turn|8
|
|t:|1608228711
|move|p1a: Tauros|Body Slam|p2a: Kingdra
|-damage|p2a: Kingdra|0 fnt
|faint|p2a: Kingdra
|
|upkeep
|
|t:|1608228715
|switch|p2a: Virizion|Virizion|91/100
|turn|9
|
|t:|1608228732
|switch|p1a: Silvally|Silvally-Fairy|84/100
|move|p2a: Virizion|Close Combat|p1a: Silvally
|-resisted|p1a: Silvally
|-damage|p1a: Silvally|69/100
|-unboost|p2a: Virizion|def|1
|-unboost|p2a: Virizion|spd|1
|
|upkeep
|turn|10
|
|t:|1608228743
|switch|p2a: Silvally|Silvally-Steel|87/100
|move|p1a: Silvally|Parting Shot|p2a: Silvally
|-unboost|p2a: Silvally|atk|1
|-unboost|p2a: Silvally|spa|1
|
|t:|1608228758
|switch|p1a: Sawk|Sawk, M|100/100|[from]move: Parting Shot
|
|upkeep
|turn|11
|
|t:|1608228763
|move|p2a: Silvally|Parting Shot|p1a: Sawk
|-unboost|p1a: Sawk|atk|1
|-unboost|p1a: Sawk|spa|1
|j| fkekekekekeke
|
|t:|1608228766
|switch|p2a: Aromatisse|Aromatisse, M|100/100|[from]move: Parting Shot
|move|p1a: Sawk|Knock Off|p2a: Aromatisse
|-resisted|p2a: Aromatisse
|-damage|p2a: Aromatisse|92/100
|-enditem|p2a: Aromatisse|Leftovers|[from] move: Knock Off|[of] p1a: Sawk
|
|upkeep
|turn|12
|
|t:|1608228778
|switch|p1a: Tauros|Tauros, M|100/100
|move|p2a: Aromatisse|Wish|p2a: Aromatisse
|
|upkeep
|turn|13
|
|t:|1608228788
|switch|p2a: Silvally|Silvally-Steel|87/100
|move|p1a: Tauros|Close Combat|p2a: Silvally
|-supereffective|p2a: Silvally
|-damage|p2a: Silvally|1/100
|-unboost|p1a: Tauros|def|1
|-unboost|p1a: Tauros|spd|1
|-damage|p1a: Tauros|91/100|[from] item: Life Orb
|
|-heal|p2a: Silvally|55/100|[from] move: Wish|[wisher] Aromatisse
|upkeep
|turn|14
|
|t:|1608228804
|switch|p2a: Aromatisse|Aromatisse, M|92/100
|move|p1a: Tauros|Body Slam|p2a: Aromatisse
|-damage|p2a: Aromatisse|43/100
|
|upkeep
|turn|15
|
|t:|1608228811
|switch|p2a: Silvally|Silvally-Steel|55/100
|move|p1a: Tauros|Body Slam|p2a: Silvally
|-resisted|p2a: Silvally
|-damage|p2a: Silvally|28/100
|
|upkeep
|turn|16
|
|t:|1608228821
|move|p1a: Tauros|Close Combat|p2a: Silvally
|-supereffective|p2a: Silvally
|-damage|p2a: Silvally|0 fnt
|-unboost|p1a: Tauros|def|1
|-unboost|p1a: Tauros|spd|1
|-damage|p1a: Tauros|81/100|[from] item: Life Orb
|faint|p2a: Silvally
|
|upkeep
|
|t:|1608228824
|switch|p2a: Virizion|Virizion|91/100
|turn|17
|
|t:|1608228837
|switch|p1a: Roserade|Roserade, F|71/100
|move|p2a: Virizion|Swords Dance|p2a: Virizion
|-boost|p2a: Virizion|atk|2
|
|upkeep
|turn|18
|
|t:|1608228846
|move|p2a: Virizion|Swords Dance|p2a: Virizion
|-boost|p2a: Virizion|atk|2
|move|p1a: Roserade|Sludge Bomb|p2a: Virizion
|-supereffective|p2a: Virizion
|-damage|p2a: Virizion|2/100
|-enditem|p2a: Virizion|Weakness Policy
|-boost|p2a: Virizion|atk|2|[from] item: Weakness Policy
|-boost|p2a: Virizion|spa|2|[from] item: Weakness Policy
|
|upkeep
|turn|19
|
|t:|1608228857
|switch|p1a: Jellicent|Jellicent, M|100/100
|move|p2a: Virizion|Stone Edge|p1a: Jellicent
|-damage|p1a: Jellicent|0 fnt
|faint|p1a: Jellicent
|
|upkeep
|
|t:|1608228865
|switch|p1a: Heliolisk|Heliolisk, F|100/100
|turn|20
|
|t:|1608228870
|move|p1a: Heliolisk|Volt Switch|p2a: Virizion
|-resisted|p2a: Virizion
|-damage|p2a: Virizion|0 fnt
|faint|p2a: Virizion
|
|t:|1608228878
|switch|p1a: Tauros|Tauros, M|81/100|[from]move: Volt Switch
|
|upkeep
|
|t:|1608228889
|switch|p2a: Talonflame|Talonflame, M|100/100
|turn|21
|
|t:|1608228893
|move|p2a: Talonflame|Swords Dance|p2a: Talonflame
|-boost|p2a: Talonflame|atk|2
|move|p1a: Tauros|Body Slam|p2a: Talonflame
|-damage|p2a: Talonflame|7/100
|
|upkeep
|turn|22
|
|t:|1608228907
|switch|p1a: Silvally|Silvally-Fairy|69/100
|move|p2a: Talonflame|Flare Blitz|p1a: Silvally
|-damage|p1a: Silvally|6/100
|-damage|p2a: Talonflame|0 fnt|[from] Recoil
|faint|p2a: Talonflame
|
|upkeep
|
|t:|1608228912
|switch|p2a: Heliolisk|Heliolisk, M|79/100
|turn|23
|
|t:|1608228921
|move|p2a: Heliolisk|Hyper Voice|p1a: Silvally
|-damage|p1a: Silvally|0 fnt
|faint|p1a: Silvally
|
|upkeep
|
|t:|1608228927
|switch|p1a: Roserade|Roserade, F|71/100
|turn|24
|l|☆Steveurkle
|inactive|Steveurkle disconnected and has a minute to reconnect!
|player|p1|
|inactive|xqcow1 has 120 seconds left.
|j|☆Steveurkle
|inactive|Steveurkle reconnected.
|player|p1|Steveurkle|2
|inactive|xqcow1 has 90 seconds left.
|
|t:|1608228991
|move|p2a: Heliolisk|Hyper Voice|p1a: Roserade
|-damage|p1a: Roserade|33/100
|move|p1a: Roserade|Giga Drain|p2a: Heliolisk
|-damage|p2a: Heliolisk|23/100
|-heal|p1a: Roserade|57/100|[from] drain|[of] p2a: Heliolisk
|
|upkeep
|turn|25
|-message|xqcow1 forfeited.
|
|win|Steveurkle
|l|☆xqcow1
||Ladder (probably) updated, but score could not be retrieved (Request timeout).
|l|☆Steveurkle
