|j|☆James295
|j|☆Dr. Pronoun
|t:|1595974005
|player|p1|James295|brawly|
|player|p2|Dr. Pronoun|scientist-gen4dp|
|teamsize|p1|6
|teamsize|p2|6
|gametype|singles
|gen|8
|tier|[Gen 8] PU
|rated|Tournament battle
|clearpoke
|poke|p1|Stonjourner, M|
|poke|p1|Mr. Rime, M|
|poke|p1|Appletun, M|
|poke|p1|Rapidash-Galar, M|
|poke|p1|Dusknoir, M|
|poke|p1|Lickilicky, M|
|poke|p2|Appletun, F|
|poke|p2|Lopunny, F|
|poke|p2|Emolga, M|
|poke|p2|Throh, M|
|poke|p2|Octillery, F|
|poke|p2|Persian, F|
|rule|Sleep Clause Mod: Limit one foe put to sleep
|rule|Species Clause: Limit one of each Pokémon
|rule|OHKO Clause: OHKO moves are banned
|rule|Evasion Moves Clause: Evasion moves are banned
|rule|Endless Battle Clause: Forcing endless battles is banned
|rule|HP Percentage Mod: HP is shown in percentages
|rule|Dynamax Clause: You cannot dynamax
|teampreview
|inactive|Battle timer is ON: inactive players will automatically lose when time's up. (requested by James295)
|j| Notmlg
|j| PUnyTest
|
|t:|1595974032
|start
|switch|p1a: Stonjourner|Stonjourner, M, shiny|100/100
|switch|p2a: Lopunny|Lopunny, F|100/100
|turn|1
|
|t:|1595974038
|move|p2a: Lopunny|Switcheroo|p1a: Stonjourner
|-activate|p2a: Lopunny|move: Trick|[of] p1a: Stonjourner
|-item|p1a: Stonjourner|Sticky Barb|[from] move: Switcheroo
|-item|p2a: Lopunny|Leftovers|[from] move: Switcheroo
|move|p1a: Stonjourner|Stealth Rock|p2a: Lopunny
|-sidestart|p2: Dr. Pronoun|move: Stealth Rock
|
|-damage|p1a: Stonjourner|88/100|[from] item: Sticky Barb
|upkeep
|turn|2
|
|t:|1595974046
|move|p2a: Lopunny|Copycat|p2a: Lopunny
|move|p2a: Lopunny|Stealth Rock|p1a: Stonjourner|[from]Copycat
|-sidestart|p1: James295|move: Stealth Rock
|move|p1a: Stonjourner|Stone Edge|p2a: Lopunny
|-damage|p2a: Lopunny|39/100
|
|-damage|p1a: Stonjourner|76/100|[from] item: Sticky Barb
|upkeep
|turn|3
|
|t:|1595974051
|move|p2a: Lopunny|U-turn|p1a: Stonjourner
|-damage|p1a: Stonjourner|67/100
|
|t:|1595974053
|switch|p2a: Appletun|Appletun, F|100/100|[from]move: U-turn
|-damage|p2a: Appletun|88/100|[from] Stealth Rock
|move|p1a: Stonjourner|Heat Crash|p2a: Appletun
|-damage|p2a: Appletun|74/100
|-damage|p1a: Stonjourner|50/100|[from] item: Rocky Helmet|[of] p2a: Appletun
|
|-damage|p1a: Stonjourner|38/100|[from] item: Sticky Barb
|upkeep
|turn|4
|
|t:|1595974063
|switch|p1a: Lickilicky|Lickilicky, M|100/100
|-damage|p1a: Lickilicky|88/100|[from] Stealth Rock
|move|p2a: Appletun|Recover|p2a: Appletun
|-heal|p2a: Appletun|100/100
|
|-heal|p1a: Lickilicky|94/100|[from] item: Leftovers
|upkeep
|turn|5
|
|t:|1595974072
|move|p1a: Lickilicky|Toxic|p2a: Appletun
|-status|p2a: Appletun|tox
|move|p2a: Appletun|Leech Seed|p1a: Lickilicky
|-start|p1a: Lickilicky|move: Leech Seed
|
|-heal|p1a: Lickilicky|99/100|[from] item: Leftovers
|-damage|p1a: Lickilicky|88/100|[from] Leech Seed|[of] p2a: Appletun
|-damage|p2a: Appletun|94/100 tox|[from] psn
|upkeep
|turn|6
|
|t:|1595974079
|move|p1a: Lickilicky|Knock Off|p2a: Appletun
|-damage|p2a: Appletun|81/100 tox
|-damage|p1a: Lickilicky|71/100|[from] item: Rocky Helmet|[of] p2a: Appletun
|-enditem|p2a: Appletun|Rocky Helmet|[from] move: Knock Off|[of] p1a: Lickilicky
|move|p2a: Appletun|Apple Acid|p1a: Lickilicky
|-damage|p1a: Lickilicky|55/100
|-unboost|p1a: Lickilicky|spd|1
|
|-heal|p1a: Lickilicky|61/100|[from] item: Leftovers
|-damage|p1a: Lickilicky|49/100|[from] Leech Seed|[of] p2a: Appletun
|-heal|p2a: Appletun|94/100 tox|[silent]
|-damage|p2a: Appletun|82/100 tox|[from] psn
|upkeep
|turn|7
|
|t:|1595974085
|switch|p1a: Dusknoir|Dusknoir, M, shiny|100/100
|-damage|p1a: Dusknoir|88/100|[from] Stealth Rock
|-ability|p1a: Dusknoir|Pressure
|move|p2a: Appletun|Body Press|p1a: Dusknoir
|-immune|p1a: Dusknoir
|
|-heal|p1a: Dusknoir|94/100|[from] item: Leftovers
|-damage|p2a: Appletun|63/100 tox|[from] psn
|upkeep
|turn|8
|
|t:|1595974098
|move|p1a: Dusknoir|Earthquake|p2a: Appletun
|-resisted|p2a: Appletun
|-damage|p2a: Appletun|55/100 tox
|move|p2a: Appletun|Leech Seed|p1a: Dusknoir
|-start|p1a: Dusknoir|move: Leech Seed
|
|-heal|p1a: Dusknoir|100/100|[from] item: Leftovers
|-damage|p1a: Dusknoir|88/100|[from] Leech Seed|[of] p2a: Appletun
|-heal|p2a: Appletun|64/100 tox|[silent]
|-damage|p2a: Appletun|39/100 tox|[from] psn
|upkeep
|turn|9
|
|t:|1595974111
|switch|p1a: Appletun|Appletun, M, shiny|100/100
|-damage|p1a: Appletun|88/100|[from] Stealth Rock
|switch|p2a: Emolga|Emolga, M|100/100
|
|-heal|p1a: Appletun|94/100|[from] item: Leftovers
|upkeep
|turn|10
|
|t:|1595974118
|move|p2a: Emolga|U-turn|p1a: Appletun
|-supereffective|p1a: Appletun
|-damage|p1a: Appletun|71/100
|
|t:|1595974120
|switch|p2a: Throh|Throh, M|100/100|[from]move: U-turn
|-damage|p2a: Throh|94/100|[from] Stealth Rock
|move|p1a: Appletun|Iron Defense|p1a: Appletun
|-boost|p1a: Appletun|def|2
|
|-heal|p2a: Throh|100/100|[from] item: Leftovers
|-heal|p1a: Appletun|77/100|[from] item: Leftovers
|upkeep
|turn|11
|j| Marshtompz
|
|t:|1595974124
|move|p2a: Throh|Knock Off|p1a: Appletun
|-damage|p1a: Appletun|67/100
|-enditem|p1a: Appletun|Leftovers|[from] move: Knock Off|[of] p2a: Throh
|move|p1a: Appletun|Body Press|p2a: Throh
|-damage|p2a: Throh|74/100
|
|-heal|p2a: Throh|80/100|[from] item: Leftovers
|upkeep
|turn|12
|
|t:|1595974138
|move|p1a: Appletun|Iron Defense|p1a: Appletun
|-boost|p1a: Appletun|def|2
|move|p2a: Throh|Circle Throw|p1a: Appletun
|-damage|p1a: Appletun|59/100
|drag|p1a: Mr. Rime|Mr. Rime, M|100/100
|-damage|p1a: Mr. Rime|76/100|[from] Stealth Rock
|
|-heal|p2a: Throh|86/100|[from] item: Leftovers
|upkeep
|turn|13
|
|t:|1595974145
|move|p1a: Mr. Rime|Psychic|p2a: Throh
|-supereffective|p2a: Throh
|-damage|p2a: Throh|25/100
|move|p2a: Throh|Knock Off|p1a: Mr. Rime
|-supereffective|p1a: Mr. Rime
|-damage|p1a: Mr. Rime|8/100
|-enditem|p1a: Mr. Rime|Choice Scarf|[from] move: Knock Off|[of] p2a: Throh
|
|-heal|p2a: Throh|31/100|[from] item: Leftovers
|upkeep
|turn|14
|
|t:|1595974155
|move|p1a: Mr. Rime|Psychic|p2a: Throh
|-supereffective|p2a: Throh
|-damage|p2a: Throh|0 fnt
|faint|p2a: Throh
|
|upkeep
|
|t:|1595974157
|switch|p2a: Emolga|Emolga, M|100/100
|turn|15
|
|t:|1595974160
|move|p2a: Emolga|Discharge|p1a: Mr. Rime
|-damage|p1a: Mr. Rime|0 fnt
|faint|p1a: Mr. Rime
|
|upkeep
|
|t:|1595974169
|switch|p1a: Lickilicky|Lickilicky, M|49/100
|-damage|p1a: Lickilicky|36/100|[from] Stealth Rock
|turn|16
|l| Notmlg
|
|t:|1595974194
|move|p2a: Emolga|Discharge|p1a: Lickilicky
|-damage|p1a: Lickilicky|24/100
|-status|p1a: Lickilicky|par
|move|p1a: Lickilicky|Wish|p1a: Lickilicky
|
|-heal|p1a: Lickilicky|30/100 par|[from] item: Leftovers
|upkeep
|turn|17
|
|t:|1595974200
|move|p1a: Lickilicky|Protect|p1a: Lickilicky
|-singleturn|p1a: Lickilicky|Protect
|move|p2a: Emolga|U-turn|p1a: Lickilicky
|-activate|p1a: Lickilicky|move: Protect
|
|-heal|p1a: Lickilicky|80/100 par|[from] move: Wish|[wisher] Lickilicky
|-heal|p1a: Lickilicky|86/100 par|[from] item: Leftovers
|upkeep
|turn|18
|
|t:|1595974211
|move|p2a: Emolga|U-turn|p1a: Lickilicky
|-damage|p1a: Lickilicky|77/100 par
|
|t:|1595974217
|switch|p2a: Lopunny|Lopunny, F|39/100|[from]move: U-turn
|-damage|p2a: Lopunny|26/100|[from] Stealth Rock
|move|p1a: Lickilicky|Knock Off|p2a: Lopunny
|-damage|p2a: Lopunny|2/100
|-enditem|p2a: Lopunny|Leftovers|[from] move: Knock Off|[of] p1a: Lickilicky
|
|-heal|p1a: Lickilicky|83/100 par|[from] item: Leftovers
|upkeep
|turn|19
|
|t:|1595974228
|switch|p1a: Stonjourner|Stonjourner, M, shiny|38/100
|-damage|p1a: Stonjourner|25/100|[from] Stealth Rock
|move|p2a: Lopunny|Healing Wish|p2a: Lopunny
|faint|p2a: Lopunny
|
|-damage|p1a: Stonjourner|13/100|[from] item: Sticky Barb
|upkeep
|j|#Akir
|
|t:|1595974236
|switch|p2a: Emolga|Emolga, M|100/100
|turn|20
|j| akaFila♡
|
|t:|1595974239
|move|p2a: Emolga|Discharge|p1a: Stonjourner
|-damage|p1a: Stonjourner|0 fnt
|faint|p1a: Stonjourner
|
|upkeep
|j| un vigoroth
|
|t:|1595974256
|switch|p1a: Appletun|Appletun, M, shiny|59/100
|-damage|p1a: Appletun|47/100|[from] Stealth Rock
|turn|21
|
|t:|1595974284
|move|p2a: Emolga|U-turn|p1a: Appletun
|-supereffective|p1a: Appletun
|-damage|p1a: Appletun|25/100
|l| akaFila♡
|
|t:|1595974286
|switch|p2a: Appletun|Appletun, F|39/100 tox|[from]move: U-turn
|-heal|p2a: Appletun|100/100|[from] move: Healing Wish
|-damage|p2a: Appletun|88/100|[from] Stealth Rock
|move|p1a: Appletun|Rest|p1a: Appletun
|-status|p1a: Appletun|slp|[from] move: Rest
|-heal|p1a: Appletun|100/100 slp|[silent]
|
|upkeep
|turn|22
|
|t:|1595974294
|switch|p2a: Persian|Persian, F|100/100
|-damage|p2a: Persian|88/100|[from] Stealth Rock
|cant|p1a: Appletun|slp
|move|p1a: Appletun|Sleep Talk|p1a: Appletun
|move|p1a: Appletun|Iron Defense|p1a: Appletun|[from]Sleep Talk
|-boost|p1a: Appletun|def|2
|
|upkeep
|turn|23
|inactive|Dr. Pronoun has 120 seconds left.
|
|t:|1595974323
|move|p2a: Persian|U-turn|p1a: Appletun
|-supereffective|p1a: Appletun
|-damage|p1a: Appletun|84/100 slp
|inactive|Dr. Pronoun has 120 seconds left.
|
|t:|1595974330
|switch|p2a: Octillery|Octillery, F|100/100|[from]move: U-turn
|cant|p1a: Appletun|slp
|move|p1a: Appletun|Sleep Talk|p1a: Appletun
|move|p1a: Appletun|Rest|p1a: Appletun|[from]Sleep Talk
|-fail|p1a: Appletun
|
|upkeep
|turn|24
|
|t:|1595974338
|switch|p1a: Lickilicky|Lickilicky, M|83/100 par
|-damage|p1a: Lickilicky|71/100 par|[from] Stealth Rock
|move|p2a: Octillery|Ice Beam|p1a: Lickilicky
|-damage|p1a: Lickilicky|55/100 par
|
|-heal|p1a: Lickilicky|61/100 par|[from] item: Leftovers
|upkeep
|turn|25
|
|t:|1595974349
|switch|p2a: Persian|Persian, F|88/100
|-damage|p2a: Persian|76/100|[from] Stealth Rock
|move|p1a: Lickilicky|Toxic|p2a: Persian
|-status|p2a: Persian|tox
|
|-heal|p1a: Lickilicky|67/100 par|[from] item: Leftovers
|-damage|p2a: Persian|70/100 tox|[from] psn
|upkeep
|turn|26
|
|t:|1595974358
|cant|p1a: Lickilicky|par
|move|p2a: Persian|Knock Off|p1a: Lickilicky
|-damage|p1a: Lickilicky|46/100 par
|-enditem|p1a: Lickilicky|Leftovers|[from] move: Knock Off|[of] p2a: Persian
|
|-damage|p2a: Persian|58/100 tox|[from] psn
|upkeep
|turn|27
|
|t:|1595974363
|move|p2a: Persian|U-turn|p1a: Lickilicky
|-damage|p1a: Lickilicky|33/100 par
|
|t:|1595974369
|switch|p2a: Emolga|Emolga, M|100/100|[from]move: U-turn
|move|p1a: Lickilicky|Wish|p1a: Lickilicky
|
|upkeep
|turn|28
|
|t:|1595974377
|move|p1a: Lickilicky|Protect|p1a: Lickilicky
|-singleturn|p1a: Lickilicky|Protect
|move|p2a: Emolga|U-turn|p1a: Lickilicky
|-activate|p1a: Lickilicky|move: Protect
|
|-heal|p1a: Lickilicky|83/100 par|[from] move: Wish|[wisher] Lickilicky
|upkeep
|turn|29
|
|t:|1595974384
|move|p2a: Emolga|U-turn|p1a: Lickilicky
|-damage|p1a: Lickilicky|74/100 par
|
|t:|1595974387
|switch|p2a: Appletun|Appletun, F|88/100|[from]move: U-turn
|-damage|p2a: Appletun|75/100|[from] Stealth Rock
|move|p1a: Lickilicky|Knock Off|p2a: Appletun
|-damage|p2a: Appletun|67/100
|
|upkeep
|turn|30
|
|t:|1595974390
|move|p2a: Appletun|Apple Acid|p1a: Lickilicky
|-damage|p1a: Lickilicky|58/100 par
|-unboost|p1a: Lickilicky|spd|1
|move|p1a: Lickilicky|Toxic|p2a: Appletun
|-status|p2a: Appletun|tox
|
|-damage|p2a: Appletun|61/100 tox|[from] psn
|upkeep
|turn|31
|
|t:|1595974399
|move|p1a: Lickilicky|Protect|p1a: Lickilicky
|-singleturn|p1a: Lickilicky|Protect
|move|p2a: Appletun|Apple Acid|p1a: Lickilicky
|-activate|p1a: Lickilicky|move: Protect
|
|-damage|p2a: Appletun|49/100 tox|[from] psn
|upkeep
|turn|32
|
|t:|1595974404
|switch|p1a: Appletun|Appletun, M, shiny|84/100 slp
|-damage|p1a: Appletun|71/100 slp|[from] Stealth Rock
|move|p2a: Appletun|Apple Acid|p1a: Appletun
|-resisted|p1a: Appletun
|-damage|p1a: Appletun|67/100 slp
|-unboost|p1a: Appletun|spd|1
|
|-damage|p2a: Appletun|30/100 tox|[from] psn
|upkeep
|turn|33
|
|t:|1595974416
|switch|p2a: Emolga|Emolga, M|100/100
|-curestatus|p1a: Appletun|slp|[msg]
|move|p1a: Appletun|Body Press|p2a: Emolga
|-resisted|p2a: Emolga
|-damage|p2a: Emolga|87/100
|
|upkeep
|turn|34
|
|t:|1595974423
|move|p2a: Emolga|U-turn|p1a: Appletun
|-supereffective|p1a: Appletun
|-damage|p1a: Appletun|45/100
|
|t:|1595974427
|switch|p2a: Octillery|Octillery, F|100/100|[from]move: U-turn
|move|p1a: Appletun|Rest|p1a: Appletun
|-status|p1a: Appletun|slp|[from] move: Rest
|-heal|p1a: Appletun|100/100 slp|[silent]
|
|upkeep
|turn|35
|
|t:|1595974431
|switch|p1a: Lickilicky|Lickilicky, M|58/100 par
|-damage|p1a: Lickilicky|46/100 par|[from] Stealth Rock
|move|p2a: Octillery|Ice Beam|p1a: Lickilicky
|-damage|p1a: Lickilicky|26/100 par
|
|upkeep
|turn|36
|
|t:|1595974435
|move|p2a: Octillery|Water Spout|p1a: Lickilicky
|-damage|p1a: Lickilicky|0 fnt
|faint|p1a: Lickilicky
|
|upkeep
|
|t:|1595974440
|switch|p1a: Rapidash|Rapidash-Galar, M, shiny|100/100
|-damage|p1a: Rapidash|88/100|[from] Stealth Rock
|turn|37
|
|t:|1595974461
|move|p1a: Rapidash|Psychic|p2a: Octillery
|-damage|p2a: Octillery|11/100
|move|p2a: Octillery|Scald|p1a: Rapidash
|-damage|p1a: Rapidash|29/100
|-status|p1a: Rapidash|brn
|
|-damage|p1a: Rapidash|23/100 brn|[from] brn
|upkeep
|turn|38
|
|t:|1595974469
|switch|p2a: Appletun|Appletun, F|30/100 tox
|-damage|p2a: Appletun|18/100 tox|[from] Stealth Rock
|move|p1a: Rapidash|Psychic|p2a: Appletun
|-damage|p2a: Appletun|0 fnt
|faint|p2a: Appletun
|
|-damage|p1a: Rapidash|17/100 brn|[from] brn
|upkeep
|
|t:|1595974471
|switch|p2a: Persian|Persian, F|58/100 tox
|-damage|p2a: Persian|46/100 tox|[from] Stealth Rock
|turn|39
|
|t:|1595974476
|switch|p1a: Dusknoir|Dusknoir, M, shiny|88/100
|-damage|p1a: Dusknoir|76/100|[from] Stealth Rock
|-ability|p1a: Dusknoir|Pressure
|move|p2a: Persian|U-turn|p1a: Dusknoir
|-resisted|p1a: Dusknoir
|-damage|p1a: Dusknoir|70/100
|
|t:|1595974479
|switch|p2a: Emolga|Emolga, M|87/100|[from]move: U-turn
|
|-heal|p1a: Dusknoir|76/100|[from] item: Leftovers
|upkeep
|turn|40
|
|t:|1595974492
|move|p2a: Emolga|Discharge|p1a: Dusknoir
|-damage|p1a: Dusknoir|57/100
|move|p1a: Dusknoir|Poltergeist|p2a: Emolga
|-activate|p2a: Emolga|move: Poltergeist|Heavy-Duty Boots
|-damage|p2a: Emolga|30/100
|
|-heal|p1a: Dusknoir|63/100|[from] item: Leftovers
|upkeep
|turn|41
|
|t:|1595974499
|move|p1a: Dusknoir|Shadow Sneak|p2a: Emolga
|-damage|p2a: Emolga|7/100
|move|p2a: Emolga|Discharge|p1a: Dusknoir
|-damage|p1a: Dusknoir|45/100
|
|-heal|p1a: Dusknoir|52/100|[from] item: Leftovers
|upkeep
|turn|42
|
|t:|1595974504
|switch|p2a: Persian|Persian, F|46/100 tox
|-damage|p2a: Persian|34/100 tox|[from] Stealth Rock
|move|p1a: Dusknoir|Shadow Sneak|p2a: Persian
|-immune|p2a: Persian
|
|-heal|p1a: Dusknoir|58/100|[from] item: Leftovers
|-damage|p2a: Persian|28/100 tox|[from] psn
|upkeep
|turn|43
|
|t:|1595974508
|switch|p1a: Appletun|Appletun, M, shiny|100/100 slp
|-damage|p1a: Appletun|88/100 slp|[from] Stealth Rock
|move|p2a: Persian|Knock Off|p1a: Appletun
|-damage|p1a: Appletun|72/100 slp
|
|-damage|p2a: Persian|16/100 tox|[from] psn
|upkeep
|turn|44
|
|t:|1595974515
|move|p2a: Persian|U-turn|p1a: Appletun
|-supereffective|p1a: Appletun
|-damage|p1a: Appletun|40/100 slp
|
|t:|1595974517
|switch|p2a: Emolga|Emolga, M|7/100|[from]move: U-turn
|cant|p1a: Appletun|slp
|move|p1a: Appletun|Sleep Talk|p1a: Appletun
|move|p1a: Appletun|Rest|p1a: Appletun|[from]Sleep Talk
|-fail|p1a: Appletun
|
|upkeep
|turn|45
|j| Notmlg
|
|t:|1595974523
|move|p2a: Emolga|Roost|p2a: Emolga
|-heal|p2a: Emolga|57/100
|-singleturn|p2a: Emolga|move: Roost
|cant|p1a: Appletun|slp
|move|p1a: Appletun|Sleep Talk|p1a: Appletun
|move|p1a: Appletun|Iron Defense|p1a: Appletun|[from]Sleep Talk
|-boost|p1a: Appletun|def|2
|
|upkeep
|turn|46
|
|t:|1595974529
|move|p2a: Emolga|U-turn|p1a: Appletun
|-supereffective|p1a: Appletun
|-damage|p1a: Appletun|28/100 slp
|
|t:|1595974531
|switch|p2a: Persian|Persian, F|16/100 tox|[from]move: U-turn
|-damage|p2a: Persian|4/100 tox|[from] Stealth Rock
|-curestatus|p1a: Appletun|slp|[msg]
|move|p1a: Appletun|Body Press|p2a: Persian
|-supereffective|p2a: Persian
|-damage|p2a: Persian|0 fnt
|faint|p2a: Persian
|
|upkeep
|
|t:|1595974535
|switch|p2a: Octillery|Octillery, F|11/100
|turn|47
|
|t:|1595974538
|move|p2a: Octillery|Ice Beam|p1a: Appletun
|-supereffective|p1a: Appletun
|-damage|p1a: Appletun|0 fnt
|faint|p1a: Appletun
|
|upkeep
|
|t:|1595974541
|switch|p1a: Rapidash|Rapidash-Galar, M, shiny|17/100 brn
|-damage|p1a: Rapidash|5/100 brn|[from] Stealth Rock
|turn|48
|
|t:|1595974546
|move|p1a: Rapidash|Psychic|p2a: Octillery
|-damage|p2a: Octillery|0 fnt
|faint|p2a: Octillery
|
|-damage|p1a: Rapidash|0 fnt|[from] brn
|faint|p1a: Rapidash
|upkeep
|
|t:|1595974548
|switch|p1a: Dusknoir|Dusknoir, M, shiny|58/100
|switch|p2a: Emolga|Emolga, M|57/100
|-damage|p1a: Dusknoir|45/100|[from] Stealth Rock
|-ability|p1a: Dusknoir|Pressure
|turn|49
|
|t:|1595974552
|move|p2a: Emolga|Roost|p2a: Emolga
|-heal|p2a: Emolga|100/100
|-singleturn|p2a: Emolga|move: Roost
|move|p1a: Dusknoir|Poltergeist|p2a: Emolga
|-activate|p2a: Emolga|move: Poltergeist|Heavy-Duty Boots
|-damage|p2a: Emolga|34/100
|
|-heal|p1a: Dusknoir|52/100|[from] item: Leftovers
|upkeep
|turn|50
|
|t:|1595974559
|move|p2a: Emolga|Discharge|p1a: Dusknoir
|-damage|p1a: Dusknoir|32/100
|-status|p1a: Dusknoir|par
|move|p1a: Dusknoir|Poltergeist|p2a: Emolga
|-activate|p2a: Emolga|move: Poltergeist|Heavy-Duty Boots
|-damage|p2a: Emolga|0 fnt
|faint|p2a: Emolga
|
|win|James295
