|html|<div class="broadcast-blue"><strong>[Gen 8] PU is currently suspecting Drampa! For information on how to participate check out the <a href="https://www.smogon.com/forums/threads/np-pu-stage-7-i-hear-hyper-voices-in-my-head-drampa-suspect-test.3692992/">suspect thread</a>.</strong></div>
|j|☆siegberto
|j|☆one of the bouys
|t:|1636904955
|gametype|singles
|player|p1|siegberto|170|1438
|player|p2|one of the bouys|clown|1526
|teamsize|p1|6
|teamsize|p2|6
|gen|8
|tier|[Gen 8] PU
|rated|
|rule|Sleep Clause Mod: Limit one foe put to sleep
|rule|Species Clause: Limit one of each Pokémon
|rule|OHKO Clause: OHKO moves are banned
|rule|Evasion Moves Clause: Evasion moves are banned
|rule|Endless Battle Clause: Forcing endless battles is banned
|rule|HP Percentage Mod: HP is shown in percentages
|rule|Dynamax Clause: You cannot dynamax
|clearpoke
|poke|p1|Jellicent, M|
|poke|p1|Scrafty, F|
|poke|p1|Tsareena, F|
|poke|p1|Charizard, F|
|poke|p1|Regirock|
|poke|p1|Togedemaru, M|
|poke|p2|Flapple, M|
|poke|p2|Thwackey, F|
|poke|p2|Aromatisse, F|
|poke|p2|Gigalith, F|
|poke|p2|Morpeko, F|
|poke|p2|Magneton|
|teampreview
|j| Tenkite
|l| Tenkite
|inactive|Battle timer is ON: inactive players will automatically lose when time's up. (requested by one of the bouys)
|inactive|siegberto has 120 seconds left.
|
|t:|1636905059
|start
|switch|p1a: Regirock|Regirock|100/100
|switch|p2a: Magneton|Magneton|100/100
|turn|1
|
|t:|1636905068
|switch|p1a: Charizard|Charizard, F|100/100
|move|p2a: Magneton|Flash Cannon|p1a: Charizard
|-resisted|p1a: Charizard
|-damage|p1a: Charizard|65/100
|
|upkeep
|turn|2
|
|t:|1636905074
|switch|p2a: Gigalith|Gigalith, F|100/100
|-weather|Sandstorm|[from] ability: Sand Stream|[of] p2a: Gigalith
|move|p1a: Charizard|Scorching Sands|p2a: Gigalith
|-supereffective|p2a: Gigalith
|-crit|p2a: Gigalith
|-damage|p2a: Gigalith|68/100
|
|-weather|Sandstorm|[upkeep]
|-damage|p1a: Charizard|59/100|[from] Sandstorm
|-heal|p2a: Gigalith|75/100|[from] item: Leftovers
|upkeep
|turn|3
|
|t:|1636905084
|switch|p1a: Tsareena|Tsareena, F|100/100
|move|p2a: Gigalith|Stealth Rock|p1a: Tsareena
|-sidestart|p1: siegberto|move: Stealth Rock
|
|-weather|Sandstorm|[upkeep]
|-damage|p1a: Tsareena|95/100|[from] Sandstorm
|-heal|p2a: Gigalith|81/100|[from] item: Leftovers
|upkeep
|turn|4
|
|t:|1636905092
|move|p2a: Gigalith|Protect|p2a: Gigalith
|-singleturn|p2a: Gigalith|Protect
|move|p1a: Tsareena|Power Whip|p2a: Gigalith
|-activate|p2a: Gigalith|move: Protect
|
|-weather|Sandstorm|[upkeep]
|-damage|p1a: Tsareena|89/100|[from] Sandstorm
|-heal|p2a: Gigalith|87/100|[from] item: Leftovers
|upkeep
|turn|5
|
|t:|1636905098
|switch|p2a: Magneton|Magneton|100/100
|move|p1a: Tsareena|Knock Off|p2a: Magneton
|-damage|p2a: Magneton|68/100
|-enditem|p2a: Magneton|Eviolite|[from] move: Knock Off|[of] p1a: Tsareena
|
|-weather|Sandstorm|[upkeep]
|-damage|p1a: Tsareena|83/100|[from] Sandstorm
|upkeep
|turn|6
|
|t:|1636905113
|move|p1a: Tsareena|U-turn|p2a: Magneton
|-resisted|p2a: Magneton
|-damage|p2a: Magneton|52/100
|
|t:|1636905116
|switch|p1a: Scrafty|Scrafty, F|100/100|[from]move: U-turn
|-damage|p1a: Scrafty|95/100|[from] Stealth Rock
|move|p2a: Magneton|Volt Switch|p1a: Scrafty
|-damage|p1a: Scrafty|63/100
|
|t:|1636905120
|switch|p2a: Flapple|Flapple, M|100/100|[from]move: Volt Switch
|
|-weather|none
|-heal|p1a: Scrafty|69/100|[from] item: Leftovers
|upkeep
|turn|7
|
|t:|1636905128
|switch|p1a: Togedemaru|Togedemaru, M|100/100
|-damage|p1a: Togedemaru|95/100|[from] Stealth Rock
|move|p2a: Flapple|Grav Apple|p1a: Togedemaru
|-resisted|p1a: Togedemaru
|-damage|p1a: Togedemaru|21/100
|-unboost|p1a: Togedemaru|def|1
|-damage|p2a: Flapple|91/100|[from] item: Life Orb
|
|upkeep
|turn|8
|
|t:|1636905135
|move|p2a: Flapple|Sucker Punch|p1a: Togedemaru
|-damage|p1a: Togedemaru|0 fnt
|faint|p1a: Togedemaru
|-damage|p2a: Flapple|81/100|[from] item: Life Orb
|
|upkeep
|
|t:|1636905140
|switch|p1a: Charizard|Charizard, F|59/100
|turn|9
|
|t:|1636905150
|switch|p1a: Jellicent|Jellicent, M|100/100
|-damage|p1a: Jellicent|88/100|[from] Stealth Rock
|switch|p2a: Gigalith|Gigalith, F|87/100
|-weather|Sandstorm|[from] ability: Sand Stream|[of] p2a: Gigalith
|
|-weather|Sandstorm|[upkeep]
|-damage|p1a: Jellicent|82/100|[from] Sandstorm
|-heal|p2a: Gigalith|93/100|[from] item: Leftovers
|upkeep
|turn|10
|
|t:|1636905154
|move|p2a: Gigalith|Protect|p2a: Gigalith
|-singleturn|p2a: Gigalith|Protect
|move|p1a: Jellicent|Water Spout|p2a: Gigalith
|-activate|p2a: Gigalith|move: Protect
|
|-weather|Sandstorm|[upkeep]
|-damage|p1a: Jellicent|76/100|[from] Sandstorm
|-heal|p2a: Gigalith|99/100|[from] item: Leftovers
|upkeep
|turn|11
|
|t:|1636905156
|switch|p2a: Thwackey|Thwackey, F|100/100
|-fieldstart|move: Grassy Terrain|[from] ability: Grassy Surge|[of] p2a: Thwackey
|move|p1a: Jellicent|Water Spout|p2a: Thwackey
|-resisted|p2a: Thwackey
|-damage|p2a: Thwackey|60/100
|
|-weather|Sandstorm|[upkeep]
|-damage|p2a: Thwackey|54/100|[from] Sandstorm
|-damage|p1a: Jellicent|70/100|[from] Sandstorm
|-heal|p2a: Thwackey|60/100|[from] Grassy Terrain
|-heal|p1a: Jellicent|76/100|[from] Grassy Terrain
|upkeep
|turn|12
|
|t:|1636905169
|switch|p1a: Tsareena|Tsareena, F|83/100
|move|p2a: Thwackey|U-turn|p1a: Tsareena
|-supereffective|p1a: Tsareena
|-damage|p1a: Tsareena|38/100
|
|t:|1636905182
|switch|p2a: Magneton|Magneton|52/100|[from]move: U-turn
|
|-weather|Sandstorm|[upkeep]
|-damage|p1a: Tsareena|32/100|[from] Sandstorm
|-heal|p1a: Tsareena|38/100|[from] Grassy Terrain
|-heal|p2a: Magneton|58/100|[from] Grassy Terrain
|upkeep
|turn|13
|
|t:|1636905193
|move|p1a: Tsareena|Rapid Spin|p2a: Magneton
|-resisted|p2a: Magneton
|-damage|p2a: Magneton|47/100
|-boost|p1a: Tsareena|spe|1
|-sideend|p1: siegberto|Stealth Rock|[from] move: Rapid Spin|[of] p1a: Tsareena
|move|p2a: Magneton|Volt Switch|p1a: Tsareena
|-resisted|p1a: Tsareena
|-damage|p1a: Tsareena|9/100
|
|t:|1636905202
|switch|p2a: Aromatisse|Aromatisse, F|100/100|[from]move: Volt Switch
|
|-weather|none
|-heal|p1a: Tsareena|15/100|[from] Grassy Terrain
|upkeep
|turn|14
|
|t:|1636905207
|move|p1a: Tsareena|Power Whip|p2a: Aromatisse|[miss]
|-miss|p1a: Tsareena|p2a: Aromatisse
|move|p2a: Aromatisse|Wish|p2a: Aromatisse
|
|-heal|p1a: Tsareena|21/100|[from] Grassy Terrain
|upkeep
|turn|15
|
|t:|1636905216
|move|p1a: Tsareena|U-turn|p2a: Aromatisse
|-resisted|p2a: Aromatisse
|-damage|p2a: Aromatisse|91/100
|
|t:|1636905219
|switch|p1a: Charizard|Charizard, F|59/100|[from]move: U-turn
|move|p2a: Aromatisse|Moonblast|p1a: Charizard
|-resisted|p1a: Charizard
|-damage|p1a: Charizard|39/100
|
|-heal|p2a: Aromatisse|100/100|[from] move: Wish|[wisher] Aromatisse
|-fieldend|move: Grassy Terrain
|upkeep
|turn|16
|
|t:|1636905232
|switch|p1a: Scrafty|Scrafty, F|69/100
|switch|p2a: Gigalith|Gigalith, F|99/100
|-weather|Sandstorm|[from] ability: Sand Stream|[of] p2a: Gigalith
|
|-weather|Sandstorm|[upkeep]
|-damage|p1a: Scrafty|63/100|[from] Sandstorm
|-heal|p1a: Scrafty|69/100|[from] item: Leftovers
|-heal|p2a: Gigalith|100/100|[from] item: Leftovers
|upkeep
|turn|17
|
|t:|1636905239
|switch|p2a: Aromatisse|Aromatisse, F|100/100
|move|p1a: Scrafty|Knock Off|p2a: Aromatisse
|-resisted|p2a: Aromatisse
|-damage|p2a: Aromatisse|88/100
|-enditem|p2a: Aromatisse|Heavy-Duty Boots|[from] move: Knock Off|[of] p1a: Scrafty
|
|-weather|Sandstorm|[upkeep]
|-damage|p1a: Scrafty|63/100|[from] Sandstorm
|-damage|p2a: Aromatisse|82/100|[from] Sandstorm
|-heal|p1a: Scrafty|69/100|[from] item: Leftovers
|upkeep
|turn|18
|
|t:|1636905247
|switch|p1a: Charizard|Charizard, F|39/100
|move|p2a: Aromatisse|Wish|p2a: Aromatisse
|
|-weather|Sandstorm|[upkeep]
|-damage|p1a: Charizard|33/100|[from] Sandstorm
|-damage|p2a: Aromatisse|76/100|[from] Sandstorm
|upkeep
|turn|19
|
|t:|1636905255
|switch|p2a: Gigalith|Gigalith, F|100/100
|move|p1a: Charizard|Roost|p1a: Charizard
|-heal|p1a: Charizard|83/100
|-singleturn|p1a: Charizard|move: Roost
|
|-weather|Sandstorm|[upkeep]
|-damage|p1a: Charizard|77/100|[from] Sandstorm
|upkeep
|turn|20
|
|t:|1636905259
|switch|p1a: Regirock|Regirock|100/100
|move|p2a: Gigalith|Stealth Rock|p1a: Regirock
|-sidestart|p1: siegberto|move: Stealth Rock
|
|-weather|none
|upkeep
|turn|21
|
|t:|1636905264
|switch|p2a: Thwackey|Thwackey, F|60/100
|-fieldstart|move: Grassy Terrain|[from] ability: Grassy Surge|[of] p2a: Thwackey
|move|p1a: Regirock|Stealth Rock|p2a: Thwackey
|-sidestart|p2: one of the bouys|move: Stealth Rock
|
|-heal|p2a: Thwackey|66/100|[from] Grassy Terrain
|upkeep
|turn|22
|
|t:|1636905271
|move|p2a: Thwackey|Wood Hammer|p1a: Regirock
|-supereffective|p1a: Regirock
|-damage|p1a: Regirock|50/100
|-damage|p2a: Thwackey|45/100|[from] Recoil
|move|p1a: Regirock|Body Press|p2a: Thwackey
|-damage|p2a: Thwackey|0 fnt
|faint|p2a: Thwackey
|
|-heal|p1a: Regirock|57/100|[from] Grassy Terrain
|-heal|p1a: Regirock|63/100|[from] item: Leftovers
|upkeep
|
|t:|1636905275
|switch|p2a: Flapple|Flapple, M|81/100
|-damage|p2a: Flapple|68/100|[from] Stealth Rock
|turn|23
|
|t:|1636905290
|switch|p1a: Charizard|Charizard, F|77/100
|move|p2a: Flapple|Draco Meteor|p1a: Charizard
|-damage|p1a: Charizard|0 fnt
|-unboost|p2a: Flapple|spa|2
|faint|p1a: Charizard
|-damage|p2a: Flapple|58/100|[from] item: Life Orb
|
|-heal|p2a: Flapple|64/100|[from] Grassy Terrain
|upkeep
|
|t:|1636905303
|switch|p1a: Tsareena|Tsareena, F|21/100
|turn|24
|
|t:|1636905320
|switch|p2a: Magneton|Magneton|47/100
|-damage|p2a: Magneton|41/100|[from] Stealth Rock
|move|p1a: Tsareena|Power Whip|p2a: Magneton
|-resisted|p2a: Magneton
|-damage|p2a: Magneton|0 fnt
|faint|p2a: Magneton
|
|-heal|p1a: Tsareena|27/100|[from] Grassy Terrain
|upkeep
|
|t:|1636905323
|switch|p2a: Morpeko|Morpeko, F|100/100
|turn|25
|inactive|siegberto has 120 seconds left.
|
|t:|1636905361
|switch|p1a: Regirock|Regirock|63/100
|-damage|p1a: Regirock|50/100|[from] Stealth Rock
|move|p2a: Morpeko|Protect||[still]
|-fail|p2a: Morpeko
|
|-heal|p1a: Regirock|56/100|[from] Grassy Terrain
|-heal|p1a: Regirock|62/100|[from] item: Leftovers
|-fieldend|move: Grassy Terrain
|-formechange|p2a: Morpeko|Morpeko-Hangry||[from] ability: Hunger Switch
|upkeep
|turn|26
|inactive|siegberto has 120 seconds left.
|
|t:|1636905371
|switch|p2a: Aromatisse|Aromatisse, F|76/100
|-damage|p2a: Aromatisse|64/100|[from] Stealth Rock
|move|p1a: Regirock|Toxic|p2a: Aromatisse
|-status|p2a: Aromatisse|tox
|
|-heal|p1a: Regirock|68/100|[from] item: Leftovers
|-damage|p2a: Aromatisse|57/100 tox|[from] psn
|upkeep
|turn|27
|inactive|siegberto has 120 seconds left.
|j| Riyad Mahrez
|
|t:|1636905378
|move|p1a: Regirock|Rock Blast|p2a: Aromatisse
|-damage|p2a: Aromatisse|51/100 tox
|-damage|p2a: Aromatisse|44/100 tox
|-damage|p2a: Aromatisse|37/100 tox
|-hitcount|p2a: Aromatisse|3
|move|p2a: Aromatisse|Wish|p2a: Aromatisse
|
|-heal|p1a: Regirock|74/100|[from] item: Leftovers
|-damage|p2a: Aromatisse|25/100 tox|[from] psn
|upkeep
|turn|28
|inactive|siegberto has 120 seconds left.
|
|t:|1636905389
|move|p2a: Aromatisse|Protect|p2a: Aromatisse
|-singleturn|p2a: Aromatisse|Protect
|move|p1a: Regirock|Rock Blast|p2a: Aromatisse
|-activate|p2a: Aromatisse|move: Protect
|
|-heal|p2a: Aromatisse|75/100 tox|[from] move: Wish|[wisher] Aromatisse
|-heal|p1a: Regirock|80/100|[from] item: Leftovers
|-damage|p2a: Aromatisse|57/100 tox|[from] psn
|upkeep
|turn|29
|
|t:|1636905395
|move|p1a: Regirock|Rock Blast|p2a: Aromatisse
|-crit|p2a: Aromatisse
|-damage|p2a: Aromatisse|46/100 tox
|-damage|p2a: Aromatisse|40/100 tox
|-damage|p2a: Aromatisse|34/100 tox
|-damage|p2a: Aromatisse|27/100 tox
|-damage|p2a: Aromatisse|21/100 tox
|-hitcount|p2a: Aromatisse|5
|move|p2a: Aromatisse|Heal Bell|p2a: Aromatisse
|-activate|p2a: Aromatisse|move: Heal Bell
|-curestatus|p2a: Aromatisse|tox|[msg]
|
|-heal|p1a: Regirock|86/100|[from] item: Leftovers
|upkeep
|turn|30
|
|t:|1636905405
|move|p1a: Regirock|Rock Blast|p2a: Aromatisse
|-damage|p2a: Aromatisse|15/100
|-damage|p2a: Aromatisse|9/100
|-damage|p2a: Aromatisse|2/100
|-hitcount|p2a: Aromatisse|3
|move|p2a: Aromatisse|Wish|p2a: Aromatisse
|
|-heal|p1a: Regirock|93/100|[from] item: Leftovers
|upkeep
|turn|31
|
|t:|1636905415
|move|p2a: Aromatisse|Protect|p2a: Aromatisse
|-singleturn|p2a: Aromatisse|Protect
|move|p1a: Regirock|Toxic|p2a: Aromatisse
|-activate|p2a: Aromatisse|move: Protect
|
|-heal|p2a: Aromatisse|52/100|[from] move: Wish|[wisher] Aromatisse
|-heal|p1a: Regirock|99/100|[from] item: Leftovers
|upkeep
|turn|32
|inactive|one of the bouys has 120 seconds left.
|
|t:|1636905455
|move|p1a: Regirock|Toxic|p2a: Aromatisse
|-status|p2a: Aromatisse|tox
|move|p2a: Aromatisse|Moonblast|p1a: Regirock
|-damage|p1a: Regirock|68/100
|
|-heal|p1a: Regirock|74/100|[from] item: Leftovers
|-damage|p2a: Aromatisse|46/100 tox|[from] psn
|upkeep
|turn|33
|j| zoowi
|
|t:|1636905478
|move|p1a: Regirock|Rock Blast|p2a: Aromatisse
|-damage|p2a: Aromatisse|40/100 tox
|-damage|p2a: Aromatisse|33/100 tox
|-damage|p2a: Aromatisse|27/100 tox
|-damage|p2a: Aromatisse|20/100 tox
|-hitcount|p2a: Aromatisse|4
|move|p2a: Aromatisse|Moonblast|p1a: Regirock
|-damage|p1a: Regirock|43/100
|
|-heal|p1a: Regirock|49/100|[from] item: Leftovers
|-damage|p2a: Aromatisse|8/100 tox|[from] psn
|upkeep
|turn|34
|inactive|one of the bouys has 120 seconds left.
|
|t:|1636905492
|move|p1a: Regirock|Body Press|p2a: Aromatisse
|-resisted|p2a: Aromatisse
|-damage|p2a: Aromatisse|0 fnt
|faint|p2a: Aromatisse
|
|-heal|p1a: Regirock|55/100|[from] item: Leftovers
|upkeep
|inactive|one of the bouys has 120 seconds left.
|
|t:|1636905498
|switch|p2a: Flapple|Flapple, M|64/100
|-damage|p2a: Flapple|52/100|[from] Stealth Rock
|turn|35
|
|t:|1636905512
|move|p2a: Flapple|Grav Apple|p1a: Regirock
|-supereffective|p1a: Regirock
|-damage|p1a: Regirock|0 fnt
|faint|p1a: Regirock
|-damage|p2a: Flapple|42/100|[from] item: Life Orb
|
|upkeep
|
|t:|1636905519
|switch|p1a: Tsareena|Tsareena, F|27/100
|turn|36
|
|t:|1636905527
|move|p1a: Tsareena|U-turn|p2a: Flapple
|-supereffective|p2a: Flapple
|-damage|p2a: Flapple|0 fnt
|faint|p2a: Flapple
|
|t:|1636905533
|switch|p1a: Scrafty|Scrafty, F|69/100|[from]move: U-turn
|-damage|p1a: Scrafty|63/100|[from] Stealth Rock
|
|-heal|p1a: Scrafty|69/100|[from] item: Leftovers
|upkeep
|
|t:|1636905557
|switch|p2a: Gigalith|Gigalith, F|100/100
|-damage|p2a: Gigalith|88/100|[from] Stealth Rock
|-weather|Sandstorm|[from] ability: Sand Stream|[of] p2a: Gigalith
|turn|37
|
|t:|1636905566
|switch|p1a: Jellicent|Jellicent, M|76/100
|-damage|p1a: Jellicent|64/100|[from] Stealth Rock
|move|p2a: Gigalith|Superpower|p1a: Jellicent
|-immune|p1a: Jellicent
|
|-weather|Sandstorm|[upkeep]
|-damage|p1a: Jellicent|57/100|[from] Sandstorm
|-heal|p2a: Gigalith|94/100|[from] item: Leftovers
|upkeep
|turn|38
|
|t:|1636905573
|move|p1a: Jellicent|Scald|p2a: Gigalith
|-supereffective|p2a: Gigalith
|-damage|p2a: Gigalith|39/100
|move|p2a: Gigalith|Rock Blast|p1a: Jellicent
|-damage|p1a: Jellicent|42/100
|-crit|p1a: Jellicent
|-damage|p1a: Jellicent|18/100
|-damage|p1a: Jellicent|3/100
|-damage|p1a: Jellicent|0 fnt
|faint|p1a: Jellicent
|-hitcount|p1: Jellicent|4
|
|-weather|Sandstorm|[upkeep]
|-heal|p2a: Gigalith|45/100|[from] item: Leftovers
|upkeep
|
|t:|1636905583
|switch|p1a: Tsareena|Tsareena, F|27/100
|turn|39
|
|t:|1636905587
|move|p1a: Tsareena|Power Whip|p2a: Gigalith
|-supereffective|p2a: Gigalith
|-damage|p2a: Gigalith|0 fnt
|faint|p2a: Gigalith
|
|-weather|Sandstorm|[upkeep]
|-damage|p1a: Tsareena|21/100|[from] Sandstorm
|upkeep
|
|t:|1636905589
|switch|p2a: Morpeko|Morpeko, F|100/100
|turn|40
|c|☆siegberto|damn that boy flapple kinda wild
|
|t:|1636905616
|move|p2a: Morpeko|Aura Wheel|p1a: Tsareena
|-resisted|p1a: Tsareena
|-damage|p1a: Tsareena|0 fnt
|-boost|p2a: Morpeko|spe|1
|faint|p1a: Tsareena
|
|-weather|Sandstorm|[upkeep]
|-damage|p2a: Morpeko|94/100|[from] Sandstorm
|-formechange|p2a: Morpeko|Morpeko-Hangry||[from] ability: Hunger Switch
|upkeep
|
|t:|1636905620
|switch|p1a: Scrafty|Scrafty, F|69/100
|-damage|p1a: Scrafty|63/100|[from] Stealth Rock
|turn|41
|c|☆one of the bouys|yeah its sincerely really good
|
|t:|1636905633
|move|p2a: Morpeko|Aura Wheel|p1a: Scrafty
|-resisted|p1a: Scrafty
|-damage|p1a: Scrafty|53/100
|-boost|p2a: Morpeko|spe|1
|move|p1a: Scrafty|Bulk Up|p1a: Scrafty
|-boost|p1a: Scrafty|atk|1
|-boost|p1a: Scrafty|def|1
|
|-weather|none
|-heal|p1a: Scrafty|59/100|[from] item: Leftovers
|-formechange|p2a: Morpeko|Morpeko||[from] ability: Hunger Switch
|upkeep
|turn|42
|
|t:|1636905638
|move|p2a: Morpeko|Aura Wheel|p1a: Scrafty
|-damage|p1a: Scrafty|31/100
|-boost|p2a: Morpeko|spe|1
|move|p1a: Scrafty|Drain Punch|p2a: Morpeko
|-supereffective|p2a: Morpeko
|-damage|p2a: Morpeko|0 fnt
|-heal|p1a: Scrafty|68/100|[from] drain|[of] p2a: Morpeko
|faint|p2a: Morpeko
|
|win|siegberto
|raw|siegberto's rating: 1438 &rarr; <strong>1463</strong><br />(+25 for winning)
|raw|one of the bouys's rating: 1526 &rarr; <strong>1501</strong><br />(-25 for losing)
|c|☆one of the bouys|gg
|c|☆siegberto|gg
|c|☆siegberto|but hustle
|c|☆one of the bouys|draco helps alleviate it a bit
|c|☆one of the bouys|but its in and out anyway with this set so it usually doesn't hurt too much compared to dd stuff
|c|☆siegberto|i see
|c|☆siegberto|have a nice day sir
|c|☆one of the bouys|u 2!
