|j|☆22ncimi
|j|☆kacj0
|t:|1638634381
|gametype|singles
|player|p1|22ncimi|2|1321
|player|p2|kacj0|veteran-gen4|1346
|teamsize|p1|6
|teamsize|p2|6
|gen|8
|tier|[Gen 8] PU
|rated|
|rule|Sleep Clause Mod: Limit one foe put to sleep
|rule|Species Clause: Limit one of each Pokémon
|rule|OHKO Clause: OHKO moves are banned
|rule|Evasion Moves Clause: Evasion moves are banned
|rule|Endless Battle Clause: Forcing endless battles is banned
|rule|HP Percentage Mod: HP is shown in percentages
|rule|Dynamax Clause: You cannot dynamax
|clearpoke
|poke|p1|Mesprit|
|poke|p1|Tsareena, F|
|poke|p1|Scyther, F|
|poke|p1|Absol, F|
|poke|p1|Turtonator, F|
|poke|p1|Aggron, F|
|poke|p2|Accelgor, M|
|poke|p2|Basculin, F|
|poke|p2|Farfetch’d-Galar, M|
|poke|p2|Tsareena, F|
|poke|p2|Flareon, M|
|poke|p2|Walrein, M|
|teampreview
|inactive|Battle timer is ON: inactive players will automatically lose when time's up. (requested by kacj0)
|
|t:|1638634394
|start
|switch|p1a: Absol|Absol, F|100/100
|switch|p2a: Basculin|Basculin, F|100/100
|turn|1
|
|t:|1638634400
|move|p2a: Basculin|Final Gambit|p1a: Absol
|-damage|p1a: Absol|0 fnt
|faint|p2a: Basculin
|faint|p1a: Absol
|
|upkeep
|
|t:|1638634407
|switch|p2a: Accelgor|Accelgor, M|100/100
|switch|p1a: Scyther|Scyther, F|100/100
|turn|2
|
|t:|1638634412
|move|p2a: Accelgor|Final Gambit|p1a: Scyther
|-damage|p1a: Scyther|0 fnt
|faint|p2a: Accelgor
|faint|p1a: Scyther
|
|upkeep
|
|t:|1638634421
|switch|p2a: Farfetch’d|Farfetch’d-Galar, M|100/100
|switch|p1a: Turtonator|Turtonator, F|100/100
|turn|3
|
|t:|1638634427
|move|p2a: Farfetch’d|Final Gambit|p1a: Turtonator
|-damage|p1a: Turtonator|0 fnt
|faint|p2a: Farfetch’d
|faint|p1a: Turtonator
|
|upkeep
|
|t:|1638634435
|switch|p2a: Walrein|Walrein, M|100/100
|switch|p1a: Mesprit|Mesprit|100/100
|turn|4
|
|t:|1638634441
|move|p1a: Mesprit|Thunderbolt|p2a: Walrein
|-supereffective|p2a: Walrein
|-damage|p2a: Walrein|26/100
|move|p2a: Walrein|Ice Beam|p1a: Mesprit
|-damage|p1a: Mesprit|37/100
|
|upkeep
|turn|5
|
|t:|1638634448
|switch|p2a: Tsareena|Tsareena, F|100/100
|move|p1a: Mesprit|Thunderbolt|p2a: Tsareena
|-resisted|p2a: Tsareena
|-damage|p2a: Tsareena|77/100
|
|upkeep
|turn|6
|
|t:|1638634454
|move|p1a: Mesprit|Thunderbolt|p2a: Tsareena
|-resisted|p2a: Tsareena
|-damage|p2a: Tsareena|56/100
|move|p2a: Tsareena|Knock Off|p1a: Mesprit
|-supereffective|p1a: Mesprit
|-damage|p1a: Mesprit|0 fnt
|-enditem|p1a: Mesprit|Choice Specs|[from] move: Knock Off|[of] p2a: Tsareena
|faint|p1a: Mesprit
|
|upkeep
|
|t:|1638634463
|switch|p1a: Aggron|Aggron, F|100/100
|-item|p1a: Aggron|Air Balloon
|turn|7
|
|t:|1638634466
|move|p2a: Tsareena|High Jump Kick|p1a: Aggron
|-supereffective|p1a: Aggron
|-damage|p1a: Aggron|0 fnt
|-enditem|p1a: Aggron|Air Balloon
|faint|p1a: Aggron
|
|upkeep
|
|t:|1638634469
|switch|p1a: Tsareena|Tsareena, F|100/100
|turn|8
|
|t:|1638634473
|move|p2a: Tsareena|Knock Off|p1a: Tsareena
|-damage|p1a: Tsareena|67/100
|-enditem|p1a: Tsareena|Assault Vest|[from] move: Knock Off|[of] p2a: Tsareena
|move|p1a: Tsareena|U-turn|p2a: Tsareena
|-supereffective|p2a: Tsareena
|-damage|p2a: Tsareena|8/100
|-enditem|p2a: Tsareena|Sitrus Berry|[eat]
|-heal|p2a: Tsareena|33/100|[from] item: Sitrus Berry
|
|upkeep
|turn|9
|
|t:|1638634482
|move|p2a: Tsareena|High Jump Kick|p1a: Tsareena
|-damage|p1a: Tsareena|29/100
|move|p1a: Tsareena|Rapid Spin|p2a: Tsareena
|-damage|p2a: Tsareena|17/100
|-boost|p1a: Tsareena|spe|1
|
|upkeep
|turn|10
|
|t:|1638634489
|move|p1a: Tsareena|Rapid Spin|p2a: Tsareena
|-damage|p2a: Tsareena|0 fnt
|-boost|p1a: Tsareena|spe|1
|faint|p2a: Tsareena
|
|upkeep
|
|t:|1638634496
|switch|p2a: Flareon|Flareon, M|100/100
|turn|11
|
|t:|1638634499
|move|p2a: Flareon|Flare Blitz|p1a: Tsareena
|-supereffective|p1a: Tsareena
|-damage|p1a: Tsareena|0 fnt
|faint|p1a: Tsareena
|-damage|p2a: Flareon|89/100|[from] Recoil
|
|win|kacj0
|raw|22ncimi's rating: 1321 &rarr; <strong>1302</strong><br />(-19 for losing)
|raw|kacj0's rating: 1346 &rarr; <strong>1365</strong><br />(+19 for winning)
