|j|☆Sallisssss
|j|☆Super Suit
|t:|1603238728
|player|p1|Sallisssss|jogger|1420
|player|p2|Super Suit|yellow|1228
|teamsize|p1|6
|teamsize|p2|6
|gametype|singles
|gen|8
|tier|[Gen 8] PU
|rated|
|clearpoke
|poke|p1|Palpitoad, F|
|poke|p1|Vespiquen, F|
|poke|p1|Type: Null|
|poke|p1|Gourgeist-*, M|
|poke|p1|Kadabra, M|
|poke|p1|Pinsir, M|
|poke|p2|Bouffalant, F|
|poke|p2|Corsola-Galar, F|
|poke|p2|Hitmonchan, M|
|poke|p2|Luxray, M|
|poke|p2|Kadabra, M|
|poke|p2|Marowak, M|
|rule|Sleep Clause Mod: Limit one foe put to sleep
|rule|Species Clause: Limit one of each Pokémon
|rule|OHKO Clause: OHKO moves are banned
|rule|Evasion Moves Clause: Evasion moves are banned
|rule|Endless Battle Clause: Forcing endless battles is banned
|rule|HP Percentage Mod: HP is shown in percentages
|rule|Dynamax Clause: You cannot dynamax
|teampreview
|inactive|Battle timer is ON: inactive players will automatically lose when time's up. (requested by Super Suit)
|
|t:|1603238752
|start
|switch|p1a: Pinsir|Pinsir, M|100/100
|switch|p2a: Hitmonchan|Hitmonchan, M|100/100
|turn|1
|
|t:|1603238762
|switch|p1a: Vespiquen|Vespiquen, F|100/100
|-ability|p1a: Vespiquen|Pressure
|switch|p2a: Corsola|Corsola-Galar, F|100/100
|
|upkeep
|turn|2
|j| Cartsoul
|
|t:|1603238772
|move|p2a: Corsola|Stealth Rock|p1a: Vespiquen
|-sidestart|p1: Sallisssss|move: Stealth Rock
|move|p1a: Vespiquen|U-turn|p2a: Corsola
|-resisted|p2a: Corsola
|-damage|p2a: Corsola|95/100
|
|t:|1603238776
|switch|p1a: Gourgeist|Gourgeist-Small, M|100/100|[from]move: U-turn
|-damage|p1a: Gourgeist|88/100|[from] Stealth Rock
|-item|p2a: Corsola|Eviolite|[from] ability: Frisk|[of] p1a: Gourgeist|[identify]
|
|upkeep
|turn|3
|
|t:|1603238794
|switch|p1a: Palpitoad|Palpitoad, F|100/100
|-damage|p1a: Palpitoad|94/100|[from] Stealth Rock
|switch|p2a: Bouffalant|Bouffalant, F|100/100
|
|upkeep
|turn|4
|
|t:|1603238799
|move|p2a: Bouffalant|Head Charge|p1a: Palpitoad
|-damage|p1a: Palpitoad|27/100
|-damage|p2a: Bouffalant|82/100|[from] Recoil
|-damage|p2a: Bouffalant|72/100|[from] item: Life Orb
|move|p1a: Palpitoad|Scald|p2a: Bouffalant
|-damage|p2a: Bouffalant|51/100
|
|upkeep
|turn|5
|
|t:|1603238812
|switch|p1a: Gourgeist|Gourgeist-Small, M|88/100
|-damage|p1a: Gourgeist|76/100|[from] Stealth Rock
|-item|p2a: Bouffalant|Life Orb|[from] ability: Frisk|[of] p1a: Gourgeist|[identify]
|move|p2a: Bouffalant|Head Charge|p1a: Gourgeist
|-immune|p1a: Gourgeist
|
|upkeep
|turn|6
|l| Cartsoul
|j| no+de3xdia
|inactive|Sallisssss has 120 seconds left.
|
|t:|1603238851
|move|p1a: Gourgeist|Power Whip|p2a: Bouffalant
|-damage|p2a: Bouffalant|0 fnt
|faint|p2a: Bouffalant
|
|upkeep
|
|t:|1603238858
|switch|p2a: Corsola|Corsola-Galar, F|95/100
|turn|7
|
|t:|1603238871
|switch|p1a: Type: Null|Type: Null|100/100
|-damage|p1a: Type: Null|88/100|[from] Stealth Rock
|move|p2a: Corsola|Night Shade|p1a: Type: Null
|-immune|p1a: Type: Null
|
|upkeep
|turn|8
|
|t:|1603238881
|move|p1a: Type: Null|Toxic|p2a: Corsola
|-status|p2a: Corsola|tox
|move|p2a: Corsola|Will-O-Wisp|p1a: Type: Null
|-status|p1a: Type: Null|brn
|
|-damage|p1a: Type: Null|82/100 brn|[from] brn
|-damage|p2a: Corsola|89/100 tox|[from] psn
|upkeep
|turn|9
|
|t:|1603238891
|switch|p2a: Luxray|Luxray, M|100/100
|move|p1a: Type: Null|Toxic|p2a: Luxray
|-status|p2a: Luxray|tox
|
|-damage|p2a: Luxray|95/100 tox|[from] psn
|-damage|p1a: Type: Null|76/100 brn|[from] brn
|upkeep
|turn|10
|
|t:|1603238904
|move|p2a: Luxray|Agility|p2a: Luxray
|-boost|p2a: Luxray|spe|2
|move|p1a: Type: Null|U-turn|p2a: Luxray
|-damage|p2a: Luxray|84/100 tox
|
|t:|1603238916
|switch|p1a: Vespiquen|Vespiquen, F|100/100|[from]move: U-turn
|-ability|p1a: Vespiquen|Pressure
|
|-damage|p2a: Luxray|72/100 tox|[from] psn
|upkeep
|turn|11
|
|t:|1603238921
|switch|p1a: Palpitoad|Palpitoad, F|27/100
|-damage|p1a: Palpitoad|21/100|[from] Stealth Rock
|move|p2a: Luxray|Wild Charge|p1a: Palpitoad
|-immune|p1a: Palpitoad
|
|-damage|p2a: Luxray|54/100 tox|[from] psn
|upkeep
|turn|12
|
|t:|1603238928
|switch|p1a: Gourgeist|Gourgeist-Small, M|76/100
|-damage|p1a: Gourgeist|63/100|[from] Stealth Rock
|-item|p2a: Luxray|Flame Orb|[from] ability: Frisk|[of] p1a: Gourgeist|[identify]
|move|p2a: Luxray|Crunch|p1a: Gourgeist
|-supereffective|p1a: Gourgeist
|-damage|p1a: Gourgeist|0 fnt
|faint|p1a: Gourgeist
|
|-damage|p2a: Luxray|30/100 tox|[from] psn
|upkeep
|inactive|Sallisssss has 120 seconds left.
|
|t:|1603238949
|switch|p1a: Palpitoad|Palpitoad, F|21/100
|-damage|p1a: Palpitoad|14/100|[from] Stealth Rock
|turn|13
|
|t:|1603238956
|move|p2a: Luxray|Facade|p1a: Palpitoad
|-damage|p1a: Palpitoad|0 fnt
|faint|p1a: Palpitoad
|
|-damage|p2a: Luxray|0 fnt|[from] psn
|faint|p2a: Luxray
|upkeep
|
|t:|1603238970
|switch|p2a: Marowak|Marowak, M|100/100
|switch|p1a: Vespiquen|Vespiquen, F|100/100
|-ability|p1a: Vespiquen|Pressure
|turn|14
|
|t:|1603238973
|move|p2a: Marowak|Substitute|p2a: Marowak
|-start|p2a: Marowak|Substitute
|-damage|p2a: Marowak|76/100
|move|p1a: Vespiquen|U-turn|p2a: Marowak
|-activate|p2a: Marowak|move: Substitute|[damage]
|
|t:|1603238978
|switch|p1a: Type: Null|Type: Null|76/100 brn|[from]move: U-turn
|-damage|p1a: Type: Null|63/100 brn|[from] Stealth Rock
|
|-damage|p1a: Type: Null|57/100 brn|[from] brn
|upkeep
|turn|15
|
|t:|1603238985
|move|p2a: Marowak|Knock Off|p1a: Type: Null
|-damage|p1a: Type: Null|28/100 brn
|-enditem|p1a: Type: Null|Eviolite|[from] move: Knock Off|[of] p2a: Marowak
|move|p1a: Type: Null|U-turn|p2a: Marowak
|-end|p2a: Marowak|Substitute
|
|t:|1603238990
|switch|p1a: Kadabra|Kadabra, M|100/100|[from]move: U-turn
|
|upkeep
|turn|16
|
|t:|1603238996
|switch|p2a: Corsola|Corsola-Galar, F|89/100 tox
|move|p1a: Kadabra|Energy Ball|p2a: Corsola
|-damage|p2a: Corsola|61/100 tox
|
|-damage|p2a: Corsola|55/100 tox|[from] psn
|upkeep
|turn|17
|
|t:|1603239002
|move|p1a: Kadabra|Calm Mind|p1a: Kadabra
|-boost|p1a: Kadabra|spa|1
|-boost|p1a: Kadabra|spd|1
|move|p2a: Corsola|Night Shade|p1a: Kadabra
|-damage|p1a: Kadabra|55/100
|
|-damage|p2a: Corsola|42/100 tox|[from] psn
|upkeep
|turn|18
|
|t:|1603239012
|move|p1a: Kadabra|Psychic|p2a: Corsola
|-damage|p2a: Corsola|0 fnt
|faint|p2a: Corsola
|
|upkeep
|
|t:|1603239016
|switch|p2a: Kadabra|Kadabra, M|100/100
|turn|19
|
|t:|1603239020
|move|p2a: Kadabra|Shadow Ball|p1a: Kadabra
|-supereffective|p1a: Kadabra
|-damage|p1a: Kadabra|0 fnt
|faint|p1a: Kadabra
|
|upkeep
|
|t:|1603239026
|switch|p1a: Vespiquen|Vespiquen, F|100/100
|-ability|p1a: Vespiquen|Pressure
|turn|20
|
|t:|1603239032
|switch|p2a: Hitmonchan|Hitmonchan, M|100/100
|move|p1a: Vespiquen|U-turn|p2a: Hitmonchan
|-resisted|p2a: Hitmonchan
|-damage|p2a: Hitmonchan|83/100
|
|t:|1603239040
|switch|p1a: Type: Null|Type: Null|28/100 brn|[from]move: U-turn
|-damage|p1a: Type: Null|15/100 brn|[from] Stealth Rock
|
|-damage|p1a: Type: Null|9/100 brn|[from] brn
|upkeep
|turn|21
|
|t:|1603239044
|switch|p1a: Vespiquen|Vespiquen, F|100/100
|-ability|p1a: Vespiquen|Pressure
|move|p2a: Hitmonchan|Drain Punch|p1a: Vespiquen
|-resisted|p1a: Vespiquen
|-damage|p1a: Vespiquen|93/100
|-heal|p2a: Hitmonchan|88/100|[from] drain|[of] p1a: Vespiquen
|
|upkeep
|turn|22
|
|t:|1603239049
|move|p2a: Hitmonchan|Thunder Punch|p1a: Vespiquen
|-supereffective|p1a: Vespiquen
|-damage|p1a: Vespiquen|49/100
|move|p1a: Vespiquen|Air Slash|p2a: Hitmonchan
|-supereffective|p2a: Hitmonchan
|-damage|p2a: Hitmonchan|30/100
|
|upkeep
|turn|23
|
|t:|1603239061
|switch|p2a: Marowak|Marowak, M|76/100
|switch|p1a: Type: Null|Type: Null|9/100 brn
|-damage|p1a: Type: Null|0 fnt|[from] Stealth Rock
|faint|p1a: Type: Null
|
|upkeep
|
|t:|1603239067
|switch|p1a: Vespiquen|Vespiquen, F|49/100
|-ability|p1a: Vespiquen|Pressure
|turn|24
|
|t:|1603239076
|move|p2a: Marowak|Knock Off|p1a: Vespiquen
|-damage|p1a: Vespiquen|12/100
|-enditem|p1a: Vespiquen|Heavy-Duty Boots|[from] move: Knock Off|[of] p2a: Marowak
|move|p1a: Vespiquen|Roost|p1a: Vespiquen
|-heal|p1a: Vespiquen|62/100
|-singleturn|p1a: Vespiquen|move: Roost
|
|upkeep
|turn|25
|
|t:|1603239079
|move|p2a: Marowak|Fire Punch|p1a: Vespiquen
|-supereffective|p1a: Vespiquen
|-damage|p1a: Vespiquen|1/100
|move|p1a: Vespiquen|Roost|p1a: Vespiquen
|-heal|p1a: Vespiquen|51/100
|-singleturn|p1a: Vespiquen|move: Roost
|
|upkeep
|turn|26
|
|t:|1603239085
|move|p2a: Marowak|Fire Punch|p1a: Vespiquen
|-supereffective|p1a: Vespiquen
|-crit|p1a: Vespiquen
|-damage|p1a: Vespiquen|0 fnt
|faint|p1a: Vespiquen
|
|upkeep
|
|t:|1603239086
|switch|p1a: Pinsir|Pinsir, M|100/100
|-damage|p1a: Pinsir|76/100|[from] Stealth Rock
|turn|27
|
|t:|1603239100
|move|p1a: Pinsir|Earthquake|p2a: Marowak
|-damage|p2a: Marowak|31/100
|move|p2a: Marowak|Fire Punch|p1a: Pinsir
|-supereffective|p1a: Pinsir
|-damage|p1a: Pinsir|0 fnt
|faint|p1a: Pinsir
|
|win|Super Suit
|l|☆Sallisssss
|c|☆Super Suit|gg
||Ladder (probably) updated, but score could not be retrieved (Request timeout).
