|j|☆RNG Jutsu
|j|☆no moomin
|t:|1618004902
|gametype|singles
|player|p1|RNG Jutsu|170|1477
|player|p2|no moomin|unknownf|1610
|teamsize|p1|6
|teamsize|p2|6
|gen|8
|tier|[Gen 8] PU
|rated|
|clearpoke
|poke|p1|Archeops, M|
|poke|p1|Jolteon, M|
|poke|p1|Toxicroak, F|
|poke|p1|Ribombee, F|
|poke|p1|Silvally-*|
|poke|p1|Omastar, M|
|poke|p2|Scyther, F|
|poke|p2|Rhydon, F|
|poke|p2|Omastar, F|
|poke|p2|Whimsicott, F|
|poke|p2|Silvally-*|
|poke|p2|Mesprit|
|rule|Sleep Clause Mod: Limit one foe put to sleep
|rule|Species Clause: Limit one of each Pokémon
|rule|OHKO Clause: OHKO moves are banned
|rule|Evasion Moves Clause: Evasion moves are banned
|rule|Endless Battle Clause: Forcing endless battles is banned
|rule|HP Percentage Mod: HP is shown in percentages
|rule|Dynamax Clause: You cannot dynamax
|teampreview
|
|t:|1618004917
|start
|switch|p1a: Archeops|Archeops, M|100/100
|switch|p2a: Rhydon|Rhydon, F|100/100
|turn|1
|
|t:|1618004924
|move|p1a: Archeops|Stealth Rock|p2a: Rhydon
|-sidestart|p2: no moomin|move: Stealth Rock
|move|p2a: Rhydon|Stone Edge|p1a: Archeops
|-supereffective|p1a: Archeops
|-enditem|p1a: Archeops|Focus Sash
|-damage|p1a: Archeops|1/100
|
|upkeep
|turn|2
|
|t:|1618004928
|move|p1a: Archeops|Endeavor|p2a: Rhydon
|-damage|p2a: Rhydon|1/100
|move|p2a: Rhydon|Stealth Rock|p1a: Archeops
|-sidestart|p1: RNG Jutsu|move: Stealth Rock
|
|upkeep
|turn|3
|
|t:|1618004938
|move|p1a: Archeops|Head Smash|p2a: Rhydon
|-resisted|p2a: Rhydon
|-damage|p2a: Rhydon|0 fnt
|-damage|p1a: Archeops|0 fnt|[from] Recoil
|faint|p2a: Rhydon
|faint|p1a: Archeops
|
|upkeep
|
|t:|1618004947
|switch|p1a: Ribombee|Ribombee, F|100/100
|switch|p2a: Mesprit|Mesprit|100/100
|-damage|p2a: Mesprit|88/100|[from] Stealth Rock
|-damage|p1a: Ribombee|76/100|[from] Stealth Rock
|turn|4
|
|t:|1618004952
|move|p2a: Mesprit|U-turn|p1a: Ribombee
|-resisted|p1a: Ribombee
|-damage|p1a: Ribombee|60/100
|
|t:|1618004955
|switch|p2a: Silvally|Silvally-Steel|100/100|[from]move: U-turn
|-damage|p2a: Silvally|94/100|[from] Stealth Rock
|move|p1a: Ribombee|Sticky Web|p2a: Silvally
|-sidestart|p2: no moomin|move: Sticky Web
|
|upkeep
|turn|5
|
|t:|1618004961
|move|p1a: Ribombee|Moonblast|p2a: Silvally
|-resisted|p2a: Silvally
|-damage|p2a: Silvally|77/100
|move|p2a: Silvally|Flamethrower|p1a: Ribombee
|-supereffective|p1a: Ribombee
|-crit|p1a: Ribombee
|-damage|p1a: Ribombee|0 fnt
|faint|p1a: Ribombee
|
|upkeep
|
|t:|1618004973
|switch|p1a: Silvally|Silvally-Ghost|100/100
|-damage|p1a: Silvally|88/100|[from] Stealth Rock
|turn|6
|
|t:|1618004980
|move|p1a: Silvally|Flame Charge|p2a: Silvally
|-supereffective|p2a: Silvally
|-damage|p2a: Silvally|53/100
|-boost|p1a: Silvally|spe|1
|move|p2a: Silvally|Parting Shot|p1a: Silvally
|-unboost|p1a: Silvally|atk|1
|-unboost|p1a: Silvally|spa|1
|
|t:|1618004988
|switch|p2a: Omastar|Omastar, F|100/100|[from]move: Parting Shot
|-activate|p2a: Omastar|move: Sticky Web
|-unboost|p2a: Omastar|spe|1
|-damage|p2a: Omastar|88/100|[from] Stealth Rock
|
|upkeep
|turn|7
|
|t:|1618004992
|move|p1a: Silvally|Swords Dance|p1a: Silvally
|-boost|p1a: Silvally|atk|2
|move|p2a: Omastar|Meteor Beam||[still]
|-prepare|p2a: Omastar|Meteor Beam
|-boost|p2a: Omastar|spa|1
|-enditem|p2a: Omastar|Power Herb
|-anim|p2a: Omastar|Meteor Beam|p1a: Silvally
|-damage|p1a: Silvally|0 fnt
|faint|p1a: Silvally
|
|upkeep
|
|t:|1618005000
|switch|p1a: Omastar|Omastar, M|100/100
|-damage|p1a: Omastar|88/100|[from] Stealth Rock
|turn|8
|
|t:|1618005006
|move|p1a: Omastar|Earth Power|p2a: Omastar
|-supereffective|p2a: Omastar
|-damage|p2a: Omastar|0 fnt
|faint|p2a: Omastar
|
|upkeep
|
|t:|1618005011
|switch|p2a: Whimsicott|Whimsicott, F, shiny|100/100
|-activate|p2a: Whimsicott|move: Sticky Web
|-unboost|p2a: Whimsicott|spe|1
|-damage|p2a: Whimsicott|88/100|[from] Stealth Rock
|turn|9
|
|t:|1618005014
|switch|p1a: Jolteon|Jolteon, M|100/100
|-damage|p1a: Jolteon|88/100|[from] Stealth Rock
|move|p2a: Whimsicott|Moonblast|p1a: Jolteon
|-damage|p1a: Jolteon|36/100
|
|upkeep
|turn|10
|
|t:|1618005017
|move|p1a: Jolteon|Light Screen|p1a: Jolteon
|-sidestart|p1: RNG Jutsu|move: Light Screen
|move|p2a: Whimsicott|Moonblast|p1a: Jolteon
|-damage|p1a: Jolteon|9/100
|
|upkeep
|turn|11
|
|t:|1618005028
|switch|p2a: Scyther|Scyther, F|100/100
|move|p1a: Jolteon|Reflect|p1a: Jolteon
|-sidestart|p1: RNG Jutsu|Reflect
|
|upkeep
|turn|12
|
|t:|1618005034
|switch|p2a: Whimsicott|Whimsicott, F, shiny|88/100
|-damage|p2a: Whimsicott|76/100|[from] Stealth Rock
|-activate|p2a: Whimsicott|move: Sticky Web
|-unboost|p2a: Whimsicott|spe|1
|move|p1a: Jolteon|Volt Switch|p2a: Whimsicott
|-resisted|p2a: Whimsicott
|-crit|p2a: Whimsicott
|-damage|p2a: Whimsicott|45/100
|
|t:|1618005038
|switch|p1a: Omastar|Omastar, M|88/100|[from]move: Volt Switch
|-damage|p1a: Omastar|76/100|[from] Stealth Rock
|
|upkeep
|turn|13
|
|t:|1618005044
|switch|p1a: Jolteon|Jolteon, M|9/100
|-damage|p1a: Jolteon|0 fnt|[from] Stealth Rock
|faint|p1a: Jolteon
|move|p2a: Whimsicott|Energy Ball|p1: Jolteon|[notarget]
|-fail|p2a: Whimsicott
|
|upkeep
|
|t:|1618005046
|switch|p1a: Toxicroak|Toxicroak, F|100/100
|-damage|p1a: Toxicroak|94/100|[from] Stealth Rock
|turn|14
|
|t:|1618005060
|switch|p2a: Mesprit|Mesprit|88/100
|-damage|p2a: Mesprit|76/100|[from] Stealth Rock
|move|p1a: Toxicroak|Focus Blast|p2a: Mesprit
|-resisted|p2a: Mesprit
|-damage|p2a: Mesprit|50/100
|
|-heal|p1a: Toxicroak|100/100|[from] item: Black Sludge
|upkeep
|turn|15
|
|t:|1618005064
|move|p2a: Mesprit|Psychic|p1a: Toxicroak
|-supereffective|p1a: Toxicroak
|-damage|p1a: Toxicroak|0 fnt
|faint|p1a: Toxicroak
|
|upkeep
|
|t:|1618005065
|switch|p1a: Omastar|Omastar, M|76/100
|-damage|p1a: Omastar|63/100|[from] Stealth Rock
|turn|16
|
|t:|1618005080
|switch|p2a: Whimsicott|Whimsicott, F, shiny|45/100
|-damage|p2a: Whimsicott|33/100|[from] Stealth Rock
|-activate|p2a: Whimsicott|move: Sticky Web
|-unboost|p2a: Whimsicott|spe|1
|move|p1a: Omastar|Shell Smash|p1a: Omastar
|-unboost|p1a: Omastar|def|1
|-unboost|p1a: Omastar|spd|1
|-boost|p1a: Omastar|atk|2
|-boost|p1a: Omastar|spa|2
|-boost|p1a: Omastar|spe|2
|-enditem|p1a: Omastar|White Herb
|-clearnegativeboost|p1a: Omastar|[silent]
|
|upkeep
|turn|17
|
|t:|1618005083
|move|p1a: Omastar|Ice Beam|p2a: Whimsicott
|-supereffective|p2a: Whimsicott
|-damage|p2a: Whimsicott|0 fnt
|faint|p2a: Whimsicott
|
|-sideend|p1: RNG Jutsu|move: Light Screen
|upkeep
|
|t:|1618005093
|switch|p2a: Mesprit|Mesprit|50/100
|-damage|p2a: Mesprit|38/100|[from] Stealth Rock
|turn|18
|
|t:|1618005099
|move|p1a: Omastar|Surf|p2a: Mesprit
|-damage|p2a: Mesprit|0 fnt
|faint|p2a: Mesprit
|
|-sideend|p1: RNG Jutsu|Reflect
|upkeep
|
|t:|1618005103
|switch|p2a: Silvally|Silvally-Steel|53/100
|-activate|p2a: Silvally|move: Sticky Web
|-unboost|p2a: Silvally|spe|1
|-damage|p2a: Silvally|47/100|[from] Stealth Rock
|turn|19
|
|t:|1618005106
|move|p1a: Omastar|Surf|p2a: Silvally
|-damage|p2a: Silvally|0 fnt
|faint|p2a: Silvally
|
|upkeep
|
|t:|1618005109
|switch|p2a: Scyther|Scyther, F|100/100
|turn|20
|c|☆RNG Jutsu|gg
|
|t:|1618005116
|move|p1a: Omastar|Surf|p2a: Scyther
|-damage|p2a: Scyther|0 fnt
|faint|p2a: Scyther
|
|win|RNG Jutsu
|raw|RNG Jutsu's rating: 1477 &rarr; <strong>1504</strong><br />(+27 for winning)
|raw|no moomin's rating: 1610 &rarr; <strong>1583</strong><br />(-27 for losing)
|l|☆no moomin
