|j|☆obama pause
|j|☆phoenix373
|t:|1648678043
|gametype|singles
|player|p1|obama pause|dancer|
|player|p2|phoenix373|lucas|
|teamsize|p1|6
|teamsize|p2|6
|gen|8
|tier|[Gen 8] PU
|rated|Tournament battle
|rule|Sleep Clause Mod: Limit one foe put to sleep
|rule|Species Clause: Limit one of each Pokémon
|rule|OHKO Clause: OHKO moves are banned
|rule|Evasion Moves Clause: Evasion moves are banned
|rule|Endless Battle Clause: Forcing endless battles is banned
|rule|HP Percentage Mod: HP is shown in percentages
|rule|Dynamax Clause: You cannot dynamax
|clearpoke
|poke|p1|Gigalith, F|
|poke|p1|Aromatisse, M|
|poke|p1|Qwilfish, M|
|poke|p1|Glastrier|
|poke|p1|Eldegoss, M|
|poke|p1|Sandaconda, F|
|poke|p2|Palossand, M|
|poke|p2|Magneton|
|poke|p2|Ribombee, F|
|poke|p2|Kangaskhan, F|
|poke|p2|Mesprit|
|poke|p2|Basculin, M|
|teampreview
|inactive|Battle timer is ON: inactive players will automatically lose when time's up. (requested by phoenix373)
|c|☆phoenix373|Have fun
|
|t:|1648678067
|start
|switch|p1a: Glastrier|Glastrier|100/100
|switch|p2a: Basculin|Basculin, M|100/100
|turn|1
|c|☆obama pause|you too
|j| precognicent~
|
|t:|1648678074
|switch|p1a: Qwilfish|Qwilfish, M|100/100
|-ability|p1a: Qwilfish|Intimidate|boost
|-unboost|p2a: Basculin|atk|1
|move|p2a: Basculin|Flip Turn|p1a: Qwilfish
|-resisted|p1a: Qwilfish
|-damage|p1a: Qwilfish|82/100
|-damage|p2a: Basculin|84/100|[from] item: Rocky Helmet|[of] p1a: Qwilfish
|
|t:|1648678090
|switch|p2a: Palossand|Palossand, M, shiny|100/100|[from]move: Flip Turn
|
|upkeep
|turn|2
|
|t:|1648678101
|switch|p1a: Eldegoss|Eldegoss, M|100/100
|move|p2a: Palossand|Earth Power|p1a: Eldegoss
|-resisted|p1a: Eldegoss
|-crit|p1a: Eldegoss
|-damage|p1a: Eldegoss|85/100
|
|upkeep
|turn|3
|
|t:|1648678114
|switch|p2a: Ribombee|Ribombee, F, shiny|100/100
|move|p1a: Eldegoss|Leech Seed|p2a: Ribombee
|-start|p2a: Ribombee|move: Leech Seed
|
|-damage|p2a: Ribombee|88/100|[from] Leech Seed|[of] p1a: Eldegoss
|-heal|p1a: Eldegoss|95/100|[silent]
|upkeep
|turn|4
|
|t:|1648678121
|switch|p1a: Gigalith|Gigalith, F|100/100
|-weather|Sandstorm|[from] ability: Sand Stream|[of] p1a: Gigalith
|move|p2a: Ribombee|U-turn|p1a: Gigalith
|-damage|p1a: Gigalith|89/100
|j| OmegaWanderer
|
|t:|1648678140
|switch|p2a: Mesprit|Mesprit, shiny|100/100|[from]move: U-turn
|
|-weather|Sandstorm|[upkeep]
|-damage|p2a: Mesprit|95/100|[from] Sandstorm
|-heal|p1a: Gigalith|95/100|[from] item: Leftovers
|upkeep
|turn|5
|
|t:|1648678146
|move|p2a: Mesprit|Trick|p1a: Gigalith
|-activate|p2a: Mesprit|move: Trick|[of] p1a: Gigalith
|-item|p1a: Gigalith|Choice Scarf|[from] move: Trick
|-item|p2a: Mesprit|Leftovers|[from] move: Trick
|move|p1a: Gigalith|Toxic|p2a: Mesprit
|-status|p2a: Mesprit|tox
|
|-weather|Sandstorm|[upkeep]
|-damage|p2a: Mesprit|89/100 tox|[from] Sandstorm
|-heal|p2a: Mesprit|95/100 tox|[from] item: Leftovers
|-damage|p2a: Mesprit|89/100 tox|[from] psn
|upkeep
|turn|6
|
|t:|1648678164
|switch|p1a: Glastrier|Glastrier|100/100
|move|p2a: Mesprit|U-turn|p1a: Glastrier
|-damage|p1a: Glastrier|90/100
|
|t:|1648678178
|switch|p2a: Basculin|Basculin, M|84/100|[from]move: U-turn
|
|-weather|Sandstorm|[upkeep]
|-damage|p2a: Basculin|78/100|[from] Sandstorm
|-damage|p1a: Glastrier|84/100|[from] Sandstorm
|upkeep
|turn|7
|
|t:|1648678185
|switch|p1a: Qwilfish|Qwilfish, M|82/100
|-ability|p1a: Qwilfish|Intimidate|boost
|-unboost|p2a: Basculin|atk|1
|move|p2a: Basculin|Flip Turn|p1a: Qwilfish
|-resisted|p1a: Qwilfish
|-damage|p1a: Qwilfish|63/100
|-damage|p2a: Basculin|62/100|[from] item: Rocky Helmet|[of] p1a: Qwilfish
|l| OmegaWanderer
|
|t:|1648678204
|switch|p2a: Palossand|Palossand, M, shiny|100/100|[from]move: Flip Turn
|
|-weather|Sandstorm|[upkeep]
|-damage|p1a: Qwilfish|57/100|[from] Sandstorm
|upkeep
|turn|8
|j| RydOmega
|l| RydOmega
|j| OmegaWanderer
|
|t:|1648678212
|switch|p1a: Eldegoss|Eldegoss, M|100/100
|move|p2a: Palossand|Stealth Rock|p1a: Eldegoss
|-sidestart|p1: obama pause|move: Stealth Rock
|
|-weather|none
|upkeep
|turn|9
|
|t:|1648678230
|switch|p2a: Ribombee|Ribombee, F, shiny|88/100
|move|p1a: Eldegoss|Leech Seed|p2a: Ribombee
|-start|p2a: Ribombee|move: Leech Seed
|
|-damage|p2a: Ribombee|76/100|[from] Leech Seed|[of] p1a: Eldegoss
|upkeep
|turn|10
|
|t:|1648678237
|move|p2a: Ribombee|U-turn|p1a: Eldegoss
|-supereffective|p1a: Eldegoss
|-damage|p1a: Eldegoss|65/100
|
|t:|1648678246
|switch|p2a: Mesprit|Mesprit, shiny|89/100 tox|[from]move: U-turn
|move|p1a: Eldegoss|Rapid Spin|p2a: Mesprit
|-damage|p2a: Mesprit|83/100 tox
|-boost|p1a: Eldegoss|spe|1
|-sideend|p1: obama pause|Stealth Rock|[from] move: Rapid Spin|[of] p1a: Eldegoss
|
|-heal|p2a: Mesprit|89/100 tox|[from] item: Leftovers
|-damage|p2a: Mesprit|83/100 tox|[from] psn
|upkeep
|turn|11
|
|t:|1648678257
|move|p2a: Mesprit|Psychic|p1a: Eldegoss
|-damage|p1a: Eldegoss|38/100
|move|p1a: Eldegoss|Leech Seed|p2a: Mesprit
|-start|p2a: Mesprit|move: Leech Seed
|
|-heal|p2a: Mesprit|89/100 tox|[from] item: Leftovers
|-damage|p2a: Mesprit|76/100 tox|[from] Leech Seed|[of] p1a: Eldegoss
|-heal|p1a: Eldegoss|50/100|[silent]
|-damage|p2a: Mesprit|64/100 tox|[from] psn
|upkeep
|turn|12
|
|t:|1648678268
|switch|p1a: Glastrier|Glastrier|84/100
|move|p2a: Mesprit|U-turn|p1a: Glastrier
|-damage|p1a: Glastrier|73/100
|
|t:|1648678284
|switch|p2a: Basculin|Basculin, M|62/100|[from]move: U-turn
|
|upkeep
|turn|13
|
|t:|1648678293
|switch|p1a: Aromatisse|Aromatisse, M|100/100
|move|p2a: Basculin|Flip Turn|p1a: Aromatisse
|-damage|p1a: Aromatisse|62/100
|
|t:|1648678300
|switch|p2a: Magneton|Magneton, shiny|100/100|[from]move: Flip Turn
|
|-heal|p1a: Aromatisse|68/100|[from] item: Leftovers
|upkeep
|turn|14
|
|t:|1648678306
|switch|p1a: Eldegoss|Eldegoss, M|83/100
|move|p2a: Magneton|Flash Cannon|p1a: Eldegoss
|-damage|p1a: Eldegoss|43/100
|
|upkeep
|turn|15
|
|t:|1648678317
|move|p2a: Magneton|Toxic|p1a: Eldegoss
|-status|p1a: Eldegoss|tox
|move|p1a: Eldegoss|Leech Seed|p2a: Magneton
|-start|p2a: Magneton|move: Leech Seed
|
|-damage|p2a: Magneton|88/100|[from] Leech Seed|[of] p1a: Eldegoss
|-heal|p1a: Eldegoss|55/100 tox|[silent]
|-damage|p1a: Eldegoss|49/100 tox|[from] psn
|upkeep
|turn|16
|
|t:|1648678322
|switch|p1a: Sandaconda|Sandaconda, F|100/100
|move|p2a: Magneton|Volt Switch|p1a: Sandaconda
|-immune|p1a: Sandaconda
|
|-damage|p2a: Magneton|75/100|[from] Leech Seed|[of] p1a: Sandaconda
|upkeep
|turn|17
|
|t:|1648678339
|switch|p1a: Glastrier|Glastrier|73/100
|switch|p2a: Palossand|Palossand, M, shiny|100/100
|
|upkeep
|turn|18
|inactive|phoenix373 has 120 seconds left.
|inactive|obama pause has 120 seconds left.
|j| shnen
|
|t:|1648678390
|switch|p2a: Ribombee|Ribombee, F, shiny|76/100
|move|p1a: Glastrier|High Horsepower|p2a: Ribombee
|-resisted|p2a: Ribombee
|-damage|p2a: Ribombee|31/100
|
|upkeep
|turn|19
|
|t:|1648678407
|move|p2a: Ribombee|Moonblast|p1a: Glastrier
|-damage|p1a: Glastrier|50/100
|move|p1a: Glastrier|Icicle Crash|p2a: Ribombee
|-damage|p2a: Ribombee|0 fnt
|faint|p2a: Ribombee
|-ability|p1a: Glastrier|Chilling Neigh|boost
|-boost|p1a: Glastrier|atk|1
|
|upkeep
|inactive|phoenix373 has 90 seconds left.
|j|%Alpha
|
|t:|1648678420
|switch|p2a: Magneton|Magneton, shiny|75/100
|turn|20
|
|t:|1648678425
|move|p2a: Magneton|Flash Cannon|p1a: Glastrier
|-supereffective|p1a: Glastrier
|-damage|p1a: Glastrier|1/100
|move|p1a: Glastrier|Close Combat|p2a: Magneton
|-supereffective|p2a: Magneton
|-damage|p2a: Magneton|0 fnt
|-unboost|p1a: Glastrier|def|1
|-unboost|p1a: Glastrier|spd|1
|faint|p2a: Magneton
|-ability|p1a: Glastrier|Chilling Neigh|boost
|-boost|p1a: Glastrier|atk|1
|
|upkeep
|
|t:|1648678433
|switch|p2a: Basculin|Basculin, M|62/100
|turn|21
|j|%Heracross2.0
|
|t:|1648678441
|move|p2a: Basculin|Flip Turn|p1a: Glastrier
|-damage|p1a: Glastrier|0 fnt
|faint|p1a: Glastrier
|
|t:|1648678456
|switch|p2a: Mesprit|Mesprit, shiny|64/100 tox|[from]move: Flip Turn
|
|-heal|p2a: Mesprit|70/100 tox|[from] item: Leftovers
|-damage|p2a: Mesprit|64/100 tox|[from] psn
|upkeep
|
|t:|1648678464
|switch|p1a: Aromatisse|Aromatisse, M|68/100
|turn|22
|
|t:|1648678479
|move|p2a: Mesprit|U-turn|p1a: Aromatisse
|-resisted|p1a: Aromatisse
|-damage|p1a: Aromatisse|63/100
|
|t:|1648678488
|switch|p2a: Palossand|Palossand, M, shiny|100/100|[from]move: U-turn
|move|p1a: Aromatisse|Wish|p1a: Aromatisse
|
|-heal|p1a: Aromatisse|69/100|[from] item: Leftovers
|upkeep
|turn|23
|j|+keppy ㋡
|
|t:|1648678499
|move|p2a: Palossand|Stealth Rock|p1a: Aromatisse
|-sidestart|p1: obama pause|move: Stealth Rock
|move|p1a: Aromatisse|Heal Bell|p1a: Aromatisse
|-activate|p1a: Aromatisse|move: Heal Bell
|-curestatus|p1: Eldegoss|tox|[msg]
|
|-heal|p1a: Aromatisse|100/100|[from] move: Wish|[wisher] Aromatisse
|upkeep
|turn|24
|
|t:|1648678515
|move|p2a: Palossand|Shadow Ball|p1a: Aromatisse
|-damage|p1a: Aromatisse|75/100
|move|p1a: Aromatisse|Moonblast|p2a: Palossand
|-damage|p2a: Palossand|61/100
|
|-heal|p1a: Aromatisse|81/100|[from] item: Leftovers
|upkeep
|turn|25
|
|t:|1648678538
|move|p2a: Palossand|Earth Power|p1a: Aromatisse
|-damage|p1a: Aromatisse|52/100
|-unboost|p1a: Aromatisse|spd|1
|move|p1a: Aromatisse|Moonblast|p2a: Palossand
|-damage|p2a: Palossand|23/100
|
|-heal|p1a: Aromatisse|58/100|[from] item: Leftovers
|upkeep
|turn|26
|
|t:|1648678548
|move|p1a: Aromatisse|Protect|p1a: Aromatisse
|-singleturn|p1a: Aromatisse|Protect
|move|p2a: Palossand|Shadow Ball|p1a: Aromatisse
|-activate|p1a: Aromatisse|move: Protect
|
|-heal|p1a: Aromatisse|65/100|[from] item: Leftovers
|upkeep
|turn|27
|
|t:|1648678553
|switch|p1a: Eldegoss|Eldegoss, M|82/100
|move|p2a: Palossand|Shadow Ball|p1a: Eldegoss
|-damage|p1a: Eldegoss|64/100
|
|upkeep
|turn|28
|
|t:|1648678567
|switch|p2a: Mesprit|Mesprit, shiny|64/100 tox
|move|p1a: Eldegoss|Giga Drain|p2a: Mesprit
|-damage|p2a: Mesprit|40/100 tox
|-heal|p1a: Eldegoss|75/100|[from] drain|[of] p2a: Mesprit
|
|-heal|p2a: Mesprit|46/100 tox|[from] item: Leftovers
|-damage|p2a: Mesprit|40/100 tox|[from] psn
|upkeep
|turn|29
|
|t:|1648678585
|move|p2a: Mesprit|Psychic|p1a: Eldegoss
|-damage|p1a: Eldegoss|47/100
|move|p1a: Eldegoss|Leech Seed|p2a: Mesprit
|-start|p2a: Mesprit|move: Leech Seed
|
|-heal|p2a: Mesprit|46/100 tox|[from] item: Leftovers
|-damage|p2a: Mesprit|34/100 tox|[from] Leech Seed|[of] p1a: Eldegoss
|-heal|p1a: Eldegoss|58/100|[silent]
|-damage|p2a: Mesprit|22/100 tox|[from] psn
|upkeep
|turn|30
|
|t:|1648678594
|move|p2a: Mesprit|Healing Wish|p2a: Mesprit
|faint|p2a: Mesprit
|move|p1a: Eldegoss|Giga Drain|p2: Mesprit|[notarget]
|-fail|p1a: Eldegoss
|
|upkeep
|
|t:|1648678601
|switch|p2a: Palossand|Palossand, M, shiny|23/100
|-heal|p2a: Palossand|100/100|[from] move: Healing Wish
|turn|31
|l|%Alpha
|
|t:|1648678605
|switch|p2a: Kangaskhan|Kangaskhan, F|100/100
|move|p1a: Eldegoss|Leech Seed|p2a: Kangaskhan|[miss]
|-miss|p1a: Eldegoss|p2a: Kangaskhan
|
|upkeep
|turn|32
|l| OmegaWanderer
|
|t:|1648678622
|switch|p1a: Qwilfish|Qwilfish, M|57/100
|-damage|p1a: Qwilfish|45/100|[from] Stealth Rock
|-ability|p1a: Qwilfish|Intimidate|boost
|-fail|p2a: Kangaskhan|unboost|Attack|[from] ability: Scrappy|[of] p2a: Kangaskhan
|move|p2a: Kangaskhan|Double-Edge|p1a: Qwilfish
|-damage|p1a: Qwilfish|0 fnt
|-damage|p2a: Kangaskhan|84/100|[from] item: Rocky Helmet|[of] p1a: Qwilfish
|faint|p1a: Qwilfish
|-damage|p2a: Kangaskhan|72/100|[from] Recoil
|
|-heal|p2a: Kangaskhan|78/100|[from] item: Leftovers
|upkeep
|
|t:|1648678635
|switch|p1a: Sandaconda|Sandaconda, F|100/100
|-damage|p1a: Sandaconda|94/100|[from] Stealth Rock
|turn|33
|
|t:|1648678644
|switch|p2a: Palossand|Palossand, M, shiny|100/100
|move|p1a: Sandaconda|Coil|p1a: Sandaconda
|-boost|p1a: Sandaconda|atk|1
|-boost|p1a: Sandaconda|def|1
|-boost|p1a: Sandaconda|accuracy|1
|
|-heal|p1a: Sandaconda|100/100|[from] item: Leftovers
|upkeep
|turn|34
|inactive|phoenix373 has 120 seconds left.
|
|t:|1648678654
|move|p1a: Sandaconda|Coil|p1a: Sandaconda
|-boost|p1a: Sandaconda|atk|1
|-boost|p1a: Sandaconda|def|1
|-boost|p1a: Sandaconda|accuracy|1
|move|p2a: Palossand|Shadow Ball|p1a: Sandaconda
|-damage|p1a: Sandaconda|63/100
|
|-heal|p1a: Sandaconda|69/100|[from] item: Leftovers
|upkeep
|turn|35
|
|t:|1648678661
|move|p1a: Sandaconda|Coil|p1a: Sandaconda
|-boost|p1a: Sandaconda|atk|1
|-boost|p1a: Sandaconda|def|1
|-boost|p1a: Sandaconda|accuracy|1
|move|p2a: Palossand|Shadow Ball|p1a: Sandaconda
|-damage|p1a: Sandaconda|32/100
|
|-heal|p1a: Sandaconda|38/100|[from] item: Leftovers
|upkeep
|turn|36
|
|t:|1648678669
|move|p1a: Sandaconda|Rest|p1a: Sandaconda
|-status|p1a: Sandaconda|slp|[from] move: Rest
|-heal|p1a: Sandaconda|100/100 slp|[silent]
|move|p2a: Palossand|Shadow Ball|p1a: Sandaconda
|-damage|p1a: Sandaconda|61/100 slp
|
|-heal|p1a: Sandaconda|68/100 slp|[from] item: Leftovers
|upkeep
|turn|37
|
|t:|1648678672
|cant|p1a: Sandaconda|slp
|move|p2a: Palossand|Shadow Ball|p1a: Sandaconda
|-damage|p1a: Sandaconda|31/100 slp
|
|-activate|p1a: Sandaconda|ability: Shed Skin
|-curestatus|p1a: Sandaconda|slp|[msg]
|-heal|p1a: Sandaconda|37/100|[from] item: Leftovers
|upkeep
|turn|38
|
|t:|1648678680
|move|p1a: Sandaconda|Rest|p1a: Sandaconda
|-status|p1a: Sandaconda|slp|[from] move: Rest
|-heal|p1a: Sandaconda|100/100 slp|[silent]
|move|p2a: Palossand|Shadow Ball|p1a: Sandaconda
|-damage|p1a: Sandaconda|61/100 slp
|
|-activate|p1a: Sandaconda|ability: Shed Skin
|-curestatus|p1a: Sandaconda|slp|[msg]
|-heal|p1a: Sandaconda|67/100|[from] item: Leftovers
|upkeep
|turn|39
|
|t:|1648678694
|move|p1a: Sandaconda|Earthquake|p2a: Palossand
|-damage|p2a: Palossand|49/100
|move|p2a: Palossand|Shadow Ball|p1a: Sandaconda
|-damage|p1a: Sandaconda|29/100
|
|-heal|p1a: Sandaconda|35/100|[from] item: Leftovers
|upkeep
|turn|40
|
|t:|1648678703
|move|p1a: Sandaconda|Earthquake|p2a: Palossand
|-damage|p2a: Palossand|0 fnt
|faint|p2a: Palossand
|
|-heal|p1a: Sandaconda|41/100|[from] item: Leftovers
|upkeep
|
|t:|1648678709
|switch|p2a: Basculin|Basculin, M|62/100
|turn|41
|
|t:|1648678716
|move|p2a: Basculin|Flip Turn|p1a: Sandaconda
|-supereffective|p1a: Sandaconda
|-damage|p1a: Sandaconda|17/100
|
|t:|1648678720
|switch|p2a: Kangaskhan|Kangaskhan, F|78/100|[from]move: Flip Turn
|move|p1a: Sandaconda|Earthquake|p2a: Kangaskhan
|-damage|p2a: Kangaskhan|0 fnt
|faint|p2a: Kangaskhan
|
|-heal|p1a: Sandaconda|23/100|[from] item: Leftovers
|upkeep
|c|☆phoenix373|Gg
|
|t:|1648678730
|switch|p2a: Basculin|Basculin, M|62/100
|turn|42
|
|t:|1648678737
|move|p2a: Basculin|Flip Turn|p1a: Sandaconda
|-supereffective|p1a: Sandaconda
|-damage|p1a: Sandaconda|0 fnt
|faint|p1a: Sandaconda
|
|upkeep
|
|t:|1648678741
|switch|p1a: Eldegoss|Eldegoss, M|91/100
|turn|43
|
|t:|1648678752
|move|p2a: Basculin|Flip Turn|p1a: Eldegoss
|-resisted|p1a: Eldegoss
|-damage|p1a: Eldegoss|62/100
|move|p1a: Eldegoss|Giga Drain|p2a: Basculin
|-supereffective|p2a: Basculin
|-damage|p2a: Basculin|0 fnt
|-heal|p1a: Eldegoss|89/100|[from] drain|[of] p2a: Basculin
|faint|p2a: Basculin
|
|win|obama pause
|n|☆obama pause|obamapause
|n|☆phoenix373|phoenix373
|n| precognicent~|precognicent
|n| shnen|shnen
|n| Heracross2.0|heracross20
|n| keppy ㋡|keppy
|l|☆phoenix373
|c|☆obama pause|gg
|l| shnen
|j|☆phoenix373
|player|p2|phoenix373|lucas
|l| Heracross2.0
|l| precognicent~
|l|☆phoenix373
|player|p2|
|j|☆phoenix373
|player|p2|phoenix373|lucas
|l| keppy ㋡
|l|☆phoenix373
|player|p2|
|j|☆phoenix373
|player|p2|phoenix373|lucas
