|j|☆karrakarra
|j|☆xitrxA
|player|p1|karrakarra|saturn|1450
|player|p2|xitrxA|swimmerm-gen3rs|1446
|teamsize|p1|6
|teamsize|p2|6
|gametype|singles
|gen|8
|tier|[Gen 8] PU
|rated|
|clearpoke
|poke|p1|Vespiquen, F|
|poke|p1|Mawile, F|
|poke|p1|Whiscash, M|
|poke|p1|Raichu, M|
|poke|p1|Liepard, F|
|poke|p1|Glaceon, F|
|poke|p2|Mr. Mime, F|
|poke|p2|Silvally-*|
|poke|p2|Type: Null|
|poke|p2|Carkol, F|
|poke|p2|Shiinotic, F|
|poke|p2|Basculin, F|
|rule|Sleep Clause Mod: Limit one foe put to sleep
|rule|Species Clause: Limit one of each Pokémon
|rule|OHKO Clause: OHKO moves are banned
|rule|Evasion Moves Clause: Evasion moves are banned
|rule|Endless Battle Clause: Forcing endless battles is banned
|rule|HP Percentage Mod: HP is shown in percentages
|rule|Dynamax Clause: You cannot dynamax
|teampreview
|inactive|Battle timer is ON: inactive players will automatically lose when time's up. (requested by xitrxA)
|
|start
|switch|p1a: Raichu|Raichu, M, shiny|100/100
|switch|p2a: Silvally|Silvally-Fighting|100/100
|turn|1
|
|move|p1a: Raichu|Volt Switch|p2a: Silvally
|-damage|p2a: Silvally|60/100
|-damage|p1a: Raichu|91/100|[from] item: Life Orb
|
|switch|p1a: Vespiquen|Vespiquen, F|100/100|[from]move: Volt Switch
|-ability|p1a: Vespiquen|Unnerve|p2: xitrxA
|move|p2a: Silvally|Multi-Attack|p1a: Vespiquen
|-resisted|p1a: Vespiquen
|-damage|p1a: Vespiquen|91/100
|
|upkeep
|turn|2
|j| Carkoal Basculin
|
|switch|p1a: Whiscash|Whiscash, M|100/100
|move|p2a: Silvally|U-turn|p1a: Whiscash
|-damage|p1a: Whiscash|87/100
|
|switch|p2a: Shiinotic|Shiinotic, F|100/100|[from]move: U-turn
|
|-heal|p1a: Whiscash|94/100|[from] item: Leftovers
|upkeep
|turn|3
|
|switch|p1a: Glaceon|Glaceon, F|100/100
|move|p2a: Shiinotic|Spore|p1a: Glaceon
|-status|p1a: Glaceon|slp|[from] move: Spore
|
|upkeep
|turn|4
|j| Aww Shame
|
|switch|p1a: Vespiquen|Vespiquen, F|91/100
|-ability|p1a: Vespiquen|Unnerve|p2: xitrxA
|switch|p2a: Carkol|Carkol, F|100/100
|
|upkeep
|turn|5
|
|move|p2a: Carkol|Stealth Rock|p1a: Vespiquen
|-sidestart|p1: karrakarra|move: Stealth Rock
|move|p1a: Vespiquen|Toxic Spikes|p2a: Carkol
|-sidestart|p2: xitrxA|move: Toxic Spikes
|
|upkeep
|turn|6
|
|switch|p1a: Whiscash|Whiscash, M|94/100
|-damage|p1a: Whiscash|87/100|[from] Stealth Rock
|move|p2a: Carkol|Will-O-Wisp|p1a: Whiscash
|-status|p1a: Whiscash|brn
|
|-heal|p1a: Whiscash|94/100 brn|[from] item: Leftovers
|-damage|p1a: Whiscash|87/100 brn|[from] brn
|upkeep
|turn|7
|j| don capuccino
|
|switch|p2a: Type: Null|Type: Null|100/100
|-status|p2a: Type: Null|psn
|move|p1a: Whiscash|Scald|p2a: Type: Null
|-damage|p2a: Type: Null|91/100 psn
|
|-heal|p1a: Whiscash|94/100 brn|[from] item: Leftovers
|-damage|p1a: Whiscash|87/100 brn|[from] brn
|-damage|p2a: Type: Null|79/100 psn|[from] psn
|upkeep
|turn|8
|
|switch|p1a: Mawile|Mawile, F|100/100
|-damage|p1a: Mawile|94/100|[from] Stealth Rock
|move|p2a: Type: Null|U-turn|p1a: Mawile
|-resisted|p1a: Mawile
|-damage|p1a: Mawile|88/100
|
|switch|p2a: Carkol|Carkol, F|100/100|[from]move: U-turn
|-status|p2a: Carkol|psn
|
|-damage|p2a: Carkol|88/100 psn|[from] psn
|upkeep
|turn|9
|inactive|karrakarra has 120 seconds left.
|
|switch|p1a: Whiscash|Whiscash, M|87/100 brn
|-damage|p1a: Whiscash|81/100 brn|[from] Stealth Rock
|move|p2a: Carkol|Overheat|p1a: Whiscash
|-resisted|p1a: Whiscash
|-damage|p1a: Whiscash|64/100 brn
|-unboost|p2a: Carkol|spa|2
|
|-heal|p1a: Whiscash|70/100 brn|[from] item: Leftovers
|-damage|p1a: Whiscash|64/100 brn|[from] brn
|-damage|p2a: Carkol|76/100 psn|[from] psn
|upkeep
|turn|10
|
|switch|p2a: Type: Null|Type: Null|79/100 psn
|move|p1a: Whiscash|Earth Power|p2a: Type: Null
|-damage|p2a: Type: Null|69/100 psn
|
|-heal|p1a: Whiscash|70/100 brn|[from] item: Leftovers
|-damage|p1a: Whiscash|64/100 brn|[from] brn
|-damage|p2a: Type: Null|56/100 psn|[from] psn
|upkeep
|turn|11
|
|move|p1a: Whiscash|Protect|p1a: Whiscash
|-singleturn|p1a: Whiscash|Protect
|move|p2a: Type: Null|Rest|p2a: Type: Null
|-status|p2a: Type: Null|slp|[from] move: Rest
|-heal|p2a: Type: Null|100/100 slp|[silent]
|
|-heal|p1a: Whiscash|70/100 brn|[from] item: Leftovers
|-damage|p1a: Whiscash|64/100 brn|[from] brn
|upkeep
|turn|12
|
|switch|p1a: Mawile|Mawile, F|88/100
|-damage|p1a: Mawile|82/100|[from] Stealth Rock
|switch|p2a: Carkol|Carkol, F|76/100 psn
|
|-damage|p2a: Carkol|63/100 psn|[from] psn
|upkeep
|turn|13
|inactive|karrakarra has 120 seconds left.
|
|switch|p1a: Whiscash|Whiscash, M|64/100 brn
|-damage|p1a: Whiscash|58/100 brn|[from] Stealth Rock
|move|p2a: Carkol|Rapid Spin|p1a: Whiscash
|-damage|p1a: Whiscash|54/100 brn
|-boost|p2a: Carkol|spe|1
|-sideend|p2: xitrxA|Toxic Spikes|[from] move: Rapid Spin|[of] p2a: Carkol
|
|-heal|p1a: Whiscash|60/100 brn|[from] item: Leftovers
|-damage|p2a: Carkol|51/100 psn|[from] psn
|-damage|p1a: Whiscash|54/100 brn|[from] brn
|upkeep
|turn|14
|inactive|karrakarra has 120 seconds left.
|
|switch|p2a: Shiinotic|Shiinotic, F|100/100
|move|p1a: Whiscash|Scald|p2a: Shiinotic
|-resisted|p2a: Shiinotic
|-damage|p2a: Shiinotic|88/100
|-status|p2a: Shiinotic|brn
|
|-heal|p1a: Whiscash|60/100 brn|[from] item: Leftovers
|-damage|p1a: Whiscash|54/100 brn|[from] brn
|-damage|p2a: Shiinotic|82/100 brn|[from] brn
|upkeep
|turn|15
|
|switch|p1a: Vespiquen|Vespiquen, F|91/100
|-ability|p1a: Vespiquen|Unnerve|p2: xitrxA
|switch|p2a: Mr. Mime|Mr. Mime, F|100/100
|
|upkeep
|turn|16
|inactive|karrakarra has 120 seconds left.
|
|move|p2a: Mr. Mime|Substitute|p2a: Mr. Mime
|-start|p2a: Mr. Mime|Substitute
|-damage|p2a: Mr. Mime|76/100
|move|p1a: Vespiquen|Defog|p2a: Mr. Mime
|-sideend|p1: karrakarra|Stealth Rock|[from] move: Defog|[of] p1a: Vespiquen
|
|-heal|p2a: Mr. Mime|81/100|[from] item: Leftovers
|upkeep
|turn|17
|
|move|p2a: Mr. Mime|Nasty Plot|p2a: Mr. Mime
|-boost|p2a: Mr. Mime|spa|2
|move|p1a: Vespiquen|U-turn|p2a: Mr. Mime
|-end|p2a: Mr. Mime|Substitute
|
|switch|p1a: Liepard|Liepard, F|100/100|[from]move: U-turn
|
|-heal|p2a: Mr. Mime|87/100|[from] item: Leftovers
|upkeep
|turn|18
|
|switch|p2a: Carkol|Carkol, F|51/100 psn
|move|p1a: Liepard|Knock Off|p2a: Carkol
|-damage|p2a: Carkol|19/100 psn
|-enditem|p2a: Carkol|Eviolite|[from] move: Knock Off|[of] p1a: Liepard
|
|-damage|p2a: Carkol|6/100 psn|[from] psn
|upkeep
|turn|19
|
|move|p1a: Liepard|Knock Off|p2a: Carkol
|-damage|p2a: Carkol|0 fnt
|faint|p2a: Carkol
|
|upkeep
|
|switch|p2a: Silvally|Silvally-Fighting|60/100
|turn|20
|
|move|p1a: Liepard|U-turn|p2a: Silvally
|-resisted|p2a: Silvally
|-damage|p2a: Silvally|51/100
|
|switch|p1a: Vespiquen|Vespiquen, F|91/100|[from]move: U-turn
|-ability|p1a: Vespiquen|Unnerve|p2: xitrxA
|move|p2a: Silvally|U-turn|p1a: Vespiquen
|-resisted|p1a: Vespiquen
|-damage|p1a: Vespiquen|85/100
|
|switch|p2a: Basculin|Basculin, F|100/100|[from]move: U-turn
|
|upkeep
|turn|21
|
|move|p2a: Basculin|Liquidation|p1a: Vespiquen
|-damage|p1a: Vespiquen|45/100
|-damage|p2a: Basculin|91/100|[from] item: Life Orb
|move|p1a: Vespiquen|U-turn|p2a: Basculin
|-damage|p2a: Basculin|56/100
|
|switch|p1a: Liepard|Liepard, F|100/100|[from]move: U-turn
|
|upkeep
|turn|22
|
|switch|p2a: Silvally|Silvally-Fighting|51/100
|move|p1a: Liepard|Knock Off|p2a: Silvally
|-resisted|p2a: Silvally
|-damage|p2a: Silvally|35/100
|
|upkeep
|turn|23
|
|move|p1a: Liepard|U-turn|p2a: Silvally
|-resisted|p2a: Silvally
|-damage|p2a: Silvally|24/100
|j| hjkhj
|
|switch|p1a: Vespiquen|Vespiquen, F|45/100|[from]move: U-turn
|-ability|p1a: Vespiquen|Unnerve|p2: xitrxA
|move|p2a: Silvally|U-turn|p1a: Vespiquen
|-resisted|p1a: Vespiquen
|-damage|p1a: Vespiquen|37/100
|
|switch|p2a: Basculin|Basculin, F|56/100|[from]move: U-turn
|
|upkeep
|turn|24
|
|move|p2a: Basculin|Liquidation|p1a: Vespiquen
|-damage|p1a: Vespiquen|0 fnt
|-damage|p2a: Basculin|46/100|[from] item: Life Orb
|faint|p1a: Vespiquen
|
|upkeep
|
|switch|p1a: Liepard|Liepard, F|100/100
|turn|25
|
|switch|p2a: Shiinotic|Shiinotic, F|82/100 brn
|move|p1a: Liepard|Knock Off|p2a: Shiinotic
|-resisted|p2a: Shiinotic
|-crit|p2a: Shiinotic
|-damage|p2a: Shiinotic|50/100 brn
|-damage|p1a: Liepard|84/100|[from] item: Rocky Helmet|[of] p2a: Shiinotic
|-message|Sleep Clause Mod activated.
|-enditem|p2a: Shiinotic|Rocky Helmet|[from] move: Knock Off|[of] p1a: Liepard
|
|-damage|p2a: Shiinotic|43/100 brn|[from] brn
|upkeep
|turn|26
|
|switch|p1a: Mawile|Mawile, F|82/100
|move|p2a: Shiinotic|Strength Sap|p1a: Mawile
|-unboost|p1a: Mawile|atk|1
|-heal|p2a: Shiinotic|100/100 brn
|
|-damage|p2a: Shiinotic|94/100 brn|[from] brn
|upkeep
|turn|27
|
|switch|p2a: Type: Null|Type: Null|100/100 slp
|move|p1a: Mawile|Iron Head|p2a: Type: Null
|-damage|p2a: Type: Null|77/100 slp
|
|upkeep
|turn|28
|
|switch|p2a: Shiinotic|Shiinotic, F|94/100 brn
|move|p1a: Mawile|Swords Dance|p1a: Mawile
|-boost|p1a: Mawile|atk|2
|
|-damage|p2a: Shiinotic|88/100 brn|[from] brn
|upkeep
|turn|29
|
|move|p1a: Mawile|Iron Head|p2a: Shiinotic
|-supereffective|p2a: Shiinotic
|-damage|p2a: Shiinotic|0 fnt
|-message|Sleep Clause Mod activated.
|faint|p2a: Shiinotic
|
|upkeep
|
|switch|p2a: Mr. Mime|Mr. Mime, F|87/100
|turn|30
|
|move|p2a: Mr. Mime|Psychic|p1a: Mawile
|-resisted|p1a: Mawile
|-damage|p1a: Mawile|33/100
|move|p1a: Mawile|Iron Head|p2a: Mr. Mime
|-supereffective|p2a: Mr. Mime
|-damage|p2a: Mr. Mime|0 fnt
|faint|p2a: Mr. Mime
|
|upkeep
|
|switch|p2a: Basculin|Basculin, F|46/100
|turn|31
|
|switch|p1a: Whiscash|Whiscash, M|54/100 brn
|move|p2a: Basculin|Aqua Jet|p1a: Whiscash
|-damage|p1a: Whiscash|35/100 brn
|-damage|p2a: Basculin|36/100|[from] item: Life Orb
|
|-heal|p1a: Whiscash|41/100 brn|[from] item: Leftovers
|-damage|p1a: Whiscash|35/100 brn|[from] brn
|upkeep
|turn|32
|
|move|p2a: Basculin|Liquidation|p1a: Whiscash
|-damage|p1a: Whiscash|0 fnt
|-damage|p2a: Basculin|26/100|[from] item: Life Orb
|faint|p1a: Whiscash
|
|upkeep
|
|switch|p1a: Raichu|Raichu, M, shiny|91/100
|turn|33
|
|switch|p2a: Type: Null|Type: Null|77/100 slp
|move|p1a: Raichu|Volt Switch|p2a: Type: Null
|-damage|p2a: Type: Null|62/100 slp
|-damage|p1a: Raichu|81/100|[from] item: Life Orb
|
|switch|p1a: Liepard|Liepard, F|84/100|[from]move: Volt Switch
|
|upkeep
|turn|34
|
|move|p1a: Liepard|Knock Off|p2a: Type: Null
|-damage|p2a: Type: Null|36/100 slp
|-enditem|p2a: Type: Null|Eviolite|[from] move: Knock Off|[of] p1a: Liepard
|cant|p2a: Type: Null|slp
|move|p2a: Type: Null|Sleep Talk|p2a: Type: Null
|move|p2a: Type: Null|Rest|p2a: Type: Null|[from]Sleep Talk
|-fail|p2a: Type: Null
|
|upkeep
|turn|35
|l| Aww Shame
|
|move|p1a: Liepard|Knock Off|p2a: Type: Null
|-damage|p2a: Type: Null|9/100 slp
|cant|p2a: Type: Null|slp
|move|p2a: Type: Null|Sleep Talk|p2a: Type: Null
|move|p2a: Type: Null|Rest|p2a: Type: Null|[from]Sleep Talk
|-fail|p2a: Type: Null
|
|upkeep
|turn|36
|
|move|p1a: Liepard|Knock Off|p2a: Type: Null
|-damage|p2a: Type: Null|0 fnt
|faint|p2a: Type: Null
|
|upkeep
|
|switch|p2a: Silvally|Silvally-Fighting|24/100
|turn|37
|
|move|p1a: Liepard|U-turn|p2a: Silvally
|-resisted|p2a: Silvally
|-damage|p2a: Silvally|15/100
|
|switch|p1a: Mawile|Mawile, F|33/100|[from]move: U-turn
|move|p2a: Silvally|Multi-Attack|p1a: Mawile
|-damage|p1a: Mawile|0 fnt
|faint|p1a: Mawile
|
|upkeep
|
|switch|p1a: Liepard|Liepard, F|84/100
|turn|38
|
|move|p1a: Liepard|Knock Off|p2a: Silvally
|-resisted|p2a: Silvally
|-damage|p2a: Silvally|0 fnt
|faint|p2a: Silvally
|
|upkeep
|
|switch|p2a: Basculin|Basculin, F|26/100
|turn|39
|
|move|p1a: Liepard|Sucker Punch|p2a: Basculin
|-damage|p2a: Basculin|0 fnt
|faint|p2a: Basculin
|
|win|karrakarra
|l|☆xitrxA
|l| Carkoal Basculin
|l| hjkhj
|l| don capuccino
||Ladder (probably) updated, but score could not be retrieved (Response not received).
