|j|☆allstarapology
|j|☆Karrakarra
|player|p1|allstarapology|pokemonbreederf|1556
|player|p2|Karrakarra|saturn|1477
|teamsize|p1|6
|teamsize|p2|6
|gametype|singles
|gen|8
|tier|[Gen 8] PU
|rated|
|clearpoke
|poke|p1|Stonjourner, M|
|poke|p1|Klang|
|poke|p1|Beheeyem, F|
|poke|p1|Leafeon, F|
|poke|p1|Silvally-*|
|poke|p1|Vibrava, M|
|poke|p2|Vespiquen, F|
|poke|p2|Mawile, F|
|poke|p2|Whiscash, F|
|poke|p2|Raichu, M|
|poke|p2|Liepard, F|
|poke|p2|Glaceon, F|
|rule|Sleep Clause Mod: Limit one foe put to sleep
|rule|Species Clause: Limit one of each Pokémon
|rule|OHKO Clause: OHKO moves are banned
|rule|Evasion Moves Clause: Evasion moves are banned
|rule|Endless Battle Clause: Forcing endless battles is banned
|rule|HP Percentage Mod: HP is shown in percentages
|rule|Dynamax Clause: You cannot dynamax
|teampreview
|inactive|Battle timer is ON: inactive players will automatically lose when time's up. (requested by allstarapology)
|
|start
|switch|p1a: Silvally|Silvally-Poison|100/100
|switch|p2a: Whiscash|Whiscash, F|100/100
|turn|1
|
|move|p1a: Silvally|Toxic|p2a: Whiscash
|-status|p2a: Whiscash|tox
|move|p2a: Whiscash|Toxic|p1a: Silvally
|-immune|p1a: Silvally
|
|-damage|p2a: Whiscash|94/100 tox|[from] psn
|upkeep
|turn|2
|
|move|p1a: Silvally|Parting Shot|p2a: Whiscash
|-unboost|p2a: Whiscash|atk|1
|-unboost|p2a: Whiscash|spa|1
|
|switch|p1a: Vibrava|Vibrava, M|100/100|[from]move: Parting Shot
|move|p2a: Whiscash|Toxic|p1a: Vibrava
|-status|p1a: Vibrava|tox
|
|-heal|p2a: Whiscash|100/100 tox|[from] item: Leftovers
|-damage|p1a: Vibrava|94/100 tox|[from] psn
|-damage|p2a: Whiscash|88/100 tox|[from] psn
|upkeep
|turn|3
|
|switch|p2a: Vespiquen|Vespiquen, F|100/100
|-ability|p2a: Vespiquen|Unnerve|p1: allstarapology
|move|p1a: Vibrava|U-turn|p2a: Vespiquen
|-resisted|p2a: Vespiquen
|-damage|p2a: Vespiquen|96/100
|
|switch|p1a: Stonjourner|Stonjourner, M|100/100|[from]move: U-turn
|
|upkeep
|turn|4
|
|switch|p2a: Whiscash|Whiscash, F|88/100 tox
|move|p1a: Stonjourner|Stone Edge|p2a: Whiscash|[miss]
|-miss|p1a: Stonjourner|p2a: Whiscash
|
|-heal|p2a: Whiscash|94/100 tox|[from] item: Leftovers
|-damage|p2a: Whiscash|88/100 tox|[from] psn
|upkeep
|turn|5
|
|switch|p1a: Vibrava|Vibrava, M|94/100 tox
|move|p2a: Whiscash|Scald|p1a: Vibrava
|-damage|p1a: Vibrava|77/100 tox
|
|-heal|p2a: Whiscash|94/100 tox|[from] item: Leftovers
|-damage|p1a: Vibrava|71/100 tox|[from] psn
|-damage|p2a: Whiscash|82/100 tox|[from] psn
|upkeep
|turn|6
|
|switch|p2a: Raichu|Raichu, M, shiny|100/100
|move|p1a: Vibrava|U-turn|p2a: Raichu
|-damage|p2a: Raichu|76/100
|
|switch|p1a: Leafeon|Leafeon, F|100/100|[from]move: U-turn
|
|upkeep
|turn|7
|
|switch|p2a: Vespiquen|Vespiquen, F|96/100
|-ability|p2a: Vespiquen|Unnerve|p1: allstarapology
|move|p1a: Leafeon|Leaf Blade|p2a: Vespiquen
|-resisted|p2a: Vespiquen
|-damage|p2a: Vespiquen|89/100
|
|upkeep
|turn|8
|
|switch|p1a: Klang|Klang|100/100
|move|p2a: Vespiquen|U-turn|p1a: Klang
|-resisted|p1a: Klang
|-damage|p1a: Klang|95/100
|
|switch|p2a: Liepard|Liepard, F|100/100|[from]move: U-turn
|
|upkeep
|turn|9
|
|switch|p1a: Silvally|Silvally-Poison|100/100
|move|p2a: Liepard|Knock Off|p1a: Silvally
|-damage|p1a: Silvally|74/100
|
|upkeep
|turn|10
|
|move|p2a: Liepard|U-turn|p1a: Silvally
|-resisted|p1a: Silvally
|-damage|p1a: Silvally|65/100
|
|switch|p2a: Vespiquen|Vespiquen, F|89/100|[from]move: U-turn
|-ability|p2a: Vespiquen|Unnerve|p1: allstarapology
|move|p1a: Silvally|Parting Shot|p2a: Vespiquen
|-unboost|p2a: Vespiquen|atk|1
|-unboost|p2a: Vespiquen|spa|1
|
|switch|p1a: Stonjourner|Stonjourner, M|100/100|[from]move: Parting Shot
|
|upkeep
|turn|11
|
|switch|p2a: Whiscash|Whiscash, F|82/100 tox
|move|p1a: Stonjourner|Stealth Rock|p2a: Whiscash
|-sidestart|p2: Karrakarra|move: Stealth Rock
|
|-heal|p2a: Whiscash|88/100 tox|[from] item: Leftovers
|-damage|p2a: Whiscash|82/100 tox|[from] psn
|upkeep
|turn|12
|
|switch|p1a: Klang|Klang|95/100
|move|p2a: Whiscash|Scald|p1a: Klang
|-damage|p1a: Klang|78/100
|-status|p1a: Klang|brn
|
|-heal|p2a: Whiscash|88/100 tox|[from] item: Leftovers
|-damage|p1a: Klang|72/100 brn|[from] brn
|-damage|p2a: Whiscash|76/100 tox|[from] psn
|upkeep
|turn|13
|
|switch|p2a: Vespiquen|Vespiquen, F|89/100
|-ability|p2a: Vespiquen|Unnerve|p1: allstarapology
|move|p1a: Klang|Shift Gear|p1a: Klang
|-boost|p1a: Klang|spe|2
|-boost|p1a: Klang|atk|1
|
|-damage|p1a: Klang|66/100 brn|[from] brn
|upkeep
|turn|14
|
|move|p1a: Klang|Shift Gear|p1a: Klang
|-boost|p1a: Klang|spe|2
|-boost|p1a: Klang|atk|1
|move|p2a: Vespiquen|Defog|p1a: Klang
|-fail|p1a: Klang|unboost|[from] ability: Clear Body|[of] p1a: Klang
|-sideend|p2: Karrakarra|Stealth Rock|[from] move: Defog|[of] p2a: Vespiquen
|
|-damage|p1a: Klang|59/100 brn|[from] brn
|upkeep
|turn|15
|
|move|p1a: Klang|Rest|p1a: Klang
|-status|p1a: Klang|slp|[from] move: Rest
|-heal|p1a: Klang|100/100 slp|[silent]
|move|p2a: Vespiquen|U-turn|p1a: Klang
|-resisted|p1a: Klang
|-damage|p1a: Klang|95/100 slp
|
|switch|p2a: Liepard|Liepard, F|100/100|[from]move: U-turn
|
|upkeep
|turn|16
|
|move|p2a: Liepard|Encore|p1a: Klang
|-start|p1a: Klang|Encore
|cant|p1a: Klang|slp
|
|upkeep
|turn|17
|
|cant|p1a: Klang|slp
|move|p2a: Liepard|Knock Off|p1a: Klang
|-damage|p1a: Klang|66/100 slp
|-enditem|p1a: Klang|Eviolite|[from] move: Knock Off|[of] p2a: Liepard
|
|upkeep
|turn|18
|
|-curestatus|p1a: Klang|slp|[msg]
|move|p1a: Klang|Rest|p1a: Klang
|-status|p1a: Klang|slp|[from] move: Rest
|-heal|p1a: Klang|100/100 slp|[silent]
|move|p2a: Liepard|Knock Off|p1a: Klang
|-damage|p1a: Klang|70/100 slp
|
|-end|p1a: Klang|Encore
|upkeep
|turn|19
|
|switch|p1a: Silvally|Silvally-Poison|65/100
|move|p2a: Liepard|Encore||[still]
|-fail|p2a: Liepard
|
|upkeep
|turn|20
|
|move|p2a: Liepard|U-turn|p1a: Silvally
|-resisted|p1a: Silvally
|-damage|p1a: Silvally|57/100
|j| Ewelogy
|
|switch|p2a: Vespiquen|Vespiquen, F|89/100|[from]move: U-turn
|-ability|p2a: Vespiquen|Unnerve|p1: allstarapology
|move|p1a: Silvally|Parting Shot|p2a: Vespiquen
|-unboost|p2a: Vespiquen|atk|1
|-unboost|p2a: Vespiquen|spa|1
|
|switch|p1a: Stonjourner|Stonjourner, M|100/100|[from]move: Parting Shot
|
|upkeep
|turn|21
|
|move|p1a: Stonjourner|Heat Crash|p2a: Vespiquen
|-supereffective|p2a: Vespiquen
|-crit|p2a: Vespiquen
|-damage|p2a: Vespiquen|0 fnt
|faint|p2a: Vespiquen
|
|upkeep
|
|switch|p2a: Whiscash|Whiscash, F|76/100 tox
|turn|22
|
|move|p1a: Stonjourner|Heat Crash|p2a: Whiscash
|-resisted|p2a: Whiscash
|-damage|p2a: Whiscash|53/100 tox
|move|p2a: Whiscash|Scald|p1a: Stonjourner
|-supereffective|p1a: Stonjourner
|-damage|p1a: Stonjourner|0 fnt
|faint|p1a: Stonjourner
|
|-heal|p2a: Whiscash|59/100 tox|[from] item: Leftovers
|-damage|p2a: Whiscash|53/100 tox|[from] psn
|upkeep
|
|switch|p1a: Beheeyem|Beheeyem, F|100/100
|turn|23
|
|switch|p2a: Glaceon|Glaceon, F|100/100
|move|p1a: Beheeyem|Future Sight|p2a: Glaceon
|-start|p1a: Beheeyem|move: Future Sight
|
|upkeep
|turn|24
|
|switch|p1a: Klang|Klang|70/100 slp
|move|p2a: Glaceon|Freeze-Dry|p1a: Klang
|-resisted|p1a: Klang
|-damage|p1a: Klang|53/100 slp
|
|upkeep
|turn|25
|
|switch|p2a: Liepard|Liepard, F|100/100
|cant|p1a: Klang|slp
|move|p1a: Klang|Sleep Talk|p1a: Klang
|move|p1a: Klang|Shift Gear|p1a: Klang|[from]Sleep Talk
|-boost|p1a: Klang|spe|2
|-boost|p1a: Klang|atk|1
|
|-end|p2a: Liepard|move: Future Sight
|-immune|p2a: Liepard
|upkeep
|turn|26
|
|move|p2a: Liepard|Encore||[still]
|-fail|p2a: Liepard
|cant|p1a: Klang|slp
|move|p1a: Klang|Sleep Talk|p1a: Klang
|move|p1a: Klang|Gear Grind|p2a: Liepard|[from]Sleep Talk
|-damage|p2a: Liepard|54/100
|-damage|p2a: Liepard|6/100
|-hitcount|p2a: Liepard|2
|
|upkeep
|turn|27
|
|switch|p2a: Whiscash|Whiscash, F|53/100 tox
|-curestatus|p1a: Klang|slp|[msg]
|move|p1a: Klang|Gear Grind|p2a: Whiscash
|-resisted|p2a: Whiscash
|-crit|p2a: Whiscash
|-damage|p2a: Whiscash|41/100 tox
|-resisted|p2a: Whiscash
|-damage|p2a: Whiscash|34/100 tox
|-hitcount|p2a: Whiscash|2
|
|-heal|p2a: Whiscash|40/100 tox|[from] item: Leftovers
|-damage|p2a: Whiscash|34/100 tox|[from] psn
|upkeep
|turn|28
|
|move|p1a: Klang|Gear Grind|p2a: Whiscash
|-resisted|p2a: Whiscash
|-damage|p2a: Whiscash|26/100 tox
|-resisted|p2a: Whiscash
|-damage|p2a: Whiscash|19/100 tox
|-hitcount|p2a: Whiscash|2
|move|p2a: Whiscash|Earthquake|p1a: Klang
|-supereffective|p1a: Klang
|-damage|p1a: Klang|1/100
|
|-heal|p2a: Whiscash|25/100 tox|[from] item: Leftovers
|-damage|p2a: Whiscash|13/100 tox|[from] psn
|upkeep
|turn|29
|
|move|p1a: Klang|Gear Grind|p2a: Whiscash
|-resisted|p2a: Whiscash
|-damage|p2a: Whiscash|5/100 tox
|-resisted|p2a: Whiscash
|-damage|p2a: Whiscash|0 fnt
|-hitcount|p2a: Whiscash|2
|faint|p2a: Whiscash
|
|upkeep
|
|switch|p2a: Raichu|Raichu, M, shiny|76/100
|turn|30
|
|move|p2a: Raichu|Thunderbolt|p1a: Klang
|-damage|p1a: Klang|0 fnt
|-damage|p2a: Raichu|66/100|[from] item: Life Orb
|faint|p1a: Klang
|
|upkeep
|
|switch|p1a: Leafeon|Leafeon, F|100/100
|turn|31
|
|switch|p2a: Mawile|Mawile, F|100/100
|move|p1a: Leafeon|Leaf Blade|p2a: Mawile
|-resisted|p2a: Mawile
|-damage|p2a: Mawile|67/100
|
|upkeep
|turn|32
|
|switch|p1a: Silvally|Silvally-Poison|57/100
|move|p2a: Mawile|Iron Head|p1a: Silvally
|-damage|p1a: Silvally|9/100
|
|upkeep
|turn|33
|
|switch|p2a: Glaceon|Glaceon, F|100/100
|move|p1a: Silvally|Parting Shot|p2a: Glaceon
|-unboost|p2a: Glaceon|atk|1
|-unboost|p2a: Glaceon|spa|1
|
|switch|p1a: Beheeyem|Beheeyem, F|100/100|[from]move: Parting Shot
|
|upkeep
|turn|34
|
|move|p2a: Glaceon|Toxic|p1a: Beheeyem
|-status|p1a: Beheeyem|tox
|move|p1a: Beheeyem|Thunderbolt|p2a: Glaceon
|-damage|p2a: Glaceon|77/100
|
|-heal|p2a: Glaceon|83/100|[from] item: Leftovers
|-damage|p1a: Beheeyem|94/100 tox|[from] psn
|upkeep
|turn|35
|
|move|p2a: Glaceon|Wish|p2a: Glaceon
|move|p1a: Beheeyem|Future Sight|p2a: Glaceon
|-start|p1a: Beheeyem|move: Future Sight
|
|-heal|p2a: Glaceon|89/100|[from] item: Leftovers
|-damage|p1a: Beheeyem|82/100 tox|[from] psn
|upkeep
|turn|36
|
|move|p2a: Glaceon|Freeze-Dry|p1a: Beheeyem
|-damage|p1a: Beheeyem|62/100 tox
|move|p1a: Beheeyem|Thunderbolt|p2a: Glaceon
|-damage|p2a: Glaceon|62/100
|
|-heal|p2a: Glaceon|100/100|[from] move: Wish|[wisher] Glaceon
|-damage|p1a: Beheeyem|43/100 tox|[from] psn
|upkeep
|turn|37
|
|move|p2a: Glaceon|Wish|p2a: Glaceon
|move|p1a: Beheeyem|Psychic|p2a: Glaceon
|-damage|p2a: Glaceon|64/100
|
|-end|p2a: Glaceon|move: Future Sight
|-damage|p2a: Glaceon|17/100
|-heal|p2a: Glaceon|23/100|[from] item: Leftovers
|-damage|p1a: Beheeyem|18/100 tox|[from] psn
|upkeep
|turn|38
|
|switch|p1a: Silvally|Silvally-Poison|9/100
|move|p2a: Glaceon|Protect||[still]
|-fail|p2a: Glaceon
|
|-heal|p2a: Glaceon|73/100|[from] move: Wish|[wisher] Glaceon
|-heal|p2a: Glaceon|79/100|[from] item: Leftovers
|upkeep
|turn|39
|
|move|p1a: Silvally|Multi-Attack|p2a: Glaceon
|-damage|p2a: Glaceon|47/100
|move|p2a: Glaceon|Freeze-Dry|p1a: Silvally
|-crit|p1a: Silvally
|-damage|p1a: Silvally|0 fnt
|faint|p1a: Silvally
|
|-heal|p2a: Glaceon|53/100|[from] item: Leftovers
|upkeep
|
|switch|p1a: Leafeon|Leafeon, F|100/100
|turn|40
|
|switch|p2a: Mawile|Mawile, F|67/100
|move|p1a: Leafeon|Leaf Blade|p2a: Mawile
|-resisted|p2a: Mawile
|-crit|p2a: Mawile
|-damage|p2a: Mawile|15/100
|
|upkeep
|turn|41
|
|move|p1a: Leafeon|Leaf Blade|p2a: Mawile
|-resisted|p2a: Mawile
|-damage|p2a: Mawile|0 fnt
|faint|p2a: Mawile
|
|upkeep
|
|switch|p2a: Glaceon|Glaceon, F|53/100
|turn|42
|
|switch|p1a: Vibrava|Vibrava, M|71/100 tox
|move|p2a: Glaceon|Freeze-Dry|p1a: Vibrava
|-supereffective|p1a: Vibrava
|-damage|p1a: Vibrava|0 fnt
|faint|p1a: Vibrava
|
|-heal|p2a: Glaceon|59/100|[from] item: Leftovers
|upkeep
|
|switch|p1a: Leafeon|Leafeon, F|100/100
|turn|43
|
|move|p2a: Glaceon|Protect|p2a: Glaceon
|-singleturn|p2a: Glaceon|Protect
|move|p1a: Leafeon|Leaf Blade|p2a: Glaceon
|-activate|p2a: Glaceon|move: Protect
|
|-heal|p2a: Glaceon|65/100|[from] item: Leftovers
|upkeep
|turn|44
|
|move|p1a: Leafeon|Leaf Blade|p2a: Glaceon
|-damage|p2a: Glaceon|27/100
|move|p2a: Glaceon|Freeze-Dry|p1a: Leafeon
|-supereffective|p1a: Leafeon
|-damage|p1a: Leafeon|0 fnt
|faint|p1a: Leafeon
|
|-heal|p2a: Glaceon|33/100|[from] item: Leftovers
|upkeep
|-message|allstarapology forfeited.
|
|win|Karrakarra
|l|☆allstarapology
|l| Ewelogy
|raw|allstarapology's rating: 1556 &rarr; <strong>1531</strong><br />(-25 for losing)
|raw|Karrakarra's rating: 1477 &rarr; <strong>1501</strong><br />(+24 for winning)
