|j|☆urndanger@!
|j|☆ayo bb
|t:|1619981872
|gametype|singles
|player|p1|urndanger|baker|1438
|player|p2|ayo bb|101|1583
|teamsize|p1|6
|teamsize|p2|6
|gen|8
|tier|[Gen 8] PU
|rated|
|clearpoke
|poke|p1|Miltank, F|
|poke|p1|Charizard, M|
|poke|p1|Dugtrio-Alola, F|
|poke|p1|Silvally-*|
|poke|p1|Gurdurr, F|
|poke|p1|Roselia, M|
|poke|p2|Gigalith, F|
|poke|p2|Persian-Alola, M|
|poke|p2|Stunfisk-Galar, F|
|poke|p2|Gourgeist-*, F|
|poke|p2|Golbat, F|
|poke|p2|Poliwrath, F|
|rule|Sleep Clause Mod: Limit one foe put to sleep
|rule|Species Clause: Limit one of each Pokémon
|rule|OHKO Clause: OHKO moves are banned
|rule|Evasion Moves Clause: Evasion moves are banned
|rule|Endless Battle Clause: Forcing endless battles is banned
|rule|HP Percentage Mod: HP is shown in percentages
|rule|Dynamax Clause: You cannot dynamax
|teampreview
|
|t:|1619981891
|start
|switch|p1a: Roselia|Roselia, M|100/100
|switch|p2a: Persian|Persian-Alola, M|100/100
|turn|1
|
|t:|1619981896
|move|p2a: Persian|Parting Shot|p1a: Roselia
|-unboost|p1a: Roselia|atk|1
|-unboost|p1a: Roselia|spa|1
|
|t:|1619981898
|switch|p2a: Gourgeist|Gourgeist-Super, F|100/100|[from]move: Parting Shot
|-item|p1a: Roselia|Eviolite|[from] ability: Frisk|[of] p2a: Gourgeist|[identify]
|move|p1a: Roselia|Spikes|p2a: Gourgeist
|-sidestart|p2: ayo bb|Spikes
|
|upkeep
|turn|2
|
|t:|1619981923
|switch|p1a: Miltank|Miltank, F|100/100
|switch|p2a: Stunfisk|Stunfisk-Galar, F|100/100
|-damage|p2a: Stunfisk|88/100|[from] Spikes
|
|-heal|p2a: Stunfisk|94/100|[from] item: Leftovers
|upkeep
|turn|3
|
|t:|1619981928
|switch|p1a: Gurdurr|Gurdurr, F|100/100
|move|p2a: Stunfisk|Snap Trap|p1a: Gurdurr
|-damage|p1a: Gurdurr|96/100
|-activate|p1a: Gurdurr|move: Snap Trap|[of] p2a: Stunfisk
|
|-heal|p2a: Stunfisk|100/100|[from] item: Leftovers
|-damage|p1a: Gurdurr|84/100|[from] move: Snap Trap|[partiallytrapped]
|upkeep
|turn|4
|
|t:|1619981935
|move|p1a: Gurdurr|Bulk Up|p1a: Gurdurr
|-boost|p1a: Gurdurr|atk|1
|-boost|p1a: Gurdurr|def|1
|move|p2a: Stunfisk|Yawn|p1a: Gurdurr
|-start|p1a: Gurdurr|move: Yawn|[of] p2a: Stunfisk
|
|-damage|p1a: Gurdurr|71/100|[from] move: Snap Trap|[partiallytrapped]
|upkeep
|turn|5
|
|t:|1619981941
|move|p2a: Stunfisk|Protect|p2a: Stunfisk
|-singleturn|p2a: Stunfisk|Protect
|move|p1a: Gurdurr|Knock Off|p2a: Stunfisk
|-activate|p2a: Stunfisk|move: Protect
|
|-damage|p1a: Gurdurr|59/100|[from] move: Snap Trap|[partiallytrapped]
|-end|p1a: Gurdurr|move: Yawn|[silent]
|-status|p1a: Gurdurr|slp
|upkeep
|turn|6
|
|t:|1619981946
|switch|p2a: Golbat|Golbat, F|100/100
|cant|p1a: Gurdurr|slp
|
|-end|p1a: Gurdurr|Snap Trap|[partiallytrapped]|[silent]
|upkeep
|turn|7
|
|t:|1619981953
|move|p2a: Golbat|Brave Bird|p1a: Gurdurr
|-supereffective|p1a: Gurdurr
|-damage|p1a: Gurdurr|26/100 slp
|-damage|p2a: Golbat|89/100|[from] Recoil
|cant|p1a: Gurdurr|slp
|
|upkeep
|turn|8
|
|t:|1619981956
|switch|p1a: Dugtrio|Dugtrio-Alola, F|100/100
|move|p2a: Golbat|Brave Bird|p1a: Dugtrio
|-resisted|p1a: Dugtrio
|-damage|p1a: Dugtrio|55/100
|-damage|p2a: Golbat|80/100|[from] Recoil
|
|upkeep
|turn|9
|
|t:|1619981960
|switch|p2a: Persian|Persian-Alola, M|100/100
|-damage|p2a: Persian|88/100|[from] Spikes
|move|p1a: Dugtrio|Stone Edge|p2a: Persian
|-crit|p2a: Persian
|-damage|p2a: Persian|59/100
|
|-heal|p2a: Persian|65/100|[from] item: Leftovers
|upkeep
|turn|10
|
|t:|1619981965
|switch|p1a: Miltank|Miltank, F|100/100
|move|p2a: Persian|Foul Play|p1a: Miltank
|-damage|p1a: Miltank|78/100
|
|-heal|p2a: Persian|71/100|[from] item: Leftovers
|upkeep
|turn|11
|
|t:|1619981968
|move|p2a: Persian|Parting Shot|p1a: Miltank
|-unboost|p1a: Miltank|atk|1
|-unboost|p1a: Miltank|spa|1
|
|t:|1619981974
|switch|p2a: Golbat|Golbat, F|80/100|[from]move: Parting Shot
|move|p1a: Miltank|Toxic|p2a: Golbat
|-immune|p2a: Golbat
|
|upkeep
|turn|12
|
|t:|1619981983
|move|p1a: Miltank|Heal Bell|p1a: Miltank
|-activate|p1a: Miltank|move: Heal Bell
|-curestatus|p1: Gurdurr|slp|[msg]
|move|p2a: Golbat|Defog|p1a: Miltank
|-unboost|p1a: Miltank|evasion|1
|-sideend|p2: ayo bb|Spikes|[from] move: Defog|[of] p2a: Golbat
|
|upkeep
|turn|13
|
|t:|1619981993
|move|p1a: Miltank|Body Slam|p2a: Golbat
|-damage|p2a: Golbat|70/100
|move|p2a: Golbat|Toxic|p1a: Miltank
|-status|p1a: Miltank|tox
|
|-damage|p1a: Miltank|72/100 tox|[from] psn
|upkeep
|turn|14
|
|t:|1619981997
|move|p1a: Miltank|Body Slam|p2a: Golbat
|-damage|p2a: Golbat|61/100
|move|p2a: Golbat|Roost|p2a: Golbat
|-heal|p2a: Golbat|100/100
|-singleturn|p2a: Golbat|move: Roost
|
|-damage|p1a: Miltank|60/100 tox|[from] psn
|upkeep
|turn|15
|
|t:|1619982002
|switch|p2a: Stunfisk|Stunfisk-Galar, F|100/100
|move|p1a: Miltank|Heal Bell|p1a: Miltank
|-activate|p1a: Miltank|move: Heal Bell
|-curestatus|p1a: Miltank|tox|[msg]
|
|upkeep
|turn|16
|
|t:|1619982010
|switch|p1a: Roselia|Roselia, M|100/100
|move|p2a: Stunfisk|Yawn|p1a: Roselia
|-start|p1a: Roselia|move: Yawn|[of] p2a: Stunfisk
|
|upkeep
|turn|17
|
|t:|1619982015
|switch|p1a: Dugtrio|Dugtrio-Alola, F|55/100
|move|p2a: Stunfisk|Earthquake|p1a: Dugtrio
|-supereffective|p1a: Dugtrio
|-damage|p1a: Dugtrio|0 fnt
|faint|p1a: Dugtrio
|
|upkeep
|j| Arome de La Fleur
|
|t:|1619982021
|switch|p1a: Charizard|Charizard, M|100/100
|turn|18
|
|t:|1619982031
|switch|p2a: Gigalith|Gigalith, F|100/100
|-weather|Sandstorm|[from] ability: Sand Stream|[of] p2a: Gigalith
|move|p1a: Charizard|Scorching Sands|p2a: Gigalith
|-supereffective|p2a: Gigalith
|-damage|p2a: Gigalith|80/100
|-status|p2a: Gigalith|brn
|
|-weather|Sandstorm|[upkeep]
|-damage|p1a: Charizard|94/100|[from] Sandstorm
|-heal|p2a: Gigalith|86/100 brn|[from] item: Leftovers
|-damage|p2a: Gigalith|80/100 brn|[from] brn
|upkeep
|turn|19
|
|t:|1619982040
|switch|p1a: Gurdurr|Gurdurr, F|26/100
|move|p2a: Gigalith|Stealth Rock|p1a: Gurdurr
|-sidestart|p1: urndanger|move: Stealth Rock
|
|-weather|Sandstorm|[upkeep]
|-damage|p1a: Gurdurr|20/100|[from] Sandstorm
|-heal|p2a: Gigalith|86/100 brn|[from] item: Leftovers
|-damage|p2a: Gigalith|80/100 brn|[from] brn
|upkeep
|turn|20
|
|t:|1619982044
|switch|p2a: Gourgeist|Gourgeist-Super, F|100/100
|-item|p1a: Gurdurr|Eviolite|[from] ability: Frisk|[of] p2a: Gourgeist|[identify]
|move|p1a: Gurdurr|Knock Off|p2a: Gourgeist
|-supereffective|p2a: Gourgeist
|-damage|p2a: Gourgeist|52/100
|-enditem|p2a: Gourgeist|Spell Tag|[from] move: Knock Off|[of] p1a: Gurdurr
|
|-weather|Sandstorm|[upkeep]
|-damage|p1a: Gurdurr|14/100|[from] Sandstorm
|-damage|p2a: Gourgeist|46/100|[from] Sandstorm
|upkeep
|turn|21
|
|t:|1619982052
|switch|p1a: Miltank|Miltank, F|60/100
|move|p2a: Gourgeist|Synthesis|p2a: Gourgeist
|-heal|p2a: Gourgeist|71/100
|
|-weather|Sandstorm|[upkeep]
|-damage|p1a: Miltank|54/100|[from] Sandstorm
|-damage|p2a: Gourgeist|64/100|[from] Sandstorm
|upkeep
|turn|22
|
|t:|1619982056
|switch|p2a: Stunfisk|Stunfisk-Galar, F|100/100
|move|p1a: Miltank|Toxic|p2a: Stunfisk
|-immune|p2a: Stunfisk
|
|-weather|none
|upkeep
|turn|23
|
|t:|1619982060
|switch|p1a: Charizard|Charizard, M|94/100
|move|p2a: Stunfisk|Snap Trap|p1a: Charizard
|-resisted|p1a: Charizard
|-damage|p1a: Charizard|92/100
|-activate|p1a: Charizard|move: Snap Trap|[of] p2a: Stunfisk
|
|-damage|p1a: Charizard|80/100|[from] move: Snap Trap|[partiallytrapped]
|upkeep
|turn|24
|
|t:|1619982070
|switch|p2a: Poliwrath|Poliwrath, F|100/100
|move|p1a: Charizard|Flamethrower|p2a: Poliwrath
|-resisted|p2a: Poliwrath
|-damage|p2a: Poliwrath|77/100
|
|-end|p1a: Charizard|Snap Trap|[partiallytrapped]|[silent]
|upkeep
|turn|25
|
|t:|1619982081
|move|p1a: Charizard|Air Slash|p2a: Poliwrath
|-supereffective|p2a: Poliwrath
|-damage|p2a: Poliwrath|2/100
|cant|p2a: Poliwrath|flinch
|
|upkeep
|turn|26
|
|t:|1619982089
|switch|p2a: Golbat|Golbat, F|100/100
|move|p1a: Charizard|Flamethrower|p2a: Golbat
|-damage|p2a: Golbat|65/100
|
|upkeep
|turn|27
|
|t:|1619982098
|switch|p1a: Miltank|Miltank, F|54/100
|move|p2a: Golbat|Toxic|p1a: Miltank
|-status|p1a: Miltank|tox
|
|-damage|p1a: Miltank|48/100 tox|[from] psn
|upkeep
|turn|28
|
|t:|1619982101
|move|p1a: Miltank|Milk Drink|p1a: Miltank
|-heal|p1a: Miltank|98/100 tox
|move|p2a: Golbat|Brave Bird|p1a: Miltank
|-damage|p1a: Miltank|71/100 tox
|-damage|p2a: Golbat|56/100|[from] Recoil
|
|-damage|p1a: Miltank|59/100 tox|[from] psn
|upkeep
|turn|29
|
|t:|1619982106
|move|p1a: Miltank|Heal Bell|p1a: Miltank
|-activate|p1a: Miltank|move: Heal Bell
|-curestatus|p1a: Miltank|tox|[msg]
|move|p2a: Golbat|Roost|p2a: Golbat
|-heal|p2a: Golbat|100/100
|-singleturn|p2a: Golbat|move: Roost
|
|upkeep
|turn|30
|
|t:|1619982110
|move|p1a: Miltank|Body Slam|p2a: Golbat
|-damage|p2a: Golbat|87/100
|move|p2a: Golbat|Toxic|p1a: Miltank
|-status|p1a: Miltank|tox
|
|-damage|p1a: Miltank|53/100 tox|[from] psn
|upkeep
|turn|31
|
|t:|1619982114
|switch|p2a: Stunfisk|Stunfisk-Galar, F|100/100
|move|p1a: Miltank|Body Slam|p2a: Stunfisk
|-resisted|p2a: Stunfisk
|-damage|p2a: Stunfisk|94/100
|-status|p2a: Stunfisk|par
|
|-heal|p2a: Stunfisk|99/100 par|[from] item: Leftovers
|-damage|p1a: Miltank|40/100 tox|[from] psn
|upkeep
|turn|32
|
|t:|1619982119
|switch|p1a: Charizard|Charizard, M|80/100
|cant|p2a: Stunfisk|par
|
|-heal|p2a: Stunfisk|100/100 par|[from] item: Leftovers
|upkeep
|turn|33
|
|t:|1619982124
|switch|p2a: Gigalith|Gigalith, F|80/100 brn
|-weather|Sandstorm|[from] ability: Sand Stream|[of] p2a: Gigalith
|move|p1a: Charizard|Flamethrower|p2a: Gigalith
|-resisted|p2a: Gigalith
|-damage|p2a: Gigalith|69/100 brn
|
|-weather|Sandstorm|[upkeep]
|-damage|p1a: Charizard|74/100|[from] Sandstorm
|-heal|p2a: Gigalith|76/100 brn|[from] item: Leftovers
|-damage|p2a: Gigalith|69/100 brn|[from] brn
|upkeep
|turn|34
|
|t:|1619982135
|switch|p1a: Roselia|Roselia, M|100/100
|-damage|p1a: Roselia|88/100|[from] Stealth Rock
|move|p2a: Gigalith|Rock Blast|p1a: Roselia
|-damage|p1a: Roselia|79/100
|-damage|p1a: Roselia|71/100
|-damage|p1a: Roselia|63/100
|-damage|p1a: Roselia|55/100
|-hitcount|p1a: Roselia|4
|
|-weather|Sandstorm|[upkeep]
|-damage|p1a: Roselia|49/100|[from] Sandstorm
|-heal|p2a: Gigalith|76/100 brn|[from] item: Leftovers
|-damage|p2a: Gigalith|69/100 brn|[from] brn
|upkeep
|turn|35
|
|t:|1619982141
|switch|p2a: Golbat|Golbat, F|87/100
|move|p1a: Roselia|Spikes|p2a: Golbat
|-sidestart|p2: ayo bb|Spikes
|
|-weather|Sandstorm|[upkeep]
|-damage|p2a: Golbat|81/100|[from] Sandstorm
|-damage|p1a: Roselia|43/100|[from] Sandstorm
|upkeep
|turn|36
|
|t:|1619982150
|switch|p1a: Charizard|Charizard, M|74/100
|move|p2a: Golbat|Brave Bird|p1a: Charizard
|-damage|p1a: Charizard|29/100
|-damage|p2a: Golbat|68/100|[from] Recoil
|
|-weather|Sandstorm|[upkeep]
|-damage|p1a: Charizard|23/100|[from] Sandstorm
|-damage|p2a: Golbat|62/100|[from] Sandstorm
|upkeep
|turn|37
|
|t:|1619982155
|switch|p1a: Gurdurr|Gurdurr, F|14/100
|-damage|p1a: Gurdurr|8/100|[from] Stealth Rock
|move|p2a: Golbat|Toxic|p1a: Gurdurr
|-status|p1a: Gurdurr|tox
|
|-weather|none
|-damage|p1a: Gurdurr|2/100 tox|[from] psn
|upkeep
|turn|38
|
|t:|1619982158
|move|p2a: Golbat|Brave Bird|p1a: Gurdurr
|-supereffective|p1a: Gurdurr
|-damage|p1a: Gurdurr|0 fnt
|faint|p1a: Gurdurr
|-damage|p2a: Golbat|62/100|[from] Recoil
|
|upkeep
|
|t:|1619982182
|switch|p1a: Silvally|Silvally-Ghost|100/100
|-damage|p1a: Silvally|88/100|[from] Stealth Rock
|turn|39
|
|t:|1619982187
|switch|p2a: Persian|Persian-Alola, M|71/100
|-damage|p2a: Persian|59/100|[from] Spikes
|move|p1a: Silvally|Swords Dance|p1a: Silvally
|-boost|p1a: Silvally|atk|2
|
|-heal|p2a: Persian|65/100|[from] item: Leftovers
|upkeep
|turn|40
|
|t:|1619982192
|switch|p1a: Miltank|Miltank, F|40/100 tox
|move|p2a: Persian|Foul Play|p1a: Miltank
|-damage|p1a: Miltank|21/100 tox
|
|-heal|p2a: Persian|71/100|[from] item: Leftovers
|-damage|p1a: Miltank|15/100 tox|[from] psn
|upkeep
|turn|41
|
|t:|1619982196
|move|p2a: Persian|Foul Play|p1a: Miltank
|-damage|p1a: Miltank|0 fnt
|faint|p1a: Miltank
|
|-heal|p2a: Persian|77/100|[from] item: Leftovers
|upkeep
|
|t:|1619982198
|switch|p1a: Roselia|Roselia, M|43/100
|-damage|p1a: Roselia|30/100|[from] Stealth Rock
|turn|42
|
|t:|1619982202
|move|p2a: Persian|Parting Shot|p1a: Roselia
|-unboost|p1a: Roselia|atk|1
|-unboost|p1a: Roselia|spa|1
|
|t:|1619982204
|switch|p2a: Golbat|Golbat, F|62/100|[from]move: Parting Shot
|move|p1a: Roselia|Synthesis|p1a: Roselia
|-heal|p1a: Roselia|80/100
|
|upkeep
|turn|43
|
|t:|1619982210
|switch|p1a: Charizard|Charizard, M|23/100
|move|p2a: Golbat|Brave Bird|p1a: Charizard
|-damage|p1a: Charizard|0 fnt
|faint|p1a: Charizard
|-damage|p2a: Golbat|55/100|[from] Recoil
|
|upkeep
|
|t:|1619982212
|switch|p1a: Silvally|Silvally-Ghost|88/100
|-damage|p1a: Silvally|76/100|[from] Stealth Rock
|turn|44
|
|t:|1619982216
|switch|p2a: Persian|Persian-Alola, M|77/100
|-damage|p2a: Persian|65/100|[from] Spikes
|move|p1a: Silvally|Swords Dance|p1a: Silvally
|-boost|p1a: Silvally|atk|2
|
|-heal|p2a: Persian|71/100|[from] item: Leftovers
|upkeep
|turn|45
|
|t:|1619982218
|move|p2a: Persian|Foul Play|p1a: Silvally
|-supereffective|p1a: Silvally
|-crit|p1a: Silvally
|-damage|p1a: Silvally|0 fnt
|faint|p1a: Silvally
|
|-heal|p2a: Persian|77/100|[from] item: Leftovers
|upkeep
|-message|urndanger forfeited.
|
|win|ayo bb
|l|☆urndanger
|raw|urndanger's rating: 1438 &rarr; <strong>1426</strong><br />(-12 for losing)
|raw|ayo bb's rating: 1583 &rarr; <strong>1595</strong><br />(+12 for winning)
|l|☆ayo bb
|l| Arome de La Fleur
||Ladder isn't responding, score probably updated but might not have (Request timeout).
