|j|☆milktank2105
|j|☆panned bomb
|t:|1644180391
|gametype|singles
|player|p1|milktank2105|170|1359
|player|p2|panned bomb|102|1444
|teamsize|p1|6
|teamsize|p2|6
|gen|8
|tier|[Gen 8] PU
|rated|
|rule|Sleep Clause Mod: Limit one foe put to sleep
|rule|Species Clause: Limit one of each Pokémon
|rule|OHKO Clause: OHKO moves are banned
|rule|Evasion Moves Clause: Evasion moves are banned
|rule|Endless Battle Clause: Forcing endless battles is banned
|rule|HP Percentage Mod: HP is shown in percentages
|rule|Dynamax Clause: You cannot dynamax
|clearpoke
|poke|p1|Gigalith, M|
|poke|p1|Sandslash, F|
|poke|p1|Togedemaru, M|
|poke|p1|Sneasel, F|
|poke|p1|Vikavolt, M|
|poke|p1|Espeon, F|
|poke|p2|Frosmoth, M|
|poke|p2|Archeops, F|
|poke|p2|Perrserker, M|
|poke|p2|Palossand, M|
|poke|p2|Musharna, F|
|poke|p2|Flapple, M|
|teampreview
|
|t:|1644180414
|start
|switch|p1a: Togedemaru|Togedemaru, M|100/100
|switch|p2a: Perrserker|Perrserker, M|100/100
|turn|1
|
|t:|1644180419
|move|p1a: Togedemaru|U-turn|p2a: Perrserker
|-resisted|p2a: Perrserker
|-damage|p2a: Perrserker|89/100
|
|t:|1644180422
|switch|p1a: Vikavolt|Vikavolt, M|100/100|[from]move: U-turn
|move|p2a: Perrserker|U-turn|p1a: Vikavolt
|-damage|p1a: Vikavolt|79/100
|
|t:|1644180432
|switch|p2a: Archeops|Archeops, F|100/100|[from]move: U-turn
|
|upkeep
|turn|2
|
|t:|1644180452
|switch|p1a: Togedemaru|Togedemaru, M|100/100
|move|p2a: Archeops|Stone Edge|p1a: Togedemaru
|-resisted|p1a: Togedemaru
|-damage|p1a: Togedemaru|48/100
|
|upkeep
|turn|3
|
|t:|1644180459
|switch|p2a: Palossand|Palossand, M|100/100
|move|p1a: Togedemaru|Iron Head|p2a: Palossand
|-damage|p2a: Palossand|71/100
|-damage|p1a: Togedemaru|32/100|[from] item: Rocky Helmet|[of] p2a: Palossand
|
|upkeep
|turn|4
|l|☆milktank2105
|player|p1|
|j| Riyad Mahrez
|inactive|Battle timer is ON: inactive players will automatically lose when time's up. (requested by panned bomb)
|j|☆milktank2105
|inactive|milktank2105 reconnected and has 130 seconds left.
|player|p1|milktank2105|170
|inactive|milktank2105 has 120 seconds left.
|
|t:|1644180521
|switch|p1a: Sneasel|Sneasel, F|100/100
|move|p2a: Palossand|Shadow Ball|p1a: Sneasel
|-resisted|p1a: Sneasel
|-damage|p1a: Sneasel|66/100
|
|upkeep
|turn|5
|
|t:|1644180525
|switch|p2a: Musharna|Musharna, F|100/100
|move|p1a: Sneasel|Knock Off|p2a: Musharna
|-supereffective|p2a: Musharna
|-damage|p2a: Musharna|44/100
|
|upkeep
|turn|6
|
|t:|1644180542
|move|p1a: Sneasel|Knock Off|p2a: Musharna
|-supereffective|p2a: Musharna
|-damage|p2a: Musharna|0 fnt
|faint|p2a: Musharna
|
|upkeep
|
|t:|1644180545
|switch|p2a: Flapple|Flapple, M|100/100
|turn|7
|
|t:|1644180555
|move|p2a: Flapple|U-turn|p1a: Sneasel
|-supereffective|p1a: Sneasel
|-damage|p1a: Sneasel|0 fnt
|faint|p1a: Sneasel
|
|t:|1644180568
|switch|p2a: Archeops|Archeops, F|100/100|[from]move: U-turn
|
|upkeep
|
|t:|1644180576
|switch|p1a: Togedemaru|Togedemaru, M|32/100
|turn|8
|
|t:|1644180581
|switch|p2a: Palossand|Palossand, M|71/100
|move|p1a: Togedemaru|U-turn|p2a: Palossand
|-resisted|p2a: Palossand
|-damage|p2a: Palossand|61/100
|-damage|p1a: Togedemaru|15/100|[from] item: Rocky Helmet|[of] p2a: Palossand
|
|t:|1644180597
|switch|p1a: Espeon|Espeon, F|100/100|[from]move: U-turn
|
|upkeep
|turn|9
|
|t:|1644180601
|switch|p2a: Perrserker|Perrserker, M|89/100
|move|p1a: Espeon|Shadow Ball|p2a: Perrserker
|-damage|p2a: Perrserker|23/100
|
|-heal|p2a: Perrserker|29/100|[from] item: Leftovers
|upkeep
|turn|10
|
|t:|1644180606
|switch|p2a: Frosmoth|Frosmoth, M|100/100
|move|p1a: Espeon|Shadow Ball|p2a: Frosmoth
|-damage|p2a: Frosmoth|76/100
|
|upkeep
|turn|11
|inactive|panned bomb has 120 seconds left.
|
|t:|1644180639
|switch|p1a: Gigalith|Gigalith, M|100/100
|-weather|Sandstorm|[from] ability: Sand Stream|[of] p1a: Gigalith
|switch|p2a: Palossand|Palossand, M|61/100
|
|-weather|Sandstorm|[upkeep]
|upkeep
|turn|12
|inactive|panned bomb has 120 seconds left.
|inactive|milktank2105 has 120 seconds left.
|
|t:|1644180688
|switch|p1a: Sandslash|Sandslash, F|100/100
|move|p2a: Palossand|Stealth Rock|p1a: Sandslash
|-sidestart|p1: milktank2105|move: Stealth Rock
|
|-weather|Sandstorm|[upkeep]
|upkeep
|turn|13
|
|t:|1644180693
|move|p1a: Sandslash|Swords Dance|p1a: Sandslash
|-boost|p1a: Sandslash|atk|2
|move|p2a: Palossand|Shadow Ball|p1a: Sandslash
|-damage|p1a: Sandslash|25/100
|
|-weather|Sandstorm|[upkeep]
|upkeep
|turn|14
|
|t:|1644180700
|move|p1a: Sandslash|Earthquake|p2a: Palossand
|-damage|p2a: Palossand|0 fnt
|faint|p2a: Palossand
|-damage|p1a: Sandslash|15/100|[from] item: Life Orb
|
|-weather|Sandstorm|[upkeep]
|upkeep
|
|t:|1644180709
|switch|p2a: Perrserker|Perrserker, M|29/100
|turn|15
|
|t:|1644180712
|move|p2a: Perrserker|Protect|p2a: Perrserker
|-singleturn|p2a: Perrserker|Protect
|move|p1a: Sandslash|Knock Off|p2a: Perrserker
|-activate|p2a: Perrserker|move: Protect
|
|-weather|Sandstorm|[upkeep]
|-heal|p2a: Perrserker|35/100|[from] item: Leftovers
|upkeep
|turn|16
|
|t:|1644180722
|switch|p2a: Archeops|Archeops, F|100/100
|move|p1a: Sandslash|Knock Off|p2a: Archeops
|-damage|p2a: Archeops|0 fnt
|-enditem|p2a: Archeops|Heavy-Duty Boots|[from] move: Knock Off|[of] p1a: Sandslash
|faint|p2a: Archeops
|-damage|p1a: Sandslash|5/100|[from] item: Life Orb
|
|-weather|Sandstorm|[upkeep]
|upkeep
|
|t:|1644180733
|switch|p2a: Perrserker|Perrserker, M|35/100
|turn|17
|
|t:|1644180736
|move|p2a: Perrserker|Protect|p2a: Perrserker
|-singleturn|p2a: Perrserker|Protect
|move|p1a: Sandslash|Earthquake|p2a: Perrserker
|-activate|p2a: Perrserker|move: Protect
|
|-weather|Sandstorm|[upkeep]
|-heal|p2a: Perrserker|41/100|[from] item: Leftovers
|upkeep
|turn|18
|
|t:|1644180743
|move|p1a: Sandslash|Knock Off|p2a: Perrserker
|-damage|p2a: Perrserker|0 fnt
|-enditem|p2a: Perrserker|Leftovers|[from] move: Knock Off|[of] p1a: Sandslash
|faint|p2a: Perrserker
|-damage|p1a: Sandslash|0 fnt|[from] item: Life Orb
|faint|p1a: Sandslash
|
|-weather|none
|upkeep
|
|t:|1644180759
|switch|p1a: Gigalith|Gigalith, M|100/100
|switch|p2a: Flapple|Flapple, M|100/100
|-damage|p1a: Gigalith|88/100|[from] Stealth Rock
|-weather|Sandstorm|[from] ability: Sand Stream|[of] p1a: Gigalith
|turn|19
|
|t:|1644180767
|move|p2a: Flapple|Grav Apple|p1a: Gigalith
|-supereffective|p1a: Gigalith
|-damage|p1a: Gigalith|9/100
|-unboost|p1a: Gigalith|def|1
|move|p1a: Gigalith|Iron Defense|p1a: Gigalith
|-boost|p1a: Gigalith|def|2
|
|-weather|Sandstorm|[upkeep]
|-damage|p2a: Flapple|94/100|[from] Sandstorm
|upkeep
|turn|20
|
|t:|1644180773
|move|p2a: Flapple|Grav Apple|p1a: Gigalith
|-supereffective|p1a: Gigalith
|-damage|p1a: Gigalith|0 fnt
|faint|p1a: Gigalith
|
|-weather|Sandstorm|[upkeep]
|-damage|p2a: Flapple|88/100|[from] Sandstorm
|upkeep
|
|t:|1644180778
|switch|p1a: Vikavolt|Vikavolt, M|79/100
|turn|21
|
|t:|1644180782
|move|p2a: Flapple|Grav Apple|p1a: Vikavolt|[miss]
|-miss|p2a: Flapple|p1a: Vikavolt
|move|p1a: Vikavolt|Bug Buzz|p2a: Flapple
|-supereffective|p2a: Flapple
|-damage|p2a: Flapple|0 fnt
|faint|p2a: Flapple
|
|-weather|Sandstorm|[upkeep]
|-damage|p1a: Vikavolt|73/100|[from] Sandstorm
|upkeep
|
|t:|1644180783
|switch|p2a: Frosmoth|Frosmoth, M|76/100
|turn|22
|
|t:|1644180793
|switch|p1a: Togedemaru|Togedemaru, M|15/100
|-damage|p1a: Togedemaru|9/100|[from] Stealth Rock
|move|p2a: Frosmoth|Substitute|p2a: Frosmoth
|-start|p2a: Frosmoth|Substitute
|-damage|p2a: Frosmoth|51/100
|
|-weather|Sandstorm|[upkeep]
|-damage|p2a: Frosmoth|45/100|[from] Sandstorm
|upkeep
|turn|23
|
|t:|1644180799
|move|p1a: Togedemaru|Iron Head|p2a: Frosmoth
|-supereffective|p2a: Frosmoth
|-end|p2a: Frosmoth|Substitute
|move|p2a: Frosmoth|Ice Beam|p1a: Togedemaru
|-resisted|p1a: Togedemaru
|-damage|p1a: Togedemaru|0 fnt
|faint|p1a: Togedemaru
|
|-weather|Sandstorm|[upkeep]
|-damage|p2a: Frosmoth|39/100|[from] Sandstorm
|upkeep
|
|t:|1644180804
|switch|p1a: Espeon|Espeon, F|100/100
|-damage|p1a: Espeon|88/100|[from] Stealth Rock
|turn|24
|
|t:|1644180808
|move|p1a: Espeon|Psychic|p2a: Frosmoth
|-damage|p2a: Frosmoth|0 fnt
|faint|p2a: Frosmoth
|
|win|milktank2105
|raw|milktank2105's rating: 1359 &rarr; <strong>1384</strong><br />(+25 for winning)
|raw|panned bomb's rating: 1444 &rarr; <strong>1419</strong><br />(-25 for losing)
|c|☆panned bomb|GG
|c| Riyad Mahrez|gg3+
|l| Riyad Mahrez
|c|☆milktank2105|gg
|l|☆panned bomb
||Ladder isn't responding, score probably updated but might not have (Request timeout).
