|j|☆PULT4C1 Gomure
|j|☆yassy slay
|t:|1661030426
|gametype|singles
|player|p1|PULT4C1 Gomure|lucas|1365
|player|p2|yassy slay|clown|1593
|teamsize|p1|6
|teamsize|p2|6
|gen|8
|tier|[Gen 8] PU
|rated|
|rule|Sleep Clause Mod: Limit one foe put to sleep
|rule|Species Clause: Limit one of each Pokémon
|rule|OHKO Clause: OHKO moves are banned
|rule|Evasion Items Clause: Evasion items are banned
|rule|Evasion Moves Clause: Evasion moves are banned
|rule|Endless Battle Clause: Forcing endless battles is banned
|rule|HP Percentage Mod: HP is shown in percentages
|rule|Dynamax Clause: You cannot dynamax
|clearpoke
|poke|p1|Silvally-*|
|poke|p1|Centiskorch, F|
|poke|p1|Ferroseed, M|
|poke|p1|Quagsire, F|
|poke|p1|Aromatisse, F|
|poke|p1|Aurorus, M|
|poke|p2|Flapple, M|
|poke|p2|Weezing, M|
|poke|p2|Comfey, M|
|poke|p2|Gourgeist-*, F|
|poke|p2|Gigalith, F|
|poke|p2|Sandslash, F|
|teampreview
|c|☆PULT4C1 Gomure|hf
|c|☆yassy slay|u 2
|
|t:|1661030462
|start
|switch|p1a: Aurorus|Aurorus, M|100/100
|switch|p2a: Comfey|Comfey, M|100/100
|turn|1
|
|t:|1661030470
|switch|p2a: Gigalith|Gigalith, F|100/100
|-weather|Sandstorm|[from] ability: Sand Stream|[of] p2a: Gigalith
|move|p1a: Aurorus|Earth Power|p2a: Gigalith
|-supereffective|p2a: Gigalith
|-damage|p2a: Gigalith|70/100
|-unboost|p2a: Gigalith|spd|1
|
|-weather|Sandstorm|[upkeep]
|-heal|p2a: Gigalith|76/100|[from] item: Leftovers
|upkeep
|turn|2
|
|t:|1661030479
|switch|p1a: Ferroseed|Ferroseed, M|100/100
|switch|p2a: Flapple|Flapple, M|100/100
|
|-weather|Sandstorm|[upkeep]
|-damage|p2a: Flapple|94/100|[from] Sandstorm
|upkeep
|turn|3
|j| PULT4C1 LW
|j| ekelelellee
|j| PULT4C1 Haffling
|
|t:|1661030489
|move|p2a: Flapple|U-turn|p1a: Ferroseed
|-damage|p1a: Ferroseed|73/100
|-damage|p2a: Flapple|82/100|[from] ability: Iron Barbs|[of] p1a: Ferroseed
|-damage|p2a: Flapple|72/100|[from] item: Life Orb
|
|t:|1661030496
|switch|p2a: Weezing|Weezing, M|100/100|[from]move: U-turn
|-ability|p2a: Weezing|Neutralizing Gas
|move|p1a: Ferroseed|Stealth Rock|p2a: Weezing
|-sidestart|p2: yassy slay|move: Stealth Rock
|
|-weather|Sandstorm|[upkeep]
|-damage|p2a: Weezing|95/100|[from] Sandstorm
|-heal|p2a: Weezing|100/100|[from] item: Black Sludge
|upkeep
|turn|4
|j| PULT4C1 zoowi
|j| xSkelly34
|j| PULT4C1 Inder
|
|t:|1661030503
|switch|p1a: Centiskorch|Centiskorch, F|100/100
|move|p2a: Weezing|Toxic Spikes|p1a: Centiskorch
|-sidestart|p1: PULT4C1 Gomure|move: Toxic Spikes
|
|-weather|Sandstorm|[upkeep]
|-damage|p2a: Weezing|95/100|[from] Sandstorm
|-damage|p1a: Centiskorch|94/100|[from] Sandstorm
|-heal|p2a: Weezing|100/100|[from] item: Black Sludge
|upkeep
|turn|5
|j| Micciu20250
|
|t:|1661030517
|move|p2a: Weezing|Sludge Bomb|p1a: Centiskorch
|-crit|p1a: Centiskorch
|-damage|p1a: Centiskorch|68/100
|move|p1a: Centiskorch|Fire Lash|p2a: Weezing
|-damage|p2a: Weezing|78/100
|-unboost|p2a: Weezing|def|1
|
|-weather|none
|-heal|p2a: Weezing|84/100|[from] item: Black Sludge
|upkeep
|turn|6
|c| PULT4C1 LW|was there always a sandslash on this team
|c|☆yassy slay|nah it used to be a uhhh morpeko
|
|t:|1661030534
|move|p2a: Weezing|Sludge Bomb|p1a: Centiskorch
|-damage|p1a: Centiskorch|49/100
|move|p1a: Centiskorch|Knock Off|p2a: Weezing
|-damage|p2a: Weezing|60/100
|-enditem|p2a: Weezing|Black Sludge|[from] move: Knock Off|[of] p1a: Centiskorch
|
|upkeep
|turn|7
|l| Micciu20250
|c| PULT4C1 LW|i c
|
|t:|1661030550
|switch|p1a: Quagsire|Quagsire, F|100/100
|move|p2a: Weezing|Sludge Bomb|p1a: Quagsire
|-resisted|p1a: Quagsire
|-damage|p1a: Quagsire|85/100
|
|upkeep
|turn|8
|
|t:|1661030559
|-end|p2a: Weezing|ability: Neutralizing Gas
|switch|p2a: Gourgeist|Gourgeist-Super, F|100/100
|-damage|p2a: Gourgeist|88/100|[from] Stealth Rock
|-item|p1a: Quagsire|Heavy-Duty Boots|[from] ability: Frisk|[of] p2a: Gourgeist|[identify]
|move|p1a: Quagsire|Earthquake|p2a: Gourgeist
|-resisted|p2a: Gourgeist
|-damage|p2a: Gourgeist|75/100
|
|upkeep
|turn|9
|
|t:|1661030579
|switch|p1a: Ferroseed|Ferroseed, M|73/100
|move|p2a: Gourgeist|Poltergeist|p1a: Ferroseed
|-activate|p1a: Ferroseed|move: Poltergeist|Eviolite
|-damage|p1a: Ferroseed|43/100
|
|upkeep
|turn|10
|
|t:|1661030586
|move|p2a: Gourgeist|Poltergeist|p1a: Ferroseed
|-activate|p1a: Ferroseed|move: Poltergeist|Eviolite
|-damage|p1a: Ferroseed|11/100
|move|p1a: Ferroseed|Knock Off|p2a: Gourgeist
|-supereffective|p2a: Gourgeist
|-damage|p2a: Gourgeist|59/100
|
|upkeep
|turn|11
|
|t:|1661030599
|move|p2a: Gourgeist|Synthesis|p2a: Gourgeist
|-heal|p2a: Gourgeist|100/100
|move|p1a: Ferroseed|Spikes|p2a: Gourgeist
|-sidestart|p2: yassy slay|Spikes
|
|upkeep
|turn|12
|
|t:|1661030602
|move|p2a: Gourgeist|Poltergeist|p1a: Ferroseed|[miss]
|-miss|p2a: Gourgeist|p1a: Ferroseed
|move|p1a: Ferroseed|Spikes|p2a: Gourgeist
|-sidestart|p2: yassy slay|Spikes
|
|upkeep
|turn|13
|
|t:|1661030608
|move|p2a: Gourgeist|Poltergeist|p1a: Ferroseed
|-activate|p1a: Ferroseed|move: Poltergeist|Eviolite
|-damage|p1a: Ferroseed|0 fnt
|faint|p1a: Ferroseed
|
|upkeep
|
|t:|1661030612
|switch|p1a: Silvally|Silvally-Ghost|100/100
|-status|p1a: Silvally|psn
|turn|14
|
|t:|1661030621
|move|p1a: Silvally|Multi-Attack|p2a: Gourgeist
|-supereffective|p2a: Gourgeist
|-damage|p2a: Gourgeist|13/100
|move|p2a: Gourgeist|Poltergeist|p1a: Silvally
|-activate|p1a: Silvally|move: Poltergeist|Ghost Memory
|-supereffective|p1a: Silvally
|-damage|p1a: Silvally|0 fnt
|faint|p1a: Silvally
|
|upkeep
|
|t:|1661030633
|switch|p1a: Aurorus|Aurorus, M|100/100
|-status|p1a: Aurorus|psn
|turn|15
|l| PULT4C1 Haffling
|
|t:|1661030667
|switch|p2a: Gigalith|Gigalith, F|76/100
|-damage|p2a: Gigalith|64/100|[from] Stealth Rock
|-damage|p2a: Gigalith|47/100|[from] Spikes
|-weather|Sandstorm|[from] ability: Sand Stream|[of] p2a: Gigalith
|move|p1a: Aurorus|Ancient Power|p2a: Gigalith
|-damage|p2a: Gigalith|32/100
|
|-weather|Sandstorm|[upkeep]
|-heal|p2a: Gigalith|38/100|[from] item: Leftovers
|-damage|p1a: Aurorus|88/100 psn|[from] psn
|upkeep
|turn|16
|
|t:|1661030687
|switch|p1a: Quagsire|Quagsire, F|85/100
|move|p2a: Gigalith|Stealth Rock|p1a: Quagsire
|-sidestart|p1: PULT4C1 Gomure|move: Stealth Rock
|
|-weather|Sandstorm|[upkeep]
|-heal|p2a: Gigalith|44/100|[from] item: Leftovers
|upkeep
|turn|17
|
|t:|1661030697
|switch|p2a: Sandslash|Sandslash, F|100/100
|move|p1a: Quagsire|Liquidation|p2a: Sandslash
|-supereffective|p2a: Sandslash
|-damage|p2a: Sandslash|48/100
|
|-weather|Sandstorm|[upkeep]
|upkeep
|turn|18
|
|t:|1661030705
|move|p2a: Sandslash|Rapid Spin|p1a: Quagsire
|-damage|p1a: Quagsire|74/100
|-boost|p2a: Sandslash|spe|1
|-sideend|p2: yassy slay|Spikes|[from] move: Rapid Spin|[of] p2a: Sandslash
|-sideend|p2: yassy slay|Stealth Rock|[from] move: Rapid Spin|[of] p2a: Sandslash
|move|p1a: Quagsire|Liquidation|p2a: Sandslash
|-supereffective|p2a: Sandslash
|-damage|p2a: Sandslash|0 fnt
|faint|p2a: Sandslash
|
|-weather|Sandstorm|[upkeep]
|upkeep
|
|t:|1661030709
|switch|p2a: Flapple|Flapple, M|72/100
|turn|19
|
|t:|1661030735
|move|p2a: Flapple|Grav Apple|p1a: Quagsire
|-supereffective|p1a: Quagsire
|-damage|p1a: Quagsire|0 fnt
|faint|p1a: Quagsire
|-damage|p2a: Flapple|62/100|[from] item: Life Orb
|
|-weather|none
|upkeep
|
|t:|1661030737
|switch|p1a: Centiskorch|Centiskorch, F|49/100
|turn|20
|
|t:|1661030764
|switch|p2a: Weezing|Weezing, M|60/100
|-ability|p2a: Weezing|Neutralizing Gas
|move|p1a: Centiskorch|Leech Life|p2a: Weezing
|-resisted|p2a: Weezing
|-damage|p2a: Weezing|50/100
|-heal|p1a: Centiskorch|54/100|[from] drain|[of] p2a: Weezing
|
|upkeep
|turn|21
|
|t:|1661030768
|switch|p1a: Aromatisse|Aromatisse, F|100/100
|-status|p1a: Aromatisse|psn
|-damage|p1a: Aromatisse|88/100 psn|[from] Stealth Rock
|move|p2a: Weezing|Sludge Bomb|p1a: Aromatisse
|-supereffective|p1a: Aromatisse
|-damage|p1a: Aromatisse|53/100 psn
|
|-heal|p1a: Aromatisse|59/100 psn|[from] item: Leftovers
|-damage|p1a: Aromatisse|47/100 psn|[from] psn
|upkeep
|turn|22
|
|t:|1661030772
|move|p2a: Weezing|Sludge Bomb|p1a: Aromatisse
|-supereffective|p1a: Aromatisse
|-damage|p1a: Aromatisse|11/100 psn
|move|p1a: Aromatisse|Wish|p1a: Aromatisse
|
|-heal|p1a: Aromatisse|17/100 psn|[from] item: Leftovers
|-damage|p1a: Aromatisse|5/100 psn|[from] psn
|upkeep
|turn|23
|
|t:|1661030777
|-end|p2a: Weezing|ability: Neutralizing Gas
|switch|p2a: Gigalith|Gigalith, F|44/100
|-weather|Sandstorm|[from] ability: Sand Stream|[of] p2a: Gigalith
|switch|p1a: Aurorus|Aurorus, M|88/100 psn
|-damage|p1a: Aurorus|63/100 psn|[from] Stealth Rock
|
|-weather|Sandstorm|[upkeep]
|-heal|p1a: Aurorus|100/100 psn|[from] move: Wish|[wisher] Aromatisse
|-heal|p2a: Gigalith|50/100|[from] item: Leftovers
|-damage|p1a: Aurorus|88/100 psn|[from] psn
|upkeep
|turn|24
|
|t:|1661030796
|move|p1a: Aurorus|Hyper Voice|p2a: Gigalith
|-damage|p2a: Gigalith|24/100
|-enditem|p1a: Aurorus|Throat Spray
|-boost|p1a: Aurorus|spa|1|[from] item: Throat Spray
|move|p2a: Gigalith|Rock Blast|p1a: Aurorus
|-supereffective|p1a: Aurorus
|-damage|p1a: Aurorus|61/100 psn
|-supereffective|p1a: Aurorus
|-damage|p1a: Aurorus|34/100 psn
|-supereffective|p1a: Aurorus
|-damage|p1a: Aurorus|8/100 psn
|-supereffective|p1a: Aurorus
|-damage|p1a: Aurorus|0 fnt
|faint|p1a: Aurorus
|-hitcount|p1: Aurorus|4
|
|-weather|Sandstorm|[upkeep]
|-heal|p2a: Gigalith|30/100|[from] item: Leftovers
|upkeep
|
|t:|1661030801
|switch|p1a: Centiskorch|Centiskorch, F|54/100
|turn|25
|
|t:|1661030809
|move|p1a: Centiskorch|Power Whip|p2a: Gigalith|[miss]
|-miss|p1a: Centiskorch|p2a: Gigalith
|move|p2a: Gigalith|Rock Blast|p1a: Centiskorch
|-supereffective|p1a: Centiskorch
|-crit|p1a: Centiskorch
|-damage|p1a: Centiskorch|0 fnt
|faint|p1a: Centiskorch
|-hitcount|p1: Centiskorch|1
|
|-weather|Sandstorm|[upkeep]
|-heal|p2a: Gigalith|36/100|[from] item: Leftovers
|upkeep
|
|t:|1661030811
|switch|p1a: Aromatisse|Aromatisse, F|5/100 psn
|-damage|p1a: Aromatisse|0 fnt|[from] Stealth Rock
|faint|p1a: Aromatisse
|
|win|yassy slay
|raw|PULT4C1 Gomure's rating: 1365 &rarr; <strong>1357</strong><br />(-8 for losing)
|raw|yassy slay's rating: 1593 &rarr; <strong>1601</strong><br />(+8 for winning)
|c|☆PULT4C1 Gomure|gg
|c|☆yassy slay|gg
|l|☆yassy slay
|l|☆PULT4C1 Gomure
||Ladder isn't responding, score probably updated but might not have (Request timeout).
|l| PULT4C1 LW
