|j|☆Antares
|j|☆long story short
|t:|1665265425
|gametype|singles
|player|p1|Antares|galacticgrunt|
|player|p2|long story short|camper|
|teamsize|p1|6
|teamsize|p2|6
|gen|8
|tier|[Gen 8] PU
|rule|Sleep Clause Mod: Limit one foe put to sleep
|rule|Species Clause: Limit one of each Pokémon
|rule|OHKO Clause: OHKO moves are banned
|rule|Evasion Items Clause: Evasion items are banned
|rule|Evasion Moves Clause: Evasion moves are banned
|rule|Endless Battle Clause: Forcing endless battles is banned
|rule|HP Percentage Mod: HP is shown in percentages
|rule|Dynamax Clause: You cannot dynamax
|clearpoke
|poke|p1|Shuckle, M|
|poke|p1|Silvally-*|
|poke|p1|Mesprit|
|poke|p1|Jolteon, F|
|poke|p1|Qwilfish, F|
|poke|p1|Sandslash, M|
|poke|p2|Froslass, F|
|poke|p2|Ribombee, F|
|poke|p2|Qwilfish, F|
|poke|p2|Sneasel, M|
|poke|p2|Archeops, M|
|poke|p2|Doublade, M|
|teampreview
|
|t:|1665265436
|start
|switch|p1a: Shuckle|Shuckle, M|100/100
|switch|p2a: FINISH HIM|Froslass, F|100/100
|turn|1
|
|t:|1665265441
|move|p2a: FINISH HIM|Taunt|p1a: Shuckle
|-start|p1a: Shuckle|move: Taunt
|-enditem|p1a: Shuckle|Mental Herb
|-end|p1a: Shuckle|move: Taunt
|move|p1a: Shuckle|Sticky Web|p2a: FINISH HIM
|-sidestart|p2: long story short|move: Sticky Web
|
|upkeep
|turn|2
|
|t:|1665265445
|move|p2a: FINISH HIM|Taunt|p1a: Shuckle
|-start|p1a: Shuckle|move: Taunt
|cant|p1a: Shuckle|move: Taunt|Stealth Rock
|
|upkeep
|turn|3
|
|t:|1665265452
|switch|p1a: Jolteon|Jolteon, F|100/100
|move|p2a: FINISH HIM|Spikes|p1a: Jolteon
|-sidestart|p1: Antares|Spikes
|
|upkeep
|turn|4
|
|t:|1665265459
|move|p1a: Jolteon|Thunderbolt|p2a: FINISH HIM
|-damage|p2a: FINISH HIM|16/100
|move|p2a: FINISH HIM|Spikes|p1a: Jolteon
|-sidestart|p1: Antares|Spikes
|
|upkeep
|turn|5
|
|t:|1665265463
|move|p1a: Jolteon|Thunderbolt|p2a: FINISH HIM
|-damage|p2a: FINISH HIM|0 fnt
|-start|p1a: Jolteon|Disable|Thunderbolt|[from] ability: Cursed Body|[of] p2a: FINISH HIM
|faint|p2a: FINISH HIM
|
|upkeep
|
|t:|1665265479
|switch|p2a: DEMONIC|Qwilfish, F|100/100
|-activate|p2a: DEMONIC|move: Sticky Web
|-unboost|p2a: DEMONIC|spe|1
|-ability|p2a: DEMONIC|Intimidate|boost
|-unboost|p1a: Jolteon|atk|1
|turn|6
|
|t:|1665265487
|switch|p1a: Shuckle|Shuckle, M|100/100
|-damage|p1a: Shuckle|84/100|[from] Spikes
|move|p2a: DEMONIC|Swords Dance|p2a: DEMONIC
|-boost|p2a: DEMONIC|atk|2
|
|upkeep
|turn|7
|
|t:|1665265492
|move|p2a: DEMONIC|Liquidation|p1a: Shuckle
|-supereffective|p1a: Shuckle
|-damage|p1a: Shuckle|0 fnt
|faint|p1a: Shuckle
|
|upkeep
|
|t:|1665265495
|switch|p1a: Mesprit|Mesprit|100/100
|turn|8
|
|t:|1665265502
|switch|p1a: Sandslash|Sandslash, M|100/100
|move|p2a: DEMONIC|Liquidation|p1a: Sandslash
|-supereffective|p1a: Sandslash
|-damage|p1a: Sandslash|0 fnt
|faint|p1a: Sandslash
|
|upkeep
|
|t:|1665265509
|switch|p1a: Mesprit|Mesprit|100/100
|turn|9
|
|t:|1665265514
|move|p1a: Mesprit|Psychic|p2a: DEMONIC
|-supereffective|p2a: DEMONIC
|-damage|p2a: DEMONIC|0 fnt
|faint|p2a: DEMONIC
|
|upkeep
|
|t:|1665265524
|switch|p2a: UNLIMITED AMMO|Archeops, M|100/100
|turn|10
|
|t:|1665265527
|move|p2a: UNLIMITED AMMO|Meteor Beam||[still]
|-prepare|p2a: UNLIMITED AMMO|Meteor Beam
|-boost|p2a: UNLIMITED AMMO|spa|1
|-enditem|p2a: UNLIMITED AMMO|Power Herb
|-anim|p2a: UNLIMITED AMMO|Meteor Beam|p1a: Mesprit
|-damage|p1a: Mesprit|14/100
|move|p1a: Mesprit|Psychic|p2a: UNLIMITED AMMO
|-damage|p2a: UNLIMITED AMMO|32/100
|
|-heal|p1a: Mesprit|20/100|[from] item: Leftovers
|upkeep
|turn|11
|
|t:|1665265533
|move|p2a: UNLIMITED AMMO|Air Slash|p1a: Mesprit
|-damage|p1a: Mesprit|0 fnt
|faint|p1a: Mesprit
|
|upkeep
|
|t:|1665265538
|switch|p1a: Jolteon|Jolteon, F|100/100
|-damage|p1a: Jolteon|84/100|[from] Spikes
|turn|12
|
|t:|1665265540
|move|p1a: Jolteon|Thunderbolt|p2a: UNLIMITED AMMO
|-supereffective|p2a: UNLIMITED AMMO
|-damage|p2a: UNLIMITED AMMO|0 fnt
|faint|p2a: UNLIMITED AMMO
|
|upkeep
|
|t:|1665265557
|switch|p2a: STEEL|Doublade, M|100/100
|-activate|p2a: STEEL|move: Sticky Web
|-unboost|p2a: STEEL|spe|1
|turn|13
|j| passion
|
|t:|1665265561
|move|p1a: Jolteon|Thunderbolt|p2a: STEEL
|-damage|p2a: STEEL|31/100
|move|p2a: STEEL|Shadow Claw|p1a: Jolteon
|-damage|p1a: Jolteon|15/100
|
|upkeep
|turn|14
|
|t:|1665265566
|move|p2a: STEEL|Shadow Sneak|p1a: Jolteon
|-damage|p1a: Jolteon|0 fnt
|faint|p1a: Jolteon
|
|upkeep
|
|t:|1665265570
|switch|p1a: Silvally|Silvally-Ghost|100/100
|-damage|p1a: Silvally|84/100|[from] Spikes
|turn|15
|
|t:|1665265578
|move|p2a: STEEL|Shadow Sneak|p1a: Silvally
|-supereffective|p1a: Silvally
|-damage|p1a: Silvally|40/100
|move|p1a: Silvally|Multi-Attack|p2a: STEEL
|-supereffective|p2a: STEEL
|-damage|p2a: STEEL|0 fnt
|faint|p2a: STEEL
|
|upkeep
|l| passion
|
|t:|1665265648
|switch|p2a: NO REGRETS|Ribombee, F|100/100
|-activate|p2a: NO REGRETS|move: Sticky Web
|-unboost|p2a: NO REGRETS|spe|1
|turn|16
|
|t:|1665265654
|move|p1a: Silvally|Flame Charge|p2a: NO REGRETS
|-supereffective|p2a: NO REGRETS
|-damage|p2a: NO REGRETS|43/100
|-boost|p1a: Silvally|spe|1
|move|p2a: NO REGRETS|Psychic|p1a: Silvally
|-damage|p1a: Silvally|0 fnt
|faint|p1a: Silvally
|
|upkeep
|
|t:|1665265658
|switch|p1a: Qwilfish|Qwilfish, F|100/100
|-damage|p1a: Qwilfish|84/100|[from] Spikes
|-ability|p1a: Qwilfish|Intimidate|boost
|-unboost|p2a: NO REGRETS|atk|1
|turn|17
|
|t:|1665265665
|move|p1a: Qwilfish|Liquidation|p2a: NO REGRETS
|-damage|p2a: NO REGRETS|0 fnt
|faint|p2a: NO REGRETS
|-damage|p1a: Qwilfish|74/100|[from] item: Life Orb
|
|upkeep
|
|t:|1665265668
|switch|p2a: BLACK OPS 2|Sneasel, M|100/100
|-activate|p2a: BLACK OPS 2|move: Sticky Web
|-unboost|p2a: BLACK OPS 2|spe|1
|turn|18
|
|t:|1665265673
|move|p1a: Qwilfish|Liquidation|p2a: BLACK OPS 2
|-damage|p2a: BLACK OPS 2|0 fnt
|faint|p2a: BLACK OPS 2
|-damage|p1a: Qwilfish|64/100|[from] item: Life Orb
|
|win|Antares
|c|☆long story short|gg
|c|☆Antares|gg
|l|☆long story short
|l|☆Antares
|j|☆long story short
|player|p2|long story short|camper
|l|☆long story short
|player|p2|
|j|☆long story short
|player|p2|long story short|camper
