|j|‽IHaveLowGXE
|j|☆unclekurt
|t:|1603979205
|player|p1|IHaveLowGXE|102|1339
|player|p2|unclekurt|1|1060
|teamsize|p1|6
|teamsize|p2|6
|gametype|singles
|gen|8
|tier|[Gen 8] PU
|rated|
|clearpoke
|poke|p1|Metang|
|poke|p1|Magmar, F|
|poke|p1|Marshtomp, M|
|poke|p1|Liepard, F|
|poke|p1|Shiinotic, M|
|poke|p1|Silvally-*|
|poke|p2|Gourgeist-*, F|
|poke|p2|Boltund, F|
|poke|p2|Liepard, F|
|poke|p2|Mr. Rime, F|
|poke|p2|Drifblim, M|
|poke|p2|Dugtrio-Alola, F|
|rule|Sleep Clause Mod: Limit one foe put to sleep
|rule|Species Clause: Limit one of each Pokémon
|rule|OHKO Clause: OHKO moves are banned
|rule|Evasion Moves Clause: Evasion moves are banned
|rule|Endless Battle Clause: Forcing endless battles is banned
|rule|HP Percentage Mod: HP is shown in percentages
|rule|Dynamax Clause: You cannot dynamax
|teampreview
|inactive|Battle timer is ON: inactive players will automatically lose when time's up. (requested by IHaveLowGXE)
|
|t:|1603979245
|start
|switch|p1a: Liepard|Liepard, F|100/100
|switch|p2a: Gourgeist|Gourgeist-Super, F|100/100
|-item|p1a: Liepard|Black Glasses|[from] ability: Frisk|[of] p2a: Gourgeist|[identify]
|turn|1
|
|t:|1603979269
|move|p1a: Liepard|U-turn|p2a: Gourgeist
|-damage|p2a: Gourgeist|82/100
|
|t:|1603979271
|switch|p1a: Magmar|Magmar, F|100/100|[from]move: U-turn
|move|p2a: Gourgeist|Flame Charge|p1a: Magmar
|-resisted|p1a: Magmar
|-damage|p1a: Magmar|84/100
|-boost|p2a: Gourgeist|spe|1
|
|upkeep
|turn|2
|
|t:|1603979283
|switch|p1a: Shiinotic|Shiinotic, M|100/100
|move|p2a: Gourgeist|Flame Charge|p1a: Shiinotic
|-supereffective|p1a: Shiinotic
|-damage|p1a: Shiinotic|72/100
|-boost|p2a: Gourgeist|spe|1
|
|-heal|p1a: Shiinotic|78/100|[from] item: Leftovers
|upkeep
|turn|3
|
|t:|1603979296
|switch|p1a: Liepard|Liepard, F|100/100
|move|p2a: Gourgeist|Poltergeist|p1a: Liepard
|-activate|p1a: Liepard|move: Poltergeist|Black Glasses
|-resisted|p1a: Liepard
|-damage|p1a: Liepard|45/100
|
|upkeep
|turn|4
|
|t:|1603979305
|move|p1a: Liepard|Copycat|p1a: Liepard
|move|p1a: Liepard|Poltergeist|p2a: Gourgeist|[from]Copycat
|-activate|p2a: Gourgeist|move: Poltergeist|Weakness Policy
|-supereffective|p2a: Gourgeist
|-damage|p2a: Gourgeist|28/100
|-enditem|p2a: Gourgeist|Weakness Policy
|-boost|p2a: Gourgeist|atk|2|[from] item: Weakness Policy
|-boost|p2a: Gourgeist|spa|2|[from] item: Weakness Policy
|move|p2a: Gourgeist|Poltergeist|p1a: Liepard
|-activate|p1a: Liepard|move: Poltergeist|Black Glasses
|-resisted|p1a: Liepard
|-damage|p1a: Liepard|0 fnt
|faint|p1a: Liepard
|
|upkeep
|
|t:|1603979315
|switch|p1a: Silvally|Silvally-Poison|100/100
|turn|5
|
|t:|1603979320
|move|p2a: Gourgeist|Poltergeist|p1a: Silvally
|-activate|p1a: Silvally|move: Poltergeist|Poison Memory
|-damage|p1a: Silvally|0 fnt
|faint|p1a: Silvally
|
|upkeep
|
|t:|1603979326
|switch|p1a: Marshtomp|Marshtomp, M|100/100
|turn|6
|
|t:|1603979330
|move|p2a: Gourgeist|Power Whip|p1a: Marshtomp
|-supereffective|p1a: Marshtomp
|-damage|p1a: Marshtomp|0 fnt
|faint|p1a: Marshtomp
|
|upkeep
|-message|IHaveLowGXE forfeited.
|
|win|unclekurt
|l|‽IHaveLowGXE
||Ladder (probably) updated, but score could not be retrieved (Request timeout).
