|j|☆thedazedturtle
|j|☆JoJo Reference #11
|t:|1666932309
|gametype|singles
|player|p1|thedazedturtle|170|1100
|player|p2|JoJo Reference #11|265|1335
|teamsize|p1|6
|teamsize|p2|6
|gen|8
|tier|[Gen 8] PU
|rated|
|rule|Sleep Clause Mod: Limit one foe put to sleep
|rule|Species Clause: Limit one of each Pokémon
|rule|OHKO Clause: OHKO moves are banned
|rule|Evasion Items Clause: Evasion items are banned
|rule|Evasion Moves Clause: Evasion moves are banned
|rule|Endless Battle Clause: Forcing endless battles is banned
|rule|HP Percentage Mod: HP is shown in percentages
|rule|Dynamax Clause: You cannot dynamax
|clearpoke
|poke|p1|Beheeyem, M|
|poke|p1|Flareon, F|
|poke|p1|Altaria, M|
|poke|p1|Corsola, M|
|poke|p1|Hitmonchan, M|
|poke|p1|Tangela, M|
|poke|p2|Mr. Rime, M|
|poke|p2|Abomasnow, F|
|poke|p2|Sandaconda, M|
|poke|p2|Aromatisse, M|
|poke|p2|Charizard, F|
|poke|p2|Silvally-*|
|teampreview
|
|t:|1666932325
|start
|switch|p1a: Flareon|Flareon, F|100/100
|switch|p2a: Mr. Rime|Mr. Rime, M|100/100
|turn|1
|
|t:|1666932332
|switch|p2a: Charizard|Charizard, F|100/100
|move|p1a: Flareon|Lava Plume|p2a: Charizard
|-resisted|p2a: Charizard
|-damage|p2a: Charizard|87/100
|
|upkeep
|turn|2
|
|t:|1666932339
|move|p2a: Charizard|Hurricane|p1a: Flareon
|-damage|p1a: Flareon|74/100
|move|p1a: Flareon|Wish|p1a: Flareon
|
|upkeep
|turn|3
|
|t:|1666932345
|switch|p1a: Corsola|Corsola, M|100/100
|move|p2a: Charizard|Hurricane|p1a: Corsola
|-resisted|p1a: Corsola
|-damage|p1a: Corsola|86/100
|-start|p1a: Corsola|confusion
|
|-heal|p1a: Corsola|100/100|[from] move: Wish|[wisher] Flareon
|upkeep
|turn|4
|
|t:|1666932359
|switch|p2a: Abomasnow|Abomasnow, F, shiny|100/100
|-weather|Hail|[from] ability: Snow Warning|[of] p2a: Abomasnow
|-activate|p1a: Corsola|confusion
|-damage|p1a: Corsola|96/100|[from] confusion
|
|-weather|Hail|[upkeep]
|-damage|p1a: Corsola|90/100|[from] Hail
|-heal|p1a: Corsola|96/100|[from] item: Leftovers
|upkeep
|turn|5
|
|t:|1666932370
|switch|p1a: Flareon|Flareon, F|74/100
|move|p2a: Abomasnow|Substitute|p2a: Abomasnow
|-start|p2a: Abomasnow|Substitute
|-damage|p2a: Abomasnow|75/100
|
|-weather|Hail|[upkeep]
|-damage|p1a: Flareon|68/100|[from] Hail
|-heal|p2a: Abomasnow|82/100|[from] item: Leftovers
|upkeep
|turn|6
|
|t:|1666932379
|move|p2a: Abomasnow|Leech Seed|p1a: Flareon
|-start|p1a: Flareon|move: Leech Seed
|move|p1a: Flareon|Wish|p1a: Flareon
|
|-weather|Hail|[upkeep]
|-damage|p1a: Flareon|62/100|[from] Hail
|-heal|p2a: Abomasnow|88/100|[from] item: Leftovers
|-damage|p1a: Flareon|50/100|[from] Leech Seed|[of] p2a: Abomasnow
|-heal|p2a: Abomasnow|99/100|[silent]
|upkeep
|turn|7
|
|t:|1666932388
|move|p2a: Abomasnow|Earth Power|p1a: Flareon
|-supereffective|p1a: Flareon
|-damage|p1a: Flareon|24/100
|move|p1a: Flareon|Lava Plume|p2a: Abomasnow
|-supereffective|p2a: Abomasnow
|-end|p2a: Abomasnow|Substitute
|
|-weather|Hail|[upkeep]
|-damage|p1a: Flareon|18/100|[from] Hail
|-heal|p1a: Flareon|68/100|[from] move: Wish|[wisher] Flareon
|-heal|p2a: Abomasnow|100/100|[from] item: Leftovers
|-damage|p1a: Flareon|56/100|[from] Leech Seed|[of] p2a: Abomasnow
|upkeep
|turn|8
|
|t:|1666932401
|move|p2a: Abomasnow|Substitute|p2a: Abomasnow
|-start|p2a: Abomasnow|Substitute
|-damage|p2a: Abomasnow|75/100
|move|p1a: Flareon|Wish|p1a: Flareon
|
|-weather|none
|-heal|p2a: Abomasnow|82/100|[from] item: Leftovers
|-damage|p1a: Flareon|44/100|[from] Leech Seed|[of] p2a: Abomasnow
|-heal|p2a: Abomasnow|93/100|[silent]
|upkeep
|turn|9
|
|t:|1666932410
|move|p1a: Flareon|Protect|p1a: Flareon
|-singleturn|p1a: Flareon|Protect
|move|p2a: Abomasnow|Earth Power|p1a: Flareon
|-activate|p1a: Flareon|move: Protect
|
|-heal|p1a: Flareon|94/100|[from] move: Wish|[wisher] Flareon
|-heal|p2a: Abomasnow|99/100|[from] item: Leftovers
|-damage|p1a: Flareon|82/100|[from] Leech Seed|[of] p2a: Abomasnow
|-heal|p2a: Abomasnow|100/100|[silent]
|upkeep
|turn|10
|
|t:|1666932421
|switch|p2a: Sandaconda|Sandaconda, M|100/100
|move|p1a: Flareon|Lava Plume|p2a: Sandaconda
|-damage|p2a: Sandaconda|75/100
|-status|p2a: Sandaconda|brn
|
|-heal|p2a: Sandaconda|82/100 brn|[from] item: Leftovers
|-damage|p1a: Flareon|69/100|[from] Leech Seed|[of] p2a: Sandaconda
|-heal|p2a: Sandaconda|93/100 brn|[silent]
|-damage|p2a: Sandaconda|87/100 brn|[from] brn
|upkeep
|turn|11
|
|t:|1666932433
|switch|p1a: Beheeyem|Beheeyem, M|100/100
|move|p2a: Sandaconda|Stealth Rock|p1a: Beheeyem
|-sidestart|p1: thedazedturtle|move: Stealth Rock
|
|-heal|p2a: Sandaconda|93/100 brn|[from] item: Leftovers
|-damage|p2a: Sandaconda|87/100 brn|[from] brn
|upkeep
|turn|12
|
|t:|1666932443
|switch|p2a: Silvally|Silvally-Steel|100/100
|move|p1a: Beheeyem|Future Sight|p2a: Silvally
|-start|p1a: Beheeyem|move: Future Sight
|
|upkeep
|turn|13
|
|t:|1666932450
|switch|p1a: Tangela|Tangela, M|100/100
|-damage|p1a: Tangela|88/100|[from] Stealth Rock
|move|p2a: Silvally|Multi-Attack|p1a: Tangela
|-damage|p1a: Tangela|69/100
|
|upkeep
|turn|14
|
|t:|1666932460
|move|p2a: Silvally|Swords Dance|p2a: Silvally
|-boost|p2a: Silvally|atk|2
|move|p1a: Tangela|Knock Off|p2a: Silvally
|-damage|p2a: Silvally|95/100
|
|-end|p2a: Silvally|move: Future Sight
|-resisted|p2a: Silvally
|-damage|p2a: Silvally|67/100
|upkeep
|turn|15
|
|t:|1666932469
|move|p2a: Silvally|Multi-Attack|p1a: Tangela
|-damage|p1a: Tangela|34/100
|move|p1a: Tangela|Leech Seed|p2a: Silvally
|-start|p2a: Silvally|move: Leech Seed
|
|-damage|p2a: Silvally|55/100|[from] Leech Seed|[of] p1a: Tangela
|-heal|p1a: Tangela|49/100|[silent]
|upkeep
|turn|16
|
|t:|1666932479
|move|p2a: Silvally|Rest|p2a: Silvally
|-status|p2a: Silvally|slp|[from] move: Rest
|-heal|p2a: Silvally|100/100 slp|[silent]
|move|p1a: Tangela|Giga Drain|p2a: Silvally
|-resisted|p2a: Silvally
|-damage|p2a: Silvally|89/100 slp
|-heal|p1a: Tangela|56/100|[from] drain|[of] p2a: Silvally
|
|-damage|p2a: Silvally|76/100 slp|[from] Leech Seed|[of] p1a: Tangela
|-heal|p1a: Tangela|71/100|[silent]
|upkeep
|turn|17
|
|t:|1666932496
|switch|p1a: Flareon|Flareon, F|69/100
|cant|p2a: Silvally|slp
|move|p2a: Silvally|Sleep Talk|p2a: Silvally
|move|p2a: Silvally|Rest||[from]move: Sleep Talk|[still]
|-fail|p2a: Silvally
|
|-damage|p2a: Silvally|64/100 slp|[from] Leech Seed|[of] p1a: Flareon
|-heal|p1a: Flareon|84/100|[silent]
|upkeep
|turn|18
|
|t:|1666932509
|switch|p2a: Sandaconda|Sandaconda, M|87/100 brn
|switch|p1a: Beheeyem|Beheeyem, M|100/100
|-damage|p1a: Beheeyem|88/100|[from] Stealth Rock
|
|-heal|p2a: Sandaconda|93/100 brn|[from] item: Leftovers
|-damage|p2a: Sandaconda|87/100 brn|[from] brn
|upkeep
|turn|19
|
|t:|1666932519
|move|p2a: Sandaconda|Glare|p1a: Beheeyem
|-status|p1a: Beheeyem|par
|move|p1a: Beheeyem|Future Sight|p2a: Sandaconda
|-start|p1a: Beheeyem|move: Future Sight
|
|-activate|p2a: Sandaconda|ability: Shed Skin
|-curestatus|p2a: Sandaconda|brn|[msg]
|-heal|p2a: Sandaconda|93/100|[from] item: Leftovers
|upkeep
|turn|20
|
|t:|1666932537
|switch|p2a: Silvally|Silvally-Steel|64/100 slp
|switch|p1a: Tangela|Tangela, M|100/100
|-damage|p1a: Tangela|88/100|[from] Stealth Rock
|
|upkeep
|turn|21
|
|t:|1666932544
|cant|p2a: Silvally|slp
|move|p2a: Silvally|Sleep Talk|p2a: Silvally
|move|p2a: Silvally|Rest||[from]move: Sleep Talk|[still]
|-fail|p2a: Silvally
|move|p1a: Tangela|Toxic||[still]
|-fail|p1a: Tangela
|
|-end|p2a: Silvally|move: Future Sight
|-resisted|p2a: Silvally
|-damage|p2a: Silvally|36/100 slp
|upkeep
|turn|22
|
|t:|1666932556
|-curestatus|p2a: Silvally|slp|[msg]
|move|p2a: Silvally|Swords Dance|p2a: Silvally
|-boost|p2a: Silvally|atk|2
|move|p1a: Tangela|Toxic|p2a: Silvally
|-immune|p2a: Silvally
|
|upkeep
|turn|23
|
|t:|1666932564
|move|p2a: Silvally|Swords Dance|p2a: Silvally
|-boost|p2a: Silvally|atk|2
|move|p1a: Tangela|Leech Seed|p2a: Silvally
|-start|p2a: Silvally|move: Leech Seed
|
|-damage|p2a: Silvally|24/100|[from] Leech Seed|[of] p1a: Tangela
|-heal|p1a: Tangela|100/100|[silent]
|upkeep
|turn|24
|
|t:|1666932572
|move|p2a: Silvally|Rest|p2a: Silvally
|-status|p2a: Silvally|slp|[from] move: Rest
|-heal|p2a: Silvally|100/100 slp|[silent]
|move|p1a: Tangela|Giga Drain|p2a: Silvally
|-resisted|p2a: Silvally
|-damage|p2a: Silvally|90/100 slp
|
|-damage|p2a: Silvally|77/100 slp|[from] Leech Seed|[of] p1a: Tangela
|upkeep
|turn|25
|
|t:|1666932583
|switch|p1a: Flareon|Flareon, F|84/100
|cant|p2a: Silvally|slp
|move|p2a: Silvally|Sleep Talk|p2a: Silvally
|move|p2a: Silvally|Multi-Attack|p1a: Flareon|[from]move: Sleep Talk
|-resisted|p1a: Flareon
|-damage|p1a: Flareon|0 fnt
|faint|p1a: Flareon
|
|upkeep
|
|t:|1666932600
|switch|p1a: Hitmonchan|Hitmonchan, M|100/100
|-damage|p1a: Hitmonchan|94/100|[from] Stealth Rock
|turn|26
|
|t:|1666932605
|switch|p2a: Aromatisse|Aromatisse, M|100/100
|move|p1a: Hitmonchan|Rapid Spin|p2a: Aromatisse
|-damage|p2a: Aromatisse|88/100
|-boost|p1a: Hitmonchan|spe|1
|-sideend|p1: thedazedturtle|Stealth Rock|[from] move: Rapid Spin|[of] p1a: Hitmonchan
|
|upkeep
|turn|27
|
|t:|1666932618
|switch|p1a: Beheeyem|Beheeyem, M|88/100 par
|move|p2a: Aromatisse|Heal Bell|p2a: Aromatisse
|-activate|p2a: Aromatisse|move: Heal Bell
|-curestatus|p2: Silvally|slp|[msg]
|
|upkeep
|turn|28
|
|t:|1666932628
|move|p2a: Aromatisse|Moonblast|p1a: Beheeyem
|-damage|p1a: Beheeyem|57/100 par
|cant|p1a: Beheeyem|par
|
|upkeep
|turn|29
|
|t:|1666932634
|move|p2a: Aromatisse|Moonblast|p1a: Beheeyem
|-damage|p1a: Beheeyem|26/100 par
|cant|p1a: Beheeyem|par
|
|upkeep
|turn|30
|-message|thedazedturtle forfeited.
|
|win|JoJo Reference #11
|raw|thedazedturtle's rating: 1100 &rarr; <strong>1090</strong><br />(-10 for losing)
|raw|JoJo Reference #11's rating: 1335 &rarr; <strong>1343</strong><br />(+8 for winning)
|l|☆thedazedturtle
