|j|☆ti84silveredition
|j|☆sanjaydas♚²
|inactive|Battle timer is ON: inactive players will automatically lose when time's up.
|t:|1665183703
|gametype|singles
|player|p1|ti84silveredition|1|
|player|p2|sanjaydas♚²|dawn|
|teamsize|p1|6
|teamsize|p2|6
|gen|8
|tier|[Gen 8] PU
|rated|Tournament battle
|rule|Sleep Clause Mod: Limit one foe put to sleep
|rule|Species Clause: Limit one of each Pokémon
|rule|OHKO Clause: OHKO moves are banned
|rule|Evasion Items Clause: Evasion items are banned
|rule|Evasion Moves Clause: Evasion moves are banned
|rule|Endless Battle Clause: Forcing endless battles is banned
|rule|HP Percentage Mod: HP is shown in percentages
|rule|Dynamax Clause: You cannot dynamax
|clearpoke
|poke|p1|Gigalith, M|
|poke|p1|Quagsire, F|
|poke|p1|Scrafty, F|
|poke|p1|Weezing, F|
|poke|p1|Ferroseed, M|
|poke|p1|Ribombee, F|
|poke|p2|Gigalith, M|
|poke|p2|Quagsire, M|
|poke|p2|Scrafty, M|
|poke|p2|Weezing, F|
|poke|p2|Ferroseed, M|
|poke|p2|Ribombee, M|
|teampreview
|j|*Lady Monita ☽
|j| BB-8-NU
|inactive|ti84silveredition also wants the timer to be on.
|j|%Siegfried
|j| RoyalReloaded
|j| volcaronaisboss
|j| King Neodude
|
|t:|1665183720
|start
|switch|p1a: Scrafty|Scrafty, F|100/100
|switch|p2a: Gigalith|Gigalith, M|100/100
|-weather|Sandstorm|[from] ability: Sand Stream|[of] p2a: Gigalith
|turn|1
|j| Blastfury0614
|c|☆sanjaydas♚²|glhf
|j|*Officer Jenny
|inactive|Officer Jenny also wants the timer to be on.
|
|t:|1665183730
|switch|p2a: Ribombee|Ribombee, M|100/100
|move|p1a: Scrafty|Knock Off|p2a: Ribombee
|-resisted|p2a: Ribombee
|-damage|p2a: Ribombee|72/100
|-enditem|p2a: Ribombee|Heavy-Duty Boots|[from] move: Knock Off|[of] p1a: Scrafty
|
|-weather|Sandstorm|[upkeep]
|-damage|p2a: Ribombee|66/100|[from] Sandstorm
|-damage|p1a: Scrafty|95/100|[from] Sandstorm
|-heal|p1a: Scrafty|100/100|[from] item: Leftovers
|upkeep
|turn|2
|c| volcaronaisboss|good luck everyone
|c| Blastfury0614|the same team
|
|t:|1665183735
|switch|p1a: Weezing|Weezing, F|100/100
|move|p2a: Ribombee|Quiver Dance|p2a: Ribombee
|-boost|p2a: Ribombee|spa|1
|-boost|p2a: Ribombee|spd|1
|-boost|p2a: Ribombee|spe|1
|
|-weather|Sandstorm|[upkeep]
|-damage|p2a: Ribombee|60/100|[from] Sandstorm
|-damage|p1a: Weezing|95/100|[from] Sandstorm
|-heal|p1a: Weezing|100/100|[from] item: Black Sludge
|upkeep
|turn|3
|
|t:|1665183746
|move|p2a: Ribombee|Roost|p2a: Ribombee
|-heal|p2a: Ribombee|100/100
|-singleturn|p2a: Ribombee|move: Roost
|move|p1a: Weezing|Sludge Bomb|p2a: Ribombee
|-supereffective|p2a: Ribombee
|-damage|p2a: Ribombee|36/100
|
|-weather|Sandstorm|[upkeep]
|-damage|p2a: Ribombee|30/100|[from] Sandstorm
|-damage|p1a: Weezing|95/100|[from] Sandstorm
|-heal|p1a: Weezing|100/100|[from] item: Black Sludge
|upkeep
|turn|4
|
|t:|1665183752
|switch|p2a: Ferroseed|Ferroseed, M|100/100
|move|p1a: Weezing|Sludge Bomb|p2a: Ferroseed
|-immune|p2a: Ferroseed
|
|-weather|Sandstorm|[upkeep]
|-damage|p1a: Weezing|95/100|[from] Sandstorm
|-heal|p1a: Weezing|100/100|[from] item: Black Sludge
|upkeep
|turn|5
|l| King Neodude
|
|t:|1665183754
|move|p1a: Weezing|Taunt|p2a: Ferroseed
|-start|p2a: Ferroseed|move: Taunt
|cant|p2a: Ferroseed|move: Taunt|Spikes
|
|-weather|none
|upkeep
|turn|6
|j| Wesh papillon
|
|t:|1665183757
|switch|p2a: Gigalith|Gigalith, M|100/100
|-weather|Sandstorm|[from] ability: Sand Stream|[of] p2a: Gigalith
|move|p1a: Weezing|Will-O-Wisp|p2a: Gigalith
|-status|p2a: Gigalith|brn
|
|-weather|Sandstorm|[upkeep]
|-damage|p1a: Weezing|95/100|[from] Sandstorm
|-heal|p1a: Weezing|100/100|[from] item: Black Sludge
|-damage|p2a: Gigalith|94/100 brn|[from] brn
|upkeep
|turn|7
|
|t:|1665183760
|move|p1a: Weezing|Taunt|p2a: Gigalith
|-start|p2a: Gigalith|move: Taunt
|cant|p2a: Gigalith|move: Taunt|Stealth Rock
|
|-weather|Sandstorm|[upkeep]
|-damage|p1a: Weezing|95/100|[from] Sandstorm
|-heal|p1a: Weezing|100/100|[from] item: Black Sludge
|-heal|p2a: Gigalith|100/100 brn|[from] item: Leftovers
|-damage|p2a: Gigalith|94/100 brn|[from] brn
|upkeep
|turn|8
|j| FQSM
|c|☆sanjaydas♚²|gg
|-message|sanjaydas♚² forfeited.
|
|win|ti84silveredition
|n|☆ti84silveredition|ti84silveredition
|n|☆sanjaydas♚²|sanjaydas
|n|*Lady Monita ☽|ladymonita
|n| BB-8-NU|bb8nu
|n|+Siegfried|siegfried
|n| RoyalReloaded|royalreloaded
|n| volcaronaisboss|volcaronaisboss
|n| Blastfury0614|blastfury0614
|n|*Officer Jenny|officerjenny
|n| Wesh papillon|weshpapillon
|n| FQSM|fqsm
|l|*Lady Monita ☽
|l|☆sanjaydas♚²
|l| BB-8-NU
|l| FQSM
