|j|☆Deferio
|j|☆HJAD
|player|p1|Deferio|1|
|player|p2|HJAD|lance-gen2|
|teamsize|p1|6
|teamsize|p2|6
|gametype|singles
|gen|8
|tier|[Gen 8] PU
|rated|Tournament battle
|clearpoke
|poke|p1|Lunatone|
|poke|p1|Silvally-*|
|poke|p1|Shuckle, F|
|poke|p1|Hippopotas, F|
|poke|p1|Arctovish|
|poke|p1|Ninjask, M|
|poke|p2|Silvally-*|
|poke|p2|Noctowl, F|
|poke|p2|Clefairy, M|
|poke|p2|Type: Null|
|poke|p2|Persian, F|
|poke|p2|Linoone-Galar, F|
|rule|Sleep Clause Mod: Limit one foe put to sleep
|rule|Species Clause: Limit one of each Pokémon
|rule|OHKO Clause: OHKO moves are banned
|rule|Evasion Moves Clause: Evasion moves are banned
|rule|Endless Battle Clause: Forcing endless battles is banned
|rule|HP Percentage Mod: HP is shown in percentages
|rule|Dynamax Clause: You cannot dynamax
|teampreview
|c|☆HJAD|hf
|j| Cartsoul
|c|☆Deferio|hf
|j| youseemlikefun
|
|start
|switch|p1a: Arctovish|Arctovish|100/100
|switch|p2a: Clefairy|Clefairy, M|100/100
|turn|1
|j| Landon✘A21
|
|move|p1a: Arctovish|Fishious Rend|p2a: Clefairy
|-damage|p2a: Clefairy|19/100
|move|p2a: Clefairy|Stealth Rock|p1a: Arctovish
|-sidestart|p1: Deferio|move: Stealth Rock
|
|upkeep
|turn|2
|
|move|p1a: Arctovish|Fishious Rend|p2a: Clefairy
|-damage|p2a: Clefairy|0 fnt
|faint|p2a: Clefairy
|
|upkeep
|j| Musharna Master
|
|switch|p2a: Silvally|Silvally|100/100
|turn|3
|
|move|p2a: Silvally|Multi-Attack|p1a: Arctovish
|-damage|p1a: Arctovish|19/100
|move|p1a: Arctovish|Fishious Rend|p2a: Silvally
|-damage|p2a: Silvally|45/100
|
|upkeep
|turn|4
|
|switch|p1a: Shuckle|Shuckle, F|100/100
|-damage|p1a: Shuckle|75/100|[from] Stealth Rock
|move|p2a: Silvally|Multi-Attack|p1a: Shuckle
|-resisted|p1a: Shuckle
|-damage|p1a: Shuckle|54/100
|-damage|p2a: Silvally|28/100|[from] item: Rocky Helmet|[of] p1a: Shuckle
|
|upkeep
|turn|5
|
|switch|p2a: Linoone|Linoone-Galar, F|100/100
|move|p1a: Shuckle|Sticky Web|p2a: Linoone
|-sidestart|p2: HJAD|move: Sticky Web
|
|upkeep
|turn|6
|
|move|p2a: Linoone|Knock Off|p1a: Shuckle
|-damage|p1a: Shuckle|26/100
|-damage|p2a: Linoone|84/100|[from] item: Rocky Helmet|[of] p1a: Shuckle
|-enditem|p1a: Shuckle|Rocky Helmet|[from] move: Knock Off|[of] p2a: Linoone
|move|p1a: Shuckle|Knock Off|p2a: Linoone
|-resisted|p2a: Linoone
|-damage|p2a: Linoone|80/100
|-enditem|p2a: Linoone|Choice Band|[from] move: Knock Off|[of] p1a: Shuckle
|
|upkeep
|turn|7
|c|☆Deferio|oh my
|l| Cartsoul
|
|move|p2a: Linoone|Knock Off|p1a: Shuckle
|-damage|p1a: Shuckle|14/100
|move|p1a: Shuckle|Stealth Rock|p2a: Linoone
|-sidestart|p2: HJAD|move: Stealth Rock
|
|upkeep
|turn|8
|
|move|p2a: Linoone|Knock Off|p1a: Shuckle
|-damage|p1a: Shuckle|1/100
|move|p1a: Shuckle|Knock Off|p2a: Linoone
|-resisted|p2a: Linoone
|-damage|p2a: Linoone|77/100
|
|upkeep
|turn|9
|j| Jellieeee
|j| kelly ㋛ kafka
|
|move|p2a: Linoone|Knock Off|p1a: Shuckle
|-damage|p1a: Shuckle|0 fnt
|faint|p1a: Shuckle
|
|upkeep
|
|switch|p1a: Ninjask|Ninjask, M|100/100
|turn|10
|
|switch|p2a: Type: Null|Type: Null|100/100
|-damage|p2a: Type: Null|88/100|[from] Stealth Rock
|-activate|p2a: Type: Null|move: Sticky Web
|-unboost|p2a: Type: Null|spe|1
|move|p1a: Ninjask|Leech Life|p2a: Type: Null
|-damage|p2a: Type: Null|66/100
|
|-ability|p1a: Ninjask|Speed Boost|boost
|-boost|p1a: Ninjask|spe|1
|upkeep
|turn|11
|
|move|p1a: Ninjask|U-turn|p2a: Type: Null
|-damage|p2a: Type: Null|47/100
|
|switch|p1a: Hippopotas|Hippopotas, F|100/100|[from]move: U-turn
|-damage|p1a: Hippopotas|94/100|[from] Stealth Rock
|-weather|Sandstorm|[from] ability: Sand Stream|[of] p1a: Hippopotas
|move|p2a: Type: Null|Swords Dance|p2a: Type: Null
|-boost|p2a: Type: Null|atk|2
|
|-weather|Sandstorm|[upkeep]
|-damage|p2a: Type: Null|41/100|[from] Sandstorm
|upkeep
|turn|12
|
|move|p2a: Type: Null|Crush Claw|p1a: Hippopotas
|-damage|p1a: Hippopotas|51/100
|move|p1a: Hippopotas|Whirlwind|p2a: Type: Null
|drag|p2a: Linoone|Linoone-Galar, F|77/100
|-damage|p2a: Linoone|65/100|[from] Stealth Rock
|-activate|p2a: Linoone|move: Sticky Web
|-unboost|p2a: Linoone|spe|1
|
|-weather|Sandstorm|[upkeep]
|-damage|p2a: Linoone|59/100|[from] Sandstorm
|upkeep
|turn|13
|
|move|p2a: Linoone|Knock Off|p1a: Hippopotas
|-damage|p1a: Hippopotas|20/100
|-enditem|p1a: Hippopotas|Smooth Rock|[from] move: Knock Off|[of] p2a: Linoone
|move|p1a: Hippopotas|Whirlwind|p2a: Linoone
|drag|p2a: Noctowl|Noctowl, F|100/100
|
|-weather|Sandstorm|[upkeep]
|-damage|p2a: Noctowl|94/100|[from] Sandstorm
|upkeep
|turn|14
|
|move|p2a: Noctowl|Agility|p2a: Noctowl
|-boost|p2a: Noctowl|spe|2
|move|p1a: Hippopotas|Toxic|p2a: Noctowl
|-status|p2a: Noctowl|tox
|
|-weather|Sandstorm|[upkeep]
|-damage|p2a: Noctowl|88/100 tox|[from] Sandstorm
|-damage|p2a: Noctowl|82/100 tox|[from] psn
|upkeep
|turn|15
|
|move|p2a: Noctowl|Hurricane|p1a: Hippopotas|[miss]
|-miss|p2a: Noctowl|p1a: Hippopotas
|move|p1a: Hippopotas|Whirlwind|p2a: Noctowl
|drag|p2a: Linoone|Linoone-Galar, F|59/100
|-damage|p2a: Linoone|46/100|[from] Stealth Rock
|-activate|p2a: Linoone|move: Sticky Web
|-unboost|p2a: Linoone|spe|1
|
|-weather|Sandstorm|[upkeep]
|-damage|p2a: Linoone|40/100|[from] Sandstorm
|upkeep
|turn|16
|
|move|p2a: Linoone|Knock Off|p1a: Hippopotas
|-damage|p1a: Hippopotas|0 fnt
|faint|p1a: Hippopotas
|
|-weather|Sandstorm|[upkeep]
|-damage|p2a: Linoone|34/100|[from] Sandstorm
|upkeep
|
|switch|p1a: Ninjask|Ninjask, M|100/100
|turn|17
|
|switch|p2a: Silvally|Silvally|28/100
|-damage|p2a: Silvally|16/100|[from] Stealth Rock
|-activate|p2a: Silvally|move: Sticky Web
|-unboost|p2a: Silvally|spe|1
|move|p1a: Ninjask|Leech Life|p2a: Silvally
|-crit|p2a: Silvally
|-damage|p2a: Silvally|0 fnt
|faint|p2a: Silvally
|
|-weather|Sandstorm|[upkeep]
|-damage|p1a: Ninjask|94/100|[from] Sandstorm
|-ability|p1a: Ninjask|Speed Boost|boost
|-boost|p1a: Ninjask|spe|1
|upkeep
|
|switch|p2a: Noctowl|Noctowl, F|82/100 tox
|turn|18
|
|switch|p1a: Arctovish|Arctovish|19/100
|-damage|p1a: Arctovish|0 fnt|[from] Stealth Rock
|faint|p1a: Arctovish
|move|p2a: Noctowl|Hurricane|p1: Arctovish|[notarget]
|-fail|p2a: Noctowl
|
|-weather|none
|-damage|p2a: Noctowl|76/100 tox|[from] psn
|upkeep
|
|switch|p1a: Silvally|Silvally-Rock|100/100
|-damage|p1a: Silvally|88/100|[from] Stealth Rock
|turn|19
|j| Zip-a-dee-do-da
|c|☆HJAD|gg
|
|move|p1a: Silvally|Multi-Attack|p2a: Noctowl
|-supereffective|p2a: Noctowl
|-damage|p2a: Noctowl|0 fnt
|faint|p2a: Noctowl
|
|upkeep
|j| TMTiesto69
|
|switch|p2a: Type: Null|Type: Null|41/100
|-damage|p2a: Type: Null|28/100|[from] Stealth Rock
|-activate|p2a: Type: Null|move: Sticky Web
|-unboost|p2a: Type: Null|spe|1
|turn|20
|
|move|p1a: Silvally|Multi-Attack|p2a: Type: Null
|-damage|p2a: Type: Null|0 fnt
|faint|p2a: Type: Null
|
|upkeep
|-message|HJAD forfeited.
|
|win|Deferio
