|j|☆PlusC1028483
|j|☆zman0604
|t:|1655308424
|gametype|singles
|player|p1|PlusC1028483|102|1284
|player|p2|zman0604|ingo|1216
|teamsize|p1|6
|teamsize|p2|6
|gen|8
|tier|[Gen 8] PU
|rated|
|rule|Sleep Clause Mod: Limit one foe put to sleep
|rule|Species Clause: Limit one of each Pokémon
|rule|OHKO Clause: OHKO moves are banned
|rule|Evasion Moves Clause: Evasion moves are banned
|rule|Endless Battle Clause: Forcing endless battles is banned
|rule|HP Percentage Mod: HP is shown in percentages
|rule|Dynamax Clause: You cannot dynamax
|clearpoke
|poke|p1|Thwackey, F|
|poke|p1|Scrafty, F|
|poke|p1|Quagsire, F|
|poke|p1|Aggron, M|
|poke|p1|Silvally-*|
|poke|p1|Comfey, M|
|poke|p2|Glastrier|
|poke|p2|Eldegoss, F|
|poke|p2|Uxie|
|poke|p2|Quagsire, F|
|poke|p2|Aromatisse, F|
|poke|p2|Magneton|
|teampreview
|inactive|Battle timer is ON: inactive players will automatically lose when time's up. (requested by PlusC1028483)
|
|t:|1655308479
|start
|switch|p1a: Silvally|Silvally-Ghost|100/100
|switch|p2a: Uxie|Uxie|100/100
|turn|1
|
|t:|1655308484
|move|p1a: Silvally|Swords Dance|p1a: Silvally
|-boost|p1a: Silvally|atk|2
|move|p2a: Uxie|Knock Off|p1a: Silvally
|-supereffective|p1a: Silvally
|-damage|p1a: Silvally|73/100
|
|upkeep
|turn|2
|
|t:|1655308489
|switch|p2a: Quagsire|Quagsire, F|100/100
|move|p1a: Silvally|Swords Dance|p1a: Silvally
|-boost|p1a: Silvally|atk|2
|
|upkeep
|turn|3
|
|t:|1655308493
|move|p1a: Silvally|Multi-Attack|p2a: Quagsire
|-damage|p2a: Quagsire|67/100
|-damage|p1a: Silvally|57/100|[from] item: Rocky Helmet|[of] p2a: Quagsire
|move|p2a: Quagsire|Toxic|p1a: Silvally
|-status|p1a: Silvally|tox
|
|-damage|p1a: Silvally|51/100 tox|[from] psn
|upkeep
|turn|4
|
|t:|1655308498
|move|p1a: Silvally|U-turn|p2a: Quagsire
|-damage|p2a: Quagsire|53/100
|-damage|p1a: Silvally|34/100 tox|[from] item: Rocky Helmet|[of] p2a: Quagsire
|
|t:|1655308500
|switch|p1a: Thwackey|Thwackey, F|100/100|[from]move: U-turn
|-fieldstart|move: Grassy Terrain|[from] ability: Grassy Surge|[of] p1a: Thwackey
|move|p2a: Quagsire|Recover|p2a: Quagsire
|-heal|p2a: Quagsire|100/100
|
|upkeep
|turn|5
|
|t:|1655308504
|switch|p2a: Eldegoss|Eldegoss, F|100/100
|move|p1a: Thwackey|Drain Punch|p2a: Eldegoss
|-damage|p2a: Eldegoss|71/100
|-damage|p1a: Thwackey|91/100|[from] item: Life Orb
|
|-heal|p1a: Thwackey|97/100|[from] Grassy Terrain
|-heal|p2a: Eldegoss|77/100|[from] Grassy Terrain
|-heal|p2a: Eldegoss|83/100|[from] item: Leftovers
|upkeep
|turn|6
|
|t:|1655308509
|switch|p2a: Aromatisse|Aromatisse, F|100/100
|move|p1a: Thwackey|U-turn|p2a: Aromatisse
|-resisted|p2a: Aromatisse
|-damage|p2a: Aromatisse|87/100
|-damage|p1a: Thwackey|87/100|[from] item: Life Orb
|
|t:|1655308513
|switch|p1a: Aggron|Aggron, M|100/100|[from]move: U-turn
|
|-heal|p2a: Aromatisse|93/100|[from] Grassy Terrain
|-heal|p2a: Aromatisse|99/100|[from] item: Leftovers
|upkeep
|turn|7
|
|t:|1655308517
|switch|p2a: Quagsire|Quagsire, F|100/100
|move|p1a: Aggron|Heavy Slam|p2a: Quagsire
|-resisted|p2a: Quagsire
|-damage|p2a: Quagsire|87/100
|-damage|p1a: Aggron|84/100|[from] item: Rocky Helmet|[of] p2a: Quagsire
|
|-heal|p1a: Aggron|90/100|[from] Grassy Terrain
|-heal|p1a: Aggron|96/100|[from] item: Leftovers
|-heal|p2a: Quagsire|93/100|[from] Grassy Terrain
|upkeep
|turn|8
|
|t:|1655308521
|switch|p1a: Thwackey|Thwackey, F|87/100
|move|p2a: Quagsire|Earthquake|p1a: Thwackey
|-resisted|p1a: Thwackey
|-damage|p1a: Thwackey|76/100
|
|-heal|p1a: Thwackey|82/100|[from] Grassy Terrain
|-heal|p2a: Quagsire|99/100|[from] Grassy Terrain
|-fieldend|move: Grassy Terrain
|upkeep
|turn|9
|
|t:|1655308524
|switch|p2a: Glastrier|Glastrier|100/100
|move|p1a: Thwackey|Knock Off|p2a: Glastrier
|-damage|p2a: Glastrier|76/100
|-enditem|p2a: Glastrier|Choice Band|[from] move: Knock Off|[of] p1a: Thwackey
|-damage|p1a: Thwackey|72/100|[from] item: Life Orb
|
|upkeep
|turn|10
|
|t:|1655308528
|move|p1a: Thwackey|U-turn|p2a: Glastrier
|-damage|p2a: Glastrier|58/100
|-damage|p1a: Thwackey|62/100|[from] item: Life Orb
|
|t:|1655308532
|switch|p1a: Scrafty|Scrafty, F|100/100|[from]move: U-turn
|-ability|p1a: Scrafty|Intimidate|boost
|-unboost|p2a: Glastrier|atk|1
|move|p2a: Glastrier|Icicle Crash|p1a: Scrafty
|-damage|p1a: Scrafty|70/100
|
|-heal|p1a: Scrafty|76/100|[from] item: Leftovers
|upkeep
|turn|11
|
|t:|1655308538
|switch|p2a: Aromatisse|Aromatisse, F|99/100
|move|p1a: Scrafty|Drain Punch|p2a: Aromatisse
|-resisted|p2a: Aromatisse
|-damage|p2a: Aromatisse|79/100
|-heal|p1a: Scrafty|88/100|[from] drain|[of] p2a: Aromatisse
|
|-heal|p1a: Scrafty|94/100|[from] item: Leftovers
|-heal|p2a: Aromatisse|85/100|[from] item: Leftovers
|upkeep
|turn|12
|
|t:|1655308542
|switch|p1a: Aggron|Aggron, M|96/100
|switch|p2a: Quagsire|Quagsire, F|99/100
|
|-heal|p1a: Aggron|100/100|[from] item: Leftovers
|upkeep
|turn|13
|
|t:|1655308546
|switch|p1a: Comfey|Comfey, M|100/100
|move|p2a: Quagsire|Toxic|p1a: Comfey
|-status|p1a: Comfey|tox
|
|-damage|p1a: Comfey|94/100 tox|[from] psn
|upkeep
|turn|14
|
|t:|1655308550
|switch|p2a: Aromatisse|Aromatisse, F|85/100
|move|p1a: Comfey|Aromatherapy|p1a: Comfey
|-activate|p1a: Comfey|move: Aromatherapy
|-curestatus|p1a: Comfey|tox|[msg]
|-curestatus|p1: Silvally|tox|[msg]
|
|-heal|p1a: Comfey|100/100|[from] item: Leftovers
|-heal|p2a: Aromatisse|92/100|[from] item: Leftovers
|upkeep
|turn|15
|
|t:|1655308554
|move|p1a: Comfey|U-turn|p2a: Aromatisse
|-resisted|p2a: Aromatisse
|-damage|p2a: Aromatisse|87/100
|
|t:|1655308556
|switch|p1a: Aggron|Aggron, M|100/100|[from]move: U-turn
|move|p2a: Aromatisse|Wish|p2a: Aromatisse
|
|-heal|p2a: Aromatisse|93/100|[from] item: Leftovers
|upkeep
|turn|16
|
|t:|1655308563
|switch|p2a: Glastrier|Glastrier|58/100
|move|p1a: Aggron|Stealth Rock|p2a: Glastrier
|-sidestart|p2: zman0604|move: Stealth Rock
|
|-heal|p2a: Glastrier|100/100|[from] move: Wish|[wisher] Aromatisse
|upkeep
|turn|17
|
|t:|1655308565
|move|p1a: Aggron|Head Smash|p2a: Glastrier
|-supereffective|p2a: Glastrier
|-damage|p2a: Glastrier|19/100
|move|p2a: Glastrier|High Horsepower|p1a: Aggron
|-supereffective|p1a: Aggron
|-damage|p1a: Aggron|5/100
|
|-heal|p1a: Aggron|11/100|[from] item: Leftovers
|upkeep
|turn|18
|
|t:|1655308570
|switch|p2a: Quagsire|Quagsire, F|99/100
|-damage|p2a: Quagsire|93/100|[from] Stealth Rock
|move|p1a: Aggron|Heavy Slam|p2a: Quagsire
|-resisted|p2a: Quagsire
|-damage|p2a: Quagsire|79/100
|-damage|p1a: Aggron|0 fnt|[from] item: Rocky Helmet|[of] p2a: Quagsire
|faint|p1a: Aggron
|
|upkeep
|
|t:|1655308574
|switch|p1a: Thwackey|Thwackey, F|62/100
|-fieldstart|move: Grassy Terrain|[from] ability: Grassy Surge|[of] p1a: Thwackey
|turn|19
|
|t:|1655308582
|switch|p2a: Eldegoss|Eldegoss, F|100/100
|-damage|p2a: Eldegoss|88/100|[from] Stealth Rock
|move|p1a: Thwackey|Grassy Glide|p2a: Eldegoss
|-resisted|p2a: Eldegoss
|-damage|p2a: Eldegoss|60/100
|-damage|p1a: Thwackey|52/100|[from] item: Life Orb
|
|-heal|p1a: Thwackey|58/100|[from] Grassy Terrain
|-heal|p2a: Eldegoss|66/100|[from] Grassy Terrain
|-heal|p2a: Eldegoss|72/100|[from] item: Leftovers
|upkeep
|turn|20
|
|t:|1655308586
|move|p1a: Thwackey|U-turn|p2a: Eldegoss
|-supereffective|p2a: Eldegoss
|-damage|p2a: Eldegoss|22/100
|-damage|p1a: Thwackey|48/100|[from] item: Life Orb
|
|t:|1655308589
|switch|p1a: Comfey|Comfey, M|100/100|[from]move: U-turn
|move|p2a: Eldegoss|Substitute|p2a: Eldegoss
|-fail|p2a: Eldegoss|move: Substitute|[weak]
|
|-heal|p2a: Eldegoss|29/100|[from] Grassy Terrain
|-heal|p2a: Eldegoss|35/100|[from] item: Leftovers
|upkeep
|turn|21
|
|t:|1655308594
|switch|p2a: Magneton|Magneton|100/100
|-damage|p2a: Magneton|95/100|[from] Stealth Rock
|move|p1a: Comfey|Draining Kiss|p2a: Magneton
|-resisted|p2a: Magneton
|-damage|p2a: Magneton|84/100
|
|-heal|p2a: Magneton|90/100|[from] Grassy Terrain
|upkeep
|turn|22
|
|t:|1655308598
|switch|p1a: Quagsire|Quagsire, F|100/100
|move|p2a: Magneton|Flash Cannon|p1a: Quagsire
|-resisted|p1a: Quagsire
|-damage|p1a: Quagsire|67/100
|-unboost|p1a: Quagsire|spd|1
|
|-heal|p2a: Magneton|96/100|[from] Grassy Terrain
|-heal|p1a: Quagsire|73/100|[from] Grassy Terrain
|-heal|p1a: Quagsire|79/100|[from] item: Leftovers
|upkeep
|turn|23
|
|t:|1655308604
|move|p2a: Magneton|Flash Cannon|p1a: Quagsire
|-resisted|p1a: Quagsire
|-damage|p1a: Quagsire|36/100
|move|p1a: Quagsire|Toxic|p2a: Magneton
|-immune|p2a: Magneton
|
|-heal|p2a: Magneton|100/100|[from] Grassy Terrain
|-heal|p1a: Quagsire|42/100|[from] Grassy Terrain
|-heal|p1a: Quagsire|48/100|[from] item: Leftovers
|-fieldend|move: Grassy Terrain
|upkeep
|turn|24
|
|t:|1655308605
|move|p2a: Magneton|Flash Cannon|p1a: Quagsire
|-resisted|p1a: Quagsire
|-damage|p1a: Quagsire|5/100
|move|p1a: Quagsire|Earth Power|p2a: Magneton
|-supereffective|p2a: Magneton
|-damage|p2a: Magneton|20/100
|
|-heal|p1a: Quagsire|11/100|[from] item: Leftovers
|upkeep
|turn|25
|
|t:|1655308610
|move|p2a: Magneton|Flash Cannon|p1a: Quagsire
|-resisted|p1a: Quagsire
|-damage|p1a: Quagsire|0 fnt
|faint|p1a: Quagsire
|
|upkeep
|
|t:|1655308613
|switch|p1a: Silvally|Silvally-Ghost|34/100
|turn|26
|
|t:|1655308616
|move|p1a: Silvally|Multi-Attack|p2a: Magneton
|-damage|p2a: Magneton|0 fnt
|faint|p2a: Magneton
|
|upkeep
|
|t:|1655308617
|switch|p2a: Quagsire|Quagsire, F|79/100
|-damage|p2a: Quagsire|73/100|[from] Stealth Rock
|turn|27
|
|t:|1655308619
|move|p1a: Silvally|U-turn|p2a: Quagsire
|-damage|p2a: Quagsire|59/100
|-damage|p1a: Silvally|17/100|[from] item: Rocky Helmet|[of] p2a: Quagsire
|
|t:|1655308622
|switch|p1a: Thwackey|Thwackey, F|48/100|[from]move: U-turn
|-fieldstart|move: Grassy Terrain|[from] ability: Grassy Surge|[of] p1a: Thwackey
|move|p2a: Quagsire|Recover|p2a: Quagsire
|-heal|p2a: Quagsire|100/100
|
|-heal|p1a: Thwackey|54/100|[from] Grassy Terrain
|upkeep
|turn|28
|
|t:|1655308626
|switch|p2a: Eldegoss|Eldegoss, F|68/100
|-damage|p2a: Eldegoss|56/100|[from] Stealth Rock
|move|p1a: Thwackey|Grassy Glide|p2a: Eldegoss
|-resisted|p2a: Eldegoss
|-damage|p2a: Eldegoss|27/100
|-damage|p1a: Thwackey|44/100|[from] item: Life Orb
|
|-heal|p1a: Thwackey|50/100|[from] Grassy Terrain
|-heal|p2a: Eldegoss|34/100|[from] Grassy Terrain
|-heal|p2a: Eldegoss|40/100|[from] item: Leftovers
|upkeep
|turn|29
|
|t:|1655308629
|switch|p2a: Quagsire|Quagsire, F|100/100
|-damage|p2a: Quagsire|94/100|[from] Stealth Rock
|move|p1a: Thwackey|U-turn|p2a: Quagsire
|-damage|p2a: Quagsire|76/100
|-damage|p1a: Thwackey|34/100|[from] item: Rocky Helmet|[of] p2a: Quagsire
|-damage|p1a: Thwackey|24/100|[from] item: Life Orb
|
|t:|1655308633
|switch|p1a: Scrafty|Scrafty, F|94/100|[from]move: U-turn
|-ability|p1a: Scrafty|Intimidate|boost
|-unboost|p2a: Quagsire|atk|1
|
|-heal|p1a: Scrafty|99/100|[from] Grassy Terrain
|-heal|p1a: Scrafty|100/100|[from] item: Leftovers
|-heal|p2a: Quagsire|82/100|[from] Grassy Terrain
|upkeep
|turn|30
|
|t:|1655308638
|move|p1a: Scrafty|Toxic|p2a: Quagsire
|-status|p2a: Quagsire|tox
|move|p2a: Quagsire|Toxic|p1a: Scrafty
|-status|p1a: Scrafty|tox
|
|-heal|p2a: Quagsire|88/100 tox|[from] Grassy Terrain
|-damage|p1a: Scrafty|95/100 tox|[from] psn
|-damage|p2a: Quagsire|82/100 tox|[from] psn
|upkeep
|turn|31
|
|t:|1655308641
|switch|p2a: Aromatisse|Aromatisse, F|93/100
|-damage|p2a: Aromatisse|81/100|[from] Stealth Rock
|move|p1a: Scrafty|Knock Off|p2a: Aromatisse
|-resisted|p2a: Aromatisse
|-damage|p2a: Aromatisse|57/100
|-enditem|p2a: Aromatisse|Leftovers|[from] move: Knock Off|[of] p1a: Scrafty
|
|-heal|p1a: Scrafty|100/100 tox|[from] Grassy Terrain
|-heal|p2a: Aromatisse|63/100|[from] Grassy Terrain
|-damage|p1a: Scrafty|89/100 tox|[from] psn
|-fieldend|move: Grassy Terrain
|upkeep
|turn|32
|
|t:|1655308644
|move|p1a: Scrafty|Poison Jab|p2a: Aromatisse
|-supereffective|p2a: Aromatisse
|-damage|p2a: Aromatisse|9/100
|-status|p2a: Aromatisse|psn
|move|p2a: Aromatisse|Wish|p2a: Aromatisse
|
|-heal|p1a: Scrafty|95/100 tox|[from] item: Leftovers
|-damage|p1a: Scrafty|77/100 tox|[from] psn
|-damage|p2a: Aromatisse|0 fnt|[from] psn
|faint|p2a: Aromatisse
|upkeep
|
|t:|1655308655
|switch|p2a: Uxie|Uxie|100/100
|-damage|p2a: Uxie|88/100|[from] Stealth Rock
|turn|33
|
|t:|1655308658
|move|p1a: Scrafty|Knock Off|p2a: Uxie
|-supereffective|p2a: Uxie
|-damage|p2a: Uxie|37/100
|-enditem|p2a: Uxie|Leftovers|[from] move: Knock Off|[of] p1a: Scrafty
|move|p2a: Uxie|Trick Room|p2a: Uxie
|-fieldstart|move: Trick Room|[of] p2a: Uxie
|
|-heal|p2a: Uxie|94/100|[from] move: Wish|[wisher] Aromatisse
|-heal|p1a: Scrafty|83/100 tox|[from] item: Leftovers
|-damage|p1a: Scrafty|59/100 tox|[from] psn
|upkeep
|turn|34
|
|t:|1655308666
|move|p1a: Scrafty|Knock Off|p2a: Uxie
|-supereffective|p2a: Uxie
|-damage|p2a: Uxie|55/100
|move|p2a: Uxie|Stealth Rock|p1a: Scrafty
|-sidestart|p1: PlusC1028483|move: Stealth Rock
|
|-heal|p1a: Scrafty|65/100 tox|[from] item: Leftovers
|-damage|p1a: Scrafty|35/100 tox|[from] psn
|upkeep
|turn|35
|
|t:|1655308671
|move|p1a: Scrafty|Toxic|p2a: Uxie
|-status|p2a: Uxie|tox
|move|p2a: Uxie|Knock Off|p1a: Scrafty
|-resisted|p1a: Scrafty
|-damage|p1a: Scrafty|31/100 tox
|-enditem|p1a: Scrafty|Leftovers|[from] move: Knock Off|[of] p2a: Uxie
|
|-damage|p1a: Scrafty|0 fnt|[from] psn
|faint|p1a: Scrafty
|-damage|p2a: Uxie|49/100 tox|[from] psn
|upkeep
|
|t:|1655308674
|switch|p1a: Comfey|Comfey, M|100/100
|-damage|p1a: Comfey|88/100|[from] Stealth Rock
|turn|36
|
|t:|1655308680
|move|p1a: Comfey|Draining Kiss|p2a: Uxie
|-damage|p2a: Uxie|33/100 tox
|-heal|p1a: Comfey|100/100|[from] drain|[of] p2a: Uxie
|move|p2a: Uxie|Knock Off|p1a: Comfey
|-resisted|p1a: Comfey
|-damage|p1a: Comfey|89/100
|-enditem|p1a: Comfey|Leftovers|[from] move: Knock Off|[of] p2a: Uxie
|
|-damage|p2a: Uxie|20/100 tox|[from] psn
|upkeep
|turn|37
|
|t:|1655308687
|switch|p2a: Eldegoss|Eldegoss, F|73/100
|-damage|p2a: Eldegoss|61/100|[from] Stealth Rock
|move|p1a: Comfey|Draining Kiss|p2a: Eldegoss
|-damage|p2a: Eldegoss|45/100
|-heal|p1a: Comfey|100/100|[from] drain|[of] p2a: Eldegoss
|
|-heal|p2a: Eldegoss|52/100|[from] item: Leftovers
|-fieldend|move: Trick Room
|upkeep
|turn|38
|
|t:|1655308691
|move|p1a: Comfey|U-turn|p2a: Eldegoss
|-supereffective|p2a: Eldegoss
|-damage|p2a: Eldegoss|31/100
|
|t:|1655308693
|switch|p1a: Silvally|Silvally-Ghost|17/100|[from]move: U-turn
|-damage|p1a: Silvally|5/100|[from] Stealth Rock
|move|p2a: Eldegoss|Substitute|p2a: Eldegoss
|-start|p2a: Eldegoss|Substitute
|-damage|p2a: Eldegoss|6/100
|
|-heal|p2a: Eldegoss|12/100|[from] item: Leftovers
|upkeep
|turn|39
|
|t:|1655308698
|move|p1a: Silvally|Multi-Attack|p2a: Eldegoss
|-end|p2a: Eldegoss|Substitute
|move|p2a: Eldegoss|Leech Seed|p1a: Silvally
|-start|p1a: Silvally|move: Leech Seed
|
|-heal|p2a: Eldegoss|18/100|[from] item: Leftovers
|-damage|p1a: Silvally|0 fnt|[from] Leech Seed|[of] p2a: Eldegoss
|-heal|p2a: Eldegoss|23/100|[silent]
|faint|p1a: Silvally
|upkeep
|
|t:|1655308700
|switch|p1a: Comfey|Comfey, M|100/100
|-damage|p1a: Comfey|88/100|[from] Stealth Rock
|turn|40
|
|t:|1655308706
|switch|p2a: Uxie|Uxie|20/100 tox
|-damage|p2a: Uxie|8/100 tox|[from] Stealth Rock
|move|p1a: Comfey|Draining Kiss|p2a: Uxie
|-damage|p2a: Uxie|0 fnt
|-heal|p1a: Comfey|95/100|[from] drain|[of] p2a: Uxie
|faint|p2a: Uxie
|
|upkeep
|
|t:|1655308709
|switch|p2a: Eldegoss|Eldegoss, F|56/100
|-damage|p2a: Eldegoss|44/100|[from] Stealth Rock
|turn|41
|
|t:|1655308713
|move|p1a: Comfey|Draining Kiss|p2a: Eldegoss
|-damage|p2a: Eldegoss|27/100
|-heal|p1a: Comfey|100/100|[from] drain|[of] p2a: Eldegoss
|move|p2a: Eldegoss|Leech Seed|p1a: Comfey
|-start|p1a: Comfey|move: Leech Seed
|
|-heal|p2a: Eldegoss|33/100|[from] item: Leftovers
|-damage|p1a: Comfey|88/100|[from] Leech Seed|[of] p2a: Eldegoss
|-heal|p2a: Eldegoss|45/100|[silent]
|upkeep
|turn|42
|
|t:|1655308719
|switch|p2a: Quagsire|Quagsire, F|82/100 tox
|-damage|p2a: Quagsire|76/100 tox|[from] Stealth Rock
|move|p1a: Comfey|Draining Kiss|p2a: Quagsire
|-damage|p2a: Quagsire|51/100 tox
|-heal|p1a: Comfey|100/100|[from] drain|[of] p2a: Quagsire
|-damage|p1a: Comfey|84/100|[from] item: Rocky Helmet|[of] p2a: Quagsire
|
|-damage|p1a: Comfey|71/100|[from] Leech Seed|[of] p2a: Quagsire
|-heal|p2a: Quagsire|61/100 tox|[silent]
|-damage|p2a: Quagsire|55/100 tox|[from] psn
|upkeep
|turn|43
|
|t:|1655308722
|switch|p2a: Eldegoss|Eldegoss, F|78/100
|-damage|p2a: Eldegoss|66/100|[from] Stealth Rock
|move|p1a: Comfey|U-turn|p2a: Eldegoss
|-supereffective|p2a: Eldegoss
|-damage|p2a: Eldegoss|46/100
|
|t:|1655308726
|switch|p1a: Thwackey|Thwackey, F|24/100|[from]move: U-turn
|-damage|p1a: Thwackey|12/100|[from] Stealth Rock
|-fieldstart|move: Grassy Terrain|[from] ability: Grassy Surge|[of] p1a: Thwackey
|
|-heal|p1a: Thwackey|18/100|[from] Grassy Terrain
|-heal|p2a: Eldegoss|52/100|[from] Grassy Terrain
|-heal|p2a: Eldegoss|58/100|[from] item: Leftovers
|upkeep
|turn|44
|
|t:|1655308729
|move|p1a: Thwackey|Drain Punch|p2a: Eldegoss
|-damage|p2a: Eldegoss|27/100
|-heal|p1a: Thwackey|35/100|[from] drain|[of] p2a: Eldegoss
|-damage|p1a: Thwackey|25/100|[from] item: Life Orb
|move|p2a: Eldegoss|Rapid Spin|p1a: Thwackey
|-damage|p1a: Thwackey|15/100
|-boost|p2a: Eldegoss|spe|1
|-sideend|p2: zman0604|Stealth Rock|[from] move: Rapid Spin|[of] p2a: Eldegoss
|
|-heal|p1a: Thwackey|21/100|[from] Grassy Terrain
|-heal|p2a: Eldegoss|33/100|[from] Grassy Terrain
|-heal|p2a: Eldegoss|40/100|[from] item: Leftovers
|upkeep
|turn|45
|
|t:|1655308745
|move|p1a: Thwackey|U-turn|p2a: Eldegoss
|-supereffective|p2a: Eldegoss
|-damage|p2a: Eldegoss|0 fnt
|faint|p2a: Eldegoss
|-damage|p1a: Thwackey|12/100|[from] item: Life Orb
|
|t:|1655308748
|switch|p1a: Comfey|Comfey, M|71/100|[from]move: U-turn
|-damage|p1a: Comfey|59/100|[from] Stealth Rock
|
|-heal|p1a: Comfey|65/100|[from] Grassy Terrain
|upkeep
|
|t:|1655308751
|switch|p2a: Glastrier|Glastrier|19/100
|turn|46
|
|t:|1655308754
|move|p1a: Comfey|Draining Kiss|p2a: Glastrier
|-damage|p2a: Glastrier|0 fnt
|-heal|p1a: Comfey|81/100|[from] drain|[of] p2a: Glastrier
|faint|p2a: Glastrier
|
|-heal|p1a: Comfey|87/100|[from] Grassy Terrain
|upkeep
|
|t:|1655308756
|switch|p2a: Quagsire|Quagsire, F|55/100 tox
|turn|47
|
|t:|1655308759
|move|p1a: Comfey|Draining Kiss|p2a: Quagsire
|-damage|p2a: Quagsire|30/100 tox
|-heal|p1a: Comfey|100/100|[from] drain|[of] p2a: Quagsire
|-damage|p1a: Comfey|84/100|[from] item: Rocky Helmet|[of] p2a: Quagsire
|move|p2a: Quagsire|Recover|p2a: Quagsire
|-heal|p2a: Quagsire|80/100 tox
|
|-heal|p1a: Comfey|90/100|[from] Grassy Terrain
|-heal|p2a: Quagsire|86/100 tox|[from] Grassy Terrain
|-damage|p2a: Quagsire|80/100 tox|[from] psn
|-fieldend|move: Grassy Terrain
|upkeep
|turn|48
|
|t:|1655308761
|move|p1a: Comfey|Draining Kiss|p2a: Quagsire
|-damage|p2a: Quagsire|56/100 tox
|-heal|p1a: Comfey|100/100|[from] drain|[of] p2a: Quagsire
|-damage|p1a: Comfey|84/100|[from] item: Rocky Helmet|[of] p2a: Quagsire
|move|p2a: Quagsire|Toxic|p1a: Comfey
|-status|p1a: Comfey|tox
|
|-damage|p1a: Comfey|78/100 tox|[from] psn
|-damage|p2a: Quagsire|44/100 tox|[from] psn
|upkeep
|turn|49
|
|t:|1655308763
|move|p1a: Comfey|Draining Kiss|p2a: Quagsire
|-damage|p2a: Quagsire|17/100 tox
|-heal|p1a: Comfey|100/100 tox|[from] drain|[of] p2a: Quagsire
|-damage|p1a: Comfey|84/100 tox|[from] item: Rocky Helmet|[of] p2a: Quagsire
|move|p2a: Quagsire|Recover|p2a: Quagsire
|-heal|p2a: Quagsire|67/100 tox
|
|-damage|p1a: Comfey|71/100 tox|[from] psn
|-damage|p2a: Quagsire|49/100 tox|[from] psn
|upkeep
|turn|50
|
|t:|1655308766
|move|p1a: Comfey|Draining Kiss|p2a: Quagsire
|-damage|p2a: Quagsire|24/100 tox
|-heal|p1a: Comfey|95/100 tox|[from] drain|[of] p2a: Quagsire
|-damage|p1a: Comfey|79/100 tox|[from] item: Rocky Helmet|[of] p2a: Quagsire
|move|p2a: Quagsire|Recover|p2a: Quagsire
|-heal|p2a: Quagsire|74/100 tox
|
|-damage|p1a: Comfey|60/100 tox|[from] psn
|-damage|p2a: Quagsire|50/100 tox|[from] psn
|upkeep
|turn|51
|
|t:|1655308767
|move|p1a: Comfey|Draining Kiss|p2a: Quagsire
|-damage|p2a: Quagsire|25/100 tox
|-heal|p1a: Comfey|84/100 tox|[from] drain|[of] p2a: Quagsire
|-damage|p1a: Comfey|67/100 tox|[from] item: Rocky Helmet|[of] p2a: Quagsire
|move|p2a: Quagsire|Recover|p2a: Quagsire
|-heal|p2a: Quagsire|75/100 tox
|
|-damage|p1a: Comfey|42/100 tox|[from] psn
|-damage|p2a: Quagsire|45/100 tox|[from] psn
|upkeep
|turn|52
|
|t:|1655308770
|move|p1a: Comfey|Draining Kiss|p2a: Quagsire
|-damage|p2a: Quagsire|20/100 tox
|-heal|p1a: Comfey|67/100 tox|[from] drain|[of] p2a: Quagsire
|-damage|p1a: Comfey|50/100 tox|[from] item: Rocky Helmet|[of] p2a: Quagsire
|move|p2a: Quagsire|Recover|p2a: Quagsire
|-heal|p2a: Quagsire|70/100 tox
|
|-damage|p1a: Comfey|19/100 tox|[from] psn
|-damage|p2a: Quagsire|33/100 tox|[from] psn
|upkeep
|turn|53
|
|t:|1655308774
|move|p1a: Comfey|Draining Kiss|p2a: Quagsire
|-damage|p2a: Quagsire|8/100 tox
|-heal|p1a: Comfey|43/100 tox|[from] drain|[of] p2a: Quagsire
|-damage|p1a: Comfey|27/100 tox|[from] item: Rocky Helmet|[of] p2a: Quagsire
|move|p2a: Quagsire|Recover|p2a: Quagsire
|-heal|p2a: Quagsire|58/100 tox
|
|-damage|p1a: Comfey|0 fnt|[from] psn
|faint|p1a: Comfey
|-damage|p2a: Quagsire|15/100 tox|[from] psn
|upkeep
|
|t:|1655308776
|switch|p1a: Thwackey|Thwackey, F|12/100
|-damage|p1a: Thwackey|0 fnt|[from] Stealth Rock
|faint|p1a: Thwackey
|
|win|zman0604
|raw|PlusC1028483's rating: 1284 &rarr; <strong>1254</strong><br />(-30 for losing)
|raw|zman0604's rating: 1216 &rarr; <strong>1246</strong><br />(+30 for winning)
|c|☆zman0604|GG
|c|☆PlusC1028483|Gg
