|j|☆Staraptors fury
|j|☆mefrog
|t:|1637089331
|gametype|singles
|player|p1|Staraptors fury|janine|1256
|player|p2|mefrog|volkner|1324
|teamsize|p1|6
|teamsize|p2|6
|gen|8
|tier|[Gen 8] PU
|rated|
|rule|Sleep Clause Mod: Limit one foe put to sleep
|rule|Species Clause: Limit one of each Pokémon
|rule|OHKO Clause: OHKO moves are banned
|rule|Evasion Moves Clause: Evasion moves are banned
|rule|Endless Battle Clause: Forcing endless battles is banned
|rule|HP Percentage Mod: HP is shown in percentages
|rule|Dynamax Clause: You cannot dynamax
|clearpoke
|poke|p1|Audino, M|
|poke|p1|Articuno|
|poke|p1|Miltank, F|
|poke|p1|Qwilfish, M|
|poke|p1|Quagsire, M|
|poke|p1|Aromatisse, M|
|poke|p2|Charizard, F|
|poke|p2|Liepard, F|
|poke|p2|Onix, F|
|poke|p2|Shiftry, F|
|poke|p2|Leafeon, F|
|poke|p2|Lilligant, F|
|teampreview
|
|t:|1637089339
|start
|switch|p1a: POSSESSING SPIRIT|Aromatisse, M, shiny|100/100
|switch|p2a: Onix|Onix, F|100/100
|turn|1
|
|t:|1637089343
|switch|p1a: FIRE WATER|Quagsire, M, shiny|100/100
|move|p2a: Onix|Stealth Rock|p1a: FIRE WATER
|-sidestart|p1: Staraptors fury|move: Stealth Rock
|
|upkeep
|turn|2
|
|t:|1637089356
|move|p2a: Onix|Sunny Day|p2a: Onix
|-weather|SunnyDay
|move|p1a: FIRE WATER|Liquidation|p2a: Onix
|-supereffective|p2a: Onix
|-damage|p2a: Onix|57/100
|
|-weather|SunnyDay|[upkeep]
|upkeep
|turn|3
|
|t:|1637089363
|switch|p1a: ADAMANTINE KATA|Audino, M, shiny|100/100
|move|p2a: Onix|Taunt|p1a: ADAMANTINE KATA
|-start|p1a: ADAMANTINE KATA|move: Taunt
|
|-weather|SunnyDay|[upkeep]
|upkeep
|turn|4
|
|t:|1637089367
|switch|p1a: FIRE WATER|Quagsire, M, shiny|100/100
|move|p2a: Onix|Explosion|p1a: FIRE WATER
|-damage|p1a: FIRE WATER|81/100
|faint|p2a: Onix
|
|-weather|SunnyDay|[upkeep]
|upkeep
|
|t:|1637089374
|switch|p2a: Charizard|Charizard, F|100/100
|turn|5
|inactive|Battle timer is ON: inactive players will automatically lose when time's up. (requested by mefrog)
|
|t:|1637089379
|switch|p1a: ADAMANTINE KATA|Audino, M, shiny|100/100
|move|p2a: Charizard|Weather Ball|p1a: ADAMANTINE KATA
|-damage|p1a: ADAMANTINE KATA|19/100
|
|-weather|SunnyDay|[upkeep]
|-damage|p2a: Charizard|88/100|[from] ability: Solar Power|[of] p2a: Charizard
|upkeep
|turn|6
|
|t:|1637089383
|move|p1a: ADAMANTINE KATA|Protect|p1a: ADAMANTINE KATA
|-singleturn|p1a: ADAMANTINE KATA|Protect
|move|p2a: Charizard|Weather Ball|p1a: ADAMANTINE KATA
|-activate|p1a: ADAMANTINE KATA|move: Protect
|
|-weather|SunnyDay|[upkeep]
|-damage|p2a: Charizard|76/100|[from] ability: Solar Power|[of] p2a: Charizard
|upkeep
|turn|7
|
|t:|1637089397
|move|p1a: ADAMANTINE KATA|Protect|p1a: ADAMANTINE KATA
|-singleturn|p1a: ADAMANTINE KATA|Protect
|move|p2a: Charizard|Weather Ball|p1a: ADAMANTINE KATA
|-activate|p1a: ADAMANTINE KATA|move: Protect
|
|-weather|SunnyDay|[upkeep]
|-damage|p2a: Charizard|63/100|[from] ability: Solar Power|[of] p2a: Charizard
|upkeep
|turn|8
|
|t:|1637089405
|move|p2a: Charizard|Weather Ball|p1a: ADAMANTINE KATA
|-damage|p1a: ADAMANTINE KATA|0 fnt
|faint|p1a: ADAMANTINE KATA
|
|-weather|SunnyDay|[upkeep]
|-damage|p2a: Charizard|51/100|[from] ability: Solar Power|[of] p2a: Charizard
|upkeep
|
|t:|1637089411
|switch|p1a: POSSESSING SPIRIT|Aromatisse, M, shiny|100/100
|-damage|p1a: POSSESSING SPIRIT|88/100|[from] Stealth Rock
|turn|9
|
|t:|1637089419
|move|p1a: POSSESSING SPIRIT|Protect|p1a: POSSESSING SPIRIT
|-singleturn|p1a: POSSESSING SPIRIT|Protect
|move|p2a: Charizard|Weather Ball|p1a: POSSESSING SPIRIT
|-activate|p1a: POSSESSING SPIRIT|move: Protect
|
|-weather|none
|-heal|p1a: POSSESSING SPIRIT|94/100|[from] item: Leftovers
|upkeep
|turn|10
|
|t:|1637089423
|move|p2a: Charizard|Sunny Day|p2a: Charizard
|-weather|SunnyDay
|move|p1a: POSSESSING SPIRIT|Wish|p1a: POSSESSING SPIRIT
|
|-weather|SunnyDay|[upkeep]
|-damage|p2a: Charizard|38/100|[from] ability: Solar Power|[of] p2a: Charizard
|-heal|p1a: POSSESSING SPIRIT|100/100|[from] item: Leftovers
|upkeep
|turn|11
|
|t:|1637089427
|move|p2a: Charizard|Weather Ball|p1a: POSSESSING SPIRIT
|-damage|p1a: POSSESSING SPIRIT|0 fnt
|faint|p1a: POSSESSING SPIRIT
|
|-weather|SunnyDay|[upkeep]
|-damage|p2a: Charizard|26/100|[from] ability: Solar Power|[of] p2a: Charizard
|upkeep
|
|t:|1637089435
|switch|p1a: FIRE WATER|Quagsire, M, shiny|81/100
|turn|12
|
|t:|1637089454
|move|p2a: Charizard|Solar Beam||[still]
|-prepare|p2a: Charizard|Solar Beam
|-anim|p2a: Charizard|Solar Beam|p1a: FIRE WATER
|-supereffective|p1a: FIRE WATER
|-damage|p1a: FIRE WATER|0 fnt
|faint|p1a: FIRE WATER
|
|-weather|SunnyDay|[upkeep]
|-damage|p2a: Charizard|13/100|[from] ability: Solar Power|[of] p2a: Charizard
|upkeep
|-message|Staraptors fury forfeited.
|
|win|mefrog
|raw|Staraptors fury's rating: 1256 &rarr; <strong>1236</strong><br />(-20 for losing)
|raw|mefrog's rating: 1324 &rarr; <strong>1340</strong><br />(+16 for winning)
|l|☆Staraptors fury
