|j|☆EWQW
|j|☆ayo bb
|t:|1621417161
|gametype|singles
|player|p1|EWQW|falkner|1511
|player|p2|ayo bb|2|1550
|teamsize|p1|6
|teamsize|p2|6
|gen|8
|tier|[Gen 8] PU
|rated|
|rule|Sleep Clause Mod: Limit one foe put to sleep
|rule|Species Clause: Limit one of each Pokémon
|rule|OHKO Clause: OHKO moves are banned
|rule|Evasion Moves Clause: Evasion moves are banned
|rule|Endless Battle Clause: Forcing endless battles is banned
|rule|HP Percentage Mod: HP is shown in percentages
|rule|Dynamax Clause: You cannot dynamax
|clearpoke
|poke|p1|Gothitelle, F|
|poke|p1|Cinccino, F|
|poke|p1|Audino, M|
|poke|p1|Scrafty, F|
|poke|p1|Cofagrigus, F|
|poke|p1|Stunfisk, M|
|poke|p2|Morpeko, F|
|poke|p2|Scyther, F|
|poke|p2|Garbodor, M|
|poke|p2|Wishiwashi, F|
|poke|p2|Turtonator, M|
|poke|p2|Stunfisk-Galar, F|
|teampreview
|j| Gva
|
|t:|1621417178
|start
|switch|p1a: Cinccino|Cinccino, F|100/100
|switch|p2a: Wishiwashi|Wishiwashi, F|100/100
|-formechange|p2a: Wishiwashi|Wishiwashi-School||[from] ability: Schooling
|turn|1
|
|t:|1621417182
|switch|p2a: Garbodor|Garbodor, M|100/100
|move|p1a: Cinccino|U-turn|p2a: Garbodor
|-resisted|p2a: Garbodor
|-damage|p2a: Garbodor|93/100
|-damage|p1a: Cinccino|84/100|[from] item: Rocky Helmet|[of] p2a: Garbodor
|
|t:|1621417187
|switch|p1a: Cofagrigus|Cofagrigus, F|100/100|[from]move: U-turn
|
|upkeep
|turn|2
|
|t:|1621417205
|switch|p2a: Turtonator|Turtonator, M|100/100
|move|p1a: Cofagrigus|Will-O-Wisp|p2a: Turtonator
|-immune|p2a: Turtonator
|
|upkeep
|turn|3
|
|t:|1621417212
|move|p2a: Turtonator|Fire Blast|p1a: Cofagrigus|[miss]
|-miss|p2a: Turtonator|p1a: Cofagrigus
|move|p1a: Cofagrigus|Shadow Ball|p2a: Turtonator
|-damage|p2a: Turtonator|58/100
|-unboost|p2a: Turtonator|spd|1
|
|upkeep
|turn|4
|
|t:|1621417218
|switch|p2a: Wishiwashi|Wishiwashi, F|100/100
|-formechange|p2a: Wishiwashi|Wishiwashi-School||[from] ability: Schooling
|switch|p1a: Audino|Audino, M|100/100
|
|upkeep
|turn|5
|
|t:|1621417221
|move|p1a: Audino|Toxic|p2a: Wishiwashi
|-status|p2a: Wishiwashi|tox
|move|p2a: Wishiwashi|Scald|p1a: Audino
|-damage|p1a: Audino|80/100
|
|-heal|p1a: Audino|86/100|[from] item: Leftovers
|-damage|p2a: Wishiwashi|94/100 tox|[from] psn
|upkeep
|turn|6
|
|t:|1621417225
|move|p1a: Audino|Wish|p1a: Audino
|move|p2a: Wishiwashi|Scald|p1a: Audino
|-damage|p1a: Audino|65/100
|
|-heal|p1a: Audino|71/100|[from] item: Leftovers
|-heal|p2a: Wishiwashi|100/100 tox|[from] item: Leftovers
|-damage|p2a: Wishiwashi|88/100 tox|[from] psn
|upkeep
|turn|7
|
|t:|1621417228
|switch|p1a: Cinccino|Cinccino, F|84/100
|move|p2a: Wishiwashi|Scald|p1a: Cinccino
|-damage|p1a: Cinccino|28/100
|-status|p1a: Cinccino|brn
|
|-heal|p1a: Cinccino|99/100 brn|[from] move: Wish|[wisher] Audino
|-heal|p2a: Wishiwashi|94/100 tox|[from] item: Leftovers
|-damage|p2a: Wishiwashi|76/100 tox|[from] psn
|-damage|p1a: Cinccino|93/100 brn|[from] brn
|upkeep
|turn|8
|
|t:|1621417231
|move|p1a: Cinccino|U-turn|p2a: Wishiwashi
|-damage|p2a: Wishiwashi|69/100 tox
|
|t:|1621417234
|switch|p1a: Audino|Audino, M|100/100|[from]move: U-turn
|move|p2a: Wishiwashi|U-turn|p1a: Audino
|-damage|p1a: Audino|80/100
|
|t:|1621417236
|switch|p2a: Morpeko|Morpeko, F|100/100|[from]move: U-turn
|
|-heal|p1a: Audino|87/100|[from] item: Leftovers
|-formechange|p2a: Morpeko|Morpeko-Hangry||[from] ability: Hunger Switch
|upkeep
|turn|9
|
|t:|1621417240
|move|p2a: Morpeko|Taunt|p1a: Audino
|-start|p1a: Audino|move: Taunt
|cant|p1a: Audino|move: Taunt|Toxic
|
|-heal|p1a: Audino|93/100|[from] item: Leftovers
|-formechange|p2a: Morpeko|Morpeko||[from] ability: Hunger Switch
|upkeep
|turn|10
|
|t:|1621417243
|switch|p1a: Stunfisk|Stunfisk, M|100/100
|move|p2a: Morpeko|Aura Wheel|p1a: Stunfisk
|-immune|p1a: Stunfisk
|
|-formechange|p2a: Morpeko|Morpeko-Hangry||[from] ability: Hunger Switch
|upkeep
|turn|11
|
|t:|1621417248
|move|p2a: Morpeko|Parting Shot|p1a: Stunfisk
|-unboost|p1a: Stunfisk|atk|1
|-unboost|p1a: Stunfisk|spa|1
|
|t:|1621417250
|switch|p2a: Wishiwashi|Wishiwashi, F|69/100 tox|[from]move: Parting Shot
|-formechange|p2a: Wishiwashi|Wishiwashi-School||[from] ability: Schooling
|move|p1a: Stunfisk|Earth Power|p2a: Wishiwashi
|-damage|p2a: Wishiwashi|57/100 tox
|-unboost|p2a: Wishiwashi|spd|1
|
|-heal|p2a: Wishiwashi|63/100 tox|[from] item: Leftovers
|-damage|p2a: Wishiwashi|57/100 tox|[from] psn
|upkeep
|turn|12
|
|t:|1621417254
|switch|p1a: Audino|Audino, M|100/100
|move|p2a: Wishiwashi|Rest|p2a: Wishiwashi
|-status|p2a: Wishiwashi|slp|[from] move: Rest
|-heal|p2a: Wishiwashi|100/100 slp|[silent]
|
|upkeep
|turn|13
|
|t:|1621417262
|move|p1a: Audino|Heal Bell|p1a: Audino
|-activate|p1a: Audino|move: Heal Bell
|-curestatus|p1: Cinccino|brn|[msg]
|cant|p2a: Wishiwashi|slp
|move|p2a: Wishiwashi|Sleep Talk|p2a: Wishiwashi
|move|p2a: Wishiwashi|Rest||[from]move: Sleep Talk|[still]
|-fail|p2a: Wishiwashi
|
|upkeep
|turn|14
|c| Gva|Lol
|
|t:|1621417268
|switch|p1a: Gothitelle|Gothitelle, F|100/100
|-item|p2a: Wishiwashi|Leftovers|[from] ability: Frisk|[of] p1a: Gothitelle|[identify]
|cant|p2a: Wishiwashi|slp
|move|p2a: Wishiwashi|Sleep Talk|p2a: Wishiwashi
|move|p2a: Wishiwashi|Rest||[from]move: Sleep Talk|[still]
|-fail|p2a: Wishiwashi
|
|upkeep
|turn|15
|
|t:|1621417275
|switch|p2a: Stunfisk|Stunfisk-Galar, F|100/100
|move|p1a: Gothitelle|Charm|p2a: Stunfisk
|-unboost|p2a: Stunfisk|atk|2
|
|upkeep
|turn|16
|
|t:|1621417279
|switch|p1a: Stunfisk|Stunfisk, M|100/100
|move|p2a: Stunfisk|Stealth Rock|p1a: Stunfisk
|-sidestart|p1: EWQW|move: Stealth Rock
|
|upkeep
|turn|17
|
|t:|1621417285
|move|p1a: Stunfisk|Stealth Rock|p2a: Stunfisk
|-sidestart|p2: ayo bb|move: Stealth Rock
|move|p2a: Stunfisk|Snap Trap|p1a: Stunfisk
|-supereffective|p1a: Stunfisk
|-crit|p1a: Stunfisk
|-damage|p1a: Stunfisk|82/100
|-activate|p1a: Stunfisk|move: Snap Trap|[of] p2a: Stunfisk
|
|-heal|p1a: Stunfisk|88/100|[from] item: Leftovers
|-damage|p1a: Stunfisk|76/100|[from] move: Snap Trap|[partiallytrapped]
|upkeep
|turn|18
|
|t:|1621417294
|move|p1a: Stunfisk|Earth Power|p2a: Stunfisk
|-supereffective|p2a: Stunfisk
|-damage|p2a: Stunfisk|67/100
|-unboost|p2a: Stunfisk|spd|1
|move|p2a: Stunfisk|Earthquake|p1a: Stunfisk
|-supereffective|p1a: Stunfisk
|-damage|p1a: Stunfisk|49/100
|
|-heal|p1a: Stunfisk|55/100|[from] item: Leftovers
|-heal|p2a: Stunfisk|73/100|[from] item: Leftovers
|-damage|p1a: Stunfisk|43/100|[from] move: Snap Trap|[partiallytrapped]
|upkeep
|turn|19
|
|t:|1621417302
|switch|p2a: Wishiwashi|Wishiwashi, F|100/100 slp
|-damage|p2a: Wishiwashi|88/100 slp|[from] Stealth Rock
|-formechange|p2a: Wishiwashi|Wishiwashi-School||[from] ability: Schooling
|move|p1a: Stunfisk|Pain Split|p2a: Wishiwashi
|-sethp|p2a: Wishiwashi|75/100 slp|[from] move: Pain Split|[silent]
|-sethp|p1a: Stunfisk|52/100|[from] move: Pain Split
|
|-heal|p1a: Stunfisk|58/100|[from] item: Leftovers
|-heal|p2a: Wishiwashi|81/100 slp|[from] item: Leftovers
|-end|p1a: Stunfisk|Snap Trap|[partiallytrapped]|[silent]
|upkeep
|turn|20
|
|t:|1621417308
|switch|p1a: Audino|Audino, M|100/100
|-damage|p1a: Audino|88/100|[from] Stealth Rock
|-curestatus|p2a: Wishiwashi|slp|[msg]
|move|p2a: Wishiwashi|Scald|p1a: Audino
|-damage|p1a: Audino|67/100
|
|-heal|p1a: Audino|73/100|[from] item: Leftovers
|-heal|p2a: Wishiwashi|87/100|[from] item: Leftovers
|upkeep
|turn|21
|
|t:|1621417316
|move|p1a: Audino|Toxic|p2a: Wishiwashi
|-status|p2a: Wishiwashi|tox
|move|p2a: Wishiwashi|U-turn|p1a: Audino
|-damage|p1a: Audino|52/100
|
|t:|1621417318
|switch|p2a: Garbodor|Garbodor, M|93/100|[from]move: U-turn
|-damage|p2a: Garbodor|81/100|[from] Stealth Rock
|
|-heal|p1a: Audino|59/100|[from] item: Leftovers
|upkeep
|turn|22
|
|t:|1621417321
|switch|p1a: Cofagrigus|Cofagrigus, F|100/100
|-damage|p1a: Cofagrigus|88/100|[from] Stealth Rock
|move|p2a: Garbodor|Spikes|p1a: Cofagrigus
|-sidestart|p1: EWQW|Spikes
|
|upkeep
|turn|23
|
|t:|1621417325
|move|p2a: Garbodor|Spikes|p1a: Cofagrigus
|-sidestart|p1: EWQW|Spikes
|move|p1a: Cofagrigus|Shadow Ball|p2a: Garbodor
|-damage|p2a: Garbodor|54/100
|
|upkeep
|turn|24
|
|t:|1621417328
|move|p2a: Garbodor|Spikes|p1a: Cofagrigus
|-sidestart|p1: EWQW|Spikes
|move|p1a: Cofagrigus|Will-O-Wisp|p2a: Garbodor
|-status|p2a: Garbodor|brn
|
|-damage|p2a: Garbodor|47/100 brn|[from] brn
|upkeep
|turn|25
|
|t:|1621417333
|switch|p2a: Wishiwashi|Wishiwashi, F|87/100 tox
|-damage|p2a: Wishiwashi|75/100 tox|[from] Stealth Rock
|-formechange|p2a: Wishiwashi|Wishiwashi-School||[from] ability: Schooling
|move|p1a: Cofagrigus|Body Press|p2a: Wishiwashi
|-damage|p2a: Wishiwashi|46/100 tox
|
|-heal|p2a: Wishiwashi|52/100 tox|[from] item: Leftovers
|-damage|p2a: Wishiwashi|46/100 tox|[from] psn
|upkeep
|turn|26
|
|t:|1621417337
|move|p1a: Cofagrigus|Shadow Ball|p2a: Wishiwashi
|-damage|p2a: Wishiwashi|25/100 tox
|move|p2a: Wishiwashi|Rest|p2a: Wishiwashi
|-status|p2a: Wishiwashi|slp|[from] move: Rest
|-heal|p2a: Wishiwashi|100/100 slp|[silent]
|
|upkeep
|turn|27
|
|t:|1621417348
|switch|p1a: Scrafty|Scrafty, F|100/100
|-damage|p1a: Scrafty|95/100|[from] Stealth Rock
|-damage|p1a: Scrafty|70/100|[from] Spikes
|cant|p2a: Wishiwashi|slp
|move|p2a: Wishiwashi|Sleep Talk|p2a: Wishiwashi
|move|p2a: Wishiwashi|U-turn|p1a: Scrafty|[from]move: Sleep Talk
|-damage|p1a: Scrafty|46/100
|
|t:|1621417352
|switch|p2a: Scyther|Scyther, F|100/100|[from]move: U-turn
|
|-heal|p1a: Scrafty|52/100|[from] item: Leftovers
|upkeep
|turn|28
|
|t:|1621417360
|switch|p1a: Cofagrigus|Cofagrigus, F|88/100
|-damage|p1a: Cofagrigus|75/100|[from] Stealth Rock
|-damage|p1a: Cofagrigus|50/100|[from] Spikes
|move|p2a: Scyther|Dual Wingbeat|p1a: Cofagrigus
|-damage|p1a: Cofagrigus|33/100
|-activate|p1a: Cofagrigus|ability: Mummy|Technician|[of] p2a: Scyther
|-damage|p1a: Cofagrigus|21/100
|-hitcount|p1a: Cofagrigus|2
|
|upkeep
|turn|29
|
|t:|1621417371
|move|p2a: Scyther|Knock Off|p1a: Cofagrigus
|-supereffective|p1a: Cofagrigus
|-enditem|p1a: Cofagrigus|Colbur Berry|[eat]
|-enditem|p1a: Cofagrigus|Colbur Berry|[weaken]
|-damage|p1a: Cofagrigus|3/100
|move|p1a: Cofagrigus|Pain Split|p2a: Scyther
|-sethp|p2a: Scyther|52/100|[from] move: Pain Split|[silent]
|-sethp|p1a: Cofagrigus|45/100|[from] move: Pain Split
|
|upkeep
|turn|30
|
|t:|1621417378
|move|p2a: Scyther|U-turn|p1a: Cofagrigus
|-resisted|p1a: Cofagrigus
|-damage|p1a: Cofagrigus|36/100
|
|t:|1621417380
|switch|p2a: Turtonator|Turtonator, M|58/100|[from]move: U-turn
|move|p1a: Cofagrigus|Will-O-Wisp|p2a: Turtonator
|-immune|p2a: Turtonator
|
|upkeep
|turn|31
|
|t:|1621417385
|move|p2a: Turtonator|Fire Blast|p1a: Cofagrigus
|-damage|p1a: Cofagrigus|0 fnt
|faint|p1a: Cofagrigus
|
|upkeep
|
|t:|1621417387
|switch|p1a: Cinccino|Cinccino, F|93/100
|-damage|p1a: Cinccino|80/100|[from] Stealth Rock
|-damage|p1a: Cinccino|55/100|[from] Spikes
|turn|32
|
|t:|1621417392
|switch|p2a: Stunfisk|Stunfisk-Galar, F|73/100
|-damage|p2a: Stunfisk|70/100|[from] Stealth Rock
|move|p1a: Cinccino|Rock Blast|p2a: Stunfisk
|-resisted|p2a: Stunfisk
|-damage|p2a: Stunfisk|69/100
|-resisted|p2a: Stunfisk
|-crit|p2a: Stunfisk
|-damage|p2a: Stunfisk|67/100
|-resisted|p2a: Stunfisk
|-damage|p2a: Stunfisk|65/100
|-resisted|p2a: Stunfisk
|-damage|p2a: Stunfisk|64/100
|-resisted|p2a: Stunfisk
|-damage|p2a: Stunfisk|63/100
|-hitcount|p2a: Stunfisk|5
|
|-heal|p2a: Stunfisk|69/100|[from] item: Leftovers
|upkeep
|turn|33
|
|t:|1621417396
|move|p1a: Cinccino|Bullet Seed|p2a: Stunfisk
|-damage|p2a: Stunfisk|63/100
|-damage|p2a: Stunfisk|57/100
|-damage|p2a: Stunfisk|51/100
|-damage|p2a: Stunfisk|46/100
|-damage|p2a: Stunfisk|40/100
|-hitcount|p2a: Stunfisk|5
|cant|p2a: Stunfisk|flinch
|
|-heal|p2a: Stunfisk|46/100|[from] item: Leftovers
|upkeep
|turn|34
|
|t:|1621417404
|move|p1a: Cinccino|Bullet Seed|p2a: Stunfisk
|-damage|p2a: Stunfisk|41/100
|-damage|p2a: Stunfisk|35/100
|-damage|p2a: Stunfisk|29/100
|-damage|p2a: Stunfisk|23/100
|-damage|p2a: Stunfisk|17/100
|-hitcount|p2a: Stunfisk|5
|move|p2a: Stunfisk|Yawn|p1a: Cinccino
|-start|p1a: Cinccino|move: Yawn|[of] p2a: Stunfisk
|
|-heal|p2a: Stunfisk|23/100|[from] item: Leftovers
|upkeep
|turn|35
|
|t:|1621417407
|move|p1a: Cinccino|U-turn|p2a: Stunfisk
|-resisted|p2a: Stunfisk
|-damage|p2a: Stunfisk|16/100
|
|t:|1621417410
|switch|p1a: Audino|Audino, M|92/100|[from]move: U-turn
|-damage|p1a: Audino|79/100|[from] Stealth Rock
|-damage|p1a: Audino|54/100|[from] Spikes
|move|p2a: Stunfisk|Snap Trap|p1a: Audino
|-damage|p1a: Audino|48/100
|-activate|p1a: Audino|move: Snap Trap|[of] p2a: Stunfisk
|
|-heal|p1a: Audino|54/100|[from] item: Leftovers
|-heal|p2a: Stunfisk|22/100|[from] item: Leftovers
|-damage|p1a: Audino|41/100|[from] move: Snap Trap|[partiallytrapped]
|upkeep
|turn|36
|
|t:|1621417415
|move|p1a: Audino|Wish|p1a: Audino
|move|p2a: Stunfisk|Yawn|p1a: Audino
|-start|p1a: Audino|move: Yawn|[of] p2a: Stunfisk
|
|-heal|p1a: Audino|48/100|[from] item: Leftovers
|-heal|p2a: Stunfisk|28/100|[from] item: Leftovers
|-damage|p1a: Audino|35/100|[from] move: Snap Trap|[partiallytrapped]
|upkeep
|turn|37
|
|t:|1621417431
|move|p1a: Audino|Protect|p1a: Audino
|-singleturn|p1a: Audino|Protect
|move|p2a: Stunfisk|Yawn|p1a: Audino
|-activate|p1a: Audino|move: Protect
|
|-heal|p1a: Audino|85/100|[from] move: Wish|[wisher] Audino
|-heal|p1a: Audino|91/100|[from] item: Leftovers
|-heal|p2a: Stunfisk|34/100|[from] item: Leftovers
|-damage|p1a: Audino|79/100|[from] move: Snap Trap|[partiallytrapped]
|-end|p1a: Audino|move: Yawn|[silent]
|-status|p1a: Audino|slp
|upkeep
|turn|38
|
|t:|1621417449
|switch|p2a: Morpeko|Morpeko, F|100/100
|cant|p1a: Audino|slp
|
|-heal|p1a: Audino|85/100 slp|[from] item: Leftovers
|-end|p1a: Audino|Snap Trap|[partiallytrapped]|[silent]
|-formechange|p2a: Morpeko|Morpeko-Hangry||[from] ability: Hunger Switch
|upkeep
|turn|39
|
|t:|1621417456
|move|p2a: Morpeko|Aura Wheel|p1a: Audino
|-damage|p1a: Audino|40/100 slp
|-boost|p2a: Morpeko|spe|1
|cant|p1a: Audino|slp
|
|-heal|p1a: Audino|46/100 slp|[from] item: Leftovers
|-formechange|p2a: Morpeko|Morpeko||[from] ability: Hunger Switch
|upkeep
|turn|40
|
|t:|1621417461
|cant|p1a: Audino|slp
|move|p2a: Morpeko|Taunt|p1a: Audino
|-start|p1a: Audino|move: Taunt
|
|-heal|p1a: Audino|52/100 slp|[from] item: Leftovers
|-formechange|p2a: Morpeko|Morpeko-Hangry||[from] ability: Hunger Switch
|upkeep
|turn|41
|
|t:|1621417468
|switch|p1a: Stunfisk|Stunfisk, M|58/100
|-damage|p1a: Stunfisk|52/100|[from] Stealth Rock
|-damage|p1a: Stunfisk|27/100|[from] Spikes
|move|p2a: Morpeko|Aura Wheel|p1a: Stunfisk
|-damage|p1a: Stunfisk|0 fnt
|-boost|p2a: Morpeko|spe|1
|faint|p1a: Stunfisk
|
|-formechange|p2a: Morpeko|Morpeko||[from] ability: Hunger Switch
|upkeep
|
|t:|1621417471
|switch|p1a: Scrafty|Scrafty, F|52/100
|-damage|p1a: Scrafty|46/100|[from] Stealth Rock
|-damage|p1a: Scrafty|21/100|[from] Spikes
|turn|42
|
|t:|1621417473
|move|p2a: Morpeko|Aura Wheel|p1a: Scrafty
|-crit|p1a: Scrafty
|-damage|p1a: Scrafty|0 fnt
|-boost|p2a: Morpeko|spe|1
|faint|p1a: Scrafty
|
|-formechange|p2a: Morpeko|Morpeko-Hangry||[from] ability: Hunger Switch
|upkeep
|-message|EWQW forfeited.
|
|win|ayo bb
|raw|EWQW's rating: 1511 &rarr; <strong>1493</strong><br />(-18 for losing)
|raw|ayo bb's rating: 1550 &rarr; <strong>1568</strong><br />(+18 for winning)
|l|☆EWQW
