|j|☆wizard of oshawott
|j|☆they call me stick
|t:|1621468678
|gametype|singles
|player|p1|wizard of oshawott|201|1121
|player|p2|they call me stick|170|1204
|teamsize|p1|6
|teamsize|p2|6
|gen|8
|tier|[Gen 8] PU
|rated|
|rule|Sleep Clause Mod: Limit one foe put to sleep
|rule|Species Clause: Limit one of each Pokémon
|rule|OHKO Clause: OHKO moves are banned
|rule|Evasion Moves Clause: Evasion moves are banned
|rule|Endless Battle Clause: Forcing endless battles is banned
|rule|HP Percentage Mod: HP is shown in percentages
|rule|Dynamax Clause: You cannot dynamax
|clearpoke
|poke|p1|Audino, M|
|poke|p1|Hitmonlee, M|
|poke|p1|Qwilfish, M|
|poke|p1|Trevenant, F|
|poke|p1|Charizard, M|
|poke|p1|Sandslash, F|
|poke|p2|Charizard, F|
|poke|p2|Passimian, M|
|poke|p2|Lanturn, F|
|poke|p2|Mesprit|
|poke|p2|Tsareena, F|
|poke|p2|Togedemaru, F|
|teampreview
|c|☆they call me stick|gl hf
|
|t:|1621468699
|start
|switch|p1a: Carrie|Trevenant, F|100/100
|switch|p2a: Mesprit|Mesprit|100/100
|turn|1
|
|t:|1621468708
|move|p2a: Mesprit|U-turn|p1a: Carrie
|-damage|p1a: Carrie|81/100
|
|t:|1621468712
|switch|p2a: Tsareena|Tsareena, F|100/100|[from]move: U-turn
|move|p1a: Carrie|Shadow Claw|p2a: Tsareena
|-damage|p2a: Tsareena|39/100
|
|upkeep
|turn|2
|
|t:|1621468728
|move|p2a: Tsareena|Knock Off|p1a: Carrie
|-supereffective|p1a: Carrie
|-damage|p1a: Carrie|0 fnt
|-enditem|p1a: Carrie|Choice Band|[from] move: Knock Off|[of] p2a: Tsareena
|faint|p1a: Carrie
|
|upkeep
|
|t:|1621468733
|switch|p1a: Killfish|Qwilfish, M|100/100
|-ability|p1a: Killfish|Intimidate|boost
|-unboost|p2a: Tsareena|atk|1
|turn|3
|
|t:|1621468747
|switch|p2a: Mesprit|Mesprit|100/100
|move|p1a: Killfish|Taunt|p2a: Mesprit
|-start|p2a: Mesprit|move: Taunt
|
|upkeep
|turn|4
|
|t:|1621468753
|move|p2a: Mesprit|Psychic|p1a: Killfish
|-supereffective|p1a: Killfish
|-damage|p1a: Killfish|0 fnt
|faint|p1a: Killfish
|
|upkeep
|
|t:|1621468762
|switch|p1a: Chia|Sandslash, F|100/100
|turn|5
|
|t:|1621468767
|move|p2a: Mesprit|Psychic|p1a: Chia
|-damage|p1a: Chia|65/100
|move|p1a: Chia|Knock Off|p2a: Mesprit
|-supereffective|p2a: Mesprit
|-enditem|p2a: Mesprit|Colbur Berry|[eat]
|-enditem|p2a: Mesprit|Colbur Berry|[weaken]
|-damage|p2a: Mesprit|68/100
|
|-end|p2a: Mesprit|move: Taunt
|upkeep
|turn|6
|
|t:|1621468774
|move|p2a: Mesprit|U-turn|p1a: Chia
|-damage|p1a: Chia|49/100
|
|t:|1621468778
|switch|p2a: Tsareena|Tsareena, F|39/100|[from]move: U-turn
|move|p1a: Chia|Rapid Spin|p2a: Tsareena
|-damage|p2a: Tsareena|19/100
|-boost|p1a: Chia|spe|1
|
|upkeep
|turn|7
|
|t:|1621468785
|move|p2a: Tsareena|Power Whip|p1a: Chia
|-supereffective|p1a: Chia
|-damage|p1a: Chia|0 fnt
|faint|p1a: Chia
|
|upkeep
|
|t:|1621468790
|switch|p1a: Charizard|Charizard, M|100/100
|turn|8
|
|t:|1621468796
|move|p1a: Charizard|Dragon Dance|p1a: Charizard
|-boost|p1a: Charizard|atk|1
|-boost|p1a: Charizard|spe|1
|move|p2a: Tsareena|Rapid Spin|p1a: Charizard
|-damage|p1a: Charizard|77/100
|-boost|p2a: Tsareena|spe|1
|
|upkeep
|turn|9
|
|t:|1621468802
|move|p1a: Charizard|Dual Wingbeat|p2a: Tsareena
|-supereffective|p2a: Tsareena
|-damage|p2a: Tsareena|0 fnt
|faint|p2a: Tsareena
|-hitcount|p2: Tsareena|1
|
|upkeep
|
|t:|1621468806
|switch|p2a: Togedemaru|Togedemaru, F|100/100
|turn|10
|
|t:|1621468811
|move|p1a: Charizard|Flare Blitz|p2a: Togedemaru
|-supereffective|p2a: Togedemaru
|-damage|p2a: Togedemaru|0 fnt
|-damage|p1a: Charizard|65/100|[from] ability: Iron Barbs|[of] p2a: Togedemaru
|faint|p2a: Togedemaru
|-damage|p1a: Charizard|35/100|[from] Recoil
|
|upkeep
|
|t:|1621468818
|switch|p2a: Mesprit|Mesprit|68/100
|turn|11
|
|t:|1621468822
|move|p1a: Charizard|Roost|p1a: Charizard
|-heal|p1a: Charizard|85/100
|-singleturn|p1a: Charizard|move: Roost
|move|p2a: Mesprit|Psychic|p1a: Charizard
|-damage|p1a: Charizard|33/100
|
|upkeep
|turn|12
|
|t:|1621468829
|move|p1a: Charizard|Flare Blitz|p2a: Mesprit
|-damage|p2a: Mesprit|0 fnt
|faint|p2a: Mesprit
|-damage|p1a: Charizard|11/100|[from] Recoil
|
|upkeep
|
|t:|1621468839
|switch|p2a: Passimian|Passimian, M|100/100
|turn|13
|
|t:|1621468842
|move|p1a: Charizard|Dual Wingbeat|p2a: Passimian
|-supereffective|p2a: Passimian
|-damage|p2a: Passimian|52/100
|-supereffective|p2a: Passimian
|-damage|p2a: Passimian|0 fnt
|faint|p2a: Passimian
|-hitcount|p2: Passimian|2
|
|upkeep
|
|t:|1621468855
|switch|p2a: Lanturn|Lanturn, F|100/100
|turn|14
|
|t:|1621468861
|move|p1a: Charizard|Roost|p1a: Charizard
|-heal|p1a: Charizard|61/100
|-singleturn|p1a: Charizard|move: Roost
|move|p2a: Lanturn|Scald|p1a: Charizard
|-supereffective|p1a: Charizard
|-damage|p1a: Charizard|0 fnt
|faint|p1a: Charizard
|
|upkeep
|
|t:|1621468865
|switch|p1a: Jazz|Audino, M|100/100
|turn|15
|
|t:|1621468867
|move|p2a: Lanturn|Toxic|p1a: Jazz
|-status|p1a: Jazz|tox
|move|p1a: Jazz|Toxic|p2a: Lanturn
|-status|p2a: Lanturn|tox
|
|-damage|p2a: Lanturn|94/100 tox|[from] psn
|-damage|p1a: Jazz|94/100 tox|[from] psn
|upkeep
|turn|16
|
|t:|1621468871
|move|p2a: Lanturn|Scald|p1a: Jazz
|-damage|p1a: Jazz|79/100 tox
|move|p1a: Jazz|Knock Off|p2a: Lanturn
|-damage|p2a: Lanturn|80/100 tox
|-enditem|p2a: Lanturn|Leftovers|[from] move: Knock Off|[of] p1a: Jazz
|
|-heal|p1a: Jazz|85/100 tox|[from] item: Leftovers
|-damage|p2a: Lanturn|68/100 tox|[from] psn
|-damage|p1a: Jazz|73/100 tox|[from] psn
|upkeep
|turn|17
|
|t:|1621468878
|move|p2a: Lanturn|Scald|p1a: Jazz
|-damage|p1a: Jazz|57/100 tox
|move|p1a: Jazz|Wish|p1a: Jazz
|
|-heal|p1a: Jazz|63/100 tox|[from] item: Leftovers
|-damage|p2a: Lanturn|49/100 tox|[from] psn
|-damage|p1a: Jazz|44/100 tox|[from] psn
|upkeep
|turn|18
|
|t:|1621468888
|move|p2a: Lanturn|Scald|p1a: Jazz
|-damage|p1a: Jazz|30/100 tox
|move|p1a: Jazz|Knock Off|p2a: Lanturn
|-damage|p2a: Lanturn|39/100 tox
|
|-heal|p1a: Jazz|80/100 tox|[from] move: Wish|[wisher] Jazz
|-heal|p1a: Jazz|86/100 tox|[from] item: Leftovers
|-damage|p2a: Lanturn|14/100 tox|[from] psn
|-damage|p1a: Jazz|61/100 tox|[from] psn
|upkeep
|turn|19
|
|t:|1621468899
|move|p2a: Lanturn|Scald|p1a: Jazz
|-damage|p1a: Jazz|47/100 tox
|move|p1a: Jazz|Wish|p1a: Jazz
|
|-heal|p1a: Jazz|53/100 tox|[from] item: Leftovers
|-damage|p2a: Lanturn|0 fnt|[from] psn
|faint|p2a: Lanturn
|-damage|p1a: Jazz|22/100 tox|[from] psn
|upkeep
|
|t:|1621468904
|switch|p2a: Charizard|Charizard, F|100/100
|turn|20
|
|t:|1621468908
|move|p2a: Charizard|Flare Blitz|p1a: Jazz
|-damage|p1a: Jazz|0 fnt
|faint|p1a: Jazz
|-damage|p2a: Charizard|91/100|[from] Recoil
|
|upkeep
|
|t:|1621468912
|switch|p1a: Stretch|Hitmonlee, M|100/100
|turn|21
|
|t:|1621468914
|move|p1a: Stretch|Endure|p1a: Stretch
|-singleturn|p1a: Stretch|move: Endure
|move|p2a: Charizard|Flare Blitz|p1a: Stretch
|-activate|p1a: Stretch|move: Endure
|-damage|p1a: Stretch|1/100
|-enditem|p1a: Stretch|Liechi Berry|[eat]
|-boost|p1a: Stretch|atk|1|[from] item: Liechi Berry
|-damage|p2a: Charizard|68/100|[from] Recoil
|
|upkeep
|turn|22
|
|t:|1621468923
|move|p1a: Stretch|Reversal|p2a: Charizard
|-resisted|p2a: Charizard
|-damage|p2a: Charizard|0 fnt
|faint|p2a: Charizard
|
|win|wizard of oshawott
|raw|wizard of oshawott's rating: 1121 &rarr; <strong>1152</strong><br />(+31 for winning)
|raw|they call me stick's rating: 1204 &rarr; <strong>1173</strong><br />(-31 for losing)
