|j|☆Chloe
|j|☆Ratsk
|t:|1604661464
|player|p1|Chloe|#chloe|1488
|player|p2|Ratsk|lass-gen1|1281
|teamsize|p1|6
|teamsize|p2|6
|gametype|singles
|gen|8
|tier|[Gen 8] PU
|rated|
|clearpoke
|poke|p1|Togedemaru, F|
|poke|p1|Lurantis, F|
|poke|p1|Combusken, M|
|poke|p1|Frosmoth, M|
|poke|p1|Sandaconda, F|
|poke|p1|Carracosta, F|
|poke|p2|Togedemaru, F|
|poke|p2|Morpeko, F|
|poke|p2|Throh, M|
|poke|p2|Runerigus, F|
|poke|p2|Mr. Rime, F|
|poke|p2|Qwilfish, M|
|rule|Sleep Clause Mod: Limit one foe put to sleep
|rule|Species Clause: Limit one of each Pokémon
|rule|OHKO Clause: OHKO moves are banned
|rule|Evasion Moves Clause: Evasion moves are banned
|rule|Endless Battle Clause: Forcing endless battles is banned
|rule|HP Percentage Mod: HP is shown in percentages
|rule|Dynamax Clause: You cannot dynamax
|teampreview
|
|t:|1604661478
|start
|switch|p1a: Combusken|Combusken, M|100/100
|switch|p2a: Mr. Rime|Mr. Rime, F|100/100
|turn|1
|
|t:|1604661491
|switch|p2a: Qwilfish|Qwilfish, M|100/100
|-ability|p2a: Qwilfish|Intimidate|boost
|-unboost|p1a: Combusken|atk|1
|move|p1a: Combusken|Fire Blast|p2a: Qwilfish
|-resisted|p2a: Qwilfish
|-damage|p2a: Qwilfish|51/100
|-damage|p1a: Combusken|91/100|[from] item: Life Orb
|
|-ability|p1a: Combusken|Speed Boost|boost
|-boost|p1a: Combusken|spe|1
|upkeep
|turn|2
|
|t:|1604661508
|move|p1a: Combusken|Overheat|p2a: Qwilfish
|-resisted|p2a: Qwilfish
|-damage|p2a: Qwilfish|0 fnt
|-unboost|p1a: Combusken|spa|2
|-damage|p1a: Combusken|81/100|[from] item: Life Orb
|faint|p2a: Qwilfish
|
|-ability|p1a: Combusken|Speed Boost|boost
|-boost|p1a: Combusken|spe|1
|upkeep
|
|t:|1604661517
|switch|p2a: Throh|Throh, M|100/100
|turn|3
|
|t:|1604661524
|switch|p1a: Lurantis|Lurantis, F|100/100
|move|p2a: Throh|Knock Off|p1a: Lurantis
|-crit|p1a: Lurantis
|-damage|p1a: Lurantis|73/100
|-enditem|p1a: Lurantis|Leftovers|[from] move: Knock Off|[of] p2a: Throh
|
|upkeep
|turn|4
|
|t:|1604661533
|move|p1a: Lurantis|Leaf Storm|p2a: Throh
|-damage|p2a: Throh|75/100
|-boost|p1a: Lurantis|spa|2
|move|p2a: Throh|Circle Throw|p1a: Lurantis
|-damage|p1a: Lurantis|57/100
|drag|p1a: Frosmoth|Frosmoth, M|100/100
|
|-heal|p2a: Throh|81/100|[from] item: Leftovers
|upkeep
|turn|5
|
|t:|1604661541
|switch|p2a: Togedemaru|Togedemaru, F|100/100
|move|p1a: Frosmoth|Hurricane|p2a: Togedemaru
|-resisted|p2a: Togedemaru
|-damage|p2a: Togedemaru|86/100
|
|upkeep
|turn|6
|
|t:|1604661547
|switch|p1a: Sandaconda|Sandaconda, F|100/100
|move|p2a: Togedemaru|U-turn|p1a: Sandaconda
|-damage|p1a: Sandaconda|88/100
|-damage|p2a: Togedemaru|69/100|[from] item: Rocky Helmet|[of] p1a: Sandaconda
|
|t:|1604661549
|switch|p2a: Mr. Rime|Mr. Rime, F|100/100|[from]move: U-turn
|
|upkeep
|turn|7
|
|t:|1604661555
|switch|p1a: Togedemaru|Togedemaru, F|100/100
|move|p2a: Mr. Rime|Ice Beam|p1a: Togedemaru
|-resisted|p1a: Togedemaru
|-damage|p1a: Togedemaru|68/100
|
|-heal|p1a: Togedemaru|74/100|[from] item: Leftovers
|upkeep
|turn|8
|
|t:|1604661561
|switch|p2a: Runerigus|Runerigus, F|100/100
|move|p1a: Togedemaru|Wish|p1a: Togedemaru
|
|-heal|p1a: Togedemaru|80/100|[from] item: Leftovers
|upkeep
|turn|9
|
|t:|1604661569
|switch|p1a: Lurantis|Lurantis, F|57/100
|switch|p2a: Mr. Rime|Mr. Rime, F|100/100
|
|-heal|p1a: Lurantis|100/100|[from] move: Wish|[wisher] Togedemaru
|upkeep
|turn|10
|
|t:|1604661573
|switch|p1a: Togedemaru|Togedemaru, F|80/100
|move|p2a: Mr. Rime|Ice Beam|p1a: Togedemaru
|-resisted|p1a: Togedemaru
|-damage|p1a: Togedemaru|49/100
|
|-heal|p1a: Togedemaru|55/100|[from] item: Leftovers
|upkeep
|turn|11
|
|t:|1604661578
|switch|p2a: Togedemaru|Togedemaru, F|69/100
|move|p1a: Togedemaru|Wish|p1a: Togedemaru
|
|-heal|p1a: Togedemaru|61/100|[from] item: Leftovers
|upkeep
|turn|12
|
|t:|1604661583
|move|p1a: Togedemaru|Spiky Shield|p1a: Togedemaru
|-singleturn|p1a: Togedemaru|move: Protect
|move|p2a: Togedemaru|U-turn|p1a: Togedemaru
|-activate|p1a: Togedemaru|move: Protect
|-damage|p2a: Togedemaru|57/100|[from] Spiky Shield|[of] p1a: Togedemaru
|
|-heal|p1a: Togedemaru|100/100|[from] move: Wish|[wisher] Togedemaru
|upkeep
|turn|13
|
|t:|1604661587
|switch|p2a: Runerigus|Runerigus, F|100/100
|move|p1a: Togedemaru|Wish|p1a: Togedemaru
|
|upkeep
|turn|14
|
|t:|1604661594
|switch|p1a: Lurantis|Lurantis, F|100/100
|move|p2a: Runerigus|Stealth Rock|p1a: Lurantis
|-sidestart|p1: Chloe|move: Stealth Rock
|
|upkeep
|turn|15
|
|t:|1604661600
|switch|p2a: Mr. Rime|Mr. Rime, F|100/100
|move|p1a: Lurantis|Defog|p2a: Mr. Rime
|-unboost|p2a: Mr. Rime|evasion|1
|-sideend|p1: Chloe|Stealth Rock|[from] move: Defog|[of] p1a: Lurantis
|
|upkeep
|turn|16
|
|t:|1604661606
|switch|p1a: Togedemaru|Togedemaru, F|100/100
|move|p2a: Mr. Rime|Focus Blast|p1a: Togedemaru
|-supereffective|p1a: Togedemaru
|-damage|p1a: Togedemaru|0 fnt
|faint|p1a: Togedemaru
|
|upkeep
|
|t:|1604661625
|switch|p1a: Frosmoth|Frosmoth, M|100/100
|turn|17
|
|t:|1604661658
|move|p1a: Frosmoth|Bug Buzz|p2a: Mr. Rime
|-supereffective|p2a: Mr. Rime
|-damage|p2a: Mr. Rime|0 fnt
|faint|p2a: Mr. Rime
|
|upkeep
|j| laevin ㋛
|
|t:|1604661669
|switch|p2a: Throh|Throh, M|81/100
|turn|18
|
|t:|1604661690
|move|p1a: Frosmoth|Hurricane|p2a: Throh
|-supereffective|p2a: Throh
|-damage|p2a: Throh|36/100
|move|p2a: Throh|Circle Throw|p1a: Frosmoth
|-damage|p1a: Frosmoth|60/100
|drag|p1a: Lurantis|Lurantis, F|100/100
|
|-heal|p2a: Throh|42/100|[from] item: Leftovers
|upkeep
|turn|19
|
|t:|1604661700
|move|p1a: Lurantis|Superpower|p2a: Throh
|-damage|p2a: Throh|19/100
|-boost|p1a: Lurantis|atk|1
|-boost|p1a: Lurantis|def|1
|move|p2a: Throh|Circle Throw|p1a: Lurantis
|-damage|p1a: Lurantis|90/100
|drag|p1a: Combusken|Combusken, M|81/100
|
|-heal|p2a: Throh|25/100|[from] item: Leftovers
|upkeep
|turn|20
|
|t:|1604661706
|move|p1a: Combusken|Fire Blast|p2a: Throh
|-damage|p2a: Throh|0 fnt
|-damage|p1a: Combusken|71/100|[from] item: Life Orb
|faint|p2a: Throh
|
|-ability|p1a: Combusken|Speed Boost|boost
|-boost|p1a: Combusken|spe|1
|upkeep
|
|t:|1604661708
|switch|p2a: Runerigus|Runerigus, F|100/100
|turn|21
|
|t:|1604661729
|switch|p1a: Lurantis|Lurantis, F|90/100
|move|p2a: Runerigus|Stealth Rock|p1a: Lurantis
|-sidestart|p1: Chloe|move: Stealth Rock
|
|upkeep
|turn|22
|
|t:|1604661741
|move|p1a: Lurantis|Defog|p2a: Runerigus
|-unboost|p2a: Runerigus|evasion|1
|-sideend|p1: Chloe|Stealth Rock|[from] move: Defog|[of] p1a: Lurantis
|move|p2a: Runerigus|Body Press|p1a: Lurantis
|-damage|p1a: Lurantis|66/100
|
|upkeep
|turn|23
|
|t:|1604661746
|switch|p2a: Togedemaru|Togedemaru, F|57/100
|move|p1a: Lurantis|Leaf Storm|p2a: Togedemaru
|-resisted|p2a: Togedemaru
|-damage|p2a: Togedemaru|28/100
|-boost|p1a: Lurantis|spa|2
|
|upkeep
|turn|24
|
|t:|1604661749
|move|p2a: Togedemaru|U-turn|p1a: Lurantis
|-supereffective|p1a: Lurantis
|-damage|p1a: Lurantis|35/100
|
|t:|1604661752
|switch|p2a: Runerigus|Runerigus, F|100/100|[from]move: U-turn
|move|p1a: Lurantis|Synthesis|p1a: Lurantis
|-heal|p1a: Lurantis|84/100
|
|upkeep
|turn|25
|
|t:|1604661755
|move|p1a: Lurantis|Leaf Storm|p2a: Runerigus
|-supereffective|p2a: Runerigus
|-damage|p2a: Runerigus|0 fnt
|-boost|p1a: Lurantis|spa|2
|faint|p2a: Runerigus
|
|upkeep
|
|t:|1604661759
|switch|p2a: Togedemaru|Togedemaru, F|28/100
|turn|26
|
|t:|1604661761
|move|p2a: Togedemaru|Iron Head|p1a: Lurantis
|-damage|p1a: Lurantis|56/100
|cant|p1a: Lurantis|flinch
|
|upkeep
|turn|27
|
|t:|1604661763
|move|p2a: Togedemaru|Iron Head|p1a: Lurantis
|-damage|p1a: Lurantis|30/100
|move|p1a: Lurantis|Synthesis|p1a: Lurantis
|-heal|p1a: Lurantis|80/100
|
|upkeep
|turn|28
|
|t:|1604661766
|move|p2a: Togedemaru|Iron Head|p1a: Lurantis
|-damage|p1a: Lurantis|53/100
|cant|p1a: Lurantis|flinch
|
|upkeep
|turn|29
|
|t:|1604661768
|move|p2a: Togedemaru|Iron Head|p1a: Lurantis
|-damage|p1a: Lurantis|25/100
|move|p1a: Lurantis|Synthesis|p1a: Lurantis
|-heal|p1a: Lurantis|75/100
|
|upkeep
|turn|30
|
|t:|1604661770
|move|p2a: Togedemaru|Iron Head|p1a: Lurantis
|-damage|p1a: Lurantis|50/100
|move|p1a: Lurantis|Synthesis|p1a: Lurantis
|-heal|p1a: Lurantis|99/100
|
|upkeep
|turn|31
|
|t:|1604661772
|move|p2a: Togedemaru|Iron Head|p1a: Lurantis
|-damage|p1a: Lurantis|75/100
|move|p1a: Lurantis|Superpower|p2a: Togedemaru
|-supereffective|p2a: Togedemaru
|-damage|p2a: Togedemaru|0 fnt
|-boost|p1a: Lurantis|atk|1
|-boost|p1a: Lurantis|def|1
|-damage|p1a: Lurantis|63/100|[from] ability: Iron Barbs|[of] p2a: Togedemaru
|faint|p2a: Togedemaru
|
|upkeep
|
|t:|1604661775
|switch|p2a: Morpeko|Morpeko, F|100/100
|turn|32
|
|t:|1604661779
|move|p2a: Morpeko|Super Fang|p1a: Lurantis
|-damage|p1a: Lurantis|32/100
|move|p1a: Lurantis|Superpower|p2a: Morpeko
|-supereffective|p2a: Morpeko
|-damage|p2a: Morpeko|0 fnt
|-boost|p1a: Lurantis|atk|1
|-boost|p1a: Lurantis|def|1
|faint|p2a: Morpeko
|
|win|Chloe
|raw|Chloe's rating: 1488 &rarr; <strong>1497</strong><br />(+9 for winning)
|raw|Ratsk's rating: 1281 &rarr; <strong>1270</strong><br />(-11 for losing)
|l|☆Ratsk
|l|☆Chloe
|l| laevin ㋛
