|j|☆ayo bb
|j|☆wild drud
|t:|1621432999
|gametype|singles
|player|p1|ayo bb|170|1575
|player|p2|wild drud|2|1625
|teamsize|p1|6
|teamsize|p2|6
|gen|8
|tier|[Gen 8] PU
|rated|
|rule|Sleep Clause Mod: Limit one foe put to sleep
|rule|Species Clause: Limit one of each Pokémon
|rule|OHKO Clause: OHKO moves are banned
|rule|Evasion Moves Clause: Evasion moves are banned
|rule|Endless Battle Clause: Forcing endless battles is banned
|rule|HP Percentage Mod: HP is shown in percentages
|rule|Dynamax Clause: You cannot dynamax
|clearpoke
|poke|p1|Morpeko, M|
|poke|p1|Scyther, M|
|poke|p1|Garbodor, F|
|poke|p1|Wishiwashi, M|
|poke|p1|Turtonator, M|
|poke|p1|Stunfisk-Galar, M|
|poke|p2|Basculin, M|
|poke|p2|Sandslash-Alola, F|
|poke|p2|Passimian, F|
|poke|p2|Guzzlord|
|poke|p2|Palossand, F|
|poke|p2|Charizard, F|
|teampreview
|
|t:|1621433012
|start
|switch|p1a: Wishiwashi|Wishiwashi, M|100/100
|switch|p2a: 4R THE SQUAW|Basculin, M|100/100
|-formechange|p1a: Wishiwashi|Wishiwashi-School||[from] ability: Schooling
|turn|1
|
|t:|1621433015
|move|p2a: 4R THE SQUAW|Flip Turn|p1a: Wishiwashi
|-resisted|p1a: Wishiwashi
|-damage|p1a: Wishiwashi|90/100
|
|t:|1621433016
|switch|p2a: I COME IN ROOM|Guzzlord|100/100|[from]move: Flip Turn
|move|p1a: Wishiwashi|Scald|p2a: I COME IN ROOM
|-resisted|p2a: I COME IN ROOM
|-damage|p2a: I COME IN ROOM|92/100
|
|-heal|p1a: Wishiwashi|96/100|[from] item: Leftovers
|upkeep
|turn|2
|
|t:|1621433020
|move|p2a: I COME IN ROOM|Knock Off|p1a: Wishiwashi
|-damage|p1a: Wishiwashi|68/100
|-enditem|p1a: Wishiwashi|Leftovers|[from] move: Knock Off|[of] p2a: I COME IN ROOM
|move|p1a: Wishiwashi|U-turn|p2a: I COME IN ROOM
|-supereffective|p2a: I COME IN ROOM
|-damage|p2a: I COME IN ROOM|54/100
|
|t:|1621433027
|switch|p1a: Turtonator|Turtonator, M|100/100|[from]move: U-turn
|
|upkeep
|turn|3
|
|t:|1621433030
|switch|p2a: PIMPING & POSING|Charizard, F, shiny|100/100
|move|p1a: Turtonator|Draco Meteor|p2a: PIMPING & POSING
|-damage|p2a: PIMPING & POSING|37/100
|-unboost|p1a: Turtonator|spa|2
|
|upkeep
|turn|4
|
|t:|1621433042
|switch|p1a: Wishiwashi|Wishiwashi, M|68/100
|-formechange|p1a: Wishiwashi|Wishiwashi-School||[from] ability: Schooling
|move|p2a: PIMPING & POSING|Hurricane|p1a: Wishiwashi|[miss]
|-miss|p2a: PIMPING & POSING|p1a: Wishiwashi
|
|upkeep
|turn|5
|
|t:|1621433061
|switch|p2a: ON SOME FUNNY SHIT|Passimian, F|100/100
|move|p1a: Wishiwashi|Scald|p2a: ON SOME FUNNY SHIT
|-damage|p2a: ON SOME FUNNY SHIT|50/100
|
|upkeep
|turn|6
|
|t:|1621433065
|move|p2a: ON SOME FUNNY SHIT|Close Combat|p1a: Wishiwashi
|-damage|p1a: Wishiwashi|16/100
|-unboost|p2a: ON SOME FUNNY SHIT|def|1
|-unboost|p2a: ON SOME FUNNY SHIT|spd|1
|move|p1a: Wishiwashi|Rest|p1a: Wishiwashi
|-status|p1a: Wishiwashi|slp|[from] move: Rest
|-heal|p1a: Wishiwashi|100/100 slp|[silent]
|
|upkeep
|turn|7
|
|t:|1621433076
|switch|p2a: 4R THE SQUAW|Basculin, M|100/100
|switch|p1a: Scyther|Scyther, M|100/100
|
|upkeep
|turn|8
|
|t:|1621433079
|switch|p2a: GLAD YALL GONE DIE|Palossand, F, shiny|100/100
|move|p1a: Scyther|Dual Wingbeat|p2a: GLAD YALL GONE DIE
|-damage|p2a: GLAD YALL GONE DIE|84/100
|-damage|p2a: GLAD YALL GONE DIE|68/100
|-hitcount|p2a: GLAD YALL GONE DIE|2
|
|upkeep
|turn|9
|
|t:|1621433084
|move|p1a: Scyther|Knock Off|p2a: GLAD YALL GONE DIE
|-supereffective|p2a: GLAD YALL GONE DIE
|-enditem|p2a: GLAD YALL GONE DIE|Colbur Berry|[eat]
|-enditem|p2a: GLAD YALL GONE DIE|Colbur Berry|[weaken]
|-damage|p2a: GLAD YALL GONE DIE|48/100
|move|p2a: GLAD YALL GONE DIE|Stealth Rock|p1a: Scyther
|-sidestart|p1: ayo bb|move: Stealth Rock
|
|upkeep
|turn|10
|
|t:|1621433087
|move|p1a: Scyther|U-turn|p2a: GLAD YALL GONE DIE
|-resisted|p2a: GLAD YALL GONE DIE
|-damage|p2a: GLAD YALL GONE DIE|38/100
|
|t:|1621433089
|switch|p1a: Wishiwashi|Wishiwashi, M|100/100 slp|[from]move: U-turn
|-damage|p1a: Wishiwashi|88/100 slp|[from] Stealth Rock
|-formechange|p1a: Wishiwashi|Wishiwashi-School||[from] ability: Schooling
|move|p2a: GLAD YALL GONE DIE|Shore Up|p2a: GLAD YALL GONE DIE
|-heal|p2a: GLAD YALL GONE DIE|88/100
|
|upkeep
|turn|11
|
|t:|1621433111
|switch|p2a: 4R THE SQUAW|Basculin, M|100/100
|cant|p1a: Wishiwashi|slp
|move|p1a: Wishiwashi|Sleep Talk|p1a: Wishiwashi
|move|p1a: Wishiwashi|Scald|p2a: 4R THE SQUAW|[from]move: Sleep Talk
|-resisted|p2a: 4R THE SQUAW
|-damage|p2a: 4R THE SQUAW|63/100
|
|upkeep
|turn|12
|
|t:|1621433114
|move|p2a: 4R THE SQUAW|Surf|p1a: Wishiwashi
|-resisted|p1a: Wishiwashi
|-damage|p1a: Wishiwashi|61/100 slp
|cant|p1a: Wishiwashi|slp
|move|p1a: Wishiwashi|Sleep Talk|p1a: Wishiwashi
|move|p1a: Wishiwashi|U-turn|p2a: 4R THE SQUAW|[from]move: Sleep Talk
|-damage|p2a: 4R THE SQUAW|23/100
|
|t:|1621433120
|switch|p1a: Scyther|Scyther, M|100/100|[from]move: U-turn
|
|upkeep
|turn|13
|
|t:|1621433122
|switch|p2a: GLAD YALL GONE DIE|Palossand, F, shiny|88/100
|move|p1a: Scyther|U-turn|p2a: GLAD YALL GONE DIE
|-resisted|p2a: GLAD YALL GONE DIE
|-damage|p2a: GLAD YALL GONE DIE|78/100
|
|t:|1621433125
|switch|p1a: Wishiwashi|Wishiwashi, M|61/100 slp|[from]move: U-turn
|-damage|p1a: Wishiwashi|49/100 slp|[from] Stealth Rock
|-formechange|p1a: Wishiwashi|Wishiwashi-School||[from] ability: Schooling
|
|upkeep
|turn|14
|
|t:|1621433127
|switch|p2a: I COME IN ROOM|Guzzlord|54/100
|-curestatus|p1a: Wishiwashi|slp|[msg]
|move|p1a: Wishiwashi|Rest|p1a: Wishiwashi
|-status|p1a: Wishiwashi|slp|[from] move: Rest
|-heal|p1a: Wishiwashi|100/100 slp|[silent]
|
|upkeep
|turn|15
|
|t:|1621433130
|cant|p1a: Wishiwashi|slp
|move|p1a: Wishiwashi|Sleep Talk|p1a: Wishiwashi
|move|p1a: Wishiwashi|Rest||[from]move: Sleep Talk|[still]
|-fail|p1a: Wishiwashi
|move|p2a: I COME IN ROOM|Dragon Tail|p1a: Wishiwashi
|-damage|p1a: Wishiwashi|82/100 slp
|drag|p1a: Stunfisk|Stunfisk-Galar, M|100/100
|-damage|p1a: Stunfisk|97/100|[from] Stealth Rock
|
|-heal|p1a: Stunfisk|100/100|[from] item: Leftovers
|upkeep
|turn|16
|
|t:|1621433137
|switch|p2a: PIMPING & POSING|Charizard, F, shiny|37/100
|move|p1a: Stunfisk|Stealth Rock|p2a: PIMPING & POSING
|-sidestart|p2: wild drud|move: Stealth Rock
|
|upkeep
|turn|17
|
|t:|1621433142
|move|p2a: PIMPING & POSING|Hurricane|p1a: Stunfisk
|-resisted|p1a: Stunfisk
|-damage|p1a: Stunfisk|84/100
|-start|p1a: Stunfisk|confusion
|-activate|p1a: Stunfisk|confusion
|move|p1a: Stunfisk|Yawn|p2a: PIMPING & POSING
|-start|p2a: PIMPING & POSING|move: Yawn|[of] p1a: Stunfisk
|
|-heal|p1a: Stunfisk|90/100|[from] item: Leftovers
|upkeep
|turn|18
|
|t:|1621433147
|switch|p2a: GLAD YALL GONE DIE|Palossand, F, shiny|78/100
|-damage|p2a: GLAD YALL GONE DIE|72/100|[from] Stealth Rock
|-activate|p1a: Stunfisk|confusion
|-damage|p1a: Stunfisk|84/100|[from] confusion
|
|-heal|p1a: Stunfisk|90/100|[from] item: Leftovers
|upkeep
|turn|19
|
|t:|1621433164
|switch|p2a: PIMPING & POSING|Charizard, F, shiny|37/100
|switch|p1a: Wishiwashi|Wishiwashi, M|82/100 slp
|-damage|p1a: Wishiwashi|70/100 slp|[from] Stealth Rock
|-formechange|p1a: Wishiwashi|Wishiwashi-School||[from] ability: Schooling
|
|upkeep
|turn|20
|
|t:|1621433174
|move|p2a: PIMPING & POSING|Roost|p2a: PIMPING & POSING
|-heal|p2a: PIMPING & POSING|87/100
|-singleturn|p2a: PIMPING & POSING|move: Roost
|cant|p1a: Wishiwashi|slp
|move|p1a: Wishiwashi|Sleep Talk|p1a: Wishiwashi
|move|p1a: Wishiwashi|Rest||[from]move: Sleep Talk|[still]
|-fail|p1a: Wishiwashi
|
|upkeep
|turn|21
|
|t:|1621433176
|switch|p2a: I COME IN ROOM|Guzzlord|54/100
|-curestatus|p1a: Wishiwashi|slp|[msg]
|move|p1a: Wishiwashi|Scald|p2a: I COME IN ROOM
|-resisted|p2a: I COME IN ROOM
|-damage|p2a: I COME IN ROOM|44/100
|-status|p2a: I COME IN ROOM|brn
|
|-damage|p2a: I COME IN ROOM|38/100 brn|[from] brn
|upkeep
|turn|22
|
|t:|1621433179
|move|p2a: I COME IN ROOM|Rest|p2a: I COME IN ROOM
|-status|p2a: I COME IN ROOM|slp|[from] move: Rest
|-heal|p2a: I COME IN ROOM|100/100 slp|[silent]
|move|p1a: Wishiwashi|U-turn|p2a: I COME IN ROOM
|-supereffective|p2a: I COME IN ROOM
|-damage|p2a: I COME IN ROOM|61/100 slp
|
|t:|1621433181
|switch|p1a: Scyther|Scyther, M|100/100|[from]move: U-turn
|
|upkeep
|turn|23
|
|t:|1621433192
|switch|p2a: GLAD YALL GONE DIE|Palossand, F, shiny|72/100
|-damage|p2a: GLAD YALL GONE DIE|66/100|[from] Stealth Rock
|move|p1a: Scyther|Dual Wingbeat|p2a: GLAD YALL GONE DIE
|-damage|p2a: GLAD YALL GONE DIE|47/100
|-damage|p2a: GLAD YALL GONE DIE|30/100
|-hitcount|p2a: GLAD YALL GONE DIE|2
|
|upkeep
|turn|24
|
|t:|1621433194
|move|p1a: Scyther|Dual Wingbeat|p2a: GLAD YALL GONE DIE
|-crit|p2a: GLAD YALL GONE DIE
|-damage|p2a: GLAD YALL GONE DIE|3/100
|-damage|p2a: GLAD YALL GONE DIE|0 fnt
|faint|p2a: GLAD YALL GONE DIE
|-hitcount|p2: GLAD YALL GONE DIE|2
|
|upkeep
|
|t:|1621433196
|switch|p2a: WIN WIN WIN WIN|Sandslash-Alola, F|100/100
|-damage|p2a: WIN WIN WIN WIN|88/100|[from] Stealth Rock
|turn|25
|
|t:|1621433199
|move|p1a: Scyther|U-turn|p2a: WIN WIN WIN WIN
|-resisted|p2a: WIN WIN WIN WIN
|-crit|p2a: WIN WIN WIN WIN
|-damage|p2a: WIN WIN WIN WIN|63/100
|
|t:|1621433201
|switch|p1a: Garbodor|Garbodor, F|100/100|[from]move: U-turn
|-damage|p1a: Garbodor|88/100|[from] Stealth Rock
|move|p2a: WIN WIN WIN WIN|Triple Axel|p1a: Garbodor
|-damage|p1a: Garbodor|77/100
|-damage|p2a: WIN WIN WIN WIN|46/100|[from] item: Rocky Helmet|[of] p1a: Garbodor
|-damage|p1a: Garbodor|57/100
|-damage|p2a: WIN WIN WIN WIN|30/100|[from] item: Rocky Helmet|[of] p1a: Garbodor
|-damage|p1a: Garbodor|29/100
|-damage|p2a: WIN WIN WIN WIN|13/100|[from] item: Rocky Helmet|[of] p1a: Garbodor
|-hitcount|p1a: Garbodor|3
|
|upkeep
|turn|26
|
|t:|1621433212
|move|p2a: WIN WIN WIN WIN|Triple Axel|p1a: Garbodor
|-damage|p1a: Garbodor|19/100
|-damage|p2a: WIN WIN WIN WIN|0 fnt|[from] item: Rocky Helmet|[of] p1a: Garbodor
|faint|p2a: WIN WIN WIN WIN
|-hitcount|p1a: Garbodor|1
|move|p1a: Garbodor|Spikes|p2: WIN WIN WIN WIN
|-sidestart|p2: wild drud|Spikes
|
|upkeep
|
|t:|1621433216
|switch|p2a: PIMPING & POSING|Charizard, F, shiny|87/100
|turn|27
|
|t:|1621433218
|move|p2a: PIMPING & POSING|Defog|p1a: Garbodor
|-unboost|p1a: Garbodor|evasion|1
|-sideend|p1: ayo bb|Stealth Rock|[from] move: Defog|[of] p2a: PIMPING & POSING
|-sideend|p2: wild drud|Spikes|[from] move: Defog|[of] p2a: PIMPING & POSING
|-sideend|p2: wild drud|Stealth Rock|[from] move: Defog|[of] p2a: PIMPING & POSING
|move|p1a: Garbodor|Pain Split|p2a: PIMPING & POSING
|-sethp|p2a: PIMPING & POSING|55/100|[from] move: Pain Split|[silent]
|-sethp|p1a: Garbodor|45/100|[from] move: Pain Split
|
|upkeep
|turn|28
|
|t:|1621433223
|move|p2a: PIMPING & POSING|Flamethrower|p1a: Garbodor
|-damage|p1a: Garbodor|0 fnt
|faint|p1a: Garbodor
|
|upkeep
|
|t:|1621433228
|switch|p1a: Scyther|Scyther, M|100/100
|turn|29
|
|t:|1621433233
|move|p1a: Scyther|Dual Wingbeat|p2a: PIMPING & POSING
|-damage|p2a: PIMPING & POSING|17/100
|-damage|p2a: PIMPING & POSING|0 fnt
|faint|p2a: PIMPING & POSING
|-hitcount|p2: PIMPING & POSING|2
|
|upkeep
|
|t:|1621433236
|switch|p2a: I COME IN ROOM|Guzzlord|61/100 slp
|turn|30
|
|t:|1621433242
|move|p1a: Scyther|U-turn|p2a: I COME IN ROOM
|-supereffective|p2a: I COME IN ROOM
|-damage|p2a: I COME IN ROOM|7/100 slp
|
|t:|1621433244
|switch|p1a: Morpeko|Morpeko, M|100/100|[from]move: U-turn
|cant|p2a: I COME IN ROOM|slp
|move|p2a: I COME IN ROOM|Sleep Talk|p2a: I COME IN ROOM
|move|p2a: I COME IN ROOM|Rest||[from]move: Sleep Talk|[still]
|-fail|p2a: I COME IN ROOM
|
|-formechange|p1a: Morpeko|Morpeko-Hangry||[from] ability: Hunger Switch
|upkeep
|turn|31
|
|t:|1621433246
|move|p1a: Morpeko|Aura Wheel|p2a: I COME IN ROOM
|-resisted|p2a: I COME IN ROOM
|-damage|p2a: I COME IN ROOM|0 fnt
|-boost|p1a: Morpeko|spe|1
|faint|p2a: I COME IN ROOM
|
|-formechange|p1a: Morpeko|Morpeko||[from] ability: Hunger Switch
|upkeep
|-message|wild drud forfeited.
|
|win|ayo bb
|l|☆wild drud
|raw|ayo bb's rating: 1575 &rarr; <strong>1598</strong><br />(+23 for winning)
|raw|wild drud's rating: 1630 &rarr; <strong>1607</strong><br />(-23 for losing)
