|j|☆yassy slay
|j|☆AlomomolaForOU
|t:|1649167822
|gametype|singles
|player|p1|yassy slay|clown|1633
|player|p2|AlomomolaForOU|colress|1478
|teamsize|p1|6
|teamsize|p2|6
|gen|8
|tier|[Gen 8] PU
|rated|
|rule|Sleep Clause Mod: Limit one foe put to sleep
|rule|Species Clause: Limit one of each Pokémon
|rule|OHKO Clause: OHKO moves are banned
|rule|Evasion Moves Clause: Evasion moves are banned
|rule|Endless Battle Clause: Forcing endless battles is banned
|rule|HP Percentage Mod: HP is shown in percentages
|rule|Dynamax Clause: You cannot dynamax
|clearpoke
|poke|p1|Musharna, F|
|poke|p1|Gourgeist-*, M|
|poke|p1|Aggron, F|
|poke|p1|Comfey, F|
|poke|p1|Accelgor, M|
|poke|p1|Dugtrio-Alola, M|
|poke|p2|Thwackey, F|
|poke|p2|Swoobat, M|
|poke|p2|Ribombee, M|
|poke|p2|Hitmonlee, M|
|poke|p2|Silvally-*|
|poke|p2|Kabutops, M|
|teampreview
|inactive|Battle timer is ON: inactive players will automatically lose when time's up. (requested by AlomomolaForOU)
|
|t:|1649167835
|start
|switch|p1a: Accelgor|Accelgor, M|100/100
|switch|p2a: Ribombee|Ribombee, M|100/100
|turn|1
|
|t:|1649167841
|move|p2a: Ribombee|Sticky Web|p1a: Accelgor
|-sidestart|p1: yassy slay|move: Sticky Web
|move|p1a: Accelgor|Spikes|p2a: Ribombee
|-sidestart|p2: AlomomolaForOU|Spikes
|
|upkeep
|turn|2
|
|t:|1649167851
|switch|p1a: Aggron|Aggron, F|100/100
|-activate|p1a: Aggron|move: Sticky Web
|-unboost|p1a: Aggron|spe|1
|move|p2a: Ribombee|Stun Spore|p1a: Aggron
|-status|p1a: Aggron|par
|
|upkeep
|turn|3
|
|t:|1649167857
|move|p2a: Ribombee|Safeguard|p2a: Ribombee
|-sidestart|p2: AlomomolaForOU|Safeguard
|move|p1a: Aggron|Stealth Rock|p2a: Ribombee
|-sidestart|p2: AlomomolaForOU|move: Stealth Rock
|
|upkeep
|turn|4
|
|t:|1649167862
|move|p2a: Ribombee|Moonblast|p1a: Aggron
|-resisted|p1a: Aggron
|-damage|p1a: Aggron|71/100 par
|cant|p1a: Aggron|par
|
|-heal|p1a: Aggron|77/100 par|[from] item: Leftovers
|upkeep
|turn|5
|
|t:|1649167874
|switch|p1a: Musharna|Musharna, F|100/100
|move|p2a: Ribombee|Moonblast|p1a: Musharna
|-crit|p1a: Musharna
|-damage|p1a: Musharna|63/100
|
|upkeep
|turn|6
|
|t:|1649167880
|switch|p2a: Silvally|Silvally-Dark|100/100
|-damage|p2a: Silvally|88/100|[from] Stealth Rock
|-damage|p2a: Silvally|76/100|[from] Spikes
|move|p1a: Musharna|Moonlight|p1a: Musharna
|-heal|p1a: Musharna|100/100
|
|upkeep
|turn|7
|
|t:|1649167885
|switch|p1a: Accelgor|Accelgor, M|100/100
|move|p2a: Silvally|Multi-Attack|p1a: Accelgor
|-damage|p1a: Accelgor|42/100
|
|-sideend|p2: AlomomolaForOU|Safeguard
|upkeep
|turn|8
|
|t:|1649167890
|switch|p2a: Ribombee|Ribombee, M|100/100
|-damage|p2a: Ribombee|88/100|[from] Spikes
|-damage|p2a: Ribombee|63/100|[from] Stealth Rock
|move|p1a: Accelgor|Recover|p1a: Accelgor
|-heal|p1a: Accelgor|92/100
|
|upkeep
|turn|9
|
|t:|1649167898
|switch|p1a: Musharna|Musharna, F|100/100
|move|p2a: Ribombee|Moonblast|p1a: Musharna
|-damage|p1a: Musharna|76/100
|
|upkeep
|turn|10
|
|t:|1649167902
|switch|p2a: Kabutops|Kabutops, M|100/100
|-damage|p2a: Kabutops|88/100|[from] Stealth Rock
|-damage|p2a: Kabutops|76/100|[from] Spikes
|move|p1a: Musharna|Moonlight|p1a: Musharna
|-heal|p1a: Musharna|100/100
|
|upkeep
|turn|11
|
|t:|1649167904
|switch|p1a: Gourgeist|Gourgeist-Super, M|100/100
|-activate|p1a: Gourgeist|move: Sticky Web
|-unboost|p1a: Gourgeist|spe|1
|-item|p2a: Kabutops|Focus Sash|[from] ability: Frisk|[of] p1a: Gourgeist|[identify]
|move|p2a: Kabutops|Knock Off|p1a: Gourgeist
|-supereffective|p1a: Gourgeist
|-damage|p1a: Gourgeist|44/100
|-enditem|p1a: Gourgeist|Spell Tag|[from] move: Knock Off|[of] p2a: Kabutops
|
|upkeep
|turn|12
|
|t:|1649167910
|switch|p2a: Ribombee|Ribombee, M|63/100
|-damage|p2a: Ribombee|38/100|[from] Stealth Rock
|-damage|p2a: Ribombee|26/100|[from] Spikes
|move|p1a: Gourgeist|Synthesis|p1a: Gourgeist
|-heal|p1a: Gourgeist|94/100
|
|upkeep
|turn|13
|
|t:|1649167914
|move|p1a: Gourgeist|Shadow Sneak|p2a: Ribombee
|-damage|p2a: Ribombee|0 fnt
|faint|p2a: Ribombee
|
|upkeep
|
|t:|1649167919
|switch|p2a: Silvally|Silvally-Dark|76/100
|-damage|p2a: Silvally|63/100|[from] Stealth Rock
|-damage|p2a: Silvally|51/100|[from] Spikes
|turn|14
|
|t:|1649167924
|switch|p1a: Comfey|Comfey, F|100/100
|move|p2a: Silvally|Flame Charge|p1a: Comfey
|-damage|p1a: Comfey|87/100
|-boost|p2a: Silvally|spe|1
|
|upkeep
|turn|15
|-message|AlomomolaForOU forfeited.
|
|win|yassy slay
|raw|yassy slay's rating: 1633 &rarr; <strong>1645</strong><br />(+12 for winning)
|raw|AlomomolaForOU's rating: 1478 &rarr; <strong>1466</strong><br />(-12 for losing)
|l|☆AlomomolaForOU
||Ladder isn't responding, score probably updated but might not have (Request timeout).
