|j|☆Combaetilics
|j|☆PULT4T2 eifo
|t:|1661191662
|gametype|singles
|player|p1|Combaetilics|169|1435
|player|p2|PULT4T2 eifo|camper|1547
|teamsize|p1|6
|teamsize|p2|6
|gen|8
|tier|[Gen 8] PU
|rated|
|rule|Sleep Clause Mod: Limit one foe put to sleep
|rule|Species Clause: Limit one of each Pokémon
|rule|OHKO Clause: OHKO moves are banned
|rule|Evasion Items Clause: Evasion items are banned
|rule|Evasion Moves Clause: Evasion moves are banned
|rule|Endless Battle Clause: Forcing endless battles is banned
|rule|HP Percentage Mod: HP is shown in percentages
|rule|Dynamax Clause: You cannot dynamax
|clearpoke
|poke|p1|Hitmonlee, M|
|poke|p1|Qwilfish, F|
|poke|p1|Ferroseed, M|
|poke|p1|Scyther, M|
|poke|p1|Articuno-Galar|
|poke|p1|Silvally-*|
|poke|p2|Scyther, F|
|poke|p2|Jellicent, F|
|poke|p2|Audino, F|
|poke|p2|Sandslash, M|
|poke|p2|Aggron, F|
|poke|p2|Comfey, F|
|teampreview
|inactive|Battle timer is ON: inactive players will automatically lose when time's up. (requested by Combaetilics)
|inactive|PULT4T2 eifo has 120 seconds left.
|inactive|PULT4T2 eifo has 90 seconds left.
|inactive|PULT4T2 eifo has 60 seconds left.
|
|t:|1661191789
|start
|switch|p1a: Silvally|Silvally-Ghost|100/100
|switch|p2a: Audino|Audino, F|100/100
|turn|1
|
|t:|1661191795
|move|p1a: Silvally|Toxic|p2a: Audino
|-status|p2a: Audino|tox
|move|p2a: Audino|Knock Off|p1a: Silvally
|-supereffective|p1a: Silvally
|-damage|p1a: Silvally|87/100
|
|-damage|p2a: Audino|94/100 tox|[from] psn
|upkeep
|turn|2
|
|t:|1661191801
|move|p1a: Silvally|Parting Shot|p2a: Audino
|-unboost|p2a: Audino|atk|1
|-unboost|p2a: Audino|spa|1
|
|t:|1661191804
|switch|p1a: Ferroseed|Ferroseed, M|100/100|[from]move: Parting Shot
|move|p2a: Audino|Knock Off|p1a: Ferroseed
|-damage|p1a: Ferroseed|94/100
|-damage|p2a: Audino|82/100 tox|[from] ability: Iron Barbs|[of] p1a: Ferroseed
|-enditem|p1a: Ferroseed|Eviolite|[from] move: Knock Off|[of] p2a: Audino
|
|-damage|p2a: Audino|70/100 tox|[from] psn
|upkeep
|turn|3
|inactive|PULT4T2 eifo has 120 seconds left.
|
|t:|1661191816
|switch|p2a: Jellicent|Jellicent, F|100/100
|move|p1a: Ferroseed|Stealth Rock|p2a: Jellicent
|-sidestart|p2: PULT4T2 eifo|move: Stealth Rock
|
|upkeep
|turn|4
|
|t:|1661191820
|move|p2a: Jellicent|Will-O-Wisp|p1a: Ferroseed
|-status|p1a: Ferroseed|brn
|move|p1a: Ferroseed|Toxic|p2a: Jellicent
|-status|p2a: Jellicent|tox
|
|-damage|p2a: Jellicent|94/100 tox|[from] psn
|-damage|p1a: Ferroseed|88/100 brn|[from] brn
|upkeep
|turn|5
|
|t:|1661191837
|move|p2a: Jellicent|Taunt|p1a: Ferroseed
|-start|p1a: Ferroseed|move: Taunt
|cant|p1a: Ferroseed|move: Taunt|Leech Seed
|
|-damage|p2a: Jellicent|82/100 tox|[from] psn
|-damage|p1a: Ferroseed|82/100 brn|[from] brn
|upkeep
|turn|6
|
|t:|1661191847
|switch|p2a: Aggron|Aggron, F|100/100
|-damage|p2a: Aggron|94/100|[from] Stealth Rock
|move|p1a: Ferroseed|Gyro Ball|p2a: Aggron
|-damage|p2a: Aggron|86/100
|
|-heal|p2a: Aggron|92/100|[from] item: Leftovers
|-damage|p1a: Ferroseed|76/100 brn|[from] brn
|upkeep
|turn|7
|
|t:|1661191859
|switch|p1a: Qwilfish|Qwilfish, F|100/100
|-ability|p1a: Qwilfish|Intimidate|boost
|-unboost|p2a: Aggron|atk|1
|move|p2a: Aggron|Head Smash|p1a: Qwilfish
|-damage|p1a: Qwilfish|60/100
|
|-heal|p1a: Qwilfish|66/100|[from] item: Black Sludge
|-heal|p2a: Aggron|98/100|[from] item: Leftovers
|upkeep
|turn|8
|
|t:|1661191869
|move|p1a: Qwilfish|Toxic Spikes|p2a: Aggron
|-sidestart|p2: PULT4T2 eifo|move: Toxic Spikes
|move|p2a: Aggron|Stealth Rock|p1a: Qwilfish
|-sidestart|p1: Combaetilics|move: Stealth Rock
|
|-heal|p1a: Qwilfish|72/100|[from] item: Black Sludge
|-heal|p2a: Aggron|100/100|[from] item: Leftovers
|upkeep
|turn|9
|
|t:|1661191875
|switch|p2a: Scyther|Scyther, F|100/100
|move|p1a: Qwilfish|Scald|p2a: Scyther
|-damage|p2a: Scyther|77/100
|
|-heal|p1a: Qwilfish|78/100|[from] item: Black Sludge
|upkeep
|turn|10
|
|t:|1661191881
|move|p2a: Scyther|Dual Wingbeat|p1a: Qwilfish
|-damage|p1a: Qwilfish|43/100
|-damage|p1a: Qwilfish|9/100
|-hitcount|p1a: Qwilfish|2
|move|p1a: Qwilfish|Scald|p2a: Scyther
|-damage|p2a: Scyther|54/100
|
|-heal|p1a: Qwilfish|15/100|[from] item: Black Sludge
|upkeep
|turn|11
|
|t:|1661191891
|move|p2a: Scyther|Knock Off|p1a: Qwilfish
|-damage|p1a: Qwilfish|0 fnt
|-enditem|p1a: Qwilfish|Black Sludge|[from] move: Knock Off|[of] p2a: Scyther
|faint|p1a: Qwilfish
|
|upkeep
|
|t:|1661191909
|switch|p1a: Silvally|Silvally-Ghost|87/100
|-damage|p1a: Silvally|75/100|[from] Stealth Rock
|turn|12
|
|t:|1661191917
|move|p2a: Scyther|U-turn|p1a: Silvally
|-resisted|p1a: Silvally
|-damage|p1a: Silvally|64/100
|
|t:|1661191919
|switch|p2a: Audino|Audino, F|100/100 tox|[from]move: U-turn
|move|p1a: Silvally|Parting Shot|p2a: Audino
|-unboost|p2a: Audino|atk|1
|-unboost|p2a: Audino|spa|1
|
|t:|1661191927
|switch|p1a: Hitmonlee|Hitmonlee, M|100/100|[from]move: Parting Shot
|-damage|p1a: Hitmonlee|94/100|[from] Stealth Rock
|
|-damage|p2a: Audino|94/100 tox|[from] psn
|upkeep
|turn|13
|
|t:|1661191936
|switch|p2a: Jellicent|Jellicent, F|82/100 tox
|-damage|p2a: Jellicent|70/100 tox|[from] Stealth Rock
|move|p1a: Hitmonlee|Curse|p1a: Hitmonlee
|-unboost|p1a: Hitmonlee|spe|1
|-boost|p1a: Hitmonlee|atk|1
|-boost|p1a: Hitmonlee|def|1
|-enditem|p1a: Hitmonlee|White Herb
|-clearnegativeboost|p1a: Hitmonlee|[silent]
|
|-damage|p2a: Jellicent|64/100 tox|[from] psn
|upkeep
|turn|14
|
|t:|1661191946
|move|p1a: Hitmonlee|Knock Off|p2a: Jellicent
|-supereffective|p2a: Jellicent
|-enditem|p2a: Jellicent|Colbur Berry|[eat]
|-enditem|p2a: Jellicent|Colbur Berry|[weaken]
|-damage|p2a: Jellicent|19/100 tox
|move|p2a: Jellicent|Will-O-Wisp|p1a: Hitmonlee|[miss]
|-miss|p2a: Jellicent|p1a: Hitmonlee
|
|-damage|p2a: Jellicent|7/100 tox|[from] psn
|upkeep
|turn|15
|
|t:|1661191953
|move|p1a: Hitmonlee|Knock Off|p2a: Jellicent
|-supereffective|p2a: Jellicent
|-damage|p2a: Jellicent|0 fnt
|faint|p2a: Jellicent
|
|upkeep
|
|t:|1661191955
|switch|p2a: Comfey|Comfey, F|100/100
|-damage|p2a: Comfey|88/100|[from] Stealth Rock
|-status|p2a: Comfey|psn
|turn|16
|
|t:|1661191959
|move|p2a: Comfey|Draining Kiss|p1a: Hitmonlee
|-supereffective|p1a: Hitmonlee
|-damage|p1a: Hitmonlee|29/100
|-heal|p2a: Comfey|100/100 psn|[from] drain|[of] p1a: Hitmonlee
|-damage|p2a: Comfey|91/100 psn|[from] item: Life Orb
|move|p1a: Hitmonlee|Poison Jab|p2a: Comfey
|-supereffective|p2a: Comfey
|-damage|p2a: Comfey|0 fnt
|faint|p2a: Comfey
|
|upkeep
|
|t:|1661191965
|switch|p2a: Sandslash|Sandslash, M|100/100
|-damage|p2a: Sandslash|94/100|[from] Stealth Rock
|-status|p2a: Sandslash|psn
|turn|17
|
|t:|1661191972
|move|p1a: Hitmonlee|Close Combat|p2a: Sandslash
|-damage|p2a: Sandslash|19/100 psn
|-unboost|p1a: Hitmonlee|def|1
|-unboost|p1a: Hitmonlee|spd|1
|move|p2a: Sandslash|Earthquake|p1a: Hitmonlee
|-damage|p1a: Hitmonlee|0 fnt
|faint|p1a: Hitmonlee
|
|-heal|p2a: Sandslash|25/100 psn|[from] item: Leftovers
|-damage|p2a: Sandslash|12/100 psn|[from] psn
|upkeep
|
|t:|1661191988
|switch|p1a: Scyther|Scyther, M|100/100
|turn|18
|
|t:|1661192002
|switch|p2a: Audino|Audino, F|100/100 tox
|move|p1a: Scyther|Knock Off|p2a: Audino
|-damage|p2a: Audino|73/100 tox
|-enditem|p2a: Audino|Heavy-Duty Boots|[from] move: Knock Off|[of] p1a: Scyther
|
|-damage|p2a: Audino|67/100 tox|[from] psn
|upkeep
|turn|19
|
|t:|1661192011
|move|p1a: Scyther|U-turn|p2a: Audino
|-damage|p2a: Audino|34/100 tox
|
|t:|1661192014
|switch|p1a: Ferroseed|Ferroseed, M|76/100 brn|[from]move: U-turn
|-damage|p1a: Ferroseed|70/100 brn|[from] Stealth Rock
|move|p2a: Audino|Knock Off|p1a: Ferroseed
|-damage|p1a: Ferroseed|61/100 brn
|-damage|p2a: Audino|21/100 tox|[from] ability: Iron Barbs|[of] p1a: Ferroseed
|
|-damage|p2a: Audino|9/100 tox|[from] psn
|-damage|p1a: Ferroseed|55/100 brn|[from] brn
|upkeep
|turn|20
|
|t:|1661192026
|switch|p2a: Scyther|Scyther, F|54/100
|move|p1a: Ferroseed|Leech Seed|p2a: Scyther
|-start|p2a: Scyther|move: Leech Seed
|
|-damage|p2a: Scyther|42/100|[from] Leech Seed|[of] p1a: Ferroseed
|-heal|p1a: Ferroseed|67/100 brn|[silent]
|-damage|p1a: Ferroseed|61/100 brn|[from] brn
|upkeep
|turn|21
|
|t:|1661192032
|move|p2a: Scyther|U-turn|p1a: Ferroseed
|-damage|p1a: Ferroseed|31/100 brn
|-damage|p2a: Scyther|29/100|[from] ability: Iron Barbs|[of] p1a: Ferroseed
|
|t:|1661192055
|switch|p2a: Sandslash|Sandslash, M|12/100 psn|[from]move: U-turn
|-damage|p2a: Sandslash|6/100 psn|[from] Stealth Rock
|move|p1a: Ferroseed|Leech Seed|p2a: Sandslash|[miss]
|-miss|p1a: Ferroseed|p2a: Sandslash
|
|-heal|p2a: Sandslash|12/100 psn|[from] item: Leftovers
|-damage|p2a: Sandslash|0 fnt|[from] psn
|faint|p2a: Sandslash
|-damage|p1a: Ferroseed|25/100 brn|[from] brn
|upkeep
|
|t:|1661192064
|switch|p2a: Aggron|Aggron, F|100/100
|-damage|p2a: Aggron|94/100|[from] Stealth Rock
|turn|22
|
|t:|1661192071
|move|p2a: Aggron|Body Press|p1a: Ferroseed
|-supereffective|p1a: Ferroseed
|-damage|p1a: Ferroseed|0 fnt
|-damage|p2a: Aggron|82/100|[from] ability: Iron Barbs|[of] p1a: Ferroseed
|faint|p1a: Ferroseed
|
|-heal|p2a: Aggron|88/100|[from] item: Leftovers
|upkeep
|
|t:|1661192088
|switch|p1a: Silvally|Silvally-Ghost|64/100
|-damage|p1a: Silvally|52/100|[from] Stealth Rock
|turn|23
|
|t:|1661192095
|move|p1a: Silvally|Multi-Attack|p2a: Aggron
|-damage|p2a: Aggron|62/100
|move|p2a: Aggron|Head Smash|p1a: Silvally
|-damage|p1a: Silvally|12/100
|
|-heal|p2a: Aggron|69/100|[from] item: Leftovers
|upkeep
|turn|24
|
|t:|1661192106
|switch|p2a: Audino|Audino, F|42/100 tox
|-damage|p2a: Audino|30/100 tox|[from] Stealth Rock
|move|p1a: Silvally|Multi-Attack|p2a: Audino
|-immune|p2a: Audino
|
|-damage|p2a: Audino|24/100 tox|[from] psn
|upkeep
|turn|25
|
|t:|1661192110
|move|p1a: Silvally|Parting Shot|p2a: Audino
|-unboost|p2a: Audino|atk|1
|-unboost|p2a: Audino|spa|1
|
|t:|1661192119
|switch|p1a: Articuno|Articuno-Galar|100/100|[from]move: Parting Shot
|-damage|p1a: Articuno|76/100|[from] Stealth Rock
|move|p2a: Audino|Wish|p2a: Audino
|
|-damage|p2a: Audino|12/100 tox|[from] psn
|upkeep
|turn|26
|inactive|Combaetilics has 120 seconds left.
|
|t:|1661192155
|switch|p2a: Aggron|Aggron, F|69/100
|-damage|p2a: Aggron|62/100|[from] Stealth Rock
|move|p1a: Articuno|Freezing Glare|p2a: Aggron
|-resisted|p2a: Aggron
|-damage|p2a: Aggron|26/100
|
|-heal|p2a: Aggron|85/100|[from] move: Wish|[wisher] Audino
|-heal|p2a: Aggron|91/100|[from] item: Leftovers
|upkeep
|turn|27
|inactive|Combaetilics has 120 seconds left.
|
|t:|1661192168
|switch|p2a: Audino|Audino, F|45/100 tox
|-damage|p2a: Audino|32/100 tox|[from] Stealth Rock
|move|p1a: Articuno|Freezing Glare|p2a: Audino
|-damage|p2a: Audino|0 fnt
|faint|p2a: Audino
|
|upkeep
|
|t:|1661192170
|switch|p2a: Scyther|Scyther, F|29/100
|turn|28
|
|t:|1661192178
|switch|p1a: Silvally|Silvally-Ghost|12/100
|-damage|p1a: Silvally|0 fnt|[from] Stealth Rock
|faint|p1a: Silvally
|move|p2a: Scyther|Knock Off|p1: Silvally|[notarget]
|-fail|p2a: Scyther
|
|upkeep
|
|t:|1661192181
|switch|p1a: Scyther|Scyther, M|100/100
|turn|29
|inactive|Combaetilics has 120 seconds left.
|
|t:|1661192206
|switch|p2a: Aggron|Aggron, F|91/100
|-damage|p2a: Aggron|85/100|[from] Stealth Rock
|move|p1a: Scyther|Knock Off|p2a: Aggron
|-damage|p2a: Aggron|69/100
|-enditem|p2a: Aggron|Leftovers|[from] move: Knock Off|[of] p1a: Scyther
|
|upkeep
|turn|30
|inactive|Combaetilics has 120 seconds left.
|
|t:|1661192222
|move|p1a: Scyther|Dual Wingbeat|p2a: Aggron
|-resisted|p2a: Aggron
|-damage|p2a: Aggron|65/100
|-resisted|p2a: Aggron
|-damage|p2a: Aggron|61/100
|-hitcount|p2a: Aggron|2
|move|p2a: Aggron|Head Smash|p1a: Scyther
|-supereffective|p1a: Scyther
|-damage|p1a: Scyther|0 fnt
|faint|p1a: Scyther
|
|upkeep
|
|t:|1661192225
|switch|p1a: Articuno|Articuno-Galar|76/100
|-damage|p1a: Articuno|51/100|[from] Stealth Rock
|turn|31
|
|t:|1661192229
|move|p1a: Articuno|Shadow Ball|p2a: Aggron
|-damage|p2a: Aggron|23/100
|move|p2a: Aggron|Head Smash|p1a: Articuno
|-supereffective|p1a: Articuno
|-damage|p1a: Articuno|0 fnt
|faint|p1a: Articuno
|
|win|PULT4T2 eifo
|raw|Combaetilics's rating: 1435 &rarr; <strong>1421</strong><br />(-14 for losing)
|raw|PULT4T2 eifo's rating: 1547 &rarr; <strong>1561</strong><br />(+14 for winning)
|c|☆PULT4T2 eifo|gg
|c|☆Combaetilics|gg
