|j|☆Suwa_yriafelc
|j|☆WMAR
|player|p1|Suwa_yriafelc|pokemonranger-gen4|1445
|player|p2|WMAR|265|1200
|teamsize|p1|6
|teamsize|p2|6
|gametype|singles
|gen|8
|tier|[Gen 8] PU
|rated|
|clearpoke
|poke|p1|Type: Null|
|poke|p1|Pincurchin, M|
|poke|p1|Manectric, M|
|poke|p1|Falinks|
|poke|p1|Vespiquen, F|
|poke|p1|Mareanie, M|
|poke|p2|Silvally-*|
|poke|p2|Throh, M|
|poke|p2|Dusknoir, F|
|poke|p2|Mr. Rime, F|
|poke|p2|Mawile, M|
|poke|p2|Manectric, F|
|rule|Sleep Clause Mod: Limit one foe put to sleep
|rule|Species Clause: Limit one of each Pokémon
|rule|OHKO Clause: OHKO moves are banned
|rule|Evasion Moves Clause: Evasion moves are banned
|rule|Endless Battle Clause: Forcing endless battles is banned
|rule|HP Percentage Mod: HP is shown in percentages
|rule|Dynamax Clause: You cannot dynamax
|teampreview
|inactive|Battle timer is ON: inactive players will automatically lose when time's up. (requested by Suwa_yriafelc)
|
|start
|switch|p1a: Falinks|Falinks|100/100
|switch|p2a: Dusknoir|Dusknoir, F|100/100
|-item|p1a: Falinks|Life Orb|[from] ability: Frisk|[of] p2a: Dusknoir|[identify]
|turn|1
|
|switch|p1a: Type: Null|Type: Null|100/100
|move|p2a: Dusknoir|Poltergeist|p1a: Type: Null
|-immune|p1a: Type: Null
|
|upkeep
|turn|2
|
|switch|p2a: Mawile|Mawile, M|100/100
|-ability|p2a: Mawile|Intimidate|boost
|-unboost|p1a: Type: Null|atk|1
|move|p1a: Type: Null|Shadow Claw|p2a: Mawile
|-damage|p2a: Mawile|90/100
|
|-heal|p2a: Mawile|97/100|[from] item: Leftovers
|upkeep
|turn|3
|
|move|p1a: Type: Null|U-turn|p2a: Mawile
|-resisted|p2a: Mawile
|-damage|p2a: Mawile|95/100
|
|switch|p1a: Pincurchin|Pincurchin, M|100/100|[from]move: U-turn
|-fieldstart|move: Electric Terrain|[from] ability: Electric Surge|[of] p1a: Pincurchin
|move|p2a: Mawile|Stealth Rock|p1a: Pincurchin
|-sidestart|p1: Suwa_yriafelc|move: Stealth Rock
|
|-heal|p2a: Mawile|100/100|[from] item: Leftovers
|upkeep
|turn|4
|
|move|p2a: Mawile|Toxic|p1a: Pincurchin
|-status|p1a: Pincurchin|tox
|move|p1a: Pincurchin|Surf|p2a: Mawile
|-damage|p2a: Mawile|33/100
|
|-heal|p2a: Mawile|40/100|[from] item: Leftovers
|-damage|p1a: Pincurchin|94/100 tox|[from] psn
|upkeep
|turn|5
|
|switch|p2a: Mr. Rime|Mr. Rime, F|100/100
|move|p1a: Pincurchin|Surf|p2a: Mr. Rime
|-damage|p2a: Mr. Rime|59/100
|
|-damage|p1a: Pincurchin|82/100 tox|[from] psn
|upkeep
|turn|6
|
|switch|p1a: Type: Null|Type: Null|100/100
|-damage|p1a: Type: Null|88/100|[from] Stealth Rock
|move|p2a: Mr. Rime|Rapid Spin|p1a: Type: Null
|-damage|p1a: Type: Null|83/100
|-boost|p2a: Mr. Rime|spe|1
|
|upkeep
|turn|7
|
|move|p2a: Mr. Rime|Focus Blast|p1a: Type: Null
|-supereffective|p1a: Type: Null
|-damage|p1a: Type: Null|45/100
|move|p1a: Type: Null|U-turn|p2a: Mr. Rime
|-supereffective|p2a: Mr. Rime
|-damage|p2a: Mr. Rime|16/100
|
|switch|p1a: Manectric|Manectric, M|100/100|[from]move: U-turn
|-damage|p1a: Manectric|88/100|[from] Stealth Rock
|
|-fieldend|move: Electric Terrain
|upkeep
|turn|8
|
|move|p1a: Manectric|Flamethrower|p2a: Mr. Rime
|-supereffective|p2a: Mr. Rime
|-damage|p2a: Mr. Rime|0 fnt
|faint|p2a: Mr. Rime
|
|upkeep
|
|switch|p2a: Silvally|Silvally-Rock|100/100
|turn|9
|
|switch|p1a: Mareanie|Mareanie, M|100/100
|-damage|p1a: Mareanie|88/100|[from] Stealth Rock
|move|p2a: Silvally|U-turn|p1a: Mareanie
|-resisted|p1a: Mareanie
|-damage|p1a: Mareanie|81/100
|
|switch|p2a: Manectric|Manectric, F|100/100|[from]move: U-turn
|
|upkeep
|turn|10
|
|switch|p1a: Manectric|Manectric, M|88/100
|-damage|p1a: Manectric|76/100|[from] Stealth Rock
|move|p2a: Manectric|Switcheroo|p1a: Manectric
|-activate|p2a: Manectric|move: Trick|[of] p1a: Manectric
|-item|p1a: Manectric|Choice Scarf|[from] move: Switcheroo
|-item|p2a: Manectric|Choice Scarf|[from] move: Switcheroo
|
|upkeep
|turn|11
|
|move|p2a: Manectric|Overheat|p1a: Manectric
|-damage|p1a: Manectric|5/100
|-unboost|p2a: Manectric|spa|2
|move|p1a: Manectric|Flamethrower|p2a: Manectric
|-damage|p2a: Manectric|50/100
|
|upkeep
|turn|12
|
|switch|p2a: Silvally|Silvally-Rock|100/100
|move|p1a: Manectric|Flamethrower|p2a: Silvally
|-resisted|p2a: Silvally
|-damage|p2a: Silvally|86/100
|
|upkeep
|turn|13
|
|switch|p1a: Mareanie|Mareanie, M|100/100
|-damage|p1a: Mareanie|88/100|[from] Stealth Rock
|move|p2a: Silvally|Swords Dance|p2a: Silvally
|-boost|p2a: Silvally|atk|2
|
|upkeep
|turn|14
|
|move|p2a: Silvally|Multi-Attack|p1a: Mareanie
|-damage|p1a: Mareanie|19/100
|move|p1a: Mareanie|Haze|p1a: Mareanie
|-clearallboost
|
|upkeep
|turn|15
|
|switch|p1a: Manectric|Manectric, M|5/100
|-damage|p1a: Manectric|0 fnt|[from] Stealth Rock
|faint|p1a: Manectric
|move|p2a: Silvally|Multi-Attack|p1: Manectric|[notarget]
|-fail|p2a: Silvally
|
|upkeep
|
|switch|p1a: Falinks|Falinks|100/100
|-damage|p1a: Falinks|95/100|[from] Stealth Rock
|turn|16
|
|move|p2a: Silvally|U-turn|p1a: Falinks
|-resisted|p1a: Falinks
|-damage|p1a: Falinks|81/100
|
|switch|p2a: Manectric|Manectric, F|50/100|[from]move: U-turn
|move|p1a: Falinks|Close Combat|p2a: Manectric
|-damage|p2a: Manectric|0 fnt
|-unboost|p1a: Falinks|def|1
|-unboost|p1a: Falinks|spd|1
|-damage|p1a: Falinks|72/100|[from] item: Life Orb
|faint|p2a: Manectric
|
|upkeep
|
|switch|p2a: Throh|Throh, M|100/100
|-ability|p2a: Throh|Mold Breaker
|turn|17
|
|switch|p1a: Vespiquen|Vespiquen, F|100/100
|-ability|p1a: Vespiquen|Pressure
|move|p2a: Throh|Storm Throw|p1a: Vespiquen
|-resisted|p1a: Vespiquen
|-crit|p1a: Vespiquen
|-damage|p1a: Vespiquen|94/100
|
|upkeep
|turn|18
|
|switch|p2a: Mawile|Mawile, M|40/100
|-ability|p2a: Mawile|Intimidate|boost
|-unboost|p1a: Vespiquen|atk|1
|move|p1a: Vespiquen|Defog|p2a: Mawile
|-unboost|p2a: Mawile|evasion|1
|-sideend|p1: Suwa_yriafelc|Stealth Rock|[from] move: Defog|[of] p1a: Vespiquen
|
|-heal|p2a: Mawile|46/100|[from] item: Leftovers
|upkeep
|turn|19
|
|move|p2a: Mawile|Knock Off|p1a: Vespiquen
|-damage|p1a: Vespiquen|78/100
|-enditem|p1a: Vespiquen|Heavy-Duty Boots|[from] move: Knock Off|[of] p2a: Mawile
|move|p1a: Vespiquen|U-turn|p2a: Mawile
|-resisted|p2a: Mawile
|-damage|p2a: Mawile|43/100
|
|switch|p1a: Mareanie|Mareanie, M|52/100|[from]move: U-turn
|
|-heal|p2a: Mawile|49/100|[from] item: Leftovers
|upkeep
|turn|20
|
|move|p2a: Mawile|Knock Off|p1a: Mareanie
|-damage|p1a: Mareanie|37/100
|-enditem|p1a: Mareanie|Eviolite|[from] move: Knock Off|[of] p2a: Mawile
|move|p1a: Mareanie|Toxic Spikes|p2a: Mawile
|-sidestart|p2: WMAR|move: Toxic Spikes
|
|-heal|p2a: Mawile|55/100|[from] item: Leftovers
|upkeep
|turn|21
|
|switch|p2a: Throh|Throh, M|100/100
|-status|p2a: Throh|psn
|-ability|p2a: Throh|Mold Breaker
|switch|p1a: Vespiquen|Vespiquen, F|78/100
|-ability|p1a: Vespiquen|Pressure
|
|-damage|p2a: Throh|88/100 psn|[from] psn
|upkeep
|turn|22
|
|move|p2a: Throh|Bulk Up|p2a: Throh
|-boost|p2a: Throh|atk|1
|-boost|p2a: Throh|def|1
|move|p1a: Vespiquen|U-turn|p2a: Throh
|-resisted|p2a: Throh
|-damage|p2a: Throh|82/100 psn
|
|switch|p1a: Mareanie|Mareanie, M|71/100|[from]move: U-turn
|
|-heal|p2a: Throh|88/100 psn|[from] item: Leftovers
|-damage|p2a: Throh|76/100 psn|[from] psn
|upkeep
|turn|23
|
|switch|p2a: Mawile|Mawile, M|55/100
|-ability|p2a: Mawile|Intimidate|boost
|-unboost|p1a: Mareanie|atk|1
|move|p1a: Mareanie|Haze|p1a: Mareanie
|-clearallboost
|
|-heal|p2a: Mawile|61/100|[from] item: Leftovers
|upkeep
|turn|24
|
|switch|p1a: Vespiquen|Vespiquen, F|78/100
|-ability|p1a: Vespiquen|Pressure
|move|p2a: Mawile|Stealth Rock|p1a: Vespiquen
|-sidestart|p1: Suwa_yriafelc|move: Stealth Rock
|
|-heal|p2a: Mawile|68/100|[from] item: Leftovers
|upkeep
|turn|25
|
|move|p2a: Mawile|Toxic|p1a: Vespiquen
|-status|p1a: Vespiquen|tox
|move|p1a: Vespiquen|Defog|p2a: Mawile
|-unboost|p2a: Mawile|evasion|1
|-sideend|p2: WMAR|Toxic Spikes|[from] move: Defog|[of] p1a: Vespiquen
|-sideend|p1: Suwa_yriafelc|Stealth Rock|[from] move: Defog|[of] p1a: Vespiquen
|
|-heal|p2a: Mawile|74/100|[from] item: Leftovers
|-damage|p1a: Vespiquen|72/100 tox|[from] psn
|upkeep
|turn|26
|
|move|p2a: Mawile|Stealth Rock|p1a: Vespiquen
|-sidestart|p1: Suwa_yriafelc|move: Stealth Rock
|move|p1a: Vespiquen|U-turn|p2a: Mawile
|-resisted|p2a: Mawile
|-damage|p2a: Mawile|70/100
|
|switch|p1a: Pincurchin|Pincurchin, M|82/100 tox|[from]move: U-turn
|-damage|p1a: Pincurchin|70/100 tox|[from] Stealth Rock
|-fieldstart|move: Electric Terrain|[from] ability: Electric Surge|[of] p1a: Pincurchin
|
|-heal|p2a: Mawile|76/100|[from] item: Leftovers
|-damage|p1a: Pincurchin|64/100 tox|[from] psn
|upkeep
|turn|27
|
|move|p2a: Mawile|Play Rough|p1a: Pincurchin
|-damage|p1a: Pincurchin|32/100 tox
|move|p1a: Pincurchin|Rising Voltage|p2a: Mawile
|-damage|p2a: Mawile|0 fnt
|faint|p2a: Mawile
|
|-damage|p1a: Pincurchin|20/100 tox|[from] psn
|upkeep
|
|switch|p2a: Silvally|Silvally-Rock|86/100
|turn|28
|
|move|p2a: Silvally|Multi-Attack|p1a: Pincurchin
|-damage|p1a: Pincurchin|0 fnt
|faint|p1a: Pincurchin
|
|upkeep
|
|switch|p1a: Type: Null|Type: Null|45/100
|-damage|p1a: Type: Null|32/100|[from] Stealth Rock
|turn|29
|
|move|p2a: Silvally|Swords Dance|p2a: Silvally
|-boost|p2a: Silvally|atk|2
|move|p1a: Type: Null|Toxic|p2a: Silvally
|-status|p2a: Silvally|tox
|
|-damage|p2a: Silvally|80/100 tox|[from] psn
|upkeep
|turn|30
|
|switch|p1a: Vespiquen|Vespiquen, F|72/100 tox
|-damage|p1a: Vespiquen|22/100 tox|[from] Stealth Rock
|-ability|p1a: Vespiquen|Pressure
|move|p2a: Silvally|Multi-Attack|p1a: Vespiquen
|-supereffective|p1a: Vespiquen
|-damage|p1a: Vespiquen|0 fnt
|faint|p1a: Vespiquen
|
|-damage|p2a: Silvally|68/100 tox|[from] psn
|-fieldend|move: Electric Terrain
|upkeep
|inactive|Suwa_yriafelc has 120 seconds left.
|
|switch|p1a: Mareanie|Mareanie, M|100/100
|-damage|p1a: Mareanie|88/100|[from] Stealth Rock
|turn|31
|
|move|p2a: Silvally|Multi-Attack|p1a: Mareanie
|-damage|p1a: Mareanie|0 fnt
|faint|p1a: Mareanie
|
|-damage|p2a: Silvally|49/100 tox|[from] psn
|upkeep
|
|switch|p1a: Falinks|Falinks|72/100
|-damage|p1a: Falinks|66/100|[from] Stealth Rock
|turn|32
|
|move|p1a: Falinks|First Impression|p2a: Silvally
|-crit|p2a: Silvally
|-damage|p2a: Silvally|0 fnt
|-damage|p1a: Falinks|56/100|[from] item: Life Orb
|faint|p2a: Silvally
|
|upkeep
|
|switch|p2a: Dusknoir|Dusknoir, F|100/100
|-item|p1a: Falinks|Life Orb|[from] ability: Frisk|[of] p2a: Dusknoir|[identify]
|turn|33
|
|switch|p1a: Type: Null|Type: Null|32/100
|-damage|p1a: Type: Null|20/100|[from] Stealth Rock
|move|p2a: Dusknoir|Trick|p1a: Type: Null
|-activate|p2a: Dusknoir|move: Trick|[of] p1a: Type: Null
|-item|p1a: Type: Null|Choice Band|[from] move: Trick
|-item|p2a: Dusknoir|Eviolite|[from] move: Trick
|
|upkeep
|turn|34
|
|move|p2a: Dusknoir|Earthquake|p1a: Type: Null
|-damage|p1a: Type: Null|0 fnt
|faint|p1a: Type: Null
|
|upkeep
|
|switch|p1a: Falinks|Falinks|56/100
|-damage|p1a: Falinks|50/100|[from] Stealth Rock
|turn|35
|
|move|p1a: Falinks|Throat Chop|p2a: Dusknoir
|-supereffective|p2a: Dusknoir
|-damage|p2a: Dusknoir|36/100
|-start|p2a: Dusknoir|Throat Chop|[silent]
|-damage|p1a: Falinks|40/100|[from] item: Life Orb
|move|p2a: Dusknoir|Poltergeist|p1a: Falinks
|-activate|p1a: Falinks|move: Poltergeist|Life Orb
|-damage|p1a: Falinks|0 fnt
|faint|p1a: Falinks
|
|win|WMAR
|l|☆Suwa_yriafelc
|raw|Suwa_yriafelc's rating: 1445 &rarr; <strong>1413</strong><br />(-32 for losing)
|raw|WMAR's rating: 1200 &rarr; <strong>1240</strong><br />(+40 for winning)
|c|☆WMAR|gg
