|html|<div class="broadcast-blue"><strong>[Gen 8] PU is currently suspecting Vanilluxe! For information on how to participate check out the <a href="https://www.smogon.com/forums/threads/np-ss-pu-stage-10-ice-cream-vanilluxe-suspect-test.3705646/">suspect thread</a>.</strong></div>
|j|☆Haffling
|j|☆Sharingan54
|t:|1659822816
|gametype|singles
|player|p1|Haffling|cyrus|
|player|p2|Sharingan54|101|
|teamsize|p1|6
|teamsize|p2|6
|gen|8
|tier|[Gen 8] PU
|rated|Tournament battle
|rule|Sleep Clause Mod: Limit one foe put to sleep
|rule|Species Clause: Limit one of each Pokémon
|rule|OHKO Clause: OHKO moves are banned
|rule|Evasion Items Clause: Evasion items are banned
|rule|Evasion Moves Clause: Evasion moves are banned
|rule|Endless Battle Clause: Forcing endless battles is banned
|rule|HP Percentage Mod: HP is shown in percentages
|rule|Dynamax Clause: You cannot dynamax
|clearpoke
|poke|p1|Sableye, M|
|poke|p1|Mesprit|
|poke|p1|Ribombee, F|
|poke|p1|Togedemaru, M|
|poke|p1|Sandslash, F|
|poke|p1|Wishiwashi, M|
|poke|p2|Silvally-*|
|poke|p2|Mr. Mime, F|
|poke|p2|Mawile, F|
|poke|p2|Manectric, F|
|poke|p2|Wishiwashi, M|
|poke|p2|Ninjask, M|
|teampreview
|j| arcebaum500
|c|☆Sharingan54|gl hf
|c|☆Haffling|u2
|j| ItsMorbOrNothin
|c| arcebaum500|WOOP WOOOOOOOOOOOOOOOOOP
|j| That_ur_Best?
|j| puvs lunafreya
|c| That_ur_Best?|HAFFLING
|c| That_ur_Best?|GOOD TO SEE U
|j| SpacialRendevous
|c| That_ur_Best?|I HOPE U LOSE
|c| That_ur_Best?|MAN HAS LUCK NOTHING ELSE
|c| ItsMorbOrNothin|LMAO
|
|t:|1659822848
|start
|switch|p1a: Sandslash|Sandslash, F|100/100
|switch|p2a: Mr. Mime|Mr. Mime, F|100/100
|turn|1
|
|t:|1659822854
|switch|p1a: Wishiwashi|Wishiwashi, M|100/100
|-formechange|p1a: Wishiwashi|Wishiwashi-School||[from] ability: Schooling
|move|p2a: Mr. Mime|Dazzling Gleam|p1a: Wishiwashi
|-damage|p1a: Wishiwashi|67/100
|
|-heal|p1a: Wishiwashi|73/100|[from] item: Leftovers
|upkeep
|turn|2
|c| arcebaum500|go haffling !!!
|
|t:|1659822867
|switch|p2a: Wishiwashi|Wishiwashi, M|100/100
|-formechange|p2a: Wishiwashi|Wishiwashi-School||[from] ability: Schooling
|move|p1a: Wishiwashi|Scald|p2a: Wishiwashi
|-resisted|p2a: Wishiwashi
|-damage|p2a: Wishiwashi|88/100
|
|-heal|p2a: Wishiwashi|94/100|[from] item: Leftovers
|-heal|p1a: Wishiwashi|79/100|[from] item: Leftovers
|upkeep
|turn|3
|
|t:|1659822878
|move|p2a: Wishiwashi|U-turn|p1a: Wishiwashi
|-damage|p1a: Wishiwashi|59/100
|
|t:|1659822880
|switch|p2a: Mawile|Mawile, F|100/100|[from]move: U-turn
|move|p1a: Wishiwashi|U-turn|p2a: Mawile
|-resisted|p2a: Mawile
|-damage|p2a: Mawile|96/100
|n|@asa|puvslunafreya
|
|t:|1659822885
|switch|p1a: Sandslash|Sandslash, F|100/100|[from]move: U-turn
|
|-heal|p2a: Mawile|100/100|[from] item: Leftovers
|upkeep
|turn|4
|
|t:|1659822896
|switch|p2a: Silvally|Silvally-Grass|100/100
|move|p1a: Sandslash|Spikes|p2a: Silvally
|-sidestart|p2: Sharingan54|Spikes
|
|upkeep
|turn|5
|c| arcebaum500|Silvally
|
|t:|1659822911
|switch|p1a: Sableye|Sableye, M|100/100
|move|p2a: Silvally|Defog|p1a: Sableye
|-unboost|p1a: Sableye|evasion|1
|-sideend|p2: Sharingan54|Spikes|[from] move: Defog|[of] p2a: Silvally
|
|upkeep
|turn|6
|c| arcebaum500|Really
|
|t:|1659822918
|move|p1a: Sableye|Will-O-Wisp|p2a: Silvally
|-status|p2a: Silvally|brn
|move|p2a: Silvally|Parting Shot|p1a: Sableye
|-unboost|p1a: Sableye|atk|1
|-unboost|p1a: Sableye|spa|1
|l|@asa
|
|t:|1659822925
|switch|p2a: Mr. Mime|Mr. Mime, F|100/100|[from]move: Parting Shot
|
|upkeep
|turn|7
|
|t:|1659822935
|switch|p1a: Togedemaru|Togedemaru, M|100/100
|move|p2a: Mr. Mime|Dazzling Gleam|p1a: Togedemaru
|-resisted|p1a: Togedemaru
|-damage|p1a: Togedemaru|77/100
|
|-heal|p1a: Togedemaru|83/100|[from] item: Leftovers
|upkeep
|turn|8
|
|t:|1659822942
|switch|p2a: Mawile|Mawile, F|100/100
|move|p1a: Togedemaru|Wish|p1a: Togedemaru
|
|-heal|p1a: Togedemaru|89/100|[from] item: Leftovers
|upkeep
|turn|9
|
|t:|1659822952
|switch|p1a: Wishiwashi|Wishiwashi, M|59/100
|-formechange|p1a: Wishiwashi|Wishiwashi-School||[from] ability: Schooling
|move|p2a: Mawile|Stealth Rock|p1a: Wishiwashi
|-sidestart|p1: Haffling|move: Stealth Rock
|
|-heal|p1a: Wishiwashi|100/100|[from] move: Wish|[wisher] Togedemaru
|upkeep
|turn|10
|
|t:|1659822961
|switch|p2a: Wishiwashi|Wishiwashi, M|94/100
|-formechange|p2a: Wishiwashi|Wishiwashi-School||[from] ability: Schooling
|move|p1a: Wishiwashi|Scald|p2a: Wishiwashi
|-resisted|p2a: Wishiwashi
|-crit|p2a: Wishiwashi
|-damage|p2a: Wishiwashi|76/100
|
|-heal|p2a: Wishiwashi|82/100|[from] item: Leftovers
|upkeep
|turn|11
|
|t:|1659822976
|move|p2a: Wishiwashi|U-turn|p1a: Wishiwashi
|-damage|p1a: Wishiwashi|81/100
|
|t:|1659822980
|switch|p2a: Mawile|Mawile, F|100/100|[from]move: U-turn
|move|p1a: Wishiwashi|U-turn|p2a: Mawile
|-resisted|p2a: Mawile
|-damage|p2a: Mawile|96/100
|
|t:|1659822984
|switch|p1a: Sandslash|Sandslash, F|100/100|[from]move: U-turn
|-damage|p1a: Sandslash|94/100|[from] Stealth Rock
|
|-heal|p1a: Sandslash|100/100|[from] item: Leftovers
|-heal|p2a: Mawile|100/100|[from] item: Leftovers
|upkeep
|turn|12
|
|t:|1659822993
|move|p1a: Sandslash|Spikes|p2a: Mawile
|-sidestart|p2: Sharingan54|Spikes
|move|p2a: Mawile|Toxic|p1a: Sandslash
|-status|p1a: Sandslash|tox
|
|-damage|p1a: Sandslash|94/100 tox|[from] psn
|upkeep
|turn|13
|
|t:|1659823006
|switch|p2a: Silvally|Silvally-Grass|100/100 brn
|-damage|p2a: Silvally|88/100 brn|[from] Spikes
|move|p1a: Sandslash|Rapid Spin|p2a: Silvally
|-damage|p2a: Silvally|77/100 brn
|-boost|p1a: Sandslash|spe|1
|-sideend|p1: Haffling|Stealth Rock|[from] move: Rapid Spin|[of] p1a: Sandslash
|
|-heal|p1a: Sandslash|100/100 tox|[from] item: Leftovers
|-damage|p1a: Sandslash|88/100 tox|[from] psn
|-damage|p2a: Silvally|71/100 brn|[from] brn
|upkeep
|turn|14
|
|t:|1659823017
|switch|p1a: Mesprit|Mesprit|100/100
|move|p2a: Silvally|Defog|p1a: Mesprit
|-unboost|p1a: Mesprit|evasion|1
|-sideend|p2: Sharingan54|Spikes|[from] move: Defog|[of] p2a: Silvally
|
|-damage|p2a: Silvally|65/100 brn|[from] brn
|upkeep
|turn|15
|
|t:|1659823024
|move|p2a: Silvally|Parting Shot|p1a: Mesprit
|-unboost|p1a: Mesprit|atk|1
|-unboost|p1a: Mesprit|spa|1
|
|t:|1659823029
|switch|p2a: Mawile|Mawile, F|100/100|[from]move: Parting Shot
|move|p1a: Mesprit|Stealth Rock|p2a: Mawile
|-sidestart|p2: Sharingan54|move: Stealth Rock
|
|upkeep
|turn|16
|
|t:|1659823039
|switch|p1a: Wishiwashi|Wishiwashi, M|81/100
|-formechange|p1a: Wishiwashi|Wishiwashi-School||[from] ability: Schooling
|move|p2a: Mawile|Fire Blast|p1a: Wishiwashi
|-resisted|p1a: Wishiwashi
|-crit|p1a: Wishiwashi
|-damage|p1a: Wishiwashi|71/100
|
|-heal|p1a: Wishiwashi|77/100|[from] item: Leftovers
|upkeep
|turn|17
|
|t:|1659823053
|move|p2a: Mawile|Stealth Rock|p1a: Wishiwashi
|-sidestart|p1: Haffling|move: Stealth Rock
|move|p1a: Wishiwashi|Scald|p2a: Mawile
|-damage|p2a: Mawile|29/100
|
|-heal|p2a: Mawile|35/100|[from] item: Leftovers
|-heal|p1a: Wishiwashi|83/100|[from] item: Leftovers
|upkeep
|turn|18
|
|t:|1659823061
|switch|p2a: Wishiwashi|Wishiwashi, M|82/100
|-damage|p2a: Wishiwashi|69/100|[from] Stealth Rock
|-formechange|p2a: Wishiwashi|Wishiwashi-School||[from] ability: Schooling
|move|p1a: Wishiwashi|Scald|p2a: Wishiwashi
|-resisted|p2a: Wishiwashi
|-damage|p2a: Wishiwashi|57/100
|
|-heal|p2a: Wishiwashi|63/100|[from] item: Leftovers
|-heal|p1a: Wishiwashi|89/100|[from] item: Leftovers
|upkeep
|turn|19
|n| arcebaum500|arcebaum500
|
|t:|1659823071
|move|p2a: Wishiwashi|Rest|p2a: Wishiwashi
|-status|p2a: Wishiwashi|slp|[from] move: Rest
|-heal|p2a: Wishiwashi|100/100 slp|[silent]
|move|p1a: Wishiwashi|U-turn|p2a: Wishiwashi
|-damage|p2a: Wishiwashi|80/100 slp
|c| arcebaum500|fucrb
|
|t:|1659823081
|switch|p1a: Sableye|Sableye, M|100/100|[from]move: U-turn
|-damage|p1a: Sableye|88/100|[from] Stealth Rock
|
|-heal|p2a: Wishiwashi|86/100 slp|[from] item: Leftovers
|upkeep
|turn|20
|
|t:|1659823089
|switch|p2a: Mawile|Mawile, F|35/100
|-damage|p2a: Mawile|29/100|[from] Stealth Rock
|move|p1a: Sableye|Knock Off|p2a: Mawile
|-resisted|p2a: Mawile
|-damage|p2a: Mawile|18/100
|-enditem|p2a: Mawile|Leftovers|[from] move: Knock Off|[of] p1a: Sableye
|
|upkeep
|turn|21
|
|t:|1659823098
|switch|p1a: Togedemaru|Togedemaru, M|89/100
|-damage|p1a: Togedemaru|83/100|[from] Stealth Rock
|move|p2a: Mawile|Play Rough|p1a: Togedemaru
|-resisted|p1a: Togedemaru
|-damage|p1a: Togedemaru|57/100
|
|-heal|p1a: Togedemaru|63/100|[from] item: Leftovers
|upkeep
|turn|22
|
|t:|1659823107
|switch|p2a: Manectric|Manectric, F|100/100
|-damage|p2a: Manectric|88/100|[from] Stealth Rock
|move|p1a: Togedemaru|Iron Head|p2a: Manectric
|-resisted|p2a: Manectric
|-damage|p2a: Manectric|62/100
|
|-heal|p1a: Togedemaru|69/100|[from] item: Leftovers
|upkeep
|turn|23
|c| arcebaum500|h o w
|
|t:|1659823115
|move|p1a: Togedemaru|Spiky Shield|p1a: Togedemaru
|-singleturn|p1a: Togedemaru|move: Protect
|move|p2a: Manectric|Switcheroo|p1a: Togedemaru
|-activate|p1a: Togedemaru|move: Protect
|
|-heal|p1a: Togedemaru|75/100|[from] item: Leftovers
|upkeep
|turn|24
|
|t:|1659823126
|switch|p1a: Mesprit|Mesprit|100/100
|-damage|p1a: Mesprit|88/100|[from] Stealth Rock
|move|p2a: Manectric|Switcheroo|p1a: Mesprit
|-activate|p2a: Manectric|move: Trick|[of] p1a: Mesprit
|-item|p1a: Mesprit|Choice Scarf|[from] move: Switcheroo
|-item|p2a: Manectric|Colbur Berry|[from] move: Switcheroo
|
|upkeep
|turn|25
|
|t:|1659823136
|move|p1a: Mesprit|Psychic|p2a: Manectric
|-damage|p2a: Manectric|0 fnt
|faint|p2a: Manectric
|
|upkeep
|
|t:|1659823140
|switch|p2a: Mr. Mime|Mr. Mime, F|100/100
|-damage|p2a: Mr. Mime|88/100|[from] Stealth Rock
|turn|26
|c| arcebaum500|h o w h a s n o p o k e m o n d i e d a n d w e ' r e a t 2 6 t u r n s
|l| SpacialRendevous
|c| ItsMorbOrNothin|stall man
|c| ItsMorbOrNothin|just stall
|c|☆Haffling|well my teams a slow spike team
|
|t:|1659823184
|switch|p1a: Wishiwashi|Wishiwashi, M|89/100
|-damage|p1a: Wishiwashi|77/100|[from] Stealth Rock
|-formechange|p1a: Wishiwashi|Wishiwashi-School||[from] ability: Schooling
|move|p2a: Mr. Mime|Focus Blast|p1a: Wishiwashi
|-damage|p1a: Wishiwashi|43/100
|
|-heal|p1a: Wishiwashi|49/100|[from] item: Leftovers
|upkeep
|turn|27
|
|t:|1659823196
|switch|p2a: Wishiwashi|Wishiwashi, M|86/100 slp
|-damage|p2a: Wishiwashi|74/100 slp|[from] Stealth Rock
|-formechange|p2a: Wishiwashi|Wishiwashi-School||[from] ability: Schooling
|move|p1a: Wishiwashi|Rest|p1a: Wishiwashi
|-status|p1a: Wishiwashi|slp|[from] move: Rest
|-heal|p1a: Wishiwashi|100/100 slp|[silent]
|
|-heal|p2a: Wishiwashi|80/100 slp|[from] item: Leftovers
|upkeep
|turn|28
|c| arcebaum500|j0cef8c
|
|t:|1659823207
|cant|p2a: Wishiwashi|slp
|move|p2a: Wishiwashi|Sleep Talk|p2a: Wishiwashi
|move|p2a: Wishiwashi|Flip Turn|p1a: Wishiwashi|[from]move: Sleep Talk
|-resisted|p1a: Wishiwashi
|-damage|p1a: Wishiwashi|87/100 slp
|
|t:|1659823217
|switch|p2a: Mr. Mime|Mr. Mime, F|88/100|[from]move: Flip Turn
|-damage|p2a: Mr. Mime|76/100|[from] Stealth Rock
|cant|p1a: Wishiwashi|slp
|move|p1a: Wishiwashi|Sleep Talk|p1a: Wishiwashi
|move|p1a: Wishiwashi|Rest||[from]move: Sleep Talk|[still]
|-fail|p1a: Wishiwashi
|
|-heal|p1a: Wishiwashi|93/100 slp|[from] item: Leftovers
|upkeep
|turn|29
|
|t:|1659823228
|move|p2a: Mr. Mime|Dazzling Gleam|p1a: Wishiwashi
|-damage|p1a: Wishiwashi|60/100 slp
|cant|p1a: Wishiwashi|slp
|move|p1a: Wishiwashi|Sleep Talk|p1a: Wishiwashi
|move|p1a: Wishiwashi|Scald|p2a: Mr. Mime|[from]move: Sleep Talk
|-damage|p2a: Mr. Mime|24/100
|-status|p2a: Mr. Mime|brn
|
|-heal|p1a: Wishiwashi|66/100 slp|[from] item: Leftovers
|-damage|p2a: Mr. Mime|19/100 brn|[from] brn
|upkeep
|turn|30
|c| arcebaum500|sailor moon is evw jjj
|
|t:|1659823239
|move|p2a: Mr. Mime|Dazzling Gleam|p1a: Wishiwashi
|-damage|p1a: Wishiwashi|29/100 slp
|-curestatus|p1a: Wishiwashi|slp|[msg]
|move|p1a: Wishiwashi|Rest|p1a: Wishiwashi
|-status|p1a: Wishiwashi|slp|[from] move: Rest
|-heal|p1a: Wishiwashi|100/100 slp|[silent]
|
|-damage|p2a: Mr. Mime|13/100 brn|[from] brn
|upkeep
|turn|31
|-message|Sharingan54 forfeited.
|
|win|Haffling
|n|☆Haffling|haffling
|n|☆Sharingan54|sharingan54
|n| arcebaum500|arcebaum500
|n| ItsMorbOrNothin|itsmorbornothin
|n| That_ur_Best?|thaturbest
|l|☆Sharingan54
|c|☆Haffling|gg
