|j|☆Pinky pink pink
|j|☆JoJo Reference #11
|t:|1666735432
|gametype|singles
|player|p1|Pinky pink pink|preschooler|1057
|player|p2|JoJo Reference #11|102|1313
|teamsize|p1|6
|teamsize|p2|6
|gen|8
|tier|[Gen 8] PU
|rated|
|rule|Sleep Clause Mod: Limit one foe put to sleep
|rule|Species Clause: Limit one of each Pokémon
|rule|OHKO Clause: OHKO moves are banned
|rule|Evasion Items Clause: Evasion items are banned
|rule|Evasion Moves Clause: Evasion moves are banned
|rule|Endless Battle Clause: Forcing endless battles is banned
|rule|HP Percentage Mod: HP is shown in percentages
|rule|Dynamax Clause: You cannot dynamax
|clearpoke
|poke|p1|Lickilicky, F|
|poke|p1|Alcremie, F|
|poke|p1|Miltank, F|
|poke|p1|Shiinotic, M|
|poke|p1|Musharna, F|
|poke|p1|Corsola, F|
|poke|p2|Gallade, M|
|poke|p2|Doublade, M|
|poke|p2|Centiskorch, M|
|poke|p2|Ninjask, F|
|poke|p2|Sudowoodo, F|
|poke|p2|Malamar, M|
|teampreview
|inactive|Battle timer is ON: inactive players will automatically lose when time's up. (requested by Pinky pink pink)
|
|t:|1666735449
|start
|switch|p1a: Shiinotic|Shiinotic, M|100/100
|switch|p2a: Sudowoodo|Sudowoodo, F|100/100
|turn|1
|
|t:|1666735457
|move|p2a: Sudowoodo|Stealth Rock|p1a: Shiinotic
|-sidestart|p1: Pinky pink pink|move: Stealth Rock
|move|p1a: Shiinotic|Spore|p2a: Sudowoodo
|-status|p2a: Sudowoodo|slp|[from] move: Spore
|
|upkeep
|turn|2
|
|t:|1666735463
|switch|p2a: Centiskorch|Centiskorch, M|100/100
|move|p1a: Shiinotic|Leech Seed|p2a: Centiskorch
|-start|p2a: Centiskorch|move: Leech Seed
|
|-damage|p2a: Centiskorch|88/100|[from] Leech Seed|[of] p1a: Shiinotic
|upkeep
|turn|3
|
|t:|1666735469
|switch|p2a: Ninjask|Ninjask, F|100/100
|switch|p1a: Miltank|Miltank, F|100/100
|-damage|p1a: Miltank|88/100|[from] Stealth Rock
|
|-heal|p1a: Miltank|94/100|[from] item: Leftovers
|upkeep
|turn|4
|
|t:|1666735490
|move|p2a: Ninjask|Swords Dance|p2a: Ninjask
|-boost|p2a: Ninjask|atk|2
|move|p1a: Miltank|Body Slam|p2a: Ninjask
|-damage|p2a: Ninjask|40/100
|-status|p2a: Ninjask|par
|
|-heal|p1a: Miltank|99/100|[from] item: Leftovers
|-ability|p2a: Ninjask|Speed Boost|boost
|-boost|p2a: Ninjask|spe|1
|upkeep
|turn|5
|
|t:|1666735499
|move|p2a: Ninjask|Dig||[still]
|-prepare|p2a: Ninjask|Dig
|-enditem|p2a: Ninjask|Power Herb
|-anim|p2a: Ninjask|Dig|p1a: Miltank
|-damage|p1a: Miltank|72/100
|move|p1a: Miltank|Body Slam|p2a: Ninjask
|-damage|p2a: Ninjask|0 fnt
|faint|p2a: Ninjask
|
|-heal|p1a: Miltank|78/100|[from] item: Leftovers
|upkeep
|
|t:|1666735507
|switch|p2a: Malamar|Malamar, M|100/100
|turn|6
|
|t:|1666735517
|switch|p1a: Shiinotic|Shiinotic, M|100/100
|-damage|p1a: Shiinotic|88/100|[from] Stealth Rock
|move|p2a: Malamar|Substitute|p2a: Malamar
|-start|p2a: Malamar|Substitute
|-damage|p2a: Malamar|75/100
|
|-heal|p2a: Malamar|82/100|[from] item: Leftovers
|-heal|p1a: Shiinotic|94/100|[from] item: Leftovers
|upkeep
|turn|7
|
|t:|1666735526
|move|p2a: Malamar|Superpower|p1a: Shiinotic
|-resisted|p1a: Shiinotic
|-crit|p1a: Shiinotic
|-damage|p1a: Shiinotic|70/100
|-boost|p2a: Malamar|atk|1
|-boost|p2a: Malamar|def|1
|-message|Sleep Clause Mod activated.
|move|p1a: Shiinotic|Moonblast|p2a: Malamar
|-supereffective|p2a: Malamar
|-end|p2a: Malamar|Substitute
|
|-heal|p2a: Malamar|88/100|[from] item: Leftovers
|-heal|p1a: Shiinotic|76/100|[from] item: Leftovers
|upkeep
|turn|8
|
|t:|1666735542
|move|p2a: Malamar|Substitute|p2a: Malamar
|-start|p2a: Malamar|Substitute
|-damage|p2a: Malamar|63/100
|move|p1a: Shiinotic|Moonblast|p2a: Malamar
|-supereffective|p2a: Malamar
|-end|p2a: Malamar|Substitute
|
|-heal|p2a: Malamar|69/100|[from] item: Leftovers
|-heal|p1a: Shiinotic|82/100|[from] item: Leftovers
|upkeep
|turn|9
|inactive|Pinky pink pink has 120 seconds left.
|
|t:|1666735567
|move|p2a: Malamar|Hypnosis|p1a: Shiinotic|[miss]
|-miss|p2a: Malamar|p1a: Shiinotic
|move|p1a: Shiinotic|Moonblast|p2a: Malamar
|-supereffective|p2a: Malamar
|-damage|p2a: Malamar|2/100
|
|-heal|p2a: Malamar|8/100|[from] item: Leftovers
|-heal|p1a: Shiinotic|88/100|[from] item: Leftovers
|upkeep
|turn|10
|
|t:|1666735576
|move|p2a: Malamar|Hypnosis|p1a: Shiinotic
|-status|p1a: Shiinotic|slp|[from] move: Hypnosis
|cant|p1a: Shiinotic|slp
|
|-heal|p2a: Malamar|14/100|[from] item: Leftovers
|-heal|p1a: Shiinotic|94/100 slp|[from] item: Leftovers
|upkeep
|turn|11
|
|t:|1666735583
|move|p2a: Malamar|Superpower|p1a: Shiinotic
|-resisted|p1a: Shiinotic
|-damage|p1a: Shiinotic|69/100 slp
|-boost|p2a: Malamar|atk|1
|-boost|p2a: Malamar|def|1
|cant|p1a: Shiinotic|slp
|
|-heal|p2a: Malamar|20/100|[from] item: Leftovers
|-heal|p1a: Shiinotic|75/100 slp|[from] item: Leftovers
|upkeep
|turn|12
|
|t:|1666735593
|move|p2a: Malamar|Knock Off|p1a: Shiinotic
|-resisted|p1a: Shiinotic
|-damage|p1a: Shiinotic|36/100 slp
|-enditem|p1a: Shiinotic|Leftovers|[from] move: Knock Off|[of] p2a: Malamar
|cant|p1a: Shiinotic|slp
|
|-heal|p2a: Malamar|27/100|[from] item: Leftovers
|upkeep
|turn|13
|
|t:|1666735604
|move|p2a: Malamar|Substitute|p2a: Malamar
|-start|p2a: Malamar|Substitute
|-damage|p2a: Malamar|2/100
|-curestatus|p1a: Shiinotic|slp|[msg]
|move|p1a: Shiinotic|Moonblast|p2a: Malamar
|-supereffective|p2a: Malamar
|-end|p2a: Malamar|Substitute
|
|-heal|p2a: Malamar|8/100|[from] item: Leftovers
|upkeep
|turn|14
|
|t:|1666735612
|move|p2a: Malamar|Hypnosis|p1a: Shiinotic|[miss]
|-miss|p2a: Malamar|p1a: Shiinotic
|move|p1a: Shiinotic|Moonblast|p2a: Malamar
|-supereffective|p2a: Malamar
|-damage|p2a: Malamar|0 fnt
|faint|p2a: Malamar
|
|upkeep
|
|t:|1666735617
|switch|p2a: Centiskorch|Centiskorch, M|88/100
|turn|15
|
|t:|1666735621
|move|p2a: Centiskorch|Fire Lash|p1a: Shiinotic
|-supereffective|p1a: Shiinotic
|-damage|p1a: Shiinotic|0 fnt
|faint|p1a: Shiinotic
|
|upkeep
|
|t:|1666735626
|switch|p1a: Corsola|Corsola, F|100/100
|-damage|p1a: Corsola|88/100|[from] Stealth Rock
|turn|16
|
|t:|1666735632
|move|p2a: Centiskorch|Power Whip|p1a: Corsola
|-supereffective|p1a: Corsola
|-damage|p1a: Corsola|0 fnt
|faint|p1a: Corsola
|
|upkeep
|
|t:|1666735639
|switch|p1a: Alcremie|Alcremie, F|100/100
|-damage|p1a: Alcremie|88/100|[from] Stealth Rock
|turn|17
|
|t:|1666735644
|move|p2a: Centiskorch|Coil|p2a: Centiskorch
|-boost|p2a: Centiskorch|atk|1
|-boost|p2a: Centiskorch|def|1
|-boost|p2a: Centiskorch|accuracy|1
|move|p1a: Alcremie|Acid Armor|p1a: Alcremie
|-boost|p1a: Alcremie|def|2
|
|-heal|p1a: Alcremie|94/100|[from] item: Leftovers
|upkeep
|turn|18
|
|t:|1666735651
|move|p2a: Centiskorch|Coil|p2a: Centiskorch
|-boost|p2a: Centiskorch|atk|1
|-boost|p2a: Centiskorch|def|1
|-boost|p2a: Centiskorch|accuracy|1
|move|p1a: Alcremie|Acid Armor|p1a: Alcremie
|-boost|p1a: Alcremie|def|2
|
|-heal|p1a: Alcremie|99/100|[from] item: Leftovers
|upkeep
|turn|19
|
|t:|1666735660
|move|p2a: Centiskorch|Coil|p2a: Centiskorch
|-boost|p2a: Centiskorch|atk|1
|-boost|p2a: Centiskorch|def|1
|-boost|p2a: Centiskorch|accuracy|1
|move|p1a: Alcremie|Calm Mind|p1a: Alcremie
|-boost|p1a: Alcremie|spa|1
|-boost|p1a: Alcremie|spd|1
|
|-heal|p1a: Alcremie|100/100|[from] item: Leftovers
|upkeep
|turn|20
|
|t:|1666735667
|move|p2a: Centiskorch|Fire Lash|p1a: Alcremie
|-damage|p1a: Alcremie|68/100
|-unboost|p1a: Alcremie|def|1
|move|p1a: Alcremie|Acid Armor|p1a: Alcremie
|-boost|p1a: Alcremie|def|2
|
|-heal|p1a: Alcremie|74/100|[from] item: Leftovers
|upkeep
|turn|21
|
|t:|1666735675
|move|p2a: Centiskorch|Fire Lash|p1a: Alcremie
|-damage|p1a: Alcremie|48/100
|-unboost|p1a: Alcremie|def|1
|move|p1a: Alcremie|Acid Armor|p1a: Alcremie
|-boost|p1a: Alcremie|def|2
|
|-heal|p1a: Alcremie|54/100|[from] item: Leftovers
|upkeep
|turn|22
|
|t:|1666735683
|move|p2a: Centiskorch|Coil|p2a: Centiskorch
|-boost|p2a: Centiskorch|atk|1
|-boost|p2a: Centiskorch|def|1
|-boost|p2a: Centiskorch|accuracy|1
|move|p1a: Alcremie|Acid Armor|p1a: Alcremie
|-boost|p1a: Alcremie|def|0
|
|-heal|p1a: Alcremie|60/100|[from] item: Leftovers
|upkeep
|turn|23
|
|t:|1666735692
|move|p2a: Centiskorch|Fire Lash|p1a: Alcremie
|-damage|p1a: Alcremie|29/100
|-unboost|p1a: Alcremie|def|1
|move|p1a: Alcremie|Recover|p1a: Alcremie
|-heal|p1a: Alcremie|79/100
|
|-heal|p1a: Alcremie|85/100|[from] item: Leftovers
|upkeep
|turn|24
|
|t:|1666735700
|move|p2a: Centiskorch|Fire Lash|p1a: Alcremie
|-damage|p1a: Alcremie|49/100
|-unboost|p1a: Alcremie|def|1
|move|p1a: Alcremie|Calm Mind|p1a: Alcremie
|-boost|p1a: Alcremie|spa|1
|-boost|p1a: Alcremie|spd|1
|
|-heal|p1a: Alcremie|55/100|[from] item: Leftovers
|upkeep
|turn|25
|
|t:|1666735709
|move|p2a: Centiskorch|Fire Lash|p1a: Alcremie
|-damage|p1a: Alcremie|13/100
|-unboost|p1a: Alcremie|def|1
|move|p1a: Alcremie|Acid Armor|p1a: Alcremie
|-boost|p1a: Alcremie|def|2
|
|-heal|p1a: Alcremie|19/100|[from] item: Leftovers
|upkeep
|turn|26
|
|t:|1666735718
|move|p2a: Centiskorch|Fire Lash|p1a: Alcremie
|-damage|p1a: Alcremie|0 fnt
|faint|p1a: Alcremie
|
|upkeep
|
|t:|1666735724
|switch|p1a: Musharna|Musharna, F|100/100
|-damage|p1a: Musharna|88/100|[from] Stealth Rock
|turn|27
|
|t:|1666735729
|move|p2a: Centiskorch|Leech Life|p1a: Musharna
|-supereffective|p1a: Musharna
|-damage|p1a: Musharna|0 fnt
|-heal|p2a: Centiskorch|100/100|[from] drain|[of] p1a: Musharna
|faint|p1a: Musharna
|
|upkeep
|-message|Pinky pink pink forfeited.
|
|win|JoJo Reference #11
|raw|Pinky pink pink's rating: 1057 &rarr; <strong>1050</strong><br />(-7 for losing)
|raw|JoJo Reference #11's rating: 1313 &rarr; <strong>1320</strong><br />(+7 for winning)
|l|☆Pinky pink pink
