|j|☆steamy beef
|j|☆sugar ovens
|inactive|Battle timer is ON: inactive players will automatically lose when time's up.
|t:|1665437856
|gametype|singles
|player|p1|steamy beef|lass-gen4dp|
|player|p2|sugar ovens|twins|
|teamsize|p1|6
|teamsize|p2|6
|gen|8
|tier|[Gen 8] PU
|rated|Tournament battle
|rule|Sleep Clause Mod: Limit one foe put to sleep
|rule|Species Clause: Limit one of each Pokémon
|rule|OHKO Clause: OHKO moves are banned
|rule|Evasion Items Clause: Evasion items are banned
|rule|Evasion Moves Clause: Evasion moves are banned
|rule|Endless Battle Clause: Forcing endless battles is banned
|rule|HP Percentage Mod: HP is shown in percentages
|rule|Dynamax Clause: You cannot dynamax
|clearpoke
|poke|p1|Silvally-*|
|poke|p1|Jellicent, M|
|poke|p1|Alcremie, F|
|poke|p1|Weezing, F|
|poke|p1|Scrafty, M|
|poke|p1|Gigalith, M|
|poke|p2|Charizard, F|
|poke|p2|Scrafty, M|
|poke|p2|Gigalith, F|
|poke|p2|Weezing, F|
|poke|p2|Eldegoss, M|
|poke|p2|Quagsire, F|
|teampreview
|j|*Lady Monita ☽
|j| BB-8-NU
|j| blastablasta
|j| alpha maggikarp
|j| sanjaydas♚²
|
|t:|1665437883
|start
|switch|p1a: Jellicent|Jellicent, M|100/100
|switch|p2a: Weezing|Weezing, F|100/100
|-ability|p2a: Weezing|Neutralizing Gas
|turn|1
|j| Kanggaroos
|j| SomeRandomLcPlayer
|
|t:|1665437890
|-end|p2a: Weezing|ability: Neutralizing Gas
|switch|p2a: Eldegoss|Eldegoss, M|100/100
|move|p1a: Jellicent|Water Spout|p2a: Eldegoss
|-resisted|p2a: Eldegoss
|-damage|p2a: Eldegoss|61/100
|
|upkeep
|turn|2
|
|t:|1665437899
|switch|p1a: Scrafty|Scrafty, M|100/100
|move|p2a: Eldegoss|Giga Drain|p1a: Scrafty
|-damage|p1a: Scrafty|75/100
|-heal|p2a: Eldegoss|71/100|[from] drain|[of] p1a: Scrafty
|
|-heal|p1a: Scrafty|81/100|[from] item: Leftovers
|upkeep
|turn|3
|
|t:|1665437909
|switch|p2a: Weezing|Weezing, F|100/100
|-ability|p2a: Weezing|Neutralizing Gas
|move|p1a: Scrafty|Knock Off|p2a: Weezing
|-damage|p2a: Weezing|71/100
|-enditem|p2a: Weezing|Black Sludge|[from] move: Knock Off|[of] p1a: Scrafty
|
|-heal|p1a: Scrafty|86/100|[from] item: Leftovers
|upkeep
|turn|4
|
|t:|1665437916
|switch|p1a: Jellicent|Jellicent, M|100/100
|move|p2a: Weezing|Toxic Spikes|p1a: Jellicent
|-sidestart|p1: steamy beef|move: Toxic Spikes
|
|upkeep
|turn|5
|
|t:|1665437919
|-end|p2a: Weezing|ability: Neutralizing Gas
|switch|p2a: Eldegoss|Eldegoss, M|100/100
|move|p1a: Jellicent|Water Spout|p2a: Eldegoss
|-resisted|p2a: Eldegoss
|-damage|p2a: Eldegoss|56/100
|
|upkeep
|turn|6
|
|t:|1665437925
|switch|p1a: Weezing|Weezing, F|100/100
|-ability|p1a: Weezing|Neutralizing Gas
|-sideend|p1: steamy beef|move: Toxic Spikes|[of] p1a: Weezing
|move|p2a: Eldegoss|Giga Drain|p1a: Weezing
|-resisted|p1a: Weezing
|-damage|p1a: Weezing|85/100
|-heal|p2a: Eldegoss|64/100|[from] drain|[of] p1a: Weezing
|
|-heal|p1a: Weezing|91/100|[from] item: Black Sludge
|upkeep
|turn|7
|
|t:|1665437938
|-end|p1a: Weezing|ability: Neutralizing Gas
|switch|p1a: Jellicent|Jellicent, M|100/100
|switch|p2a: Charizard|Charizard, F|100/100
|
|upkeep
|turn|8
|
|t:|1665437946
|switch|p2a: Eldegoss|Eldegoss, M|97/100
|move|p1a: Jellicent|Water Spout|p2a: Eldegoss
|-resisted|p2a: Eldegoss
|-damage|p2a: Eldegoss|53/100
|
|upkeep
|turn|9
|l| sanjaydas♚²
|
|t:|1665437953
|switch|p1a: Weezing|Weezing, F|91/100
|-ability|p1a: Weezing|Neutralizing Gas
|move|p2a: Eldegoss|Sleep Powder|p1a: Weezing
|-status|p1a: Weezing|slp|[from] move: Sleep Powder
|
|-heal|p1a: Weezing|97/100 slp|[from] item: Black Sludge
|upkeep
|turn|10
|
|t:|1665437962
|switch|p2a: Scrafty|Scrafty, M|100/100
|cant|p1a: Weezing|slp
|
|-heal|p1a: Weezing|100/100 slp|[from] item: Black Sludge
|upkeep
|turn|11
|
|t:|1665437970
|-end|p1a: Weezing|ability: Neutralizing Gas
|switch|p1a: Alcremie|Alcremie, F|100/100
|move|p2a: Scrafty|Bulk Up|p2a: Scrafty
|-boost|p2a: Scrafty|atk|1
|-boost|p2a: Scrafty|def|1
|
|upkeep
|turn|12
|
|t:|1665437979
|switch|p2a: Weezing|Weezing, F|71/100
|-ability|p2a: Weezing|Neutralizing Gas
|move|p1a: Alcremie|Dazzling Gleam|p2a: Weezing
|-resisted|p2a: Weezing
|-damage|p2a: Weezing|49/100
|
|upkeep
|turn|13
|
|t:|1665437989
|-end|p2a: Weezing|ability: Neutralizing Gas
|switch|p2a: Eldegoss|Eldegoss, M|53/100
|switch|p1a: Jellicent|Jellicent, M|100/100
|
|upkeep
|turn|14
|
|t:|1665438000
|switch|p1a: Weezing|Weezing, F|100/100 slp
|-ability|p1a: Weezing|Neutralizing Gas
|switch|p2a: Gigalith|Gigalith, F|100/100
|
|upkeep
|turn|15
|
|t:|1665438007
|-end|p1a: Weezing|ability: Neutralizing Gas
|-weather|Sandstorm|[from] ability: Sand Stream|[of] p2a: Gigalith
|switch|p1a: Scrafty|Scrafty, M|86/100
|move|p2a: Gigalith|Stealth Rock|p1a: Scrafty
|-sidestart|p1: steamy beef|move: Stealth Rock
|
|-weather|Sandstorm|[upkeep]
|-damage|p1a: Scrafty|81/100|[from] Sandstorm
|-heal|p1a: Scrafty|86/100|[from] item: Leftovers
|upkeep
|turn|16
|
|t:|1665438015
|switch|p2a: Weezing|Weezing, F|49/100
|-ability|p2a: Weezing|Neutralizing Gas
|move|p1a: Scrafty|Knock Off|p2a: Weezing
|-damage|p2a: Weezing|28/100
|
|-weather|Sandstorm|[upkeep]
|-damage|p1a: Scrafty|81/100|[from] Sandstorm
|-damage|p2a: Weezing|22/100|[from] Sandstorm
|-heal|p1a: Scrafty|86/100|[from] item: Leftovers
|upkeep
|turn|17
|j| Ganglyghatsly
|
|t:|1665438020
|move|p1a: Scrafty|Knock Off|p2a: Weezing
|-damage|p2a: Weezing|4/100
|move|p2a: Weezing|Rest|p2a: Weezing
|-status|p2a: Weezing|slp|[from] move: Rest
|-heal|p2a: Weezing|100/100 slp|[silent]
|
|-weather|Sandstorm|[upkeep]
|-damage|p1a: Scrafty|81/100|[from] Sandstorm
|-damage|p2a: Weezing|94/100 slp|[from] Sandstorm
|-heal|p1a: Scrafty|86/100|[from] item: Leftovers
|upkeep
|turn|18
|
|t:|1665438025
|move|p1a: Scrafty|Dragon Dance|p1a: Scrafty
|-boost|p1a: Scrafty|atk|1
|-boost|p1a: Scrafty|spe|1
|cant|p2a: Weezing|slp
|
|-weather|Sandstorm|[upkeep]
|-damage|p1a: Scrafty|81/100|[from] Sandstorm
|-damage|p2a: Weezing|88/100 slp|[from] Sandstorm
|-heal|p1a: Scrafty|86/100|[from] item: Leftovers
|upkeep
|turn|19
|
|t:|1665438034
|-end|p2a: Weezing|ability: Neutralizing Gas
|switch|p2a: Quagsire|Quagsire, F|100/100
|move|p1a: Scrafty|Substitute|p1a: Scrafty
|-start|p1a: Scrafty|Substitute
|-damage|p1a: Scrafty|62/100
|
|-weather|none
|-heal|p1a: Scrafty|68/100|[from] item: Leftovers
|upkeep
|turn|20
|
|t:|1665438040
|move|p1a: Scrafty|Knock Off|p2a: Quagsire
|-damage|p2a: Quagsire|75/100
|-enditem|p2a: Quagsire|Heavy-Duty Boots|[from] move: Knock Off|[of] p1a: Scrafty
|move|p2a: Quagsire|Curse|p2a: Quagsire
|-unboost|p2a: Quagsire|spe|1
|-boost|p2a: Quagsire|atk|1
|-boost|p2a: Quagsire|def|1
|
|-heal|p1a: Scrafty|74/100|[from] item: Leftovers
|upkeep
|turn|21
|j| Lady Writer ☾
|j| spacevorp
|j| Abbiezsoft
|l| Lady Writer ☾
|
|t:|1665438058
|switch|p1a: Gigalith|Gigalith, M|100/100
|-damage|p1a: Gigalith|88/100|[from] Stealth Rock
|-weather|Sandstorm|[from] ability: Sand Stream|[of] p1a: Gigalith
|move|p2a: Quagsire|Recover|p2a: Quagsire
|-heal|p2a: Quagsire|100/100
|
|-weather|Sandstorm|[upkeep]
|-heal|p1a: Gigalith|94/100|[from] item: Leftovers
|upkeep
|turn|22
|j| Pika pro9531
|
|t:|1665438066
|move|p1a: Gigalith|Stealth Rock|p2a: Quagsire
|-sidestart|p2: sugar ovens|move: Stealth Rock
|move|p2a: Quagsire|Earthquake|p1a: Gigalith
|-supereffective|p1a: Gigalith
|-damage|p1a: Gigalith|26/100
|
|-weather|Sandstorm|[upkeep]
|-heal|p1a: Gigalith|33/100|[from] item: Leftovers
|upkeep
|turn|23
|
|t:|1665438072
|move|p1a: Gigalith|Toxic|p2a: Quagsire
|-status|p2a: Quagsire|tox
|move|p2a: Quagsire|Earthquake|p1a: Gigalith
|-supereffective|p1a: Gigalith
|-damage|p1a: Gigalith|0 fnt
|faint|p1a: Gigalith
|
|-weather|Sandstorm|[upkeep]
|-damage|p2a: Quagsire|94/100 tox|[from] psn
|upkeep
|
|t:|1665438074
|switch|p1a: Jellicent|Jellicent, M|100/100
|-damage|p1a: Jellicent|88/100|[from] Stealth Rock
|turn|24
|
|t:|1665438090
|switch|p2a: Eldegoss|Eldegoss, M|53/100
|move|p1a: Jellicent|Water Spout|p2a: Eldegoss
|-resisted|p2a: Eldegoss
|-damage|p2a: Eldegoss|16/100
|
|-weather|Sandstorm|[upkeep]
|-damage|p1a: Jellicent|82/100|[from] Sandstorm
|-damage|p2a: Eldegoss|10/100|[from] Sandstorm
|upkeep
|turn|25
|c| Ganglyghatsly|Hi
|inactive|sugar ovens has 120 seconds left.
|
|t:|1665438116
|switch|p2a: Scrafty|Scrafty, M|100/100
|-damage|p2a: Scrafty|95/100|[from] Stealth Rock
|move|p1a: Jellicent|Water Spout|p2a: Scrafty
|-damage|p2a: Scrafty|39/100
|
|-weather|none
|-heal|p2a: Scrafty|45/100|[from] item: Leftovers
|upkeep
|turn|26
|
|t:|1665438122
|move|p1a: Jellicent|Water Spout|p2a: Scrafty
|-damage|p2a: Scrafty|0 fnt
|faint|p2a: Scrafty
|
|upkeep
|
|t:|1665438128
|switch|p2a: Eldegoss|Eldegoss, M|43/100
|turn|27
|
|t:|1665438132
|switch|p1a: Weezing|Weezing, F|100/100 slp
|-ability|p1a: Weezing|Neutralizing Gas
|-damage|p1a: Weezing|88/100 slp|[from] Stealth Rock
|move|p2a: Eldegoss|Aromatherapy|p2a: Eldegoss
|-activate|p2a: Eldegoss|move: Aromatherapy
|-curestatus|p2: Quagsire|tox|[msg]
|-curestatus|p2: Weezing|slp|[msg]
|
|-heal|p1a: Weezing|94/100 slp|[from] item: Black Sludge
|upkeep
|turn|28
|j| GreninjaYDavid45
|
|t:|1665438144
|switch|p2a: Charizard|Charizard, F|100/100
|-curestatus|p1a: Weezing|slp|[msg]
|move|p1a: Weezing|Sludge Bomb|p2a: Charizard
|-damage|p2a: Charizard|65/100
|-status|p2a: Charizard|psn
|
|-heal|p1a: Weezing|99/100|[from] item: Black Sludge
|-damage|p2a: Charizard|53/100 psn|[from] psn
|upkeep
|turn|29
|
|t:|1665438163
|-end|p1a: Weezing|ability: Neutralizing Gas
|switch|p1a: Alcremie|Alcremie, F|100/100
|-damage|p1a: Alcremie|88/100|[from] Stealth Rock
|move|p2a: Charizard|Roost|p2a: Charizard
|-heal|p2a: Charizard|100/100 psn
|-singleturn|p2a: Charizard|move: Roost
|
|-heal|p1a: Alcremie|94/100|[from] item: Leftovers
|-damage|p2a: Charizard|88/100 psn|[from] psn
|upkeep
|turn|30
|
|t:|1665438173
|move|p2a: Charizard|Toxic|p1a: Alcremie
|-status|p1a: Alcremie|tox
|move|p1a: Alcremie|Calm Mind|p1a: Alcremie
|-boost|p1a: Alcremie|spa|1
|-boost|p1a: Alcremie|spd|1
|
|-heal|p1a: Alcremie|99/100 tox|[from] item: Leftovers
|-damage|p2a: Charizard|76/100 psn|[from] psn
|-damage|p1a: Alcremie|94/100 tox|[from] psn
|upkeep
|turn|31
|
|t:|1665438179
|switch|p2a: Gigalith|Gigalith, F|100/100
|-damage|p2a: Gigalith|88/100|[from] Stealth Rock
|-weather|Sandstorm|[from] ability: Sand Stream|[of] p2a: Gigalith
|move|p1a: Alcremie|Dazzling Gleam|p2a: Gigalith
|-damage|p2a: Gigalith|67/100
|
|-weather|Sandstorm|[upkeep]
|-damage|p1a: Alcremie|88/100 tox|[from] Sandstorm
|-heal|p1a: Alcremie|94/100 tox|[from] item: Leftovers
|-heal|p2a: Gigalith|73/100|[from] item: Leftovers
|-damage|p1a: Alcremie|82/100 tox|[from] psn
|upkeep
|turn|32
|
|t:|1665438191
|switch|p1a: Weezing|Weezing, F|99/100
|-ability|p1a: Weezing|Neutralizing Gas
|-damage|p1a: Weezing|88/100|[from] Stealth Rock
|move|p2a: Gigalith|Rock Blast|p1a: Weezing
|-damage|p1a: Weezing|81/100
|-damage|p1a: Weezing|72/100
|-hitcount|p1a: Weezing|2
|
|-weather|Sandstorm|[upkeep]
|-damage|p1a: Weezing|66/100|[from] Sandstorm
|-heal|p1a: Weezing|72/100|[from] item: Black Sludge
|-heal|p2a: Gigalith|79/100|[from] item: Leftovers
|upkeep
|turn|33
|
|t:|1665438204
|switch|p2a: Weezing|Weezing, F|88/100
|-ability|p2a: Weezing|Neutralizing Gas
|-damage|p2a: Weezing|76/100|[from] Stealth Rock
|move|p1a: Weezing|Will-O-Wisp|p2a: Weezing
|-status|p2a: Weezing|brn
|
|-weather|Sandstorm|[upkeep]
|-damage|p2a: Weezing|70/100 brn|[from] Sandstorm
|-damage|p1a: Weezing|66/100|[from] Sandstorm
|-heal|p1a: Weezing|72/100|[from] item: Black Sludge
|-damage|p2a: Weezing|64/100 brn|[from] brn
|upkeep
|turn|34
|
|t:|1665438211
|move|p2a: Weezing|Toxic Spikes|p1a: Weezing
|-sidestart|p1: steamy beef|move: Toxic Spikes
|move|p1a: Weezing|Toxic Spikes|p2a: Weezing
|-sidestart|p2: sugar ovens|move: Toxic Spikes
|
|-weather|Sandstorm|[upkeep]
|-damage|p2a: Weezing|58/100 brn|[from] Sandstorm
|-damage|p1a: Weezing|66/100|[from] Sandstorm
|-heal|p1a: Weezing|72/100|[from] item: Black Sludge
|-damage|p2a: Weezing|52/100 brn|[from] brn
|upkeep
|turn|35
|
|t:|1665438220
|move|p2a: Weezing|Will-O-Wisp|p1a: Weezing
|-status|p1a: Weezing|brn
|move|p1a: Weezing|Sludge Bomb|p2a: Weezing
|-resisted|p2a: Weezing
|-damage|p2a: Weezing|34/100 brn
|
|-weather|none
|-heal|p1a: Weezing|78/100 brn|[from] item: Black Sludge
|-damage|p2a: Weezing|28/100 brn|[from] brn
|-damage|p1a: Weezing|72/100 brn|[from] brn
|upkeep
|turn|36
|j| TheHoyman
|
|t:|1665438228
|switch|p1a: Alcremie|Alcremie, F|82/100 tox
|-damage|p1a: Alcremie|70/100 tox|[from] Stealth Rock
|move|p2a: Weezing|Sludge Bomb|p1a: Alcremie
|-supereffective|p1a: Alcremie
|-damage|p1a: Alcremie|26/100 tox
|
|-heal|p1a: Alcremie|32/100 tox|[from] item: Leftovers
|-damage|p1a: Alcremie|26/100 tox|[from] psn
|-damage|p2a: Weezing|22/100 brn|[from] brn
|upkeep
|turn|37
|l| alpha maggikarp
|
|t:|1665438239
|switch|p1a: Weezing|Weezing, F|72/100 brn
|-ability|p1a: Weezing|Neutralizing Gas
|-damage|p1a: Weezing|60/100 brn|[from] Stealth Rock
|-sideend|p1: steamy beef|move: Toxic Spikes|[of] p1a: Weezing
|move|p2a: Weezing|Sludge Bomb|p1a: Weezing
|-resisted|p1a: Weezing
|-damage|p1a: Weezing|40/100 brn
|
|-heal|p1a: Weezing|46/100 brn|[from] item: Black Sludge
|-damage|p2a: Weezing|16/100 brn|[from] brn
|-damage|p1a: Weezing|40/100 brn|[from] brn
|upkeep
|turn|38
|
|t:|1665438249
|move|p2a: Weezing|Rest|p2a: Weezing
|-status|p2a: Weezing|slp|[from] move: Rest
|-heal|p2a: Weezing|100/100 slp|[silent]
|move|p1a: Weezing|Sludge Bomb|p2a: Weezing
|-resisted|p2a: Weezing
|-damage|p2a: Weezing|82/100 slp
|
|-heal|p1a: Weezing|46/100 brn|[from] item: Black Sludge
|-damage|p1a: Weezing|40/100 brn|[from] brn
|upkeep
|turn|39
|l| TheHoyman
|
|t:|1665438257
|switch|p2a: Eldegoss|Eldegoss, M|43/100
|-end|p1a: Weezing|ability: Neutralizing Gas
|switch|p1a: Jellicent|Jellicent, M|82/100
|-damage|p1a: Jellicent|70/100|[from] Stealth Rock
|
|upkeep
|turn|40
|
|t:|1665438266
|switch|p2a: Gigalith|Gigalith, F|79/100
|-damage|p2a: Gigalith|67/100|[from] Stealth Rock
|-status|p2a: Gigalith|psn
|-weather|Sandstorm|[from] ability: Sand Stream|[of] p2a: Gigalith
|move|p1a: Jellicent|Shadow Ball|p2a: Gigalith
|-damage|p2a: Gigalith|42/100 psn
|
|-weather|Sandstorm|[upkeep]
|-damage|p1a: Jellicent|64/100|[from] Sandstorm
|-heal|p2a: Gigalith|48/100 psn|[from] item: Leftovers
|-damage|p2a: Gigalith|36/100 psn|[from] psn
|upkeep
|turn|41
|
|t:|1665438275
|switch|p1a: Alcremie|Alcremie, F|26/100 tox
|-damage|p1a: Alcremie|14/100 tox|[from] Stealth Rock
|move|p2a: Gigalith|Rest|p2a: Gigalith
|-status|p2a: Gigalith|slp|[from] move: Rest
|-heal|p2a: Gigalith|100/100 slp|[silent]
|
|-weather|Sandstorm|[upkeep]
|-damage|p1a: Alcremie|8/100 tox|[from] Sandstorm
|-heal|p1a: Alcremie|14/100 tox|[from] item: Leftovers
|-damage|p1a: Alcremie|8/100 tox|[from] psn
|upkeep
|turn|42
|
|t:|1665438285
|switch|p2a: Eldegoss|Eldegoss, M|77/100
|move|p1a: Alcremie|Dazzling Gleam|p2a: Eldegoss
|-damage|p2a: Eldegoss|50/100
|
|-weather|Sandstorm|[upkeep]
|-damage|p1a: Alcremie|2/100 tox|[from] Sandstorm
|-damage|p2a: Eldegoss|44/100|[from] Sandstorm
|-heal|p1a: Alcremie|8/100 tox|[from] item: Leftovers
|-damage|p1a: Alcremie|0 fnt|[from] psn
|faint|p1a: Alcremie
|upkeep
|
|t:|1665438299
|switch|p1a: Jellicent|Jellicent, M|64/100
|-damage|p1a: Jellicent|51/100|[from] Stealth Rock
|turn|43
|j| Wesh papillon
|
|t:|1665438307
|switch|p2a: Gigalith|Gigalith, F|100/100 slp
|-damage|p2a: Gigalith|88/100 slp|[from] Stealth Rock
|move|p1a: Jellicent|Shadow Ball|p2a: Gigalith
|-damage|p2a: Gigalith|64/100 slp
|
|-weather|Sandstorm|[upkeep]
|-damage|p1a: Jellicent|45/100|[from] Sandstorm
|-heal|p2a: Gigalith|70/100 slp|[from] item: Leftovers
|upkeep
|turn|44
|j| DOOR MONEY
|
|t:|1665438313
|move|p1a: Jellicent|Shadow Ball|p2a: Gigalith
|-damage|p2a: Gigalith|43/100 slp
|cant|p2a: Gigalith|slp
|
|-weather|none
|-heal|p2a: Gigalith|49/100 slp|[from] item: Leftovers
|upkeep
|turn|45
|
|t:|1665438322
|move|p1a: Jellicent|Shadow Ball|p2a: Gigalith
|-damage|p2a: Gigalith|9/100 slp
|cant|p2a: Gigalith|slp
|
|-heal|p2a: Gigalith|15/100 slp|[from] item: Leftovers
|upkeep
|turn|46
|j| ScottOBrian
|
|t:|1665438326
|move|p1a: Jellicent|Shadow Ball|p2a: Gigalith
|-damage|p2a: Gigalith|0 fnt
|faint|p2a: Gigalith
|
|upkeep
|
|t:|1665438331
|switch|p2a: Eldegoss|Eldegoss, M|77/100
|turn|47
|
|t:|1665438336
|switch|p1a: Weezing|Weezing, F|40/100 brn
|-ability|p1a: Weezing|Neutralizing Gas
|-damage|p1a: Weezing|28/100 brn|[from] Stealth Rock
|switch|p2a: Charizard|Charizard, F|76/100 psn
|
|-heal|p1a: Weezing|34/100 brn|[from] item: Black Sludge
|-damage|p2a: Charizard|63/100 psn|[from] psn
|-damage|p1a: Weezing|28/100 brn|[from] brn
|upkeep
|turn|48
|
|t:|1665438345
|-end|p1a: Weezing|ability: Neutralizing Gas
|switch|p1a: Jellicent|Jellicent, M|45/100
|-damage|p1a: Jellicent|33/100|[from] Stealth Rock
|move|p2a: Charizard|Flamethrower|p1a: Jellicent
|-resisted|p1a: Jellicent
|-damage|p1a: Jellicent|13/100
|
|-damage|p2a: Charizard|51/100 psn|[from] psn
|upkeep
|turn|49
|
|t:|1665438354
|move|p2a: Charizard|Flamethrower|p1a: Jellicent
|-resisted|p1a: Jellicent
|-damage|p1a: Jellicent|0 fnt
|faint|p1a: Jellicent
|
|-damage|p2a: Charizard|38/100 psn|[from] psn
|upkeep
|
|t:|1665438358
|switch|p1a: Silvally|Silvally-Ghost|100/100
|-damage|p1a: Silvally|88/100|[from] Stealth Rock
|turn|50
|
|t:|1665438376
|switch|p2a: Eldegoss|Eldegoss, M|77/100
|move|p1a: Silvally|Multi-Attack|p2a: Eldegoss
|-damage|p2a: Eldegoss|38/100
|
|upkeep
|turn|51
|inactive|sugar ovens has 120 seconds left.
|inactive|sugar ovens has 90 seconds left.
|j| casualsister
|
|t:|1665438440
|move|p1a: Silvally|Multi-Attack|p2a: Eldegoss
|-damage|p2a: Eldegoss|0 fnt
|faint|p2a: Eldegoss
|
|upkeep
|
|t:|1665438443
|switch|p2a: Charizard|Charizard, F|38/100 psn
|turn|52
|inactive|sugar ovens has 90 seconds left.
|
|t:|1665438458
|move|p2a: Charizard|Flamethrower|p1a: Silvally
|-damage|p1a: Silvally|41/100
|-status|p1a: Silvally|brn
|move|p1a: Silvally|Multi-Attack|p2a: Charizard
|-damage|p2a: Charizard|4/100 psn
|
|-damage|p2a: Charizard|0 fnt|[from] psn
|faint|p2a: Charizard
|-damage|p1a: Silvally|35/100 brn|[from] brn
|upkeep
|
|t:|1665438467
|switch|p2a: Weezing|Weezing, F|82/100 slp
|-ability|p2a: Weezing|Neutralizing Gas
|-damage|p2a: Weezing|69/100 slp|[from] Stealth Rock
|-sideend|p2: sugar ovens|move: Toxic Spikes|[of] p2a: Weezing
|turn|53
|
|t:|1665438471
|move|p1a: Silvally|Swords Dance|p1a: Silvally
|-boost|p1a: Silvally|atk|2
|cant|p2a: Weezing|slp
|
|-damage|p1a: Silvally|29/100 brn|[from] brn
|upkeep
|turn|54
|
|t:|1665438479
|move|p1a: Silvally|Multi-Attack|p2a: Weezing
|-damage|p2a: Weezing|32/100 slp
|cant|p2a: Weezing|slp
|
|-damage|p1a: Silvally|23/100 brn|[from] brn
|upkeep
|turn|55
|
|t:|1665438485
|move|p1a: Silvally|Explosion|p2a: Weezing
|-damage|p2a: Weezing|0 fnt
|faint|p1a: Silvally
|faint|p2a: Weezing
|-end|p2a: Weezing|ability: Neutralizing Gas
|
|upkeep
|inactive|sugar ovens has 120 seconds left.
|
|t:|1665438495
|switch|p1a: Weezing|Weezing, F|28/100 brn
|switch|p2a: Quagsire|Quagsire, F|94/100
|-ability|p1a: Weezing|Neutralizing Gas
|-damage|p1a: Weezing|16/100 brn|[from] Stealth Rock
|-damage|p2a: Quagsire|88/100|[from] Stealth Rock
|turn|56
|
|t:|1665438505
|move|p1a: Weezing|Will-O-Wisp|p2a: Quagsire
|-status|p2a: Quagsire|brn
|move|p2a: Quagsire|Earthquake|p1a: Weezing
|-supereffective|p1a: Weezing
|-damage|p1a: Weezing|0 fnt
|faint|p1a: Weezing
|-end|p1a: Weezing|ability: Neutralizing Gas
|
|-damage|p2a: Quagsire|82/100 brn|[from] brn
|upkeep
|l| GreninjaYDavid45
|
|t:|1665438508
|switch|p1a: Scrafty|Scrafty, M|74/100
|-damage|p1a: Scrafty|68/100|[from] Stealth Rock
|turn|57
|
|t:|1665438512
|move|p1a: Scrafty|Substitute|p1a: Scrafty
|-start|p1a: Scrafty|Substitute
|-damage|p1a: Scrafty|43/100
|move|p2a: Quagsire|Curse|p2a: Quagsire
|-unboost|p2a: Quagsire|spe|1
|-boost|p2a: Quagsire|atk|1
|-boost|p2a: Quagsire|def|1
|
|-heal|p1a: Scrafty|49/100|[from] item: Leftovers
|-damage|p2a: Quagsire|76/100 brn|[from] brn
|upkeep
|turn|58
|
|t:|1665438517
|move|p1a: Scrafty|Drain Punch|p2a: Quagsire
|-damage|p2a: Quagsire|63/100 brn
|-heal|p1a: Scrafty|58/100|[from] drain|[of] p2a: Quagsire
|move|p2a: Quagsire|Curse|p2a: Quagsire
|-unboost|p2a: Quagsire|spe|1
|-boost|p2a: Quagsire|atk|1
|-boost|p2a: Quagsire|def|1
|
|-heal|p1a: Scrafty|64/100|[from] item: Leftovers
|-damage|p2a: Quagsire|57/100 brn|[from] brn
|upkeep
|turn|59
|j| GreninjaYDavid45
|
|t:|1665438520
|move|p1a: Scrafty|Drain Punch|p2a: Quagsire
|-damage|p2a: Quagsire|46/100 brn
|-heal|p1a: Scrafty|72/100|[from] drain|[of] p2a: Quagsire
|move|p2a: Quagsire|Recover|p2a: Quagsire
|-heal|p2a: Quagsire|96/100 brn
|
|-heal|p1a: Scrafty|78/100|[from] item: Leftovers
|-damage|p2a: Quagsire|90/100 brn|[from] brn
|upkeep
|turn|60
|
|t:|1665438523
|move|p1a: Scrafty|Drain Punch|p2a: Quagsire
|-damage|p2a: Quagsire|80/100 brn
|-heal|p1a: Scrafty|86/100|[from] drain|[of] p2a: Quagsire
|move|p2a: Quagsire|Curse|p2a: Quagsire
|-unboost|p2a: Quagsire|spe|1
|-boost|p2a: Quagsire|atk|1
|-boost|p2a: Quagsire|def|1
|
|-heal|p1a: Scrafty|92/100|[from] item: Leftovers
|-damage|p2a: Quagsire|74/100 brn|[from] brn
|upkeep
|turn|61
|
|t:|1665438525
|move|p1a: Scrafty|Drain Punch|p2a: Quagsire
|-damage|p2a: Quagsire|66/100 brn
|-heal|p1a: Scrafty|98/100|[from] drain|[of] p2a: Quagsire
|move|p2a: Quagsire|Curse|p2a: Quagsire
|-unboost|p2a: Quagsire|spe|1
|-boost|p2a: Quagsire|atk|1
|-boost|p2a: Quagsire|def|1
|
|-heal|p1a: Scrafty|100/100|[from] item: Leftovers
|-damage|p2a: Quagsire|60/100 brn|[from] brn
|upkeep
|turn|62
|
|t:|1665438528
|move|p1a: Scrafty|Drain Punch|p2a: Quagsire
|-damage|p2a: Quagsire|52/100 brn
|move|p2a: Quagsire|Curse|p2a: Quagsire
|-unboost|p2a: Quagsire|spe|1
|-boost|p2a: Quagsire|atk|1
|-boost|p2a: Quagsire|def|1
|
|-damage|p2a: Quagsire|46/100 brn|[from] brn
|upkeep
|turn|63
|
|t:|1665438530
|move|p1a: Scrafty|Drain Punch|p2a: Quagsire
|-damage|p2a: Quagsire|39/100 brn
|move|p2a: Quagsire|Recover|p2a: Quagsire
|-heal|p2a: Quagsire|89/100 brn
|
|-damage|p2a: Quagsire|83/100 brn|[from] brn
|upkeep
|turn|64
|
|t:|1665438535
|move|p1a: Scrafty|Drain Punch|p2a: Quagsire
|-damage|p2a: Quagsire|77/100 brn
|move|p2a: Quagsire|Curse|p2a: Quagsire
|-unboost|p2a: Quagsire|spe|1
|-boost|p2a: Quagsire|atk|1
|-boost|p2a: Quagsire|def|1
|
|-damage|p2a: Quagsire|71/100 brn|[from] brn
|upkeep
|turn|65
|
|t:|1665438538
|move|p1a: Scrafty|Drain Punch|p2a: Quagsire
|-damage|p2a: Quagsire|65/100 brn
|move|p2a: Quagsire|Earthquake|p1a: Scrafty
|-end|p1a: Scrafty|Substitute
|
|-damage|p2a: Quagsire|59/100 brn|[from] brn
|upkeep
|turn|66
|
|t:|1665438542
|move|p1a: Scrafty|Substitute|p1a: Scrafty
|-start|p1a: Scrafty|Substitute
|-damage|p1a: Scrafty|76/100
|move|p2a: Quagsire|Earthquake|p1a: Scrafty
|-end|p1a: Scrafty|Substitute
|
|-heal|p1a: Scrafty|82/100|[from] item: Leftovers
|-damage|p2a: Quagsire|53/100 brn|[from] brn
|upkeep
|turn|67
|
|t:|1665438545
|move|p1a: Scrafty|Substitute|p1a: Scrafty
|-start|p1a: Scrafty|Substitute
|-damage|p1a: Scrafty|57/100
|move|p2a: Quagsire|Earthquake|p1a: Scrafty
|-end|p1a: Scrafty|Substitute
|
|-heal|p1a: Scrafty|63/100|[from] item: Leftovers
|-damage|p2a: Quagsire|47/100 brn|[from] brn
|upkeep
|turn|68
|
|t:|1665438548
|move|p1a: Scrafty|Substitute|p1a: Scrafty
|-start|p1a: Scrafty|Substitute
|-damage|p1a: Scrafty|38/100
|move|p2a: Quagsire|Earthquake|p1a: Scrafty
|-end|p1a: Scrafty|Substitute
|
|-heal|p1a: Scrafty|44/100|[from] item: Leftovers
|-damage|p2a: Quagsire|41/100 brn|[from] brn
|upkeep
|turn|69
|c| blastablasta|quagchad
|
|t:|1665438550
|move|p1a: Scrafty|Drain Punch|p2a: Quagsire
|-damage|p2a: Quagsire|36/100 brn
|-heal|p1a: Scrafty|48/100|[from] drain|[of] p2a: Quagsire
|move|p2a: Quagsire|Earthquake|p1a: Scrafty
|-damage|p1a: Scrafty|0 fnt
|faint|p1a: Scrafty
|
|win|sugar ovens
|n|☆steamy beef|steamybeef
|n|☆sugar ovens|sugarovens
|n|*Lady Monita ☽|ladymonita
|n| BB-8-NU|bb8nu
|n| blastablasta|blastablasta
|n| Kanggaroos|kanggaroos
|n| SomeRandomLcPlayer|somerandomlcplayer
|n| Ganglyghatsly|ganglyghatsly
|n| spacevorp|spacevorp
|n| Abbiezsoft|abbiezsoft
|n| Pika pro9531|pikapro9531
|n| Wesh papillon|weshpapillon
|n| DOOR MONEY|doormoney
|n| ScottOBrian|scottobrian
|n| casualsister|casualsister
|n| GreninjaYDavid45|greninjaydavid45
