|html|<div class="broadcast-blue"><strong>[Gen 8] PU is currently suspecting Scyther! For information on how to participate check out the <a href="https://www.smogon.com/forums/threads/np-ss-pu-stage-11-turn-turn-turn-scyther-retest.3707179/">suspect thread</a>.</strong></div>
|raw|<div class="broadcast-blue"><strong>This battle is required to be public due to a player having a name starting with 'pult4v4'.</div>
|j|☆Cyber Cop (Police)
|j|☆PULT4V4 Fila
|t:|1662927365
|gametype|singles
|player|p1|Cyber Cop (Police)|officer-gen2|1388
|player|p2|PULT4V4 Fila|blue-masters|1284
|teamsize|p1|6
|teamsize|p2|6
|gen|8
|tier|[Gen 8] PU
|rated|
|rule|Sleep Clause Mod: Limit one foe put to sleep
|rule|Species Clause: Limit one of each Pokémon
|rule|OHKO Clause: OHKO moves are banned
|rule|Evasion Items Clause: Evasion items are banned
|rule|Evasion Moves Clause: Evasion moves are banned
|rule|Endless Battle Clause: Forcing endless battles is banned
|rule|HP Percentage Mod: HP is shown in percentages
|rule|Dynamax Clause: You cannot dynamax
|clearpoke
|poke|p1|Charizard, M|
|poke|p1|Cradily, M|
|poke|p1|Scrafty, F|
|poke|p1|Ribombee, F|
|poke|p1|Togedemaru, F|
|poke|p1|Wishiwashi, F|
|poke|p2|Scyther, F|
|poke|p2|Silvally-*|
|poke|p2|Gurdurr, F|
|poke|p2|Skuntank, F|
|poke|p2|Archeops, F|
|poke|p2|Mesprit|
|teampreview
|
|t:|1662927394
|start
|switch|p1a: Cradily|Cradily, M|100/100
|switch|p2a: Archeops|Archeops, F|100/100
|turn|1
|
|t:|1662927401
|move|p2a: Archeops|U-turn|p1a: Cradily
|-supereffective|p1a: Cradily
|-damage|p1a: Cradily|58/100
|
|t:|1662927425
|switch|p2a: Skuntank|Skuntank, F|100/100|[from]move: U-turn
|move|p1a: Cradily|Meteor Beam||[still]
|-prepare|p1a: Cradily|Meteor Beam
|-boost|p1a: Cradily|spa|1
|-enditem|p1a: Cradily|Power Herb
|-anim|p1a: Cradily|Meteor Beam|p2a: Skuntank
|-damage|p2a: Skuntank|0 fnt
|faint|p2a: Skuntank
|
|upkeep
|
|t:|1662927428
|switch|p2a: Scyther|Scyther, F|100/100
|turn|2
|
|t:|1662927431
|switch|p1a: Togedemaru|Togedemaru, F|100/100
|move|p2a: Scyther|U-turn|p1a: Togedemaru
|-resisted|p1a: Togedemaru
|-damage|p1a: Togedemaru|63/100
|
|t:|1662927436
|switch|p2a: Mesprit|Mesprit|100/100|[from]move: U-turn
|
|-heal|p1a: Togedemaru|69/100|[from] item: Leftovers
|upkeep
|turn|3
|
|t:|1662927444
|move|p1a: Togedemaru|Spiky Shield|p1a: Togedemaru
|-singleturn|p1a: Togedemaru|move: Protect
|move|p2a: Mesprit|Psychic|p1a: Togedemaru
|-activate|p1a: Togedemaru|move: Protect
|
|-heal|p1a: Togedemaru|75/100|[from] item: Leftovers
|upkeep
|turn|4
|
|t:|1662927450
|move|p1a: Togedemaru|U-turn|p2a: Mesprit
|-supereffective|p2a: Mesprit
|-damage|p2a: Mesprit|80/100
|-damage|p1a: Togedemaru|59/100|[from] item: Rocky Helmet|[of] p2a: Mesprit
|
|t:|1662927454
|switch|p1a: Wishiwashi|Wishiwashi, F|100/100|[from]move: U-turn
|-formechange|p1a: Wishiwashi|Wishiwashi-School||[from] ability: Schooling
|move|p2a: Mesprit|Stealth Rock|p1a: Wishiwashi
|-sidestart|p1: Cyber Cop (Police)|move: Stealth Rock
|
|upkeep
|turn|5
|
|t:|1662927458
|move|p2a: Mesprit|Psychic|p1a: Wishiwashi
|-damage|p1a: Wishiwashi|70/100
|move|p1a: Wishiwashi|Scald|p2a: Mesprit
|-damage|p2a: Mesprit|44/100
|
|-heal|p1a: Wishiwashi|76/100|[from] item: Leftovers
|upkeep
|turn|6
|
|t:|1662927462
|move|p2a: Mesprit|Psychic|p1a: Wishiwashi
|-damage|p1a: Wishiwashi|48/100
|move|p1a: Wishiwashi|U-turn|p2a: Mesprit
|-supereffective|p2a: Mesprit
|-damage|p2a: Mesprit|20/100
|-damage|p1a: Wishiwashi|31/100|[from] item: Rocky Helmet|[of] p2a: Mesprit
|
|t:|1662927468
|switch|p1a: Charizard|Charizard, M|100/100|[from]move: U-turn
|
|upkeep
|turn|7
|
|t:|1662927476
|move|p1a: Charizard|Flamethrower|p2a: Mesprit
|-damage|p2a: Mesprit|0 fnt
|faint|p2a: Mesprit
|
|upkeep
|
|t:|1662927478
|switch|p2a: Archeops|Archeops, F|100/100
|turn|8
|
|t:|1662927481
|switch|p1a: Cradily|Cradily, M|58/100
|-damage|p1a: Cradily|46/100|[from] Stealth Rock
|move|p2a: Archeops|U-turn|p1a: Cradily
|-supereffective|p1a: Cradily
|-crit|p1a: Cradily
|-damage|p1a: Cradily|0 fnt
|faint|p1a: Cradily
|
|t:|1662927485
|switch|p2a: Scyther|Scyther, F|100/100|[from]move: U-turn
|
|upkeep
|
|t:|1662927488
|switch|p1a: Charizard|Charizard, M|100/100
|turn|9
|
|t:|1662927503
|move|p2a: Scyther|Aerial Ace|p1a: Charizard
|-damage|p1a: Charizard|23/100
|move|p1a: Charizard|Flamethrower|p2a: Scyther
|-supereffective|p2a: Scyther
|-damage|p2a: Scyther|0 fnt
|faint|p2a: Scyther
|
|upkeep
|
|t:|1662927513
|switch|p2a: Archeops|Archeops, F|100/100
|turn|10
|
|t:|1662927519
|switch|p1a: Wishiwashi|Wishiwashi, F|31/100
|-damage|p1a: Wishiwashi|19/100|[from] Stealth Rock
|move|p2a: Archeops|Stone Edge|p1a: Wishiwashi
|-damage|p1a: Wishiwashi|0 fnt
|faint|p1a: Wishiwashi
|
|upkeep
|
|t:|1662927522
|switch|p1a: Scrafty|Scrafty, F|100/100
|-damage|p1a: Scrafty|95/100|[from] Stealth Rock
|-ability|p1a: Scrafty|Intimidate|boost
|-unboost|p2a: Archeops|atk|1
|turn|11
|
|t:|1662927533
|move|p2a: Archeops|U-turn|p1a: Scrafty
|-damage|p1a: Scrafty|78/100
|
|t:|1662927535
|switch|p2a: Silvally|Silvally-Ghost|100/100|[from]move: U-turn
|move|p1a: Scrafty|Drain Punch|p2a: Silvally
|-immune|p2a: Silvally
|
|upkeep
|turn|12
|
|t:|1662927545
|switch|p1a: Togedemaru|Togedemaru, F|59/100
|-damage|p1a: Togedemaru|53/100|[from] Stealth Rock
|move|p2a: Silvally|Parting Shot|p1a: Togedemaru
|-unboost|p1a: Togedemaru|atk|1
|-unboost|p1a: Togedemaru|spa|1
|
|t:|1662927549
|switch|p2a: Gurdurr|Gurdurr, F|100/100|[from]move: Parting Shot
|
|-heal|p1a: Togedemaru|59/100|[from] item: Leftovers
|upkeep
|turn|13
|
|t:|1662927557
|move|p1a: Togedemaru|Spiky Shield|p1a: Togedemaru
|-singleturn|p1a: Togedemaru|move: Protect
|move|p2a: Gurdurr|Knock Off|p1a: Togedemaru
|-activate|p1a: Togedemaru|move: Protect
|-damage|p2a: Gurdurr|88/100|[from] Spiky Shield|[of] p1a: Togedemaru
|
|-heal|p1a: Togedemaru|65/100|[from] item: Leftovers
|upkeep
|turn|14
|
|t:|1662927561
|move|p1a: Togedemaru|U-turn|p2a: Gurdurr
|-resisted|p2a: Gurdurr
|-damage|p2a: Gurdurr|84/100
|
|t:|1662927564
|switch|p1a: Charizard|Charizard, M|23/100|[from]move: U-turn
|move|p2a: Gurdurr|Knock Off|p1a: Charizard
|-damage|p1a: Charizard|0 fnt
|-enditem|p1a: Charizard|Heavy-Duty Boots|[from] move: Knock Off|[of] p2a: Gurdurr
|faint|p1a: Charizard
|
|upkeep
|
|t:|1662927568
|switch|p1a: Ribombee|Ribombee, F|100/100
|turn|15
|
|t:|1662927573
|switch|p2a: Silvally|Silvally-Ghost|100/100
|move|p1a: Ribombee|Moonblast|p2a: Silvally
|-damage|p2a: Silvally|59/100
|
|upkeep
|turn|16
|j| isabela000◥▶_◀◤
|l| isabela000◥▶_◀◤
|
|t:|1662927585
|switch|p1a: Togedemaru|Togedemaru, F|65/100
|-damage|p1a: Togedemaru|59/100|[from] Stealth Rock
|move|p2a: Silvally|Ice Beam|p1a: Togedemaru
|-resisted|p1a: Togedemaru
|-damage|p1a: Togedemaru|47/100
|
|-heal|p1a: Togedemaru|53/100|[from] item: Leftovers
|upkeep
|turn|17
|
|t:|1662927592
|move|p2a: Silvally|Parting Shot|p1a: Togedemaru
|-unboost|p1a: Togedemaru|atk|1
|-unboost|p1a: Togedemaru|spa|1
|
|t:|1662927595
|switch|p2a: Gurdurr|Gurdurr, F|84/100|[from]move: Parting Shot
|move|p1a: Togedemaru|U-turn|p2a: Gurdurr
|-resisted|p2a: Gurdurr
|-damage|p2a: Gurdurr|81/100
|
|t:|1662927597
|switch|p1a: Ribombee|Ribombee, F|100/100|[from]move: U-turn
|
|upkeep
|turn|18
|
|t:|1662927604
|move|p2a: Gurdurr|Mach Punch|p1a: Ribombee
|-resisted|p1a: Ribombee
|-damage|p1a: Ribombee|91/100
|move|p1a: Ribombee|Moonblast|p2a: Gurdurr
|-supereffective|p2a: Gurdurr
|-damage|p2a: Gurdurr|2/100
|
|upkeep
|turn|19
|
|t:|1662927614
|move|p1a: Ribombee|Quiver Dance|p1a: Ribombee
|-boost|p1a: Ribombee|spa|1
|-boost|p1a: Ribombee|spd|1
|-boost|p1a: Ribombee|spe|1
|move|p2a: Gurdurr|Drain Punch|p1a: Ribombee
|-resisted|p1a: Ribombee
|-damage|p1a: Ribombee|76/100
|-heal|p2a: Gurdurr|7/100|[from] drain|[of] p1a: Ribombee
|
|upkeep
|turn|20
|
|t:|1662927617
|move|p2a: Gurdurr|Mach Punch|p1a: Ribombee
|-resisted|p1a: Ribombee
|-damage|p1a: Ribombee|68/100
|move|p1a: Ribombee|Moonblast|p2a: Gurdurr
|-supereffective|p2a: Gurdurr
|-crit|p2a: Gurdurr
|-damage|p2a: Gurdurr|0 fnt
|faint|p2a: Gurdurr
|
|upkeep
|
|t:|1662927620
|switch|p2a: Archeops|Archeops, F|100/100
|turn|21
|
|t:|1662927623
|move|p1a: Ribombee|Moonblast|p2a: Archeops
|-damage|p2a: Archeops|8/100
|move|p2a: Archeops|Stone Edge|p1a: Ribombee
|-supereffective|p1a: Ribombee
|-damage|p1a: Ribombee|0 fnt
|faint|p1a: Ribombee
|
|upkeep
|
|t:|1662927627
|switch|p1a: Togedemaru|Togedemaru, F|53/100
|-damage|p1a: Togedemaru|47/100|[from] Stealth Rock
|turn|22
|
|t:|1662927633
|move|p2a: Archeops|Heat Wave|p1a: Togedemaru
|-supereffective|p1a: Togedemaru
|-damage|p1a: Togedemaru|23/100
|-status|p1a: Togedemaru|brn
|move|p1a: Togedemaru|Iron Head|p2a: Archeops
|-supereffective|p2a: Archeops
|-damage|p2a: Archeops|0 fnt
|faint|p2a: Archeops
|
|-heal|p1a: Togedemaru|29/100 brn|[from] item: Leftovers
|-damage|p1a: Togedemaru|23/100 brn|[from] brn
|upkeep
|
|t:|1662927635
|switch|p2a: Silvally|Silvally-Ghost|59/100
|turn|23
|
|t:|1662927640
|move|p2a: Silvally|Shadow Ball|p1a: Togedemaru
|-damage|p1a: Togedemaru|0 fnt
|faint|p1a: Togedemaru
|
|upkeep
|
|t:|1662927642
|switch|p1a: Scrafty|Scrafty, F|78/100
|-damage|p1a: Scrafty|72/100|[from] Stealth Rock
|-ability|p1a: Scrafty|Intimidate|boost
|-unboost|p2a: Silvally|atk|1
|turn|24
|
|t:|1662927646
|move|p2a: Silvally|Ice Beam|p1a: Scrafty
|-damage|p1a: Scrafty|46/100
|move|p1a: Scrafty|Knock Off|p2a: Silvally
|-supereffective|p2a: Silvally
|-damage|p2a: Silvally|0 fnt
|faint|p2a: Silvally
|
|win|Cyber Cop (Police)
|raw|Cyber Cop (Police)'s rating: 1388 &rarr; <strong>1402</strong><br />(+14 for winning)
|raw|PULT4V4 Fila's rating: 1284 &rarr; <strong>1266</strong><br />(-18 for losing)
|l|☆PULT4V4 Fila
|l|☆Cyber Cop (Police)
|j|☆Cyber Cop (Police)
|player|p1|Cyber Cop (Police)|officer-gen2
|l|☆Cyber Cop (Police)
|player|p1|
||Ladder isn't responding, score probably updated but might not have (Request timeout).
|j|☆Cyber Cop (Police)
|player|p1|Cyber Cop (Police)|officer-gen2
