|j|☆pattek
|j|☆london13
|t:|1656099889
|gametype|singles
|player|p1|pattek|unknownf|
|player|p2|london13|#teamskymin|
|teamsize|p1|6
|teamsize|p2|6
|gen|8
|tier|[Gen 8] PU
|rule|Sleep Clause Mod: Limit one foe put to sleep
|rule|Species Clause: Limit one of each Pokémon
|rule|OHKO Clause: OHKO moves are banned
|rule|Evasion Moves Clause: Evasion moves are banned
|rule|Endless Battle Clause: Forcing endless battles is banned
|rule|HP Percentage Mod: HP is shown in percentages
|rule|Dynamax Clause: You cannot dynamax
|clearpoke
|poke|p1|Archeops, F|
|poke|p1|Vanilluxe, M|
|poke|p1|Charizard, M|
|poke|p1|Wishiwashi, F|
|poke|p1|Stunfisk-Galar, F|
|poke|p1|Whimsicott, F|
|poke|p2|Garbodor, M|
|poke|p2|Eldegoss, F|
|poke|p2|Gigalith, M|
|poke|p2|Hattrem, F|
|poke|p2|Silvally-*|
|poke|p2|Centiskorch, F|
|teampreview
|inactive|Battle timer is ON: inactive players will automatically lose when time's up. (requested by pattek)
|c|☆pattek|hg
|c|☆pattek|hf
|inactive|pattek has 270 seconds left.
|inactive|london13 has 270 seconds left.
|j| sirmrwhale
|j|+mj
|inactive|london13 has 240 seconds left.
|j| PrinceOfAllTacos
|
|t:|1656099971
|start
|switch|p1a: Wishiwashi|Wishiwashi, F|100/100
|switch|p2a: Eldegoss|Eldegoss, F|100/100
|-formechange|p1a: Wishiwashi|Wishiwashi-School||[from] ability: Schooling
|turn|1
|
|t:|1656099979
|switch|p1a: Whimsicott|Whimsicott, F|100/100
|move|p2a: Eldegoss|Sleep Powder|p1a: Whimsicott
|-immune|p1a: Whimsicott
|
|upkeep
|turn|2
|j| Lady Writer ❀
|
|t:|1656099995
|switch|p2a: Garbodor|Garbodor, M|100/100
|move|p1a: Whimsicott|U-turn|p2a: Garbodor
|-resisted|p2a: Garbodor
|-damage|p2a: Garbodor|96/100
|-damage|p1a: Whimsicott|84/100|[from] item: Rocky Helmet|[of] p2a: Garbodor
|l| Lady Writer ❀
|inactive|pattek has 270 seconds left.
|j| Michael Conley Jr.
|j| AtraX Madara
|
|t:|1656100044
|switch|p1a: Wishiwashi|Wishiwashi, F|100/100|[from]move: U-turn
|-formechange|p1a: Wishiwashi|Wishiwashi-School||[from] ability: Schooling
|
|upkeep
|turn|3
|j|+heroictobias
|
|t:|1656100055
|switch|p2a: Eldegoss|Eldegoss, F|100/100
|move|p1a: Wishiwashi|Scald|p2a: Eldegoss
|-resisted|p2a: Eldegoss
|-damage|p2a: Eldegoss|84/100
|
|upkeep
|turn|4
|inactive|pattek has 270 seconds left.
|j|+mammalu
|
|t:|1656100077
|switch|p1a: Charizard|Charizard, M|100/100
|move|p2a: Eldegoss|Leaf Storm|p1a: Charizard
|-resisted|p1a: Charizard
|-damage|p1a: Charizard|83/100
|-unboost|p2a: Eldegoss|spa|2
|
|upkeep
|turn|5
|
|t:|1656100091
|switch|p2a: Gigalith|Gigalith, M|100/100
|-weather|Sandstorm|[from] ability: Sand Stream|[of] p2a: Gigalith
|move|p1a: Charizard|Toxic|p2a: Gigalith|[miss]
|-miss|p1a: Charizard|p2a: Gigalith
|
|-weather|Sandstorm|[upkeep]
|-damage|p1a: Charizard|77/100|[from] Sandstorm
|upkeep
|turn|6
|
|t:|1656100098
|switch|p1a: Wishiwashi|Wishiwashi, F|100/100
|-formechange|p1a: Wishiwashi|Wishiwashi-School||[from] ability: Schooling
|move|p2a: Gigalith|Stealth Rock|p1a: Wishiwashi
|-sidestart|p1: pattek|move: Stealth Rock
|
|-weather|Sandstorm|[upkeep]
|-damage|p1a: Wishiwashi|94/100|[from] Sandstorm
|-heal|p1a: Wishiwashi|100/100|[from] item: Leftovers
|upkeep
|turn|7
|j| kythr
|
|t:|1656100106
|switch|p2a: Eldegoss|Eldegoss, F|100/100
|move|p1a: Wishiwashi|U-turn|p2a: Eldegoss
|-supereffective|p2a: Eldegoss
|-damage|p2a: Eldegoss|49/100
|
|t:|1656100109
|switch|p1a: Charizard|Charizard, M|77/100|[from]move: U-turn
|
|-weather|Sandstorm|[upkeep]
|-damage|p1a: Charizard|71/100|[from] Sandstorm
|-damage|p2a: Eldegoss|43/100|[from] Sandstorm
|upkeep
|turn|8
|j| PokeArt2004❤
|
|t:|1656100119
|switch|p2a: Hattrem|Hattrem, F|100/100
|move|p1a: Charizard|Hurricane|p2a: Hattrem
|-damage|p2a: Hattrem|56/100
|
|-weather|Sandstorm|[upkeep]
|-damage|p1a: Charizard|65/100|[from] Sandstorm
|-damage|p2a: Hattrem|50/100|[from] Sandstorm
|upkeep
|turn|9
|
|t:|1656100126
|move|p1a: Charizard|Roost|p1a: Charizard
|-heal|p1a: Charizard|100/100
|-singleturn|p1a: Charizard|move: Roost
|move|p2a: Hattrem|Rest|p2a: Hattrem
|-status|p2a: Hattrem|slp|[from] move: Rest
|-heal|p2a: Hattrem|100/100 slp|[silent]
|
|-weather|none
|upkeep
|turn|10
|
|t:|1656100128
|switch|p1a: Stunfisk|Stunfisk-Galar, F|100/100
|-damage|p1a: Stunfisk|97/100|[from] Stealth Rock
|cant|p2a: Hattrem|slp
|move|p2a: Hattrem|Sleep Talk|p2a: Hattrem
|move|p2a: Hattrem|Nuzzle|p1a: Stunfisk|[from]move: Sleep Talk
|-immune|p1a: Stunfisk
|
|-heal|p1a: Stunfisk|100/100|[from] item: Leftovers
|upkeep
|turn|11
|
|t:|1656100135
|switch|p2a: Eldegoss|Eldegoss, F|76/100
|move|p1a: Stunfisk|Stealth Rock|p2a: Eldegoss
|-sidestart|p2: london13|move: Stealth Rock
|
|upkeep
|turn|12
|
|t:|1656100139
|move|p2a: Eldegoss|Rapid Spin|p1a: Stunfisk
|-resisted|p1a: Stunfisk
|-damage|p1a: Stunfisk|98/100
|-boost|p2a: Eldegoss|spe|1
|-sideend|p2: london13|Stealth Rock|[from] move: Rapid Spin|[of] p2a: Eldegoss
|move|p1a: Stunfisk|Yawn|p2a: Eldegoss
|-start|p2a: Eldegoss|move: Yawn|[of] p1a: Stunfisk
|
|-heal|p1a: Stunfisk|100/100|[from] item: Leftovers
|upkeep
|turn|13
|l|+mammalu
|
|t:|1656100152
|switch|p2a: Hattrem|Hattrem, F|100/100 slp
|switch|p1a: Archeops|Archeops, F|100/100
|
|upkeep
|turn|14
|
|t:|1656100159
|move|p1a: Archeops|U-turn|p2a: Hattrem
|-supereffective|p2a: Hattrem
|-damage|p2a: Hattrem|66/100 slp
|
|t:|1656100161
|switch|p1a: Stunfisk|Stunfisk-Galar, F|100/100|[from]move: U-turn
|-damage|p1a: Stunfisk|97/100|[from] Stealth Rock
|cant|p2a: Hattrem|slp
|move|p2a: Hattrem|Sleep Talk|p2a: Hattrem
|move|p2a: Hattrem|Psychic|p1a: Stunfisk|[from]move: Sleep Talk
|-resisted|p1a: Stunfisk
|-damage|p1a: Stunfisk|88/100
|
|-heal|p1a: Stunfisk|94/100|[from] item: Leftovers
|upkeep
|turn|15
|j|+airfare
|
|t:|1656100171
|switch|p1a: Whimsicott|Whimsicott, F|84/100
|-curestatus|p2a: Hattrem|slp|[msg]
|move|p2a: Hattrem|Psychic|p1a: Whimsicott
|-damage|p1a: Whimsicott|44/100
|-unboost|p1a: Whimsicott|spd|1
|
|upkeep
|turn|16
|
|t:|1656100178
|move|p1a: Whimsicott|U-turn|p2a: Hattrem
|-supereffective|p2a: Hattrem
|-damage|p2a: Hattrem|51/100
|
|t:|1656100183
|switch|p1a: Stunfisk|Stunfisk-Galar, F|94/100|[from]move: U-turn
|-damage|p1a: Stunfisk|91/100|[from] Stealth Rock
|move|p2a: Hattrem|Rest|p2a: Hattrem
|-status|p2a: Hattrem|slp|[from] move: Rest
|-heal|p2a: Hattrem|100/100 slp|[silent]
|
|-heal|p1a: Stunfisk|97/100|[from] item: Leftovers
|upkeep
|turn|17
|
|t:|1656100189
|cant|p2a: Hattrem|slp
|move|p2a: Hattrem|Sleep Talk|p2a: Hattrem
|move|p2a: Hattrem|Psychic|p1a: Stunfisk|[from]move: Sleep Talk
|-resisted|p1a: Stunfisk
|-crit|p1a: Stunfisk
|-damage|p1a: Stunfisk|83/100
|move|p1a: Stunfisk|Earthquake|p2a: Hattrem
|-damage|p2a: Hattrem|82/100 slp
|
|-heal|p1a: Stunfisk|90/100|[from] item: Leftovers
|upkeep
|turn|18
|
|t:|1656100194
|cant|p2a: Hattrem|slp
|move|p2a: Hattrem|Sleep Talk|p2a: Hattrem
|move|p2a: Hattrem|Nuzzle|p1a: Stunfisk|[from]move: Sleep Talk
|-immune|p1a: Stunfisk
|move|p1a: Stunfisk|Earthquake|p2a: Hattrem
|-damage|p2a: Hattrem|61/100 slp
|
|-heal|p1a: Stunfisk|96/100|[from] item: Leftovers
|upkeep
|turn|19
|
|t:|1656100198
|-curestatus|p2a: Hattrem|slp|[msg]
|move|p2a: Hattrem|Psychic|p1a: Stunfisk
|-resisted|p1a: Stunfisk
|-damage|p1a: Stunfisk|87/100
|move|p1a: Stunfisk|Stealth Rock|p2a: Hattrem
|move|p2a: Hattrem|Stealth Rock||[from]ability: Magic Bounce|[still]
|-fail|p2a: Hattrem
|
|-heal|p1a: Stunfisk|93/100|[from] item: Leftovers
|upkeep
|turn|20
|
|t:|1656100218
|switch|p2a: Eldegoss|Eldegoss, F|100/100
|move|p1a: Stunfisk|Yawn|p2a: Eldegoss
|-start|p2a: Eldegoss|move: Yawn|[of] p1a: Stunfisk
|
|-heal|p1a: Stunfisk|99/100|[from] item: Leftovers
|upkeep
|turn|21
|l|+airfare
|inactive|pattek has 270 seconds left.
|j| Ron 5
|
|t:|1656100275
|switch|p2a: Hattrem|Hattrem, F|61/100
|switch|p1a: Vanilluxe|Vanilluxe, M|100/100
|-damage|p1a: Vanilluxe|76/100|[from] Stealth Rock
|-weather|Hail|[from] ability: Snow Warning|[of] p1a: Vanilluxe
|
|-weather|Hail|[upkeep]
|-damage|p2a: Hattrem|55/100|[from] Hail
|upkeep
|turn|22
|inactive|pattek has 240 seconds left.
|
|t:|1656100294
|switch|p2a: Gigalith|Gigalith, M|100/100
|-weather|Sandstorm|[from] ability: Sand Stream|[of] p2a: Gigalith
|move|p1a: Vanilluxe|Flash Cannon|p2a: Gigalith
|-supereffective|p2a: Gigalith
|-damage|p2a: Gigalith|63/100
|-unboost|p2a: Gigalith|spd|1
|
|-weather|Sandstorm|[upkeep]
|-damage|p1a: Vanilluxe|70/100|[from] Sandstorm
|-heal|p2a: Gigalith|69/100|[from] item: Leftovers
|upkeep
|turn|23
|inactive|pattek has 240 seconds left.
|
|t:|1656100311
|switch|p1a: Wishiwashi|Wishiwashi, F|100/100
|-damage|p1a: Wishiwashi|88/100|[from] Stealth Rock
|-formechange|p1a: Wishiwashi|Wishiwashi-School||[from] ability: Schooling
|switch|p2a: Eldegoss|Eldegoss, F|100/100
|
|-weather|Sandstorm|[upkeep]
|-damage|p2a: Eldegoss|94/100|[from] Sandstorm
|-damage|p1a: Wishiwashi|82/100|[from] Sandstorm
|-heal|p1a: Wishiwashi|88/100|[from] item: Leftovers
|upkeep
|turn|24
|j| arce9
|inactive|pattek has 240 seconds left.
|
|t:|1656100323
|move|p2a: Eldegoss|Sleep Powder|p1a: Wishiwashi|[miss]
|-miss|p2a: Eldegoss|p1a: Wishiwashi
|move|p1a: Wishiwashi|U-turn|p2a: Eldegoss
|-supereffective|p2a: Eldegoss
|-crit|p2a: Eldegoss
|-damage|p2a: Eldegoss|18/100
|l| PrinceOfAllTacos
|inactive|pattek has 240 seconds left.
|
|t:|1656100329
|switch|p1a: Charizard|Charizard, M|100/100|[from]move: U-turn
|
|-weather|Sandstorm|[upkeep]
|-damage|p1a: Charizard|94/100|[from] Sandstorm
|-damage|p2a: Eldegoss|11/100|[from] Sandstorm
|upkeep
|turn|25
|j| PrinceOfAllTacos
|
|t:|1656100337
|switch|p2a: Gigalith|Gigalith, M|69/100
|move|p1a: Charizard|Toxic|p2a: Gigalith
|-status|p2a: Gigalith|tox
|
|-weather|Sandstorm|[upkeep]
|-damage|p1a: Charizard|88/100|[from] Sandstorm
|-heal|p2a: Gigalith|75/100 tox|[from] item: Leftovers
|-damage|p2a: Gigalith|69/100 tox|[from] psn
|upkeep
|turn|26
|
|t:|1656100344
|switch|p1a: Stunfisk|Stunfisk-Galar, F|99/100
|-damage|p1a: Stunfisk|96/100|[from] Stealth Rock
|move|p2a: Gigalith|Earthquake|p1a: Stunfisk
|-supereffective|p1a: Stunfisk
|-damage|p1a: Stunfisk|46/100
|
|-weather|none
|-heal|p1a: Stunfisk|52/100|[from] item: Leftovers
|-heal|p2a: Gigalith|75/100 tox|[from] item: Leftovers
|-damage|p2a: Gigalith|63/100 tox|[from] psn
|upkeep
|turn|27
|
|t:|1656100349
|switch|p1a: Archeops|Archeops, F|100/100
|switch|p2a: Hattrem|Hattrem, F|55/100
|
|upkeep
|turn|28
|
|t:|1656100352
|move|p1a: Archeops|U-turn|p2a: Hattrem
|-supereffective|p2a: Hattrem
|-damage|p2a: Hattrem|21/100
|
|t:|1656100354
|switch|p1a: Whimsicott|Whimsicott, F|44/100|[from]move: U-turn
|move|p2a: Hattrem|Rest|p2a: Hattrem
|-status|p2a: Hattrem|slp|[from] move: Rest
|-heal|p2a: Hattrem|100/100 slp|[silent]
|
|upkeep
|turn|29
|
|t:|1656100358
|move|p1a: Whimsicott|Defog|p2a: Hattrem
|move|p2a: Hattrem|Defog|p1a: Whimsicott|[from]ability: Magic Bounce
|-unboost|p1a: Whimsicott|evasion|1
|-sideend|p1: pattek|Stealth Rock|[from] move: Defog|[of] p2a: Hattrem
|cant|p2a: Hattrem|slp
|move|p2a: Hattrem|Sleep Talk|p2a: Hattrem
|move|p2a: Hattrem|Psychic|p1a: Whimsicott|[from]move: Sleep Talk
|-damage|p1a: Whimsicott|8/100
|
|upkeep
|turn|30
|j| choice bad kyurem.
|
|t:|1656100365
|switch|p1a: Stunfisk|Stunfisk-Galar, F|52/100
|cant|p2a: Hattrem|slp
|move|p2a: Hattrem|Sleep Talk|p2a: Hattrem
|move|p2a: Hattrem|Rest||[from]move: Sleep Talk|[still]
|-fail|p2a: Hattrem
|
|-heal|p1a: Stunfisk|58/100|[from] item: Leftovers
|upkeep
|turn|31
|
|t:|1656100370
|switch|p2a: Eldegoss|Eldegoss, F|44/100
|move|p1a: Stunfisk|Yawn|p2a: Eldegoss
|-start|p2a: Eldegoss|move: Yawn|[of] p1a: Stunfisk
|
|-heal|p1a: Stunfisk|64/100|[from] item: Leftovers
|upkeep
|turn|32
|
|t:|1656100378
|switch|p2a: Hattrem|Hattrem, F|100/100 slp
|switch|p1a: Vanilluxe|Vanilluxe, M|70/100
|-weather|Hail|[from] ability: Snow Warning|[of] p1a: Vanilluxe
|
|-weather|Hail|[upkeep]
|-damage|p2a: Hattrem|95/100 slp|[from] Hail
|upkeep
|turn|33
|
|t:|1656100384
|move|p1a: Vanilluxe|Blizzard|p2a: Hattrem
|-damage|p2a: Hattrem|23/100 slp
|-curestatus|p2a: Hattrem|slp|[msg]
|move|p2a: Hattrem|Rest|p2a: Hattrem
|-status|p2a: Hattrem|slp|[from] move: Rest
|-heal|p2a: Hattrem|100/100 slp|[silent]
|
|-weather|Hail|[upkeep]
|-damage|p2a: Hattrem|95/100 slp|[from] Hail
|upkeep
|turn|34
|
|t:|1656100387
|switch|p2a: Centiskorch|Centiskorch, F|100/100
|move|p1a: Vanilluxe|Blizzard|p2a: Centiskorch
|-resisted|p2a: Centiskorch
|-damage|p2a: Centiskorch|61/100
|
|-weather|Hail|[upkeep]
|-damage|p2a: Centiskorch|54/100|[from] Hail
|upkeep
|turn|35
|
|t:|1656100405
|switch|p1a: Wishiwashi|Wishiwashi, F|88/100
|-formechange|p1a: Wishiwashi|Wishiwashi-School||[from] ability: Schooling
|move|p2a: Centiskorch|Knock Off|p1a: Wishiwashi
|-damage|p1a: Wishiwashi|67/100
|-enditem|p1a: Wishiwashi|Leftovers|[from] move: Knock Off|[of] p2a: Centiskorch
|
|-weather|Hail|[upkeep]
|-damage|p2a: Centiskorch|48/100|[from] Hail
|-damage|p1a: Wishiwashi|61/100|[from] Hail
|upkeep
|turn|36
|
|t:|1656100431
|switch|p2a: Garbodor|Garbodor, M|96/100
|switch|p1a: Charizard|Charizard, M|88/100
|
|-weather|none
|upkeep
|turn|37
|
|t:|1656100437
|move|p1a: Charizard|Flamethrower|p2a: Garbodor
|-damage|p2a: Garbodor|49/100
|move|p2a: Garbodor|Gunk Shot|p1a: Charizard
|-damage|p1a: Charizard|31/100
|
|upkeep
|turn|38
|
|t:|1656100445
|switch|p2a: Gigalith|Gigalith, M|63/100 tox
|-weather|Sandstorm|[from] ability: Sand Stream|[of] p2a: Gigalith
|move|p1a: Charizard|Roost|p1a: Charizard
|-heal|p1a: Charizard|81/100
|-singleturn|p1a: Charizard|move: Roost
|
|-weather|Sandstorm|[upkeep]
|-damage|p1a: Charizard|75/100|[from] Sandstorm
|-heal|p2a: Gigalith|69/100 tox|[from] item: Leftovers
|-damage|p2a: Gigalith|63/100 tox|[from] psn
|upkeep
|turn|39
|
|t:|1656100452
|switch|p1a: Wishiwashi|Wishiwashi, F|61/100
|-formechange|p1a: Wishiwashi|Wishiwashi-School||[from] ability: Schooling
|move|p2a: Gigalith|Stealth Rock|p1a: Wishiwashi
|-sidestart|p1: pattek|move: Stealth Rock
|
|-weather|Sandstorm|[upkeep]
|-damage|p1a: Wishiwashi|55/100|[from] Sandstorm
|-heal|p2a: Gigalith|69/100 tox|[from] item: Leftovers
|-damage|p2a: Gigalith|57/100 tox|[from] psn
|upkeep
|turn|40
|l| AtraX Madara
|
|t:|1656100468
|switch|p2a: Hattrem|Hattrem, F|95/100 slp
|move|p1a: Wishiwashi|U-turn|p2a: Hattrem
|-supereffective|p2a: Hattrem
|-damage|p2a: Hattrem|66/100 slp
|
|t:|1656100476
|switch|p1a: Vanilluxe|Vanilluxe, M|70/100|[from]move: U-turn
|-damage|p1a: Vanilluxe|45/100|[from] Stealth Rock
|-weather|Hail|[from] ability: Snow Warning|[of] p1a: Vanilluxe
|
|-weather|Hail|[upkeep]
|-damage|p2a: Hattrem|60/100 slp|[from] Hail
|upkeep
|turn|41
|j| GW
|j| TEAM CHARM
|l| choice bad kyurem.
|inactive|london13 has 270 seconds left.
|
|t:|1656100509
|switch|p2a: Garbodor|Garbodor, M|49/100
|move|p1a: Vanilluxe|Freeze-Dry|p2a: Garbodor
|-damage|p2a: Garbodor|0 fnt
|faint|p2a: Garbodor
|
|-weather|Hail|[upkeep]
|upkeep
|l| TEAM CHARM
|inactive|london13 has 270 seconds left.
|inactive|london13 has 240 seconds left.
|j|+airfare
|inactive|london13 has 210 seconds left.
|
|t:|1656100586
|switch|p2a: Gigalith|Gigalith, M|57/100 tox
|-weather|Sandstorm|[from] ability: Sand Stream|[of] p2a: Gigalith
|turn|42
|j| TEAM CHARM
|l| TEAM CHARM
|l| Michael Conley Jr.
|inactive|pattek has 270 seconds left.
|
|t:|1656100630
|switch|p1a: Stunfisk|Stunfisk-Galar, F|64/100
|-damage|p1a: Stunfisk|61/100|[from] Stealth Rock
|move|p2a: Gigalith|Rock Blast|p1a: Stunfisk
|-resisted|p1a: Stunfisk
|-damage|p1a: Stunfisk|59/100
|-resisted|p1a: Stunfisk
|-damage|p1a: Stunfisk|56/100
|-resisted|p1a: Stunfisk
|-damage|p1a: Stunfisk|54/100
|-resisted|p1a: Stunfisk
|-damage|p1a: Stunfisk|51/100
|-resisted|p1a: Stunfisk
|-damage|p1a: Stunfisk|49/100
|-hitcount|p1a: Stunfisk|5
|
|-weather|Sandstorm|[upkeep]
|-heal|p1a: Stunfisk|55/100|[from] item: Leftovers
|-heal|p2a: Gigalith|63/100 tox|[from] item: Leftovers
|-damage|p2a: Gigalith|57/100 tox|[from] psn
|upkeep
|turn|43
|
|t:|1656100637
|switch|p1a: Archeops|Archeops, F|100/100
|move|p2a: Gigalith|Earthquake|p1a: Archeops
|-immune|p1a: Archeops
|
|-weather|Sandstorm|[upkeep]
|-heal|p2a: Gigalith|63/100 tox|[from] item: Leftovers
|-damage|p2a: Gigalith|51/100 tox|[from] psn
|upkeep
|turn|44
|
|t:|1656100644
|move|p1a: Archeops|U-turn|p2a: Gigalith
|-damage|p2a: Gigalith|32/100 tox
|
|t:|1656100646
|switch|p1a: Stunfisk|Stunfisk-Galar, F|55/100|[from]move: U-turn
|-damage|p1a: Stunfisk|52/100|[from] Stealth Rock
|move|p2a: Gigalith|Rock Blast|p1a: Stunfisk
|-resisted|p1a: Stunfisk
|-damage|p1a: Stunfisk|50/100
|-resisted|p1a: Stunfisk
|-damage|p1a: Stunfisk|48/100
|-hitcount|p1a: Stunfisk|2
|
|-weather|Sandstorm|[upkeep]
|-heal|p1a: Stunfisk|54/100|[from] item: Leftovers
|-heal|p2a: Gigalith|38/100 tox|[from] item: Leftovers
|-damage|p2a: Gigalith|20/100 tox|[from] psn
|upkeep
|turn|45
|
|t:|1656100655
|switch|p2a: Hattrem|Hattrem, F|60/100 slp
|move|p1a: Stunfisk|Stealth Rock|p2a: Hattrem
|move|p2a: Hattrem|Stealth Rock||[from]ability: Magic Bounce|[still]
|-fail|p2a: Hattrem
|
|-weather|Sandstorm|[upkeep]
|-damage|p2a: Hattrem|54/100 slp|[from] Sandstorm
|-heal|p1a: Stunfisk|60/100|[from] item: Leftovers
|upkeep
|turn|46
|
|t:|1656100664
|cant|p2a: Hattrem|slp
|move|p2a: Hattrem|Sleep Talk|p2a: Hattrem
|move|p2a: Hattrem|Psychic|p1a: Stunfisk|[from]move: Sleep Talk
|-resisted|p1a: Stunfisk
|-damage|p1a: Stunfisk|52/100
|move|p1a: Stunfisk|Earthquake|p2a: Hattrem
|-damage|p2a: Hattrem|35/100 slp
|
|-weather|none
|-heal|p1a: Stunfisk|58/100|[from] item: Leftovers
|upkeep
|turn|47
|
|t:|1656100674
|cant|p2a: Hattrem|slp
|move|p2a: Hattrem|Sleep Talk|p2a: Hattrem
|move|p2a: Hattrem|Rest||[from]move: Sleep Talk|[still]
|-fail|p2a: Hattrem
|move|p1a: Stunfisk|Earthquake|p2a: Hattrem
|-damage|p2a: Hattrem|16/100 slp
|
|-heal|p1a: Stunfisk|64/100|[from] item: Leftovers
|upkeep
|turn|48
|
|t:|1656100678
|switch|p1a: Whimsicott|Whimsicott, F|8/100
|-curestatus|p2a: Hattrem|slp|[msg]
|move|p2a: Hattrem|Rest|p2a: Hattrem
|-status|p2a: Hattrem|slp|[from] move: Rest
|-heal|p2a: Hattrem|100/100 slp|[silent]
|
|upkeep
|turn|49
|
|t:|1656100685
|move|p1a: Whimsicott|Defog|p2a: Hattrem
|move|p2a: Hattrem|Defog|p1a: Whimsicott|[from]ability: Magic Bounce
|-unboost|p1a: Whimsicott|evasion|1
|-sideend|p1: pattek|Stealth Rock|[from] move: Defog|[of] p2a: Hattrem
|cant|p2a: Hattrem|slp
|move|p2a: Hattrem|Sleep Talk|p2a: Hattrem
|move|p2a: Hattrem|Rest||[from]move: Sleep Talk|[still]
|-fail|p2a: Hattrem
|
|upkeep
|turn|50
|
|t:|1656100688
|move|p1a: Whimsicott|U-turn|p2a: Hattrem
|-supereffective|p2a: Hattrem
|-damage|p2a: Hattrem|85/100 slp
|
|t:|1656100689
|switch|p1a: Stunfisk|Stunfisk-Galar, F|64/100|[from]move: U-turn
|cant|p2a: Hattrem|slp
|move|p2a: Hattrem|Sleep Talk|p2a: Hattrem
|move|p2a: Hattrem|Rest||[from]move: Sleep Talk|[still]
|-fail|p2a: Hattrem
|
|-heal|p1a: Stunfisk|70/100|[from] item: Leftovers
|upkeep
|turn|51
|
|t:|1656100696
|-curestatus|p2a: Hattrem|slp|[msg]
|move|p2a: Hattrem|Psychic|p1a: Stunfisk
|-resisted|p1a: Stunfisk
|-crit|p1a: Stunfisk
|-damage|p1a: Stunfisk|58/100
|move|p1a: Stunfisk|Yawn|p2a: Hattrem
|move|p2a: Hattrem|Yawn|p1a: Stunfisk|[from]ability: Magic Bounce
|-start|p1a: Stunfisk|move: Yawn|[of] p2a: Hattrem
|
|-heal|p1a: Stunfisk|64/100|[from] item: Leftovers
|upkeep
|turn|52
|
|t:|1656100702
|switch|p2a: Eldegoss|Eldegoss, F|78/100
|move|p1a: Stunfisk|Yawn|p2a: Eldegoss
|-start|p2a: Eldegoss|move: Yawn|[of] p1a: Stunfisk
|
|-heal|p1a: Stunfisk|70/100|[from] item: Leftovers
|-end|p1a: Stunfisk|move: Yawn|[silent]
|-status|p1a: Stunfisk|slp
|upkeep
|turn|53
|j| TierAcid
|
|t:|1656100729
|switch|p2a: Silvally|Silvally-Fairy|100/100
|switch|p1a: Charizard|Charizard, M|75/100
|
|upkeep
|turn|54
|
|t:|1656100748
|switch|p1a: Wishiwashi|Wishiwashi, F|55/100
|-formechange|p1a: Wishiwashi|Wishiwashi-School||[from] ability: Schooling
|move|p2a: Silvally|Rock Slide|p1a: Wishiwashi
|-damage|p1a: Wishiwashi|39/100
|
|upkeep
|turn|55
|inactive|london13 has 270 seconds left.
|inactive|london13 has 240 seconds left.
|
|t:|1656100819
|move|p2a: Silvally|Swords Dance|p2a: Silvally
|-boost|p2a: Silvally|atk|2
|move|p1a: Wishiwashi|U-turn|p2a: Silvally
|-resisted|p2a: Silvally
|-damage|p2a: Silvally|88/100
|c|☆pattek|._.
|inactive|pattek has 270 seconds left.
|
|t:|1656100846
|switch|p1a: Whimsicott|Whimsicott, F|8/100|[from]move: U-turn
|
|upkeep
|turn|56
|inactive|pattek has 240 seconds left.
|
|t:|1656100876
|switch|p2a: Gigalith|Gigalith, M|20/100 tox
|-weather|Sandstorm|[from] ability: Sand Stream|[of] p2a: Gigalith
|move|p1a: Whimsicott|Encore||[still]
|-fail|p1a: Whimsicott
|
|-weather|Sandstorm|[upkeep]
|-damage|p1a: Whimsicott|1/100|[from] Sandstorm
|-heal|p2a: Gigalith|26/100 tox|[from] item: Leftovers
|-damage|p2a: Gigalith|20/100 tox|[from] psn
|upkeep
|turn|57
|inactive|pattek has 240 seconds left.
|
|t:|1656100897
|move|p1a: Whimsicott|U-turn|p2a: Gigalith
|-crit|p2a: Gigalith
|-damage|p2a: Gigalith|9/100 tox
|l| TierAcid
|
|t:|1656100905
|switch|p1a: Vanilluxe|Vanilluxe, M|45/100|[from]move: U-turn
|-weather|Hail|[from] ability: Snow Warning|[of] p1a: Vanilluxe
|move|p2a: Gigalith|Stealth Rock|p1a: Vanilluxe
|-sidestart|p1: pattek|move: Stealth Rock
|
|-weather|Hail|[upkeep]
|-damage|p2a: Gigalith|2/100 tox|[from] Hail
|-heal|p2a: Gigalith|9/100 tox|[from] item: Leftovers
|-damage|p2a: Gigalith|0 fnt|[from] psn
|faint|p2a: Gigalith
|upkeep
|
|t:|1656100920
|switch|p2a: Silvally|Silvally-Fairy|88/100
|turn|58
|inactive|pattek has 240 seconds left.
|inactive|pattek has 210 seconds left.
|
|t:|1656100979
|move|p1a: Vanilluxe|Ice Shard|p2a: Silvally
|-damage|p2a: Silvally|76/100
|move|p2a: Silvally|Multi-Attack|p1a: Vanilluxe
|-damage|p1a: Vanilluxe|0 fnt
|faint|p1a: Vanilluxe
|
|-weather|Hail|[upkeep]
|-damage|p2a: Silvally|70/100|[from] Hail
|upkeep
|inactive|pattek has 180 seconds left.
|
|t:|1656100998
|switch|p1a: Archeops|Archeops, F|100/100
|turn|59
|inactive|london13 has 240 seconds left.
|inactive|london13 has 210 seconds left.
|
|t:|1656101048
|move|p1a: Archeops|U-turn|p2a: Silvally
|-resisted|p2a: Silvally
|-damage|p2a: Silvally|57/100
|inactive|pattek has 180 seconds left.
|l|☆pattek
|inactive|pattek disconnected and has 300 seconds to reconnect!
|player|p1|
|j|☆pattek
|inactive|pattek reconnected and has 175 seconds left.
|player|p1|pattek|liza
|
|t:|1656101082
|switch|p1a: Wishiwashi|Wishiwashi, F|39/100|[from]move: U-turn
|-damage|p1a: Wishiwashi|27/100|[from] Stealth Rock
|-formechange|p1a: Wishiwashi|Wishiwashi-School||[from] ability: Schooling
|move|p2a: Silvally|Flame Charge|p1a: Wishiwashi
|-resisted|p1a: Wishiwashi
|-crit|p1a: Wishiwashi
|-damage|p1a: Wishiwashi|19/100
|-boost|p2a: Silvally|spe|1
|
|-weather|Hail|[upkeep]
|-damage|p2a: Silvally|51/100|[from] Hail
|-damage|p1a: Wishiwashi|13/100|[from] Hail
|-formechange|p1a: Wishiwashi|Wishiwashi||[from] ability: Schooling
|upkeep
|turn|60
|inactive|london13 has 180 seconds left.
|
|t:|1656101122
|move|p2a: Silvally|Multi-Attack|p1a: Wishiwashi
|-damage|p1a: Wishiwashi|0 fnt
|faint|p1a: Wishiwashi
|
|-weather|Hail|[upkeep]
|-damage|p2a: Silvally|45/100|[from] Hail
|upkeep
|
|t:|1656101129
|switch|p1a: Whimsicott|Whimsicott, F|1/100
|turn|61
|inactive|london13 has 180 seconds left.
|
|t:|1656101136
|move|p1a: Whimsicott|Encore|p2a: Silvally
|-start|p2a: Silvally|Encore
|move|p2a: Silvally|Multi-Attack|p1a: Whimsicott
|-damage|p1a: Whimsicott|0 fnt
|faint|p1a: Whimsicott
|
|-weather|none
|upkeep
|
|t:|1656101138
|switch|p1a: Charizard|Charizard, M|75/100
|turn|62
|inactive|pattek has 180 seconds left.
|inactive|london13 has 180 seconds left.
|l|☆pattek
|inactive|pattek disconnected and has 295 seconds to reconnect!
|player|p1|
|j|☆pattek
|inactive|pattek reconnected.
|player|p1|pattek|liza
|
|t:|1656101182
|switch|p2a: Centiskorch|Centiskorch, F|48/100
|move|p1a: Charizard|Hurricane|p2a: Centiskorch
|-supereffective|p2a: Centiskorch
|-damage|p2a: Centiskorch|0 fnt
|faint|p2a: Centiskorch
|
|upkeep
|
|t:|1656101191
|switch|p2a: Hattrem|Hattrem, F|85/100
|turn|63
|inactive|pattek has 180 seconds left.
|inactive|london13 has 150 seconds left.
|c|+airfare|/me Roots for Pattek :-3
|
|t:|1656101231
|move|p1a: Charizard|Flamethrower|p2a: Hattrem
|-damage|p2a: Hattrem|45/100
|move|p2a: Hattrem|Rest|p2a: Hattrem
|-status|p2a: Hattrem|slp|[from] move: Rest
|-heal|p2a: Hattrem|100/100 slp|[silent]
|
|upkeep
|turn|64
|inactive|pattek has 150 seconds left.
|inactive|london13 has 120 seconds left.
|c|☆pattek|:-3
|
|t:|1656101274
|switch|p1a: Stunfisk|Stunfisk-Galar, F|70/100 slp
|-damage|p1a: Stunfisk|67/100 slp|[from] Stealth Rock
|cant|p2a: Hattrem|slp
|move|p2a: Hattrem|Sleep Talk|p2a: Hattrem
|move|p2a: Hattrem|Nuzzle|p1a: Stunfisk|[from]move: Sleep Talk
|-immune|p1a: Stunfisk
|
|-heal|p1a: Stunfisk|73/100 slp|[from] item: Leftovers
|upkeep
|turn|65
|inactive|london13 has 120 seconds left.
|
|t:|1656101285
|switch|p2a: Silvally|Silvally-Fairy|45/100
|cant|p1a: Stunfisk|slp
|
|-heal|p1a: Stunfisk|80/100 slp|[from] item: Leftovers
|upkeep
|turn|66
|l| kythr
|inactive|london13 has 120 seconds left.
|
|t:|1656101314
|move|p2a: Silvally|Flame Charge|p1a: Stunfisk
|-supereffective|p1a: Stunfisk
|-damage|p1a: Stunfisk|57/100 slp
|-boost|p2a: Silvally|spe|1
|cant|p1a: Stunfisk|slp
|
|-heal|p1a: Stunfisk|64/100 slp|[from] item: Leftovers
|upkeep
|turn|67
|inactive|london13 has 90 seconds left.
|
|t:|1656101342
|move|p2a: Silvally|Flame Charge|p1a: Stunfisk
|-supereffective|p1a: Stunfisk
|-crit|p1a: Stunfisk
|-damage|p1a: Stunfisk|28/100 slp
|-boost|p2a: Silvally|spe|1
|cant|p1a: Stunfisk|slp
|
|-heal|p1a: Stunfisk|34/100 slp|[from] item: Leftovers
|upkeep
|turn|68
|
|t:|1656101350
|move|p2a: Silvally|Flame Charge|p1a: Stunfisk
|-supereffective|p1a: Stunfisk
|-damage|p1a: Stunfisk|12/100 slp
|-boost|p2a: Silvally|spe|1
|-curestatus|p1a: Stunfisk|slp|[msg]
|move|p1a: Stunfisk|Yawn|p2a: Silvally
|-start|p2a: Silvally|move: Yawn|[of] p1a: Stunfisk
|
|-heal|p1a: Stunfisk|18/100|[from] item: Leftovers
|upkeep
|turn|69
|
|t:|1656101363
|switch|p2a: Hattrem|Hattrem, F|100/100 slp
|switch|p1a: Archeops|Archeops, F|100/100
|
|upkeep
|turn|70
|inactive|pattek has 180 seconds left.
|inactive|pattek has 150 seconds left.
|
|t:|1656101410
|move|p1a: Archeops|U-turn|p2a: Hattrem
|-supereffective|p2a: Hattrem
|-damage|p2a: Hattrem|64/100 slp
|
|t:|1656101411
|switch|p1a: Stunfisk|Stunfisk-Galar, F|18/100|[from]move: U-turn
|-damage|p1a: Stunfisk|15/100|[from] Stealth Rock
|cant|p2a: Hattrem|slp
|move|p2a: Hattrem|Sleep Talk|p2a: Hattrem
|move|p2a: Hattrem|Nuzzle|p1a: Stunfisk|[from]move: Sleep Talk
|-immune|p1a: Stunfisk
|
|-heal|p1a: Stunfisk|21/100|[from] item: Leftovers
|upkeep
|turn|71
|inactive|pattek has 150 seconds left.
|
|t:|1656101419
|-curestatus|p2a: Hattrem|slp|[msg]
|move|p2a: Hattrem|Psychic|p1a: Stunfisk
|-resisted|p1a: Stunfisk
|-damage|p1a: Stunfisk|12/100
|move|p1a: Stunfisk|Earthquake|p2a: Hattrem
|-damage|p2a: Hattrem|46/100
|
|-heal|p1a: Stunfisk|19/100|[from] item: Leftovers
|upkeep
|turn|72
|inactive|london13 has 120 seconds left.
|
|t:|1656101426
|move|p2a: Hattrem|Rest|p2a: Hattrem
|-status|p2a: Hattrem|slp|[from] move: Rest
|-heal|p2a: Hattrem|100/100 slp|[silent]
|move|p1a: Stunfisk|Earthquake|p2a: Hattrem
|-damage|p2a: Hattrem|81/100 slp
|
|-heal|p1a: Stunfisk|25/100|[from] item: Leftovers
|upkeep
|turn|73
|l|+airfare
|
|t:|1656101438
|switch|p2a: Eldegoss|Eldegoss, F|100/100
|move|p1a: Stunfisk|Stealth Rock|p2a: Eldegoss
|-sidestart|p2: london13|move: Stealth Rock
|
|-heal|p1a: Stunfisk|31/100|[from] item: Leftovers
|upkeep
|turn|74
|
|t:|1656101449
|move|p2a: Eldegoss|Sleep Powder|p1a: Stunfisk
|-status|p1a: Stunfisk|slp|[from] move: Sleep Powder
|cant|p1a: Stunfisk|slp
|
|-heal|p1a: Stunfisk|37/100 slp|[from] item: Leftovers
|upkeep
|turn|75
|
|t:|1656101453
|switch|p1a: Charizard|Charizard, M|75/100
|move|p2a: Eldegoss|Rapid Spin|p1a: Charizard
|-damage|p1a: Charizard|66/100
|-boost|p2a: Eldegoss|spe|1
|-sideend|p2: london13|Stealth Rock|[from] move: Rapid Spin|[of] p2a: Eldegoss
|
|upkeep
|turn|76
|inactive|london13 has 150 seconds left.
|inactive|london13 has 120 seconds left.
|
|t:|1656101502
|move|p1a: Charizard|Flamethrower|p2a: Eldegoss
|-supereffective|p2a: Eldegoss
|-damage|p2a: Eldegoss|15/100
|move|p2a: Eldegoss|Weather Ball|p1a: Charizard
|-damage|p1a: Charizard|49/100
|
|upkeep
|turn|77
|inactive|london13 has 120 seconds left.
|
|t:|1656101523
|move|p1a: Charizard|Flamethrower|p2a: Eldegoss
|-supereffective|p2a: Eldegoss
|-damage|p2a: Eldegoss|0 fnt
|faint|p2a: Eldegoss
|
|upkeep
|
|t:|1656101531
|switch|p2a: Hattrem|Hattrem, F|81/100 slp
|turn|78
|j| diegoblu~
|inactive|pattek has 180 seconds left.
|
|t:|1656101557
|move|p1a: Charizard|Flamethrower|p2a: Hattrem
|-damage|p2a: Hattrem|41/100 slp
|cant|p2a: Hattrem|slp
|move|p2a: Hattrem|Sleep Talk|p2a: Hattrem
|move|p2a: Hattrem|Psychic|p1a: Charizard|[from]move: Sleep Talk
|-damage|p1a: Charizard|11/100
|
|upkeep
|turn|79
|inactive|london13 has 120 seconds left.
|
|t:|1656101569
|move|p1a: Charizard|Flamethrower|p2a: Hattrem
|-damage|p2a: Hattrem|0 fnt
|faint|p2a: Hattrem
|
|upkeep
|
|t:|1656101572
|switch|p2a: Silvally|Silvally-Fairy|45/100
|turn|80
|
|t:|1656101574
|move|p1a: Charizard|Flamethrower|p2a: Silvally
|-damage|p2a: Silvally|0 fnt
|faint|p2a: Silvally
|
|win|pattek
|c|☆pattek|gg
|c|☆london13|gg
|l| PrinceOfAllTacos
|l| diegoblu~
