|j|☆Newlands College
|j|☆kingqueso141
|t:|1656477128
|gametype|singles
|player|p1|Newlands College|rocketgruntf|1340
|player|p2|kingqueso141|rosa|1307
|teamsize|p1|6
|teamsize|p2|6
|gen|8
|tier|[Gen 8] PU
|rated|
|rule|Sleep Clause Mod: Limit one foe put to sleep
|rule|Species Clause: Limit one of each Pokémon
|rule|OHKO Clause: OHKO moves are banned
|rule|Evasion Moves Clause: Evasion moves are banned
|rule|Endless Battle Clause: Forcing endless battles is banned
|rule|HP Percentage Mod: HP is shown in percentages
|rule|Dynamax Clause: You cannot dynamax
|clearpoke
|poke|p1|Aggron, M|
|poke|p1|Weezing, F|
|poke|p1|Eldegoss, F|
|poke|p1|Ribombee, M|
|poke|p1|Basculin-Blue-Striped, M|
|poke|p1|Centiskorch, F|
|poke|p2|Centiskorch, M|
|poke|p2|Articuno-Galar|
|poke|p2|Regirock|
|poke|p2|Quagsire, M|
|poke|p2|Ribombee, F|
|poke|p2|Scrafty, F|
|teampreview
|
|t:|1656477148
|start
|switch|p1a: Basculin|Basculin-Blue-Striped, M|100/100
|switch|p2a: Ribombee|Ribombee, F|100/100
|turn|1
|inactive|Battle timer is ON: inactive players will automatically lose when time's up. (requested by Newlands College)
|
|t:|1656477158
|move|p2a: Ribombee|Stun Spore|p1a: Basculin
|-status|p1a: Basculin|par
|move|p1a: Basculin|Flip Turn|p2a: Ribombee
|-damage|p2a: Ribombee|11/100
|
|t:|1656477168
|switch|p1a: Aggron|Aggron, M|100/100|[from]move: Flip Turn
|
|upkeep
|turn|2
|
|t:|1656477178
|move|p2a: Ribombee|U-turn|p1a: Aggron
|-resisted|p1a: Aggron
|-damage|p1a: Aggron|96/100
|
|t:|1656477181
|switch|p2a: Regirock|Regirock|100/100|[from]move: U-turn
|move|p1a: Aggron|Stealth Rock|p2a: Regirock
|-sidestart|p2: kingqueso141|move: Stealth Rock
|
|-heal|p1a: Aggron|100/100|[from] item: Leftovers
|upkeep
|turn|3
|
|t:|1656477192
|switch|p1a: Weezing|Weezing, F|100/100
|move|p2a: Regirock|Body Press|p1a: Weezing
|-resisted|p1a: Weezing
|-damage|p1a: Weezing|86/100
|
|-heal|p1a: Weezing|92/100|[from] item: Black Sludge
|upkeep
|turn|4
|
|t:|1656477203
|switch|p2a: Articuno|Articuno-Galar|100/100
|-damage|p2a: Articuno|76/100|[from] Stealth Rock
|move|p1a: Weezing|Will-O-Wisp|p2a: Articuno
|-status|p2a: Articuno|brn
|
|-heal|p1a: Weezing|98/100|[from] item: Black Sludge
|-damage|p2a: Articuno|69/100 brn|[from] brn
|upkeep
|turn|5
|
|t:|1656477216
|switch|p1a: Aggron|Aggron, M|100/100
|move|p2a: Articuno|Air Slash|p1a: Aggron
|-resisted|p1a: Aggron
|-damage|p1a: Aggron|88/100
|
|-heal|p1a: Aggron|94/100|[from] item: Leftovers
|-damage|p2a: Articuno|63/100 brn|[from] brn
|upkeep
|turn|6
|
|t:|1656477227
|switch|p2a: Quagsire|Quagsire, M|100/100
|-damage|p2a: Quagsire|94/100|[from] Stealth Rock
|move|p1a: Aggron|Head Smash|p2a: Quagsire
|-resisted|p2a: Quagsire
|-damage|p2a: Quagsire|75/100
|-damage|p1a: Aggron|77/100|[from] item: Rocky Helmet|[of] p2a: Quagsire
|
|-heal|p1a: Aggron|83/100|[from] item: Leftovers
|upkeep
|turn|7
|
|t:|1656477246
|switch|p1a: Eldegoss|Eldegoss, F|100/100
|move|p2a: Quagsire|Scald|p1a: Eldegoss
|-resisted|p1a: Eldegoss
|-crit|p1a: Eldegoss
|-damage|p1a: Eldegoss|91/100
|
|-heal|p1a: Eldegoss|97/100|[from] item: Leftovers
|upkeep
|turn|8
|
|t:|1656477258
|switch|p2a: Centiskorch|Centiskorch, M|100/100
|move|p1a: Eldegoss|Aromatherapy|p1a: Eldegoss
|-activate|p1a: Eldegoss|move: Aromatherapy
|-curestatus|p1: Basculin|par|[msg]
|
|-heal|p1a: Eldegoss|100/100|[from] item: Leftovers
|upkeep
|turn|9
|
|t:|1656477285
|switch|p1a: Weezing|Weezing, F|98/100
|move|p2a: Centiskorch|Knock Off|p1a: Weezing
|-damage|p1a: Weezing|74/100
|-enditem|p1a: Weezing|Black Sludge|[from] move: Knock Off|[of] p2a: Centiskorch
|
|upkeep
|turn|10
|
|t:|1656477302
|switch|p1a: Basculin|Basculin-Blue-Striped, M|100/100
|move|p2a: Centiskorch|Fire Lash|p1a: Basculin
|-resisted|p1a: Basculin
|-damage|p1a: Basculin|62/100
|-unboost|p1a: Basculin|def|1
|
|upkeep
|turn|11
|
|t:|1656477313
|switch|p2a: Quagsire|Quagsire, M|75/100
|-damage|p2a: Quagsire|69/100|[from] Stealth Rock
|move|p1a: Basculin|Flip Turn|p2a: Quagsire
|-damage|p2a: Quagsire|32/100
|-damage|p1a: Basculin|46/100|[from] item: Rocky Helmet|[of] p2a: Quagsire
|j| 07l中国大妈
|
|t:|1656477323
|switch|p1a: Ribombee|Ribombee, M|100/100|[from]move: Flip Turn
|
|upkeep
|turn|12
|
|t:|1656477332
|move|p1a: Ribombee|Moonblast|p2a: Quagsire
|-damage|p2a: Quagsire|0 fnt
|faint|p2a: Quagsire
|
|upkeep
|
|t:|1656477337
|switch|p2a: Centiskorch|Centiskorch, M|100/100
|turn|13
|
|t:|1656477350
|move|p1a: Ribombee|U-turn|p2a: Centiskorch
|-resisted|p2a: Centiskorch
|-damage|p2a: Centiskorch|91/100
|
|t:|1656477356
|switch|p1a: Centiskorch|Centiskorch, F|100/100|[from]move: U-turn
|move|p2a: Centiskorch|Power Whip|p1a: Centiskorch
|-resisted|p1a: Centiskorch
|-damage|p1a: Centiskorch|86/100
|
|upkeep
|turn|14
|inactive|kingqueso141 has 120 seconds left.
|
|t:|1656477390
|move|p1a: Centiskorch|Knock Off|p2a: Centiskorch
|-damage|p2a: Centiskorch|45/100
|-enditem|p2a: Centiskorch|Heavy-Duty Boots|[from] move: Knock Off|[of] p1a: Centiskorch
|move|p2a: Centiskorch|Fire Lash|p1a: Centiskorch
|-damage|p1a: Centiskorch|29/100
|-unboost|p1a: Centiskorch|def|1
|
|upkeep
|turn|15
|
|t:|1656477399
|move|p1a: Centiskorch|Fire Lash|p2a: Centiskorch
|-start|p2a: Centiskorch|ability: Flash Fire
|move|p2a: Centiskorch|Fire Lash|p1a: Centiskorch
|-damage|p1a: Centiskorch|0 fnt
|faint|p1a: Centiskorch
|
|upkeep
|c|☆Newlands College|whoops lol
|
|t:|1656477414
|switch|p1a: Basculin|Basculin-Blue-Striped, M|46/100
|turn|16
|
|t:|1656477432
|move|p1a: Basculin|Flip Turn|p2a: Centiskorch
|-supereffective|p2a: Centiskorch
|-damage|p2a: Centiskorch|0 fnt
|faint|p2a: Centiskorch
|
|t:|1656477442
|switch|p1a: Ribombee|Ribombee, M|100/100|[from]move: Flip Turn
|
|upkeep
|
|t:|1656477447
|switch|p2a: Regirock|Regirock|100/100
|-damage|p2a: Regirock|88/100|[from] Stealth Rock
|turn|17
|
|t:|1656477452
|move|p1a: Ribombee|U-turn|p2a: Regirock
|-damage|p2a: Regirock|82/100
|
|t:|1656477458
|switch|p1a: Weezing|Weezing, F|74/100|[from]move: U-turn
|move|p2a: Regirock|Body Press|p1a: Weezing
|-resisted|p1a: Weezing
|-damage|p1a: Weezing|62/100
|
|-heal|p2a: Regirock|88/100|[from] item: Leftovers
|upkeep
|turn|18
|
|t:|1656477469
|switch|p2a: Ribombee|Ribombee, F|11/100
|move|p1a: Weezing|Sludge Wave|p2a: Ribombee
|-supereffective|p2a: Ribombee
|-damage|p2a: Ribombee|0 fnt
|faint|p2a: Ribombee
|
|upkeep
|
|t:|1656477473
|switch|p2a: Scrafty|Scrafty, F|100/100
|-damage|p2a: Scrafty|95/100|[from] Stealth Rock
|turn|19
|
|t:|1656477483
|switch|p1a: Ribombee|Ribombee, M|100/100
|move|p2a: Scrafty|Dragon Dance|p2a: Scrafty
|-boost|p2a: Scrafty|atk|1
|-boost|p2a: Scrafty|spe|1
|
|upkeep
|turn|20
|
|t:|1656477496
|move|p2a: Scrafty|Iron Head|p1a: Ribombee
|-supereffective|p1a: Ribombee
|-damage|p1a: Ribombee|0 fnt
|faint|p1a: Ribombee
|-ability|p2a: Scrafty|Moxie|boost
|-boost|p2a: Scrafty|atk|1
|
|upkeep
|inactive|Newlands College has 120 seconds left.
|inactive|Newlands College has 90 seconds left.
|
|t:|1656477560
|switch|p1a: Weezing|Weezing, F|62/100
|turn|21
|c|☆Newlands College|gg
|c|☆Newlands College|thought I was timid bee
|inactive|kingqueso141 has 120 seconds left.
|
|t:|1656477598
|move|p2a: Scrafty|Close Combat|p1a: Weezing
|-resisted|p1a: Weezing
|-damage|p1a: Weezing|33/100
|-unboost|p2a: Scrafty|def|1
|-unboost|p2a: Scrafty|spd|1
|move|p1a: Weezing|Sludge Wave|p2a: Scrafty
|-damage|p2a: Scrafty|50/100
|
|upkeep
|turn|22
|inactive|kingqueso141 has 120 seconds left.
|
|t:|1656477620
|move|p2a: Scrafty|Iron Head|p1a: Weezing
|-damage|p1a: Weezing|5/100
|move|p1a: Weezing|Sludge Wave|p2a: Scrafty
|-damage|p2a: Scrafty|5/100
|
|upkeep
|turn|23
|
|t:|1656477629
|move|p2a: Scrafty|Iron Head|p1a: Weezing
|-damage|p1a: Weezing|0 fnt
|faint|p1a: Weezing
|-ability|p2a: Scrafty|Moxie|boost
|-boost|p2a: Scrafty|atk|1
|
|upkeep
|
|t:|1656477635
|switch|p1a: Basculin|Basculin-Blue-Striped, M|46/100
|turn|24
|
|t:|1656477641
|move|p1a: Basculin|Aqua Jet|p2a: Scrafty
|-damage|p2a: Scrafty|0 fnt
|faint|p2a: Scrafty
|
|upkeep
|
|t:|1656477646
|switch|p2a: Regirock|Regirock|88/100
|-damage|p2a: Regirock|76/100|[from] Stealth Rock
|turn|25
|
|t:|1656477653
|switch|p1a: Eldegoss|Eldegoss, F|100/100
|move|p2a: Regirock|Body Press|p1a: Eldegoss
|-crit|p1a: Eldegoss
|-damage|p1a: Eldegoss|30/100
|
|-heal|p1a: Eldegoss|36/100|[from] item: Leftovers
|-heal|p2a: Regirock|82/100|[from] item: Leftovers
|upkeep
|turn|26
|
|t:|1656477664
|switch|p2a: Articuno|Articuno-Galar|63/100 brn
|-damage|p2a: Articuno|38/100 brn|[from] Stealth Rock
|move|p1a: Eldegoss|Light Screen|p1a: Eldegoss
|-sidestart|p1: Newlands College|move: Light Screen
|
|-heal|p1a: Eldegoss|42/100|[from] item: Leftovers
|-damage|p2a: Articuno|32/100 brn|[from] brn
|upkeep
|turn|27
|
|t:|1656477673
|switch|p1a: Aggron|Aggron, M|83/100
|move|p2a: Articuno|Freezing Glare|p1a: Aggron
|-resisted|p1a: Aggron
|-damage|p1a: Aggron|66/100
|
|-heal|p1a: Aggron|72/100|[from] item: Leftovers
|-damage|p2a: Articuno|26/100 brn|[from] brn
|upkeep
|turn|28
|
|t:|1656477683
|move|p2a: Articuno|Freezing Glare|p1a: Aggron
|-resisted|p1a: Aggron
|-damage|p1a: Aggron|55/100
|-status|p1a: Aggron|frz
|cant|p1a: Aggron|frz
|
|-heal|p1a: Aggron|61/100 frz|[from] item: Leftovers
|-damage|p2a: Articuno|20/100 brn|[from] brn
|upkeep
|turn|29
|c|☆kingqueso141|oh
|c|☆Newlands College|lol
|
|t:|1656477703
|move|p2a: Articuno|Freezing Glare|p1a: Aggron
|-resisted|p1a: Aggron
|-damage|p1a: Aggron|44/100 frz
|cant|p1a: Aggron|frz
|
|-heal|p1a: Aggron|50/100 frz|[from] item: Leftovers
|-damage|p2a: Articuno|13/100 brn|[from] brn
|upkeep
|turn|30
|
|t:|1656477713
|switch|p1a: Eldegoss|Eldegoss, F|75/100
|move|p2a: Articuno|Freezing Glare|p1a: Eldegoss
|-damage|p1a: Eldegoss|54/100
|
|-heal|p1a: Eldegoss|60/100|[from] item: Leftovers
|-damage|p2a: Articuno|7/100 brn|[from] brn
|-sideend|p1: Newlands College|move: Light Screen
|upkeep
|turn|31
|
|t:|1656477723
|switch|p1a: Aggron|Aggron, M|50/100 frz
|move|p2a: Articuno|Freezing Glare|p1a: Aggron
|-resisted|p1a: Aggron
|-damage|p1a: Aggron|14/100 frz
|
|-heal|p1a: Aggron|20/100 frz|[from] item: Leftovers
|-damage|p2a: Articuno|1/100 brn|[from] brn
|upkeep
|turn|32
|
|t:|1656477732
|move|p2a: Articuno|Freezing Glare|p1a: Aggron
|-resisted|p1a: Aggron
|-damage|p1a: Aggron|0 fnt
|faint|p1a: Aggron
|
|-damage|p2a: Articuno|0 fnt|[from] brn
|faint|p2a: Articuno
|upkeep
|
|t:|1656477739
|switch|p2a: Regirock|Regirock|82/100
|switch|p1a: Basculin|Basculin-Blue-Striped, M|46/100
|-damage|p2a: Regirock|69/100|[from] Stealth Rock
|turn|33
|
|t:|1656477746
|move|p1a: Basculin|Liquidation|p2a: Regirock
|-supereffective|p2a: Regirock
|-damage|p2a: Regirock|10/100
|move|p2a: Regirock|Body Press|p1a: Basculin
|-damage|p1a: Basculin|0 fnt
|faint|p1a: Basculin
|
|-heal|p2a: Regirock|16/100|[from] item: Leftovers
|upkeep
|
|t:|1656477754
|switch|p1a: Eldegoss|Eldegoss, F|94/100
|turn|34
|
|t:|1656477758
|move|p1a: Eldegoss|Giga Drain|p2a: Regirock
|-supereffective|p2a: Regirock
|-damage|p2a: Regirock|0 fnt
|-heal|p1a: Eldegoss|100/100|[from] drain|[of] p2a: Regirock
|faint|p2a: Regirock
|
|win|Newlands College
|raw|Newlands College's rating: 1340 &rarr; <strong>1358</strong><br />(+18 for winning)
|raw|kingqueso141's rating: 1307 &rarr; <strong>1289</strong><br />(-18 for losing)
|c|☆kingqueso141|gg
|c|☆Newlands College|gg
|l| 07l中国大妈
|c|☆kingqueso141|Wish I had something for the weezing
|c|☆Newlands College|Yeah I was shook haha
|c|☆Newlands College|no knock off?
|c|☆kingqueso141|I had already knocked off the item earlier
|c|☆Newlands College|I suppose it was weak cause I was already itemless
|c|☆Newlands College|True.Well I changed nature on the bee for future haha
|l|☆kingqueso141
|c|☆Newlands College|Well played friend
