|html|<div class="broadcast-blue"><strong>[Gen 8] PU is currently suspecting Vanilluxe! For information on how to participate check out the <a href="https://www.smogon.com/forums/threads/np-ss-pu-stage-10-ice-cream-vanilluxe-suspect-test.3705646/">suspect thread</a>.</strong></div>
|j|☆PUVS QiYu5
|j|☆yassy slay
|t:|1659349834
|gametype|singles
|player|p1|PUVS QiYu5|drayden|1360
|player|p2|yassy slay|clown|1659
|teamsize|p1|6
|teamsize|p2|6
|gen|8
|tier|[Gen 8] PU
|rated|
|rule|Sleep Clause Mod: Limit one foe put to sleep
|rule|Species Clause: Limit one of each Pokémon
|rule|OHKO Clause: OHKO moves are banned
|rule|Evasion Moves Clause: Evasion moves are banned
|rule|Endless Battle Clause: Forcing endless battles is banned
|rule|HP Percentage Mod: HP is shown in percentages
|rule|Dynamax Clause: You cannot dynamax
|clearpoke
|poke|p1|Aromatisse, F|
|poke|p1|Absol, F|
|poke|p1|Gigalith, F|
|poke|p1|Articuno-Galar|
|poke|p1|Sandslash, M|
|poke|p1|Eldegoss, F|
|poke|p2|Stunfisk-Galar, M|
|poke|p2|Cryogonal|
|poke|p2|Miltank, F|
|poke|p2|Wishiwashi, F|
|poke|p2|Gourgeist-*, M|
|poke|p2|Comfey, F|
|teampreview
|
|t:|1659349846
|start
|switch|p1a: 死亡如风常伴吾身|Absol, F|100/100
|switch|p2a: Comfey|Comfey, F|100/100
|turn|1
|
|t:|1659349849
|move|p1a: 死亡如风常伴吾身|Iron Tail|p2a: Comfey
|-supereffective|p2a: Comfey
|-crit|p2a: Comfey
|-damage|p2a: Comfey|0 fnt
|faint|p2a: Comfey
|
|upkeep
|
|t:|1659349875
|switch|p2a: Wishiwashi|Wishiwashi, F|100/100
|-formechange|p2a: Wishiwashi|Wishiwashi-School||[from] ability: Schooling
|turn|2
|
|t:|1659349881
|switch|p1a: 人生就得带点绿|Eldegoss, F|100/100
|move|p2a: Wishiwashi|U-turn|p1a: 人生就得带点绿
|-supereffective|p1a: 人生就得带点绿
|-damage|p1a: 人生就得带点绿|65/100
|-damage|p2a: Wishiwashi|84/100|[from] item: Rocky Helmet|[of] p1a: 人生就得带点绿
|inactive|Battle timer is ON: inactive players will automatically lose when time's up. (requested by PUVS QiYu5)
|
|t:|1659349894
|switch|p2a: Cryogonal|Cryogonal|100/100|[from]move: U-turn
|
|upkeep
|turn|3
|
|t:|1659349897
|switch|p1a: 全集中岩之呼吸|Gigalith, F|100/100
|-weather|Sandstorm|[from] ability: Sand Stream|[of] p1a: 全集中岩之呼吸
|move|p2a: Cryogonal|Toxic|p1a: 全集中岩之呼吸
|-status|p1a: 全集中岩之呼吸|tox
|
|-weather|Sandstorm|[upkeep]
|-damage|p2a: Cryogonal|95/100|[from] Sandstorm
|-damage|p1a: 全集中岩之呼吸|94/100 tox|[from] psn
|upkeep
|turn|4
|
|t:|1659349899
|switch|p2a: Stunfisk|Stunfisk-Galar, M|100/100
|move|p1a: 全集中岩之呼吸|Stealth Rock|p2a: Stunfisk
|-sidestart|p2: yassy slay|move: Stealth Rock
|
|-weather|Sandstorm|[upkeep]
|-heal|p1a: 全集中岩之呼吸|100/100 tox|[from] item: Leftovers
|-damage|p1a: 全集中岩之呼吸|88/100 tox|[from] psn
|upkeep
|turn|5
|
|t:|1659349904
|move|p2a: Stunfisk|Stealth Rock|p1a: 全集中岩之呼吸
|-sidestart|p1: PUVS QiYu5|move: Stealth Rock
|move|p1a: 全集中岩之呼吸|Earthquake|p2a: Stunfisk
|-supereffective|p2a: Stunfisk
|-damage|p2a: Stunfisk|68/100
|
|-weather|Sandstorm|[upkeep]
|-heal|p2a: Stunfisk|74/100|[from] item: Leftovers
|-heal|p1a: 全集中岩之呼吸|94/100 tox|[from] item: Leftovers
|-damage|p1a: 全集中岩之呼吸|76/100 tox|[from] psn
|upkeep
|turn|6
|
|t:|1659349908
|switch|p1a: 人生就得带点绿|Eldegoss, F|99/100
|-damage|p1a: 人生就得带点绿|86/100|[from] Stealth Rock
|move|p2a: Stunfisk|Foul Play|p1a: 人生就得带点绿
|-damage|p1a: 人生就得带点绿|76/100
|-damage|p2a: Stunfisk|58/100|[from] item: Rocky Helmet|[of] p1a: 人生就得带点绿
|
|-weather|Sandstorm|[upkeep]
|-damage|p1a: 人生就得带点绿|70/100|[from] Sandstorm
|-heal|p2a: Stunfisk|64/100|[from] item: Leftovers
|upkeep
|turn|7
|
|t:|1659349911
|switch|p2a: Gourgeist|Gourgeist-Small, M|100/100
|-damage|p2a: Gourgeist|88/100|[from] Stealth Rock
|-item|p1a: 人生就得带点绿|Rocky Helmet|[from] ability: Frisk|[of] p2a: Gourgeist|[identify]
|move|p1a: 人生就得带点绿|Rapid Spin|p2a: Gourgeist
|-immune|p2a: Gourgeist
|
|-weather|none
|upkeep
|turn|8
|
|t:|1659349915
|move|p2a: Gourgeist|Trick|p1a: 人生就得带点绿
|-activate|p2a: Gourgeist|move: Trick|[of] p1a: 人生就得带点绿
|-item|p1a: 人生就得带点绿|Choice Scarf|[from] move: Trick
|-item|p2a: Gourgeist|Rocky Helmet|[from] move: Trick
|move|p1a: 人生就得带点绿|Leaf Tornado|p2a: Gourgeist
|-resisted|p2a: Gourgeist
|-damage|p2a: Gourgeist|73/100
|
|upkeep
|turn|9
|
|t:|1659349922
|move|p2a: Gourgeist|Poltergeist|p1a: 人生就得带点绿
|-activate|p1a: 人生就得带点绿|move: Poltergeist|Choice Scarf
|-damage|p1a: 人生就得带点绿|35/100
|move|p1a: 人生就得带点绿|Leaf Tornado|p2a: Gourgeist
|-resisted|p2a: Gourgeist
|-damage|p2a: Gourgeist|58/100
|-unboost|p2a: Gourgeist|accuracy|1
|
|upkeep
|turn|10
|
|t:|1659349931
|switch|p2a: Miltank|Miltank, F|100/100
|switch|p1a: 代表月亮消灭你|Aromatisse, F|100/100
|-damage|p1a: 代表月亮消灭你|88/100|[from] Stealth Rock
|
|-heal|p1a: 代表月亮消灭你|94/100|[from] item: Leftovers
|upkeep
|turn|11
|
|t:|1659349941
|move|p2a: Miltank|Toxic|p1a: 代表月亮消灭你
|-status|p1a: 代表月亮消灭你|tox
|move|p1a: 代表月亮消灭你|Wish|p1a: 代表月亮消灭你
|
|-heal|p1a: 代表月亮消灭你|100/100 tox|[from] item: Leftovers
|-damage|p1a: 代表月亮消灭你|94/100 tox|[from] psn
|upkeep
|turn|12
|
|t:|1659349947
|switch|p1a: 人生就得带点绿|Eldegoss, F|68/100
|-damage|p1a: 人生就得带点绿|56/100|[from] Stealth Rock
|move|p2a: Miltank|Double-Edge|p1a: 人生就得带点绿
|-damage|p1a: 人生就得带点绿|16/100
|-damage|p2a: Miltank|88/100|[from] Recoil
|
|-heal|p1a: 人生就得带点绿|78/100|[from] move: Wish|[wisher] 代表月亮消灭你
|upkeep
|turn|13
|
|t:|1659349967
|switch|p2a: Gourgeist|Gourgeist-Small, M|58/100
|-damage|p2a: Gourgeist|46/100|[from] Stealth Rock
|-item|p1a: 人生就得带点绿|Choice Scarf|[from] ability: Frisk|[of] p2a: Gourgeist|[identify]
|move|p1a: 人生就得带点绿|Aromatherapy|p1a: 人生就得带点绿
|-activate|p1a: 人生就得带点绿|move: Aromatherapy
|-curestatus|p1: 代表月亮消灭你|tox|[msg]
|-curestatus|p1: 全集中岩之呼吸|tox|[msg]
|
|upkeep
|turn|14
|
|t:|1659349972
|switch|p1a: 代表月亮消灭你|Aromatisse, F|94/100
|-damage|p1a: 代表月亮消灭你|82/100|[from] Stealth Rock
|move|p2a: Gourgeist|Synthesis|p2a: Gourgeist
|-heal|p2a: Gourgeist|95/100
|
|-heal|p1a: 代表月亮消灭你|88/100|[from] item: Leftovers
|upkeep
|turn|15
|
|t:|1659349980
|switch|p2a: Miltank|Miltank, F|88/100
|move|p1a: 代表月亮消灭你|Wish|p1a: 代表月亮消灭你
|
|-heal|p1a: 代表月亮消灭你|94/100|[from] item: Leftovers
|upkeep
|turn|16
|
|t:|1659349985
|switch|p1a: 死亡如风常伴吾身|Absol, F|100/100
|-damage|p1a: 死亡如风常伴吾身|88/100|[from] Stealth Rock
|move|p2a: Miltank|Toxic|p1a: 死亡如风常伴吾身
|-status|p1a: 死亡如风常伴吾身|tox
|
|-heal|p1a: 死亡如风常伴吾身|100/100 tox|[from] move: Wish|[wisher] 代表月亮消灭你
|-damage|p1a: 死亡如风常伴吾身|95/100 tox|[from] psn
|upkeep
|turn|17
|
|t:|1659349997
|move|p2a: Miltank|Double-Edge|p1a: 死亡如风常伴吾身
|-damage|p1a: 死亡如风常伴吾身|15/100 tox
|-damage|p2a: Miltank|66/100|[from] Recoil
|move|p1a: 死亡如风常伴吾身|Close Combat|p2a: Miltank
|-supereffective|p2a: Miltank
|-damage|p2a: Miltank|0 fnt
|-unboost|p1a: 死亡如风常伴吾身|def|1
|-unboost|p1a: 死亡如风常伴吾身|spd|1
|faint|p2a: Miltank
|
|-damage|p1a: 死亡如风常伴吾身|3/100 tox|[from] psn
|upkeep
|
|t:|1659350001
|switch|p2a: Cryogonal|Cryogonal|95/100
|turn|18
|
|t:|1659350007
|switch|p1a: 全集中岩之呼吸|Gigalith, F|76/100
|-damage|p1a: 全集中岩之呼吸|64/100|[from] Stealth Rock
|-weather|Sandstorm|[from] ability: Sand Stream|[of] p1a: 全集中岩之呼吸
|move|p2a: Cryogonal|Rapid Spin|p1a: 全集中岩之呼吸
|-resisted|p1a: 全集中岩之呼吸
|-damage|p1a: 全集中岩之呼吸|61/100
|-boost|p2a: Cryogonal|spe|1
|-sideend|p2: yassy slay|Stealth Rock|[from] move: Rapid Spin|[of] p2a: Cryogonal
|
|-weather|Sandstorm|[upkeep]
|-damage|p2a: Cryogonal|89/100|[from] Sandstorm
|-heal|p1a: 全集中岩之呼吸|68/100|[from] item: Leftovers
|upkeep
|turn|19
|
|t:|1659350014
|switch|p2a: Wishiwashi|Wishiwashi, F|84/100
|-formechange|p2a: Wishiwashi|Wishiwashi-School||[from] ability: Schooling
|move|p1a: 全集中岩之呼吸|Stealth Rock|p2a: Wishiwashi
|-sidestart|p2: yassy slay|move: Stealth Rock
|
|-weather|Sandstorm|[upkeep]
|-damage|p2a: Wishiwashi|78/100|[from] Sandstorm
|-heal|p1a: 全集中岩之呼吸|74/100|[from] item: Leftovers
|-heal|p2a: Wishiwashi|84/100|[from] item: Leftovers
|upkeep
|turn|20
|j| Haffling
|inactive|PUVS QiYu5 has 120 seconds left.
|
|t:|1659350046
|move|p1a: 全集中岩之呼吸|Protect|p1a: 全集中岩之呼吸
|-singleturn|p1a: 全集中岩之呼吸|Protect
|move|p2a: Wishiwashi|Scald|p1a: 全集中岩之呼吸
|-activate|p1a: 全集中岩之呼吸|move: Protect
|
|-weather|Sandstorm|[upkeep]
|-damage|p2a: Wishiwashi|78/100|[from] Sandstorm
|-heal|p1a: 全集中岩之呼吸|80/100|[from] item: Leftovers
|-heal|p2a: Wishiwashi|84/100|[from] item: Leftovers
|upkeep
|turn|21
|
|t:|1659350051
|switch|p1a: 人生就得带点绿|Eldegoss, F|100/100
|-damage|p1a: 人生就得带点绿|88/100|[from] Stealth Rock
|move|p2a: Wishiwashi|U-turn|p1a: 人生就得带点绿
|-supereffective|p1a: 人生就得带点绿
|-damage|p1a: 人生就得带点绿|56/100
|
|t:|1659350054
|switch|p2a: Cryogonal|Cryogonal|89/100|[from]move: U-turn
|
|-weather|Sandstorm|[upkeep]
|-damage|p2a: Cryogonal|83/100|[from] Sandstorm
|-damage|p1a: 人生就得带点绿|50/100|[from] Sandstorm
|upkeep
|turn|22
|
|t:|1659350075
|switch|p1a: 全集中岩之呼吸|Gigalith, F|80/100
|-damage|p1a: 全集中岩之呼吸|68/100|[from] Stealth Rock
|move|p2a: Cryogonal|Frost Breath|p1a: 全集中岩之呼吸
|-crit|p1a: 全集中岩之呼吸
|-damage|p1a: 全集中岩之呼吸|48/100
|
|-weather|none
|-heal|p1a: 全集中岩之呼吸|54/100|[from] item: Leftovers
|upkeep
|turn|23
|
|t:|1659350097
|switch|p2a: Wishiwashi|Wishiwashi, F|84/100
|-damage|p2a: Wishiwashi|72/100|[from] Stealth Rock
|-formechange|p2a: Wishiwashi|Wishiwashi-School||[from] ability: Schooling
|move|p1a: 全集中岩之呼吸|Rock Blast|p2a: Wishiwashi
|-damage|p2a: Wishiwashi|60/100
|-damage|p2a: Wishiwashi|50/100
|-damage|p2a: Wishiwashi|39/100
|-hitcount|p2a: Wishiwashi|3
|
|-heal|p1a: 全集中岩之呼吸|61/100|[from] item: Leftovers
|-heal|p2a: Wishiwashi|45/100|[from] item: Leftovers
|upkeep
|turn|24
|
|t:|1659350119
|move|p1a: 全集中岩之呼吸|Protect|p1a: 全集中岩之呼吸
|-singleturn|p1a: 全集中岩之呼吸|Protect
|move|p2a: Wishiwashi|Rest|p2a: Wishiwashi
|-status|p2a: Wishiwashi|slp|[from] move: Rest
|-heal|p2a: Wishiwashi|100/100 slp|[silent]
|
|-heal|p1a: 全集中岩之呼吸|67/100|[from] item: Leftovers
|upkeep
|turn|25
|
|t:|1659350123
|switch|p1a: 窗外的麻雀在电线杆上啵嘴|Articuno-Galar|100/100
|-damage|p1a: 窗外的麻雀在电线杆上啵嘴|76/100|[from] Stealth Rock
|cant|p2a: Wishiwashi|slp
|move|p2a: Wishiwashi|Sleep Talk|p2a: Wishiwashi
|move|p2a: Wishiwashi|U-turn|p1a: 窗外的麻雀在电线杆上啵嘴|[from]move: Sleep Talk
|-damage|p1a: 窗外的麻雀在电线杆上啵嘴|49/100
|
|t:|1659350129
|switch|p2a: Gourgeist|Gourgeist-Small, M|95/100|[from]move: U-turn
|-damage|p2a: Gourgeist|83/100|[from] Stealth Rock
|-item|p1a: 窗外的麻雀在电线杆上啵嘴|Choice Specs|[from] ability: Frisk|[of] p2a: Gourgeist|[identify]
|
|upkeep
|turn|26
|
|t:|1659350155
|move|p2a: Gourgeist|Poltergeist|p1a: 窗外的麻雀在电线杆上啵嘴
|-activate|p1a: 窗外的麻雀在电线杆上啵嘴|move: Poltergeist|Choice Specs
|-supereffective|p1a: 窗外的麻雀在电线杆上啵嘴
|-damage|p1a: 窗外的麻雀在电线杆上啵嘴|0 fnt
|faint|p1a: 窗外的麻雀在电线杆上啵嘴
|
|upkeep
|
|t:|1659350164
|switch|p1a: 代表月亮消灭你|Aromatisse, F|94/100
|-damage|p1a: 代表月亮消灭你|82/100|[from] Stealth Rock
|turn|27
|
|t:|1659350173
|switch|p2a: Wishiwashi|Wishiwashi, F|100/100 slp
|-damage|p2a: Wishiwashi|88/100 slp|[from] Stealth Rock
|-formechange|p2a: Wishiwashi|Wishiwashi-School||[from] ability: Schooling
|move|p1a: 代表月亮消灭你|Moonblast|p2a: Wishiwashi
|-damage|p2a: Wishiwashi|64/100 slp
|
|-heal|p1a: 代表月亮消灭你|88/100|[from] item: Leftovers
|-heal|p2a: Wishiwashi|71/100 slp|[from] item: Leftovers
|upkeep
|turn|28
|
|t:|1659350175
|move|p1a: 代表月亮消灭你|Calm Mind|p1a: 代表月亮消灭你
|-boost|p1a: 代表月亮消灭你|spa|1
|-boost|p1a: 代表月亮消灭你|spd|1
|cant|p2a: Wishiwashi|slp
|move|p2a: Wishiwashi|Sleep Talk|p2a: Wishiwashi
|move|p2a: Wishiwashi|U-turn|p1a: 代表月亮消灭你|[from]move: Sleep Talk
|-resisted|p1a: 代表月亮消灭你
|-damage|p1a: 代表月亮消灭你|81/100
|
|t:|1659350182
|switch|p2a: Cryogonal|Cryogonal|83/100|[from]move: U-turn
|
|-heal|p1a: 代表月亮消灭你|87/100|[from] item: Leftovers
|upkeep
|turn|29
|
|t:|1659350186
|move|p1a: 代表月亮消灭你|Protect|p1a: 代表月亮消灭你
|-singleturn|p1a: 代表月亮消灭你|Protect
|move|p2a: Cryogonal|Toxic|p1a: 代表月亮消灭你
|-activate|p1a: 代表月亮消灭你|move: Protect
|
|-heal|p1a: 代表月亮消灭你|93/100|[from] item: Leftovers
|upkeep
|turn|30
|
|t:|1659350188
|switch|p1a: 全集中岩之呼吸|Gigalith, F|67/100
|-damage|p1a: 全集中岩之呼吸|54/100|[from] Stealth Rock
|-weather|Sandstorm|[from] ability: Sand Stream|[of] p1a: 全集中岩之呼吸
|move|p2a: Cryogonal|Toxic|p1a: 全集中岩之呼吸
|-status|p1a: 全集中岩之呼吸|tox
|
|-weather|Sandstorm|[upkeep]
|-damage|p2a: Cryogonal|77/100|[from] Sandstorm
|-heal|p1a: 全集中岩之呼吸|61/100 tox|[from] item: Leftovers
|-damage|p1a: 全集中岩之呼吸|54/100 tox|[from] psn
|upkeep
|turn|31
|
|t:|1659350195
|switch|p2a: Stunfisk|Stunfisk-Galar, M|64/100
|-damage|p2a: Stunfisk|61/100|[from] Stealth Rock
|move|p1a: 全集中岩之呼吸|Rock Blast|p2a: Stunfisk
|-resisted|p2a: Stunfisk
|-damage|p2a: Stunfisk|59/100
|-resisted|p2a: Stunfisk
|-damage|p2a: Stunfisk|58/100
|-hitcount|p2a: Stunfisk|2
|
|-weather|Sandstorm|[upkeep]
|-heal|p2a: Stunfisk|64/100|[from] item: Leftovers
|-heal|p1a: 全集中岩之呼吸|61/100 tox|[from] item: Leftovers
|-damage|p1a: 全集中岩之呼吸|48/100 tox|[from] psn
|upkeep
|turn|32
|
|t:|1659350200
|switch|p1a: 人生就得带点绿|Eldegoss, F|83/100
|-damage|p1a: 人生就得带点绿|71/100|[from] Stealth Rock
|move|p2a: Stunfisk|Foul Play|p1a: 人生就得带点绿
|-damage|p1a: 人生就得带点绿|61/100
|
|-weather|Sandstorm|[upkeep]
|-damage|p1a: 人生就得带点绿|55/100|[from] Sandstorm
|-heal|p2a: Stunfisk|70/100|[from] item: Leftovers
|upkeep
|turn|33
|
|t:|1659350204
|switch|p2a: Gourgeist|Gourgeist-Small, M|83/100
|-damage|p2a: Gourgeist|71/100|[from] Stealth Rock
|-item|p1a: 人生就得带点绿|Choice Scarf|[from] ability: Frisk|[of] p2a: Gourgeist|[identify]
|move|p1a: 人生就得带点绿|Sleep Powder|p2a: Gourgeist
|-immune|p2a: Gourgeist
|
|-weather|Sandstorm|[upkeep]
|-damage|p2a: Gourgeist|65/100|[from] Sandstorm
|-damage|p1a: 人生就得带点绿|49/100|[from] Sandstorm
|upkeep
|turn|34
|
|t:|1659350208
|switch|p1a: 死亡如风常伴吾身|Absol, F|3/100 tox
|-damage|p1a: 死亡如风常伴吾身|0 fnt|[from] Stealth Rock
|faint|p1a: 死亡如风常伴吾身
|move|p2a: Gourgeist|Poltergeist|p1: 死亡如风常伴吾身|[notarget]
|-fail|p2a: Gourgeist
|
|-weather|none
|upkeep
|
|t:|1659350211
|switch|p1a: 代表月亮消灭你|Aromatisse, F|93/100
|-damage|p1a: 代表月亮消灭你|81/100|[from] Stealth Rock
|turn|35
|
|t:|1659350214
|switch|p2a: Cryogonal|Cryogonal|77/100
|switch|p1a: 兄弟我们就像是山头滚落的石子|Sandslash, M|100/100
|-damage|p1a: 兄弟我们就像是山头滚落的石子|94/100|[from] Stealth Rock
|
|upkeep
|turn|36
|
|t:|1659350217
|move|p2a: Cryogonal|Frost Breath|p1a: 兄弟我们就像是山头滚落的石子
|-supereffective|p1a: 兄弟我们就像是山头滚落的石子
|-crit|p1a: 兄弟我们就像是山头滚落的石子
|-damage|p1a: 兄弟我们就像是山头滚落的石子|0 fnt
|faint|p1a: 兄弟我们就像是山头滚落的石子
|
|upkeep
|-message|PUVS QiYu5 forfeited.
|
|win|yassy slay
|raw|PUVS QiYu5's rating: 1399 &rarr; <strong>1392</strong><br />(-7 for losing)
|raw|yassy slay's rating: 1659 &rarr; <strong>1666</strong><br />(+7 for winning)
|l|☆PUVS QiYu5
|c| Haffling|da beasr
|c| Haffling|evil number
