|raw|<div class="broadcast-blue"><strong>This battle is required to be public due to a player having a name starting with 'pult4c1'.</div>
|j|☆whiteskttlz
|j|☆PULT4C1 Haffling
|t:|1660563023
|gametype|singles
|player|p1|whiteskttlz|aaron|1098
|player|p2|PULT4C1 Haffling|cyrus|1000
|teamsize|p1|6
|teamsize|p2|6
|gen|8
|tier|[Gen 8] PU
|rated|
|rule|Sleep Clause Mod: Limit one foe put to sleep
|rule|Species Clause: Limit one of each Pokémon
|rule|OHKO Clause: OHKO moves are banned
|rule|Evasion Items Clause: Evasion items are banned
|rule|Evasion Moves Clause: Evasion moves are banned
|rule|Endless Battle Clause: Forcing endless battles is banned
|rule|HP Percentage Mod: HP is shown in percentages
|rule|Dynamax Clause: You cannot dynamax
|clearpoke
|poke|p1|Eldegoss, M|
|poke|p1|Magneton|
|poke|p1|Jynx, F|
|poke|p1|Scyther, F|
|poke|p1|Dugtrio, F|
|poke|p1|Basculin-Blue-Striped, F|
|poke|p2|Arctovish|
|poke|p2|Gigalith, M|
|poke|p2|Mesprit|
|poke|p2|Eldegoss, M|
|poke|p2|Scrafty, F|
|poke|p2|Weezing, F|
|teampreview
|
|t:|1660563038
|start
|switch|p1a: Dugtrio|Dugtrio, F|100/100
|switch|p2a: Weezing|Weezing, F|100/100
|-ability|p2a: Weezing|Neutralizing Gas
|turn|1
|
|t:|1660563044
|-end|p2a: Weezing|ability: Neutralizing Gas
|switch|p2a: Eldegoss|Eldegoss, M|100/100
|move|p1a: Dugtrio|Stealth Rock|p2a: Eldegoss
|-sidestart|p2: PULT4C1 Haffling|move: Stealth Rock
|
|upkeep
|turn|2
|
|t:|1660563053
|switch|p1a: Scyther|Scyther, F|100/100
|move|p2a: Eldegoss|Rapid Spin|p1a: Scyther
|-damage|p1a: Scyther|92/100
|-boost|p2a: Eldegoss|spe|1
|-sideend|p2: PULT4C1 Haffling|Stealth Rock|[from] move: Rapid Spin|[of] p2a: Eldegoss
|
|upkeep
|turn|3
|
|t:|1660563059
|switch|p2a: Weezing|Weezing, F|100/100
|-ability|p2a: Weezing|Neutralizing Gas
|move|p1a: Scyther|Swords Dance|p1a: Scyther
|-boost|p1a: Scyther|atk|2
|
|upkeep
|turn|4
|
|t:|1660563067
|move|p1a: Scyther|Dual Wingbeat|p2a: Weezing
|-damage|p2a: Weezing|76/100
|-damage|p2a: Weezing|51/100
|-hitcount|p2a: Weezing|2
|move|p2a: Weezing|Flamethrower|p1a: Scyther
|-supereffective|p1a: Scyther
|-damage|p1a: Scyther|39/100
|
|-heal|p2a: Weezing|57/100|[from] item: Black Sludge
|upkeep
|turn|5
|
|t:|1660563079
|move|p1a: Scyther|Dual Wingbeat|p2a: Weezing
|-damage|p2a: Weezing|33/100
|-damage|p2a: Weezing|8/100
|-hitcount|p2a: Weezing|2
|move|p2a: Weezing|Flamethrower|p1a: Scyther
|-supereffective|p1a: Scyther
|-damage|p1a: Scyther|0 fnt
|faint|p1a: Scyther
|
|-heal|p2a: Weezing|14/100|[from] item: Black Sludge
|upkeep
|
|t:|1660563095
|switch|p1a: Jynx|Jynx, F|100/100
|turn|6
|
|t:|1660563100
|-end|p2a: Weezing|ability: Neutralizing Gas
|switch|p2a: Gigalith|Gigalith, M|100/100
|-weather|Sandstorm|[from] ability: Sand Stream|[of] p2a: Gigalith
|move|p1a: Jynx|Hyper Voice|p2a: Gigalith
|-resisted|p2a: Gigalith
|-damage|p2a: Gigalith|93/100
|-enditem|p1a: Jynx|Throat Spray
|-boost|p1a: Jynx|spa|1|[from] item: Throat Spray
|
|-weather|Sandstorm|[upkeep]
|-damage|p1a: Jynx|95/100|[from] Sandstorm
|-heal|p2a: Gigalith|99/100|[from] item: Leftovers
|upkeep
|turn|7
|
|t:|1660563112
|move|p1a: Jynx|Energy Ball|p2a: Gigalith
|-supereffective|p2a: Gigalith
|-damage|p2a: Gigalith|52/100
|move|p2a: Gigalith|Rock Blast|p1a: Jynx
|-supereffective|p1a: Jynx
|-damage|p1a: Jynx|28/100
|-supereffective|p1a: Jynx
|-damage|p1a: Jynx|0 fnt
|faint|p1a: Jynx
|-hitcount|p1: Jynx|2
|
|-weather|Sandstorm|[upkeep]
|-heal|p2a: Gigalith|58/100|[from] item: Leftovers
|upkeep
|
|t:|1660563122
|switch|p1a: Magneton|Magneton|100/100
|turn|8
|
|t:|1660563125
|move|p2a: Gigalith|Protect|p2a: Gigalith
|-singleturn|p2a: Gigalith|Protect
|move|p1a: Magneton|Flash Cannon|p2a: Gigalith
|-activate|p2a: Gigalith|move: Protect
|
|-weather|Sandstorm|[upkeep]
|-heal|p2a: Gigalith|64/100|[from] item: Leftovers
|upkeep
|turn|9
|
|t:|1660563133
|switch|p2a: Weezing|Weezing, F|14/100
|-ability|p2a: Weezing|Neutralizing Gas
|move|p1a: Magneton|Flash Cannon|p2a: Weezing
|-damage|p2a: Weezing|0 fnt
|faint|p2a: Weezing
|-end|p2a: Weezing|ability: Neutralizing Gas
|
|-weather|Sandstorm|[upkeep]
|upkeep
|
|t:|1660563138
|switch|p2a: Scrafty|Scrafty, F|100/100
|turn|10
|
|t:|1660563151
|switch|p1a: Dugtrio|Dugtrio, F|100/100
|move|p2a: Scrafty|Knock Off|p1a: Dugtrio
|-damage|p1a: Dugtrio|10/100
|-enditem|p1a: Dugtrio|Focus Sash|[from] move: Knock Off|[of] p2a: Scrafty
|
|-weather|none
|upkeep
|turn|11
|
|t:|1660563158
|switch|p2a: Eldegoss|Eldegoss, M|100/100
|move|p1a: Dugtrio|Reversal|p2a: Eldegoss
|-damage|p2a: Eldegoss|65/100
|
|upkeep
|turn|12
|
|t:|1660563170
|switch|p1a: Magneton|Magneton|100/100
|move|p2a: Eldegoss|Rapid Spin|p1a: Magneton
|-resisted|p1a: Magneton
|-damage|p1a: Magneton|96/100
|-boost|p2a: Eldegoss|spe|1
|
|upkeep
|turn|13
|
|t:|1660563183
|move|p1a: Magneton|Flash Cannon|p2a: Eldegoss
|-damage|p2a: Eldegoss|9/100
|-unboost|p2a: Eldegoss|spd|1
|move|p2a: Eldegoss|Leech Seed|p1a: Magneton
|-start|p1a: Magneton|move: Leech Seed
|
|-damage|p1a: Magneton|84/100|[from] Leech Seed|[of] p2a: Eldegoss
|-heal|p2a: Eldegoss|18/100|[silent]
|upkeep
|turn|14
|
|t:|1660563199
|switch|p2a: Mesprit|Mesprit|100/100
|move|p1a: Magneton|Flash Cannon|p2a: Mesprit
|-damage|p2a: Mesprit|34/100
|
|-damage|p1a: Magneton|71/100|[from] Leech Seed|[of] p2a: Mesprit
|-heal|p2a: Mesprit|44/100|[silent]
|upkeep
|turn|15
|
|t:|1660563205
|move|p2a: Mesprit|Psychic|p1a: Magneton
|-resisted|p1a: Magneton
|-damage|p1a: Magneton|33/100
|-unboost|p1a: Magneton|spd|1
|move|p1a: Magneton|Flash Cannon|p2a: Mesprit
|-damage|p2a: Mesprit|0 fnt
|faint|p2a: Mesprit
|
|upkeep
|
|t:|1660563210
|switch|p2a: Scrafty|Scrafty, F|100/100
|turn|16
|
|t:|1660563215
|switch|p1a: Eldegoss|Eldegoss, M|100/100
|move|p2a: Scrafty|Knock Off|p1a: Eldegoss
|-damage|p1a: Eldegoss|62/100
|-enditem|p1a: Eldegoss|Leftovers|[from] move: Knock Off|[of] p2a: Scrafty
|
|upkeep
|turn|17
|
|t:|1660563222
|switch|p2a: Eldegoss|Eldegoss, M|51/100
|move|p1a: Eldegoss|Leech Seed|p2a: Eldegoss
|-immune|p2a: Eldegoss
|
|upkeep
|turn|18
|
|t:|1660563231
|switch|p2a: Scrafty|Scrafty, F|100/100
|switch|p1a: Magneton|Magneton|33/100
|
|upkeep
|turn|19
|
|t:|1660563239
|move|p1a: Magneton|Flash Cannon|p2a: Scrafty
|-damage|p2a: Scrafty|57/100
|move|p2a: Scrafty|Knock Off|p1a: Magneton
|-damage|p1a: Magneton|0 fnt
|-enditem|p1a: Magneton|Choice Specs|[from] move: Knock Off|[of] p2a: Scrafty
|faint|p1a: Magneton
|
|-heal|p2a: Scrafty|63/100|[from] item: Leftovers
|upkeep
|
|t:|1660563247
|switch|p1a: Dugtrio|Dugtrio, F|10/100
|turn|20
|
|t:|1660563249
|switch|p2a: Eldegoss|Eldegoss, M|84/100
|move|p1a: Dugtrio|Reversal|p2a: Eldegoss
|-damage|p2a: Eldegoss|47/100
|
|upkeep
|turn|21
|
|t:|1660563256
|move|p1a: Dugtrio|Reversal|p2a: Eldegoss
|-damage|p2a: Eldegoss|13/100
|move|p2a: Eldegoss|Rapid Spin|p1a: Dugtrio
|-damage|p1a: Dugtrio|0 fnt
|-boost|p2a: Eldegoss|spe|1
|faint|p1a: Dugtrio
|
|upkeep
|
|t:|1660563263
|switch|p1a: Basculin|Basculin-Blue-Striped, F|100/100
|turn|22
|
|t:|1660563270
|switch|p2a: Arctovish|Arctovish|100/100
|move|p1a: Basculin|Superpower|p2a: Arctovish
|-supereffective|p2a: Arctovish
|-damage|p2a: Arctovish|3/100
|-unboost|p1a: Basculin|atk|1
|-unboost|p1a: Basculin|def|1
|
|upkeep
|turn|23
|
|t:|1660563291
|switch|p1a: Eldegoss|Eldegoss, M|96/100
|move|p2a: Arctovish|Fishious Rend|p1a: Eldegoss
|-resisted|p1a: Eldegoss
|-damage|p1a: Eldegoss|33/100
|
|upkeep
|turn|24
|
|t:|1660563296
|move|p2a: Arctovish|Fishious Rend|p1a: Eldegoss
|-resisted|p1a: Eldegoss
|-damage|p1a: Eldegoss|0 fnt
|faint|p1a: Eldegoss
|
|upkeep
|
|t:|1660563300
|switch|p1a: Basculin|Basculin-Blue-Striped, F|100/100
|turn|25
|
|t:|1660563303
|move|p1a: Basculin|Superpower|p2a: Arctovish
|-supereffective|p2a: Arctovish
|-damage|p2a: Arctovish|0 fnt
|-unboost|p1a: Basculin|atk|1
|-unboost|p1a: Basculin|def|1
|faint|p2a: Arctovish
|
|upkeep
|
|t:|1660563307
|switch|p2a: Eldegoss|Eldegoss, M|46/100
|turn|26
|
|t:|1660563322
|switch|p2a: Gigalith|Gigalith, M|64/100
|-weather|Sandstorm|[from] ability: Sand Stream|[of] p2a: Gigalith
|move|p1a: Basculin|Superpower|p2a: Gigalith
|-supereffective|p2a: Gigalith
|-damage|p2a: Gigalith|17/100
|-unboost|p1a: Basculin|atk|1
|-unboost|p1a: Basculin|def|1
|
|-weather|Sandstorm|[upkeep]
|-damage|p1a: Basculin|94/100|[from] Sandstorm
|-heal|p2a: Gigalith|23/100|[from] item: Leftovers
|upkeep
|turn|27
|-message|whiteskttlz forfeited.
|
|win|PULT4C1 Haffling
|raw|whiteskttlz's rating: 1098 &rarr; <strong>1067</strong><br />(-31 for losing)
|raw|PULT4C1 Haffling's rating: 1000 &rarr; <strong>1051</strong><br />(+51 for winning)
|l|☆whiteskttlz
|n|☆PULT4C1 Haffling|pult4c1haffling
