|j|☆shitpostingg
|j|☆Haffling
|t:|1666379850
|gametype|singles
|player|p1|shitpostingg|101|
|player|p2|Haffling|cyrus|
|teamsize|p1|6
|teamsize|p2|6
|gen|8
|tier|[Gen 8] PU
|rated|Tournament battle
|rule|Sleep Clause Mod: Limit one foe put to sleep
|rule|Species Clause: Limit one of each Pokémon
|rule|OHKO Clause: OHKO moves are banned
|rule|Evasion Items Clause: Evasion items are banned
|rule|Evasion Moves Clause: Evasion moves are banned
|rule|Endless Battle Clause: Forcing endless battles is banned
|rule|HP Percentage Mod: HP is shown in percentages
|rule|Dynamax Clause: You cannot dynamax
|clearpoke
|poke|p1|Perrserker, M|
|poke|p1|Hitmonlee, M|
|poke|p1|Pikachu, F|
|poke|p1|Articuno-Galar|
|poke|p1|Accelgor, F|
|poke|p1|Absol, M|
|poke|p2|Arctovish|
|poke|p2|Gigalith, M|
|poke|p2|Mesprit|
|poke|p2|Eldegoss, F|
|poke|p2|Scrafty, F|
|poke|p2|Weezing, F|
|teampreview
|inactive|Battle timer is ON: inactive players will automatically lose when time's up. (requested by shitpostingg)
|j| Notmlg
|c|☆shitpostingg|glhf
|c|☆Haffling|hf
|
|t:|1666379860
|start
|switch|p1a: Hitmonlee|Hitmonlee, M|100/100
|switch|p2a: Weezing|Weezing, F|100/100
|-ability|p2a: Weezing|Neutralizing Gas
|turn|1
|
|t:|1666379867
|switch|p1a: Articuno|Articuno-Galar|100/100
|move|p2a: Weezing|Sludge Bomb|p1a: Articuno
|-damage|p1a: Articuno|72/100
|
|upkeep
|turn|2
|
|t:|1666379874
|-end|p2a: Weezing|ability: Neutralizing Gas
|switch|p2a: Gigalith|Gigalith, M|100/100
|-weather|Sandstorm|[from] ability: Sand Stream|[of] p2a: Gigalith
|move|p1a: Articuno|Freezing Glare|p2a: Gigalith
|-damage|p2a: Gigalith|64/100
|
|-weather|Sandstorm|[upkeep]
|-damage|p1a: Articuno|66/100|[from] Sandstorm
|-heal|p2a: Gigalith|71/100|[from] item: Leftovers
|upkeep
|turn|3
|
|t:|1666379888
|switch|p1a: Accelgor|Accelgor, F|100/100
|move|p2a: Gigalith|Stealth Rock|p1a: Accelgor
|-sidestart|p1: shitpostingg|move: Stealth Rock
|
|-weather|Sandstorm|[upkeep]
|-damage|p1a: Accelgor|94/100|[from] Sandstorm
|-heal|p2a: Gigalith|77/100|[from] item: Leftovers
|upkeep
|turn|4
|
|t:|1666379898
|move|p1a: Accelgor|Bug Buzz|p2a: Gigalith
|-damage|p2a: Gigalith|53/100
|-enditem|p1a: Accelgor|Throat Spray
|-boost|p1a: Accelgor|spa|1|[from] item: Throat Spray
|move|p2a: Gigalith|Rock Blast|p1a: Accelgor
|-supereffective|p1a: Accelgor
|-damage|p1a: Accelgor|48/100
|-supereffective|p1a: Accelgor
|-damage|p1a: Accelgor|2/100
|-supereffective|p1a: Accelgor
|-damage|p1a: Accelgor|0 fnt
|faint|p1a: Accelgor
|-hitcount|p1: Accelgor|3
|
|-weather|Sandstorm|[upkeep]
|-heal|p2a: Gigalith|60/100|[from] item: Leftovers
|upkeep
|
|t:|1666379902
|switch|p1a: Hitmonlee|Hitmonlee, M|100/100
|-damage|p1a: Hitmonlee|94/100|[from] Stealth Rock
|turn|5
|
|t:|1666379907
|move|p2a: Gigalith|Protect|p2a: Gigalith
|-singleturn|p2a: Gigalith|Protect
|move|p1a: Hitmonlee|Fake Out|p2a: Gigalith
|-activate|p2a: Gigalith|move: Protect
|
|-weather|Sandstorm|[upkeep]
|-damage|p1a: Hitmonlee|88/100|[from] Sandstorm
|-heal|p2a: Gigalith|66/100|[from] item: Leftovers
|upkeep
|turn|6
|
|t:|1666379923
|switch|p1a: Absol|Absol, M|100/100
|-damage|p1a: Absol|88/100|[from] Stealth Rock
|switch|p2a: Mesprit|Mesprit|100/100
|
|-weather|none
|upkeep
|turn|7
|
|t:|1666379928
|move|p2a: Mesprit|Dazzling Gleam|p1a: Absol
|-supereffective|p1a: Absol
|-damage|p1a: Absol|2/100
|move|p1a: Absol|Swords Dance|p1a: Absol
|-boost|p1a: Absol|atk|2
|
|upkeep
|turn|8
|
|t:|1666379935
|switch|p2a: Gigalith|Gigalith, M|66/100
|-weather|Sandstorm|[from] ability: Sand Stream|[of] p2a: Gigalith
|move|p1a: Absol|Sucker Punch||[still]
|-fail|p1a: Absol
|
|-weather|Sandstorm|[upkeep]
|-damage|p1a: Absol|0 fnt|[from] Sandstorm
|faint|p1a: Absol
|-heal|p2a: Gigalith|72/100|[from] item: Leftovers
|upkeep
|c|☆shitpostingg|gg
|-message|shitpostingg forfeited.
|
|win|Haffling
|n|☆shitpostingg|shitpostingg
|n|☆Haffling|haffling
|n| Notmlg|notmlg
