|j|☆BanetteBandit69
|j|☆Bigkevinm84
|t:|1623380641
|gametype|singles
|player|p1|BanetteBandit69|gentleman-gen4|1293
|player|p2|Bigkevinm84|acetrainer-gen4dp|1388
|teamsize|p1|6
|teamsize|p2|6
|gen|8
|tier|[Gen 8] PU
|rated|
|rule|Sleep Clause Mod: Limit one foe put to sleep
|rule|Species Clause: Limit one of each Pokémon
|rule|OHKO Clause: OHKO moves are banned
|rule|Evasion Moves Clause: Evasion moves are banned
|rule|Endless Battle Clause: Forcing endless battles is banned
|rule|HP Percentage Mod: HP is shown in percentages
|rule|Dynamax Clause: You cannot dynamax
|clearpoke
|poke|p1|Archeops, M|
|poke|p1|Passimian, F|
|poke|p1|Magmortar, M|
|poke|p1|Mesprit|
|poke|p1|Tsareena, F|
|poke|p1|Magneton|
|poke|p2|Togedemaru, L1, M|
|poke|p2|Gigalith, M|
|poke|p2|Sandslash, M|
|poke|p2|Qwilfish, M|
|poke|p2|Silvally-*|
|poke|p2|Exeggutor-Alola, F|
|teampreview
|inactive|Battle timer is ON: inactive players will automatically lose when time's up. (requested by Bigkevinm84)
|
|t:|1623380659
|start
|switch|p1a: Magneton|Magneton|100/100
|switch|p2a: Guroe|Silvally-Ghost|100/100
|turn|1
|
|t:|1623380675
|move|p2a: Guroe|Multi-Attack|p1a: Magneton
|-damage|p1a: Magneton|70/100
|move|p1a: Magneton|Volt Switch|p2a: Guroe
|-damage|p2a: Guroe|57/100
|
|t:|1623380683
|switch|p1a: Tsareena|Tsareena, F|100/100|[from]move: Volt Switch
|
|upkeep
|turn|2
|
|t:|1623380691
|move|p2a: Guroe|Multi-Attack|p1a: Tsareena
|-crit|p1a: Tsareena
|-damage|p1a: Tsareena|46/100
|move|p1a: Tsareena|Power Whip|p2a: Guroe
|-damage|p2a: Guroe|16/100
|
|-heal|p1a: Tsareena|52/100|[from] item: Leftovers
|upkeep
|turn|3
|
|t:|1623380701
|move|p2a: Guroe|Rest|p2a: Guroe
|-status|p2a: Guroe|slp|[from] move: Rest
|-heal|p2a: Guroe|100/100 slp|[silent]
|move|p1a: Tsareena|Knock Off|p2a: Guroe
|-supereffective|p2a: Guroe
|-damage|p2a: Guroe|69/100 slp
|
|-heal|p1a: Tsareena|58/100|[from] item: Leftovers
|upkeep
|turn|4
|
|t:|1623380712
|switch|p2a: Squilly|Qwilfish, M|100/100
|-ability|p2a: Squilly|Intimidate|boost
|-unboost|p1a: Tsareena|atk|1
|move|p1a: Tsareena|Knock Off|p2a: Squilly
|-damage|p2a: Squilly|71/100
|-enditem|p2a: Squilly|Black Sludge|[from] move: Knock Off|[of] p1a: Tsareena
|
|-heal|p1a: Tsareena|64/100|[from] item: Leftovers
|upkeep
|turn|5
|
|t:|1623380722
|switch|p1a: Magneton|Magneton|70/100
|move|p2a: Squilly|Scald|p1a: Magneton
|-damage|p1a: Magneton|53/100
|
|upkeep
|turn|6
|
|t:|1623380731
|switch|p2a: Purple Majesty|Gigalith, M, shiny|100/100
|-weather|Sandstorm|[from] ability: Sand Stream|[of] p2a: Purple Majesty
|move|p1a: Magneton|Tri Attack|p2a: Purple Majesty
|-resisted|p2a: Purple Majesty
|-crit|p2a: Purple Majesty
|-damage|p2a: Purple Majesty|86/100
|
|-weather|Sandstorm|[upkeep]
|upkeep
|turn|7
|
|t:|1623380741
|move|p1a: Magneton|Volt Switch|p2a: Purple Majesty
|-damage|p2a: Purple Majesty|67/100
|
|t:|1623380745
|switch|p1a: Mesprit|Mesprit|100/100|[from]move: Volt Switch
|move|p2a: Purple Majesty|Stealth Rock|p1a: Mesprit
|-sidestart|p1: BanetteBandit69|move: Stealth Rock
|
|-weather|Sandstorm|[upkeep]
|-damage|p1a: Mesprit|95/100|[from] Sandstorm
|upkeep
|turn|8
|
|t:|1623380752
|move|p1a: Mesprit|Psychic|p2a: Purple Majesty
|-damage|p2a: Purple Majesty|45/100
|move|p2a: Purple Majesty|Toxic|p1a: Mesprit
|-status|p1a: Mesprit|tox
|
|-weather|Sandstorm|[upkeep]
|-damage|p1a: Mesprit|89/100 tox|[from] Sandstorm
|-damage|p1a: Mesprit|83/100 tox|[from] psn
|upkeep
|turn|9
|
|t:|1623380762
|switch|p2a: Long Girl|Exeggutor-Alola, F|100/100
|move|p1a: Mesprit|Stealth Rock|p2a: Long Girl
|-sidestart|p2: Bigkevinm84|move: Stealth Rock
|
|-weather|Sandstorm|[upkeep]
|-damage|p1a: Mesprit|77/100 tox|[from] Sandstorm
|-damage|p2a: Long Girl|94/100|[from] Sandstorm
|-damage|p1a: Mesprit|65/100 tox|[from] psn
|upkeep
|turn|10
|
|t:|1623380771
|move|p1a: Mesprit|Dazzling Gleam|p2a: Long Girl
|-supereffective|p2a: Long Girl
|-damage|p2a: Long Girl|38/100
|-enditem|p2a: Long Girl|Sitrus Berry|[eat]
|-heal|p2a: Long Girl|63/100|[from] item: Sitrus Berry
|move|p2a: Long Girl|Knock Off|p1a: Mesprit
|-supereffective|p1a: Mesprit
|-damage|p1a: Mesprit|11/100 tox
|-enditem|p1a: Mesprit|Focus Sash|[from] move: Knock Off|[of] p2a: Long Girl
|
|-weather|Sandstorm|[upkeep]
|-damage|p1a: Mesprit|5/100 tox|[from] Sandstorm
|-damage|p2a: Long Girl|57/100|[from] Sandstorm
|-damage|p1a: Mesprit|0 fnt|[from] psn
|faint|p1a: Mesprit
|upkeep
|
|t:|1623380784
|switch|p1a: Tsareena|Tsareena, F|64/100
|-damage|p1a: Tsareena|52/100|[from] Stealth Rock
|turn|11
|
|t:|1623380791
|switch|p2a: Guroe|Silvally-Ghost|69/100 slp
|-damage|p2a: Guroe|56/100 slp|[from] Stealth Rock
|move|p1a: Tsareena|Rapid Spin|p2a: Guroe
|-immune|p2a: Guroe
|
|-weather|Sandstorm|[upkeep]
|-damage|p2a: Guroe|50/100 slp|[from] Sandstorm
|-damage|p1a: Tsareena|46/100|[from] Sandstorm
|-heal|p1a: Tsareena|52/100|[from] item: Leftovers
|upkeep
|turn|12
|
|t:|1623380802
|cant|p2a: Guroe|slp
|move|p2a: Guroe|Sleep Talk|p2a: Guroe
|move|p2a: Guroe|Rest||[from]move: Sleep Talk|[still]
|-fail|p2a: Guroe
|move|p1a: Tsareena|Knock Off|p2a: Guroe
|-supereffective|p2a: Guroe
|-damage|p2a: Guroe|17/100 slp
|
|-weather|Sandstorm|[upkeep]
|-damage|p2a: Guroe|11/100 slp|[from] Sandstorm
|-damage|p1a: Tsareena|46/100|[from] Sandstorm
|-heal|p1a: Tsareena|52/100|[from] item: Leftovers
|upkeep
|turn|13
|
|t:|1623380812
|cant|p2a: Guroe|slp
|move|p2a: Guroe|Sleep Talk|p2a: Guroe
|move|p2a: Guroe|Roar|p1a: Tsareena|[from]move: Sleep Talk
|drag|p1a: Passimian|Passimian, F|100/100
|-damage|p1a: Passimian|94/100|[from] Stealth Rock
|
|-weather|none
|upkeep
|turn|14
|
|t:|1623380822
|move|p1a: Passimian|U-turn|p2a: Guroe
|-resisted|p2a: Guroe
|-damage|p2a: Guroe|3/100 slp
|
|t:|1623380827
|switch|p1a: Magneton|Magneton|53/100|[from]move: U-turn
|-damage|p1a: Magneton|47/100|[from] Stealth Rock
|-curestatus|p2a: Guroe|slp|[msg]
|move|p2a: Guroe|Rest|p2a: Guroe
|-status|p2a: Guroe|slp|[from] move: Rest
|-heal|p2a: Guroe|100/100 slp|[silent]
|
|upkeep
|turn|15
|
|t:|1623380837
|switch|p2a: Purple Majesty|Gigalith, M, shiny|45/100
|-damage|p2a: Purple Majesty|33/100|[from] Stealth Rock
|-weather|Sandstorm|[from] ability: Sand Stream|[of] p2a: Purple Majesty
|move|p1a: Magneton|Thunderbolt|p2a: Purple Majesty
|-damage|p2a: Purple Majesty|1/100
|-status|p2a: Purple Majesty|par
|
|-weather|Sandstorm|[upkeep]
|upkeep
|turn|16
|
|t:|1623380849
|switch|p2a: Squilly|Qwilfish, M|71/100
|-damage|p2a: Squilly|58/100|[from] Stealth Rock
|-ability|p2a: Squilly|Intimidate|boost
|-unboost|p1a: Magneton|atk|1
|move|p1a: Magneton|Volt Switch|p2a: Squilly
|-supereffective|p2a: Squilly
|-damage|p2a: Squilly|0 fnt
|faint|p2a: Squilly
|
|t:|1623380866
|switch|p1a: Magmortar|Magmortar, M|100/100|[from]move: Volt Switch
|-damage|p1a: Magmortar|76/100|[from] Stealth Rock
|
|-weather|Sandstorm|[upkeep]
|-damage|p1a: Magmortar|70/100|[from] Sandstorm
|upkeep
|
|t:|1623380870
|switch|p2a: Baby Blue|Sandslash, M, shiny|100/100
|-damage|p2a: Baby Blue|94/100|[from] Stealth Rock
|turn|17
|
|t:|1623380876
|switch|p1a: Archeops|Archeops, M|100/100
|-damage|p1a: Archeops|76/100|[from] Stealth Rock
|move|p2a: Baby Blue|Earthquake|p1a: Archeops
|-immune|p1a: Archeops
|
|-weather|Sandstorm|[upkeep]
|upkeep
|turn|18
|
|t:|1623380884
|switch|p1a: Magneton|Magneton|47/100
|-damage|p1a: Magneton|41/100|[from] Stealth Rock
|move|p2a: Baby Blue|Knock Off|p1a: Magneton
|-damage|p1a: Magneton|16/100
|-enditem|p1a: Magneton|Eviolite|[from] move: Knock Off|[of] p2a: Baby Blue
|
|-weather|Sandstorm|[upkeep]
|upkeep
|turn|19
|
|t:|1623380892
|move|p2a: Baby Blue|Rapid Spin|p1a: Magneton
|-resisted|p1a: Magneton
|-damage|p1a: Magneton|7/100
|-boost|p2a: Baby Blue|spe|1
|-sideend|p2: Bigkevinm84|Stealth Rock|[from] move: Rapid Spin|[of] p2a: Baby Blue
|move|p1a: Magneton|Flash Cannon|p2a: Baby Blue
|-damage|p2a: Baby Blue|0 fnt
|faint|p2a: Baby Blue
|
|-weather|Sandstorm|[upkeep]
|upkeep
|
|t:|1623380909
|switch|p2a: Guroe|Silvally-Ghost|100/100 slp
|turn|20
|
|t:|1623380916
|cant|p2a: Guroe|slp
|move|p2a: Guroe|Sleep Talk|p2a: Guroe
|move|p2a: Guroe|Multi-Attack|p1a: Magneton|[from]move: Sleep Talk
|-damage|p1a: Magneton|0 fnt
|faint|p1a: Magneton
|
|-weather|Sandstorm|[upkeep]
|-damage|p2a: Guroe|94/100 slp|[from] Sandstorm
|upkeep
|
|t:|1623380925
|switch|p1a: Tsareena|Tsareena, F|52/100
|-damage|p1a: Tsareena|39/100|[from] Stealth Rock
|turn|21
|
|t:|1623380932
|cant|p2a: Guroe|slp
|move|p2a: Guroe|Sleep Talk|p2a: Guroe
|move|p2a: Guroe|Multi-Attack|p1a: Tsareena|[from]move: Sleep Talk
|-damage|p1a: Tsareena|1/100
|move|p1a: Tsareena|Power Whip|p2a: Guroe|[miss]
|-miss|p1a: Tsareena|p2a: Guroe
|
|-weather|Sandstorm|[upkeep]
|-damage|p2a: Guroe|88/100 slp|[from] Sandstorm
|-damage|p1a: Tsareena|0 fnt|[from] Sandstorm
|faint|p1a: Tsareena
|upkeep
|
|t:|1623380945
|switch|p1a: Archeops|Archeops, M|76/100
|-damage|p1a: Archeops|51/100|[from] Stealth Rock
|turn|22
|
|t:|1623380952
|move|p1a: Archeops|Stone Edge|p2a: Guroe
|-damage|p2a: Guroe|35/100 slp
|-curestatus|p2a: Guroe|slp|[msg]
|move|p2a: Guroe|Multi-Attack|p1a: Archeops
|-damage|p1a: Archeops|0 fnt
|faint|p1a: Archeops
|
|-weather|none
|upkeep
|
|t:|1623380962
|switch|p1a: Passimian|Passimian, F|94/100
|-damage|p1a: Passimian|88/100|[from] Stealth Rock
|turn|23
|
|t:|1623380972
|switch|p2a: Long Girl|Exeggutor-Alola, F|57/100
|move|p1a: Passimian|Earthquake|p2a: Long Girl
|-resisted|p2a: Long Girl
|-damage|p2a: Long Girl|46/100
|
|upkeep
|turn|24
|
|t:|1623380979
|switch|p1a: Magmortar|Magmortar, M|70/100
|-damage|p1a: Magmortar|45/100|[from] Stealth Rock
|move|p2a: Long Girl|Knock Off|p1a: Magmortar
|-damage|p1a: Magmortar|8/100
|-enditem|p1a: Magmortar|Assault Vest|[from] move: Knock Off|[of] p2a: Long Girl
|
|upkeep
|turn|25
|
|t:|1623380992
|switch|p2a: Purple Majesty|Gigalith, M, shiny|1/100 par
|-weather|Sandstorm|[from] ability: Sand Stream|[of] p2a: Purple Majesty
|move|p1a: Magmortar|Fire Blast|p2a: Purple Majesty
|-resisted|p2a: Purple Majesty
|-damage|p2a: Purple Majesty|0 fnt
|faint|p2a: Purple Majesty
|
|-weather|Sandstorm|[upkeep]
|-damage|p1a: Magmortar|2/100|[from] Sandstorm
|upkeep
|
|t:|1623380999
|switch|p2a: Mecha-Mickey|Togedemaru, L1, M|100/100
|turn|26
|
|t:|1623381014
|switch|p1a: Passimian|Passimian, F|88/100
|-damage|p1a: Passimian|82/100|[from] Stealth Rock
|move|p2a: Mecha-Mickey|Spiky Shield||[still]
|-fail|p2a: Mecha-Mickey
|
|-weather|Sandstorm|[upkeep]
|-damage|p1a: Passimian|76/100|[from] Sandstorm
|upkeep
|turn|27
|
|t:|1623381023
|move|p1a: Passimian|Earthquake|p2a: Mecha-Mickey
|-supereffective|p2a: Mecha-Mickey
|-ability|p2a: Mecha-Mickey|Sturdy
|-damage|p2a: Mecha-Mickey|9/100
|move|p2a: Mecha-Mickey|Endeavor|p1a: Passimian
|-damage|p1a: Passimian|1/100
|-heal|p2a: Mecha-Mickey|100/100|[from] item: Shell Bell|[of] p1a: Passimian
|
|-weather|Sandstorm|[upkeep]
|-damage|p1a: Passimian|0 fnt|[from] Sandstorm
|faint|p1a: Passimian
|upkeep
|-message|BanetteBandit69 forfeited.
|
|win|Bigkevinm84
|raw|BanetteBandit69's rating: 1293 &rarr; <strong>1275</strong><br />(-18 for losing)
|raw|Bigkevinm84's rating: 1388 &rarr; <strong>1403</strong><br />(+15 for winning)
|l|☆BanetteBandit69
