|j|☆Toxicidad Fuera
|j|☆Toy Time Kingdra
|t:|1617490666
|gametype|singles
|player|p1|Toxicidad Fuera|argenta|
|player|p2|Toy Time Kingdra|veteran|
|teamsize|p1|6
|teamsize|p2|6
|gen|8
|tier|[Gen 8] PU
|rated|Tournament battle
|clearpoke
|poke|p1|Mawile, F|
|poke|p1|Centiskorch, M|
|poke|p1|Tangela, M|
|poke|p1|Lanturn, M|
|poke|p1|Passimian, M|
|poke|p1|Skuntank, M|
|poke|p2|Drampa, F|
|poke|p2|Mesprit|
|poke|p2|Silvally-*|
|poke|p2|Guzzlord|
|poke|p2|Toxicroak, M|
|poke|p2|Tsareena, F|
|rule|Sleep Clause Mod: Limit one foe put to sleep
|rule|Species Clause: Limit one of each Pokémon
|rule|OHKO Clause: OHKO moves are banned
|rule|Evasion Moves Clause: Evasion moves are banned
|rule|Endless Battle Clause: Forcing endless battles is banned
|rule|HP Percentage Mod: HP is shown in percentages
|rule|Dynamax Clause: You cannot dynamax
|teampreview
|j|@ShuckleDeath
|c|☆Toy Time Kingdra|hf
|c|☆Toxicidad Fuera|same
|j| gglrg
|j|+gum
|c|@ShuckleDeath|we have fire bug thing
|
|t:|1617490737
|start
|switch|p1a: Mawile|Mawile, F|100/100
|switch|p2a: Tsareena|Tsareena, F|100/100
|-ability|p1a: Mawile|Intimidate|boost
|-unboost|p2a: Tsareena|atk|1
|turn|1
|c|@ShuckleDeath|didnt even know
|
|t:|1617490744
|move|p2a: Tsareena|U-turn|p1a: Mawile
|-resisted|p1a: Mawile
|-damage|p1a: Mawile|97/100
|-damage|p2a: Tsareena|84/100|[from] item: Rocky Helmet|[of] p1a: Mawile
|
|t:|1617490754
|switch|p2a: Drampa|Drampa, F|100/100|[from]move: U-turn
|move|p1a: Mawile|Stealth Rock|p2a: Drampa
|-sidestart|p2: Toy Time Kingdra|move: Stealth Rock
|
|upkeep
|turn|2
|
|t:|1617490801
|move|p1a: Mawile|Knock Off|p2a: Drampa
|-damage|p2a: Drampa|78/100
|-enditem|p2a: Drampa|Choice Specs|[from] move: Knock Off|[of] p1a: Mawile
|move|p2a: Drampa|Draco Meteor|p1a: Mawile
|-immune|p1a: Mawile
|
|upkeep
|turn|3
|j|+keppy ㋛
|
|t:|1617490818
|move|p1a: Mawile|Play Rough|p2a: Drampa
|-supereffective|p2a: Drampa
|-damage|p2a: Drampa|13/100
|move|p2a: Drampa|Fire Blast|p1a: Mawile
|-supereffective|p1a: Mawile
|-crit|p1a: Mawile
|-damage|p1a: Mawile|0 fnt
|faint|p1a: Mawile
|
|upkeep
|l| gglrg
|
|t:|1617490825
|switch|p1a: Centiskorch|Centiskorch, M|100/100
|turn|4
|
|t:|1617490832
|move|p1a: Centiskorch|Fire Lash|p2a: Drampa
|-resisted|p2a: Drampa
|-damage|p2a: Drampa|0 fnt
|faint|p2a: Drampa
|
|upkeep
|
|t:|1617490838
|switch|p2a: Silvally|Silvally-Fairy|100/100
|-damage|p2a: Silvally|88/100|[from] Stealth Rock
|turn|5
|
|t:|1617490842
|move|p2a: Silvally|Rock Slide|p1a: Centiskorch
|-supereffective|p1a: Centiskorch
|-damage|p1a: Centiskorch|0 fnt
|faint|p1a: Centiskorch
|
|upkeep
|c|☆Toxicidad Fuera|lol
|c|☆Toxicidad Fuera|rip
|
|t:|1617490855
|switch|p1a: Skuntank|Skuntank, M|100/100
|turn|6
|
|t:|1617490868
|switch|p2a: Mesprit|Mesprit|100/100
|-damage|p2a: Mesprit|88/100|[from] Stealth Rock
|move|p1a: Skuntank|Sludge Bomb|p2a: Mesprit
|-damage|p2a: Mesprit|58/100
|-status|p2a: Mesprit|psn
|
|-damage|p2a: Mesprit|46/100 psn|[from] psn
|upkeep
|turn|7
|
|t:|1617490874
|move|p1a: Skuntank|Dark Pulse|p2a: Mesprit
|-supereffective|p2a: Mesprit
|-enditem|p2a: Mesprit|Colbur Berry|[eat]
|-enditem|p2a: Mesprit|Colbur Berry|[weaken]
|-damage|p2a: Mesprit|21/100 psn
|move|p2a: Mesprit|Stealth Rock|p1a: Skuntank
|-sidestart|p1: Toxicidad Fuera|move: Stealth Rock
|
|-damage|p2a: Mesprit|9/100 psn|[from] psn
|upkeep
|turn|8
|
|t:|1617490910
|move|p1a: Skuntank|Sludge Bomb|p2a: Mesprit
|-damage|p2a: Mesprit|0 fnt
|faint|p2a: Mesprit
|
|upkeep
|
|t:|1617490919
|switch|p2a: Guzzlord|Guzzlord|100/100
|-damage|p2a: Guzzlord|88/100|[from] Stealth Rock
|turn|9
|
|t:|1617490929
|switch|p1a: Lanturn|Lanturn, M|100/100
|-damage|p1a: Lanturn|88/100|[from] Stealth Rock
|move|p2a: Guzzlord|Dragon Tail|p1a: Lanturn|[miss]
|-miss|p2a: Guzzlord|p1a: Lanturn
|
|-heal|p1a: Lanturn|94/100|[from] item: Leftovers
|upkeep
|turn|10
|
|t:|1617490943
|move|p1a: Lanturn|Volt Switch|p2a: Guzzlord
|-resisted|p2a: Guzzlord
|-damage|p2a: Guzzlord|84/100
|
|t:|1617490950
|switch|p1a: Skuntank|Skuntank, M|100/100|[from]move: Volt Switch
|-damage|p1a: Skuntank|88/100|[from] Stealth Rock
|move|p2a: Guzzlord|Knock Off|p1a: Skuntank
|-resisted|p1a: Skuntank
|-damage|p1a: Skuntank|60/100
|-enditem|p1a: Skuntank|Black Sludge|[from] move: Knock Off|[of] p2a: Guzzlord
|
|upkeep
|turn|11
|
|t:|1617490969
|switch|p1a: Lanturn|Lanturn, M|94/100
|-damage|p1a: Lanturn|82/100|[from] Stealth Rock
|move|p2a: Guzzlord|Heavy Slam|p1a: Lanturn
|-resisted|p1a: Lanturn
|-damage|p1a: Lanturn|74/100
|
|-heal|p1a: Lanturn|80/100|[from] item: Leftovers
|upkeep
|turn|12
|
|t:|1617490973
|move|p1a: Lanturn|Toxic|p2a: Guzzlord|[miss]
|-miss|p1a: Lanturn|p2a: Guzzlord
|move|p2a: Guzzlord|Knock Off|p1a: Lanturn
|-damage|p1a: Lanturn|39/100
|-enditem|p1a: Lanturn|Leftovers|[from] move: Knock Off|[of] p2a: Guzzlord
|
|upkeep
|turn|13
|
|t:|1617490985
|switch|p2a: Toxicroak|Toxicroak, M|100/100
|-damage|p2a: Toxicroak|94/100|[from] Stealth Rock
|move|p1a: Lanturn|Volt Switch|p2a: Toxicroak
|-damage|p2a: Toxicroak|65/100
|
|t:|1617490992
|switch|p1a: Passimian|Passimian, M|100/100|[from]move: Volt Switch
|-damage|p1a: Passimian|94/100|[from] Stealth Rock
|
|upkeep
|turn|14
|c|@ShuckleDeath|!learn toxicroak, eq
|c|+ShuckleDeath|/raw <div class="infobox">In Gen 8, Toxicroak <span class="message-learn-canlearn">can</span> learn Earthquake from:<ul class="message-learn-list"><li>anywhere (move is level-up/tutor/TM/HM/egg in Gen 8)</ul></div>
|
|t:|1617491008
|move|p2a: Toxicroak|Sludge Wave|p1a: Passimian
|-damage|p1a: Passimian|37/100
|move|p1a: Passimian|U-turn|p2a: Toxicroak
|-resisted|p2a: Toxicroak
|-damage|p2a: Toxicroak|57/100
|c|@ShuckleDeath|hot
|
|t:|1617491015
|switch|p1a: Skuntank|Skuntank, M|60/100|[from]move: U-turn
|-damage|p1a: Skuntank|47/100|[from] Stealth Rock
|
|upkeep
|turn|15
|
|t:|1617491037
|switch|p2a: Guzzlord|Guzzlord|84/100
|-damage|p2a: Guzzlord|71/100|[from] Stealth Rock
|move|p1a: Skuntank|Sludge Bomb|p2a: Guzzlord
|-damage|p2a: Guzzlord|57/100
|-status|p2a: Guzzlord|psn
|
|-damage|p2a: Guzzlord|45/100 psn|[from] psn
|upkeep
|turn|16
|
|t:|1617491047
|move|p1a: Skuntank|Sludge Bomb|p2a: Guzzlord
|-damage|p2a: Guzzlord|33/100 psn
|move|p2a: Guzzlord|Knock Off|p1a: Skuntank
|-resisted|p1a: Skuntank
|-damage|p1a: Skuntank|29/100
|
|-damage|p2a: Guzzlord|20/100 psn|[from] psn
|upkeep
|turn|17
|
|t:|1617491049
|move|p1a: Skuntank|Sludge Bomb|p2a: Guzzlord
|-damage|p2a: Guzzlord|7/100 psn
|move|p2a: Guzzlord|Drain Punch|p1a: Skuntank
|-damage|p1a: Skuntank|0 fnt
|-heal|p2a: Guzzlord|15/100 psn|[from] drain|[of] p1a: Skuntank
|-damage|p2a: Guzzlord|0 fnt|[from] ability: Aftermath|[of] p1a: Skuntank
|faint|p1a: Skuntank
|faint|p2a: Guzzlord
|
|upkeep
|
|t:|1617491057
|switch|p1a: Lanturn|Lanturn, M|39/100
|switch|p2a: Silvally|Silvally-Fairy|88/100
|-damage|p2a: Silvally|76/100|[from] Stealth Rock
|-damage|p1a: Lanturn|26/100|[from] Stealth Rock
|turn|18
|
|t:|1617491078
|switch|p1a: Tangela|Tangela, M|100/100
|-damage|p1a: Tangela|88/100|[from] Stealth Rock
|move|p2a: Silvally|U-turn|p1a: Tangela
|-supereffective|p1a: Tangela
|-damage|p1a: Tangela|70/100
|
|t:|1617491081
|switch|p2a: Toxicroak|Toxicroak, M|57/100|[from]move: U-turn
|-damage|p2a: Toxicroak|50/100|[from] Stealth Rock
|
|upkeep
|turn|19
|
|t:|1617491090
|switch|p1a: Lanturn|Lanturn, M|26/100
|-damage|p1a: Lanturn|14/100|[from] Stealth Rock
|move|p2a: Toxicroak|Sludge Wave|p1a: Lanturn
|-damage|p1a: Lanturn|0 fnt
|faint|p1a: Lanturn
|
|upkeep
|
|t:|1617491091
|switch|p1a: Passimian|Passimian, M|37/100
|-damage|p1a: Passimian|31/100|[from] Stealth Rock
|turn|20
|
|t:|1617491095
|move|p2a: Toxicroak|Sludge Wave|p1a: Passimian
|-damage|p1a: Passimian|0 fnt
|faint|p1a: Passimian
|
|upkeep
|
|t:|1617491098
|switch|p1a: Tangela|Tangela, M|100/100
|-damage|p1a: Tangela|88/100|[from] Stealth Rock
|turn|21
|c|☆Toy Time Kingdra|gg
|c|☆Toxicidad Fuera|gg
|
|t:|1617491103
|move|p2a: Toxicroak|Sludge Wave|p1a: Tangela
|-supereffective|p1a: Tangela
|-damage|p1a: Tangela|0 fnt
|faint|p1a: Tangela
|
|win|Toy Time Kingdra
|n|☆Toxicidad Fuera|toxicidadfuera
|n|☆Toy Time Kingdra|toytimekingdra
|n|+ShuckleDeath|shuckledeath
|n|+gum|gum
|n| keppy ㋛|keppy
