|j|☆fat flop
|j|☆wuhoodude
|t:|1616520488
|player|p1|fat flop|2|1682
|player|p2|wuhoodude|pokemaniac-gen3rs|1601
|teamsize|p1|6
|teamsize|p2|6
|gametype|singles
|gen|8
|tier|[Gen 8] PU
|rated|
|clearpoke
|poke|p1|Gourgeist-*, M|
|poke|p1|Poliwrath, F|
|poke|p1|Gigalith, F|
|poke|p1|Aromatisse, F|
|poke|p1|Magneton|
|poke|p1|Turtonator, F|
|poke|p2|Sableye, F|
|poke|p2|Vaporeon, M|
|poke|p2|Talonflame, M|
|poke|p2|Audino, F|
|poke|p2|Weezing, M|
|poke|p2|Palossand, M|
|rule|Sleep Clause Mod: Limit one foe put to sleep
|rule|Species Clause: Limit one of each Pokémon
|rule|OHKO Clause: OHKO moves are banned
|rule|Evasion Moves Clause: Evasion moves are banned
|rule|Endless Battle Clause: Forcing endless battles is banned
|rule|HP Percentage Mod: HP is shown in percentages
|rule|Dynamax Clause: You cannot dynamax
|teampreview
|inactive|Battle timer is ON: inactive players will automatically lose when time's up. (requested by wuhoodude)
|
|t:|1616520508
|start
|switch|p1a: Gourgeist|Gourgeist-Super, M|100/100
|switch|p2a: Palossand|Palossand, M|100/100
|-item|p2a: Palossand|Colbur Berry|[from] ability: Frisk|[of] p1a: Gourgeist|[identify]
|turn|1
|
|t:|1616520515
|switch|p2a: Audino|Audino, F|100/100
|move|p1a: Gourgeist|Poltergeist|p2a: Audino
|-immune|p2a: Audino
|
|upkeep
|turn|2
|
|t:|1616520532
|move|p2a: Audino|Knock Off|p1a: Gourgeist
|-supereffective|p1a: Gourgeist
|-damage|p1a: Gourgeist|76/100
|-enditem|p1a: Gourgeist|Spell Tag|[from] move: Knock Off|[of] p2a: Audino
|move|p1a: Gourgeist|Power Whip|p2a: Audino
|-damage|p2a: Audino|50/100
|
|upkeep
|turn|3
|
|t:|1616520538
|switch|p2a: Weezing|Weezing, M|100/100
|-ability|p2a: Weezing|Neutralizing Gas
|move|p1a: Gourgeist|Power Whip|p2a: Weezing
|-resisted|p2a: Weezing
|-damage|p2a: Weezing|83/100
|
|-heal|p2a: Weezing|89/100|[from] item: Black Sludge
|upkeep
|turn|4
|
|t:|1616520543
|switch|p1a: Magneton|Magneton|100/100
|move|p2a: Weezing|Toxic Spikes|p1a: Magneton
|-sidestart|p1: fat flop|move: Toxic Spikes
|
|-heal|p2a: Weezing|95/100|[from] item: Black Sludge
|upkeep
|turn|5
|
|t:|1616520546
|-end|p2a: Weezing|ability: Neutralizing Gas
|switch|p2a: Audino|Audino, F|84/100
|move|p1a: Magneton|Flash Cannon|p2a: Audino
|-damage|p2a: Audino|53/100
|-unboost|p2a: Audino|spd|1
|
|upkeep
|turn|6
|
|t:|1616520552
|move|p2a: Audino|Protect|p2a: Audino
|-singleturn|p2a: Audino|Protect
|move|p1a: Magneton|Flash Cannon|p2a: Audino
|-activate|p2a: Audino|move: Protect
|
|upkeep
|turn|7
|inactive|wuhoodude has 120 seconds left.
|inactive|wuhoodude has 90 seconds left.
|
|t:|1616520621
|switch|p2a: Vaporeon|Vaporeon, M|100/100
|move|p1a: Magneton|Thunderbolt|p2a: Vaporeon
|-supereffective|p2a: Vaporeon
|-damage|p2a: Vaporeon|8/100
|
|-heal|p2a: Vaporeon|15/100|[from] item: Leftovers
|upkeep
|turn|8
|inactive|wuhoodude has 90 seconds left.
|
|t:|1616520630
|move|p2a: Vaporeon|Protect|p2a: Vaporeon
|-singleturn|p2a: Vaporeon|Protect
|move|p1a: Magneton|Thunderbolt|p2a: Vaporeon
|-activate|p2a: Vaporeon|move: Protect
|
|-heal|p2a: Vaporeon|21/100|[from] item: Leftovers
|upkeep
|turn|9
|
|t:|1616520636
|switch|p2a: Audino|Audino, F|86/100
|move|p1a: Magneton|Flash Cannon|p2a: Audino
|-damage|p2a: Audino|54/100
|
|upkeep
|turn|10
|
|t:|1616520641
|move|p1a: Magneton|Volt Switch|p2a: Audino
|-damage|p2a: Audino|31/100
|
|t:|1616520649
|switch|p1a: Turtonator|Turtonator, F|100/100|[from]move: Volt Switch
|move|p2a: Audino|Wish|p2a: Audino
|
|upkeep
|turn|11
|
|t:|1616520654
|move|p1a: Turtonator|Shell Smash|p1a: Turtonator
|-unboost|p1a: Turtonator|def|1
|-unboost|p1a: Turtonator|spd|1
|-boost|p1a: Turtonator|atk|2
|-boost|p1a: Turtonator|spa|2
|-boost|p1a: Turtonator|spe|2
|move|p2a: Audino|Knock Off|p1a: Turtonator
|-damage|p1a: Turtonator|78/100
|-enditem|p1a: Turtonator|Heavy-Duty Boots|[from] move: Knock Off|[of] p2a: Audino
|
|-heal|p2a: Audino|81/100|[from] move: Wish|[wisher] Audino
|upkeep
|turn|12
|inactive|wuhoodude has 120 seconds left.
|
|t:|1616520671
|move|p1a: Turtonator|Fire Blast|p2a: Audino
|-crit|p2a: Audino
|-damage|p2a: Audino|0 fnt
|faint|p2a: Audino
|
|upkeep
|inactive|wuhoodude has 120 seconds left.
|
|t:|1616520680
|switch|p2a: Talonflame|Talonflame, M|100/100
|turn|13
|
|t:|1616520694
|switch|p2a: Vaporeon|Vaporeon, M|21/100
|move|p1a: Turtonator|Shell Smash|p1a: Turtonator
|-unboost|p1a: Turtonator|def|1
|-unboost|p1a: Turtonator|spd|1
|-boost|p1a: Turtonator|atk|2
|-boost|p1a: Turtonator|spa|2
|-boost|p1a: Turtonator|spe|2
|
|-heal|p2a: Vaporeon|27/100|[from] item: Leftovers
|upkeep
|turn|14
|
|t:|1616520700
|move|p2a: Vaporeon|Protect|p2a: Vaporeon
|-singleturn|p2a: Vaporeon|Protect
|move|p1a: Turtonator|Fire Blast|p2a: Vaporeon
|-activate|p2a: Vaporeon|move: Protect
|
|-heal|p2a: Vaporeon|33/100|[from] item: Leftovers
|upkeep
|turn|15
|
|t:|1616520703
|move|p1a: Turtonator|Fire Blast|p2a: Vaporeon
|-resisted|p2a: Vaporeon
|-damage|p2a: Vaporeon|0 fnt
|faint|p2a: Vaporeon
|
|upkeep
|
|t:|1616520711
|switch|p2a: Talonflame|Talonflame, M|100/100
|turn|16
|
|t:|1616520714
|move|p1a: Turtonator|Draco Meteor|p2a: Talonflame
|-damage|p2a: Talonflame|0 fnt
|-unboost|p1a: Turtonator|spa|2
|faint|p2a: Talonflame
|
|upkeep
|
|t:|1616520719
|switch|p2a: Sableye|Sableye, F|100/100
|turn|17
|
|t:|1616520725
|move|p1a: Turtonator|Fire Blast|p2a: Sableye
|-damage|p2a: Sableye|12/100
|move|p2a: Sableye|Foul Play|p1a: Turtonator
|-damage|p1a: Turtonator|0 fnt
|faint|p1a: Turtonator
|
|upkeep
|
|t:|1616520737
|switch|p1a: Aromatisse|Aromatisse, F|100/100
|turn|18
|
|t:|1616520741
|switch|p2a: Weezing|Weezing, M|95/100
|-ability|p2a: Weezing|Neutralizing Gas
|move|p1a: Aromatisse|Moonblast|p2a: Weezing
|-resisted|p2a: Weezing
|-damage|p2a: Weezing|72/100
|
|-heal|p2a: Weezing|78/100|[from] item: Black Sludge
|upkeep
|turn|19
|
|t:|1616520748
|switch|p1a: Magneton|Magneton|100/100
|move|p2a: Weezing|Will-O-Wisp|p1a: Magneton
|-status|p1a: Magneton|brn
|
|-heal|p2a: Weezing|84/100|[from] item: Black Sludge
|-damage|p1a: Magneton|94/100 brn|[from] brn
|upkeep
|turn|20
|
|t:|1616520759
|-end|p2a: Weezing|ability: Neutralizing Gas
|switch|p2a: Sableye|Sableye, F|12/100
|move|p1a: Magneton|Flash Cannon|p2a: Sableye
|-damage|p2a: Sableye|0 fnt
|faint|p2a: Sableye
|
|-damage|p1a: Magneton|88/100 brn|[from] brn
|upkeep
|
|t:|1616520762
|switch|p2a: Palossand|Palossand, M|100/100
|turn|21
|
|t:|1616520776
|switch|p1a: Aromatisse|Aromatisse, F|100/100
|move|p2a: Palossand|Earth Power|p1a: Aromatisse
|-damage|p1a: Aromatisse|72/100
|
|upkeep
|turn|22
|
|t:|1616520780
|move|p2a: Palossand|Toxic|p1a: Aromatisse
|-status|p1a: Aromatisse|tox
|move|p1a: Aromatisse|Wish|p1a: Aromatisse
|
|-damage|p1a: Aromatisse|66/100 tox|[from] psn
|upkeep
|turn|23
|
|t:|1616520784
|move|p2a: Palossand|Stealth Rock|p1a: Aromatisse
|-sidestart|p1: fat flop|move: Stealth Rock
|move|p1a: Aromatisse|Moonblast|p2a: Palossand
|-damage|p2a: Palossand|67/100
|
|-heal|p1a: Aromatisse|100/100 tox|[from] move: Wish|[wisher] Aromatisse
|-damage|p1a: Aromatisse|88/100 tox|[from] psn
|upkeep
|turn|24
|
|t:|1616520799
|move|p2a: Palossand|Shore Up|p2a: Palossand
|-heal|p2a: Palossand|100/100
|move|p1a: Aromatisse|Wish|p1a: Aromatisse
|
|-damage|p1a: Aromatisse|70/100 tox|[from] psn
|upkeep
|turn|25
|
|t:|1616520803
|switch|p1a: Gourgeist|Gourgeist-Super, M|76/100
|-status|p1a: Gourgeist|psn
|-damage|p1a: Gourgeist|64/100 psn|[from] Stealth Rock
|-item|p2a: Palossand|Colbur Berry|[from] ability: Frisk|[of] p1a: Gourgeist|[identify]
|move|p2a: Palossand|Earth Power|p1a: Gourgeist
|-resisted|p1a: Gourgeist
|-damage|p1a: Gourgeist|45/100 psn
|
|-heal|p1a: Gourgeist|99/100 psn|[from] move: Wish|[wisher] Aromatisse
|-damage|p1a: Gourgeist|87/100 psn|[from] psn
|upkeep
|turn|26
|
|t:|1616520814
|switch|p2a: Weezing|Weezing, M|84/100
|-ability|p2a: Weezing|Neutralizing Gas
|move|p1a: Gourgeist|Poltergeist|p2a: Weezing
|-activate|p2a: Weezing|move: Poltergeist|Black Sludge
|-damage|p2a: Weezing|47/100
|
|-heal|p2a: Weezing|53/100|[from] item: Black Sludge
|-damage|p1a: Gourgeist|75/100 psn|[from] psn
|upkeep
|turn|27
|
|t:|1616520823
|switch|p1a: Gigalith|Gigalith, F|100/100
|-status|p1a: Gigalith|psn
|-damage|p1a: Gigalith|88/100 psn|[from] Stealth Rock
|move|p2a: Weezing|Rest|p2a: Weezing
|-status|p2a: Weezing|slp|[from] move: Rest
|-heal|p2a: Weezing|100/100 slp|[silent]
|
|-heal|p1a: Gigalith|94/100 psn|[from] item: Leftovers
|-damage|p1a: Gigalith|82/100 psn|[from] psn
|upkeep
|turn|28
|
|t:|1616520826
|-end|p2a: Weezing|ability: Neutralizing Gas
|-weather|Sandstorm|[from] ability: Sand Stream|[of] p1a: Gigalith
|switch|p2a: Palossand|Palossand, M|100/100
|move|p1a: Gigalith|Stealth Rock|p2a: Palossand
|-sidestart|p2: wuhoodude|move: Stealth Rock
|
|-weather|Sandstorm|[upkeep]
|-heal|p1a: Gigalith|88/100 psn|[from] item: Leftovers
|-damage|p1a: Gigalith|76/100 psn|[from] psn
|upkeep
|turn|29
|
|t:|1616520830
|move|p2a: Palossand|Earth Power|p1a: Gigalith
|-supereffective|p1a: Gigalith
|-crit|p1a: Gigalith
|-damage|p1a: Gigalith|30/100 psn
|move|p1a: Gigalith|Toxic|p2a: Palossand|[miss]
|-miss|p1a: Gigalith|p2a: Palossand
|
|-weather|Sandstorm|[upkeep]
|-heal|p1a: Gigalith|37/100 psn|[from] item: Leftovers
|-damage|p1a: Gigalith|24/100 psn|[from] psn
|upkeep
|turn|30
|
|t:|1616520849
|move|p2a: Palossand|Earth Power|p1a: Gigalith
|-supereffective|p1a: Gigalith
|-damage|p1a: Gigalith|0 fnt
|faint|p1a: Gigalith
|
|-weather|Sandstorm|[upkeep]
|upkeep
|
|t:|1616520864
|switch|p1a: Gourgeist|Gourgeist-Super, M|75/100 psn
|-damage|p1a: Gourgeist|62/100 psn|[from] Stealth Rock
|-item|p2a: Palossand|Colbur Berry|[from] ability: Frisk|[of] p1a: Gourgeist|[identify]
|turn|31
|
|t:|1616520868
|switch|p2a: Weezing|Weezing, M|100/100 slp
|-ability|p2a: Weezing|Neutralizing Gas
|-damage|p2a: Weezing|88/100 slp|[from] Stealth Rock
|move|p1a: Gourgeist|Poltergeist|p2a: Weezing
|-activate|p2a: Weezing|move: Poltergeist|Black Sludge
|-damage|p2a: Weezing|52/100 slp
|
|-weather|Sandstorm|[upkeep]
|-damage|p2a: Weezing|46/100 slp|[from] Sandstorm
|-damage|p1a: Gourgeist|56/100 psn|[from] Sandstorm
|-heal|p2a: Weezing|52/100 slp|[from] item: Black Sludge
|-damage|p1a: Gourgeist|44/100 psn|[from] psn
|upkeep
|turn|32
|
|t:|1616520885
|switch|p1a: Magneton|Magneton|88/100 brn
|-damage|p1a: Magneton|82/100 brn|[from] Stealth Rock
|cant|p2a: Weezing|slp
|
|-weather|none
|-heal|p2a: Weezing|58/100 slp|[from] item: Black Sludge
|-damage|p1a: Magneton|76/100 brn|[from] brn
|upkeep
|turn|33
|
|t:|1616520898
|-end|p2a: Weezing|ability: Neutralizing Gas
|switch|p2a: Palossand|Palossand, M|100/100
|-damage|p2a: Palossand|94/100|[from] Stealth Rock
|move|p1a: Magneton|Flash Cannon|p2a: Palossand
|-damage|p2a: Palossand|38/100
|-unboost|p2a: Palossand|spd|1
|
|-damage|p1a: Magneton|69/100 brn|[from] brn
|upkeep
|turn|34
|
|t:|1616520905
|switch|p2a: Weezing|Weezing, M|58/100 slp
|-ability|p2a: Weezing|Neutralizing Gas
|-damage|p2a: Weezing|46/100 slp|[from] Stealth Rock
|move|p1a: Magneton|Flash Cannon|p2a: Weezing
|-damage|p2a: Weezing|0 fnt
|faint|p2a: Weezing
|-end|p2a: Weezing|ability: Neutralizing Gas
|
|-damage|p1a: Magneton|63/100 brn|[from] brn
|upkeep
|
|t:|1616520912
|switch|p2a: Palossand|Palossand, M|38/100
|-damage|p2a: Palossand|32/100|[from] Stealth Rock
|turn|35
|
|t:|1616520914
|move|p1a: Magneton|Flash Cannon|p2a: Palossand
|-damage|p2a: Palossand|0 fnt
|faint|p2a: Palossand
|
|win|fat flop
|l|☆wuhoodude
|raw|fat flop's rating: 1682 &rarr; <strong>1697</strong><br />(+15 for winning)
|raw|wuhoodude's rating: 1601 &rarr; <strong>1586</strong><br />(-15 for losing)
