|raw|<div class="broadcast-blue"><strong>This battle is required to be public due to a player having a name starting with 'pult61a'.</div>
|j|☆pult61a fredo
|j|☆pult61a spades
|t:|1626919560
|gametype|singles
|player|p1|pult61a fredo|schoolkidf-gen3|1323
|player|p2|pult61a spades|erika|1548
|teamsize|p1|6
|teamsize|p2|6
|gen|8
|tier|[Gen 8] PU
|rated|
|rule|Sleep Clause Mod: Limit one foe put to sleep
|rule|Species Clause: Limit one of each Pokémon
|rule|OHKO Clause: OHKO moves are banned
|rule|Evasion Moves Clause: Evasion moves are banned
|rule|Endless Battle Clause: Forcing endless battles is banned
|rule|HP Percentage Mod: HP is shown in percentages
|rule|Dynamax Clause: You cannot dynamax
|clearpoke
|poke|p1|Thwackey, F|
|poke|p1|Trevenant, F|
|poke|p1|Thievul, M|
|poke|p1|Silvally-*|
|poke|p1|Coalossal, F|
|poke|p1|Rapidash-Galar, M|
|poke|p2|Sandslash-Alola, M|
|poke|p2|Articuno-Galar|
|poke|p2|Ferroseed, F|
|poke|p2|Wishiwashi, F|
|poke|p2|Sandaconda, F|
|poke|p2|Silvally-*|
|teampreview
|
|t:|1626919586
|start
|switch|p1a: Thwackey|Thwackey, F|100/100
|switch|p2a: Sandslash|Sandslash-Alola, M|100/100
|-fieldstart|move: Grassy Terrain|[from] ability: Grassy Surge|[of] p1a: Thwackey
|turn|1
|
|t:|1626919590
|switch|p1a: Coalossal|Coalossal, F|100/100
|move|p2a: Sandslash|Knock Off|p1a: Coalossal
|-damage|p1a: Coalossal|81/100
|-enditem|p1a: Coalossal|Heavy-Duty Boots|[from] move: Knock Off|[of] p2a: Sandslash
|
|-heal|p1a: Coalossal|87/100|[from] Grassy Terrain
|upkeep
|turn|2
|
|t:|1626919596
|switch|p2a: Wishiwashi|Wishiwashi, F|100/100
|-formechange|p2a: Wishiwashi|Wishiwashi-School||[from] ability: Schooling
|move|p1a: Coalossal|Spikes|p2a: Wishiwashi
|-sidestart|p2: pult61a spades|Spikes
|
|-heal|p1a: Coalossal|93/100|[from] Grassy Terrain
|upkeep
|turn|3
|
|t:|1626919603
|switch|p1a: Trevenant|Trevenant, F|100/100
|move|p2a: Wishiwashi|U-turn|p1a: Trevenant
|-damage|p1a: Trevenant|72/100
|
|t:|1626919615
|switch|p2a: Articuno|Articuno-Galar|100/100|[from]move: U-turn
|
|-heal|p1a: Trevenant|78/100|[from] Grassy Terrain
|upkeep
|turn|4
|
|t:|1626919620
|switch|p1a: Coalossal|Coalossal, F|93/100
|move|p2a: Articuno|U-turn|p1a: Coalossal
|-resisted|p1a: Coalossal
|-damage|p1a: Coalossal|89/100
|-status|p2a: Articuno|brn|[from] ability: Flame Body|[of] p1a: Coalossal
|inactive|Battle timer is ON: inactive players will automatically lose when time's up. (requested by pult61a fredo)
|
|t:|1626919636
|switch|p2a: Wishiwashi|Wishiwashi, F|100/100|[from]move: U-turn
|-damage|p2a: Wishiwashi|88/100|[from] Spikes
|-formechange|p2a: Wishiwashi|Wishiwashi-School||[from] ability: Schooling
|
|-heal|p1a: Coalossal|95/100|[from] Grassy Terrain
|-heal|p2a: Wishiwashi|94/100|[from] Grassy Terrain
|-heal|p2a: Wishiwashi|100/100|[from] item: Leftovers
|upkeep
|turn|5
|
|t:|1626919645
|switch|p1a: Trevenant|Trevenant, F|78/100
|move|p2a: Wishiwashi|Scald|p1a: Trevenant
|-resisted|p1a: Trevenant
|-damage|p1a: Trevenant|55/100
|-status|p1a: Trevenant|brn
|
|-heal|p1a: Trevenant|61/100 brn|[from] Grassy Terrain
|-damage|p1a: Trevenant|55/100 brn|[from] brn
|upkeep
|turn|6
|
|t:|1626919650
|switch|p2a: Sandslash|Sandslash-Alola, M|100/100
|-damage|p2a: Sandslash|88/100|[from] Spikes
|move|p1a: Trevenant|Poltergeist|p2a: Sandslash
|-activate|p2a: Sandslash|move: Poltergeist|Leftovers
|-damage|p2a: Sandslash|52/100
|
|-heal|p1a: Trevenant|61/100 brn|[from] Grassy Terrain
|-heal|p2a: Sandslash|58/100|[from] Grassy Terrain
|-heal|p2a: Sandslash|64/100|[from] item: Leftovers
|-damage|p1a: Trevenant|55/100 brn|[from] brn
|upkeep
|turn|7
|
|t:|1626919656
|switch|p1a: Coalossal|Coalossal, F|95/100
|move|p2a: Sandslash|Rapid Spin|p1a: Coalossal
|-resisted|p1a: Coalossal
|-damage|p1a: Coalossal|90/100
|-boost|p2a: Sandslash|spe|1
|-status|p2a: Sandslash|brn|[from] ability: Flame Body|[of] p1a: Coalossal
|-sideend|p2: pult61a spades|Spikes|[from] move: Rapid Spin|[of] p2a: Sandslash
|
|-heal|p2a: Sandslash|70/100 brn|[from] Grassy Terrain
|-heal|p2a: Sandslash|76/100 brn|[from] item: Leftovers
|-heal|p1a: Coalossal|96/100|[from] Grassy Terrain
|-damage|p2a: Sandslash|70/100 brn|[from] brn
|upkeep
|turn|8
|
|t:|1626919669
|switch|p2a: Wishiwashi|Wishiwashi, F|100/100
|-formechange|p2a: Wishiwashi|Wishiwashi-School||[from] ability: Schooling
|switch|p1a: Trevenant|Trevenant, F|55/100
|
|-heal|p1a: Trevenant|61/100|[from] Grassy Terrain
|-fieldend|move: Grassy Terrain
|upkeep
|turn|9
|
|t:|1626919677
|move|p1a: Trevenant|Wood Hammer|p2a: Wishiwashi
|-supereffective|p2a: Wishiwashi
|-damage|p2a: Wishiwashi|0 fnt
|faint|p2a: Wishiwashi
|-damage|p1a: Trevenant|30/100|[from] Recoil
|
|upkeep
|
|t:|1626919684
|switch|p2a: Silvally|Silvally-Fairy|100/100
|turn|10
|
|t:|1626919698
|move|p2a: Silvally|Swords Dance|p2a: Silvally
|-boost|p2a: Silvally|atk|2
|move|p1a: Trevenant|Wood Hammer|p2a: Silvally
|-damage|p2a: Silvally|1/100
|-damage|p1a: Trevenant|0 fnt|[from] Recoil
|faint|p1a: Trevenant
|
|upkeep
|j| Gva
|
|t:|1626919700
|switch|p1a: Thwackey|Thwackey, F|100/100
|-fieldstart|move: Grassy Terrain|[from] ability: Grassy Surge|[of] p1a: Thwackey
|turn|11
|
|t:|1626919703
|switch|p2a: Ferroseed|Ferroseed, F|100/100
|move|p1a: Thwackey|Grassy Glide|p2a: Ferroseed
|-resisted|p2a: Ferroseed
|-damage|p2a: Ferroseed|95/100
|-damage|p1a: Thwackey|88/100|[from] ability: Iron Barbs|[of] p2a: Ferroseed
|
|-heal|p1a: Thwackey|94/100|[from] Grassy Terrain
|-heal|p2a: Ferroseed|100/100|[from] Grassy Terrain
|upkeep
|turn|12
|
|t:|1626919709
|move|p1a: Thwackey|Taunt|p2a: Ferroseed
|-start|p2a: Ferroseed|move: Taunt
|cant|p2a: Ferroseed|move: Taunt|Stealth Rock
|
|-heal|p1a: Thwackey|99/100|[from] Grassy Terrain
|upkeep
|turn|13
|
|t:|1626919722
|switch|p2a: Sandaconda|Sandaconda, F|100/100
|move|p1a: Thwackey|U-turn|p2a: Sandaconda
|-damage|p2a: Sandaconda|88/100
|
|t:|1626919727
|switch|p1a: Thievul|Thievul, M|100/100|[from]move: U-turn
|-enditem|p1a: Thievul|Grassy Seed
|-boost|p1a: Thievul|def|1|[from] item: Grassy Seed
|
|-heal|p2a: Sandaconda|94/100|[from] Grassy Terrain
|-heal|p2a: Sandaconda|99/100|[from] item: Leftovers
|upkeep
|turn|14
|
|t:|1626919730
|move|p1a: Thievul|Substitute|p1a: Thievul
|-start|p1a: Thievul|Substitute
|-damage|p1a: Thievul|76/100
|move|p2a: Sandaconda|Glare||[still]
|-fail|p2a: Sandaconda
|
|-heal|p1a: Thievul|82/100|[from] Grassy Terrain
|-heal|p2a: Sandaconda|100/100|[from] Grassy Terrain
|upkeep
|turn|15
|
|t:|1626919733
|move|p1a: Thievul|Nasty Plot|p1a: Thievul
|-boost|p1a: Thievul|spa|2
|move|p2a: Sandaconda|Coil|p2a: Sandaconda
|-boost|p2a: Sandaconda|atk|1
|-boost|p2a: Sandaconda|def|1
|-boost|p2a: Sandaconda|accuracy|1
|
|-heal|p1a: Thievul|88/100|[from] Grassy Terrain
|upkeep
|turn|16
|
|t:|1626919735
|move|p1a: Thievul|Nasty Plot|p1a: Thievul
|-boost|p1a: Thievul|spa|2
|move|p2a: Sandaconda|Earthquake|p1a: Thievul
|-end|p1a: Thievul|Substitute
|
|-heal|p1a: Thievul|94/100|[from] Grassy Terrain
|upkeep
|turn|17
|
|t:|1626919738
|move|p1a: Thievul|Dark Pulse|p2a: Sandaconda
|-damage|p2a: Sandaconda|0 fnt
|faint|p2a: Sandaconda
|
|-heal|p1a: Thievul|100/100|[from] Grassy Terrain
|upkeep
|-message|pult61a spades forfeited.
|
|win|pult61a fredo
|raw|pult61a fredo's rating: 1323 &rarr; <strong>1354</strong><br />(+31 for winning)
|raw|pult61a spades's rating: 1548 &rarr; <strong>1517</strong><br />(-31 for losing)
|c|☆pult61a spades|gg
|l|☆pult61a spades
|c|☆pult61a fredo|gg
