|raw|<div class="broadcast-blue"><strong>This battle is required to be public due to a player having a name starting with 'pult4c1'.</div>
|j|☆yassy slay
|j|☆PULT4C1 spacial
|t:|1661074387
|gametype|singles
|player|p1|yassy slay|clown|1621
|player|p2|PULT4C1 spacial|mars|1567
|teamsize|p1|6
|teamsize|p2|6
|gen|8
|tier|[Gen 8] PU
|rated|
|rule|Sleep Clause Mod: Limit one foe put to sleep
|rule|Species Clause: Limit one of each Pokémon
|rule|OHKO Clause: OHKO moves are banned
|rule|Evasion Items Clause: Evasion items are banned
|rule|Evasion Moves Clause: Evasion moves are banned
|rule|Endless Battle Clause: Forcing endless battles is banned
|rule|HP Percentage Mod: HP is shown in percentages
|rule|Dynamax Clause: You cannot dynamax
|clearpoke
|poke|p1|Flapple, F|
|poke|p1|Weezing, F|
|poke|p1|Comfey, F|
|poke|p1|Gourgeist-*, F|
|poke|p1|Gigalith, F|
|poke|p1|Sandslash, M|
|poke|p2|Centiskorch, M|
|poke|p2|Whimsicott, F|
|poke|p2|Lanturn, M|
|poke|p2|Aggron, F|
|poke|p2|Cinccino, F|
|poke|p2|Weezing, M|
|teampreview
|j| gmtlavoiture
|j| PULT4C1 Royal
|j| PULT4C1 Haffling
|j| PULT4C1 Redemption
|
|t:|1661074407
|start
|switch|p1a: Gigalith|Gigalith, F|100/100
|switch|p2a: Weezing|Weezing, M|100/100
|-weather|Sandstorm|[from] ability: Sand Stream|[of] p1a: Gigalith
|turn|1
|
|t:|1661074417
|move|p2a: Weezing|Toxic Spikes|p1a: Gigalith
|-sidestart|p1: yassy slay|move: Toxic Spikes
|move|p1a: Gigalith|Stealth Rock|p2a: Weezing
|-sidestart|p2: PULT4C1 spacial|move: Stealth Rock
|
|-weather|Sandstorm|[upkeep]
|-damage|p2a: Weezing|94/100|[from] Sandstorm
|-heal|p2a: Weezing|100/100|[from] item: Black Sludge
|upkeep
|turn|2
|j| Starfall
|
|t:|1661074423
|switch|p1a: Weezing|Weezing, F|100/100
|-ability|p1a: Weezing|Neutralizing Gas
|-sideend|p1: yassy slay|move: Toxic Spikes|[of] p1a: Weezing
|move|p2a: Weezing|Sludge Bomb|p1a: Weezing
|-resisted|p1a: Weezing
|-damage|p1a: Weezing|81/100
|
|-weather|Sandstorm|[upkeep]
|-damage|p2a: Weezing|94/100|[from] Sandstorm
|-damage|p1a: Weezing|75/100|[from] Sandstorm
|-heal|p2a: Weezing|100/100|[from] item: Black Sludge
|-heal|p1a: Weezing|81/100|[from] item: Black Sludge
|upkeep
|turn|3
|
|t:|1661074426
|move|p2a: Weezing|Toxic Spikes|p1a: Weezing
|-sidestart|p1: yassy slay|move: Toxic Spikes
|move|p1a: Weezing|Toxic Spikes|p2a: Weezing
|-sidestart|p2: PULT4C1 spacial|move: Toxic Spikes
|
|-weather|Sandstorm|[upkeep]
|-damage|p2a: Weezing|94/100|[from] Sandstorm
|-damage|p1a: Weezing|75/100|[from] Sandstorm
|-heal|p2a: Weezing|100/100|[from] item: Black Sludge
|-heal|p1a: Weezing|81/100|[from] item: Black Sludge
|upkeep
|turn|4
|
|t:|1661074432
|switch|p2a: Aggron|Aggron, F|100/100
|-damage|p2a: Aggron|94/100|[from] Stealth Rock
|move|p1a: Weezing|Flamethrower|p2a: Aggron
|-damage|p2a: Aggron|82/100
|
|-weather|Sandstorm|[upkeep]
|-damage|p1a: Weezing|75/100|[from] Sandstorm
|-heal|p1a: Weezing|81/100|[from] item: Black Sludge
|-heal|p2a: Aggron|88/100|[from] item: Leftovers
|upkeep
|turn|5
|l| Starfall
|
|t:|1661074439
|-end|p1a: Weezing|ability: Neutralizing Gas
|switch|p1a: Sandslash|Sandslash, M|100/100
|switch|p2a: Centiskorch|Centiskorch, M|100/100
|
|-weather|none
|upkeep
|turn|6
|
|t:|1661074445
|move|p2a: Centiskorch|Power Whip|p1a: Sandslash
|-supereffective|p1a: Sandslash
|-damage|p1a: Sandslash|18/100
|move|p1a: Sandslash|Stone Edge|p2a: Centiskorch
|-supereffective|p2a: Centiskorch
|-damage|p2a: Centiskorch|0 fnt
|faint|p2a: Centiskorch
|
|upkeep
|
|t:|1661074452
|switch|p2a: Whimsicott|Whimsicott, F|100/100
|turn|7
|
|t:|1661074455
|switch|p1a: Weezing|Weezing, F|81/100
|-ability|p1a: Weezing|Neutralizing Gas
|-sideend|p1: yassy slay|move: Toxic Spikes|[of] p1a: Weezing
|move|p2a: Whimsicott|Moonblast|p1a: Weezing
|-resisted|p1a: Weezing
|-damage|p1a: Weezing|63/100
|
|-heal|p1a: Weezing|69/100|[from] item: Black Sludge
|upkeep
|turn|8
|
|t:|1661074460
|move|p2a: Whimsicott|U-turn|p1a: Weezing
|-resisted|p1a: Weezing
|-crit|p1a: Weezing
|-damage|p1a: Weezing|64/100
|
|t:|1661074462
|switch|p2a: Weezing|Weezing, M|100/100|[from]move: U-turn
|-damage|p2a: Weezing|88/100|[from] Stealth Rock
|-sideend|p2: PULT4C1 spacial|move: Toxic Spikes|[of] p2a: Weezing
|move|p1a: Weezing|Flamethrower|p2a: Weezing
|-damage|p2a: Weezing|62/100
|-status|p2a: Weezing|brn
|
|-heal|p2a: Weezing|68/100 brn|[from] item: Black Sludge
|-heal|p1a: Weezing|70/100|[from] item: Black Sludge
|-damage|p2a: Weezing|62/100 brn|[from] brn
|upkeep
|turn|9
|
|t:|1661074475
|move|p2a: Weezing|Toxic Spikes|p1a: Weezing
|-sidestart|p1: yassy slay|move: Toxic Spikes
|move|p1a: Weezing|Toxic Spikes|p2a: Weezing
|-sidestart|p2: PULT4C1 spacial|move: Toxic Spikes
|
|-heal|p2a: Weezing|68/100 brn|[from] item: Black Sludge
|-heal|p1a: Weezing|76/100|[from] item: Black Sludge
|-damage|p2a: Weezing|62/100 brn|[from] brn
|upkeep
|turn|10
|
|t:|1661074482
|move|p2a: Weezing|Flamethrower|p1a: Weezing
|-damage|p1a: Weezing|51/100
|move|p1a: Weezing|Flamethrower|p2a: Weezing
|-damage|p2a: Weezing|35/100 brn
|
|-heal|p2a: Weezing|41/100 brn|[from] item: Black Sludge
|-heal|p1a: Weezing|57/100|[from] item: Black Sludge
|-damage|p2a: Weezing|35/100 brn|[from] brn
|upkeep
|turn|11
|
|t:|1661074487
|move|p2a: Weezing|Pain Split|p1a: Weezing
|-sethp|p1a: Weezing|46/100|[from] move: Pain Split|[silent]
|-sethp|p2a: Weezing|46/100 brn|[from] move: Pain Split
|move|p1a: Weezing|Flamethrower|p2a: Weezing
|-damage|p2a: Weezing|21/100 brn
|
|-heal|p2a: Weezing|27/100 brn|[from] item: Black Sludge
|-heal|p1a: Weezing|52/100|[from] item: Black Sludge
|-damage|p2a: Weezing|21/100 brn|[from] brn
|upkeep
|turn|12
|
|t:|1661074494
|move|p2a: Weezing|Flamethrower|p1a: Weezing
|-damage|p1a: Weezing|26/100
|move|p1a: Weezing|Flamethrower|p2a: Weezing
|-damage|p2a: Weezing|0 fnt
|faint|p2a: Weezing
|
|-heal|p1a: Weezing|32/100|[from] item: Black Sludge
|upkeep
|
|t:|1661074501
|switch|p2a: Lanturn|Lanturn, M|100/100
|-damage|p2a: Lanturn|88/100|[from] Stealth Rock
|-status|p2a: Lanturn|psn
|turn|13
|n| Royal1604|pult4c1royal
|
|t:|1661074510
|-end|p1a: Weezing|ability: Neutralizing Gas
|switch|p1a: Flapple|Flapple, F|100/100
|-status|p1a: Flapple|psn
|move|p2a: Lanturn|Scald|p1a: Flapple
|-resisted|p1a: Flapple
|-damage|p1a: Flapple|90/100 psn
|
|-heal|p2a: Lanturn|94/100 psn|[from] item: Leftovers
|-damage|p1a: Flapple|78/100 psn|[from] psn
|-damage|p2a: Lanturn|82/100 psn|[from] psn
|upkeep
|turn|14
|
|t:|1661074519
|switch|p2a: Whimsicott|Whimsicott, F|100/100
|move|p1a: Flapple|U-turn|p2a: Whimsicott
|-damage|p2a: Whimsicott|48/100
|-damage|p1a: Flapple|68/100 psn|[from] item: Life Orb
|
|t:|1661074523
|switch|p1a: Weezing|Weezing, F|32/100|[from]move: U-turn
|-ability|p1a: Weezing|Neutralizing Gas
|-sideend|p1: yassy slay|move: Toxic Spikes|[of] p1a: Weezing
|
|-heal|p1a: Weezing|38/100|[from] item: Black Sludge
|upkeep
|turn|15
|
|t:|1661074531
|move|p2a: Whimsicott|Defog|p1a: Weezing
|-unboost|p1a: Weezing|evasion|1
|-sideend|p2: PULT4C1 spacial|Toxic Spikes|[from] move: Defog|[of] p2a: Whimsicott
|-sideend|p2: PULT4C1 spacial|Stealth Rock|[from] move: Defog|[of] p2a: Whimsicott
|move|p1a: Weezing|Flamethrower|p2a: Whimsicott
|-supereffective|p2a: Whimsicott
|-damage|p2a: Whimsicott|0 fnt
|faint|p2a: Whimsicott
|
|-heal|p1a: Weezing|44/100|[from] item: Black Sludge
|upkeep
|-message|PULT4C1 spacial forfeited.
|
|win|yassy slay
|raw|yassy slay's rating: 1621 &rarr; <strong>1638</strong><br />(+17 for winning)
|raw|PULT4C1 spacial's rating: 1567 &rarr; <strong>1550</strong><br />(-17 for losing)
|l|☆PULT4C1 spacial
