|j|☆allstarapology
|j|☆pattek
|player|p1|allstarapology|parasollady|
|player|p2|pattek|dawn|
|teamsize|p1|6
|teamsize|p2|6
|gametype|singles
|gen|8
|tier|[Gen 8] PU
|rated|Tournament battle
|clearpoke
|poke|p1|Crustle, M|
|poke|p1|Pikachu, F|
|poke|p1|Gothitelle, F|
|poke|p1|Basculin, F|
|poke|p1|Gourgeist-*, F|
|poke|p1|Pawniard, M|
|poke|p2|Golurk|
|poke|p2|Palpitoad, M|
|poke|p2|Klang|
|poke|p2|Rapidash-Galar, F|
|poke|p2|Mr. Rime, M|
|poke|p2|Silvally-*|
|rule|Sleep Clause Mod: Limit one foe put to sleep
|rule|Species Clause: Limit one of each Pokémon
|rule|OHKO Clause: OHKO moves are banned
|rule|Evasion Moves Clause: Evasion moves are banned
|rule|Endless Battle Clause: Forcing endless battles is banned
|rule|HP Percentage Mod: HP is shown in percentages
|rule|Dynamax Clause: You cannot dynamax
|teampreview
|j| LunaTheDuck
|inactive|Battle timer is ON: inactive players will automatically lose when time's up. (requested by pattek)
|c|☆allstarapology|hf
|c|☆pattek|u2
|j| MAJIKM
|
|start
|switch|p1a: fool|Crustle, M|100/100
|switch|p2a: Palpitoad|Palpitoad, M|100/100
|turn|1
|j| Arakd’eau
|
|move|p2a: Palpitoad|Scald|p1a: fool
|-supereffective|p1a: fool
|-damage|p1a: fool|57/100
|-status|p1a: fool|brn
|move|p1a: fool|Spikes|p2a: Palpitoad
|-sidestart|p2: pattek|Spikes
|
|-damage|p1a: fool|51/100 brn|[from] brn
|upkeep
|turn|2
|j| PUPL Taddlig
|
|move|p2a: Palpitoad|Scald|p1a: fool
|-supereffective|p1a: fool
|-damage|p1a: fool|11/100 brn
|move|p1a: fool|Spikes|p2a: Palpitoad
|-sidestart|p2: pattek|Spikes
|
|-damage|p1a: fool|5/100 brn|[from] brn
|upkeep
|turn|3
|
|move|p2a: Palpitoad|Earth Power|p1a: fool
|-damage|p1a: fool|0 fnt
|faint|p1a: fool
|
|upkeep
|
|switch|p1a: lovers|Gourgeist, F|100/100
|-item|p2a: Palpitoad|Eviolite|[from] ability: Frisk|[of] p1a: lovers|[identify]
|turn|4
|
|switch|p1a: justice|Pawniard, M|100/100
|switch|p2a: Klang|Klang|100/100
|-damage|p2a: Klang|84/100|[from] Spikes
|
|upkeep
|turn|5
|
|switch|p2a: Palpitoad|Palpitoad, M|100/100
|-damage|p2a: Palpitoad|84/100|[from] Spikes
|move|p1a: justice|Knock Off|p2a: Palpitoad
|-crit|p2a: Palpitoad
|-damage|p2a: Palpitoad|43/100
|-enditem|p2a: Palpitoad|Eviolite|[from] move: Knock Off|[of] p1a: justice
|
|upkeep
|turn|6
|
|switch|p1a: lovers|Gourgeist, F|100/100
|switch|p2a: Mr. Rime|Mr. Rime, M|100/100
|
|upkeep
|turn|7
|
|move|p1a: lovers|Power Whip|p2a: Mr. Rime
|-damage|p2a: Mr. Rime|33/100
|move|p2a: Mr. Rime|Freeze-Dry|p1a: lovers
|-supereffective|p1a: lovers
|-enditem|p1a: lovers|Yache Berry|[eat]
|-enditem|p1a: lovers|Yache Berry|[weaken]
|-damage|p1a: lovers|55/100
|
|upkeep
|turn|8
|inactive|allstarapology has 120 seconds left.
|j|%tlenit1
|
|switch|p2a: Klang|Klang|84/100
|-damage|p2a: Klang|67/100|[from] Spikes
|move|p1a: lovers|Shadow Sneak|p2a: Klang
|-damage|p2a: Klang|52/100
|
|upkeep
|turn|9
|
|switch|p1a: justice|Pawniard, M|100/100
|move|p2a: Klang|Gear Grind|p1a: justice|[miss]
|-miss|p2a: Klang|p1a: justice
|
|upkeep
|turn|10
|
|switch|p2a: Palpitoad|Palpitoad, M|43/100
|-damage|p2a: Palpitoad|26/100|[from] Spikes
|move|p1a: justice|Knock Off|p2a: Palpitoad
|-damage|p2a: Palpitoad|0 fnt
|faint|p2a: Palpitoad
|
|upkeep
|
|switch|p2a: Rapidash|Rapidash-Galar, F|100/100
|-damage|p2a: Rapidash|84/100|[from] Spikes
|turn|11
|
|move|p2a: Rapidash|Play Rough|p1a: justice
|-damage|p1a: justice|33/100
|-damage|p2a: Rapidash|74/100|[from] item: Life Orb
|move|p1a: justice|Iron Head|p2a: Rapidash
|-supereffective|p2a: Rapidash
|-damage|p2a: Rapidash|0 fnt
|faint|p2a: Rapidash
|
|upkeep
|
|switch|p2a: Silvally|Silvally-Grass|100/100
|-damage|p2a: Silvally|84/100|[from] Spikes
|turn|12
|l| PUPL Taddlig
|
|move|p2a: Silvally|Multi-Attack|p1a: justice
|-resisted|p1a: justice
|-damage|p1a: justice|0 fnt
|faint|p1a: justice
|
|upkeep
|inactive|allstarapology has 120 seconds left.
|j| aou aou
|j|+tjay
|
|switch|p1a: magician|Pikachu, F|100/100
|turn|13
|j|+royesk
|
|move|p2a: Silvally|Protect|p2a: Silvally
|-singleturn|p2a: Silvally|Protect
|move|p1a: magician|Fake Out|p2a: Silvally
|-activate|p2a: Silvally|move: Protect
|
|upkeep
|turn|14
|
|switch|p1a: lovers|Gourgeist, F|55/100
|-item|p2a: Silvally|Grass Memory|[from] ability: Frisk|[of] p1a: lovers|[identify]
|move|p2a: Silvally|Multi-Attack|p1a: lovers
|-resisted|p1a: lovers
|-damage|p1a: lovers|29/100
|
|upkeep
|turn|15
|j| Oathkeepre
|
|move|p1a: lovers|Shadow Sneak|p2a: Silvally
|-damage|p2a: Silvally|66/100
|move|p2a: Silvally|Multi-Attack|p1a: lovers
|-resisted|p1a: lovers
|-damage|p1a: lovers|1/100
|
|upkeep
|turn|16
|
|move|p1a: lovers|Shadow Sneak|p2a: Silvally
|-damage|p2a: Silvally|48/100
|move|p2a: Silvally|Multi-Attack|p1a: lovers
|-resisted|p1a: lovers
|-damage|p1a: lovers|0 fnt
|faint|p1a: lovers
|
|upkeep
|j| Kimura451
|
|switch|p1a: judgement|Basculin, F|100/100
|turn|17
|l| Arakd’eau
|
|move|p2a: Silvally|Protect|p2a: Silvally
|-singleturn|p2a: Silvally|Protect
|move|p1a: judgement|Ice Beam|p2a: Silvally
|-activate|p2a: Silvally|move: Protect
|
|upkeep
|turn|18
|
|switch|p2a: Klang|Klang|52/100
|-damage|p2a: Klang|36/100|[from] Spikes
|move|p1a: judgement|Ice Beam|p2a: Klang
|-resisted|p2a: Klang
|-damage|p2a: Klang|26/100
|-status|p2a: Klang|frz
|
|upkeep
|turn|19
|
|switch|p1a: magician|Pikachu, F|100/100
|cant|p2a: Klang|frz
|
|upkeep
|turn|20
|j| Kingcat007
|
|move|p1a: magician|Knock Off|p2a: Klang
|-damage|p2a: Klang|0 fnt
|-enditem|p2a: Klang|Eviolite|[from] move: Knock Off|[of] p1a: magician
|faint|p2a: Klang
|
|upkeep
|c|☆allstarapology|soz
|c|☆pattek|its fine
|inactive|pattek has 120 seconds left.
|j| capalot.kid
|
|switch|p2a: Golurk|Golurk|100/100
|-damage|p2a: Golurk|84/100|[from] Spikes
|turn|21
|l| Oathkeepre
|
|move|p1a: magician|Knock Off|p2a: Golurk
|-supereffective|p2a: Golurk
|-damage|p2a: Golurk|0 fnt
|-enditem|p2a: Golurk|Life Orb|[from] move: Knock Off|[of] p1a: magician
|faint|p2a: Golurk
|
|upkeep
|
|switch|p2a: Silvally|Silvally-Grass|48/100
|-damage|p2a: Silvally|31/100|[from] Spikes
|turn|22
|
|move|p1a: magician|Extreme Speed|p2a: Silvally
|-damage|p2a: Silvally|0 fnt
|faint|p2a: Silvally
|
|upkeep
|
|switch|p2a: Mr. Rime|Mr. Rime, M|33/100
|turn|23
|
|move|p1a: magician|Knock Off|p2a: Mr. Rime
|-supereffective|p2a: Mr. Rime
|-crit|p2a: Mr. Rime
|-damage|p2a: Mr. Rime|0 fnt
|-enditem|p2a: Mr. Rime|Heavy-Duty Boots|[from] move: Knock Off|[of] p1a: magician
|faint|p2a: Mr. Rime
|
|win|allstarapology
