|j|☆MobiMav
|j|☆adhadda
|t:|1596693322
|player|p1|MobiMav|2|1270
|player|p2|adhadda|bugsy|1499
|teamsize|p1|6
|teamsize|p2|6
|gametype|singles
|gen|8
|tier|[Gen 8] PU
|rated|
|clearpoke
|poke|p1|Drifblim, M|
|poke|p1|Dedenne, F|
|poke|p1|Sandslash, F|
|poke|p1|Seaking, M|
|poke|p1|Trevenant, M|
|poke|p1|Mr. Rime, F|
|poke|p2|Shedinja|
|poke|p2|Wigglytuff, F|
|poke|p2|Sandslash, F|
|poke|p2|Mareanie, F|
|poke|p2|Oranguru, F|
|poke|p2|Dubwool, F|
|rule|Sleep Clause Mod: Limit one foe put to sleep
|rule|Species Clause: Limit one of each Pokémon
|rule|OHKO Clause: OHKO moves are banned
|rule|Evasion Moves Clause: Evasion moves are banned
|rule|Endless Battle Clause: Forcing endless battles is banned
|rule|HP Percentage Mod: HP is shown in percentages
|rule|Dynamax Clause: You cannot dynamax
|teampreview
|
|t:|1596693340
|start
|switch|p1a: Sandslash|Sandslash, F|100/100
|switch|p2a: Mareanie|Mareanie, F|100/100
|turn|1
|inactive|Battle timer is ON: inactive players will automatically lose when time's up. (requested by MobiMav)
|inactive|adhadda has 120 seconds left.
|inactive|adhadda has 90 seconds left.
|j| Meujeuh
|inactive|adhadda has 60 seconds left.
|
|t:|1596693438
|move|p1a: Sandslash|Stealth Rock|p2a: Mareanie
|-sidestart|p2: adhadda|move: Stealth Rock
|move|p2a: Mareanie|Scald|p1a: Sandslash
|-supereffective|p1a: Sandslash
|-damage|p1a: Sandslash|59/100
|
|-heal|p1a: Sandslash|65/100|[from] item: Leftovers
|upkeep
|turn|2
|
|t:|1596693446
|move|p1a: Sandslash|Spikes|p2a: Mareanie
|-sidestart|p2: adhadda|Spikes
|move|p2a: Mareanie|Scald|p1a: Sandslash
|-supereffective|p1a: Sandslash
|-damage|p1a: Sandslash|17/100
|
|-heal|p1a: Sandslash|24/100|[from] item: Leftovers
|upkeep
|turn|3
|
|t:|1596693453
|move|p1a: Sandslash|Spikes|p2a: Mareanie
|-sidestart|p2: adhadda|Spikes
|move|p2a: Mareanie|Scald|p1a: Sandslash
|-supereffective|p1a: Sandslash
|-damage|p1a: Sandslash|0 fnt
|faint|p1a: Sandslash
|
|upkeep
|
|t:|1596693458
|switch|p1a: Mr. Rime|Mr. Rime, F|100/100
|turn|4
|
|t:|1596693463
|switch|p2a: Shedinja|Shedinja|100/100
|move|p1a: Mr. Rime|Trick|p2a: Shedinja
|-activate|p1a: Mr. Rime|move: Trick|[of] p2a: Shedinja
|-item|p2a: Shedinja|Choice Scarf|[from] move: Trick
|-item|p1a: Mr. Rime|Heavy-Duty Boots|[from] move: Trick
|
|upkeep
|turn|5
|
|t:|1596693475
|switch|p1a: Seaking|Seaking, M|100/100
|move|p2a: Shedinja|Poltergeist|p1a: Seaking
|-activate|p1a: Seaking|move: Poltergeist|Assault Vest
|-damage|p1a: Seaking|40/100
|
|upkeep
|turn|6
|
|t:|1596693482
|move|p2a: Shedinja|Poltergeist|p1a: Seaking
|-activate|p1a: Seaking|move: Poltergeist|Assault Vest
|-damage|p1a: Seaking|0 fnt
|faint|p1a: Seaking
|
|upkeep
|
|t:|1596693486
|switch|p1a: Trevenant|Trevenant, M|100/100
|turn|7
|
|t:|1596693497
|move|p1a: Trevenant|Sucker Punch|p2a: Shedinja
|-supereffective|p2a: Shedinja
|-damage|p2a: Shedinja|0 fnt
|faint|p2a: Shedinja
|
|upkeep
|
|t:|1596693502
|switch|p2a: Oranguru|Oranguru, F|100/100
|-damage|p2a: Oranguru|88/100|[from] Stealth Rock
|-damage|p2a: Oranguru|71/100|[from] Spikes
|turn|8
|
|t:|1596693505
|move|p1a: Trevenant|Substitute|p1a: Trevenant
|-start|p1a: Trevenant|Substitute
|-damage|p1a: Trevenant|75/100
|move|p2a: Oranguru|Toxic||[still]
|-fail|p2a: Oranguru
|
|-heal|p2a: Oranguru|78/100|[from] item: Leftovers
|upkeep
|turn|9
|
|t:|1596693510
|move|p1a: Trevenant|Wood Hammer|p2a: Oranguru
|-damage|p2a: Oranguru|13/100
|-damage|p1a: Trevenant|51/100|[from] Recoil
|move|p2a: Oranguru|Encore|p1a: Trevenant
|-start|p1a: Trevenant|Encore
|
|-heal|p2a: Oranguru|20/100|[from] item: Leftovers
|upkeep
|turn|10
|
|t:|1596693517
|switch|p2a: Wigglytuff|Wigglytuff, F|100/100
|-damage|p2a: Wigglytuff|84/100|[from] Spikes
|-damage|p2a: Wigglytuff|72/100|[from] Stealth Rock
|move|p1a: Trevenant|Wood Hammer|p2a: Wigglytuff
|-damage|p2a: Wigglytuff|10/100
|-damage|p1a: Trevenant|26/100|[from] Recoil
|-enditem|p1a: Trevenant|Sitrus Berry|[eat]
|-heal|p1a: Trevenant|51/100|[from] item: Sitrus Berry
|
|-heal|p2a: Wigglytuff|16/100|[from] item: Leftovers
|-item|p1a: Trevenant|Sitrus Berry|[from] ability: Harvest
|upkeep
|turn|11
|-message|adhadda forfeited.
|
|win|MobiMav
|l|☆adhadda
|raw|MobiMav's rating: 1270 &rarr; <strong>1309</strong><br />(+39 for winning)
|raw|adhadda's rating: 1500 &rarr; <strong>1468</strong><br />(-32 for losing)
