|j|☆pult4c1 shane
|j|☆PULT4C1 chlo
|t:|1660572412
|gametype|singles
|player|p1|pult4c1 shane|veteran|1381
|player|p2|PULT4C1 chlo|#chlo|1314
|teamsize|p1|6
|teamsize|p2|6
|gen|8
|tier|[Gen 8] PU
|rated|
|rule|Sleep Clause Mod: Limit one foe put to sleep
|rule|Species Clause: Limit one of each Pokémon
|rule|OHKO Clause: OHKO moves are banned
|rule|Evasion Items Clause: Evasion items are banned
|rule|Evasion Moves Clause: Evasion moves are banned
|rule|Endless Battle Clause: Forcing endless battles is banned
|rule|HP Percentage Mod: HP is shown in percentages
|rule|Dynamax Clause: You cannot dynamax
|clearpoke
|poke|p1|Articuno-Galar|
|poke|p1|Cryogonal|
|poke|p1|Quagsire, F|
|poke|p1|Charizard, F|
|poke|p1|Ribombee, F|
|poke|p1|Regirock|
|poke|p2|Sneasel, M|
|poke|p2|Gourgeist-*, M|
|poke|p2|Sandslash, F|
|poke|p2|Togedemaru, M|
|poke|p2|Wishiwashi, F|
|poke|p2|Ribombee, F|
|teampreview
|inactive|Battle timer is ON: inactive players will automatically lose when time's up. (requested by pult4c1 shane)
|inactive|PULT4C1 chlo also wants the timer to be on.
|c|☆PULT4C1 chlo|NOOOOO
|c|☆pult4c1 shane|omg hi
|c|☆PULT4C1 chlo|hi
|c|☆PULT4C1 chlo|hfhf
|c|☆pult4c1 shane|i just lost to rain and i'm not happy
|c|☆pult4c1 shane|oh u2 u2
|c|☆PULT4C1 chlo|:(
|c|☆pult4c1 shane|my water resists were lacking
|inactive|pult4c1 shane has 120 seconds left.
|
|t:|1660572459
|start
|switch|p1a: Articuno|Articuno-Galar|100/100
|switch|p2a: Wishiwashi|Wishiwashi, F|100/100
|-formechange|p2a: Wishiwashi|Wishiwashi-School||[from] ability: Schooling
|turn|1
|
|t:|1660572481
|move|p1a: Articuno|Freezing Glare|p2a: Wishiwashi
|-damage|p2a: Wishiwashi|54/100
|move|p2a: Wishiwashi|Scald|p1a: Articuno
|-damage|p1a: Articuno|64/100
|
|-heal|p2a: Wishiwashi|60/100|[from] item: Leftovers
|upkeep
|turn|2
|
|t:|1660572489
|move|p1a: Articuno|Freezing Glare|p2a: Wishiwashi
|-damage|p2a: Wishiwashi|17/100
|move|p2a: Wishiwashi|Rest|p2a: Wishiwashi
|-status|p2a: Wishiwashi|slp|[from] move: Rest
|-heal|p2a: Wishiwashi|100/100 slp|[silent]
|
|upkeep
|turn|3
|j| Generation10
|
|t:|1660572511
|switch|p2a: Sneasel|Sneasel, M|100/100
|move|p1a: Articuno|Freezing Glare|p2a: Sneasel
|-immune|p2a: Sneasel
|
|upkeep
|turn|4
|
|t:|1660572523
|switch|p1a: Regirock|Regirock|100/100
|move|p2a: Sneasel|Knock Off|p1a: Regirock
|-damage|p1a: Regirock|84/100
|-damage|p2a: Sneasel|84/100|[from] item: Rocky Helmet|[of] p1a: Regirock
|-enditem|p1a: Regirock|Rocky Helmet|[from] move: Knock Off|[of] p2a: Sneasel
|
|upkeep
|turn|5
|
|t:|1660572538
|switch|p2a: Sandslash|Sandslash, F|100/100
|move|p1a: Regirock|Stealth Rock|p2a: Sandslash
|-sidestart|p2: PULT4C1 chlo|move: Stealth Rock
|
|upkeep
|turn|6
|j|+pichus ❤
|
|t:|1660572551
|switch|p1a: Articuno|Articuno-Galar|64/100
|move|p2a: Sandslash|Spikes|p1a: Articuno
|-sidestart|p1: pult4c1 shane|Spikes
|
|upkeep
|turn|7
|
|t:|1660572563
|switch|p2a: Togedemaru|Togedemaru, M|100/100
|-damage|p2a: Togedemaru|95/100|[from] Stealth Rock
|move|p1a: Articuno|Freezing Glare|p2a: Togedemaru
|-resisted|p2a: Togedemaru
|-damage|p2a: Togedemaru|62/100
|
|-heal|p2a: Togedemaru|68/100|[from] item: Leftovers
|upkeep
|turn|8
|
|t:|1660572576
|switch|p1a: Charizard|Charizard, F|100/100
|move|p2a: Togedemaru|Spiky Shield||[still]
|-fail|p2a: Togedemaru
|
|-heal|p2a: Togedemaru|74/100|[from] item: Leftovers
|upkeep
|turn|9
|
|t:|1660572582
|move|p2a: Togedemaru|Spiky Shield|p2a: Togedemaru
|-singleturn|p2a: Togedemaru|move: Protect
|move|p1a: Charizard|Flamethrower|p2a: Togedemaru
|-activate|p2a: Togedemaru|move: Protect
|
|-heal|p2a: Togedemaru|80/100|[from] item: Leftovers
|upkeep
|turn|10
|
|t:|1660572591
|switch|p1a: Cryogonal|Cryogonal|100/100
|switch|p2a: Wishiwashi|Wishiwashi, F|100/100 slp
|-damage|p2a: Wishiwashi|88/100 slp|[from] Stealth Rock
|-formechange|p2a: Wishiwashi|Wishiwashi-School||[from] ability: Schooling
|
|-heal|p2a: Wishiwashi|94/100 slp|[from] item: Leftovers
|upkeep
|turn|11
|
|t:|1660572598
|switch|p2a: Sneasel|Sneasel, M|84/100
|move|p1a: Cryogonal|Knock Off|p2a: Sneasel
|-resisted|p2a: Sneasel
|-damage|p2a: Sneasel|71/100
|-enditem|p2a: Sneasel|Heavy-Duty Boots|[from] move: Knock Off|[of] p1a: Cryogonal
|
|upkeep
|turn|12
|j| keelelelel
|inactive|pult4c1 shane has 120 seconds left.
|
|t:|1660572638
|switch|p1a: Charizard|Charizard, F|100/100
|move|p2a: Sneasel|Knock Off|p1a: Charizard
|-damage|p1a: Charizard|43/100
|-enditem|p1a: Charizard|Heavy-Duty Boots|[from] move: Knock Off|[of] p2a: Sneasel
|
|upkeep
|turn|13
|inactive|pult4c1 shane has 120 seconds left.
|
|t:|1660572644
|switch|p1a: Regirock|Regirock|84/100
|-damage|p1a: Regirock|72/100|[from] Spikes
|move|p2a: Sneasel|Triple Axel|p1a: Regirock
|-damage|p1a: Regirock|68/100
|-damage|p1a: Regirock|60/100
|-damage|p1a: Regirock|50/100
|-hitcount|p1a: Regirock|3
|
|upkeep
|turn|14
|
|t:|1660572654
|switch|p2a: Sandslash|Sandslash, F|100/100
|-damage|p2a: Sandslash|94/100|[from] Stealth Rock
|switch|p1a: Articuno|Articuno-Galar|64/100
|
|-heal|p2a: Sandslash|100/100|[from] item: Leftovers
|upkeep
|turn|15
|inactive|pult4c1 shane has 120 seconds left.
|
|t:|1660572678
|switch|p2a: Togedemaru|Togedemaru, M|80/100
|-damage|p2a: Togedemaru|74/100|[from] Stealth Rock
|move|p1a: Articuno|Psyshock|p2a: Togedemaru
|-resisted|p2a: Togedemaru
|-damage|p2a: Togedemaru|28/100
|
|-heal|p2a: Togedemaru|34/100|[from] item: Leftovers
|upkeep
|turn|16
|inactive|pult4c1 shane has 120 seconds left.
|
|t:|1660572686
|move|p2a: Togedemaru|Spiky Shield|p2a: Togedemaru
|-singleturn|p2a: Togedemaru|move: Protect
|move|p1a: Articuno|Psyshock|p2a: Togedemaru
|-activate|p2a: Togedemaru|move: Protect
|
|-heal|p2a: Togedemaru|40/100|[from] item: Leftovers
|upkeep
|turn|17
|
|t:|1660572691
|move|p1a: Articuno|Psyshock|p2a: Togedemaru
|-resisted|p2a: Togedemaru
|-damage|p2a: Togedemaru|0 fnt
|faint|p2a: Togedemaru
|
|upkeep
|
|t:|1660572694
|switch|p2a: Sneasel|Sneasel, M|71/100
|-damage|p2a: Sneasel|46/100|[from] Stealth Rock
|turn|18
|
|t:|1660572702
|switch|p1a: Regirock|Regirock|50/100
|-damage|p1a: Regirock|38/100|[from] Spikes
|move|p2a: Sneasel|Triple Axel|p1a: Regirock
|-crit|p1a: Regirock
|-damage|p1a: Regirock|32/100
|-damage|p1a: Regirock|24/100
|-damage|p1a: Regirock|12/100
|-hitcount|p1a: Regirock|3
|
|upkeep
|turn|19
|
|t:|1660572727
|move|p2a: Sneasel|Knock Off|p1a: Regirock
|-damage|p1a: Regirock|1/100
|move|p1a: Regirock|Body Press|p2a: Sneasel
|-supereffective|p2a: Sneasel
|-damage|p2a: Sneasel|0 fnt
|faint|p2a: Sneasel
|
|upkeep
|c|☆PULT4C1 chlo|fgdsdfjghbvfdsdf
|c|☆pult4c1 shane|:(
|c|☆PULT4C1 chlo|it LIVED
|c|☆PULT4C1 chlo|the fucker LIVED
|inactive|PULT4C1 chlo has 120 seconds left.
|
|t:|1660572742
|switch|p2a: Sandslash|Sandslash, F|100/100
|-damage|p2a: Sandslash|94/100|[from] Stealth Rock
|turn|20
|
|t:|1660572747
|switch|p1a: Articuno|Articuno-Galar|64/100
|move|p2a: Sandslash|Rapid Spin|p1a: Articuno
|-damage|p1a: Articuno|51/100
|-boost|p2a: Sandslash|spe|1
|-sideend|p2: PULT4C1 chlo|Stealth Rock|[from] move: Rapid Spin|[of] p2a: Sandslash
|
|-heal|p2a: Sandslash|100/100|[from] item: Leftovers
|upkeep
|turn|21
|c| Generation10|Rip
|j| td1
|j| PULT4C1 riquelme
|
|t:|1660572766
|move|p1a: Articuno|Freezing Glare|p2a: Sandslash
|-crit|p2a: Sandslash
|-damage|p2a: Sandslash|0 fnt
|faint|p2a: Sandslash
|
|upkeep
|
|t:|1660572771
|switch|p2a: Ribombee|Ribombee, F|100/100
|turn|22
|
|t:|1660572780
|switch|p1a: Cryogonal|Cryogonal|100/100
|move|p2a: Ribombee|Quiver Dance|p2a: Ribombee
|-boost|p2a: Ribombee|spa|1
|-boost|p2a: Ribombee|spd|1
|-boost|p2a: Ribombee|spe|1
|
|upkeep
|turn|23
|
|t:|1660572786
|move|p2a: Ribombee|Quiver Dance|p2a: Ribombee
|-boost|p2a: Ribombee|spa|1
|-boost|p2a: Ribombee|spd|1
|-boost|p2a: Ribombee|spe|1
|move|p1a: Cryogonal|Frost Breath|p2a: Ribombee
|-crit|p2a: Ribombee
|-damage|p2a: Ribombee|50/100
|
|upkeep
|turn|24
|
|t:|1660572796
|move|p2a: Ribombee|Roost|p2a: Ribombee
|-heal|p2a: Ribombee|99/100
|-singleturn|p2a: Ribombee|move: Roost
|move|p1a: Cryogonal|Frost Breath|p2a: Ribombee
|-crit|p2a: Ribombee
|-damage|p2a: Ribombee|49/100
|
|upkeep
|turn|25
|
|t:|1660572804
|move|p2a: Ribombee|Roost|p2a: Ribombee
|-heal|p2a: Ribombee|99/100
|-singleturn|p2a: Ribombee|move: Roost
|move|p1a: Cryogonal|Frost Breath|p2a: Ribombee
|-crit|p2a: Ribombee
|-damage|p2a: Ribombee|49/100
|
|upkeep
|turn|26
|
|t:|1660572813
|move|p2a: Ribombee|Roost|p2a: Ribombee
|-heal|p2a: Ribombee|99/100
|-singleturn|p2a: Ribombee|move: Roost
|move|p1a: Cryogonal|Frost Breath|p2a: Ribombee|[miss]
|-miss|p1a: Cryogonal|p2a: Ribombee
|
|upkeep
|turn|27
|inactive|pult4c1 shane has 120 seconds left.
|
|t:|1660572862
|move|p2a: Ribombee|Quiver Dance|p2a: Ribombee
|-boost|p2a: Ribombee|spa|1
|-boost|p2a: Ribombee|spd|1
|-boost|p2a: Ribombee|spe|1
|move|p1a: Cryogonal|Frost Breath|p2a: Ribombee
|-crit|p2a: Ribombee
|-damage|p2a: Ribombee|48/100
|
|upkeep
|turn|28
|
|t:|1660572877
|move|p2a: Ribombee|Roost|p2a: Ribombee
|-heal|p2a: Ribombee|99/100
|-singleturn|p2a: Ribombee|move: Roost
|move|p1a: Cryogonal|Frost Breath|p2a: Ribombee
|-crit|p2a: Ribombee
|-damage|p2a: Ribombee|48/100
|
|upkeep
|turn|29
|
|t:|1660572881
|move|p2a: Ribombee|Roost|p2a: Ribombee
|-heal|p2a: Ribombee|98/100
|-singleturn|p2a: Ribombee|move: Roost
|move|p1a: Cryogonal|Defog|p2a: Ribombee
|-unboost|p2a: Ribombee|evasion|1
|-sideend|p1: pult4c1 shane|Spikes|[from] move: Defog|[of] p1a: Cryogonal
|
|upkeep
|turn|30
|
|t:|1660572888
|move|p2a: Ribombee|Quiver Dance|p2a: Ribombee
|-boost|p2a: Ribombee|spa|1
|-boost|p2a: Ribombee|spd|1
|-boost|p2a: Ribombee|spe|1
|move|p1a: Cryogonal|Frost Breath|p2a: Ribombee
|-crit|p2a: Ribombee
|-damage|p2a: Ribombee|41/100
|
|upkeep
|turn|31
|
|t:|1660572891
|move|p2a: Ribombee|Roost|p2a: Ribombee
|-heal|p2a: Ribombee|92/100
|-singleturn|p2a: Ribombee|move: Roost
|move|p1a: Cryogonal|Frost Breath|p2a: Ribombee
|-crit|p2a: Ribombee
|-damage|p2a: Ribombee|38/100
|
|upkeep
|turn|32
|j| isabela000◥▶_◀◤
|
|t:|1660572899
|move|p2a: Ribombee|Roost|p2a: Ribombee
|-heal|p2a: Ribombee|89/100
|-singleturn|p2a: Ribombee|move: Roost
|move|p1a: Cryogonal|Frost Breath|p2a: Ribombee
|-crit|p2a: Ribombee
|-damage|p2a: Ribombee|37/100
|
|upkeep
|turn|33
|j|+avarice
|j| Empoleon B
|
|t:|1660572901
|move|p2a: Ribombee|Roost|p2a: Ribombee
|-heal|p2a: Ribombee|87/100
|-singleturn|p2a: Ribombee|move: Roost
|move|p1a: Cryogonal|Frost Breath|p2a: Ribombee
|-crit|p2a: Ribombee
|-damage|p2a: Ribombee|30/100
|
|upkeep
|turn|34
|
|t:|1660572905
|move|p2a: Ribombee|Roost|p2a: Ribombee
|-heal|p2a: Ribombee|81/100
|-singleturn|p2a: Ribombee|move: Roost
|move|p1a: Cryogonal|Frost Breath|p2a: Ribombee
|-crit|p2a: Ribombee
|-damage|p2a: Ribombee|23/100
|
|upkeep
|turn|35
|
|t:|1660572908
|move|p2a: Ribombee|Roost|p2a: Ribombee
|-heal|p2a: Ribombee|73/100
|-singleturn|p2a: Ribombee|move: Roost
|move|p1a: Cryogonal|Frost Breath|p2a: Ribombee
|-crit|p2a: Ribombee
|-damage|p2a: Ribombee|19/100
|
|upkeep
|turn|36
|c|☆pult4c1 shane|metronome cryo wtf
|c|☆PULT4C1 chlo|lol
|c|☆pult4c1 shane|where was this earlier
|
|t:|1660572923
|move|p2a: Ribombee|Roost|p2a: Ribombee
|-heal|p2a: Ribombee|69/100
|-singleturn|p2a: Ribombee|move: Roost
|move|p1a: Cryogonal|Frost Breath|p2a: Ribombee
|-crit|p2a: Ribombee
|-damage|p2a: Ribombee|14/100
|
|upkeep
|turn|37
|
|t:|1660572926
|move|p2a: Ribombee|Roost|p2a: Ribombee
|-heal|p2a: Ribombee|64/100
|-singleturn|p2a: Ribombee|move: Roost
|move|p1a: Cryogonal|Frost Breath|p2a: Ribombee
|-crit|p2a: Ribombee
|-damage|p2a: Ribombee|13/100
|
|upkeep
|turn|38
|
|t:|1660572929
|move|p2a: Ribombee|Roost|p2a: Ribombee
|-heal|p2a: Ribombee|63/100
|-singleturn|p2a: Ribombee|move: Roost
|move|p1a: Cryogonal|Frost Breath|p2a: Ribombee
|-crit|p2a: Ribombee
|-damage|p2a: Ribombee|9/100
|
|upkeep
|turn|39
|
|t:|1660572933
|move|p2a: Ribombee|Roost|p2a: Ribombee
|-heal|p2a: Ribombee|60/100
|-singleturn|p2a: Ribombee|move: Roost
|move|p1a: Cryogonal|Frost Breath|p2a: Ribombee
|-crit|p2a: Ribombee
|-damage|p2a: Ribombee|7/100
|
|upkeep
|turn|40
|
|t:|1660572951
|switch|p1a: Quagsire|Quagsire, F|100/100
|move|p2a: Ribombee|Roost|p2a: Ribombee
|-heal|p2a: Ribombee|58/100
|-singleturn|p2a: Ribombee|move: Roost
|
|upkeep
|turn|41
|
|t:|1660572955
|move|p2a: Ribombee|Moonblast|p1a: Quagsire
|-damage|p1a: Quagsire|54/100
|-unboost|p1a: Quagsire|spa|1
|move|p1a: Quagsire|Earthquake|p2a: Ribombee
|-resisted|p2a: Ribombee
|-damage|p2a: Ribombee|27/100
|
|upkeep
|turn|42
|
|t:|1660572975
|move|p2a: Ribombee|Roost|p2a: Ribombee
|-heal|p2a: Ribombee|77/100
|-singleturn|p2a: Ribombee|move: Roost
|move|p1a: Quagsire|Earthquake|p2a: Ribombee
|-resisted|p2a: Ribombee
|-crit|p2a: Ribombee
|-damage|p2a: Ribombee|35/100
|
|upkeep
|turn|43
|inactive|pult4c1 shane has 120 seconds left.
|
|t:|1660573030
|move|p2a: Ribombee|Moonblast|p1a: Quagsire
|-damage|p1a: Quagsire|0 fnt
|faint|p1a: Quagsire
|
|upkeep
|j| PULT4C1 Lambo
|inactive|pult4c1 shane has 90 seconds left.
|
|t:|1660573052
|switch|p1a: Charizard|Charizard, F|43/100
|turn|44
|
|t:|1660573063
|move|p2a: Ribombee|Moonblast|p1a: Charizard
|-resisted|p1a: Charizard
|-damage|p1a: Charizard|0 fnt
|faint|p1a: Charizard
|
|upkeep
|inactive|pult4c1 shane has 90 seconds left.
|
|t:|1660573073
|switch|p1a: Cryogonal|Cryogonal|100/100
|turn|45
|
|t:|1660573075
|move|p2a: Ribombee|Moonblast|p1a: Cryogonal
|-damage|p1a: Cryogonal|39/100
|move|p1a: Cryogonal|Knock Off|p2a: Ribombee
|-resisted|p2a: Ribombee
|-damage|p2a: Ribombee|23/100
|-enditem|p2a: Ribombee|Heavy-Duty Boots|[from] move: Knock Off|[of] p1a: Cryogonal
|
|upkeep
|turn|46
|
|t:|1660573082
|move|p2a: Ribombee|Moonblast|p1a: Cryogonal
|-damage|p1a: Cryogonal|0 fnt
|faint|p1a: Cryogonal
|
|upkeep
|
|t:|1660573084
|switch|p1a: Articuno|Articuno-Galar|51/100
|turn|47
|
|t:|1660573087
|move|p2a: Ribombee|Moonblast|p1a: Articuno
|-damage|p1a: Articuno|0 fnt
|faint|p1a: Articuno
|
|upkeep
|
|t:|1660573088
|switch|p1a: Regirock|Regirock|1/100
|turn|48
|c|☆pult4c1 shane|gg
|
|t:|1660573091
|move|p2a: Ribombee|Moonblast|p1a: Regirock
|-damage|p1a: Regirock|0 fnt
|faint|p1a: Regirock
|
|upkeep
|c|☆PULT4C1 chlo|gg
|
|t:|1660573092
|switch|p1a: Ribombee|Ribombee, F|100/100
|turn|49
|
|t:|1660573096
|move|p2a: Ribombee|Moonblast|p1a: Ribombee
|-damage|p1a: Ribombee|0 fnt
|faint|p1a: Ribombee
|
|win|PULT4C1 chlo
|raw|pult4c1 shane's rating: 1381 &rarr; <strong>1357</strong><br />(-24 for losing)
|raw|PULT4C1 chlo's rating: 1314 &rarr; <strong>1338</strong><br />(+24 for winning)
|l| Empoleon B
|l| td1
|l|+pichus ❤
|l|☆PULT4C1 chlo
|l| PULT4C1 riquelme
|l| Generation10
||Ladder isn't responding, score probably updated but might not have (Request timeout).
