|raw|<div class="broadcast-blue"><strong>This battle is required to be public due to a player having a name starting with 'pult94d'.</div>
|j|☆PULT94D X
|j|☆kurtyv
|t:|1628669134
|gametype|singles
|player|p1|PULT94D X|ethan-pokeathlon|1573
|player|p2|kurtyv|102|1585
|teamsize|p1|6
|teamsize|p2|6
|gen|8
|tier|[Gen 8] PU
|rated|
|rule|Sleep Clause Mod: Limit one foe put to sleep
|rule|Species Clause: Limit one of each Pokémon
|rule|OHKO Clause: OHKO moves are banned
|rule|Evasion Moves Clause: Evasion moves are banned
|rule|Endless Battle Clause: Forcing endless battles is banned
|rule|HP Percentage Mod: HP is shown in percentages
|rule|Dynamax Clause: You cannot dynamax
|clearpoke
|poke|p1|Whimsicott, F|
|poke|p1|Gigalith, M|
|poke|p1|Scrafty, F|
|poke|p1|Charizard, M|
|poke|p1|Togedemaru, M|
|poke|p1|Cofagrigus, M|
|poke|p2|Weezing, M|
|poke|p2|Gigalith, F|
|poke|p2|Charizard, F|
|poke|p2|Magneton|
|poke|p2|Quagsire, M|
|poke|p2|Lurantis, F|
|teampreview
|inactive|Battle timer is ON: inactive players will automatically lose when time's up. (requested by PULT94D X)
|
|t:|1628669154
|start
|switch|p1a: Whimsicott|Whimsicott, F|100/100
|switch|p2a: Weezing|Weezing, M|100/100
|turn|1
|
|t:|1628669166
|switch|p1a: Charizard|Charizard, M|100/100
|move|p2a: Weezing|Toxic Spikes|p1a: Charizard
|-sidestart|p1: PULT94D X|move: Toxic Spikes
|
|upkeep
|turn|2
|
|t:|1628669172
|switch|p2a: Gigalith|Gigalith, F|100/100
|-weather|Sandstorm|[from] ability: Sand Stream|[of] p2a: Gigalith
|move|p1a: Charizard|Scorching Sands|p2a: Gigalith
|-supereffective|p2a: Gigalith
|-damage|p2a: Gigalith|77/100
|
|-weather|Sandstorm|[upkeep]
|-damage|p1a: Charizard|94/100|[from] Sandstorm
|-heal|p2a: Gigalith|83/100|[from] item: Leftovers
|upkeep
|turn|3
|
|t:|1628669189
|switch|p1a: Whimsicott|Whimsicott, F|100/100
|move|p2a: Gigalith|Body Press|p1a: Whimsicott
|-resisted|p1a: Whimsicott
|-damage|p1a: Whimsicott|83/100
|
|-weather|Sandstorm|[upkeep]
|-damage|p1a: Whimsicott|77/100|[from] Sandstorm
|-heal|p2a: Gigalith|89/100|[from] item: Leftovers
|upkeep
|turn|4
|
|t:|1628669195
|move|p1a: Whimsicott|Knock Off|p2a: Gigalith
|-crit|p2a: Gigalith
|-damage|p2a: Gigalith|73/100
|-enditem|p2a: Gigalith|Leftovers|[from] move: Knock Off|[of] p1a: Whimsicott
|move|p2a: Gigalith|Stealth Rock|p1a: Whimsicott
|-sidestart|p1: PULT94D X|move: Stealth Rock
|
|-weather|Sandstorm|[upkeep]
|-damage|p1a: Whimsicott|71/100|[from] Sandstorm
|upkeep
|turn|5
|
|t:|1628669201
|move|p1a: Whimsicott|Defog|p2a: Gigalith
|-unboost|p2a: Gigalith|evasion|1
|-sideend|p1: PULT94D X|Toxic Spikes|[from] move: Defog|[of] p1a: Whimsicott
|-sideend|p1: PULT94D X|Stealth Rock|[from] move: Defog|[of] p1a: Whimsicott
|move|p2a: Gigalith|Rock Blast|p1a: Whimsicott
|-damage|p1a: Whimsicott|53/100
|-damage|p1a: Whimsicott|34/100
|-hitcount|p1a: Whimsicott|2
|
|-weather|Sandstorm|[upkeep]
|-damage|p1a: Whimsicott|28/100|[from] Sandstorm
|upkeep
|turn|6
|
|t:|1628669214
|move|p1a: Whimsicott|Giga Drain|p2a: Gigalith
|-supereffective|p2a: Gigalith
|-damage|p2a: Gigalith|47/100
|-heal|p1a: Whimsicott|47/100|[from] drain|[of] p2a: Gigalith
|move|p2a: Gigalith|Stealth Rock|p1a: Whimsicott
|-sidestart|p1: PULT94D X|move: Stealth Rock
|
|-weather|none
|upkeep
|turn|7
|
|t:|1628669240
|switch|p2a: Charizard|Charizard, F|100/100
|move|p1a: Whimsicott|Giga Drain|p2a: Charizard
|-resisted|p2a: Charizard
|-damage|p2a: Charizard|91/100
|-heal|p1a: Whimsicott|53/100|[from] drain|[of] p2a: Charizard
|
|upkeep
|turn|8
|
|t:|1628669249
|switch|p1a: Gigalith|Gigalith, M|100/100
|-damage|p1a: Gigalith|88/100|[from] Stealth Rock
|-weather|Sandstorm|[from] ability: Sand Stream|[of] p1a: Gigalith
|move|p2a: Charizard|Flamethrower|p1a: Gigalith
|-resisted|p1a: Gigalith
|-damage|p1a: Gigalith|77/100
|
|-weather|Sandstorm|[upkeep]
|-damage|p2a: Charizard|85/100|[from] Sandstorm
|-heal|p1a: Gigalith|83/100|[from] item: Leftovers
|upkeep
|turn|9
|
|t:|1628669255
|switch|p2a: Quagsire|Quagsire, M|100/100
|move|p1a: Gigalith|Stealth Rock|p2a: Quagsire
|-sidestart|p2: kurtyv|move: Stealth Rock
|
|-weather|Sandstorm|[upkeep]
|-heal|p1a: Gigalith|89/100|[from] item: Leftovers
|upkeep
|turn|10
|
|t:|1628669264
|move|p1a: Gigalith|Protect|p1a: Gigalith
|-singleturn|p1a: Gigalith|Protect
|move|p2a: Quagsire|Ice Punch|p1a: Gigalith
|-activate|p1a: Gigalith|move: Protect
|
|-weather|Sandstorm|[upkeep]
|-heal|p1a: Gigalith|95/100|[from] item: Leftovers
|upkeep
|turn|11
|
|t:|1628669274
|switch|p2a: Lurantis|Lurantis, F|100/100
|-damage|p2a: Lurantis|88/100|[from] Stealth Rock
|move|p1a: Gigalith|Earthquake|p2a: Lurantis
|-resisted|p2a: Lurantis
|-damage|p2a: Lurantis|76/100
|
|-weather|Sandstorm|[upkeep]
|-damage|p2a: Lurantis|70/100|[from] Sandstorm
|-heal|p1a: Gigalith|100/100|[from] item: Leftovers
|upkeep
|turn|12
|
|t:|1628669284
|move|p2a: Lurantis|Weather Ball|p1a: Gigalith
|-damage|p1a: Gigalith|91/100
|move|p1a: Gigalith|Rock Blast|p2a: Lurantis
|-damage|p2a: Lurantis|60/100
|-damage|p2a: Lurantis|51/100
|-damage|p2a: Lurantis|40/100
|-crit|p2a: Lurantis
|-damage|p2a: Lurantis|25/100
|-hitcount|p2a: Lurantis|4
|
|-weather|none
|-heal|p1a: Gigalith|97/100|[from] item: Leftovers
|upkeep
|turn|13
|
|t:|1628669293
|switch|p1a: Charizard|Charizard, M|94/100
|move|p2a: Lurantis|Giga Drain|p1a: Charizard
|-resisted|p1a: Charizard
|-damage|p1a: Charizard|87/100
|-heal|p2a: Lurantis|29/100|[from] drain|[of] p1a: Charizard
|
|upkeep
|turn|14
|
|t:|1628669299
|switch|p2a: Gigalith|Gigalith, F|47/100
|-damage|p2a: Gigalith|35/100|[from] Stealth Rock
|-weather|Sandstorm|[from] ability: Sand Stream|[of] p2a: Gigalith
|move|p1a: Charizard|Scorching Sands|p2a: Gigalith
|-supereffective|p2a: Gigalith
|-crit|p2a: Gigalith
|-damage|p2a: Gigalith|0 fnt
|faint|p2a: Gigalith
|
|-weather|Sandstorm|[upkeep]
|-damage|p1a: Charizard|81/100|[from] Sandstorm
|upkeep
|
|t:|1628669307
|switch|p2a: Magneton|Magneton|100/100
|-damage|p2a: Magneton|94/100|[from] Stealth Rock
|turn|15
|
|t:|1628669316
|switch|p1a: Togedemaru|Togedemaru, M|100/100
|-damage|p1a: Togedemaru|95/100|[from] Stealth Rock
|move|p2a: Magneton|Volt Switch|p1a: Togedemaru
|-ability|p1a: Togedemaru|Lightning Rod|boost
|-boost|p1a: Togedemaru|spa|1
|
|-weather|Sandstorm|[upkeep]
|upkeep
|turn|16
|
|t:|1628669332
|switch|p2a: Quagsire|Quagsire, M|100/100
|-damage|p2a: Quagsire|94/100|[from] Stealth Rock
|move|p1a: Togedemaru|U-turn|p2a: Quagsire
|-damage|p2a: Quagsire|73/100
|
|t:|1628669334
|switch|p1a: Whimsicott|Whimsicott, F|53/100|[from]move: U-turn
|
|-weather|Sandstorm|[upkeep]
|-damage|p1a: Whimsicott|46/100|[from] Sandstorm
|upkeep
|turn|17
|
|t:|1628669341
|switch|p2a: Charizard|Charizard, F|85/100
|move|p1a: Whimsicott|Giga Drain|p2a: Charizard
|-resisted|p2a: Charizard
|-damage|p2a: Charizard|76/100
|-heal|p1a: Whimsicott|51/100|[from] drain|[of] p2a: Charizard
|
|-weather|Sandstorm|[upkeep]
|-damage|p1a: Whimsicott|45/100|[from] Sandstorm
|-damage|p2a: Charizard|70/100|[from] Sandstorm
|upkeep
|turn|18
|
|t:|1628669347
|switch|p1a: Gigalith|Gigalith, M|97/100
|-damage|p1a: Gigalith|84/100|[from] Stealth Rock
|switch|p2a: Quagsire|Quagsire, M|73/100
|-damage|p2a: Quagsire|67/100|[from] Stealth Rock
|
|-weather|none
|-heal|p1a: Gigalith|91/100|[from] item: Leftovers
|upkeep
|turn|19
|
|t:|1628669352
|move|p1a: Gigalith|Protect|p1a: Gigalith
|-singleturn|p1a: Gigalith|Protect
|move|p2a: Quagsire|Liquidation|p1a: Gigalith
|-activate|p1a: Gigalith|move: Protect
|
|-heal|p1a: Gigalith|97/100|[from] item: Leftovers
|upkeep
|turn|20
|
|t:|1628669376
|switch|p1a: Whimsicott|Whimsicott, F|45/100
|move|p2a: Quagsire|Liquidation|p1a: Whimsicott
|-resisted|p1a: Whimsicott
|-damage|p1a: Whimsicott|6/100
|
|upkeep
|turn|21
|
|t:|1628669384
|switch|p2a: Charizard|Charizard, F|70/100
|move|p1a: Whimsicott|Knock Off|p2a: Charizard
|-damage|p2a: Charizard|50/100
|-enditem|p2a: Charizard|Heavy-Duty Boots|[from] move: Knock Off|[of] p1a: Whimsicott
|
|upkeep
|turn|22
|
|t:|1628669391
|switch|p1a: Gigalith|Gigalith, M|97/100
|-damage|p1a: Gigalith|84/100|[from] Stealth Rock
|-weather|Sandstorm|[from] ability: Sand Stream|[of] p1a: Gigalith
|move|p2a: Charizard|Roost|p2a: Charizard
|-heal|p2a: Charizard|99/100
|-singleturn|p2a: Charizard|move: Roost
|
|-weather|Sandstorm|[upkeep]
|-damage|p2a: Charizard|94/100|[from] Sandstorm
|-heal|p1a: Gigalith|91/100|[from] item: Leftovers
|upkeep
|turn|23
|
|t:|1628669399
|switch|p2a: Quagsire|Quagsire, M|67/100
|-damage|p2a: Quagsire|61/100|[from] Stealth Rock
|move|p1a: Gigalith|Rock Blast|p2a: Quagsire
|-resisted|p2a: Quagsire
|-damage|p2a: Quagsire|55/100
|-resisted|p2a: Quagsire
|-damage|p2a: Quagsire|49/100
|-hitcount|p2a: Quagsire|2
|
|-weather|Sandstorm|[upkeep]
|-heal|p1a: Gigalith|97/100|[from] item: Leftovers
|upkeep
|turn|24
|
|t:|1628669406
|move|p1a: Gigalith|Protect|p1a: Gigalith
|-singleturn|p1a: Gigalith|Protect
|move|p2a: Quagsire|Liquidation|p1a: Gigalith
|-activate|p1a: Gigalith|move: Protect
|
|-weather|Sandstorm|[upkeep]
|-heal|p1a: Gigalith|100/100|[from] item: Leftovers
|upkeep
|turn|25
|
|t:|1628669421
|switch|p1a: Cofagrigus|Cofagrigus, M|100/100
|-damage|p1a: Cofagrigus|88/100|[from] Stealth Rock
|move|p2a: Quagsire|Liquidation|p1a: Cofagrigus
|-damage|p1a: Cofagrigus|57/100
|-activate|p1a: Cofagrigus|ability: Mummy|Water Absorb|[of] p2a: Quagsire
|
|-weather|Sandstorm|[upkeep]
|-damage|p1a: Cofagrigus|51/100|[from] Sandstorm
|upkeep
|turn|26
|
|t:|1628669436
|switch|p2a: Weezing|Weezing, M|100/100
|-damage|p2a: Weezing|88/100|[from] Stealth Rock
|move|p1a: Cofagrigus|Rest|p1a: Cofagrigus
|-status|p1a: Cofagrigus|slp|[from] move: Rest
|-heal|p1a: Cofagrigus|100/100 slp|[silent]
|-enditem|p1a: Cofagrigus|Chesto Berry|[eat]
|-curestatus|p1a: Cofagrigus|slp|[msg]
|
|-weather|none
|upkeep
|turn|27
|
|t:|1628669456
|move|p2a: Weezing|Toxic Spikes|p1a: Cofagrigus
|-sidestart|p1: PULT94D X|move: Toxic Spikes
|move|p1a: Cofagrigus|Shadow Ball|p2a: Weezing
|-damage|p2a: Weezing|52/100
|
|upkeep
|turn|28
|
|t:|1628669472
|move|p2a: Weezing|Flamethrower|p1a: Cofagrigus
|-damage|p1a: Cofagrigus|83/100
|move|p1a: Cofagrigus|Shadow Ball|p2a: Weezing
|-damage|p2a: Weezing|16/100
|
|upkeep
|turn|29
|
|t:|1628669479
|move|p2a: Weezing|Pain Split|p1a: Cofagrigus
|-sethp|p1a: Cofagrigus|50/100|[from] move: Pain Split|[silent]
|-sethp|p2a: Weezing|48/100|[from] move: Pain Split
|move|p1a: Cofagrigus|Shadow Ball|p2a: Weezing
|-damage|p2a: Weezing|14/100
|
|upkeep
|turn|30
|
|t:|1628669488
|move|p2a: Weezing|Pain Split|p1a: Cofagrigus
|-sethp|p1a: Cofagrigus|32/100|[from] move: Pain Split|[silent]
|-sethp|p2a: Weezing|31/100|[from] move: Pain Split
|move|p1a: Cofagrigus|Shadow Ball|p2a: Weezing
|-damage|p2a: Weezing|0 fnt
|faint|p2a: Weezing
|
|upkeep
|
|t:|1628669509
|switch|p2a: Charizard|Charizard, F|94/100
|-damage|p2a: Charizard|44/100|[from] Stealth Rock
|turn|31
|
|t:|1628669525
|switch|p1a: Gigalith|Gigalith, M|100/100
|-status|p1a: Gigalith|psn
|-damage|p1a: Gigalith|88/100 psn|[from] Stealth Rock
|-weather|Sandstorm|[from] ability: Sand Stream|[of] p1a: Gigalith
|move|p2a: Charizard|Flamethrower|p1a: Gigalith
|-resisted|p1a: Gigalith
|-damage|p1a: Gigalith|76/100 psn
|
|-weather|Sandstorm|[upkeep]
|-damage|p2a: Charizard|38/100|[from] Sandstorm
|-heal|p1a: Gigalith|83/100 psn|[from] item: Leftovers
|-damage|p1a: Gigalith|70/100 psn|[from] psn
|upkeep
|turn|32
|
|t:|1628669553
|switch|p2a: Lurantis|Lurantis, F|29/100
|-damage|p2a: Lurantis|16/100|[from] Stealth Rock
|move|p1a: Gigalith|Earthquake|p2a: Lurantis
|-resisted|p2a: Lurantis
|-damage|p2a: Lurantis|3/100
|
|-weather|Sandstorm|[upkeep]
|-damage|p2a: Lurantis|0 fnt|[from] Sandstorm
|faint|p2a: Lurantis
|-heal|p1a: Gigalith|76/100 psn|[from] item: Leftovers
|-damage|p1a: Gigalith|64/100 psn|[from] psn
|upkeep
|
|t:|1628669557
|switch|p2a: Quagsire|Quagsire, M|49/100
|-damage|p2a: Quagsire|43/100|[from] Stealth Rock
|turn|33
|
|t:|1628669564
|move|p1a: Gigalith|Protect|p1a: Gigalith
|-singleturn|p1a: Gigalith|Protect
|move|p2a: Quagsire|Recover|p2a: Quagsire
|-heal|p2a: Quagsire|93/100
|
|-weather|Sandstorm|[upkeep]
|-heal|p1a: Gigalith|70/100 psn|[from] item: Leftovers
|-damage|p1a: Gigalith|58/100 psn|[from] psn
|upkeep
|turn|34
|
|t:|1628669571
|switch|p2a: Charizard|Charizard, F|38/100
|-damage|p2a: Charizard|0 fnt|[from] Stealth Rock
|faint|p2a: Charizard
|move|p1a: Gigalith|Rock Blast|p2: Charizard|[notarget]
|-fail|p1a: Gigalith
|
|-weather|Sandstorm|[upkeep]
|-heal|p1a: Gigalith|64/100 psn|[from] item: Leftovers
|-damage|p1a: Gigalith|52/100 psn|[from] psn
|upkeep
|
|t:|1628669573
|switch|p2a: Quagsire|Quagsire, M|93/100
|-damage|p2a: Quagsire|87/100|[from] Stealth Rock
|turn|35
|
|t:|1628669592
|switch|p1a: Cofagrigus|Cofagrigus, M|32/100
|-damage|p1a: Cofagrigus|20/100|[from] Stealth Rock
|-status|p1a: Cofagrigus|psn
|move|p2a: Quagsire|Liquidation|p1a: Cofagrigus
|-damage|p1a: Cofagrigus|0 fnt
|-activate|p1a: Cofagrigus|ability: Mummy|Water Absorb|[of] p2a: Quagsire
|faint|p1a: Cofagrigus
|
|-weather|none
|upkeep
|
|t:|1628669595
|switch|p1a: Whimsicott|Whimsicott, F|6/100
|turn|36
|j| Meujeuh
|
|t:|1628669610
|switch|p2a: Magneton|Magneton|94/100
|-damage|p2a: Magneton|88/100|[from] Stealth Rock
|move|p1a: Whimsicott|Giga Drain|p2a: Magneton
|-resisted|p2a: Magneton
|-damage|p2a: Magneton|62/100
|-heal|p1a: Whimsicott|18/100|[from] drain|[of] p2a: Magneton
|
|upkeep
|turn|37
|
|t:|1628669625
|switch|p2a: Quagsire|Quagsire, M|87/100
|-damage|p2a: Quagsire|81/100|[from] Stealth Rock
|move|p1a: Whimsicott|Knock Off|p2a: Quagsire
|-damage|p2a: Quagsire|66/100
|-enditem|p2a: Quagsire|Choice Band|[from] move: Knock Off|[of] p1a: Whimsicott
|
|upkeep
|turn|38
|
|t:|1628669632
|switch|p2a: Magneton|Magneton|62/100
|-damage|p2a: Magneton|56/100|[from] Stealth Rock
|move|p1a: Whimsicott|Giga Drain|p2a: Magneton
|-resisted|p2a: Magneton
|-damage|p2a: Magneton|30/100
|-heal|p1a: Whimsicott|30/100|[from] drain|[of] p2a: Magneton
|
|upkeep
|turn|39
|
|t:|1628669655
|switch|p1a: Gigalith|Gigalith, M|52/100 psn
|-damage|p1a: Gigalith|39/100 psn|[from] Stealth Rock
|-weather|Sandstorm|[from] ability: Sand Stream|[of] p1a: Gigalith
|move|p2a: Magneton|Flash Cannon|p1a: Gigalith
|-supereffective|p1a: Gigalith
|-damage|p1a: Gigalith|0 fnt
|faint|p1a: Gigalith
|
|-weather|Sandstorm|[upkeep]
|upkeep
|
|t:|1628669658
|switch|p1a: Charizard|Charizard, M|81/100
|turn|40
|
|t:|1628669663
|switch|p2a: Quagsire|Quagsire, M|66/100
|-damage|p2a: Quagsire|60/100|[from] Stealth Rock
|move|p1a: Charizard|Scorching Sands|p2a: Quagsire
|-damage|p2a: Quagsire|35/100
|
|-weather|Sandstorm|[upkeep]
|-damage|p1a: Charizard|75/100|[from] Sandstorm
|upkeep
|turn|41
|
|t:|1628669668
|move|p1a: Charizard|Hurricane|p2a: Quagsire|[miss]
|-miss|p1a: Charizard|p2a: Quagsire
|move|p2a: Quagsire|Liquidation|p1a: Charizard
|-supereffective|p1a: Charizard
|-crit|p1a: Charizard
|-damage|p1a: Charizard|0 fnt
|faint|p1a: Charizard
|
|-weather|Sandstorm|[upkeep]
|upkeep
|
|t:|1628669671
|switch|p1a: Whimsicott|Whimsicott, F|30/100
|turn|42
|
|t:|1628669679
|move|p1a: Whimsicott|Giga Drain|p2a: Quagsire
|-supereffective|p2a: Quagsire
|-damage|p2a: Quagsire|0 fnt
|-heal|p1a: Whimsicott|56/100|[from] drain|[of] p2a: Quagsire
|faint|p2a: Quagsire
|
|-weather|Sandstorm|[upkeep]
|-damage|p1a: Whimsicott|50/100|[from] Sandstorm
|upkeep
|
|t:|1628669681
|switch|p2a: Magneton|Magneton|30/100
|-damage|p2a: Magneton|24/100|[from] Stealth Rock
|turn|43
|
|t:|1628669685
|move|p2a: Magneton|Flash Cannon|p1a: Whimsicott
|-supereffective|p1a: Whimsicott
|-damage|p1a: Whimsicott|0 fnt
|faint|p1a: Whimsicott
|
|-weather|none
|upkeep
|
|t:|1628669688
|switch|p1a: Scrafty|Scrafty, F|100/100
|-status|p1a: Scrafty|psn
|-damage|p1a: Scrafty|94/100 psn|[from] Stealth Rock
|turn|44
|
|t:|1628669693
|move|p2a: Magneton|Flash Cannon|p1a: Scrafty
|-damage|p1a: Scrafty|62/100 psn
|move|p1a: Scrafty|Drain Punch|p2a: Magneton
|-supereffective|p2a: Magneton
|-damage|p2a: Magneton|0 fnt
|-heal|p1a: Scrafty|70/100 psn|[from] drain|[of] p2a: Magneton
|faint|p2a: Magneton
|
|win|PULT94D X
|raw|PULT94D X's rating: 1573 &rarr; <strong>1594</strong><br />(+21 for winning)
|raw|kurtyv's rating: 1585 &rarr; <strong>1564</strong><br />(-21 for losing)
|l|☆PULT94D X
