|j|☆Karrakarra
|j|☆HereComesHeracross
|player|p1|Karrakarra|saturn|1499
|player|p2|HereComesHeracross|66|1359
|teamsize|p1|6
|teamsize|p2|6
|gametype|singles
|gen|8
|tier|[Gen 8] PU
|rated|
|clearpoke
|poke|p1|Vespiquen, F|
|poke|p1|Mawile, F|
|poke|p1|Whiscash, M|
|poke|p1|Raichu, M|
|poke|p1|Liepard, F|
|poke|p1|Glaceon, F|
|poke|p2|Glaceon, M|
|poke|p2|Palpitoad, M|
|poke|p2|Silvally-*|
|poke|p2|Basculin, M|
|poke|p2|Noctowl, F|
|poke|p2|Leafeon, F|
|rule|Sleep Clause Mod: Limit one foe put to sleep
|rule|Species Clause: Limit one of each Pokémon
|rule|OHKO Clause: OHKO moves are banned
|rule|Evasion Moves Clause: Evasion moves are banned
|rule|Endless Battle Clause: Forcing endless battles is banned
|rule|HP Percentage Mod: HP is shown in percentages
|rule|Dynamax Clause: You cannot dynamax
|teampreview
|j| Tapu_Fume
|
|start
|switch|p1a: Glaceon|Glaceon, F|100/100
|switch|p2a: Palpitoad|Palpitoad, M|100/100
|turn|1
|
|switch|p2a: Silvally|Silvally-Fire|100/100
|move|p1a: Glaceon|Freeze-Dry|p2a: Silvally
|-resisted|p2a: Silvally
|-damage|p2a: Silvally|84/100
|
|upkeep
|turn|2
|
|switch|p1a: Whiscash|Whiscash, M|100/100
|move|p2a: Silvally|Parting Shot|p1a: Whiscash
|-unboost|p1a: Whiscash|atk|1
|-unboost|p1a: Whiscash|spa|1
|
|switch|p2a: Glaceon|Glaceon, M|100/100|[from]move: Parting Shot
|
|upkeep
|turn|3
|
|switch|p1a: Glaceon|Glaceon, F|100/100
|move|p2a: Glaceon|Ice Beam|p1a: Glaceon
|-resisted|p1a: Glaceon
|-damage|p1a: Glaceon|70/100
|
|-heal|p1a: Glaceon|76/100|[from] item: Leftovers
|upkeep
|turn|4
|
|switch|p2a: Silvally|Silvally-Fire|84/100
|move|p1a: Glaceon|Toxic|p2a: Silvally
|-status|p2a: Silvally|tox
|
|-heal|p1a: Glaceon|82/100|[from] item: Leftovers
|-damage|p2a: Silvally|78/100 tox|[from] psn
|upkeep
|turn|5
|
|move|p1a: Glaceon|Protect|p1a: Glaceon
|-singleturn|p1a: Glaceon|Protect
|move|p2a: Silvally|Parting Shot|p1a: Glaceon
|-activate|p1a: Glaceon|move: Protect
|
|-heal|p1a: Glaceon|88/100|[from] item: Leftovers
|-damage|p2a: Silvally|66/100 tox|[from] psn
|upkeep
|turn|6
|
|switch|p1a: Whiscash|Whiscash, M|100/100
|move|p2a: Silvally|Parting Shot|p1a: Whiscash
|-unboost|p1a: Whiscash|atk|1
|-unboost|p1a: Whiscash|spa|1
|
|switch|p2a: Leafeon|Leafeon, F|100/100|[from]move: Parting Shot
|
|upkeep
|turn|7
|
|switch|p1a: Vespiquen|Vespiquen, F|100/100
|-ability|p1a: Vespiquen|Unnerve|p2: HereComesHeracross
|move|p2a: Leafeon|Heal Bell|p2a: Leafeon
|-activate|p2a: Leafeon|move: Heal Bell
|-curestatus|p2: Silvally|tox|[msg]
|
|upkeep
|turn|8
|
|switch|p2a: Noctowl|Noctowl, F|100/100
|move|p1a: Vespiquen|Toxic Spikes|p2a: Noctowl
|-sidestart|p2: HereComesHeracross|move: Toxic Spikes
|
|upkeep
|turn|9
|
|switch|p1a: Glaceon|Glaceon, F|88/100
|move|p2a: Noctowl|Defog|p1a: Glaceon
|-unboost|p1a: Glaceon|evasion|1
|-sideend|p2: HereComesHeracross|Toxic Spikes|[from] move: Defog|[of] p2a: Noctowl
|
|-heal|p1a: Glaceon|94/100|[from] item: Leftovers
|upkeep
|turn|10
|
|switch|p2a: Silvally|Silvally-Fire|66/100
|move|p1a: Glaceon|Toxic|p2a: Silvally
|-status|p2a: Silvally|tox
|
|-heal|p1a: Glaceon|100/100|[from] item: Leftovers
|-damage|p2a: Silvally|60/100 tox|[from] psn
|upkeep
|turn|11
|
|move|p1a: Glaceon|Protect|p1a: Glaceon
|-singleturn|p1a: Glaceon|Protect
|move|p2a: Silvally|Swords Dance|p2a: Silvally
|-boost|p2a: Silvally|atk|2
|
|-damage|p2a: Silvally|48/100 tox|[from] psn
|upkeep
|turn|12
|
|switch|p1a: Whiscash|Whiscash, M|100/100
|move|p2a: Silvally|Multi-Attack|p1a: Whiscash
|-resisted|p1a: Whiscash
|-damage|p1a: Whiscash|64/100
|
|-heal|p1a: Whiscash|70/100|[from] item: Leftovers
|-damage|p2a: Silvally|30/100 tox|[from] psn
|upkeep
|turn|13
|
|move|p1a: Whiscash|Protect|p1a: Whiscash
|-singleturn|p1a: Whiscash|Protect
|move|p2a: Silvally|Parting Shot|p1a: Whiscash
|-activate|p1a: Whiscash|move: Protect
|
|-heal|p1a: Whiscash|76/100|[from] item: Leftovers
|-damage|p2a: Silvally|6/100 tox|[from] psn
|upkeep
|turn|14
|
|move|p2a: Silvally|Parting Shot|p1a: Whiscash
|-unboost|p1a: Whiscash|atk|1
|-unboost|p1a: Whiscash|spa|1
|
|switch|p2a: Leafeon|Leafeon, F|100/100|[from]move: Parting Shot
|move|p1a: Whiscash|Earthquake|p2a: Leafeon
|-resisted|p2a: Leafeon
|-damage|p2a: Leafeon|95/100
|
|-heal|p2a: Leafeon|100/100|[from] item: Leftovers
|-heal|p1a: Whiscash|82/100|[from] item: Leftovers
|upkeep
|turn|15
|
|switch|p1a: Vespiquen|Vespiquen, F|100/100
|-ability|p1a: Vespiquen|Unnerve|p2: HereComesHeracross
|move|p2a: Leafeon|Wish|p2a: Leafeon
|
|upkeep
|turn|16
|
|switch|p2a: Silvally|Silvally-Fire|6/100 tox
|move|p1a: Vespiquen|U-turn|p2a: Silvally
|-resisted|p2a: Silvally
|-crit|p2a: Silvally
|-damage|p2a: Silvally|0 fnt
|faint|p2a: Silvally
|
|switch|p1a: Whiscash|Whiscash, M|82/100|[from]move: U-turn
|
|-heal|p1a: Whiscash|88/100|[from] item: Leftovers
|upkeep
|
|switch|p2a: Glaceon|Glaceon, M|100/100
|turn|17
|
|move|p1a: Whiscash|Protect|p1a: Whiscash
|-singleturn|p1a: Whiscash|Protect
|move|p2a: Glaceon|Ice Beam|p1a: Whiscash
|-activate|p1a: Whiscash|move: Protect
|
|-heal|p1a: Whiscash|95/100|[from] item: Leftovers
|upkeep
|turn|18
|
|switch|p1a: Glaceon|Glaceon, F|100/100
|move|p2a: Glaceon|Ice Beam|p1a: Glaceon
|-resisted|p1a: Glaceon
|-damage|p1a: Glaceon|72/100
|
|-heal|p1a: Glaceon|78/100|[from] item: Leftovers
|upkeep
|turn|19
|
|move|p1a: Glaceon|Toxic|p2a: Glaceon
|-status|p2a: Glaceon|tox
|move|p2a: Glaceon|Ice Beam|p1a: Glaceon
|-resisted|p1a: Glaceon
|-damage|p1a: Glaceon|48/100
|
|-heal|p1a: Glaceon|54/100|[from] item: Leftovers
|-damage|p2a: Glaceon|95/100 tox|[from] psn
|upkeep
|turn|20
|
|switch|p2a: Basculin|Basculin, M|100/100
|move|p1a: Glaceon|Wish|p1a: Glaceon
|
|-heal|p1a: Glaceon|60/100|[from] item: Leftovers
|upkeep
|turn|21
|
|move|p1a: Glaceon|Protect|p1a: Glaceon
|-singleturn|p1a: Glaceon|Protect
|move|p2a: Basculin|Liquidation|p1a: Glaceon
|-activate|p1a: Glaceon|move: Protect
|
|-heal|p1a: Glaceon|100/100|[from] move: Wish|[wisher] Glaceon
|upkeep
|turn|22
|
|switch|p1a: Whiscash|Whiscash, M|95/100
|move|p2a: Basculin|Liquidation|p1a: Whiscash
|-damage|p1a: Whiscash|48/100
|-unboost|p1a: Whiscash|def|1
|
|-heal|p1a: Whiscash|54/100|[from] item: Leftovers
|upkeep
|turn|23
|
|move|p1a: Whiscash|Protect|p1a: Whiscash
|-singleturn|p1a: Whiscash|Protect
|move|p2a: Basculin|Liquidation|p1a: Whiscash
|-activate|p1a: Whiscash|move: Protect
|
|-heal|p1a: Whiscash|60/100|[from] item: Leftovers
|upkeep
|turn|24
|
|move|p2a: Basculin|Liquidation|p1a: Whiscash
|-damage|p1a: Whiscash|0 fnt
|faint|p1a: Whiscash
|
|upkeep
|
|switch|p1a: Liepard|Liepard, F|100/100
|turn|25
|
|switch|p2a: Leafeon|Leafeon, F|100/100
|move|p1a: Liepard|Knock Off|p2a: Leafeon
|-damage|p2a: Leafeon|69/100
|-enditem|p2a: Leafeon|Leftovers|[from] move: Knock Off|[of] p1a: Liepard
|
|upkeep
|turn|26
|
|move|p1a: Liepard|U-turn|p2a: Leafeon
|-supereffective|p2a: Leafeon
|-damage|p2a: Leafeon|47/100
|
|switch|p1a: Vespiquen|Vespiquen, F|100/100|[from]move: U-turn
|-ability|p1a: Vespiquen|Unnerve|p2: HereComesHeracross
|move|p2a: Leafeon|Wish|p2a: Leafeon
|
|upkeep
|turn|27
|
|move|p2a: Leafeon|Protect|p2a: Leafeon
|-singleturn|p2a: Leafeon|Protect
|move|p1a: Vespiquen|Toxic Spikes|p2a: Leafeon
|-sidestart|p2: HereComesHeracross|move: Toxic Spikes
|
|-heal|p2a: Leafeon|97/100|[from] move: Wish|[wisher] Leafeon
|upkeep
|turn|28
|
|switch|p2a: Noctowl|Noctowl, F|100/100
|move|p1a: Vespiquen|U-turn|p2a: Noctowl
|-resisted|p2a: Noctowl
|-damage|p2a: Noctowl|85/100
|
|switch|p1a: Raichu|Raichu, M, shiny|100/100|[from]move: U-turn
|
|upkeep
|turn|29
|
|move|p1a: Raichu|Thunderbolt|p2a: Noctowl
|-supereffective|p2a: Noctowl
|-damage|p2a: Noctowl|27/100
|-damage|p1a: Raichu|91/100|[from] item: Life Orb
|move|p2a: Noctowl|Defog|p1a: Raichu
|-unboost|p1a: Raichu|evasion|1
|-sideend|p2: HereComesHeracross|Toxic Spikes|[from] move: Defog|[of] p2a: Noctowl
|
|upkeep
|turn|30
|
|switch|p1a: Glaceon|Glaceon, F|100/100
|switch|p2a: Palpitoad|Palpitoad, M|100/100
|
|upkeep
|turn|31
|
|switch|p2a: Glaceon|Glaceon, M|95/100 tox
|move|p1a: Glaceon|Freeze-Dry|p2a: Glaceon
|-resisted|p2a: Glaceon
|-damage|p2a: Glaceon|79/100 tox
|
|-damage|p2a: Glaceon|73/100 tox|[from] psn
|upkeep
|turn|32
|
|switch|p2a: Basculin|Basculin, M|100/100
|move|p1a: Glaceon|Wish|p1a: Glaceon
|
|upkeep
|turn|33
|
|move|p2a: Basculin|Liquidation|p1a: Glaceon
|-damage|p1a: Glaceon|37/100
|move|p1a: Glaceon|Freeze-Dry|p2a: Basculin
|-supereffective|p2a: Basculin
|-damage|p2a: Basculin|0 fnt
|faint|p2a: Basculin
|
|-heal|p1a: Glaceon|87/100|[from] move: Wish|[wisher] Glaceon
|-heal|p1a: Glaceon|93/100|[from] item: Leftovers
|upkeep
|-message|HereComesHeracross forfeited.
|
|win|Karrakarra
|l|☆HereComesHeracross
|raw|Karrakarra's rating: 1499 &rarr; <strong>1512</strong><br />(+13 for winning)
|raw|HereComesHeracross's rating: 1374 &rarr; <strong>1361</strong><br />(-13 for losing)
