|html|<div class="broadcast-blue"><strong>[Gen 8] PU is currently suspecting Vanilluxe! For information on how to participate check out the <a href="https://www.smogon.com/forums/threads/np-ss-pu-stage-10-ice-cream-vanilluxe-suspect-test.3705646/">suspect thread</a>.</strong></div>
|j|☆julie uwu 3
|j|☆Haffling
|t:|1660436389
|gametype|singles
|player|p1|julie uwu 3|1|
|player|p2|Haffling|cyrus|
|teamsize|p1|6
|teamsize|p2|6
|gen|8
|tier|[Gen 8] PU
|rated|Tournament battle
|rule|Sleep Clause Mod: Limit one foe put to sleep
|rule|Species Clause: Limit one of each Pokémon
|rule|OHKO Clause: OHKO moves are banned
|rule|Evasion Items Clause: Evasion items are banned
|rule|Evasion Moves Clause: Evasion moves are banned
|rule|Endless Battle Clause: Forcing endless battles is banned
|rule|HP Percentage Mod: HP is shown in percentages
|rule|Dynamax Clause: You cannot dynamax
|clearpoke
|poke|p1|Vanilluxe, M|
|poke|p1|Aggron, M|
|poke|p1|Weezing, F|
|poke|p1|Whimsicott, F|
|poke|p1|Lanturn, F|
|poke|p1|Gallade, M|
|poke|p2|Audino, F|
|poke|p2|Eldegoss, M|
|poke|p2|Corsola, F|
|poke|p2|Duosion, F|
|poke|p2|Mareanie, M|
|poke|p2|Mienfoo, M|
|teampreview
|j| ekelelellee
|j|+Roonie217
|c|☆julie uwu 3|gl hf
|j| joey milktank
|c|☆Haffling|u2
|inactive|Battle timer is ON: inactive players will automatically lose when time's up. (requested by julie uwu 3)
|j| isabela000◥▶_◀◤
|c|☆Haffling|i hope you didnt change your weezing for this
|
|t:|1660436432
|start
|switch|p1a: Weezing|Weezing, F|100/100
|switch|p2a: Duosion|Duosion, F|100/100
|turn|1
|
|t:|1660436438
|switch|p1a: Whimsicott|Whimsicott, F|100/100
|move|p2a: Duosion|Future Sight|p1a: Whimsicott
|-start|p2a: Duosion|move: Future Sight
|
|upkeep
|turn|2
|
|t:|1660436446
|switch|p1a: Aggron|Aggron, M|100/100
|switch|p2a: Audino|Audino, F|100/100
|
|upkeep
|turn|3
|
|t:|1660436452
|switch|p2a: Mienfoo|Mienfoo, M, shiny|100/100
|move|p1a: Aggron|Body Press|p2a: Mienfoo
|-damage|p2a: Mienfoo|57/100
|
|-end|p1a: Aggron|move: Future Sight
|-resisted|p1a: Aggron
|-damage|p1a: Aggron|77/100
|-heal|p1a: Aggron|83/100|[from] item: Leftovers
|upkeep
|turn|4
|
|t:|1660436460
|move|p1a: Aggron|Protect|p1a: Aggron
|-singleturn|p1a: Aggron|Protect
|move|p2a: Mienfoo|Knock Off|p1a: Aggron
|-activate|p1a: Aggron|move: Protect
|
|-heal|p1a: Aggron|89/100|[from] item: Leftovers
|upkeep
|turn|5
|
|t:|1660436466
|switch|p1a: Weezing|Weezing, F|100/100
|move|p2a: Mienfoo|Close Combat|p1a: Weezing
|-resisted|p1a: Weezing
|-damage|p1a: Weezing|86/100
|-unboost|p2a: Mienfoo|def|1
|-unboost|p2a: Mienfoo|spd|1
|
|-heal|p1a: Weezing|92/100|[from] item: Black Sludge
|upkeep
|turn|6
|
|t:|1660436470
|move|p2a: Mienfoo|U-turn|p1a: Weezing
|-resisted|p1a: Weezing
|-damage|p1a: Weezing|86/100
|
|t:|1660436473
|switch|p2a: Duosion|Duosion, F|100/100|[from]move: U-turn
|move|p1a: Weezing|Toxic Spikes|p2a: Duosion
|-sidestart|p2: Haffling|move: Toxic Spikes
|
|-heal|p1a: Weezing|92/100|[from] item: Black Sludge
|upkeep
|turn|7
|
|t:|1660436479
|switch|p1a: Aggron|Aggron, M|89/100
|move|p2a: Duosion|Future Sight|p1a: Aggron
|-start|p2a: Duosion|move: Future Sight
|
|-heal|p1a: Aggron|96/100|[from] item: Leftovers
|upkeep
|turn|8
|
|t:|1660436489
|switch|p2a: Mareanie|Mareanie, M|100/100
|-sideend|p2: Haffling|move: Toxic Spikes|[of] p2a: Mareanie
|move|p1a: Aggron|Head Smash|p2a: Mareanie|[miss]
|-miss|p1a: Aggron|p2a: Mareanie
|
|-heal|p1a: Aggron|100/100|[from] item: Leftovers
|upkeep
|turn|9
|
|t:|1660436495
|move|p1a: Aggron|Stealth Rock|p2a: Mareanie
|-sidestart|p2: Haffling|move: Stealth Rock
|move|p2a: Mareanie|Toxic Spikes|p1a: Aggron
|-sidestart|p1: julie uwu 3|move: Toxic Spikes
|
|-end|p1a: Aggron|move: Future Sight
|-resisted|p1a: Aggron
|-damage|p1a: Aggron|75/100
|-heal|p1a: Aggron|82/100|[from] item: Leftovers
|upkeep
|turn|10
|
|t:|1660436505
|switch|p1a: Weezing|Weezing, F|92/100
|move|p2a: Mareanie|Toxic Spikes|p1a: Weezing
|-sidestart|p1: julie uwu 3|move: Toxic Spikes
|
|-heal|p1a: Weezing|98/100|[from] item: Black Sludge
|upkeep
|turn|11
|
|t:|1660436509
|switch|p2a: Duosion|Duosion, F|100/100
|-damage|p2a: Duosion|88/100|[from] Stealth Rock
|move|p1a: Weezing|Toxic Spikes|p2a: Duosion
|-sidestart|p2: Haffling|move: Toxic Spikes
|
|-heal|p1a: Weezing|100/100|[from] item: Black Sludge
|upkeep
|turn|12
|
|t:|1660436514
|move|p1a: Weezing|Sludge Bomb|p2a: Duosion
|-damage|p2a: Duosion|71/100
|move|p2a: Duosion|Future Sight|p1a: Weezing
|-start|p2a: Duosion|move: Future Sight
|
|upkeep
|turn|13
|
|t:|1660436523
|switch|p1a: Aggron|Aggron, M|82/100
|switch|p2a: Mareanie|Mareanie, M|100/100
|-damage|p2a: Mareanie|88/100|[from] Stealth Rock
|-sideend|p2: Haffling|move: Toxic Spikes|[of] p2a: Mareanie
|
|-heal|p1a: Aggron|88/100|[from] item: Leftovers
|upkeep
|turn|14
|
|t:|1660436529
|move|p1a: Aggron|Head Smash|p2a: Mareanie
|-damage|p2a: Mareanie|40/100
|move|p2a: Mareanie|Scald|p1a: Aggron
|-supereffective|p1a: Aggron
|-damage|p1a: Aggron|59/100
|-status|p1a: Aggron|brn
|
|-end|p1a: Aggron|move: Future Sight
|-resisted|p1a: Aggron
|-damage|p1a: Aggron|35/100 brn
|-heal|p1a: Aggron|41/100 brn|[from] item: Leftovers
|-damage|p1a: Aggron|35/100 brn|[from] brn
|upkeep
|turn|15
|
|t:|1660436547
|switch|p1a: Vanilluxe|Vanilluxe, M|100/100
|-status|p1a: Vanilluxe|tox
|-weather|Hail|[from] ability: Snow Warning|[of] p1a: Vanilluxe
|move|p2a: Mareanie|Recover|p2a: Mareanie
|-heal|p2a: Mareanie|90/100
|
|-weather|Hail|[upkeep]
|-damage|p2a: Mareanie|84/100|[from] Hail
|-damage|p1a: Vanilluxe|94/100 tox|[from] psn
|upkeep
|turn|16
|
|t:|1660436554
|switch|p2a: Audino|Audino, F|100/100
|move|p1a: Vanilluxe|Blizzard|p2a: Audino
|-damage|p2a: Audino|44/100
|-status|p2a: Audino|frz
|
|-weather|Hail|[upkeep]
|-damage|p2a: Audino|38/100 frz|[from] Hail
|-damage|p1a: Vanilluxe|82/100 tox|[from] psn
|upkeep
|turn|17
|c|☆Haffling|boo
|
|t:|1660436565
|switch|p1a: Whimsicott|Whimsicott, F|100/100
|switch|p2a: Duosion|Duosion, F|100/100
|-damage|p2a: Duosion|88/100|[from] Stealth Rock
|
|-weather|Hail|[upkeep]
|-damage|p1a: Whimsicott|94/100|[from] Hail
|-damage|p2a: Duosion|82/100|[from] Hail
|upkeep
|turn|18
|
|t:|1660436568
|move|p1a: Whimsicott|Defog|p2a: Duosion
|-unboost|p2a: Duosion|evasion|1
|-sideend|p2: Haffling|Stealth Rock|[from] move: Defog|[of] p1a: Whimsicott
|-sideend|p1: julie uwu 3|Toxic Spikes|[from] move: Defog|[of] p1a: Whimsicott
|move|p2a: Duosion|Toxic|p1a: Whimsicott
|-status|p1a: Whimsicott|tox
|
|-weather|Hail|[upkeep]
|-damage|p1a: Whimsicott|88/100 tox|[from] Hail
|-damage|p2a: Duosion|76/100|[from] Hail
|-damage|p1a: Whimsicott|82/100 tox|[from] psn
|upkeep
|turn|19
|
|t:|1660436575
|switch|p1a: Lanturn|Lanturn, F|100/100
|move|p2a: Duosion|Future Sight|p1a: Lanturn
|-start|p2a: Duosion|move: Future Sight
|
|-weather|none
|upkeep
|turn|20
|
|t:|1660436584
|switch|p2a: Audino|Audino, F|71/100 frz
|move|p1a: Lanturn|Volt Switch|p2a: Audino
|-damage|p2a: Audino|58/100 frz
|
|t:|1660436591
|switch|p1a: Gallade|Gallade, M|100/100|[from]move: Volt Switch
|
|upkeep
|turn|21
|
|t:|1660436599
|switch|p2a: Mareanie|Mareanie, M|100/100
|move|p1a: Gallade|Knock Off|p2a: Mareanie
|-damage|p2a: Mareanie|70/100
|-enditem|p2a: Mareanie|Eviolite|[from] move: Knock Off|[of] p1a: Gallade
|
|-end|p1a: Gallade|move: Future Sight
|-damage|p1a: Gallade|47/100
|upkeep
|turn|22
|
|t:|1660436607
|switch|p1a: Vanilluxe|Vanilluxe, M|82/100 tox
|-weather|Hail|[from] ability: Snow Warning|[of] p1a: Vanilluxe
|move|p2a: Mareanie|Scald|p1a: Vanilluxe
|-damage|p1a: Vanilluxe|63/100 tox
|
|-weather|Hail|[upkeep]
|-damage|p2a: Mareanie|64/100|[from] Hail
|-damage|p1a: Vanilluxe|57/100 tox|[from] psn
|upkeep
|turn|23
|
|t:|1660436610
|switch|p2a: Audino|Audino, F|91/100 frz
|move|p1a: Vanilluxe|Freeze-Dry|p2a: Audino
|-damage|p2a: Audino|54/100 frz
|
|-weather|Hail|[upkeep]
|-damage|p2a: Audino|48/100 frz|[from] Hail
|-damage|p1a: Vanilluxe|45/100 tox|[from] psn
|upkeep
|turn|24
|
|t:|1660436619
|switch|p1a: Gallade|Gallade, M|47/100
|switch|p2a: Duosion|Duosion, F|100/100
|
|-weather|Hail|[upkeep]
|-damage|p1a: Gallade|41/100|[from] Hail
|-damage|p2a: Duosion|95/100|[from] Hail
|upkeep
|turn|25
|
|t:|1660436625
|switch|p2a: Mareanie|Mareanie, M|97/100
|move|p1a: Gallade|Knock Off|p2a: Mareanie
|-damage|p2a: Mareanie|67/100
|
|-weather|Hail|[upkeep]
|-damage|p1a: Gallade|35/100|[from] Hail
|-damage|p2a: Mareanie|61/100|[from] Hail
|upkeep
|turn|26
|
|t:|1660436629
|switch|p1a: Lanturn|Lanturn, F|100/100
|move|p2a: Mareanie|Toxic Spikes|p1a: Lanturn
|-sidestart|p1: julie uwu 3|move: Toxic Spikes
|
|-weather|none
|upkeep
|turn|27
|
|t:|1660436632
|switch|p2a: Audino|Audino, F|81/100 frz
|move|p1a: Lanturn|Volt Switch|p2a: Audino
|-damage|p2a: Audino|69/100 frz
|
|t:|1660436643
|switch|p1a: Weezing|Weezing, F|100/100|[from]move: Volt Switch
|
|upkeep
|turn|28
|j|+zoowi
|
|t:|1660436647
|cant|p2a: Audino|frz
|move|p1a: Weezing|Toxic Spikes|p2a: Audino
|-sidestart|p2: Haffling|move: Toxic Spikes
|
|upkeep
|turn|29
|
|t:|1660436650
|switch|p1a: Lanturn|Lanturn, F|100/100
|-status|p1a: Lanturn|psn
|cant|p2a: Audino|frz
|
|-damage|p1a: Lanturn|88/100 psn|[from] psn
|upkeep
|turn|30
|
|t:|1660436653
|-curestatus|p2a: Audino|frz|[msg]
|move|p2a: Audino|Protect|p2a: Audino
|-singleturn|p2a: Audino|Protect
|move|p1a: Lanturn|Volt Switch|p2a: Audino
|-activate|p2a: Audino|move: Protect
|
|-heal|p1a: Lanturn|94/100 psn|[from] item: Leftovers
|-damage|p1a: Lanturn|82/100 psn|[from] psn
|upkeep
|turn|31
|
|t:|1660436657
|move|p1a: Lanturn|Volt Switch|p2a: Audino
|-damage|p2a: Audino|56/100
|
|t:|1660436661
|switch|p1a: Vanilluxe|Vanilluxe, M|45/100 tox|[from]move: Volt Switch
|-weather|Hail|[from] ability: Snow Warning|[of] p1a: Vanilluxe
|move|p2a: Audino|Wish|p2a: Audino
|
|-weather|Hail|[upkeep]
|-damage|p2a: Audino|50/100|[from] Hail
|-damage|p1a: Vanilluxe|39/100 tox|[from] psn
|upkeep
|turn|32
|c|☆julie uwu 3|the burn fucked me gg
|-message|julie uwu 3 forfeited.
|
|win|Haffling
|n|☆julie uwu 3|julieuwu3
|n|☆Haffling|haffling
|n| ekelelellee|ekelelellee
|n| Roonie217|roonie217
|n| joey milktank|joeymilktank
|n| isabela000◥▶_◀◤|isabela000
|n| zoowi|zoowi
|l| isabela000◥▶_◀◤
|l|☆julie uwu 3
|c|☆Haffling|gg
|l| joey milktank
|l|☆Haffling
