|j|☆DiannieRatson
|j|☆Allejo 07
|t:|1638230865
|gametype|singles
|player|p1|DiannieRatson|swimmerf-gen4dp|1157
|player|p2|Allejo 07|li|1437
|teamsize|p1|6
|teamsize|p2|6
|gen|8
|tier|[Gen 8] PU
|rated|
|rule|Sleep Clause Mod: Limit one foe put to sleep
|rule|Species Clause: Limit one of each Pokémon
|rule|OHKO Clause: OHKO moves are banned
|rule|Evasion Moves Clause: Evasion moves are banned
|rule|Endless Battle Clause: Forcing endless battles is banned
|rule|HP Percentage Mod: HP is shown in percentages
|rule|Dynamax Clause: You cannot dynamax
|clearpoke
|poke|p1|Aurorus, M|
|poke|p1|Rotom-Frost|
|poke|p1|Turtonator, M|
|poke|p1|Vanilluxe, F|
|poke|p1|Tsareena, F|
|poke|p1|Jellicent, F|
|poke|p2|Wishiwashi, F|
|poke|p2|Sandaconda, F|
|poke|p2|Togedemaru, M|
|poke|p2|Silvally-*|
|poke|p2|Mesprit|
|poke|p2|Ribombee, F|
|teampreview
|inactive|Battle timer is ON: inactive players will automatically lose when time's up. (requested by DiannieRatson)
|inactive|Allejo 07 has 120 seconds left.
|
|t:|1638230905
|start
|switch|p1a: Aurorus|Aurorus, M|100/100
|switch|p2a: Togedemaru|Togedemaru, M|100/100
|-weather|Hail|[from] ability: Snow Warning|[of] p1a: Aurorus
|turn|1
|
|t:|1638230920
|move|p2a: Togedemaru|Iron Head|p1a: Aurorus
|-supereffective|p1a: Aurorus
|-enditem|p1a: Aurorus|Focus Sash
|-damage|p1a: Aurorus|1/100
|move|p1a: Aurorus|Stealth Rock|p2a: Togedemaru
|-sidestart|p2: Allejo 07|move: Stealth Rock
|
|-weather|Hail|[upkeep]
|-damage|p2a: Togedemaru|95/100|[from] Hail
|upkeep
|turn|2
|
|t:|1638230930
|move|p2a: Togedemaru|U-turn|p1a: Aurorus
|-damage|p1a: Aurorus|0 fnt
|faint|p1a: Aurorus
|
|t:|1638230935
|switch|p2a: Silvally|Silvally-Poison|100/100|[from]move: U-turn
|-damage|p2a: Silvally|88/100|[from] Stealth Rock
|
|-weather|Hail|[upkeep]
|-damage|p2a: Silvally|82/100|[from] Hail
|upkeep
|
|t:|1638230953
|switch|p1a: Rotom|Rotom-Frost|100/100
|turn|3
|
|t:|1638230957
|move|p1a: Rotom|Blizzard|p2a: Silvally
|-damage|p2a: Silvally|38/100
|move|p2a: Silvally|Defog|p1a: Rotom
|-unboost|p1a: Rotom|evasion|1
|-sideend|p2: Allejo 07|Stealth Rock|[from] move: Defog|[of] p2a: Silvally
|
|-weather|Hail|[upkeep]
|-damage|p2a: Silvally|32/100|[from] Hail
|upkeep
|turn|4
|
|t:|1638230967
|switch|p2a: Wishiwashi|Wishiwashi, F|100/100
|-formechange|p2a: Wishiwashi|Wishiwashi-School||[from] ability: Schooling
|move|p1a: Rotom|Blizzard|p2a: Wishiwashi
|-resisted|p2a: Wishiwashi
|-crit|p2a: Wishiwashi
|-damage|p2a: Wishiwashi|76/100
|
|-weather|Hail|[upkeep]
|-damage|p2a: Wishiwashi|70/100|[from] Hail
|-heal|p2a: Wishiwashi|76/100|[from] item: Leftovers
|upkeep
|turn|5
|
|t:|1638230980
|move|p1a: Rotom|Thunderbolt|p2a: Wishiwashi
|-supereffective|p2a: Wishiwashi
|-damage|p2a: Wishiwashi|19/100
|move|p2a: Wishiwashi|U-turn|p1a: Rotom
|-damage|p1a: Rotom|70/100
|
|t:|1638230985
|switch|p2a: Togedemaru|Togedemaru, M|95/100|[from]move: U-turn
|
|-weather|none
|upkeep
|turn|6
|inactive|DiannieRatson has 120 seconds left.
|
|t:|1638231020
|switch|p1a: Turtonator|Turtonator, M|100/100
|move|p2a: Togedemaru|Wish|p2a: Togedemaru
|
|upkeep
|turn|7
|inactive|DiannieRatson has 120 seconds left.
|
|t:|1638231050
|switch|p1a: Vanilluxe|Vanilluxe, F|100/100
|-weather|Hail|[from] ability: Snow Warning|[of] p1a: Vanilluxe
|move|p2a: Togedemaru|U-turn|p1a: Vanilluxe
|-damage|p1a: Vanilluxe|75/100
|
|t:|1638231057
|switch|p2a: Wishiwashi|Wishiwashi, F|19/100|[from]move: U-turn
|
|-weather|Hail|[upkeep]
|-damage|p2a: Wishiwashi|13/100|[from] Hail
|-heal|p2a: Wishiwashi|70/100|[from] move: Wish|[wisher] Togedemaru
|-heal|p2a: Wishiwashi|76/100|[from] item: Leftovers
|-formechange|p2a: Wishiwashi|Wishiwashi-School||[from] ability: Schooling
|upkeep
|turn|8
|
|t:|1638231070
|move|p1a: Vanilluxe|Freeze-Dry|p2a: Wishiwashi
|-supereffective|p2a: Wishiwashi
|-crit|p2a: Wishiwashi
|-damage|p2a: Wishiwashi|3/100
|move|p2a: Wishiwashi|U-turn|p1a: Vanilluxe
|-damage|p1a: Vanilluxe|42/100
|
|t:|1638231071
|switch|p2a: Sandaconda|Sandaconda, F|100/100|[from]move: U-turn
|
|-weather|Hail|[upkeep]
|-damage|p2a: Sandaconda|94/100|[from] Hail
|upkeep
|turn|9
|
|t:|1638231084
|switch|p2a: Togedemaru|Togedemaru, M|95/100
|move|p1a: Vanilluxe|Blizzard|p2a: Togedemaru
|-resisted|p2a: Togedemaru
|-damage|p2a: Togedemaru|68/100
|
|-weather|Hail|[upkeep]
|-damage|p2a: Togedemaru|62/100|[from] Hail
|upkeep
|turn|10
|
|t:|1638231099
|switch|p1a: Turtonator|Turtonator, M|100/100
|move|p2a: Togedemaru|Wish|p2a: Togedemaru
|
|-weather|Hail|[upkeep]
|-damage|p2a: Togedemaru|56/100|[from] Hail
|-damage|p1a: Turtonator|94/100|[from] Hail
|upkeep
|turn|11
|
|t:|1638231118
|switch|p1a: Tsareena|Tsareena, F|100/100
|move|p2a: Togedemaru|U-turn|p1a: Tsareena
|-supereffective|p1a: Tsareena
|-damage|p1a: Tsareena|58/100
|
|t:|1638231121
|switch|p2a: Wishiwashi|Wishiwashi, F|3/100|[from]move: U-turn
|
|-weather|Hail|[upkeep]
|-damage|p1a: Tsareena|52/100|[from] Hail
|-damage|p2a: Wishiwashi|0 fnt|[from] Hail
|faint|p2a: Wishiwashi
|upkeep
|
|t:|1638231125
|switch|p2a: Silvally|Silvally-Poison|32/100
|turn|12
|inactive|DiannieRatson has 90 seconds left.
|
|t:|1638231173
|switch|p1a: Turtonator|Turtonator, M|94/100
|move|p2a: Silvally|Multi-Attack|p1a: Turtonator
|-damage|p1a: Turtonator|55/100
|
|-weather|Hail|[upkeep]
|-damage|p2a: Silvally|26/100|[from] Hail
|-damage|p1a: Turtonator|49/100|[from] Hail
|upkeep
|turn|13
|
|t:|1638231188
|move|p2a: Silvally|Multi-Attack|p1a: Turtonator
|-damage|p1a: Turtonator|6/100
|move|p1a: Turtonator|Dragon Pulse|p2a: Silvally
|-damage|p2a: Silvally|0 fnt
|faint|p2a: Silvally
|
|-weather|Hail|[upkeep]
|-damage|p1a: Turtonator|0 fnt|[from] Hail
|faint|p1a: Turtonator
|upkeep
|
|t:|1638231207
|switch|p2a: Togedemaru|Togedemaru, M|56/100
|switch|p1a: Jellicent|Jellicent, F|100/100
|turn|14
|
|t:|1638231234
|move|p2a: Togedemaru|Wish|p2a: Togedemaru
|move|p1a: Jellicent|Trick|p2a: Togedemaru
|-activate|p1a: Jellicent|move: Trick|[of] p2a: Togedemaru
|-item|p2a: Togedemaru|Choice Specs|[from] move: Trick
|-item|p1a: Jellicent|Heavy-Duty Boots|[from] move: Trick
|
|-weather|none
|upkeep
|turn|15
|
|t:|1638231247
|move|p2a: Togedemaru|U-turn|p1a: Jellicent
|-resisted|p1a: Jellicent
|-crit|p1a: Jellicent
|-damage|p1a: Jellicent|86/100
|
|t:|1638231249
|switch|p2a: Mesprit|Mesprit|100/100|[from]move: U-turn
|move|p1a: Jellicent|Water Spout|p2a: Mesprit
|-damage|p2a: Mesprit|37/100
|
|-heal|p2a: Mesprit|93/100|[from] move: Wish|[wisher] Togedemaru
|upkeep
|turn|16
|
|t:|1638231263
|move|p2a: Mesprit|Shadow Ball|p1a: Jellicent
|-supereffective|p1a: Jellicent
|-damage|p1a: Jellicent|22/100
|-unboost|p1a: Jellicent|spd|1
|move|p1a: Jellicent|Shadow Ball|p2a: Mesprit
|-supereffective|p2a: Mesprit
|-damage|p2a: Mesprit|15/100
|
|upkeep
|turn|17
|
|t:|1638231276
|move|p2a: Mesprit|Shadow Ball|p1a: Jellicent
|-supereffective|p1a: Jellicent
|-damage|p1a: Jellicent|0 fnt
|faint|p1a: Jellicent
|
|upkeep
|
|t:|1638231288
|switch|p1a: Rotom|Rotom-Frost|70/100
|turn|18
|inactive|Allejo 07 has 120 seconds left.
|
|t:|1638231324
|switch|p2a: Togedemaru|Togedemaru, M|56/100
|move|p1a: Rotom|Thunderbolt|p2a: Togedemaru
|-ability|p2a: Togedemaru|Lightning Rod|boost
|-boost|p2a: Togedemaru|spa|1
|
|upkeep
|turn|19
|
|t:|1638231335
|switch|p1a: Tsareena|Tsareena, F|52/100
|move|p2a: Togedemaru|Iron Head|p1a: Tsareena
|-damage|p1a: Tsareena|18/100
|
|upkeep
|turn|20
|
|t:|1638231348
|switch|p2a: Sandaconda|Sandaconda, F|94/100
|move|p1a: Tsareena|Rapid Spin|p2a: Sandaconda
|-damage|p2a: Sandaconda|85/100
|-boost|p1a: Tsareena|spe|1
|-damage|p1a: Tsareena|2/100|[from] item: Rocky Helmet|[of] p2a: Sandaconda
|
|upkeep
|turn|21
|
|t:|1638231358
|move|p1a: Tsareena|Power Whip|p2a: Sandaconda
|-supereffective|p2a: Sandaconda
|-damage|p2a: Sandaconda|15/100
|-damage|p1a: Tsareena|0 fnt|[from] item: Rocky Helmet|[of] p2a: Sandaconda
|faint|p1a: Tsareena
|move|p2a: Sandaconda|Stealth Rock|p1: Tsareena
|-sidestart|p1: DiannieRatson|move: Stealth Rock
|
|upkeep
|
|t:|1638231367
|switch|p1a: Vanilluxe|Vanilluxe, F|42/100
|-damage|p1a: Vanilluxe|17/100|[from] Stealth Rock
|-weather|Hail|[from] ability: Snow Warning|[of] p1a: Vanilluxe
|turn|22
|
|t:|1638231375
|move|p1a: Vanilluxe|Blizzard|p2a: Sandaconda
|-supereffective|p2a: Sandaconda
|-damage|p2a: Sandaconda|0 fnt
|faint|p2a: Sandaconda
|
|-weather|Hail|[upkeep]
|upkeep
|
|t:|1638231381
|switch|p2a: Togedemaru|Togedemaru, M|56/100
|turn|23
|
|t:|1638231386
|move|p1a: Vanilluxe|Blizzard|p2a: Togedemaru
|-resisted|p2a: Togedemaru
|-damage|p2a: Togedemaru|33/100
|move|p2a: Togedemaru|Iron Head|p1a: Vanilluxe
|-supereffective|p1a: Vanilluxe
|-damage|p1a: Vanilluxe|0 fnt
|faint|p1a: Vanilluxe
|
|-weather|Hail|[upkeep]
|-damage|p2a: Togedemaru|27/100|[from] Hail
|upkeep
|
|t:|1638231396
|switch|p1a: Rotom|Rotom-Frost|70/100
|-damage|p1a: Rotom|45/100|[from] Stealth Rock
|turn|24
|
|t:|1638231402
|move|p1a: Rotom|Blizzard|p2a: Togedemaru
|-resisted|p2a: Togedemaru
|-damage|p2a: Togedemaru|3/100
|move|p2a: Togedemaru|Iron Head|p1a: Rotom
|-damage|p1a: Rotom|8/100
|-enditem|p1a: Rotom|Salac Berry|[eat]
|-boost|p1a: Rotom|spe|1|[from] item: Salac Berry
|
|-weather|Hail|[upkeep]
|-damage|p2a: Togedemaru|0 fnt|[from] Hail
|faint|p2a: Togedemaru
|upkeep
|
|t:|1638231413
|switch|p2a: Mesprit|Mesprit|15/100
|turn|25
|
|t:|1638231417
|move|p1a: Rotom|Blizzard|p2a: Mesprit
|-damage|p2a: Mesprit|0 fnt
|faint|p2a: Mesprit
|
|-weather|Hail|[upkeep]
|upkeep
|
|t:|1638231420
|switch|p2a: Ribombee|Ribombee, F|100/100
|turn|26
|
|t:|1638231426
|move|p1a: Rotom|Blizzard|p2a: Ribombee
|-damage|p2a: Ribombee|29/100
|move|p2a: Ribombee|Moonblast|p1a: Rotom
|-damage|p1a: Rotom|0 fnt
|faint|p1a: Rotom
|
|win|Allejo 07
|raw|DiannieRatson's rating: 1157 &rarr; <strong>1149</strong><br />(-8 for losing)
|raw|Allejo 07's rating: 1437 &rarr; <strong>1444</strong><br />(+7 for winning)
|l|☆Allejo 07
