|raw|<div class="broadcast-blue"><strong>This battle is required to be public due to a player having a name starting with 'pult61a'.</div>
|j|☆pult61a spades
|j|☆PULT61a Godwin
|t:|1626814046
|gametype|singles
|player|p1|pult61a spades|erika|1498
|player|p2|PULT61a Godwin|dawn|1565
|teamsize|p1|6
|teamsize|p2|6
|gen|8
|tier|[Gen 8] PU
|rated|
|rule|Sleep Clause Mod: Limit one foe put to sleep
|rule|Species Clause: Limit one of each Pokémon
|rule|OHKO Clause: OHKO moves are banned
|rule|Evasion Moves Clause: Evasion moves are banned
|rule|Endless Battle Clause: Forcing endless battles is banned
|rule|HP Percentage Mod: HP is shown in percentages
|rule|Dynamax Clause: You cannot dynamax
|clearpoke
|poke|p1|Sandaconda, M|
|poke|p1|Togedemaru, F|
|poke|p1|Gigalith, F|
|poke|p1|Weezing, M|
|poke|p1|Whimsicott, F|
|poke|p1|Mesprit|
|poke|p2|Tsareena, F|
|poke|p2|Silvally-*|
|poke|p2|Ribombee, M|
|poke|p2|Gigalith, F|
|poke|p2|Sandslash, F|
|poke|p2|Weezing, M|
|teampreview
|c|☆pult61a spades|hf
|c|☆PULT61a Godwin|hf
|
|t:|1626814118
|start
|switch|p1a: Sandaconda|Sandaconda, M|100/100
|switch|p2a: Gigalith|Gigalith, F|100/100
|-weather|Sandstorm|[from] ability: Sand Stream|[of] p2a: Gigalith
|turn|1
|j| 14sonic11la
|
|t:|1626814136
|switch|p2a: Tsareena|Tsareena, F|100/100
|move|p1a: Sandaconda|Earthquake|p2a: Tsareena
|-resisted|p2a: Tsareena
|-damage|p2a: Tsareena|75/100
|
|-weather|Sandstorm|[upkeep]
|-damage|p2a: Tsareena|69/100|[from] Sandstorm
|upkeep
|turn|2
|
|t:|1626814143
|switch|p1a: Weezing|Weezing, M|100/100
|-ability|p1a: Weezing|Neutralizing Gas
|move|p2a: Tsareena|Knock Off|p1a: Weezing
|-damage|p1a: Weezing|75/100
|-damage|p2a: Tsareena|53/100|[from] item: Rocky Helmet|[of] p1a: Weezing
|-enditem|p1a: Weezing|Rocky Helmet|[from] move: Knock Off|[of] p2a: Tsareena
|
|-weather|Sandstorm|[upkeep]
|-damage|p2a: Tsareena|47/100|[from] Sandstorm
|-damage|p1a: Weezing|69/100|[from] Sandstorm
|upkeep
|turn|3
|
|t:|1626814147
|move|p2a: Tsareena|U-turn|p1a: Weezing
|-resisted|p1a: Weezing
|-damage|p1a: Weezing|60/100
|
|t:|1626814150
|switch|p2a: Weezing|Weezing, M|100/100|[from]move: U-turn
|move|p1a: Weezing|Toxic Spikes|p2a: Weezing
|-sidestart|p2: PULT61a Godwin|move: Toxic Spikes
|
|-weather|Sandstorm|[upkeep]
|-damage|p1a: Weezing|54/100|[from] Sandstorm
|-damage|p2a: Weezing|95/100|[from] Sandstorm
|upkeep
|turn|4
|
|t:|1626814158
|move|p1a: Weezing|Will-O-Wisp|p2a: Weezing
|-status|p2a: Weezing|brn
|move|p2a: Weezing|Will-O-Wisp|p1a: Weezing
|-status|p1a: Weezing|brn
|
|-weather|Sandstorm|[upkeep]
|-damage|p1a: Weezing|48/100 brn|[from] Sandstorm
|-damage|p2a: Weezing|89/100 brn|[from] Sandstorm
|-damage|p1a: Weezing|42/100 brn|[from] brn
|-damage|p2a: Weezing|83/100 brn|[from] brn
|upkeep
|turn|5
|
|t:|1626814160
|move|p1a: Weezing|Pain Split|p2a: Weezing
|-sethp|p2a: Weezing|62/100 brn|[from] move: Pain Split|[silent]
|-sethp|p1a: Weezing|62/100 brn|[from] move: Pain Split
|move|p2a: Weezing|Toxic Spikes|p1a: Weezing
|-sidestart|p1: pult61a spades|move: Toxic Spikes
|
|-weather|none
|-damage|p1a: Weezing|56/100 brn|[from] brn
|-damage|p2a: Weezing|56/100 brn|[from] brn
|upkeep
|turn|6
|
|t:|1626814166
|-end|p1a: Weezing|ability: Neutralizing Gas
|switch|p1a: Mesprit|Mesprit|100/100
|move|p2a: Weezing|Sludge Bomb|p1a: Mesprit
|-damage|p1a: Mesprit|69/100
|
|-damage|p2a: Weezing|50/100 brn|[from] brn
|upkeep
|turn|7
|
|t:|1626814171
|switch|p2a: Silvally|Silvally-Steel|100/100
|move|p1a: Mesprit|U-turn|p2a: Silvally
|-resisted|p2a: Silvally
|-damage|p2a: Silvally|93/100
|
|t:|1626814174
|switch|p1a: Sandaconda|Sandaconda, M|100/100|[from]move: U-turn
|-status|p1a: Sandaconda|psn
|
|-activate|p1a: Sandaconda|ability: Shed Skin
|-curestatus|p1a: Sandaconda|psn|[msg]
|upkeep
|turn|8
|
|t:|1626814181
|switch|p2a: Weezing|Weezing, M|50/100 brn
|move|p1a: Sandaconda|Earthquake|p2a: Weezing
|-immune|p2a: Weezing|[from] ability: Levitate
|
|-damage|p2a: Weezing|44/100 brn|[from] brn
|upkeep
|turn|9
|
|t:|1626814185
|switch|p1a: Mesprit|Mesprit|69/100
|move|p2a: Weezing|Pain Split|p1a: Mesprit
|-sethp|p1a: Mesprit|59/100|[from] move: Pain Split|[silent]
|-sethp|p2a: Weezing|53/100 brn|[from] move: Pain Split
|
|-damage|p2a: Weezing|47/100 brn|[from] brn
|upkeep
|turn|10
|
|t:|1626814189
|switch|p2a: Silvally|Silvally-Steel|93/100
|move|p1a: Mesprit|U-turn|p2a: Silvally
|-resisted|p2a: Silvally
|-damage|p2a: Silvally|85/100
|
|t:|1626814191
|switch|p1a: Sandaconda|Sandaconda, M|100/100|[from]move: U-turn
|-status|p1a: Sandaconda|psn
|
|-damage|p1a: Sandaconda|88/100 psn|[from] psn
|upkeep
|turn|11
|
|t:|1626814198
|switch|p2a: Weezing|Weezing, M|47/100 brn
|move|p1a: Sandaconda|Stone Edge|p2a: Weezing
|-damage|p2a: Weezing|27/100 brn
|-enditem|p2a: Weezing|Eject Button
|
|t:|1626814201
|switch|p2a: Tsareena|Tsareena, F|47/100
|
|-activate|p1a: Sandaconda|ability: Shed Skin
|-curestatus|p1a: Sandaconda|psn|[msg]
|-heal|p1a: Sandaconda|94/100|[from] item: Leftovers
|upkeep
|turn|12
|
|t:|1626814211
|switch|p1a: Whimsicott|Whimsicott, F|100/100
|move|p2a: Tsareena|Rapid Spin|p1a: Whimsicott
|-damage|p1a: Whimsicott|71/100
|-boost|p2a: Tsareena|spe|1
|-sideend|p2: PULT61a Godwin|Toxic Spikes|[from] move: Rapid Spin|[of] p2a: Tsareena
|
|upkeep
|turn|13
|
|t:|1626814217
|move|p2a: Tsareena|U-turn|p1a: Whimsicott
|-damage|p1a: Whimsicott|34/100
|
|t:|1626814221
|switch|p2a: Gigalith|Gigalith, F|100/100|[from]move: U-turn
|-weather|Sandstorm|[from] ability: Sand Stream|[of] p2a: Gigalith
|move|p1a: Whimsicott|Moonblast|p2a: Gigalith
|-damage|p2a: Gigalith|81/100
|
|-weather|Sandstorm|[upkeep]
|-damage|p1a: Whimsicott|28/100|[from] Sandstorm
|-heal|p2a: Gigalith|87/100|[from] item: Leftovers
|upkeep
|turn|14
|
|t:|1626814228
|move|p1a: Whimsicott|Energy Ball|p2a: Gigalith
|-supereffective|p2a: Gigalith
|-damage|p2a: Gigalith|54/100
|move|p2a: Gigalith|Stealth Rock|p1a: Whimsicott
|-sidestart|p1: pult61a spades|move: Stealth Rock
|
|-weather|Sandstorm|[upkeep]
|-damage|p1a: Whimsicott|22/100|[from] Sandstorm
|-heal|p2a: Gigalith|60/100|[from] item: Leftovers
|upkeep
|turn|15
|
|t:|1626814232
|switch|p2a: Silvally|Silvally-Steel|85/100
|move|p1a: Whimsicott|Defog|p2a: Silvally
|-unboost|p2a: Silvally|evasion|1
|-sideend|p1: pult61a spades|Toxic Spikes|[from] move: Defog|[of] p1a: Whimsicott
|-sideend|p1: pult61a spades|Stealth Rock|[from] move: Defog|[of] p1a: Whimsicott
|
|-weather|Sandstorm|[upkeep]
|-damage|p1a: Whimsicott|15/100|[from] Sandstorm
|upkeep
|turn|16
|
|t:|1626814241
|move|p1a: Whimsicott|U-turn|p2a: Silvally
|-resisted|p2a: Silvally
|-damage|p2a: Silvally|79/100
|
|t:|1626814243
|switch|p1a: Togedemaru|Togedemaru, F|100/100|[from]move: U-turn
|move|p2a: Silvally|Multi-Attack|p1a: Togedemaru
|-resisted|p1a: Togedemaru
|-damage|p1a: Togedemaru|82/100
|-damage|p2a: Silvally|67/100|[from] ability: Iron Barbs|[of] p1a: Togedemaru
|
|-weather|Sandstorm|[upkeep]
|-heal|p1a: Togedemaru|88/100|[from] item: Leftovers
|upkeep
|turn|17
|
|t:|1626814252
|switch|p2a: Gigalith|Gigalith, F|60/100
|move|p1a: Togedemaru|Wish|p1a: Togedemaru
|
|-weather|none
|-heal|p1a: Togedemaru|94/100|[from] item: Leftovers
|-heal|p2a: Gigalith|66/100|[from] item: Leftovers
|upkeep
|turn|18
|
|t:|1626814264
|move|p1a: Togedemaru|U-turn|p2a: Gigalith
|-damage|p2a: Gigalith|55/100
|
|t:|1626814269
|switch|p1a: Sandaconda|Sandaconda, M|94/100|[from]move: U-turn
|move|p2a: Gigalith|Earthquake|p1a: Sandaconda
|-damage|p1a: Sandaconda|71/100
|
|-heal|p1a: Sandaconda|100/100|[from] move: Wish|[wisher] Togedemaru
|-heal|p2a: Gigalith|61/100|[from] item: Leftovers
|upkeep
|turn|19
|
|t:|1626814273
|switch|p2a: Tsareena|Tsareena, F|47/100
|move|p1a: Sandaconda|Coil|p1a: Sandaconda
|-boost|p1a: Sandaconda|atk|1
|-boost|p1a: Sandaconda|def|1
|-boost|p1a: Sandaconda|accuracy|1
|
|upkeep
|turn|20
|
|t:|1626814285
|move|p2a: Tsareena|Power Whip|p1a: Sandaconda
|-supereffective|p1a: Sandaconda
|-damage|p1a: Sandaconda|29/100
|move|p1a: Sandaconda|Scale Shot|p2a: Tsareena
|-damage|p2a: Tsareena|33/100
|-damage|p2a: Tsareena|18/100
|-damage|p2a: Tsareena|4/100
|-damage|p2a: Tsareena|0 fnt
|faint|p2a: Tsareena
|-hitcount|p2: Tsareena|4
|-unboost|p1a: Sandaconda|def|1
|-boost|p1a: Sandaconda|spe|1
|
|-heal|p1a: Sandaconda|35/100|[from] item: Leftovers
|upkeep
|
|t:|1626814309
|switch|p2a: Gigalith|Gigalith, F|61/100
|-weather|Sandstorm|[from] ability: Sand Stream|[of] p2a: Gigalith
|turn|21
|
|t:|1626814314
|switch|p2a: Weezing|Weezing, M|27/100 brn
|move|p1a: Sandaconda|Coil|p1a: Sandaconda
|-boost|p1a: Sandaconda|atk|1
|-boost|p1a: Sandaconda|def|1
|-boost|p1a: Sandaconda|accuracy|1
|
|-weather|Sandstorm|[upkeep]
|-damage|p2a: Weezing|21/100 brn|[from] Sandstorm
|-heal|p1a: Sandaconda|42/100|[from] item: Leftovers
|-damage|p2a: Weezing|15/100 brn|[from] brn
|upkeep
|turn|22
|
|t:|1626814318
|switch|p2a: Ribombee|Ribombee, M|100/100
|move|p1a: Sandaconda|Scale Shot|p2a: Ribombee
|-immune|p2a: Ribombee
|
|-weather|Sandstorm|[upkeep]
|-damage|p2a: Ribombee|94/100|[from] Sandstorm
|-heal|p1a: Sandaconda|48/100|[from] item: Leftovers
|upkeep
|turn|23
|
|t:|1626814352
|switch|p1a: Togedemaru|Togedemaru, F|94/100
|move|p2a: Ribombee|Moonblast|p1a: Togedemaru
|-resisted|p1a: Togedemaru
|-crit|p1a: Togedemaru
|-damage|p1a: Togedemaru|67/100
|-unboost|p1a: Togedemaru|spa|1
|
|-weather|Sandstorm|[upkeep]
|-damage|p2a: Ribombee|88/100|[from] Sandstorm
|-heal|p1a: Togedemaru|73/100|[from] item: Leftovers
|upkeep
|turn|24
|
|t:|1626814359
|switch|p2a: Sandslash|Sandslash, F|100/100
|move|p1a: Togedemaru|Iron Head|p2a: Sandslash
|-damage|p2a: Sandslash|72/100
|
|-weather|Sandstorm|[upkeep]
|-heal|p1a: Togedemaru|79/100|[from] item: Leftovers
|upkeep
|turn|25
|
|t:|1626814361
|move|p1a: Togedemaru|Spiky Shield|p1a: Togedemaru
|-singleturn|p1a: Togedemaru|move: Protect
|move|p2a: Sandslash|Spikes|p1a: Togedemaru
|-sidestart|p1: pult61a spades|Spikes
|
|-weather|none
|-heal|p1a: Togedemaru|85/100|[from] item: Leftovers
|upkeep
|turn|26
|
|t:|1626814366
|move|p1a: Togedemaru|U-turn|p2a: Sandslash
|-damage|p2a: Sandslash|54/100
|
|t:|1626814370
|switch|p1a: Whimsicott|Whimsicott, F|15/100|[from]move: U-turn
|move|p2a: Sandslash|Earthquake|p1a: Whimsicott
|-resisted|p1a: Whimsicott
|-damage|p1a: Whimsicott|0 fnt
|faint|p1a: Whimsicott
|-damage|p2a: Sandslash|44/100|[from] item: Life Orb
|
|upkeep
|
|t:|1626814379
|switch|p1a: Mesprit|Mesprit|59/100
|turn|27
|
|t:|1626814390
|switch|p2a: Gigalith|Gigalith, F|61/100
|-weather|Sandstorm|[from] ability: Sand Stream|[of] p2a: Gigalith
|move|p1a: Mesprit|U-turn|p2a: Gigalith
|-damage|p2a: Gigalith|49/100
|
|t:|1626814392
|switch|p1a: Sandaconda|Sandaconda, M|48/100|[from]move: U-turn
|-damage|p1a: Sandaconda|35/100|[from] Spikes
|
|-weather|Sandstorm|[upkeep]
|-heal|p1a: Sandaconda|42/100|[from] item: Leftovers
|-heal|p2a: Gigalith|56/100|[from] item: Leftovers
|upkeep
|turn|28
|
|t:|1626814399
|switch|p2a: Weezing|Weezing, M|15/100 brn
|move|p1a: Sandaconda|Coil|p1a: Sandaconda
|-boost|p1a: Sandaconda|atk|1
|-boost|p1a: Sandaconda|def|1
|-boost|p1a: Sandaconda|accuracy|1
|
|-weather|Sandstorm|[upkeep]
|-damage|p2a: Weezing|9/100 brn|[from] Sandstorm
|-heal|p1a: Sandaconda|48/100|[from] item: Leftovers
|-damage|p2a: Weezing|3/100 brn|[from] brn
|upkeep
|turn|29
|
|t:|1626814417
|move|p1a: Sandaconda|Stone Edge|p2a: Weezing
|-damage|p2a: Weezing|0 fnt
|faint|p2a: Weezing
|
|-weather|Sandstorm|[upkeep]
|-heal|p1a: Sandaconda|54/100|[from] item: Leftovers
|upkeep
|
|t:|1626814420
|switch|p2a: Ribombee|Ribombee, M|88/100
|turn|30
|
|t:|1626814423
|switch|p1a: Togedemaru|Togedemaru, F|85/100
|-damage|p1a: Togedemaru|73/100|[from] Spikes
|move|p2a: Ribombee|Moonblast|p1a: Togedemaru
|-resisted|p1a: Togedemaru
|-damage|p1a: Togedemaru|54/100
|
|-weather|Sandstorm|[upkeep]
|-damage|p2a: Ribombee|82/100|[from] Sandstorm
|-heal|p1a: Togedemaru|60/100|[from] item: Leftovers
|upkeep
|turn|31
|
|t:|1626814432
|switch|p2a: Silvally|Silvally-Steel|67/100
|move|p1a: Togedemaru|Iron Head|p2a: Silvally
|-resisted|p2a: Silvally
|-damage|p2a: Silvally|52/100
|
|-weather|none
|-heal|p1a: Togedemaru|66/100|[from] item: Leftovers
|upkeep
|turn|32
|
|t:|1626814438
|move|p1a: Togedemaru|Spiky Shield|p1a: Togedemaru
|-singleturn|p1a: Togedemaru|move: Protect
|move|p2a: Silvally|Swords Dance|p2a: Silvally
|-boost|p2a: Silvally|atk|2
|
|-heal|p1a: Togedemaru|72/100|[from] item: Leftovers
|upkeep
|turn|33
|
|t:|1626814447
|switch|p1a: Weezing|Weezing, M|56/100 brn
|-ability|p1a: Weezing|Neutralizing Gas
|-damage|p1a: Weezing|44/100 brn|[from] Spikes
|move|p2a: Silvally|Flame Charge|p1a: Weezing
|-damage|p1a: Weezing|26/100 brn
|-boost|p2a: Silvally|spe|1
|
|-damage|p1a: Weezing|20/100 brn|[from] brn
|upkeep
|turn|34
|
|t:|1626814452
|move|p2a: Silvally|Multi-Attack|p1a: Weezing
|-damage|p1a: Weezing|0 fnt
|faint|p1a: Weezing
|-end|p1a: Weezing|ability: Neutralizing Gas
|
|upkeep
|
|t:|1626814456
|switch|p1a: Togedemaru|Togedemaru, F|72/100
|-damage|p1a: Togedemaru|60/100|[from] Spikes
|turn|35
|
|t:|1626814458
|move|p1a: Togedemaru|Spiky Shield|p1a: Togedemaru
|-singleturn|p1a: Togedemaru|move: Protect
|move|p2a: Silvally|Flame Charge|p1a: Togedemaru
|-activate|p1a: Togedemaru|move: Protect
|-damage|p2a: Silvally|40/100|[from] Spiky Shield|[of] p1a: Togedemaru
|
|-heal|p1a: Togedemaru|66/100|[from] item: Leftovers
|upkeep
|turn|36
|
|t:|1626814460
|switch|p1a: Gigalith|Gigalith, F|100/100
|-damage|p1a: Gigalith|88/100|[from] Spikes
|-weather|Sandstorm|[from] ability: Sand Stream|[of] p1a: Gigalith
|move|p2a: Silvally|Flame Charge|p1a: Gigalith
|-resisted|p1a: Gigalith
|-damage|p1a: Gigalith|78/100
|-boost|p2a: Silvally|spe|1
|
|-weather|Sandstorm|[upkeep]
|-heal|p1a: Gigalith|84/100|[from] item: Leftovers
|upkeep
|turn|37
|
|t:|1626814465
|switch|p1a: Togedemaru|Togedemaru, F|66/100
|-damage|p1a: Togedemaru|54/100|[from] Spikes
|move|p2a: Silvally|Multi-Attack|p1a: Togedemaru
|-resisted|p1a: Togedemaru
|-damage|p1a: Togedemaru|19/100
|-damage|p2a: Silvally|28/100|[from] ability: Iron Barbs|[of] p1a: Togedemaru
|
|-weather|Sandstorm|[upkeep]
|-heal|p1a: Togedemaru|25/100|[from] item: Leftovers
|upkeep
|turn|38
|
|t:|1626814470
|move|p2a: Silvally|Rock Slide|p1a: Togedemaru
|-resisted|p1a: Togedemaru
|-damage|p1a: Togedemaru|0 fnt
|faint|p1a: Togedemaru
|
|-weather|Sandstorm|[upkeep]
|upkeep
|
|t:|1626814476
|switch|p1a: Mesprit|Mesprit|59/100
|turn|39
|c|☆pult61a spades|gg
|c|☆PULT61a Godwin|gg
|
|t:|1626814486
|move|p2a: Silvally|Multi-Attack|p1a: Mesprit
|-damage|p1a: Mesprit|0 fnt
|faint|p1a: Mesprit
|
|-weather|Sandstorm|[upkeep]
|upkeep
|
|t:|1626814487
|switch|p1a: Sandaconda|Sandaconda, M|54/100
|-damage|p1a: Sandaconda|42/100|[from] Spikes
|turn|40
|
|t:|1626814489
|move|p2a: Silvally|Multi-Attack|p1a: Sandaconda
|-damage|p1a: Sandaconda|0 fnt
|faint|p1a: Sandaconda
|
|-weather|none
|upkeep
|
|t:|1626814491
|switch|p1a: Gigalith|Gigalith, F|84/100
|-damage|p1a: Gigalith|72/100|[from] Spikes
|-weather|Sandstorm|[from] ability: Sand Stream|[of] p1a: Gigalith
|turn|41
|j|+asa
|l|+asa
|c|☆PULT61a Godwin|jolly conda would have been dire
|c|☆pult61a spades|ye I might make it jolly actually
|c|☆PULT61a Godwin|ye it won if outsped bee
|c|☆pult61a spades|was only outspeeding zard but bee seems threatening
|
|t:|1626814548
|move|p2a: Silvally|Multi-Attack|p1a: Gigalith
|-supereffective|p1a: Gigalith
|-damage|p1a: Gigalith|0 fnt
|faint|p1a: Gigalith
|
|win|PULT61a Godwin
|raw|pult61a spades's rating: 1498 &rarr; <strong>1482</strong><br />(-16 for losing)
|raw|PULT61a Godwin's rating: 1565 &rarr; <strong>1581</strong><br />(+16 for winning)
|c|☆PULT61a Godwin|yeah
|c|☆PULT61a Godwin|cool set tho
|c|☆PULT61a Godwin|gg
|c|☆pult61a spades|ty
|c|☆pult61a spades|gg
|l|☆PULT61a Godwin
|l|☆pult61a spades
