|j|☆SchizoGuyZ
|j|☆number1butt
|player|p1|SchizoGuyZ|burglar-gen1|
|player|p2|number1butt|blackbelt-gen4dp|
|teamsize|p1|6
|teamsize|p2|6
|gametype|singles
|gen|8
|tier|[Gen 8] PU
|rated|Tournament battle
|clearpoke
|poke|p1|Crustle, M|
|poke|p1|Hitmontop, M|
|poke|p1|Rapidash-Galar, M|
|poke|p1|Golurk|
|poke|p1|Silvally-*|
|poke|p1|Linoone-Galar, M|
|poke|p2|Lapras, F|
|poke|p2|Stonjourner, F|
|poke|p2|Trevenant, F|
|poke|p2|Heatmor, M|
|poke|p2|Falinks|
|poke|p2|Beheeyem, F|
|rule|Sleep Clause Mod: Limit one foe put to sleep
|rule|Species Clause: Limit one of each Pokémon
|rule|OHKO Clause: OHKO moves are banned
|rule|Evasion Moves Clause: Evasion moves are banned
|rule|Endless Battle Clause: Forcing endless battles is banned
|rule|HP Percentage Mod: HP is shown in percentages
|rule|Dynamax Clause: You cannot dynamax
|teampreview
|j| jackie shawn
|c|☆SchizoGuyZ|hf
|c|☆number1butt|huh
|c|☆number1butt|what does that mean
|
|start
|switch|p1a: Golurk|Golurk|100/100
|switch|p2a: Lapras|Lapras, F|100/100
|turn|1
|c|☆SchizoGuyZ|read the title of the tour
|
|move|p1a: Golurk|Stealth Rock|p2a: Lapras
|-sidestart|p2: number1butt|move: Stealth Rock
|move|p2a: Lapras|Future Sight|p1a: Golurk
|-start|p2a: Lapras|move: Future Sight
|
|upkeep
|turn|2
|c|☆number1butt|oh yea
|
|move|p1a: Golurk|Earthquake|p2a: Lapras
|-damage|p2a: Lapras|55/100
|move|p2a: Lapras|Hydro Pump|p1a: Golurk
|-supereffective|p1a: Golurk
|-damage|p1a: Golurk|5/100
|
|upkeep
|turn|3
|
|move|p1a: Golurk|Earthquake|p2a: Lapras
|-damage|p2a: Lapras|8/100
|move|p2a: Lapras|Hydro Pump|p1a: Golurk
|-supereffective|p1a: Golurk
|-damage|p1a: Golurk|0 fnt
|faint|p1a: Golurk
|
|-hint|Future Sight did not hit because the target is the user.
|upkeep
|
|switch|p1a: Linoone|Linoone-Galar, M|100/100
|turn|4
|
|move|p1a: Linoone|Knock Off|p2a: Lapras
|-damage|p2a: Lapras|0 fnt
|-enditem|p2a: Lapras|Mystic Water|[from] move: Knock Off|[of] p1a: Linoone
|faint|p2a: Lapras
|
|-status|p1a: Linoone|tox|[from] item: Toxic Orb
|upkeep
|
|switch|p2a: Trevenant|Trevenant, F|100/100
|-damage|p2a: Trevenant|88/100|[from] Stealth Rock
|-item|p1a: Linoone|Toxic Orb|[from] ability: Frisk|[of] p2a: Trevenant|[identify]
|turn|5
|
|move|p1a: Linoone|Knock Off|p2a: Trevenant
|-supereffective|p2a: Trevenant
|-damage|p2a: Trevenant|11/100
|-enditem|p2a: Trevenant|Razor Claw|[from] move: Knock Off|[of] p1a: Linoone
|move|p2a: Trevenant|Curse|p1a: Linoone
|-start|p1a: Linoone|Curse|[of] p2a: Trevenant
|-damage|p2a: Trevenant|0 fnt
|faint|p2a: Trevenant
|
|-damage|p1a: Linoone|94/100 tox|[from] psn
|-damage|p1a: Linoone|70/100 tox|[from] Curse
|upkeep
|
|switch|p2a: Falinks|Falinks|100/100
|-damage|p2a: Falinks|94/100|[from] Stealth Rock
|turn|6
|
|move|p1a: Linoone|Switcheroo|p2a: Falinks
|-activate|p1a: Linoone|move: Trick|[of] p2a: Falinks
|-item|p2a: Falinks|Toxic Orb|[from] move: Switcheroo
|-item|p1a: Linoone|Leftovers|[from] move: Switcheroo
|move|p2a: Falinks|No Retreat|p2a: Falinks
|-boost|p2a: Falinks|atk|1
|-boost|p2a: Falinks|def|1
|-boost|p2a: Falinks|spa|1
|-boost|p2a: Falinks|spd|1
|-boost|p2a: Falinks|spe|1
|-start|p2a: Falinks|move: No Retreat
|
|-heal|p1a: Linoone|76/100 tox|[from] item: Leftovers
|-damage|p1a: Linoone|63/100 tox|[from] psn
|-damage|p1a: Linoone|39/100 tox|[from] Curse
|-status|p2a: Falinks|tox|[from] item: Toxic Orb
|upkeep
|turn|7
|
|move|p1a: Linoone|Facade|p2a: Falinks
|-damage|p2a: Falinks|59/100 tox
|move|p2a: Falinks|Megahorn|p1a: Linoone
|-supereffective|p1a: Linoone
|-damage|p1a: Linoone|0 fnt
|faint|p1a: Linoone
|
|-damage|p2a: Falinks|52/100 tox|[from] psn
|upkeep
|
|switch|p1a: Rapidash|Rapidash-Galar, M|100/100
|turn|8
|
|move|p1a: Rapidash|Dazzling Gleam|p2a: Falinks
|-supereffective|p2a: Falinks
|-damage|p2a: Falinks|0 fnt
|faint|p2a: Falinks
|
|upkeep
|
|switch|p2a: Heatmor|Heatmor, M|100/100
|-damage|p2a: Heatmor|76/100|[from] Stealth Rock
|turn|9
|
|switch|p1a: Hitmontop|Hitmontop, M|100/100
|move|p2a: Heatmor|Knock Off|p1a: Hitmontop
|-resisted|p1a: Hitmontop
|-damage|p1a: Hitmontop|88/100
|-enditem|p1a: Hitmontop|Heavy-Duty Boots|[from] move: Knock Off|[of] p2a: Heatmor
|
|upkeep
|turn|10
|
|switch|p2a: Beheeyem|Beheeyem, F|100/100
|-damage|p2a: Beheeyem|88/100|[from] Stealth Rock
|move|p1a: Hitmontop|Fake Out|p2a: Beheeyem
|-damage|p2a: Beheeyem|68/100
|
|upkeep
|turn|11
|
|move|p1a: Hitmontop|Rapid Spin|p2a: Beheeyem
|-damage|p2a: Beheeyem|40/100
|-boost|p1a: Hitmontop|spe|1
|move|p2a: Beheeyem|Psychic|p1a: Hitmontop
|-supereffective|p1a: Hitmontop
|-damage|p1a: Hitmontop|10/100
|
|upkeep
|turn|12
|
|move|p1a: Hitmontop|Aerial Ace|p2a: Beheeyem
|-damage|p2a: Beheeyem|6/100
|move|p2a: Beheeyem|Psychic|p1a: Hitmontop
|-supereffective|p1a: Hitmontop
|-damage|p1a: Hitmontop|0 fnt
|faint|p1a: Hitmontop
|
|upkeep
|
|switch|p1a: Crustle|Crustle, M|100/100
|turn|13
|
|move|p1a: Crustle|Earthquake|p2a: Beheeyem
|-damage|p2a: Beheeyem|0 fnt
|faint|p2a: Beheeyem
|
|upkeep
|
|switch|p2a: Stonjourner|Stonjourner, F|100/100
|-damage|p2a: Stonjourner|88/100|[from] Stealth Rock
|turn|14
|
|move|p1a: Crustle|Shell Smash|p1a: Crustle
|-unboost|p1a: Crustle|def|1
|-unboost|p1a: Crustle|spd|1
|-boost|p1a: Crustle|atk|2
|-boost|p1a: Crustle|spa|2
|-boost|p1a: Crustle|spe|2
|move|p2a: Stonjourner|Earthquake|p1a: Crustle
|-damage|p1a: Crustle|52/100
|
|upkeep
|turn|15
|
|move|p1a: Crustle|Earthquake|p2a: Stonjourner
|-supereffective|p2a: Stonjourner
|-damage|p2a: Stonjourner|17/100
|move|p2a: Stonjourner|Earthquake|p1a: Crustle
|-damage|p1a: Crustle|5/100
|
|upkeep
|turn|16
|
|move|p1a: Crustle|Earthquake|p2a: Stonjourner
|-supereffective|p2a: Stonjourner
|-damage|p2a: Stonjourner|0 fnt
|faint|p2a: Stonjourner
|
|upkeep
|c|☆number1butt|gg
|
|switch|p2a: Heatmor|Heatmor, M|76/100
|-damage|p2a: Heatmor|51/100|[from] Stealth Rock
|turn|17
|c|☆SchizoGuyZ|gg
|
|move|p2a: Heatmor|Protect|p2a: Heatmor
|-singleturn|p2a: Heatmor|Protect
|move|p1a: Crustle|Earthquake|p2a: Heatmor
|-activate|p2a: Heatmor|move: Protect
|
|upkeep
|turn|18
|
|move|p1a: Crustle|Earthquake|p2a: Heatmor
|-supereffective|p2a: Heatmor
|-damage|p2a: Heatmor|0 fnt
|faint|p2a: Heatmor
|
|win|SchizoGuyZ
