|j|☆dog_dibar
|j|☆m3p0
|player|p1|dog_dibar|musician|1254
|player|p2|m3p0|130|1400
|teamsize|p1|6
|teamsize|p2|6
|gametype|singles
|gen|8
|tier|[Gen 8] PU
|rated|
|clearpoke
|poke|p1|Hattrem, F|
|poke|p1|Oranguru, F|
|poke|p1|Stonjourner, F|
|poke|p1|Silvally-*|
|poke|p1|Mawile, M|
|poke|p1|Whiscash, F|
|poke|p2|Bronzor|
|poke|p2|Liepard, M|
|poke|p2|Eiscue, M|
|poke|p2|Raichu, F|
|poke|p2|Silvally-*|
|poke|p2|Mr. Mime, M|
|rule|Sleep Clause Mod: Limit one foe put to sleep
|rule|Species Clause: Limit one of each Pokémon
|rule|OHKO Clause: OHKO moves are banned
|rule|Evasion Moves Clause: Evasion moves are banned
|rule|Endless Battle Clause: Forcing endless battles is banned
|rule|HP Percentage Mod: HP is shown in percentages
|rule|Dynamax Clause: You cannot dynamax
|teampreview
|
|start
|switch|p1a: Mawile|Mawile, M|100/100
|switch|p2a: Liepard|Liepard, M|100/100
|-ability|p1a: Mawile|Intimidate|boost
|-unboost|p2a: Liepard|atk|1
|turn|1
|
|move|p2a: Liepard|Trick|p1a: Mawile
|-activate|p2a: Liepard|move: Trick|[of] p1a: Mawile
|-item|p1a: Mawile|Choice Band|[from] move: Trick
|-item|p2a: Liepard|Rocky Helmet|[from] move: Trick
|move|p1a: Mawile|Play Rough|p2a: Liepard
|-supereffective|p2a: Liepard
|-damage|p2a: Liepard|0 fnt
|-damage|p1a: Mawile|84/100|[from] item: Rocky Helmet|[of] p2a: Liepard
|faint|p2a: Liepard
|
|upkeep
|
|switch|p2a: Bronzor|Bronzor|100/100
|turn|2
|
|switch|p1a: Hattrem|Hattrem, F|100/100
|switch|p2a: Silvally|Silvally-Fighting|100/100
|
|upkeep
|turn|3
|j| Mauve Avenger
|
|move|p2a: Silvally|U-turn|p1a: Hattrem
|-supereffective|p1a: Hattrem
|-damage|p1a: Hattrem|58/100
|
|switch|p2a: Bronzor|Bronzor|100/100|[from]move: U-turn
|move|p1a: Hattrem|Psyshock|p2a: Bronzor
|-resisted|p2a: Bronzor
|-damage|p2a: Bronzor|93/100
|
|upkeep
|turn|4
|
|move|p1a: Hattrem|Psyshock|p2a: Bronzor
|-resisted|p2a: Bronzor
|-damage|p2a: Bronzor|87/100
|move|p2a: Bronzor|Gyro Ball|p1a: Hattrem
|-crit|p1a: Hattrem
|-damage|p1a: Hattrem|49/100
|
|upkeep
|turn|5
|
|switch|p2a: Silvally|Silvally-Fighting|100/100
|move|p1a: Hattrem|Giga Drain|p2a: Silvally
|-damage|p2a: Silvally|78/100
|-heal|p1a: Hattrem|61/100|[from] drain|[of] p2a: Silvally
|
|upkeep
|turn|6
|
|switch|p1a: Mawile|Mawile, M|84/100
|-ability|p1a: Mawile|Intimidate|boost
|-unboost|p2a: Silvally|atk|1
|move|p2a: Silvally|U-turn|p1a: Mawile
|-resisted|p1a: Mawile
|-damage|p1a: Mawile|81/100
|
|switch|p2a: Eiscue|Eiscue, M|100/100|[from]move: U-turn
|
|upkeep
|turn|7
|
|switch|p1a: Oranguru|Oranguru, F|100/100
|move|p2a: Eiscue|Substitute|p2a: Eiscue
|-start|p2a: Eiscue|Substitute
|-damage|p2a: Eiscue|76/100
|
|upkeep
|turn|8
|
|move|p2a: Eiscue|Belly Drum|p2a: Eiscue
|-damage|p2a: Eiscue|26/100
|-setboost|p2a: Eiscue|atk|6|[from] move: Belly Drum
|move|p1a: Oranguru|Psychic|p2a: Eiscue
|-end|p2a: Eiscue|Substitute
|
|upkeep
|turn|9
|
|move|p2a: Eiscue|Substitute|p2a: Eiscue
|-start|p2a: Eiscue|Substitute
|-damage|p2a: Eiscue|1/100
|-enditem|p2a: Eiscue|Salac Berry|[eat]
|-boost|p2a: Eiscue|spe|1|[from] item: Salac Berry
|move|p1a: Oranguru|Psychic|p2a: Eiscue
|-end|p2a: Eiscue|Substitute
|
|upkeep
|turn|10
|
|move|p2a: Eiscue|Ice Punch|p1a: Oranguru
|-damage|p1a: Oranguru|0 fnt
|faint|p1a: Oranguru
|
|upkeep
|
|switch|p1a: Stonjourner|Stonjourner, F|100/100
|turn|11
|
|move|p2a: Eiscue|Liquidation|p1a: Stonjourner
|-supereffective|p1a: Stonjourner
|-enditem|p1a: Stonjourner|Focus Sash
|-damage|p1a: Stonjourner|1/100
|move|p1a: Stonjourner|Earthquake|p2a: Eiscue
|-activate|p2a: Eiscue|ability: Ice Face
|-damage|p2a: Eiscue|1/100
|detailschange|p2a: Eiscue|Eiscue-Noice, M
|
|upkeep
|turn|12
|
|move|p2a: Eiscue|Liquidation|p1a: Stonjourner
|-supereffective|p1a: Stonjourner
|-damage|p1a: Stonjourner|0 fnt
|faint|p1a: Stonjourner
|
|upkeep
|
|switch|p1a: Mawile|Mawile, M|81/100
|-ability|p1a: Mawile|Intimidate|boost
|-unboost|p2a: Eiscue|atk|1
|turn|13
|
|move|p1a: Mawile|Sucker Punch|p2a: Eiscue
|-damage|p2a: Eiscue|0 fnt
|faint|p2a: Eiscue
|
|upkeep
|
|switch|p2a: Silvally|Silvally-Fighting|78/100
|turn|14
|
|switch|p1a: Silvally|Silvally-Flying|100/100
|move|p2a: Silvally|Multi-Attack|p1a: Silvally
|-resisted|p1a: Silvally
|-damage|p1a: Silvally|75/100
|
|upkeep
|turn|15
|
|switch|p2a: Raichu|Raichu, F|100/100
|move|p1a: Silvally|Parting Shot|p2a: Raichu
|-unboost|p2a: Raichu|atk|1
|-unboost|p2a: Raichu|spa|1
|
|switch|p1a: Mawile|Mawile, M|81/100|[from]move: Parting Shot
|-ability|p1a: Mawile|Intimidate|boost
|-unboost|p2a: Raichu|atk|1
|
|upkeep
|turn|16
|
|move|p2a: Raichu|Substitute|p2a: Raichu
|-start|p2a: Raichu|Substitute
|-damage|p2a: Raichu|76/100
|move|p1a: Mawile|Play Rough|p2a: Raichu
|-end|p2a: Raichu|Substitute
|
|-heal|p2a: Raichu|82/100|[from] item: Leftovers
|upkeep
|turn|17
|
|switch|p2a: Bronzor|Bronzor|87/100
|move|p1a: Mawile|Play Rough|p2a: Bronzor
|-resisted|p2a: Bronzor
|-damage|p2a: Bronzor|68/100
|
|upkeep
|turn|18
|
|switch|p1a: Hattrem|Hattrem, F|61/100
|switch|p2a: Silvally|Silvally-Fighting|78/100
|
|upkeep
|turn|19
|
|switch|p1a: Mawile|Mawile, M|81/100
|-ability|p1a: Mawile|Intimidate|boost
|-unboost|p2a: Silvally|atk|1
|move|p2a: Silvally|U-turn|p1a: Mawile
|-resisted|p1a: Mawile
|-damage|p1a: Mawile|78/100
|
|switch|p2a: Raichu|Raichu, F|82/100|[from]move: U-turn
|
|-heal|p2a: Raichu|88/100|[from] item: Leftovers
|upkeep
|turn|20
|
|move|p2a: Raichu|Thunderbolt|p1a: Mawile
|-damage|p1a: Mawile|6/100
|move|p1a: Mawile|Knock Off|p2a: Raichu
|-damage|p2a: Raichu|17/100
|-enditem|p2a: Raichu|Leftovers|[from] move: Knock Off|[of] p1a: Mawile
|
|upkeep
|turn|21
|
|switch|p1a: Hattrem|Hattrem, F|61/100
|move|p2a: Raichu|Surf|p1a: Hattrem
|-crit|p1a: Hattrem
|-damage|p1a: Hattrem|29/100
|
|upkeep
|turn|22
|
|move|p2a: Raichu|Thunderbolt|p1a: Hattrem
|-damage|p1a: Hattrem|0 fnt
|faint|p1a: Hattrem
|
|upkeep
|j| JHOP67676
|
|switch|p1a: Mawile|Mawile, M|6/100
|-ability|p1a: Mawile|Intimidate|boost
|-unboost|p2a: Raichu|atk|1
|turn|23
|
|switch|p2a: Silvally|Silvally-Fighting|78/100
|move|p1a: Mawile|Play Rough|p2a: Silvally
|-supereffective|p2a: Silvally
|-damage|p2a: Silvally|0 fnt
|faint|p2a: Silvally
|
|upkeep
|
|switch|p2a: Bronzor|Bronzor|68/100
|turn|24
|
|switch|p1a: Whiscash|Whiscash, F|100/100
|move|p2a: Bronzor|Stealth Rock|p1a: Whiscash
|-sidestart|p1: dog_dibar|move: Stealth Rock
|
|upkeep
|turn|25
|
|move|p1a: Whiscash|Dragon Dance|p1a: Whiscash
|-boost|p1a: Whiscash|atk|1
|-boost|p1a: Whiscash|spe|1
|move|p2a: Bronzor|Toxic|p1a: Whiscash
|-status|p1a: Whiscash|tox
|
|-damage|p1a: Whiscash|94/100 tox|[from] psn
|upkeep
|turn|26
|l| JHOP67676
|
|move|p1a: Whiscash|Dragon Dance|p1a: Whiscash
|-boost|p1a: Whiscash|atk|1
|-boost|p1a: Whiscash|spe|1
|move|p2a: Bronzor|Gyro Ball|p1a: Whiscash
|-resisted|p1a: Whiscash
|-damage|p1a: Whiscash|82/100 tox
|
|-damage|p1a: Whiscash|70/100 tox|[from] psn
|upkeep
|turn|27
|
|move|p1a: Whiscash|Dragon Dance|p1a: Whiscash
|-boost|p1a: Whiscash|atk|1
|-boost|p1a: Whiscash|spe|1
|move|p2a: Bronzor|Rest|p2a: Bronzor
|-status|p2a: Bronzor|slp|[from] move: Rest
|-heal|p2a: Bronzor|100/100 slp|[silent]
|
|-damage|p1a: Whiscash|52/100 tox|[from] psn
|upkeep
|turn|28
|
|move|p1a: Whiscash|Liquidation|p2a: Bronzor
|-damage|p2a: Bronzor|36/100 slp
|cant|p2a: Bronzor|slp
|
|-damage|p1a: Whiscash|27/100 tox|[from] psn
|upkeep
|turn|29
|
|move|p1a: Whiscash|Liquidation|p2a: Bronzor
|-damage|p2a: Bronzor|0 fnt
|faint|p2a: Bronzor
|
|-damage|p1a: Whiscash|0 fnt|[from] psn
|faint|p1a: Whiscash
|upkeep
|
|switch|p1a: Silvally|Silvally-Flying|75/100
|switch|p2a: Mr. Mime|Mr. Mime, M|100/100
|-damage|p1a: Silvally|50/100|[from] Stealth Rock
|turn|30
|
|move|p2a: Mr. Mime|Healing Wish|p2a: Mr. Mime
|faint|p2a: Mr. Mime
|move|p1a: Silvally|Flame Charge|p2: Mr. Mime|[notarget]
|-fail|p1a: Silvally
|
|upkeep
|
|switch|p2a: Raichu|Raichu, F|17/100
|-heal|p2a: Raichu|100/100|[from] move: Healing Wish
|turn|31
|
|move|p2a: Raichu|Thunderbolt|p1a: Silvally
|-supereffective|p1a: Silvally
|-damage|p1a: Silvally|0 fnt
|faint|p1a: Silvally
|
|upkeep
|
|switch|p1a: Mawile|Mawile, M|6/100
|-damage|p1a: Mawile|0 fnt|[from] Stealth Rock
|faint|p1a: Mawile
|
|win|m3p0
|c|☆dog_dibar|gg
