|j|☆Jhizlaine
|j|☆Haffling testing
|t:|1659030943
|gametype|singles
|player|p1|Jhizlaine|jasmine-gen2|1517
|player|p2|Haffling testing|cyrus|1560
|teamsize|p1|6
|teamsize|p2|6
|gen|8
|tier|[Gen 8] PU
|rated|
|rule|Sleep Clause Mod: Limit one foe put to sleep
|rule|Species Clause: Limit one of each Pokémon
|rule|OHKO Clause: OHKO moves are banned
|rule|Evasion Moves Clause: Evasion moves are banned
|rule|Endless Battle Clause: Forcing endless battles is banned
|rule|HP Percentage Mod: HP is shown in percentages
|rule|Dynamax Clause: You cannot dynamax
|clearpoke
|poke|p1|Whimsicott, M|
|poke|p1|Sandaconda, M|
|poke|p1|Rapidash, F|
|poke|p1|Perrserker, M|
|poke|p1|Lanturn, F|
|poke|p1|Mr. Rime, M|
|poke|p2|Arctovish|
|poke|p2|Gigalith, M|
|poke|p2|Mesprit|
|poke|p2|Eldegoss, F|
|poke|p2|Scrafty, M|
|poke|p2|Weezing, M|
|teampreview
|
|t:|1659030958
|start
|switch|p1a: Mecha-Garfield|Perrserker, M|100/100
|switch|p2a: Arctovish|Arctovish|100/100
|turn|1
|
|t:|1659030964
|move|p2a: Arctovish|Fishious Rend|p1a: Mecha-Garfield
|-damage|p1a: Mecha-Garfield|0 fnt
|faint|p1a: Mecha-Garfield
|
|upkeep
|
|t:|1659030971
|switch|p1a: Lanturn|Lanturn, F|100/100
|turn|2
|c|☆Haffling testing|no lasaga for you
|
|t:|1659030980
|switch|p2a: Eldegoss|Eldegoss, F|100/100
|move|p1a: Lanturn|Toxic|p2a: Eldegoss
|-status|p2a: Eldegoss|tox
|
|-damage|p2a: Eldegoss|94/100 tox|[from] psn
|upkeep
|turn|3
|
|t:|1659030986
|move|p1a: Lanturn|Volt Switch|p2a: Eldegoss
|-resisted|p2a: Eldegoss
|-damage|p2a: Eldegoss|86/100 tox
|
|t:|1659030990
|switch|p1a: Snow Biden|Mr. Rime, M|100/100|[from]move: Volt Switch
|move|p2a: Eldegoss|Aromatherapy|p2a: Eldegoss
|-activate|p2a: Eldegoss|move: Aromatherapy
|-curestatus|p2a: Eldegoss|tox|[msg]
|
|upkeep
|turn|4
|
|t:|1659030993
|switch|p2a: Gigalith|Gigalith, M|100/100
|-weather|Sandstorm|[from] ability: Sand Stream|[of] p2a: Gigalith
|move|p1a: Snow Biden|Freeze-Dry|p2a: Gigalith
|-damage|p2a: Gigalith|81/100
|
|-weather|Sandstorm|[upkeep]
|-damage|p1a: Snow Biden|95/100|[from] Sandstorm
|-heal|p2a: Gigalith|87/100|[from] item: Leftovers
|upkeep
|turn|5
|
|t:|1659030998
|switch|p1a: Kaa|Sandaconda, M|100/100
|move|p2a: Gigalith|Stealth Rock|p1a: Kaa
|-sidestart|p1: Jhizlaine|move: Stealth Rock
|
|-weather|Sandstorm|[upkeep]
|-heal|p2a: Gigalith|94/100|[from] item: Leftovers
|upkeep
|turn|6
|
|t:|1659031002
|switch|p2a: Arctovish|Arctovish|100/100
|move|p1a: Kaa|Stealth Rock|p2a: Arctovish
|-sidestart|p2: Haffling testing|move: Stealth Rock
|
|-weather|Sandstorm|[upkeep]
|-damage|p2a: Arctovish|94/100|[from] Sandstorm
|upkeep
|turn|7
|c|☆Jhizlaine|ah i never beat stall
|-message|Jhizlaine forfeited.
|
|win|Haffling testing
|raw|Jhizlaine's rating: 1517 &rarr; <strong>1499</strong><br />(-18 for losing)
|raw|Haffling testing's rating: 1560 &rarr; <strong>1578</strong><br />(+18 for winning)
|l|☆Jhizlaine
||Ladder isn't responding, score probably updated but might not have (Request timeout).
