|j|☆cafay sen sukr
|j|☆Qui meurt perd !
|t:|1603681036
|player|p1|cafay sen sukr|swimmer-gen4dp|1408
|player|p2|Qui meurt perd !|gentleman|1159
|teamsize|p1|6
|teamsize|p2|6
|gametype|singles
|gen|8
|tier|[Gen 8] PU
|rated|
|clearpoke
|poke|p1|Silvally-*|
|poke|p1|Liepard, M|
|poke|p1|Ludicolo, F|
|poke|p1|Drednaw, F|
|poke|p1|Stunfisk, M|
|poke|p1|Unfezant, F|
|poke|p2|Cramorant, M|
|poke|p2|Appletun, M|
|poke|p2|Falinks|
|poke|p2|Jolteon, M|
|poke|p2|Runerigus, F|
|poke|p2|Mr. Rime, F|
|rule|Sleep Clause Mod: Limit one foe put to sleep
|rule|Species Clause: Limit one of each Pokémon
|rule|OHKO Clause: OHKO moves are banned
|rule|Evasion Moves Clause: Evasion moves are banned
|rule|Endless Battle Clause: Forcing endless battles is banned
|rule|HP Percentage Mod: HP is shown in percentages
|rule|Dynamax Clause: You cannot dynamax
|teampreview
|inactive|Battle timer is ON: inactive players will automatically lose when time's up. (requested by Qui meurt perd !)
|
|t:|1603681084
|start
|switch|p1a: Liepard|Liepard, M|100/100
|switch|p2a: Runerigus|Runerigus, F|100/100
|turn|1
|
|t:|1603681092
|move|p1a: Liepard|Knock Off|p2a: Runerigus
|-supereffective|p2a: Runerigus
|-damage|p2a: Runerigus|6/100
|-activate|p2a: Runerigus|ability: Wandering Spirit|Limber|Wandering Spirit|[of] p1a: Liepard
|-enditem|p2a: Runerigus|Leftovers|[from] move: Knock Off|[of] p1a: Liepard
|move|p2a: Runerigus|Body Press|p1a: Liepard
|-supereffective|p1a: Liepard
|-damage|p1a: Liepard|0 fnt
|-activate|p1a: Liepard|ability: Wandering Spirit|Limber|Wandering Spirit|[of] p2a: Runerigus
|faint|p1a: Liepard
|
|upkeep
|
|t:|1603681106
|switch|p1a: Ludicolo|Ludicolo, F|100/100
|turn|2
|
|t:|1603681112
|move|p1a: Ludicolo|Knock Off|p2a: Runerigus
|-supereffective|p2a: Runerigus
|-damage|p2a: Runerigus|0 fnt
|-activate|p2a: Runerigus|ability: Wandering Spirit|Swift Swim|Wandering Spirit|[of] p1a: Ludicolo
|faint|p2a: Runerigus
|
|upkeep
|
|t:|1603681130
|switch|p2a: Falinks|Falinks|100/100
|turn|3
|
|t:|1603681148
|switch|p1a: Stunfisk|Stunfisk, M|100/100
|move|p2a: Falinks|First Impression|p1a: Stunfisk
|-damage|p1a: Stunfisk|73/100
|-status|p2a: Falinks|par|[from] ability: Static|[of] p1a: Stunfisk
|
|upkeep
|turn|4
|
|t:|1603681173
|switch|p2a: Jolteon|Jolteon, M|100/100
|move|p1a: Stunfisk|Thunder Wave|p2a: Jolteon
|-immune|p2a: Jolteon|[from] ability: Volt Absorb
|
|upkeep
|turn|5
|
|t:|1603681180
|switch|p2a: Cramorant|Cramorant, M|100/100
|move|p1a: Stunfisk|Earth Power|p2a: Cramorant
|-immune|p2a: Cramorant
|
|upkeep
|turn|6
|
|t:|1603681188
|move|p2a: Cramorant|Surf|p1a: Stunfisk
|-formechange|p2a: Cramorant|Cramorant-Gulping|
|-supereffective|p1a: Stunfisk
|-damage|p1a: Stunfisk|30/100
|move|p1a: Stunfisk|Discharge|p2a: Cramorant
|-supereffective|p2a: Cramorant
|-damage|p2a: Cramorant|9/100
|-damage|p1a: Stunfisk|5/100|[from] ability: Gulp Missile|[of] p2a: Cramorant
|-unboost|p1a: Stunfisk|def|1
|-formechange|p2a: Cramorant|Cramorant|
|
|upkeep
|turn|7
|j| Where dey at doh
|
|t:|1603681198
|move|p2a: Cramorant|Surf|p1a: Stunfisk
|-formechange|p2a: Cramorant|Cramorant-Gorging|
|-supereffective|p1a: Stunfisk
|-damage|p1a: Stunfisk|0 fnt
|faint|p1a: Stunfisk
|
|upkeep
|
|t:|1603681205
|switch|p1a: Silvally|Silvally-Poison|100/100
|turn|8
|
|t:|1603681213
|move|p1a: Silvally|Shadow Ball|p2a: Cramorant
|-damage|p2a: Cramorant|0 fnt
|-damage|p1a: Silvally|75/100|[from] ability: Gulp Missile|[of] p2a: Cramorant
|-status|p1a: Silvally|par
|-formechange|p2a: Cramorant|Cramorant|
|faint|p2a: Cramorant
|
|upkeep
|
|t:|1603681224
|switch|p2a: Jolteon|Jolteon, M|100/100
|turn|9
|
|t:|1603681230
|move|p2a: Jolteon|Thunderbolt|p1a: Silvally
|-damage|p1a: Silvally|5/100 par
|move|p1a: Silvally|Flamethrower|p2a: Jolteon
|-damage|p2a: Jolteon|66/100
|
|upkeep
|turn|10
|
|t:|1603681236
|move|p2a: Jolteon|Thunderbolt|p1a: Silvally
|-damage|p1a: Silvally|0 fnt
|faint|p1a: Silvally
|
|upkeep
|
|t:|1603681239
|switch|p1a: Ludicolo|Ludicolo, F|100/100
|turn|11
|
|t:|1603681243
|switch|p2a: Falinks|Falinks|100/100 par
|move|p1a: Ludicolo|Scald|p2a: Falinks
|-damage|p2a: Falinks|51/100 par
|
|upkeep
|turn|12
|
|t:|1603681262
|switch|p1a: Drednaw|Drednaw, F|100/100
|move|p2a: Falinks|First Impression|p1a: Drednaw
|-damage|p1a: Drednaw|49/100
|
|upkeep
|turn|13
|
|t:|1603681271
|switch|p2a: Appletun|Appletun, M|100/100
|move|p1a: Drednaw|Rain Dance|p1a: Drednaw
|-weather|RainDance
|
|-weather|RainDance|[upkeep]
|upkeep
|turn|14
|
|t:|1603681279
|move|p1a: Drednaw|Head Smash|p2a: Appletun
|-damage|p2a: Appletun|0 fnt
|-damage|p1a: Drednaw|0 fnt|[from] Recoil
|faint|p2a: Appletun
|faint|p1a: Drednaw
|
|-weather|RainDance|[upkeep]
|upkeep
|
|t:|1603681287
|switch|p1a: Unfezant|Unfezant, F|100/100
|switch|p2a: Mr. Rime|Mr. Rime, F|100/100
|turn|15
|
|t:|1603681294
|move|p1a: Unfezant|U-turn|p2a: Mr. Rime
|-supereffective|p2a: Mr. Rime
|-damage|p2a: Mr. Rime|47/100
|
|t:|1603681295
|switch|p1a: Ludicolo|Ludicolo, F|100/100|[from]move: U-turn
|move|p2a: Mr. Rime|Nasty Plot|p2a: Mr. Rime
|-boost|p2a: Mr. Rime|spa|2
|
|-weather|RainDance|[upkeep]
|upkeep
|turn|16
|
|t:|1603681303
|move|p1a: Ludicolo|Scald|p2a: Mr. Rime
|-damage|p2a: Mr. Rime|0 fnt
|faint|p2a: Mr. Rime
|
|-weather|RainDance|[upkeep]
|upkeep
|
|t:|1603681310
|switch|p2a: Falinks|Falinks|51/100 par
|turn|17
|
|t:|1603681314
|switch|p1a: Unfezant|Unfezant, F|100/100
|move|p2a: Falinks|First Impression|p1a: Unfezant
|-resisted|p1a: Unfezant
|-damage|p1a: Unfezant|71/100
|
|-weather|none
|upkeep
|turn|18
|
|t:|1603681327
|switch|p2a: Jolteon|Jolteon, M|66/100
|move|p1a: Unfezant|Brave Bird|p2a: Jolteon
|-resisted|p2a: Jolteon
|-damage|p2a: Jolteon|9/100
|-damage|p1a: Unfezant|55/100|[from] Recoil
|
|upkeep
|turn|19
|
|t:|1603681334
|move|p1a: Unfezant|Brave Bird|p2a: Jolteon
|-resisted|p2a: Jolteon
|-damage|p2a: Jolteon|0 fnt
|-damage|p1a: Unfezant|52/100|[from] Recoil
|faint|p2a: Jolteon
|
|upkeep
|
|t:|1603681339
|switch|p2a: Falinks|Falinks|51/100 par
|turn|20
|
|t:|1603681343
|move|p1a: Unfezant|Brave Bird|p2a: Falinks
|-supereffective|p2a: Falinks
|-damage|p2a: Falinks|0 fnt
|-damage|p1a: Unfezant|34/100|[from] Recoil
|faint|p2a: Falinks
|
|win|cafay sen sukr
|c|☆Qui meurt perd !|gg
|c|☆cafay sen sukr|gg
|l|☆Qui meurt perd !
|raw|cafay sen sukr's rating: 1408 &rarr; <strong>1416</strong><br />(+8 for winning)
|raw|Qui meurt perd !'s rating: 1159 &rarr; <strong>1149</strong><br />(-10 for losing)
