|j|☆critmonger
|j|☆sassy ylay
|t:|1642020341
|gametype|singles
|player|p1|critmonger|norman|1278
|player|p2|sassy ylay|clown|1491
|teamsize|p1|6
|teamsize|p2|6
|gen|8
|tier|[Gen 8] PU
|rated|
|rule|Sleep Clause Mod: Limit one foe put to sleep
|rule|Species Clause: Limit one of each Pokémon
|rule|OHKO Clause: OHKO moves are banned
|rule|Evasion Moves Clause: Evasion moves are banned
|rule|Endless Battle Clause: Forcing endless battles is banned
|rule|HP Percentage Mod: HP is shown in percentages
|rule|Dynamax Clause: You cannot dynamax
|clearpoke
|poke|p1|Ferroseed, M|
|poke|p1|Lycanroc, F|
|poke|p1|Gigalith, F|
|poke|p1|Jellicent, M|
|poke|p1|Weezing, F|
|poke|p1|Espeon, M|
|poke|p2|Flapple, M|
|poke|p2|Archeops, F|
|poke|p2|Magneton|
|poke|p2|Accelgor, M|
|poke|p2|Runerigus, F|
|poke|p2|Scrafty, F|
|teampreview
|inactive|Battle timer is ON: inactive players will automatically lose when time's up. (requested by critmonger)
|
|t:|1642020368
|start
|switch|p1a: Gigalith|Gigalith, F|100/100
|switch|p2a: Accelgor|Accelgor, M|100/100
|-weather|Sandstorm|[from] ability: Sand Stream|[of] p1a: Gigalith
|turn|1
|
|t:|1642020378
|switch|p2a: Flapple|Flapple, M|100/100
|move|p1a: Gigalith|Stone Edge|p2a: Flapple
|-crit|p2a: Flapple
|-damage|p2a: Flapple|10/100
|-activate|p2a: Flapple|ability: Ripen
|-enditem|p2a: Flapple|Sitrus Berry|[eat]
|-heal|p2a: Flapple|60/100|[from] item: Sitrus Berry
|
|-weather|Sandstorm|[upkeep]
|-damage|p2a: Flapple|54/100|[from] Sandstorm
|upkeep
|turn|2
|
|t:|1642020401
|switch|p2a: Magneton|Magneton|100/100
|move|p1a: Gigalith|Stealth Rock|p2a: Magneton
|-sidestart|p2: sassy ylay|move: Stealth Rock
|
|-weather|Sandstorm|[upkeep]
|upkeep
|turn|3
|inactive|critmonger has 120 seconds left.
|
|t:|1642020444
|move|p2a: Magneton|Volt Switch|p1a: Gigalith
|-damage|p1a: Gigalith|81/100
|
|t:|1642020449
|switch|p2a: Runerigus|Runerigus, F|100/100|[from]move: Volt Switch
|-damage|p2a: Runerigus|94/100|[from] Stealth Rock
|move|p1a: Gigalith|Stone Edge|p2a: Runerigus
|-resisted|p2a: Runerigus
|-damage|p2a: Runerigus|82/100
|
|-weather|Sandstorm|[upkeep]
|-heal|p2a: Runerigus|88/100|[from] item: Leftovers
|upkeep
|turn|4
|j| Alkp0wl
|
|t:|1642020466
|switch|p1a: Jellicent|Jellicent, M|100/100
|move|p2a: Runerigus|Stealth Rock|p1a: Jellicent
|-sidestart|p1: critmonger|move: Stealth Rock
|
|-weather|Sandstorm|[upkeep]
|-damage|p1a: Jellicent|94/100|[from] Sandstorm
|-heal|p2a: Runerigus|95/100|[from] item: Leftovers
|upkeep
|turn|5
|
|t:|1642020477
|switch|p2a: Flapple|Flapple, M|54/100
|-damage|p2a: Flapple|42/100|[from] Stealth Rock
|move|p1a: Jellicent|Water Spout|p2a: Flapple
|-resisted|p2a: Flapple
|-damage|p2a: Flapple|7/100
|
|-weather|Sandstorm|[upkeep]
|-damage|p1a: Jellicent|88/100|[from] Sandstorm
|-damage|p2a: Flapple|1/100|[from] Sandstorm
|upkeep
|turn|6
|
|t:|1642020483
|switch|p1a: Ferroseed|Ferroseed, M|100/100
|-damage|p1a: Ferroseed|94/100|[from] Stealth Rock
|move|p2a: Flapple|Recycle|p2a: Flapple
|-item|p2a: Flapple|Sitrus Berry|[from] move: Recycle
|-activate|p2a: Flapple|ability: Ripen
|-enditem|p2a: Flapple|Sitrus Berry|[eat]
|-heal|p2a: Flapple|51/100|[from] item: Sitrus Berry
|
|-weather|Sandstorm|[upkeep]
|-damage|p2a: Flapple|44/100|[from] Sandstorm
|upkeep
|turn|7
|
|t:|1642020491
|move|p2a: Flapple|Recycle|p2a: Flapple
|-item|p2a: Flapple|Sitrus Berry|[from] move: Recycle
|-activate|p2a: Flapple|ability: Ripen
|-enditem|p2a: Flapple|Sitrus Berry|[eat]
|-heal|p2a: Flapple|94/100|[from] item: Sitrus Berry
|move|p1a: Ferroseed|Knock Off|p2a: Flapple
|-damage|p2a: Flapple|83/100
|
|-weather|Sandstorm|[upkeep]
|-damage|p2a: Flapple|77/100|[from] Sandstorm
|upkeep
|turn|8
|inactive|critmonger has 120 seconds left.
|
|t:|1642020499
|move|p2a: Flapple|Air Slash|p1a: Ferroseed
|-damage|p1a: Ferroseed|73/100
|move|p1a: Ferroseed|Spikes|p2a: Flapple
|-sidestart|p2: sassy ylay|Spikes
|
|-weather|none
|upkeep
|turn|9
|inactive|critmonger has 120 seconds left.
|
|t:|1642020510
|switch|p1a: Gigalith|Gigalith, F|81/100
|-damage|p1a: Gigalith|69/100|[from] Stealth Rock
|-weather|Sandstorm|[from] ability: Sand Stream|[of] p1a: Gigalith
|move|p2a: Flapple|Air Slash|p1a: Gigalith
|-resisted|p1a: Gigalith
|-damage|p1a: Gigalith|63/100
|
|-weather|Sandstorm|[upkeep]
|-damage|p2a: Flapple|71/100|[from] Sandstorm
|upkeep
|turn|10
|
|t:|1642020526
|move|p2a: Flapple|Energy Ball|p1a: Gigalith
|-supereffective|p1a: Gigalith
|-damage|p1a: Gigalith|18/100
|-unboost|p1a: Gigalith|spd|1
|move|p1a: Gigalith|Toxic|p2a: Flapple|[miss]
|-miss|p1a: Gigalith|p2a: Flapple
|
|-weather|Sandstorm|[upkeep]
|-damage|p2a: Flapple|65/100|[from] Sandstorm
|upkeep
|turn|11
|
|t:|1642020537
|switch|p1a: Ferroseed|Ferroseed, M|73/100
|-damage|p1a: Ferroseed|67/100|[from] Stealth Rock
|move|p2a: Flapple|Energy Ball|p1a: Ferroseed
|-resisted|p1a: Ferroseed
|-crit|p1a: Ferroseed
|-damage|p1a: Ferroseed|54/100
|
|-weather|Sandstorm|[upkeep]
|-damage|p2a: Flapple|58/100|[from] Sandstorm
|upkeep
|turn|12
|
|t:|1642020542
|move|p2a: Flapple|Air Slash|p1a: Ferroseed
|-damage|p1a: Ferroseed|33/100
|move|p1a: Ferroseed|Spikes|p2a: Flapple
|-sidestart|p2: sassy ylay|Spikes
|
|-weather|Sandstorm|[upkeep]
|-damage|p2a: Flapple|52/100|[from] Sandstorm
|upkeep
|turn|13
|
|t:|1642020550
|move|p2a: Flapple|Energy Ball|p1a: Ferroseed
|-resisted|p1a: Ferroseed
|-damage|p1a: Ferroseed|24/100
|move|p1a: Ferroseed|Gyro Ball|p2a: Flapple
|-damage|p2a: Flapple|17/100
|
|-weather|Sandstorm|[upkeep]
|-damage|p2a: Flapple|10/100|[from] Sandstorm
|upkeep
|turn|14
|
|t:|1642020554
|move|p2a: Flapple|Recycle|p2a: Flapple
|-item|p2a: Flapple|Sitrus Berry|[from] move: Recycle
|-activate|p2a: Flapple|ability: Ripen
|-enditem|p2a: Flapple|Sitrus Berry|[eat]
|-heal|p2a: Flapple|60/100|[from] item: Sitrus Berry
|move|p1a: Ferroseed|Gyro Ball|p2a: Flapple
|-damage|p2a: Flapple|24/100
|
|-weather|Sandstorm|[upkeep]
|-damage|p2a: Flapple|18/100|[from] Sandstorm
|upkeep
|turn|15
|
|t:|1642020567
|move|p2a: Flapple|Recycle|p2a: Flapple
|-item|p2a: Flapple|Sitrus Berry|[from] move: Recycle
|-activate|p2a: Flapple|ability: Ripen
|-enditem|p2a: Flapple|Sitrus Berry|[eat]
|-heal|p2a: Flapple|68/100|[from] item: Sitrus Berry
|move|p1a: Ferroseed|Spikes|p2a: Flapple
|-sidestart|p2: sassy ylay|Spikes
|
|-weather|Sandstorm|[upkeep]
|-damage|p2a: Flapple|62/100|[from] Sandstorm
|upkeep
|turn|16
|
|t:|1642020574
|move|p2a: Flapple|Energy Ball|p1a: Ferroseed
|-resisted|p1a: Ferroseed
|-damage|p1a: Ferroseed|16/100
|move|p1a: Ferroseed|Gyro Ball|p2a: Flapple
|-damage|p2a: Flapple|23/100
|
|-weather|none
|upkeep
|turn|17
|
|t:|1642020581
|move|p2a: Flapple|Recycle|p2a: Flapple
|-item|p2a: Flapple|Sitrus Berry|[from] move: Recycle
|-activate|p2a: Flapple|ability: Ripen
|-enditem|p2a: Flapple|Sitrus Berry|[eat]
|-heal|p2a: Flapple|73/100|[from] item: Sitrus Berry
|move|p1a: Ferroseed|Gyro Ball|p2a: Flapple
|-damage|p2a: Flapple|34/100
|
|upkeep
|turn|18
|
|t:|1642020594
|switch|p1a: Espeon|Espeon, M|100/100
|move|p2a: Flapple|Recycle|p2a: Flapple
|-item|p2a: Flapple|Sitrus Berry|[from] move: Recycle
|-activate|p2a: Flapple|ability: Ripen
|-enditem|p2a: Flapple|Sitrus Berry|[eat]
|-heal|p2a: Flapple|83/100|[from] item: Sitrus Berry
|
|upkeep
|turn|19
|
|t:|1642020600
|switch|p2a: Magneton|Magneton|100/100
|-damage|p2a: Magneton|94/100|[from] Stealth Rock
|-damage|p2a: Magneton|70/100|[from] Spikes
|move|p1a: Espeon|Psychic|p2a: Magneton
|-resisted|p2a: Magneton
|-damage|p2a: Magneton|49/100
|-unboost|p2a: Magneton|spd|1
|
|upkeep
|turn|20
|
|t:|1642020606
|move|p1a: Espeon|Protect|p1a: Espeon
|-singleturn|p1a: Espeon|Protect
|move|p2a: Magneton|Volt Switch|p1a: Espeon
|-activate|p1a: Espeon|move: Protect
|
|upkeep
|turn|21
|
|t:|1642020609
|move|p1a: Espeon|Wish|p1a: Espeon
|move|p2a: Magneton|Volt Switch|p1a: Espeon
|-damage|p1a: Espeon|48/100
|
|t:|1642020614
|switch|p2a: Accelgor|Accelgor, M|100/100|[from]move: Volt Switch
|
|upkeep
|turn|22
|
|t:|1642020638
|switch|p1a: Jellicent|Jellicent, M|88/100
|-damage|p1a: Jellicent|76/100|[from] Stealth Rock
|move|p2a: Accelgor|Bug Buzz|p1a: Jellicent
|-resisted|p1a: Jellicent
|-crit|p1a: Jellicent
|-damage|p1a: Jellicent|43/100
|
|-heal|p1a: Jellicent|91/100|[from] move: Wish|[wisher] Espeon
|upkeep
|turn|23
|
|t:|1642020652
|move|p2a: Accelgor|Knock Off|p1a: Jellicent
|-supereffective|p1a: Jellicent
|-damage|p1a: Jellicent|49/100
|-enditem|p1a: Jellicent|Choice Specs|[from] move: Knock Off|[of] p2a: Accelgor
|move|p1a: Jellicent|Shadow Ball|p2a: Accelgor
|-damage|p2a: Accelgor|44/100
|-unboost|p2a: Accelgor|spd|1
|
|upkeep
|turn|24
|
|t:|1642020662
|switch|p2a: Scrafty|Scrafty, F|100/100
|-damage|p2a: Scrafty|76/100|[from] Spikes
|-damage|p2a: Scrafty|70/100|[from] Stealth Rock
|move|p1a: Jellicent|Hydro Pump|p2a: Scrafty
|-damage|p2a: Scrafty|20/100
|
|-heal|p2a: Scrafty|26/100|[from] item: Leftovers
|upkeep
|turn|25
|
|t:|1642020671
|move|p2a: Scrafty|Knock Off|p1a: Jellicent
|-supereffective|p1a: Jellicent
|-damage|p1a: Jellicent|0 fnt
|-start|p2a: Scrafty|Disable|Knock Off|[from] ability: Cursed Body|[of] p1a: Jellicent
|faint|p1a: Jellicent
|
|-heal|p2a: Scrafty|31/100|[from] item: Leftovers
|upkeep
|
|t:|1642020686
|switch|p1a: Gigalith|Gigalith, F|18/100
|-damage|p1a: Gigalith|6/100|[from] Stealth Rock
|-weather|Sandstorm|[from] ability: Sand Stream|[of] p1a: Gigalith
|turn|26
|
|t:|1642020701
|switch|p1a: Weezing|Weezing, F, shiny|100/100
|-ability|p1a: Weezing|Neutralizing Gas
|-damage|p1a: Weezing|88/100|[from] Stealth Rock
|move|p2a: Scrafty|Close Combat|p1a: Weezing
|-resisted|p1a: Weezing
|-damage|p1a: Weezing|71/100
|-unboost|p2a: Scrafty|def|1
|-unboost|p2a: Scrafty|spd|1
|
|-weather|Sandstorm|[upkeep]
|-damage|p2a: Scrafty|26/100|[from] Sandstorm
|-damage|p1a: Weezing|65/100|[from] Sandstorm
|-heal|p2a: Scrafty|31/100|[from] item: Leftovers
|-heal|p1a: Weezing|71/100|[from] item: Black Sludge
|upkeep
|turn|27
|
|t:|1642020715
|move|p2a: Scrafty|Rest|p2a: Scrafty
|-status|p2a: Scrafty|slp|[from] move: Rest
|-heal|p2a: Scrafty|100/100 slp|[silent]
|move|p1a: Weezing|Toxic Spikes|p2a: Scrafty
|-sidestart|p2: sassy ylay|move: Toxic Spikes
|
|-weather|Sandstorm|[upkeep]
|-damage|p2a: Scrafty|95/100 slp|[from] Sandstorm
|-damage|p1a: Weezing|65/100|[from] Sandstorm
|-heal|p2a: Scrafty|100/100 slp|[from] item: Leftovers
|-heal|p1a: Weezing|71/100|[from] item: Black Sludge
|upkeep
|turn|28
|inactive|critmonger has 120 seconds left.
|
|t:|1642020738
|switch|p2a: Magneton|Magneton|49/100
|-damage|p2a: Magneton|24/100|[from] Spikes
|-damage|p2a: Magneton|18/100|[from] Stealth Rock
|-end|p1a: Weezing|ability: Neutralizing Gas
|switch|p1a: Lycanroc|Lycanroc, F|100/100
|
|-weather|Sandstorm|[upkeep]
|upkeep
|turn|29
|inactive|critmonger has 120 seconds left.
|
|t:|1642020749
|move|p1a: Lycanroc|Close Combat|p2a: Magneton
|-supereffective|p2a: Magneton
|-damage|p2a: Magneton|0 fnt
|-unboost|p1a: Lycanroc|def|1
|-unboost|p1a: Lycanroc|spd|1
|faint|p2a: Magneton
|
|-weather|Sandstorm|[upkeep]
|upkeep
|
|t:|1642020753
|switch|p2a: Runerigus|Runerigus, F|95/100
|-damage|p2a: Runerigus|70/100|[from] Spikes
|-damage|p2a: Runerigus|63/100|[from] Stealth Rock
|-status|p2a: Runerigus|psn
|turn|30
|inactive|critmonger has 120 seconds left.
|
|t:|1642020768
|switch|p1a: Gigalith|Gigalith, F|6/100
|-damage|p1a: Gigalith|0 fnt|[from] Stealth Rock
|faint|p1a: Gigalith
|move|p2a: Runerigus|Poltergeist|p1: Gigalith|[notarget]
|-fail|p2a: Runerigus
|
|-weather|Sandstorm|[upkeep]
|-heal|p2a: Runerigus|70/100 psn|[from] item: Leftovers
|-damage|p2a: Runerigus|57/100 psn|[from] psn
|upkeep
|inactive|critmonger has 120 seconds left.
|
|t:|1642020776
|switch|p1a: Espeon|Espeon, M|48/100
|turn|31
|
|t:|1642020781
|switch|p2a: Scrafty|Scrafty, F|100/100 slp
|-damage|p2a: Scrafty|95/100 slp|[from] Stealth Rock
|-damage|p2a: Scrafty|70/100 slp|[from] Spikes
|move|p1a: Espeon|Psychic|p2a: Scrafty
|-immune|p2a: Scrafty
|
|-weather|Sandstorm|[upkeep]
|-damage|p1a: Espeon|42/100|[from] Sandstorm
|-damage|p2a: Scrafty|64/100 slp|[from] Sandstorm
|-heal|p2a: Scrafty|70/100 slp|[from] item: Leftovers
|upkeep
|turn|32
|
|t:|1642020786
|move|p1a: Espeon|Wish|p1a: Espeon
|cant|p2a: Scrafty|slp
|
|-weather|Sandstorm|[upkeep]
|-damage|p1a: Espeon|36/100|[from] Sandstorm
|-damage|p2a: Scrafty|64/100 slp|[from] Sandstorm
|-heal|p2a: Scrafty|70/100 slp|[from] item: Leftovers
|upkeep
|turn|33
|
|t:|1642020792
|switch|p1a: Ferroseed|Ferroseed, M|16/100
|-damage|p1a: Ferroseed|10/100|[from] Stealth Rock
|cant|p2a: Scrafty|slp
|
|-weather|none
|-heal|p1a: Ferroseed|67/100|[from] move: Wish|[wisher] Espeon
|-activate|p2a: Scrafty|ability: Shed Skin
|-curestatus|p2a: Scrafty|slp|[msg]
|-heal|p2a: Scrafty|76/100|[from] item: Leftovers
|upkeep
|turn|34
|inactive|sassy ylay has 120 seconds left.
|
|t:|1642020822
|switch|p1a: Weezing|Weezing, F, shiny|71/100
|-ability|p1a: Weezing|Neutralizing Gas
|-damage|p1a: Weezing|58/100|[from] Stealth Rock
|move|p2a: Scrafty|Dragon Dance|p2a: Scrafty
|-boost|p2a: Scrafty|atk|1
|-boost|p2a: Scrafty|spe|1
|
|-heal|p2a: Scrafty|82/100|[from] item: Leftovers
|-heal|p1a: Weezing|64/100|[from] item: Black Sludge
|upkeep
|turn|35
|
|t:|1642020833
|move|p2a: Scrafty|Knock Off|p1a: Weezing
|-damage|p1a: Weezing|23/100
|-enditem|p1a: Weezing|Black Sludge|[from] move: Knock Off|[of] p2a: Scrafty
|move|p1a: Weezing|Will-O-Wisp|p2a: Scrafty
|-status|p2a: Scrafty|brn
|
|-heal|p2a: Scrafty|88/100 brn|[from] item: Leftovers
|-damage|p2a: Scrafty|82/100 brn|[from] brn
|upkeep
|turn|36
|inactive|sassy ylay has 120 seconds left.
|
|t:|1642020854
|move|p2a: Scrafty|Dragon Dance|p2a: Scrafty
|-boost|p2a: Scrafty|atk|1
|-boost|p2a: Scrafty|spe|1
|move|p1a: Weezing|Taunt|p2a: Scrafty
|-start|p2a: Scrafty|move: Taunt
|
|-heal|p2a: Scrafty|88/100 brn|[from] item: Leftovers
|-damage|p2a: Scrafty|82/100 brn|[from] brn
|upkeep
|turn|37
|
|t:|1642020864
|move|p2a: Scrafty|Knock Off|p1a: Weezing
|-damage|p1a: Weezing|3/100
|move|p1a: Weezing|Sludge Wave|p2a: Scrafty
|-damage|p2a: Scrafty|50/100 brn
|
|-heal|p2a: Scrafty|55/100 brn|[from] item: Leftovers
|-damage|p2a: Scrafty|50/100 brn|[from] brn
|upkeep
|turn|38
|
|t:|1642020877
|move|p2a: Scrafty|Knock Off|p1a: Weezing
|-damage|p1a: Weezing|0 fnt
|faint|p1a: Weezing
|-end|p1a: Weezing|ability: Neutralizing Gas
|
|-activate|p2a: Scrafty|ability: Shed Skin
|-curestatus|p2a: Scrafty|brn|[msg]
|-heal|p2a: Scrafty|55/100|[from] item: Leftovers
|upkeep
|
|t:|1642020882
|switch|p1a: Ferroseed|Ferroseed, M|67/100
|-damage|p1a: Ferroseed|61/100|[from] Stealth Rock
|turn|39
|
|t:|1642020885
|move|p2a: Scrafty|Close Combat|p1a: Ferroseed
|-supereffective|p1a: Ferroseed
|-damage|p1a: Ferroseed|0 fnt
|-unboost|p2a: Scrafty|def|1
|-unboost|p2a: Scrafty|spd|1
|-damage|p2a: Scrafty|43/100|[from] ability: Iron Barbs|[of] p1a: Ferroseed
|faint|p1a: Ferroseed
|
|-heal|p2a: Scrafty|49/100|[from] item: Leftovers
|-end|p2a: Scrafty|move: Taunt
|upkeep
|
|t:|1642020889
|switch|p1a: Lycanroc|Lycanroc, F|100/100
|turn|40
|
|t:|1642020891
|move|p2a: Scrafty|Close Combat|p1a: Lycanroc
|-supereffective|p1a: Lycanroc
|-damage|p1a: Lycanroc|0 fnt
|-unboost|p2a: Scrafty|def|1
|-unboost|p2a: Scrafty|spd|1
|faint|p1a: Lycanroc
|
|-heal|p2a: Scrafty|55/100|[from] item: Leftovers
|upkeep
|c|☆critmonger|Gg bud
|c|☆sassy ylay|gg
|-message|critmonger forfeited.
|
|win|sassy ylay
|raw|critmonger's rating: 1278 &rarr; <strong>1267</strong><br />(-11 for losing)
|raw|sassy ylay's rating: 1491 &rarr; <strong>1500</strong><br />(+9 for winning)
|l|☆critmonger
