|j|☆salmontest3
|j|☆Standard Ice
|player|p1|salmontest3|169|1527
|player|p2|Standard Ice|130|1382
|teamsize|p1|6
|teamsize|p2|6
|gametype|singles
|gen|8
|tier|[Gen 8] PU
|rated|
|clearpoke
|poke|p1|Stonjourner, F|
|poke|p1|Mawile, M|
|poke|p1|Throh, M|
|poke|p1|Shiinotic, M|
|poke|p1|Silvally-*|
|poke|p1|Gothitelle, F|
|poke|p2|Manectric, F|
|poke|p2|Bronzor|
|poke|p2|Silvally-*|
|poke|p2|Hakamo-o, F|
|poke|p2|Mr. Mime, F|
|poke|p2|Lunatone|
|rule|Sleep Clause Mod: Limit one foe put to sleep
|rule|Species Clause: Limit one of each Pokémon
|rule|OHKO Clause: OHKO moves are banned
|rule|Evasion Moves Clause: Evasion moves are banned
|rule|Endless Battle Clause: Forcing endless battles is banned
|rule|HP Percentage Mod: HP is shown in percentages
|rule|Dynamax Clause: You cannot dynamax
|teampreview
|j| BigConns
|
|start
|switch|p1a: Silvally|Silvally-Dragon|100/100
|switch|p2a: Manectric|Manectric, F|100/100
|turn|1
|
|move|p2a: Manectric|Volt Switch|p1a: Silvally
|-resisted|p1a: Silvally
|-damage|p1a: Silvally|77/100
|
|switch|p2a: Bronzor|Bronzor|100/100|[from]move: Volt Switch
|move|p1a: Silvally|Flamethrower|p2a: Bronzor
|-supereffective|p2a: Bronzor
|-damage|p2a: Bronzor|70/100
|-status|p2a: Bronzor|brn
|
|-damage|p2a: Bronzor|64/100 brn|[from] brn
|upkeep
|turn|2
|
|move|p1a: Silvally|Flamethrower|p2a: Bronzor
|-supereffective|p2a: Bronzor
|-damage|p2a: Bronzor|37/100 brn
|move|p2a: Bronzor|Stealth Rock|p1a: Silvally
|-sidestart|p1: salmontest3|move: Stealth Rock
|
|-damage|p2a: Bronzor|31/100 brn|[from] brn
|upkeep
|turn|3
|
|move|p1a: Silvally|Defog|p2a: Bronzor
|-unboost|p2a: Bronzor|evasion|1
|-sideend|p1: salmontest3|Stealth Rock|[from] move: Defog|[of] p1a: Silvally
|move|p2a: Bronzor|Rest|p2a: Bronzor
|-status|p2a: Bronzor|slp|[from] move: Rest
|-heal|p2a: Bronzor|100/100 slp|[silent]
|
|upkeep
|turn|4
|
|switch|p1a: Mawile|Mawile, M|100/100
|-ability|p1a: Mawile|Intimidate|boost
|-unboost|p2a: Bronzor|atk|1
|cant|p2a: Bronzor|slp
|
|upkeep
|turn|5
|
|switch|p2a: Manectric|Manectric, F|100/100
|move|p1a: Mawile|Knock Off|p2a: Manectric
|-damage|p2a: Manectric|62/100
|-enditem|p2a: Manectric|Choice Specs|[from] move: Knock Off|[of] p1a: Mawile
|
|upkeep
|turn|6
|
|switch|p1a: Silvally|Silvally-Dragon|77/100
|move|p2a: Manectric|Volt Switch|p1a: Silvally
|-resisted|p1a: Silvally
|-damage|p1a: Silvally|61/100
|
|switch|p2a: Lunatone|Lunatone|100/100|[from]move: Volt Switch
|
|upkeep
|turn|7
|
|move|p1a: Silvally|Parting Shot|p2a: Lunatone
|-unboost|p2a: Lunatone|atk|1
|-unboost|p2a: Lunatone|spa|1
|
|switch|p1a: Mawile|Mawile, M|100/100|[from]move: Parting Shot
|-ability|p1a: Mawile|Intimidate|boost
|-unboost|p2a: Lunatone|atk|1
|move|p2a: Lunatone|Power Gem|p1a: Mawile
|-resisted|p1a: Mawile
|-damage|p1a: Mawile|68/100
|
|upkeep
|turn|8
|
|switch|p2a: Silvally|Silvally-Flying|100/100
|move|p1a: Mawile|Stealth Rock|p2a: Silvally
|-sidestart|p2: Standard Ice|move: Stealth Rock
|
|upkeep
|turn|9
|
|switch|p1a: Gothitelle|Gothitelle, F|100/100
|move|p2a: Silvally|Flamethrower|p1a: Gothitelle
|-damage|p1a: Gothitelle|81/100
|
|upkeep
|turn|10
|
|move|p1a: Gothitelle|Psychic|p2a: Silvally
|-damage|p2a: Silvally|58/100
|move|p2a: Silvally|Multi-Attack|p1a: Gothitelle
|-damage|p1a: Gothitelle|14/100
|
|upkeep
|turn|11
|
|move|p1a: Gothitelle|Psychic|p2a: Silvally
|-damage|p2a: Silvally|17/100
|move|p2a: Silvally|Defog|p1a: Gothitelle
|-unboost|p1a: Gothitelle|evasion|1
|-ability|p1a: Gothitelle|Competitive
|-boost|p1a: Gothitelle|spa|2
|-sideend|p2: Standard Ice|Stealth Rock|[from] move: Defog|[of] p2a: Silvally
|
|upkeep
|turn|12
|
|switch|p2a: Bronzor|Bronzor|100/100 slp
|move|p1a: Gothitelle|Psychic|p2a: Bronzor
|-resisted|p2a: Bronzor
|-damage|p2a: Bronzor|89/100 slp
|
|upkeep
|turn|13
|
|switch|p1a: Mawile|Mawile, M|68/100
|-ability|p1a: Mawile|Intimidate|boost
|-unboost|p2a: Bronzor|atk|1
|cant|p2a: Bronzor|slp
|
|upkeep
|turn|14
|
|switch|p2a: Silvally|Silvally-Flying|17/100
|move|p1a: Mawile|Taunt|p2a: Silvally
|-start|p2a: Silvally|move: Taunt
|
|upkeep
|turn|15
|
|switch|p1a: Silvally|Silvally-Dragon|61/100
|move|p2a: Silvally|Flamethrower|p1a: Silvally
|-resisted|p1a: Silvally
|-damage|p1a: Silvally|51/100
|-status|p1a: Silvally|brn
|
|-damage|p1a: Silvally|45/100 brn|[from] brn
|upkeep
|turn|16
|
|switch|p2a: Mr. Mime|Mr. Mime, F|100/100
|move|p1a: Silvally|Flamethrower|p2a: Mr. Mime
|-damage|p2a: Mr. Mime|67/100
|
|-damage|p1a: Silvally|39/100 brn|[from] brn
|upkeep
|turn|17
|
|switch|p1a: Shiinotic|Shiinotic, M|100/100
|move|p2a: Mr. Mime|Dazzling Gleam|p1a: Shiinotic
|-damage|p1a: Shiinotic|61/100
|
|-heal|p1a: Shiinotic|67/100|[from] item: Leftovers
|upkeep
|turn|18
|
|switch|p2a: Bronzor|Bronzor|89/100 slp
|move|p1a: Shiinotic|Thunder Wave||[still]
|-fail|p1a: Shiinotic
|
|-heal|p1a: Shiinotic|74/100|[from] item: Leftovers
|upkeep
|turn|19
|
|switch|p1a: Mawile|Mawile, M|68/100
|-ability|p1a: Mawile|Intimidate|boost
|-unboost|p2a: Bronzor|atk|1
|-curestatus|p2a: Bronzor|slp|[msg]
|move|p2a: Bronzor|Stealth Rock|p1a: Mawile
|-sidestart|p1: salmontest3|move: Stealth Rock
|
|upkeep
|turn|20
|
|switch|p2a: Manectric|Manectric, F|62/100
|move|p1a: Mawile|Stealth Rock|p2a: Manectric
|-sidestart|p2: Standard Ice|move: Stealth Rock
|
|upkeep
|turn|21
|
|switch|p1a: Silvally|Silvally-Dragon|39/100 brn
|-damage|p1a: Silvally|26/100 brn|[from] Stealth Rock
|move|p2a: Manectric|Volt Switch|p1a: Silvally
|-resisted|p1a: Silvally
|-damage|p1a: Silvally|10/100 brn
|
|switch|p2a: Mr. Mime|Mr. Mime, F|67/100|[from]move: Volt Switch
|-damage|p2a: Mr. Mime|55/100|[from] Stealth Rock
|
|-damage|p1a: Silvally|4/100 brn|[from] brn
|upkeep
|turn|22
|
|move|p2a: Mr. Mime|Dazzling Gleam|p1a: Silvally
|-supereffective|p1a: Silvally
|-damage|p1a: Silvally|0 fnt
|faint|p1a: Silvally
|
|upkeep
|
|switch|p1a: Shiinotic|Shiinotic, M|74/100
|-damage|p1a: Shiinotic|61/100|[from] Stealth Rock
|turn|23
|
|switch|p2a: Bronzor|Bronzor|89/100
|-damage|p2a: Bronzor|83/100|[from] Stealth Rock
|move|p1a: Shiinotic|Strength Sap|p2a: Bronzor
|-unboost|p2a: Bronzor|atk|1
|-heal|p1a: Shiinotic|78/100
|
|-heal|p1a: Shiinotic|84/100|[from] item: Leftovers
|upkeep
|turn|24
|
|switch|p1a: Mawile|Mawile, M|68/100
|-damage|p1a: Mawile|62/100|[from] Stealth Rock
|-ability|p1a: Mawile|Intimidate|boost
|-unboost|p2a: Bronzor|atk|1
|switch|p2a: Manectric|Manectric, F|62/100
|-damage|p2a: Manectric|50/100|[from] Stealth Rock
|
|upkeep
|turn|25
|
|switch|p1a: Throh|Throh, M|100/100
|-damage|p1a: Throh|94/100|[from] Stealth Rock
|move|p2a: Manectric|Volt Switch|p1a: Throh
|-damage|p1a: Throh|65/100
|
|switch|p2a: Lunatone|Lunatone|100/100|[from]move: Volt Switch
|-damage|p2a: Lunatone|88/100|[from] Stealth Rock
|
|-status|p1a: Throh|brn|[from] item: Flame Orb
|upkeep
|turn|26
|
|move|p2a: Lunatone|Psyshock|p1a: Throh
|-supereffective|p1a: Throh
|-damage|p1a: Throh|0 fnt
|faint|p1a: Throh
|
|upkeep
|
|switch|p1a: Mawile|Mawile, M|62/100
|-damage|p1a: Mawile|55/100|[from] Stealth Rock
|-ability|p1a: Mawile|Intimidate|boost
|-unboost|p2a: Lunatone|atk|1
|turn|27
|
|move|p2a: Lunatone|Psyshock|p1a: Mawile
|-resisted|p1a: Mawile
|-damage|p1a: Mawile|28/100
|move|p1a: Mawile|Knock Off|p2a: Lunatone
|-supereffective|p2a: Lunatone
|-damage|p2a: Lunatone|26/100
|-enditem|p2a: Lunatone|Choice Specs|[from] move: Knock Off|[of] p1a: Mawile
|
|upkeep
|turn|28
|
|move|p2a: Lunatone|Earth Power|p1a: Mawile
|-supereffective|p1a: Mawile
|-damage|p1a: Mawile|0 fnt
|faint|p1a: Mawile
|
|upkeep
|
|switch|p1a: Gothitelle|Gothitelle, F|14/100
|-damage|p1a: Gothitelle|2/100|[from] Stealth Rock
|turn|29
|
|move|p1a: Gothitelle|Shadow Ball|p2a: Lunatone
|-supereffective|p2a: Lunatone
|-damage|p2a: Lunatone|0 fnt
|faint|p2a: Lunatone
|
|upkeep
|
|switch|p2a: Mr. Mime|Mr. Mime, F|55/100
|-damage|p2a: Mr. Mime|43/100|[from] Stealth Rock
|turn|30
|
|move|p2a: Mr. Mime|Dazzling Gleam|p1a: Gothitelle
|-damage|p1a: Gothitelle|0 fnt
|faint|p1a: Gothitelle
|
|upkeep
|
|switch|p1a: Shiinotic|Shiinotic, M|84/100
|-damage|p1a: Shiinotic|71/100|[from] Stealth Rock
|turn|31
|
|switch|p2a: Bronzor|Bronzor|83/100
|-damage|p2a: Bronzor|77/100|[from] Stealth Rock
|move|p1a: Shiinotic|Moonblast|p2a: Bronzor
|-resisted|p2a: Bronzor
|-damage|p2a: Bronzor|68/100
|-unboost|p2a: Bronzor|spa|1
|
|-heal|p1a: Shiinotic|78/100|[from] item: Leftovers
|upkeep
|turn|32
|
|move|p1a: Shiinotic|Spore|p2a: Bronzor
|-status|p2a: Bronzor|slp|[from] move: Spore
|cant|p2a: Bronzor|slp
|
|-heal|p1a: Shiinotic|84/100|[from] item: Leftovers
|upkeep
|turn|33
|
|switch|p1a: Stonjourner|Stonjourner, F|100/100
|-damage|p1a: Stonjourner|88/100|[from] Stealth Rock
|cant|p2a: Bronzor|slp
|
|upkeep
|turn|34
|
|switch|p2a: Hakamo-o|Hakamo-o, F|100/100
|-damage|p2a: Hakamo-o|94/100|[from] Stealth Rock
|move|p1a: Stonjourner|Rock Polish|p1a: Stonjourner
|-boost|p1a: Stonjourner|spe|2
|
|upkeep
|turn|35
|
|switch|p1a: Shiinotic|Shiinotic, M|84/100
|-damage|p1a: Shiinotic|71/100|[from] Stealth Rock
|move|p2a: Hakamo-o|Dragon Tail|p1a: Shiinotic
|-immune|p1a: Shiinotic
|
|-heal|p1a: Shiinotic|78/100|[from] item: Leftovers
|upkeep
|turn|36
|
|switch|p2a: Bronzor|Bronzor|68/100 slp
|-damage|p2a: Bronzor|62/100 slp|[from] Stealth Rock
|switch|p1a: Stonjourner|Stonjourner, F|88/100
|-damage|p1a: Stonjourner|76/100|[from] Stealth Rock
|
|upkeep
|turn|37
|
|switch|p2a: Hakamo-o|Hakamo-o, F|94/100
|-damage|p2a: Hakamo-o|88/100|[from] Stealth Rock
|move|p1a: Stonjourner|Rock Polish|p1a: Stonjourner
|-boost|p1a: Stonjourner|spe|2
|
|upkeep
|turn|38
|
|move|p1a: Stonjourner|Earthquake|p2a: Hakamo-o
|-damage|p2a: Hakamo-o|53/100
|-damage|p1a: Stonjourner|66/100|[from] item: Life Orb
|move|p2a: Hakamo-o|Dragon Tail|p1a: Stonjourner
|-damage|p1a: Stonjourner|52/100
|drag|p1a: Shiinotic|Shiinotic, M|78/100
|-damage|p1a: Shiinotic|65/100|[from] Stealth Rock
|
|-heal|p1a: Shiinotic|71/100|[from] item: Leftovers
|upkeep
|turn|39
|
|switch|p2a: Bronzor|Bronzor|62/100 slp
|-damage|p2a: Bronzor|56/100 slp|[from] Stealth Rock
|move|p1a: Shiinotic|Moonblast|p2a: Bronzor
|-resisted|p2a: Bronzor
|-damage|p2a: Bronzor|48/100 slp
|-unboost|p2a: Bronzor|spa|1
|
|-heal|p1a: Shiinotic|78/100|[from] item: Leftovers
|upkeep
|turn|40
|
|switch|p1a: Stonjourner|Stonjourner, F|52/100
|-damage|p1a: Stonjourner|40/100|[from] Stealth Rock
|-curestatus|p2a: Bronzor|slp|[msg]
|move|p2a: Bronzor|Toxic|p1a: Stonjourner
|-status|p1a: Stonjourner|tox
|
|-damage|p1a: Stonjourner|34/100 tox|[from] psn
|upkeep
|turn|41
|
|switch|p2a: Hakamo-o|Hakamo-o, F|53/100
|-damage|p2a: Hakamo-o|47/100|[from] Stealth Rock
|move|p1a: Stonjourner|Heat Crash|p2a: Hakamo-o
|-resisted|p2a: Hakamo-o
|-damage|p2a: Hakamo-o|22/100
|-damage|p1a: Stonjourner|24/100 tox|[from] item: Life Orb
|
|-damage|p1a: Stonjourner|12/100 tox|[from] psn
|upkeep
|turn|42
|
|move|p1a: Stonjourner|Heat Crash|p2a: Hakamo-o
|-resisted|p2a: Hakamo-o
|-damage|p2a: Hakamo-o|0 fnt
|-damage|p1a: Stonjourner|2/100 tox|[from] item: Life Orb
|faint|p2a: Hakamo-o
|
|-damage|p1a: Stonjourner|0 fnt|[from] psn
|faint|p1a: Stonjourner
|upkeep
|
|switch|p1a: Shiinotic|Shiinotic, M|78/100
|switch|p2a: Manectric|Manectric, F|50/100
|-damage|p2a: Manectric|38/100|[from] Stealth Rock
|-damage|p1a: Shiinotic|65/100|[from] Stealth Rock
|turn|43
|
|move|p2a: Manectric|Flamethrower|p1a: Shiinotic
|-supereffective|p1a: Shiinotic
|-damage|p1a: Shiinotic|6/100
|move|p1a: Shiinotic|Moonblast|p2a: Manectric
|-damage|p2a: Manectric|0 fnt
|faint|p2a: Manectric
|
|-heal|p1a: Shiinotic|12/100|[from] item: Leftovers
|upkeep
|-message|salmontest3 forfeited.
|
|win|Standard Ice
|l|☆salmontest3
|raw|salmontest3's rating: 1527 &rarr; <strong>1499</strong><br />(-28 for losing)
|raw|Standard Ice's rating: 1382 &rarr; <strong>1410</strong><br />(+28 for winning)
