|raw|<div class="broadcast-blue"><strong>This battle is required to be public due to a player having a name starting with 'pult4c1'.</div>
|j|☆WTRBubble
|j|☆PULT4C1 LW
|t:|1660924367
|gametype|singles
|player|p1|WTRBubble|170|1438
|player|p2|PULT4C1 LW|furisodegirl-black|1594
|teamsize|p1|6
|teamsize|p2|6
|gen|8
|tier|[Gen 8] PU
|rated|
|rule|Sleep Clause Mod: Limit one foe put to sleep
|rule|Species Clause: Limit one of each Pokémon
|rule|OHKO Clause: OHKO moves are banned
|rule|Evasion Items Clause: Evasion items are banned
|rule|Evasion Moves Clause: Evasion moves are banned
|rule|Endless Battle Clause: Forcing endless battles is banned
|rule|HP Percentage Mod: HP is shown in percentages
|rule|Dynamax Clause: You cannot dynamax
|clearpoke
|poke|p1|Gourgeist-*, M|
|poke|p1|Silvally-*|
|poke|p1|Garbodor, M|
|poke|p1|Gigalith, M|
|poke|p1|Lurantis, F|
|poke|p1|Luxray, M|
|poke|p2|Scyther, M|
|poke|p2|Wishiwashi, M|
|poke|p2|Gigalith, M|
|poke|p2|Sandslash, F|
|poke|p2|Absol, M|
|poke|p2|Doublade, M|
|teampreview
|inactive|Battle timer is ON: inactive players will automatically lose when time's up. (requested by PULT4C1 LW)
|
|t:|1660924394
|start
|switch|p1a: Silvally|Silvally-Fairy|100/100
|switch|p2a: Scyther|Scyther, M|100/100
|turn|1
|
|t:|1660924401
|move|p2a: Scyther|U-turn|p1a: Silvally
|-resisted|p1a: Silvally
|-damage|p1a: Silvally|87/100
|j| PULT4C1 Haffling
|
|t:|1660924406
|switch|p2a: Sandslash|Sandslash, F|100/100|[from]move: U-turn
|move|p1a: Silvally|Parting Shot|p2a: Sandslash
|-unboost|p2a: Sandslash|atk|1
|-unboost|p2a: Sandslash|spa|1
|
|t:|1660924413
|switch|p1a: Gourgeist|Gourgeist-Large, M, shiny|100/100|[from]move: Parting Shot
|-item|p2a: Sandslash|Leftovers|[from] ability: Frisk|[of] p1a: Gourgeist|[identify]
|
|upkeep
|turn|2
|
|t:|1660924422
|move|p1a: Gourgeist|Power Whip|p2a: Sandslash
|-supereffective|p2a: Sandslash
|-damage|p2a: Sandslash|21/100
|move|p2a: Sandslash|Knock Off|p1a: Gourgeist
|-supereffective|p1a: Gourgeist
|-damage|p1a: Gourgeist|69/100
|-enditem|p1a: Gourgeist|Spell Tag|[from] move: Knock Off|[of] p2a: Sandslash
|
|-heal|p2a: Sandslash|27/100|[from] item: Leftovers
|upkeep
|turn|3
|
|t:|1660924435
|switch|p2a: Gigalith|Gigalith, M|100/100
|-weather|Sandstorm|[from] ability: Sand Stream|[of] p2a: Gigalith
|move|p1a: Gourgeist|Poltergeist|p2a: Gigalith
|-activate|p2a: Gigalith|move: Poltergeist|Leftovers
|-damage|p2a: Gigalith|63/100
|
|-weather|Sandstorm|[upkeep]
|-damage|p1a: Gourgeist|63/100|[from] Sandstorm
|-heal|p2a: Gigalith|69/100|[from] item: Leftovers
|upkeep
|turn|4
|
|t:|1660924445
|switch|p2a: Scyther|Scyther, M|100/100
|move|p1a: Gourgeist|Power Whip|p2a: Scyther
|-resisted|p2a: Scyther
|-damage|p2a: Scyther|82/100
|
|-weather|Sandstorm|[upkeep]
|-damage|p2a: Scyther|76/100|[from] Sandstorm
|-damage|p1a: Gourgeist|57/100|[from] Sandstorm
|upkeep
|turn|5
|
|t:|1660924465
|switch|p1a: Garbodor|Garbodor, M, shiny|100/100
|move|p2a: Scyther|U-turn|p1a: Garbodor
|-resisted|p1a: Garbodor
|-damage|p1a: Garbodor|87/100
|-damage|p2a: Scyther|60/100|[from] item: Rocky Helmet|[of] p1a: Garbodor
|
|t:|1660924470
|switch|p2a: Sandslash|Sandslash, F|27/100|[from]move: U-turn
|
|-weather|Sandstorm|[upkeep]
|-damage|p1a: Garbodor|81/100|[from] Sandstorm
|-heal|p2a: Sandslash|33/100|[from] item: Leftovers
|upkeep
|turn|6
|j| nuyb salt
|
|t:|1660924477
|move|p2a: Sandslash|Spikes|p1a: Garbodor
|-sidestart|p1: WTRBubble|Spikes
|move|p1a: Garbodor|Toxic|p2a: Sandslash
|-status|p2a: Sandslash|tox
|
|-weather|Sandstorm|[upkeep]
|-damage|p1a: Garbodor|75/100|[from] Sandstorm
|-heal|p2a: Sandslash|39/100 tox|[from] item: Leftovers
|-damage|p2a: Sandslash|33/100 tox|[from] psn
|upkeep
|turn|7
|
|t:|1660924498
|switch|p1a: Silvally|Silvally-Fairy|87/100
|-damage|p1a: Silvally|75/100|[from] Spikes
|move|p2a: Sandslash|Earthquake|p1a: Silvally
|-damage|p1a: Silvally|43/100
|
|-weather|none
|-heal|p2a: Sandslash|39/100 tox|[from] item: Leftovers
|-damage|p2a: Sandslash|27/100 tox|[from] psn
|upkeep
|turn|8
|
|t:|1660924507
|switch|p2a: Doublade|Doublade, M|100/100
|move|p1a: Silvally|Defog|p2a: Doublade
|-unboost|p2a: Doublade|evasion|1
|-sideend|p1: WTRBubble|Spikes|[from] move: Defog|[of] p1a: Silvally
|
|upkeep
|turn|9
|
|t:|1660924517
|switch|p1a: Garbodor|Garbodor, M, shiny|75/100
|move|p2a: Doublade|Iron Head|p1a: Garbodor
|-damage|p1a: Garbodor|51/100
|-damage|p2a: Doublade|84/100|[from] item: Rocky Helmet|[of] p1a: Garbodor
|
|upkeep
|turn|10
|
|t:|1660924531
|switch|p2a: Sandslash|Sandslash, F|27/100 tox
|move|p1a: Garbodor|Spikes|p2a: Sandslash
|-sidestart|p2: PULT4C1 LW|Spikes
|
|-heal|p2a: Sandslash|33/100 tox|[from] item: Leftovers
|-damage|p2a: Sandslash|27/100 tox|[from] psn
|upkeep
|turn|11
|
|t:|1660924540
|move|p1a: Garbodor|Stomping Tantrum|p2a: Sandslash
|-damage|p2a: Sandslash|15/100 tox
|move|p2a: Sandslash|Spikes|p1a: Garbodor
|-sidestart|p1: WTRBubble|Spikes
|
|-heal|p2a: Sandslash|21/100 tox|[from] item: Leftovers
|-damage|p2a: Sandslash|9/100 tox|[from] psn
|upkeep
|turn|12
|
|t:|1660924548
|switch|p2a: Wishiwashi|Wishiwashi, M|100/100
|-damage|p2a: Wishiwashi|88/100|[from] Spikes
|-formechange|p2a: Wishiwashi|Wishiwashi-School||[from] ability: Schooling
|move|p1a: Garbodor|Stomping Tantrum|p2a: Wishiwashi
|-damage|p2a: Wishiwashi|77/100
|
|-heal|p2a: Wishiwashi|83/100|[from] item: Leftovers
|upkeep
|turn|13
|
|t:|1660924557
|switch|p1a: Lurantis|Lurantis, F|100/100
|-damage|p1a: Lurantis|88/100|[from] Spikes
|move|p2a: Wishiwashi|Scald|p1a: Lurantis
|-resisted|p1a: Lurantis
|-damage|p1a: Lurantis|77/100
|
|-heal|p2a: Wishiwashi|90/100|[from] item: Leftovers
|upkeep
|turn|14
|
|t:|1660924569
|move|p1a: Lurantis|Knock Off|p2a: Wishiwashi
|-damage|p2a: Wishiwashi|73/100
|-enditem|p2a: Wishiwashi|Leftovers|[from] move: Knock Off|[of] p1a: Lurantis
|move|p2a: Wishiwashi|U-turn|p1a: Lurantis
|-supereffective|p1a: Lurantis
|-damage|p1a: Lurantis|39/100
|j| xskelly34
|l| nuyb salt
|
|t:|1660924575
|switch|p2a: Absol|Absol, M|100/100|[from]move: U-turn
|-damage|p2a: Absol|88/100|[from] Spikes
|
|upkeep
|turn|15
|
|t:|1660924589
|move|p2a: Absol|Knock Off|p1a: Lurantis
|-crit|p1a: Lurantis
|-damage|p1a: Lurantis|0 fnt
|-enditem|p1a: Lurantis|Assault Vest|[from] move: Knock Off|[of] p2a: Absol
|faint|p1a: Lurantis
|
|upkeep
|
|t:|1660924607
|switch|p1a: Silvally|Silvally-Fairy|43/100
|-damage|p1a: Silvally|30/100|[from] Spikes
|turn|16
|
|t:|1660924618
|switch|p2a: Doublade|Doublade, M|84/100
|-damage|p2a: Doublade|72/100|[from] Spikes
|move|p1a: Silvally|Multi-Attack|p2a: Doublade
|-resisted|p2a: Doublade
|-damage|p2a: Doublade|60/100
|
|upkeep
|turn|17
|
|t:|1660924626
|switch|p1a: Garbodor|Garbodor, M, shiny|51/100
|-damage|p1a: Garbodor|39/100|[from] Spikes
|move|p2a: Doublade|Iron Head|p1a: Garbodor
|-damage|p1a: Garbodor|14/100
|-damage|p2a: Doublade|43/100|[from] item: Rocky Helmet|[of] p1a: Garbodor
|
|upkeep
|turn|18
|
|t:|1660924633
|move|p1a: Garbodor|Spikes|p2a: Doublade
|-sidestart|p2: PULT4C1 LW|Spikes
|move|p2a: Doublade|Rest|p2a: Doublade
|-status|p2a: Doublade|slp|[from] move: Rest
|-heal|p2a: Doublade|100/100 slp|[silent]
|
|upkeep
|turn|19
|j| KyodonTM
|j| Axeward
|
|t:|1660924639
|switch|p2a: Scyther|Scyther, M|60/100
|move|p1a: Garbodor|Stomping Tantrum|p2a: Scyther
|-immune|p2a: Scyther
|
|upkeep
|turn|20
|
|t:|1660924648
|switch|p2a: Sandslash|Sandslash, F|9/100 tox
|-damage|p2a: Sandslash|0 fnt|[from] Spikes
|faint|p2a: Sandslash
|move|p1a: Garbodor|Gunk Shot|p2: Sandslash|[notarget]
|-fail|p1a: Garbodor
|
|upkeep
|
|t:|1660924653
|switch|p2a: Absol|Absol, M|88/100
|-damage|p2a: Absol|72/100|[from] Spikes
|turn|21
|
|t:|1660924658
|move|p2a: Absol|Knock Off|p1a: Garbodor
|-crit|p1a: Garbodor
|-damage|p1a: Garbodor|0 fnt
|-damage|p2a: Absol|47/100|[from] ability: Aftermath|[of] p1a: Garbodor
|-damage|p2a: Absol|30/100|[from] item: Rocky Helmet|[of] p1a: Garbodor
|-enditem|p1a: Garbodor|Rocky Helmet|[from] move: Knock Off|[of] p2a: Absol
|faint|p1a: Garbodor
|
|upkeep
|
|t:|1660924668
|switch|p1a: Luxray|Luxray, M, shiny|100/100
|-damage|p1a: Luxray|88/100|[from] Spikes
|-ability|p1a: Luxray|Intimidate|boost
|-unboost|p2a: Absol|atk|1
|turn|22
|
|t:|1660924675
|move|p1a: Luxray|Volt Switch|p2a: Absol
|-damage|p2a: Absol|0 fnt
|faint|p2a: Absol
|
|t:|1660924692
|switch|p1a: Gigalith|Gigalith, M, shiny|100/100|[from]move: Volt Switch
|-damage|p1a: Gigalith|88/100|[from] Spikes
|-weather|Sandstorm|[from] ability: Sand Stream|[of] p1a: Gigalith
|
|-weather|Sandstorm|[upkeep]
|-heal|p1a: Gigalith|94/100|[from] item: Leftovers
|upkeep
|j| joey milktank
|
|t:|1660924700
|switch|p2a: Doublade|Doublade, M|100/100 slp
|-damage|p2a: Doublade|84/100 slp|[from] Spikes
|turn|23
|
|t:|1660924704
|cant|p2a: Doublade|slp
|move|p2a: Doublade|Sleep Talk|p2a: Doublade
|move|p2a: Doublade|Rest||[from]move: Sleep Talk|[still]
|-fail|p2a: Doublade
|move|p1a: Gigalith|Earthquake|p2a: Doublade
|-supereffective|p2a: Doublade
|-damage|p2a: Doublade|55/100 slp
|
|-weather|Sandstorm|[upkeep]
|-heal|p1a: Gigalith|100/100|[from] item: Leftovers
|upkeep
|turn|24
|
|t:|1660924714
|cant|p2a: Doublade|slp
|move|p2a: Doublade|Sleep Talk|p2a: Doublade
|move|p2a: Doublade|Toxic|p1a: Gigalith|[from]move: Sleep Talk
|-status|p1a: Gigalith|tox
|move|p1a: Gigalith|Earthquake|p2a: Doublade
|-supereffective|p2a: Doublade
|-damage|p2a: Doublade|27/100 slp
|
|-weather|Sandstorm|[upkeep]
|-damage|p1a: Gigalith|94/100 tox|[from] psn
|upkeep
|turn|25
|
|t:|1660924724
|-curestatus|p2a: Doublade|slp|[msg]
|move|p2a: Doublade|Rest|p2a: Doublade
|-status|p2a: Doublade|slp|[from] move: Rest
|-heal|p2a: Doublade|100/100 slp|[silent]
|move|p1a: Gigalith|Earthquake|p2a: Doublade
|-supereffective|p2a: Doublade
|-damage|p2a: Doublade|73/100 slp
|
|-weather|Sandstorm|[upkeep]
|-heal|p1a: Gigalith|100/100 tox|[from] item: Leftovers
|-damage|p1a: Gigalith|88/100 tox|[from] psn
|upkeep
|turn|26
|
|t:|1660924736
|cant|p2a: Doublade|slp
|move|p2a: Doublade|Sleep Talk|p2a: Doublade
|move|p2a: Doublade|Rest||[from]move: Sleep Talk|[still]
|-fail|p2a: Doublade
|move|p1a: Gigalith|Stealth Rock|p2a: Doublade
|-sidestart|p2: PULT4C1 LW|move: Stealth Rock
|
|-weather|none
|-heal|p1a: Gigalith|94/100 tox|[from] item: Leftovers
|-damage|p1a: Gigalith|76/100 tox|[from] psn
|upkeep
|turn|27
|
|t:|1660924747
|switch|p1a: Gourgeist|Gourgeist-Large, M, shiny|57/100
|-damage|p1a: Gourgeist|44/100|[from] Spikes
|-item|p2a: Doublade|Eviolite|[from] ability: Frisk|[of] p1a: Gourgeist|[identify]
|cant|p2a: Doublade|slp
|move|p2a: Doublade|Sleep Talk|p2a: Doublade
|move|p2a: Doublade|Iron Head|p1a: Gourgeist|[from]move: Sleep Talk
|-damage|p1a: Gourgeist|17/100
|
|upkeep
|turn|28
|
|t:|1660924757
|move|p1a: Gourgeist|Synthesis|p1a: Gourgeist
|-heal|p1a: Gourgeist|67/100
|-curestatus|p2a: Doublade|slp|[msg]
|move|p2a: Doublade|Iron Head|p1a: Gourgeist
|-damage|p1a: Gourgeist|39/100
|
|upkeep
|turn|29
|
|t:|1660924763
|move|p1a: Gourgeist|Poltergeist|p2a: Doublade
|-activate|p2a: Doublade|move: Poltergeist|Eviolite
|-supereffective|p2a: Doublade
|-damage|p2a: Doublade|18/100
|move|p2a: Doublade|Toxic|p1a: Gourgeist
|-status|p1a: Gourgeist|tox
|
|-damage|p1a: Gourgeist|33/100 tox|[from] psn
|upkeep
|turn|30
|
|t:|1660924772
|move|p1a: Gourgeist|Poltergeist|p2a: Doublade
|-activate|p2a: Doublade|move: Poltergeist|Eviolite
|-supereffective|p2a: Doublade
|-damage|p2a: Doublade|0 fnt
|faint|p2a: Doublade
|
|-damage|p1a: Gourgeist|20/100 tox|[from] psn
|upkeep
|
|t:|1660924774
|switch|p2a: Scyther|Scyther, M|60/100
|turn|31
|
|t:|1660924788
|switch|p1a: Silvally|Silvally-Fairy|30/100
|-damage|p1a: Silvally|18/100|[from] Spikes
|move|p2a: Scyther|Roost|p2a: Scyther
|-heal|p2a: Scyther|100/100
|-singleturn|p2a: Scyther|move: Roost
|
|upkeep
|turn|32
|
|t:|1660924800
|move|p2a: Scyther|Dual Wingbeat|p1a: Silvally
|-damage|p1a: Silvally|0 fnt
|faint|p1a: Silvally
|-hitcount|p1: Silvally|1
|
|upkeep
|
|t:|1660924809
|switch|p1a: Luxray|Luxray, M, shiny|88/100
|-damage|p1a: Luxray|76/100|[from] Spikes
|-ability|p1a: Luxray|Intimidate|boost
|-unboost|p2a: Scyther|atk|1
|turn|33
|
|t:|1660924822
|switch|p2a: Gigalith|Gigalith, M|69/100
|-damage|p2a: Gigalith|53/100|[from] Spikes
|-damage|p2a: Gigalith|41/100|[from] Stealth Rock
|-weather|Sandstorm|[from] ability: Sand Stream|[of] p2a: Gigalith
|move|p1a: Luxray|Wild Charge|p2a: Gigalith
|-damage|p2a: Gigalith|9/100
|-damage|p1a: Luxray|66/100|[from] Recoil
|
|-weather|Sandstorm|[upkeep]
|-damage|p1a: Luxray|60/100|[from] Sandstorm
|-heal|p2a: Gigalith|15/100|[from] item: Leftovers
|upkeep
|turn|34
|
|t:|1660924834
|move|p2a: Gigalith|Protect|p2a: Gigalith
|-singleturn|p2a: Gigalith|Protect
|move|p1a: Luxray|Wild Charge|p2a: Gigalith
|-activate|p2a: Gigalith|move: Protect
|
|-weather|Sandstorm|[upkeep]
|-damage|p1a: Luxray|54/100|[from] Sandstorm
|-heal|p2a: Gigalith|21/100|[from] item: Leftovers
|upkeep
|turn|35
|
|t:|1660924844
|move|p1a: Luxray|Wild Charge|p2a: Gigalith
|-damage|p2a: Gigalith|0 fnt
|faint|p2a: Gigalith
|-damage|p1a: Luxray|48/100|[from] Recoil
|
|-weather|Sandstorm|[upkeep]
|-damage|p1a: Luxray|42/100|[from] Sandstorm
|upkeep
|
|t:|1660924852
|switch|p2a: Scyther|Scyther, M|100/100
|turn|36
|
|t:|1660924855
|move|p1a: Luxray|Wild Charge|p2a: Scyther
|-supereffective|p2a: Scyther
|-damage|p2a: Scyther|0 fnt
|faint|p2a: Scyther
|-damage|p1a: Luxray|18/100|[from] Recoil
|
|-weather|Sandstorm|[upkeep]
|-damage|p1a: Luxray|12/100|[from] Sandstorm
|upkeep
|c|☆WTRBubble|gg
|c|☆PULT4C1 LW|na
|-message|PULT4C1 LW forfeited.
|
|win|WTRBubble
|raw|WTRBubble's rating: 1438 &rarr; <strong>1466</strong><br />(+28 for winning)
|raw|PULT4C1 LW's rating: 1594 &rarr; <strong>1566</strong><br />(-28 for losing)
|l|☆PULT4C1 LW
|c|☆WTRBubble|Ya
|l| KyodonTM
|l| joey milktank
|l| Axeward
||Ladder isn't responding, score probably updated but might not have (Request timeout).
|l| xskelly34
|l| PULT4C1 Haffling
