|j|☆Karrakarra
|j|☆YgorZephyr
|player|p1|Karrakarra|saturn|1473
|player|p2|YgorZephyr|waitress-gen4|1317
|teamsize|p1|6
|teamsize|p2|6
|gametype|singles
|gen|8
|tier|[Gen 8] PU
|rated|
|clearpoke
|poke|p1|Vespiquen, F|
|poke|p1|Mawile, F|
|poke|p1|Whiscash, M|
|poke|p1|Raichu, M|
|poke|p1|Liepard, F|
|poke|p1|Glaceon, F|
|poke|p2|Whiscash, F|
|poke|p2|Carkol, F|
|poke|p2|Mawile, F|
|poke|p2|Dusknoir, F|
|poke|p2|Manectric, F|
|poke|p2|Noctowl, F|
|rule|Sleep Clause Mod: Limit one foe put to sleep
|rule|Species Clause: Limit one of each Pokémon
|rule|OHKO Clause: OHKO moves are banned
|rule|Evasion Moves Clause: Evasion moves are banned
|rule|Endless Battle Clause: Forcing endless battles is banned
|rule|HP Percentage Mod: HP is shown in percentages
|rule|Dynamax Clause: You cannot dynamax
|teampreview
|
|start
|switch|p1a: Glaceon|Glaceon, F|100/100
|switch|p2a: Mawile|Mawile, F|100/100
|-ability|p2a: Mawile|Intimidate|boost
|-unboost|p1a: Glaceon|atk|1
|turn|1
|
|move|p1a: Glaceon|Freeze-Dry|p2a: Mawile
|-resisted|p2a: Mawile
|-damage|p2a: Mawile|74/100
|move|p2a: Mawile|Stealth Rock|p1a: Glaceon
|-sidestart|p1: Karrakarra|move: Stealth Rock
|
|-heal|p2a: Mawile|80/100|[from] item: Leftovers
|upkeep
|turn|2
|
|move|p1a: Glaceon|Freeze-Dry|p2a: Mawile
|-resisted|p2a: Mawile
|-damage|p2a: Mawile|54/100
|move|p2a: Mawile|Toxic|p1a: Glaceon
|-status|p1a: Glaceon|tox
|
|-heal|p2a: Mawile|60/100|[from] item: Leftovers
|-damage|p1a: Glaceon|94/100 tox|[from] psn
|upkeep
|turn|3
|
|switch|p2a: Carkol|Carkol, F|100/100
|move|p1a: Glaceon|Freeze-Dry|p2a: Carkol
|-resisted|p2a: Carkol
|-damage|p2a: Carkol|91/100
|
|-heal|p1a: Glaceon|100/100 tox|[from] item: Leftovers
|-damage|p1a: Glaceon|88/100 tox|[from] psn
|upkeep
|turn|4
|
|move|p1a: Glaceon|Toxic|p2a: Carkol|[miss]
|-miss|p1a: Glaceon|p2a: Carkol
|move|p2a: Carkol|Spikes|p1a: Glaceon
|-sidestart|p1: Karrakarra|Spikes
|
|-heal|p1a: Glaceon|94/100 tox|[from] item: Leftovers
|-damage|p1a: Glaceon|76/100 tox|[from] psn
|upkeep
|turn|5
|
|move|p1a: Glaceon|Toxic|p2a: Carkol
|-status|p2a: Carkol|tox
|move|p2a: Carkol|Rapid Spin|p1a: Glaceon
|-damage|p1a: Glaceon|69/100 tox
|-boost|p2a: Carkol|spe|1
|
|-heal|p1a: Glaceon|75/100 tox|[from] item: Leftovers
|-damage|p2a: Carkol|85/100 tox|[from] psn
|-damage|p1a: Glaceon|51/100 tox|[from] psn
|upkeep
|turn|6
|
|switch|p1a: Whiscash|Whiscash, M|100/100
|-damage|p1a: Whiscash|88/100|[from] Spikes
|-damage|p1a: Whiscash|82/100|[from] Stealth Rock
|move|p2a: Carkol|Flamethrower|p1a: Whiscash
|-resisted|p1a: Whiscash
|-damage|p1a: Whiscash|72/100
|
|-heal|p1a: Whiscash|78/100|[from] item: Leftovers
|-damage|p2a: Carkol|73/100 tox|[from] psn
|upkeep
|turn|7
|
|switch|p2a: Dusknoir|Dusknoir, F|100/100
|-ability|p2a: Dusknoir|Pressure
|move|p1a: Whiscash|Scald|p2a: Dusknoir
|-damage|p2a: Dusknoir|80/100
|-status|p2a: Dusknoir|brn
|
|-heal|p1a: Whiscash|84/100|[from] item: Leftovers
|-heal|p2a: Dusknoir|86/100 brn|[from] item: Leftovers
|-damage|p2a: Dusknoir|80/100 brn|[from] brn
|upkeep
|turn|8
|
|switch|p1a: Vespiquen|Vespiquen, F|100/100
|-ability|p1a: Vespiquen|Unnerve|p2: YgorZephyr
|move|p2a: Dusknoir|Will-O-Wisp|p1a: Vespiquen|[miss]
|-miss|p2a: Dusknoir|p1a: Vespiquen
|
|-heal|p2a: Dusknoir|86/100 brn|[from] item: Leftovers
|-damage|p2a: Dusknoir|80/100 brn|[from] brn
|upkeep
|turn|9
|
|move|p2a: Dusknoir|Will-O-Wisp|p1a: Vespiquen
|-status|p1a: Vespiquen|brn
|move|p1a: Vespiquen|Defog|p2a: Dusknoir
|-unboost|p2a: Dusknoir|evasion|1
|-sideend|p1: Karrakarra|Spikes|[from] move: Defog|[of] p1a: Vespiquen
|-sideend|p1: Karrakarra|Stealth Rock|[from] move: Defog|[of] p1a: Vespiquen
|
|-heal|p2a: Dusknoir|86/100 brn|[from] item: Leftovers
|-damage|p2a: Dusknoir|80/100 brn|[from] brn
|-damage|p1a: Vespiquen|94/100 brn|[from] brn
|upkeep
|turn|10
|
|switch|p2a: Carkol|Carkol, F|73/100 tox
|move|p1a: Vespiquen|U-turn|p2a: Carkol
|-resisted|p2a: Carkol
|-damage|p2a: Carkol|70/100 tox
|
|switch|p1a: Raichu|Raichu, M, shiny|100/100|[from]move: U-turn
|
|-damage|p2a: Carkol|64/100 tox|[from] psn
|upkeep
|turn|11
|
|switch|p2a: Noctowl|Noctowl, F|100/100
|move|p1a: Raichu|Surf|p2a: Noctowl
|-damage|p2a: Noctowl|66/100
|-damage|p1a: Raichu|91/100|[from] item: Life Orb
|
|upkeep
|turn|12
|
|move|p2a: Noctowl|Hurricane|p1a: Raichu
|-resisted|p1a: Raichu
|-crit|p1a: Raichu
|-damage|p1a: Raichu|0 fnt
|faint|p1a: Raichu
|
|upkeep
|
|switch|p1a: Glaceon|Glaceon, F|51/100 tox
|turn|13
|
|switch|p2a: Mawile|Mawile, F|60/100
|-ability|p2a: Mawile|Intimidate|boost
|-unboost|p1a: Glaceon|atk|1
|move|p1a: Glaceon|Freeze-Dry|p2a: Mawile
|-resisted|p2a: Mawile
|-damage|p2a: Mawile|32/100
|
|-heal|p1a: Glaceon|57/100 tox|[from] item: Leftovers
|-heal|p2a: Mawile|38/100|[from] item: Leftovers
|-damage|p1a: Glaceon|51/100 tox|[from] psn
|upkeep
|turn|14
|
|switch|p1a: Mawile|Mawile, F|100/100
|move|p2a: Mawile|Stealth Rock|p1a: Mawile
|-sidestart|p1: Karrakarra|move: Stealth Rock
|
|-heal|p2a: Mawile|44/100|[from] item: Leftovers
|upkeep
|turn|15
|
|switch|p2a: Carkol|Carkol, F|64/100 tox
|move|p1a: Mawile|Swords Dance|p1a: Mawile
|-boost|p1a: Mawile|atk|2
|
|-damage|p2a: Carkol|58/100 tox|[from] psn
|upkeep
|turn|16
|
|move|p1a: Mawile|Iron Head|p2a: Carkol
|-damage|p2a: Carkol|0 fnt
|faint|p2a: Carkol
|
|upkeep
|
|switch|p2a: Whiscash|Whiscash, F|100/100
|turn|17
|
|switch|p1a: Vespiquen|Vespiquen, F|94/100 brn
|-ability|p1a: Vespiquen|Unnerve|p2: YgorZephyr
|move|p2a: Whiscash|Earthquake|p1a: Vespiquen
|-immune|p1a: Vespiquen
|
|-damage|p1a: Vespiquen|88/100 brn|[from] brn
|upkeep
|turn|18
|
|move|p2a: Whiscash|Dragon Dance|p2a: Whiscash
|-boost|p2a: Whiscash|atk|1
|-boost|p2a: Whiscash|spe|1
|move|p1a: Vespiquen|Defog|p2a: Whiscash
|-unboost|p2a: Whiscash|evasion|1
|-sideend|p1: Karrakarra|Stealth Rock|[from] move: Defog|[of] p1a: Vespiquen
|
|-damage|p1a: Vespiquen|82/100 brn|[from] brn
|upkeep
|turn|19
|
|move|p2a: Whiscash|Bounce||[still]
|-prepare|p2a: Whiscash|Bounce|p1a: Vespiquen
|-enditem|p2a: Whiscash|Power Herb
|-anim|p2a: Whiscash|Bounce|p1a: Vespiquen
|-supereffective|p1a: Vespiquen
|-damage|p1a: Vespiquen|30/100 brn
|move|p1a: Vespiquen|U-turn|p2a: Whiscash
|-damage|p2a: Whiscash|88/100
|
|switch|p1a: Glaceon|Glaceon, F|51/100 tox|[from]move: U-turn
|
|-heal|p1a: Glaceon|57/100 tox|[from] item: Leftovers
|-damage|p1a: Glaceon|51/100 tox|[from] psn
|upkeep
|turn|20
|
|move|p2a: Whiscash|Earthquake|p1a: Glaceon
|-damage|p1a: Glaceon|0 fnt
|faint|p1a: Glaceon
|
|upkeep
|
|switch|p1a: Whiscash|Whiscash, M|84/100
|turn|21
|
|move|p2a: Whiscash|Earthquake|p1a: Whiscash
|-crit|p1a: Whiscash
|-damage|p1a: Whiscash|24/100
|move|p1a: Whiscash|Toxic|p2a: Whiscash
|-status|p2a: Whiscash|tox
|
|-heal|p1a: Whiscash|30/100|[from] item: Leftovers
|-damage|p2a: Whiscash|82/100 tox|[from] psn
|upkeep
|turn|22
|
|move|p1a: Whiscash|Protect|p1a: Whiscash
|-singleturn|p1a: Whiscash|Protect
|move|p2a: Whiscash|Earthquake|p1a: Whiscash
|-activate|p1a: Whiscash|move: Protect
|
|-heal|p1a: Whiscash|36/100|[from] item: Leftovers
|-damage|p2a: Whiscash|69/100 tox|[from] psn
|upkeep
|turn|23
|
|switch|p1a: Vespiquen|Vespiquen, F|30/100 brn
|-ability|p1a: Vespiquen|Unnerve|p2: YgorZephyr
|move|p2a: Whiscash|Earthquake|p1a: Vespiquen
|-immune|p1a: Vespiquen
|
|-damage|p2a: Whiscash|51/100 tox|[from] psn
|-damage|p1a: Vespiquen|24/100 brn|[from] brn
|upkeep
|turn|24
|
|move|p2a: Whiscash|Liquidation|p1a: Vespiquen
|-damage|p1a: Vespiquen|0 fnt
|faint|p1a: Vespiquen
|
|-damage|p2a: Whiscash|27/100 tox|[from] psn
|upkeep
|
|switch|p1a: Liepard|Liepard, F|100/100
|turn|25
|
|move|p1a: Liepard|Sucker Punch|p2a: Whiscash
|-damage|p2a: Whiscash|0 fnt
|faint|p2a: Whiscash
|
|upkeep
|
|switch|p2a: Mawile|Mawile, F|44/100
|-ability|p2a: Mawile|Intimidate|boost
|-unboost|p1a: Liepard|atk|1
|turn|26
|
|move|p1a: Liepard|U-turn|p2a: Mawile
|-resisted|p2a: Mawile
|-damage|p2a: Mawile|41/100
|
|switch|p1a: Mawile|Mawile, F|100/100|[from]move: U-turn
|move|p2a: Mawile|Stealth Rock|p1a: Mawile
|-sidestart|p1: Karrakarra|move: Stealth Rock
|
|-heal|p2a: Mawile|47/100|[from] item: Leftovers
|upkeep
|turn|27
|
|move|p1a: Mawile|Iron Head|p2a: Mawile
|-damage|p2a: Mawile|0 fnt
|faint|p2a: Mawile
|
|upkeep
|
|switch|p2a: Manectric|Manectric, F|100/100
|turn|28
|
|switch|p2a: Noctowl|Noctowl, F|66/100
|switch|p1a: Whiscash|Whiscash, M|36/100
|-damage|p1a: Whiscash|30/100|[from] Stealth Rock
|
|-heal|p1a: Whiscash|36/100|[from] item: Leftovers
|upkeep
|turn|29
|
|move|p1a: Whiscash|Protect|p1a: Whiscash
|-singleturn|p1a: Whiscash|Protect
|move|p2a: Noctowl|Hurricane|p1a: Whiscash
|-activate|p1a: Whiscash|move: Protect
|
|-heal|p1a: Whiscash|42/100|[from] item: Leftovers
|upkeep
|turn|30
|
|switch|p1a: Mawile|Mawile, F|100/100
|-damage|p1a: Mawile|94/100|[from] Stealth Rock
|move|p2a: Noctowl|Hurricane|p1a: Mawile
|-resisted|p1a: Mawile
|-damage|p1a: Mawile|0 fnt
|faint|p1a: Mawile
|
|upkeep
|
|switch|p1a: Liepard|Liepard, F|100/100
|-damage|p1a: Liepard|88/100|[from] Stealth Rock
|turn|31
|
|switch|p2a: Dusknoir|Dusknoir, F|80/100 brn
|-ability|p2a: Dusknoir|Pressure
|move|p1a: Liepard|Knock Off|p2a: Dusknoir
|-supereffective|p2a: Dusknoir
|-damage|p2a: Dusknoir|14/100 brn
|-enditem|p2a: Dusknoir|Leftovers|[from] move: Knock Off|[of] p1a: Liepard
|
|-damage|p2a: Dusknoir|8/100 brn|[from] brn
|upkeep
|turn|32
|
|move|p1a: Liepard|Knock Off|p2a: Dusknoir
|-supereffective|p2a: Dusknoir
|-damage|p2a: Dusknoir|0 fnt
|faint|p2a: Dusknoir
|
|upkeep
|
|switch|p2a: Manectric|Manectric, F|100/100
|turn|33
|
|move|p1a: Liepard|U-turn|p2a: Manectric
|-damage|p2a: Manectric|69/100
|
|switch|p1a: Whiscash|Whiscash, M|42/100|[from]move: U-turn
|-damage|p1a: Whiscash|36/100|[from] Stealth Rock
|move|p2a: Manectric|Switcheroo|p1a: Whiscash
|-activate|p2a: Manectric|move: Trick|[of] p1a: Whiscash
|-item|p1a: Whiscash|Choice Specs|[from] move: Switcheroo
|-item|p2a: Manectric|Leftovers|[from] move: Switcheroo
|
|-heal|p2a: Manectric|75/100|[from] item: Leftovers
|upkeep
|turn|34
|
|move|p2a: Manectric|Overheat|p1a: Whiscash
|-resisted|p1a: Whiscash
|-damage|p1a: Whiscash|16/100
|-unboost|p2a: Manectric|spa|2
|move|p1a: Whiscash|Scald|p2a: Manectric
|-damage|p2a: Manectric|13/100
|
|-heal|p2a: Manectric|19/100|[from] item: Leftovers
|upkeep
|turn|35
|
|switch|p2a: Noctowl|Noctowl, F|66/100
|move|p1a: Whiscash|Scald|p2a: Noctowl
|-damage|p2a: Noctowl|32/100
|-status|p2a: Noctowl|brn
|
|-damage|p2a: Noctowl|26/100 brn|[from] brn
|upkeep
|turn|36
|
|move|p2a: Noctowl|Hyper Voice|p1a: Whiscash
|-damage|p1a: Whiscash|0 fnt
|faint|p1a: Whiscash
|
|-damage|p2a: Noctowl|20/100 brn|[from] brn
|upkeep
|
|switch|p1a: Liepard|Liepard, F|88/100
|-damage|p1a: Liepard|76/100|[from] Stealth Rock
|turn|37
|
|switch|p2a: Manectric|Manectric, F|19/100
|move|p1a: Liepard|Sucker Punch||[still]
|-fail|p1a: Liepard
|
|-heal|p2a: Manectric|25/100|[from] item: Leftovers
|upkeep
|turn|38
|
|move|p1a: Liepard|Knock Off|p2a: Manectric
|-crit|p2a: Manectric
|-damage|p2a: Manectric|0 fnt
|-enditem|p2a: Manectric|Leftovers|[from] move: Knock Off|[of] p1a: Liepard
|faint|p2a: Manectric
|
|upkeep
|
|switch|p2a: Noctowl|Noctowl, F|20/100 brn
|turn|39
|
|move|p1a: Liepard|Sucker Punch|p2a: Noctowl
|-damage|p2a: Noctowl|0 fnt
|faint|p2a: Noctowl
|
|win|Karrakarra
|l|☆YgorZephyr
