|j|☆Garglesoc
|j|☆Testpu12
|t:|1610278391
|player|p1|Garglesoc|266|1642
|player|p2|Testpu12|dawn|1327
|teamsize|p1|6
|teamsize|p2|6
|gametype|singles
|gen|8
|tier|[Gen 8] PU
|rated|
|clearpoke
|poke|p1|Regirock|
|poke|p1|Togedemaru, M|
|poke|p1|Ribombee, F|
|poke|p1|Passimian, F|
|poke|p1|Charizard, F|
|poke|p1|Roserade, F|
|poke|p2|Klinklang|
|poke|p2|Golbat, M|
|poke|p2|Thievul, F|
|poke|p2|Poliwrath, F|
|poke|p2|Piloswine, M|
|poke|p2|Coalossal, M|
|rule|Sleep Clause Mod: Limit one foe put to sleep
|rule|Species Clause: Limit one of each Pokémon
|rule|OHKO Clause: OHKO moves are banned
|rule|Evasion Moves Clause: Evasion moves are banned
|rule|Endless Battle Clause: Forcing endless battles is banned
|rule|HP Percentage Mod: HP is shown in percentages
|rule|Dynamax Clause: You cannot dynamax
|teampreview
|inactive|Battle timer is ON: inactive players will automatically lose when time's up. (requested by Garglesoc)
|
|t:|1610278410
|start
|switch|p1a: Passimian|Passimian, F|100/100
|switch|p2a: Thievul|Thievul, F|100/100
|turn|1
|
|t:|1610278422
|switch|p2a: Golbat|Golbat, M|100/100
|move|p1a: Passimian|U-turn|p2a: Golbat
|-resisted|p2a: Golbat
|-damage|p2a: Golbat|97/100
|
|t:|1610278435
|switch|p1a: Togedemaru|Togedemaru, M|100/100|[from]move: U-turn
|
|upkeep
|turn|2
|
|t:|1610278442
|switch|p2a: Coalossal|Coalossal, M|100/100
|move|p1a: Togedemaru|Iron Head|p2a: Coalossal
|-crit|p2a: Coalossal
|-damage|p2a: Coalossal|71/100
|
|upkeep
|turn|3
|
|t:|1610278457
|switch|p1a: Charizard|Charizard, F|100/100
|move|p2a: Coalossal|Spikes|p1a: Charizard
|-sidestart|p1: Garglesoc|Spikes
|
|upkeep
|turn|4
|
|t:|1610278460
|move|p1a: Charizard|Toxic|p2a: Coalossal
|-status|p2a: Coalossal|tox
|move|p2a: Coalossal|Rock Blast|p1a: Charizard
|-supereffective|p1a: Charizard
|-damage|p1a: Charizard|66/100
|-supereffective|p1a: Charizard
|-damage|p1a: Charizard|31/100
|-supereffective|p1a: Charizard
|-damage|p1a: Charizard|0 fnt
|-hitcount|p1a: Charizard|3
|faint|p1a: Charizard
|
|-damage|p2a: Coalossal|65/100 tox|[from] psn
|upkeep
|
|t:|1610278485
|switch|p1a: Passimian|Passimian, F|100/100
|-damage|p1a: Passimian|88/100|[from] Spikes
|turn|5
|
|t:|1610278504
|switch|p2a: Golbat|Golbat, M|97/100
|move|p1a: Passimian|Knock Off|p2a: Golbat
|-damage|p2a: Golbat|77/100
|-enditem|p2a: Golbat|Eviolite|[from] move: Knock Off|[of] p1a: Passimian
|
|upkeep
|turn|6
|
|t:|1610278516
|switch|p1a: Togedemaru|Togedemaru, M|100/100
|-damage|p1a: Togedemaru|88/100|[from] Spikes
|switch|p2a: Piloswine|Piloswine, M|100/100
|
|-heal|p1a: Togedemaru|94/100|[from] item: Leftovers
|upkeep
|turn|7
|
|t:|1610278525
|move|p1a: Togedemaru|U-turn|p2a: Piloswine
|-damage|p2a: Piloswine|90/100
|
|t:|1610278527
|switch|p1a: Passimian|Passimian, F|88/100|[from]move: U-turn
|-damage|p1a: Passimian|76/100|[from] Spikes
|move|p2a: Piloswine|Earthquake|p1a: Passimian
|-damage|p1a: Passimian|22/100
|
|upkeep
|turn|8
|
|t:|1610278536
|move|p2a: Piloswine|Ice Shard|p1a: Passimian
|-damage|p1a: Passimian|2/100
|move|p1a: Passimian|Close Combat|p2a: Piloswine
|-supereffective|p2a: Piloswine
|-damage|p2a: Piloswine|4/100
|-unboost|p1a: Passimian|def|1
|-unboost|p1a: Passimian|spd|1
|
|upkeep
|turn|9
|
|t:|1610278539
|move|p2a: Piloswine|Ice Shard|p1a: Passimian
|-damage|p1a: Passimian|0 fnt
|faint|p1a: Passimian
|
|upkeep
|
|t:|1610278547
|switch|p1a: Togedemaru|Togedemaru, M|94/100
|-damage|p1a: Togedemaru|82/100|[from] Spikes
|turn|10
|
|t:|1610278553
|switch|p2a: Coalossal|Coalossal, M|65/100 tox
|move|p1a: Togedemaru|U-turn|p2a: Coalossal
|-resisted|p2a: Coalossal
|-damage|p2a: Coalossal|59/100 tox
|-status|p1a: Togedemaru|brn|[from] ability: Flame Body|[of] p2a: Coalossal
|
|t:|1610278574
|switch|p1a: Regirock|Regirock|100/100|[from]move: U-turn
|-damage|p1a: Regirock|88/100|[from] Spikes
|
|-heal|p1a: Regirock|94/100|[from] item: Leftovers
|-damage|p2a: Coalossal|53/100 tox|[from] psn
|upkeep
|turn|11
|
|t:|1610278579
|move|p1a: Regirock|Iron Defense|p1a: Regirock
|-boost|p1a: Regirock|def|2
|move|p2a: Coalossal|Spikes|p1a: Regirock
|-sidestart|p1: Garglesoc|Spikes
|
|-heal|p1a: Regirock|99/100|[from] item: Leftovers
|-damage|p2a: Coalossal|41/100 tox|[from] psn
|upkeep
|turn|12
|
|t:|1610278587
|move|p1a: Regirock|Stealth Rock|p2a: Coalossal
|-sidestart|p2: Testpu12|move: Stealth Rock
|move|p2a: Coalossal|Spikes|p1a: Regirock
|-sidestart|p1: Garglesoc|Spikes
|
|-heal|p1a: Regirock|100/100|[from] item: Leftovers
|-damage|p2a: Coalossal|22/100 tox|[from] psn
|upkeep
|turn|13
|
|t:|1610278591
|move|p1a: Regirock|Iron Defense|p1a: Regirock
|-boost|p1a: Regirock|def|2
|move|p2a: Coalossal|Rapid Spin|p1a: Regirock
|-resisted|p1a: Regirock
|-damage|p1a: Regirock|99/100
|-boost|p2a: Coalossal|spe|1
|-sideend|p2: Testpu12|Stealth Rock|[from] move: Rapid Spin|[of] p2a: Coalossal
|
|-heal|p1a: Regirock|100/100|[from] item: Leftovers
|-damage|p2a: Coalossal|0 fnt|[from] psn
|faint|p2a: Coalossal
|upkeep
|
|t:|1610278598
|switch|p2a: Thievul|Thievul, F|100/100
|turn|14
|
|t:|1610278603
|move|p2a: Thievul|Grass Knot|p1a: Regirock
|-supereffective|p1a: Regirock
|-damage|p1a: Regirock|18/100
|move|p1a: Regirock|Body Press|p2a: Thievul
|-supereffective|p2a: Thievul
|-damage|p2a: Thievul|0 fnt
|faint|p2a: Thievul
|
|-heal|p1a: Regirock|24/100|[from] item: Leftovers
|upkeep
|
|t:|1610278611
|switch|p2a: Poliwrath|Poliwrath, F|100/100
|turn|15
|
|t:|1610278614
|move|p2a: Poliwrath|Earth Power|p1a: Regirock
|-supereffective|p1a: Regirock
|-damage|p1a: Regirock|0 fnt
|faint|p1a: Regirock
|
|upkeep
|
|t:|1610278627
|switch|p1a: Roserade|Roserade, F|100/100
|-damage|p1a: Roserade|76/100|[from] Spikes
|turn|16
|
|t:|1610278634
|switch|p2a: Golbat|Golbat, M|77/100
|move|p1a: Roserade|Sleep Powder|p2a: Golbat
|-status|p2a: Golbat|slp|[from] move: Sleep Powder
|
|upkeep
|turn|17
|
|t:|1610278648
|move|p1a: Roserade|Spikes|p2a: Golbat
|-sidestart|p2: Testpu12|Spikes
|cant|p2a: Golbat|slp
|
|upkeep
|turn|18
|
|t:|1610278651
|switch|p1a: Togedemaru|Togedemaru, M|82/100 brn
|-damage|p1a: Togedemaru|57/100 brn|[from] Spikes
|-curestatus|p2a: Golbat|slp|[msg]
|move|p2a: Golbat|Brave Bird|p1a: Togedemaru
|-resisted|p1a: Togedemaru
|-damage|p1a: Togedemaru|45/100 brn
|-damage|p2a: Golbat|73/100|[from] Recoil
|
|-heal|p1a: Togedemaru|51/100 brn|[from] item: Leftovers
|-damage|p1a: Togedemaru|45/100 brn|[from] brn
|upkeep
|turn|19
|
|t:|1610278663
|move|p1a: Togedemaru|Wish|p1a: Togedemaru
|move|p2a: Golbat|Roost|p2a: Golbat
|-heal|p2a: Golbat|100/100
|-singleturn|p2a: Golbat|move: Roost
|
|-heal|p1a: Togedemaru|51/100 brn|[from] item: Leftovers
|-damage|p1a: Togedemaru|45/100 brn|[from] brn
|upkeep
|turn|20
|
|t:|1610278669
|move|p1a: Togedemaru|Iron Head|p2a: Golbat
|-damage|p2a: Golbat|89/100
|cant|p2a: Golbat|flinch
|
|-heal|p1a: Togedemaru|95/100 brn|[from] move: Wish|[wisher] Togedemaru
|-heal|p1a: Togedemaru|100/100 brn|[from] item: Leftovers
|-damage|p1a: Togedemaru|95/100 brn|[from] brn
|upkeep
|turn|21
|
|t:|1610278673
|switch|p2a: Poliwrath|Poliwrath, F|100/100
|-damage|p2a: Poliwrath|88/100|[from] Spikes
|move|p1a: Togedemaru|Wish|p1a: Togedemaru
|
|-heal|p1a: Togedemaru|100/100 brn|[from] item: Leftovers
|-damage|p1a: Togedemaru|95/100 brn|[from] brn
|upkeep
|turn|22
|
|t:|1610278676
|move|p1a: Togedemaru|Spiky Shield|p1a: Togedemaru
|-singleturn|p1a: Togedemaru|move: Protect
|move|p2a: Poliwrath|Earth Power|p1a: Togedemaru
|-activate|p1a: Togedemaru|move: Protect
|
|-heal|p1a: Togedemaru|100/100 brn|[from] move: Wish|[wisher] Togedemaru
|-damage|p1a: Togedemaru|95/100 brn|[from] brn
|upkeep
|turn|23
|
|t:|1610278679
|switch|p1a: Ribombee|Ribombee, F|100/100
|-damage|p1a: Ribombee|76/100|[from] Spikes
|move|p2a: Poliwrath|Earth Power|p1a: Ribombee
|-resisted|p1a: Ribombee
|-damage|p1a: Ribombee|58/100
|
|upkeep
|turn|24
|
|t:|1610278684
|switch|p2a: Piloswine|Piloswine, M|4/100
|-damage|p2a: Piloswine|0 fnt|[from] Spikes
|faint|p2a: Piloswine
|move|p1a: Ribombee|Psychic|p2: Piloswine|[notarget]
|-fail|p1a: Ribombee
|
|upkeep
|
|t:|1610278687
|switch|p2a: Klinklang|Klinklang|100/100
|-damage|p2a: Klinklang|88/100|[from] Spikes
|turn|25
|
|t:|1610278691
|switch|p1a: Togedemaru|Togedemaru, M|95/100 brn
|-damage|p1a: Togedemaru|70/100 brn|[from] Spikes
|move|p2a: Klinklang|Substitute|p2a: Klinklang
|-start|p2a: Klinklang|Substitute
|-damage|p2a: Klinklang|63/100
|
|-heal|p2a: Klinklang|70/100|[from] item: Leftovers
|-heal|p1a: Togedemaru|76/100 brn|[from] item: Leftovers
|-damage|p1a: Togedemaru|70/100 brn|[from] brn
|upkeep
|turn|26
|
|t:|1610278697
|move|p2a: Klinklang|Shift Gear|p2a: Klinklang
|-boost|p2a: Klinklang|spe|2
|-boost|p2a: Klinklang|atk|1
|move|p1a: Togedemaru|Wish|p1a: Togedemaru
|
|-heal|p2a: Klinklang|76/100|[from] item: Leftovers
|-heal|p1a: Togedemaru|76/100 brn|[from] item: Leftovers
|-damage|p1a: Togedemaru|70/100 brn|[from] brn
|upkeep
|turn|27
|
|t:|1610278700
|move|p2a: Klinklang|Shift Gear|p2a: Klinklang
|-boost|p2a: Klinklang|spe|2
|-boost|p2a: Klinklang|atk|1
|move|p1a: Togedemaru|Iron Head|p2a: Klinklang
|-resisted|p2a: Klinklang
|-activate|p2a: Klinklang|move: Substitute|[damage]
|
|-heal|p1a: Togedemaru|100/100 brn|[from] move: Wish|[wisher] Togedemaru
|-heal|p2a: Klinklang|82/100|[from] item: Leftovers
|-damage|p1a: Togedemaru|95/100 brn|[from] brn
|upkeep
|turn|28
|
|t:|1610278704
|move|p2a: Klinklang|Shift Gear|p2a: Klinklang
|-boost|p2a: Klinklang|spe|2
|-boost|p2a: Klinklang|atk|1
|move|p1a: Togedemaru|Iron Head|p2a: Klinklang
|-resisted|p2a: Klinklang
|-activate|p2a: Klinklang|move: Substitute|[damage]
|
|-heal|p2a: Klinklang|88/100|[from] item: Leftovers
|-heal|p1a: Togedemaru|100/100 brn|[from] item: Leftovers
|-damage|p1a: Togedemaru|95/100 brn|[from] brn
|upkeep
|turn|29
|
|t:|1610278707
|move|p2a: Klinklang|Shift Gear|p2a: Klinklang
|-boost|p2a: Klinklang|spe|0
|-boost|p2a: Klinklang|atk|1
|move|p1a: Togedemaru|Iron Head|p2a: Klinklang
|-resisted|p2a: Klinklang
|-activate|p2a: Klinklang|move: Substitute|[damage]
|
|-heal|p2a: Klinklang|94/100|[from] item: Leftovers
|-heal|p1a: Togedemaru|100/100 brn|[from] item: Leftovers
|-damage|p1a: Togedemaru|95/100 brn|[from] brn
|upkeep
|turn|30
|
|t:|1610278709
|move|p2a: Klinklang|Shift Gear|p2a: Klinklang
|-boost|p2a: Klinklang|spe|0
|-boost|p2a: Klinklang|atk|1
|move|p1a: Togedemaru|Iron Head|p2a: Klinklang
|-resisted|p2a: Klinklang
|-end|p2a: Klinklang|Substitute
|
|-heal|p2a: Klinklang|100/100|[from] item: Leftovers
|-heal|p1a: Togedemaru|100/100 brn|[from] item: Leftovers
|-damage|p1a: Togedemaru|95/100 brn|[from] brn
|upkeep
|turn|31
|
|t:|1610278715
|move|p2a: Klinklang|Substitute|p2a: Klinklang
|-start|p2a: Klinklang|Substitute
|-damage|p2a: Klinklang|76/100
|move|p1a: Togedemaru|Iron Head|p2a: Klinklang
|-resisted|p2a: Klinklang
|-activate|p2a: Klinklang|move: Substitute|[damage]
|
|-heal|p2a: Klinklang|82/100|[from] item: Leftovers
|-heal|p1a: Togedemaru|100/100 brn|[from] item: Leftovers
|-damage|p1a: Togedemaru|95/100 brn|[from] brn
|upkeep
|turn|32
|
|t:|1610278717
|move|p2a: Klinklang|Shift Gear|p2a: Klinklang
|-boost|p2a: Klinklang|spe|0
|-boost|p2a: Klinklang|atk|1
|move|p1a: Togedemaru|Wish|p1a: Togedemaru
|
|-heal|p2a: Klinklang|88/100|[from] item: Leftovers
|-heal|p1a: Togedemaru|100/100 brn|[from] item: Leftovers
|-damage|p1a: Togedemaru|95/100 brn|[from] brn
|upkeep
|turn|33
|
|t:|1610278725
|move|p1a: Togedemaru|Spiky Shield|p1a: Togedemaru
|-singleturn|p1a: Togedemaru|move: Protect
|move|p2a: Klinklang|Gear Grind|p1a: Togedemaru
|-activate|p1a: Togedemaru|move: Protect
|-damage|p2a: Klinklang|76/100|[from] Spiky Shield|[of] p1a: Togedemaru
|
|-heal|p1a: Togedemaru|100/100 brn|[from] move: Wish|[wisher] Togedemaru
|-heal|p2a: Klinklang|82/100|[from] item: Leftovers
|-damage|p1a: Togedemaru|95/100 brn|[from] brn
|upkeep
|turn|34
|
|t:|1610278728
|move|p2a: Klinklang|Gear Grind|p1a: Togedemaru
|-resisted|p1a: Togedemaru
|-damage|p1a: Togedemaru|69/100 brn
|-resisted|p1a: Togedemaru
|-damage|p1a: Togedemaru|44/100 brn
|-hitcount|p1a: Togedemaru|2
|move|p1a: Togedemaru|Wish|p1a: Togedemaru
|
|-heal|p2a: Klinklang|88/100|[from] item: Leftovers
|-heal|p1a: Togedemaru|50/100 brn|[from] item: Leftovers
|-damage|p1a: Togedemaru|44/100 brn|[from] brn
|upkeep
|turn|35
|
|t:|1610278738
|move|p1a: Togedemaru|Spiky Shield|p1a: Togedemaru
|-singleturn|p1a: Togedemaru|move: Protect
|move|p2a: Klinklang|Shift Gear|p2a: Klinklang
|-boost|p2a: Klinklang|spe|0
|-boost|p2a: Klinklang|atk|0
|
|-heal|p1a: Togedemaru|94/100 brn|[from] move: Wish|[wisher] Togedemaru
|-heal|p2a: Klinklang|94/100|[from] item: Leftovers
|-heal|p1a: Togedemaru|99/100 brn|[from] item: Leftovers
|-damage|p1a: Togedemaru|94/100 brn|[from] brn
|upkeep
|turn|36
|
|t:|1610278745
|move|p2a: Klinklang|Gear Grind|p1a: Togedemaru
|-resisted|p1a: Togedemaru
|-damage|p1a: Togedemaru|66/100 brn
|-resisted|p1a: Togedemaru
|-damage|p1a: Togedemaru|38/100 brn
|-hitcount|p1a: Togedemaru|2
|move|p1a: Togedemaru|Wish|p1a: Togedemaru
|
|-heal|p2a: Klinklang|100/100|[from] item: Leftovers
|-heal|p1a: Togedemaru|44/100 brn|[from] item: Leftovers
|-damage|p1a: Togedemaru|38/100 brn|[from] brn
|upkeep
|turn|37
|
|t:|1610278756
|move|p1a: Togedemaru|Spiky Shield|p1a: Togedemaru
|-singleturn|p1a: Togedemaru|move: Protect
|move|p2a: Klinklang|Shift Gear|p2a: Klinklang
|-boost|p2a: Klinklang|spe|0
|-boost|p2a: Klinklang|atk|0
|
|-heal|p1a: Togedemaru|88/100 brn|[from] move: Wish|[wisher] Togedemaru
|-heal|p1a: Togedemaru|94/100 brn|[from] item: Leftovers
|-damage|p1a: Togedemaru|88/100 brn|[from] brn
|upkeep
|turn|38
|
|t:|1610278763
|move|p2a: Klinklang|Gear Grind|p1a: Togedemaru
|-resisted|p1a: Togedemaru
|-damage|p1a: Togedemaru|62/100 brn
|-resisted|p1a: Togedemaru
|-damage|p1a: Togedemaru|34/100 brn
|-hitcount|p1a: Togedemaru|2
|move|p1a: Togedemaru|Wish|p1a: Togedemaru
|
|-heal|p1a: Togedemaru|40/100 brn|[from] item: Leftovers
|-damage|p1a: Togedemaru|34/100 brn|[from] brn
|upkeep
|turn|39
|
|t:|1610278770
|move|p1a: Togedemaru|Spiky Shield|p1a: Togedemaru
|-singleturn|p1a: Togedemaru|move: Protect
|move|p2a: Klinklang|Substitute|p2a: Klinklang
|-fail|p2a: Klinklang|move: Substitute
|
|-heal|p1a: Togedemaru|84/100 brn|[from] move: Wish|[wisher] Togedemaru
|-heal|p1a: Togedemaru|90/100 brn|[from] item: Leftovers
|-damage|p1a: Togedemaru|84/100 brn|[from] brn
|upkeep
|turn|40
|
|t:|1610278774
|move|p2a: Klinklang|Gear Grind|p1a: Togedemaru
|-resisted|p1a: Togedemaru
|-damage|p1a: Togedemaru|56/100 brn
|-resisted|p1a: Togedemaru
|-damage|p1a: Togedemaru|30/100 brn
|-hitcount|p1a: Togedemaru|2
|move|p1a: Togedemaru|Wish|p1a: Togedemaru
|
|-heal|p1a: Togedemaru|36/100 brn|[from] item: Leftovers
|-damage|p1a: Togedemaru|30/100 brn|[from] brn
|upkeep
|turn|41
|j| Scritis
|
|t:|1610278780
|move|p1a: Togedemaru|Spiky Shield|p1a: Togedemaru
|-singleturn|p1a: Togedemaru|move: Protect
|move|p2a: Klinklang|Substitute|p2a: Klinklang
|-fail|p2a: Klinklang|move: Substitute
|
|-heal|p1a: Togedemaru|80/100 brn|[from] move: Wish|[wisher] Togedemaru
|-heal|p1a: Togedemaru|86/100 brn|[from] item: Leftovers
|-damage|p1a: Togedemaru|80/100 brn|[from] brn
|upkeep
|turn|42
|
|t:|1610278782
|move|p2a: Klinklang|Gear Grind|p1a: Togedemaru
|-resisted|p1a: Togedemaru
|-damage|p1a: Togedemaru|54/100 brn
|-resisted|p1a: Togedemaru
|-damage|p1a: Togedemaru|27/100 brn
|-hitcount|p1a: Togedemaru|2
|move|p1a: Togedemaru|Wish|p1a: Togedemaru
|
|-heal|p1a: Togedemaru|33/100 brn|[from] item: Leftovers
|-damage|p1a: Togedemaru|27/100 brn|[from] brn
|upkeep
|turn|43
|
|t:|1610278788
|move|p2a: Klinklang|Substitute|p2a: Klinklang
|-fail|p2a: Klinklang|move: Substitute
|move|p1a: Togedemaru|Iron Head|p2a: Klinklang
|-resisted|p2a: Klinklang
|-activate|p2a: Klinklang|move: Substitute|[damage]
|
|-heal|p1a: Togedemaru|77/100 brn|[from] move: Wish|[wisher] Togedemaru
|-heal|p1a: Togedemaru|83/100 brn|[from] item: Leftovers
|-damage|p1a: Togedemaru|77/100 brn|[from] brn
|upkeep
|turn|44
|
|t:|1610278794
|move|p2a: Klinklang|Gear Grind|p1a: Togedemaru
|-resisted|p1a: Togedemaru
|-damage|p1a: Togedemaru|50/100 brn
|-resisted|p1a: Togedemaru
|-damage|p1a: Togedemaru|24/100 brn
|-hitcount|p1a: Togedemaru|2
|move|p1a: Togedemaru|Wish|p1a: Togedemaru
|
|-heal|p1a: Togedemaru|30/100 brn|[from] item: Leftovers
|-damage|p1a: Togedemaru|24/100 brn|[from] brn
|upkeep
|turn|45
|
|t:|1610278801
|move|p1a: Togedemaru|Spiky Shield|p1a: Togedemaru
|-singleturn|p1a: Togedemaru|move: Protect
|move|p2a: Klinklang|Substitute|p2a: Klinklang
|-fail|p2a: Klinklang|move: Substitute
|
|-heal|p1a: Togedemaru|74/100 brn|[from] move: Wish|[wisher] Togedemaru
|-heal|p1a: Togedemaru|80/100 brn|[from] item: Leftovers
|-damage|p1a: Togedemaru|74/100 brn|[from] brn
|upkeep
|turn|46
|
|t:|1610278806
|move|p2a: Klinklang|Gear Grind|p1a: Togedemaru
|-resisted|p1a: Togedemaru
|-damage|p1a: Togedemaru|47/100 brn
|-resisted|p1a: Togedemaru
|-damage|p1a: Togedemaru|23/100 brn
|-hitcount|p1a: Togedemaru|2
|move|p1a: Togedemaru|Wish|p1a: Togedemaru
|
|-heal|p1a: Togedemaru|29/100 brn|[from] item: Leftovers
|-damage|p1a: Togedemaru|23/100 brn|[from] brn
|upkeep
|turn|47
|
|t:|1610278817
|move|p1a: Togedemaru|Spiky Shield|p1a: Togedemaru
|-singleturn|p1a: Togedemaru|move: Protect
|move|p2a: Klinklang|Wild Charge|p1a: Togedemaru
|-activate|p1a: Togedemaru|move: Protect
|-damage|p2a: Klinklang|88/100|[from] Spiky Shield|[of] p1a: Togedemaru
|
|-heal|p1a: Togedemaru|73/100 brn|[from] move: Wish|[wisher] Togedemaru
|-heal|p2a: Klinklang|94/100|[from] item: Leftovers
|-heal|p1a: Togedemaru|79/100 brn|[from] item: Leftovers
|-damage|p1a: Togedemaru|73/100 brn|[from] brn
|upkeep
|turn|48
|
|t:|1610278825
|move|p2a: Klinklang|Gear Grind|p1a: Togedemaru
|-resisted|p1a: Togedemaru
|-damage|p1a: Togedemaru|45/100 brn
|-resisted|p1a: Togedemaru
|-damage|p1a: Togedemaru|21/100 brn
|-hitcount|p1a: Togedemaru|2
|move|p1a: Togedemaru|Wish|p1a: Togedemaru
|
|-heal|p2a: Klinklang|100/100|[from] item: Leftovers
|-heal|p1a: Togedemaru|27/100 brn|[from] item: Leftovers
|-damage|p1a: Togedemaru|21/100 brn|[from] brn
|upkeep
|turn|49
|
|t:|1610278832
|move|p1a: Togedemaru|Spiky Shield|p1a: Togedemaru
|-singleturn|p1a: Togedemaru|move: Protect
|move|p2a: Klinklang|Gear Grind|p1a: Togedemaru
|-activate|p1a: Togedemaru|move: Protect
|-damage|p2a: Klinklang|88/100|[from] Spiky Shield|[of] p1a: Togedemaru
|
|-heal|p1a: Togedemaru|71/100 brn|[from] move: Wish|[wisher] Togedemaru
|-heal|p2a: Klinklang|94/100|[from] item: Leftovers
|-heal|p1a: Togedemaru|77/100 brn|[from] item: Leftovers
|-damage|p1a: Togedemaru|71/100 brn|[from] brn
|upkeep
|turn|50
|
|t:|1610278835
|move|p2a: Klinklang|Gear Grind|p1a: Togedemaru
|-resisted|p1a: Togedemaru
|-damage|p1a: Togedemaru|43/100 brn
|-resisted|p1a: Togedemaru
|-damage|p1a: Togedemaru|15/100 brn
|-hitcount|p1a: Togedemaru|2
|move|p1a: Togedemaru|Wish|p1a: Togedemaru
|
|-heal|p2a: Klinklang|100/100|[from] item: Leftovers
|-heal|p1a: Togedemaru|21/100 brn|[from] item: Leftovers
|-damage|p1a: Togedemaru|15/100 brn|[from] brn
|upkeep
|turn|51
|
|t:|1610278841
|move|p1a: Togedemaru|Spiky Shield|p1a: Togedemaru
|-singleturn|p1a: Togedemaru|move: Protect
|move|p2a: Klinklang|Wild Charge|p1a: Togedemaru
|-activate|p1a: Togedemaru|move: Protect
|-damage|p2a: Klinklang|88/100|[from] Spiky Shield|[of] p1a: Togedemaru
|
|-heal|p1a: Togedemaru|65/100 brn|[from] move: Wish|[wisher] Togedemaru
|-heal|p2a: Klinklang|94/100|[from] item: Leftovers
|-heal|p1a: Togedemaru|71/100 brn|[from] item: Leftovers
|-damage|p1a: Togedemaru|65/100 brn|[from] brn
|upkeep
|turn|52
|
|t:|1610278844
|move|p2a: Klinklang|Gear Grind|p1a: Togedemaru
|-resisted|p1a: Togedemaru
|-damage|p1a: Togedemaru|38/100 brn
|-resisted|p1a: Togedemaru
|-damage|p1a: Togedemaru|9/100 brn
|-hitcount|p1a: Togedemaru|2
|move|p1a: Togedemaru|Wish|p1a: Togedemaru
|
|-heal|p2a: Klinklang|100/100|[from] item: Leftovers
|-heal|p1a: Togedemaru|15/100 brn|[from] item: Leftovers
|-damage|p1a: Togedemaru|9/100 brn|[from] brn
|upkeep
|turn|53
|
|t:|1610278849
|move|p1a: Togedemaru|Spiky Shield|p1a: Togedemaru
|-singleturn|p1a: Togedemaru|move: Protect
|move|p2a: Klinklang|Wild Charge|p1a: Togedemaru
|-activate|p1a: Togedemaru|move: Protect
|-damage|p2a: Klinklang|88/100|[from] Spiky Shield|[of] p1a: Togedemaru
|
|-heal|p1a: Togedemaru|59/100 brn|[from] move: Wish|[wisher] Togedemaru
|-heal|p2a: Klinklang|94/100|[from] item: Leftovers
|-heal|p1a: Togedemaru|65/100 brn|[from] item: Leftovers
|-damage|p1a: Togedemaru|59/100 brn|[from] brn
|upkeep
|turn|54
|
|t:|1610278852
|move|p2a: Klinklang|Gear Grind|p1a: Togedemaru
|-resisted|p1a: Togedemaru
|-damage|p1a: Togedemaru|32/100 brn
|-resisted|p1a: Togedemaru
|-damage|p1a: Togedemaru|7/100 brn
|-hitcount|p1a: Togedemaru|2
|move|p1a: Togedemaru|Wish|p1a: Togedemaru
|
|-heal|p2a: Klinklang|100/100|[from] item: Leftovers
|-heal|p1a: Togedemaru|13/100 brn|[from] item: Leftovers
|-damage|p1a: Togedemaru|7/100 brn|[from] brn
|upkeep
|turn|55
|
|t:|1610278861
|move|p1a: Togedemaru|Spiky Shield|p1a: Togedemaru
|-singleturn|p1a: Togedemaru|move: Protect
|move|p2a: Klinklang|Wild Charge|p1a: Togedemaru
|-activate|p1a: Togedemaru|move: Protect
|-damage|p2a: Klinklang|88/100|[from] Spiky Shield|[of] p1a: Togedemaru
|
|-heal|p1a: Togedemaru|57/100 brn|[from] move: Wish|[wisher] Togedemaru
|-heal|p2a: Klinklang|94/100|[from] item: Leftovers
|-heal|p1a: Togedemaru|63/100 brn|[from] item: Leftovers
|-damage|p1a: Togedemaru|57/100 brn|[from] brn
|upkeep
|turn|56
|
|t:|1610278865
|move|p2a: Klinklang|Gear Grind|p1a: Togedemaru
|-resisted|p1a: Togedemaru
|-damage|p1a: Togedemaru|29/100 brn
|-resisted|p1a: Togedemaru
|-damage|p1a: Togedemaru|2/100 brn
|-hitcount|p1a: Togedemaru|2
|move|p1a: Togedemaru|Wish|p1a: Togedemaru
|
|-heal|p2a: Klinklang|100/100|[from] item: Leftovers
|-heal|p1a: Togedemaru|8/100 brn|[from] item: Leftovers
|-damage|p1a: Togedemaru|2/100 brn|[from] brn
|upkeep
|turn|57
|
|t:|1610278871
|move|p1a: Togedemaru|Spiky Shield|p1a: Togedemaru
|-singleturn|p1a: Togedemaru|move: Protect
|move|p2a: Klinklang|Wild Charge|p1a: Togedemaru
|-activate|p1a: Togedemaru|move: Protect
|-damage|p2a: Klinklang|88/100|[from] Spiky Shield|[of] p1a: Togedemaru
|
|-heal|p1a: Togedemaru|52/100 brn|[from] move: Wish|[wisher] Togedemaru
|-heal|p2a: Klinklang|94/100|[from] item: Leftovers
|-heal|p1a: Togedemaru|58/100 brn|[from] item: Leftovers
|-damage|p1a: Togedemaru|52/100 brn|[from] brn
|upkeep
|turn|58
|c|☆Testpu12|Lol
|
|t:|1610278890
|move|p1a: Togedemaru|Spiky Shield||[still]
|-fail|p1a: Togedemaru
|move|p2a: Klinklang|Gear Grind|p1a: Togedemaru
|-resisted|p1a: Togedemaru
|-damage|p1a: Togedemaru|24/100 brn
|-resisted|p1a: Togedemaru
|-damage|p1a: Togedemaru|0 fnt
|-hitcount|p1a: Togedemaru|2
|faint|p1a: Togedemaru
|
|-heal|p2a: Klinklang|100/100|[from] item: Leftovers
|upkeep
|
|t:|1610278896
|switch|p1a: Roserade|Roserade, F|76/100
|-damage|p1a: Roserade|51/100|[from] Spikes
|turn|59
|c|☆Testpu12|what waste of time
|c|☆Garglesoc|gg
|c|☆Garglesoc|nice counter team
|-message|Garglesoc forfeited.
|
|win|Testpu12
|c|☆Testpu12|Lol ?
|raw|Garglesoc's rating: 1642 &rarr; <strong>1608</strong><br />(-34 for losing)
|raw|Testpu12's rating: 1327 &rarr; <strong>1361</strong><br />(+34 for winning)
|l|☆Garglesoc
|c|☆Testpu12|counter team my ass
|c|☆Testpu12|My team is outdated from the previous meta btw
|c|☆Testpu12|Regirock new to the tier
|l| Scritis
