|j|☆Purak
|j|☆one step from eden
|t:|1628314259
|gametype|singles
|player|p1|Purak|roughneck-gen4|1340
|player|p2|one step from eden|grimsley-gen7|1513
|teamsize|p1|6
|teamsize|p2|6
|gen|8
|tier|[Gen 8] PU
|rated|
|rule|Sleep Clause Mod: Limit one foe put to sleep
|rule|Species Clause: Limit one of each Pokémon
|rule|OHKO Clause: OHKO moves are banned
|rule|Evasion Moves Clause: Evasion moves are banned
|rule|Endless Battle Clause: Forcing endless battles is banned
|rule|HP Percentage Mod: HP is shown in percentages
|rule|Dynamax Clause: You cannot dynamax
|clearpoke
|poke|p1|Silvally-*|
|poke|p1|Qwilfish, M|
|poke|p1|Tsareena, F|
|poke|p1|Aurorus, M|
|poke|p1|Gallade, M|
|poke|p1|Vikavolt, F|
|poke|p2|Scrafty, F|
|poke|p2|Passimian, F|
|poke|p2|Ferroseed, M|
|poke|p2|Cofagrigus, M|
|poke|p2|Whimsicott, F|
|poke|p2|Archeops, F|
|teampreview
|
|t:|1628314304
|start
|switch|p1a: Qwilfish|Qwilfish, M|100/100
|switch|p2a: Ferroseed|Ferroseed, M|100/100
|-ability|p1a: Qwilfish|Intimidate|boost
|-unboost|p2a: Ferroseed|atk|1
|turn|1
|
|t:|1628314317
|switch|p2a: Whimsicott|Whimsicott, F|100/100
|move|p1a: Qwilfish|Taunt|p2a: Whimsicott
|-start|p2a: Whimsicott|move: Taunt
|
|upkeep
|turn|2
|
|t:|1628314334
|switch|p2a: Scrafty|Scrafty, F|100/100
|move|p1a: Qwilfish|Thunder Wave|p2a: Scrafty
|-status|p2a: Scrafty|par
|
|upkeep
|turn|3
|
|t:|1628314341
|move|p1a: Qwilfish|Spikes|p2a: Scrafty
|-sidestart|p2: one step from eden|Spikes
|move|p2a: Scrafty|Knock Off|p1a: Qwilfish
|-damage|p1a: Qwilfish|62/100
|-enditem|p1a: Qwilfish|Black Sludge|[from] move: Knock Off|[of] p2a: Scrafty
|
|upkeep
|turn|4
|
|t:|1628314349
|move|p1a: Qwilfish|Spikes|p2a: Scrafty
|-sidestart|p2: one step from eden|Spikes
|move|p2a: Scrafty|Knock Off|p1a: Qwilfish
|-damage|p1a: Qwilfish|39/100
|
|upkeep
|turn|5
|
|t:|1628314379
|switch|p1a: Silvally|Silvally-Ground|100/100
|move|p2a: Scrafty|Bulk Up|p2a: Scrafty
|-boost|p2a: Scrafty|atk|1
|-boost|p2a: Scrafty|def|1
|
|-activate|p2a: Scrafty|ability: Shed Skin
|-curestatus|p2a: Scrafty|par|[msg]
|upkeep
|turn|6
|
|t:|1628314386
|switch|p1a: Qwilfish|Qwilfish, M|39/100
|-ability|p1a: Qwilfish|Intimidate|boost
|-unboost|p2a: Scrafty|atk|1
|move|p2a: Scrafty|Bulk Up|p2a: Scrafty
|-boost|p2a: Scrafty|atk|1
|-boost|p2a: Scrafty|def|1
|
|upkeep
|turn|7
|
|t:|1628314391
|move|p1a: Qwilfish|Taunt|p2a: Scrafty
|-start|p2a: Scrafty|move: Taunt
|move|p2a: Scrafty|Knock Off|p1a: Qwilfish
|-damage|p1a: Qwilfish|6/100
|
|upkeep
|turn|8
|
|t:|1628314396
|move|p1a: Qwilfish|Spikes|p2a: Scrafty
|-sidestart|p2: one step from eden|Spikes
|move|p2a: Scrafty|Drain Punch|p1a: Qwilfish
|-resisted|p1a: Qwilfish
|-crit|p1a: Qwilfish
|-damage|p1a: Qwilfish|0 fnt
|faint|p1a: Qwilfish
|
|upkeep
|
|t:|1628314403
|switch|p1a: Gallade|Gallade, M|100/100
|turn|9
|
|t:|1628314408
|move|p1a: Gallade|Swords Dance|p1a: Gallade
|-boost|p1a: Gallade|atk|2
|move|p2a: Scrafty|Knock Off|p1a: Gallade
|-damage|p1a: Gallade|23/100
|-ability|p1a: Gallade|Justified|boost
|-boost|p1a: Gallade|atk|1
|-enditem|p1a: Gallade|Lum Berry|[from] move: Knock Off|[of] p2a: Scrafty
|
|-end|p2a: Scrafty|move: Taunt
|upkeep
|turn|10
|
|t:|1628314420
|switch|p2a: Cofagrigus|Cofagrigus, M|100/100
|-damage|p2a: Cofagrigus|75/100|[from] Spikes
|move|p1a: Gallade|Close Combat|p2a: Cofagrigus
|-immune|p2a: Cofagrigus
|
|upkeep
|turn|11
|
|t:|1628314425
|move|p1a: Gallade|Knock Off|p2a: Cofagrigus
|-supereffective|p2a: Cofagrigus
|-damage|p2a: Cofagrigus|0 fnt
|-activate|p2a: Cofagrigus|ability: Mummy|Justified|[of] p1a: Gallade
|-enditem|p2a: Cofagrigus|Chesto Berry|[from] move: Knock Off|[of] p1a: Gallade
|faint|p2a: Cofagrigus
|
|upkeep
|
|t:|1628314431
|switch|p2a: Archeops|Archeops, F|100/100
|turn|12
|
|t:|1628314435
|move|p2a: Archeops|Knock Off|p1a: Gallade
|-damage|p1a: Gallade|0 fnt
|-activate|p1a: Gallade|ability: Mummy|Defeatist|[of] p2a: Archeops
|faint|p1a: Gallade
|
|upkeep
|
|t:|1628314438
|switch|p1a: Silvally|Silvally-Ground|100/100
|turn|13
|
|t:|1628314442
|move|p2a: Archeops|Defog|p1a: Silvally
|-unboost|p1a: Silvally|evasion|1
|-sideend|p2: one step from eden|Spikes|[from] move: Defog|[of] p2a: Archeops
|move|p1a: Silvally|Flame Charge|p2a: Archeops
|-resisted|p2a: Archeops
|-damage|p2a: Archeops|88/100
|-boost|p1a: Silvally|spe|1
|
|upkeep
|turn|14
|
|t:|1628314447
|switch|p2a: Whimsicott|Whimsicott, F|100/100
|move|p1a: Silvally|Swords Dance|p1a: Silvally
|-boost|p1a: Silvally|atk|2
|
|upkeep
|turn|15
|
|t:|1628314452
|switch|p1a: Tsareena|Tsareena, F|100/100
|move|p2a: Whimsicott|Giga Drain|p1a: Tsareena
|-resisted|p1a: Tsareena
|-damage|p1a: Tsareena|84/100
|
|upkeep
|turn|16
|
|t:|1628314458
|switch|p2a: Ferroseed|Ferroseed, M|100/100
|move|p1a: Tsareena|U-turn|p2a: Ferroseed
|-damage|p2a: Ferroseed|85/100
|-damage|p1a: Tsareena|71/100|[from] ability: Iron Barbs|[of] p2a: Ferroseed
|
|t:|1628314462
|switch|p1a: Silvally|Silvally-Ground|100/100|[from]move: U-turn
|
|upkeep
|turn|17
|
|t:|1628314465
|move|p1a: Silvally|Swords Dance|p1a: Silvally
|-boost|p1a: Silvally|atk|2
|move|p2a: Ferroseed|Leech Seed|p1a: Silvally
|-start|p1a: Silvally|move: Leech Seed
|
|-damage|p1a: Silvally|88/100|[from] Leech Seed|[of] p2a: Ferroseed
|-heal|p2a: Ferroseed|99/100|[silent]
|upkeep
|turn|18
|
|t:|1628314468
|move|p2a: Ferroseed|Protect|p2a: Ferroseed
|-singleturn|p2a: Ferroseed|Protect
|move|p1a: Silvally|Swords Dance|p1a: Silvally
|-boost|p1a: Silvally|atk|2
|
|-damage|p1a: Silvally|76/100|[from] Leech Seed|[of] p2a: Ferroseed
|-heal|p2a: Ferroseed|100/100|[silent]
|upkeep
|turn|19
|
|t:|1628314477
|move|p1a: Silvally|Flame Charge|p2a: Ferroseed
|-supereffective|p2a: Ferroseed
|-damage|p2a: Ferroseed|0 fnt
|-boost|p1a: Silvally|spe|1
|-damage|p1a: Silvally|63/100|[from] ability: Iron Barbs|[of] p2a: Ferroseed
|faint|p2a: Ferroseed
|
|upkeep
|
|t:|1628314490
|switch|p2a: Whimsicott|Whimsicott, F|100/100
|turn|20
|
|t:|1628314504
|switch|p2a: Scrafty|Scrafty, F|100/100
|move|p1a: Silvally|Flame Charge|p2a: Scrafty
|-damage|p2a: Scrafty|65/100
|-boost|p1a: Silvally|spe|1
|
|-heal|p2a: Scrafty|71/100|[from] item: Leftovers
|-damage|p1a: Silvally|51/100|[from] Leech Seed|[of] p2a: Scrafty
|-heal|p2a: Scrafty|84/100|[silent]
|upkeep
|turn|21
|
|t:|1628314511
|switch|p2a: Archeops|Archeops, F|88/100
|move|p1a: Silvally|Multi-Attack|p2a: Archeops
|-immune|p2a: Archeops
|
|-damage|p1a: Silvally|39/100|[from] Leech Seed|[of] p2a: Archeops
|-heal|p2a: Archeops|100/100|[silent]
|upkeep
|turn|22
|
|t:|1628314516
|switch|p2a: Scrafty|Scrafty, F|84/100
|move|p1a: Silvally|Rock Slide|p2a: Scrafty
|-resisted|p2a: Scrafty
|-damage|p2a: Scrafty|54/100
|
|-heal|p2a: Scrafty|60/100|[from] item: Leftovers
|-damage|p1a: Silvally|26/100|[from] Leech Seed|[of] p2a: Scrafty
|-heal|p2a: Scrafty|73/100|[silent]
|upkeep
|turn|23
|
|t:|1628314528
|switch|p2a: Whimsicott|Whimsicott, F|100/100
|move|p1a: Silvally|Multi-Attack|p2a: Whimsicott
|-resisted|p2a: Whimsicott
|-damage|p2a: Whimsicott|0 fnt
|faint|p2a: Whimsicott
|
|upkeep
|
|t:|1628314541
|switch|p2a: Archeops|Archeops, F|100/100
|turn|24
|
|t:|1628314545
|switch|p2a: Scrafty|Scrafty, F|73/100
|move|p1a: Silvally|Rock Slide|p2a: Scrafty
|-resisted|p2a: Scrafty
|-damage|p2a: Scrafty|45/100
|
|-heal|p2a: Scrafty|51/100|[from] item: Leftovers
|-damage|p1a: Silvally|14/100|[from] Leech Seed|[of] p2a: Scrafty
|-heal|p2a: Scrafty|63/100|[silent]
|upkeep
|turn|25
|
|t:|1628314560
|switch|p2a: Archeops|Archeops, F|100/100
|move|p1a: Silvally|Multi-Attack|p2a: Archeops
|-immune|p2a: Archeops
|
|-damage|p1a: Silvally|1/100|[from] Leech Seed|[of] p2a: Archeops
|upkeep
|turn|26
|j| gdhmjmdf
|
|t:|1628314573
|move|p1a: Silvally|Multi-Attack|p2a: Archeops
|-immune|p2a: Archeops
|move|p2a: Archeops|Knock Off|p1a: Silvally
|-crit|p1a: Silvally
|-damage|p1a: Silvally|0 fnt
|faint|p1a: Silvally
|
|upkeep
|
|t:|1628314577
|switch|p1a: Aurorus|Aurorus, M|100/100
|turn|27
|
|t:|1628314583
|move|p2a: Archeops|Stone Edge|p1a: Aurorus
|-supereffective|p1a: Aurorus
|-damage|p1a: Aurorus|0 fnt
|faint|p1a: Aurorus
|
|upkeep
|
|t:|1628314587
|switch|p1a: Vikavolt|Vikavolt, F|100/100
|turn|28
|
|t:|1628314590
|move|p2a: Archeops|Stone Edge|p1a: Vikavolt|[miss]
|-miss|p2a: Archeops|p1a: Vikavolt
|move|p1a: Vikavolt|Agility|p1a: Vikavolt
|-boost|p1a: Vikavolt|spe|2
|
|upkeep
|turn|29
|
|t:|1628314594
|move|p1a: Vikavolt|Thunderbolt|p2a: Archeops
|-supereffective|p2a: Archeops
|-damage|p2a: Archeops|0 fnt
|faint|p2a: Archeops
|
|upkeep
|
|t:|1628314596
|switch|p2a: Scrafty|Scrafty, F|63/100
|turn|30
|
|t:|1628314598
|move|p1a: Vikavolt|Thunderbolt|p2a: Scrafty
|-damage|p2a: Scrafty|25/100
|move|p2a: Scrafty|Rest|p2a: Scrafty
|-status|p2a: Scrafty|slp|[from] move: Rest
|-heal|p2a: Scrafty|100/100 slp|[silent]
|
|-activate|p2a: Scrafty|ability: Shed Skin
|-curestatus|p2a: Scrafty|slp|[msg]
|upkeep
|turn|31
|
|t:|1628314604
|move|p1a: Vikavolt|Thunderbolt|p2a: Scrafty
|-damage|p2a: Scrafty|63/100
|move|p2a: Scrafty|Bulk Up|p2a: Scrafty
|-boost|p2a: Scrafty|atk|1
|-boost|p2a: Scrafty|def|1
|
|-heal|p2a: Scrafty|69/100|[from] item: Leftovers
|upkeep
|turn|32
|
|t:|1628314608
|move|p1a: Vikavolt|Bug Buzz|p2a: Scrafty
|-damage|p2a: Scrafty|32/100
|move|p2a: Scrafty|Rest|p2a: Scrafty
|-status|p2a: Scrafty|slp|[from] move: Rest
|-heal|p2a: Scrafty|100/100 slp|[silent]
|
|upkeep
|turn|33
|
|t:|1628314613
|move|p1a: Vikavolt|Bug Buzz|p2a: Scrafty
|-crit|p2a: Scrafty
|-damage|p2a: Scrafty|45/100 slp
|-unboost|p2a: Scrafty|spd|1
|cant|p2a: Scrafty|slp
|
|-heal|p2a: Scrafty|50/100 slp|[from] item: Leftovers
|upkeep
|turn|34
|
|t:|1628314625
|move|p1a: Vikavolt|Thunderbolt|p2a: Scrafty
|-damage|p2a: Scrafty|0 fnt
|faint|p2a: Scrafty
|
|upkeep
|
|t:|1628314627
|switch|p2a: Passimian|Passimian, F|100/100
|turn|35
|
|t:|1628314649
|move|p2a: Passimian|Rock Slide|p1a: Vikavolt
|-supereffective|p1a: Vikavolt
|-damage|p1a: Vikavolt|42/100
|cant|p1a: Vikavolt|flinch
|
|upkeep
|turn|36
|
|t:|1628314654
|move|p2a: Passimian|Rock Slide|p1a: Vikavolt|[miss]
|-miss|p2a: Passimian|p1a: Vikavolt
|move|p1a: Vikavolt|Roost|p1a: Vikavolt
|-heal|p1a: Vikavolt|92/100
|-singleturn|p1a: Vikavolt|move: Roost
|
|upkeep
|turn|37
|
|t:|1628314657
|move|p2a: Passimian|Rock Slide|p1a: Vikavolt
|-supereffective|p1a: Vikavolt
|-damage|p1a: Vikavolt|30/100
|move|p1a: Vikavolt|Agility|p1a: Vikavolt
|-boost|p1a: Vikavolt|spe|2
|
|upkeep
|turn|38
|
|t:|1628314663
|move|p1a: Vikavolt|Roost|p1a: Vikavolt
|-heal|p1a: Vikavolt|80/100
|-singleturn|p1a: Vikavolt|move: Roost
|move|p2a: Passimian|Rock Slide|p1a: Vikavolt
|-supereffective|p1a: Vikavolt
|-damage|p1a: Vikavolt|20/100
|
|upkeep
|turn|39
|
|t:|1628314670
|move|p1a: Vikavolt|Thunderbolt|p2a: Passimian
|-damage|p2a: Passimian|26/100
|move|p2a: Passimian|Rock Slide|p1a: Vikavolt
|-supereffective|p1a: Vikavolt
|-damage|p1a: Vikavolt|0 fnt
|faint|p1a: Vikavolt
|
|upkeep
|
|t:|1628314674
|switch|p1a: Tsareena|Tsareena, F|71/100
|turn|40
|
|t:|1628314677
|move|p2a: Passimian|Rock Slide|p1a: Tsareena|[miss]
|-miss|p2a: Passimian|p1a: Tsareena
|move|p1a: Tsareena|Power Whip|p2a: Passimian|[miss]
|-miss|p1a: Tsareena|p2a: Passimian
|
|upkeep
|turn|41
|
|t:|1628314683
|move|p2a: Passimian|Rock Slide|p1a: Tsareena
|-damage|p1a: Tsareena|39/100
|cant|p1a: Tsareena|flinch
|
|upkeep
|turn|42
|
|t:|1628314687
|move|p2a: Passimian|Rock Slide|p1a: Tsareena
|-damage|p1a: Tsareena|11/100
|cant|p1a: Tsareena|flinch
|
|upkeep
|turn|43
|c|☆Purak|gg wl
|c|☆Purak|*wp
|
|t:|1628314698
|move|p2a: Passimian|Rock Slide|p1a: Tsareena
|-damage|p1a: Tsareena|0 fnt
|faint|p1a: Tsareena
|
|win|one step from eden
|raw|Purak's rating: 1340 &rarr; <strong>1329</strong><br />(-11 for losing)
|raw|one step from eden's rating: 1513 &rarr; <strong>1524</strong><br />(+11 for winning)
|c|☆Purak|close game
|c|☆one step from eden|that was
|c|☆one step from eden|something else
|c|☆one step from eden|gg
|c|☆Purak|i enjoyed it
