|html|<div class="broadcast-blue"><strong>[Gen 8] PU is currently suspecting Drampa! For information on how to participate check out the <a href="https://www.smogon.com/forums/threads/np-pu-stage-7-i-hear-hyper-voices-in-my-head-drampa-suspect-test.3692992/">suspect thread</a>.</strong></div>
|j|☆santi boyish
|j|☆one of the bouys
|t:|1635799128
|gametype|singles
|player|p1|santi boyish|roughneck-gen4|1213
|player|p2|one of the bouys|clown|1530
|teamsize|p1|6
|teamsize|p2|6
|gen|8
|tier|[Gen 8] PU
|rated|
|rule|Sleep Clause Mod: Limit one foe put to sleep
|rule|Species Clause: Limit one of each Pokémon
|rule|OHKO Clause: OHKO moves are banned
|rule|Evasion Moves Clause: Evasion moves are banned
|rule|Endless Battle Clause: Forcing endless battles is banned
|rule|HP Percentage Mod: HP is shown in percentages
|rule|Dynamax Clause: You cannot dynamax
|clearpoke
|poke|p1|Noctowl, F|
|poke|p1|Whimsicott, F|
|poke|p1|Scyther, F|
|poke|p1|Boltund, M|
|poke|p1|Scrafty, F|
|poke|p1|Regirock|
|poke|p2|Flapple, F|
|poke|p2|Frosmoth, M|
|poke|p2|Lunatone|
|poke|p2|Silvally-*|
|poke|p2|Stunfisk-Galar, F|
|poke|p2|Hitmontop, M|
|teampreview
|inactive|Battle timer is ON: inactive players will automatically lose when time's up. (requested by santi boyish)
|
|t:|1635799138
|start
|switch|p1a: Scyther|Scyther, F|100/100
|switch|p2a: Stunfisk|Stunfisk-Galar, F|100/100
|turn|1
|
|t:|1635799150
|move|p1a: Scyther|Swords Dance|p1a: Scyther
|-boost|p1a: Scyther|atk|2
|move|p2a: Stunfisk|Snap Trap|p1a: Scyther
|-resisted|p1a: Scyther
|-damage|p1a: Scyther|99/100
|-activate|p1a: Scyther|move: Snap Trap|[of] p2a: Stunfisk
|
|-damage|p1a: Scyther|87/100|[from] move: Snap Trap|[partiallytrapped]
|upkeep
|turn|2
|
|t:|1635799162
|move|p1a: Scyther|Brick Break|p2a: Stunfisk
|-supereffective|p2a: Stunfisk
|-damage|p2a: Stunfisk|44/100
|move|p2a: Stunfisk|Yawn|p1a: Scyther
|-start|p1a: Scyther|move: Yawn|[of] p2a: Stunfisk
|
|-heal|p2a: Stunfisk|50/100|[from] item: Leftovers
|-damage|p1a: Scyther|74/100|[from] move: Snap Trap|[partiallytrapped]
|upkeep
|turn|3
|
|t:|1635799171
|move|p2a: Stunfisk|Protect|p2a: Stunfisk
|-singleturn|p2a: Stunfisk|Protect
|move|p1a: Scyther|Swords Dance|p1a: Scyther
|-boost|p1a: Scyther|atk|2
|
|-heal|p2a: Stunfisk|56/100|[from] item: Leftovers
|-damage|p1a: Scyther|62/100|[from] move: Snap Trap|[partiallytrapped]
|-end|p1a: Scyther|move: Yawn|[silent]
|-status|p1a: Scyther|slp
|upkeep
|turn|4
|
|t:|1635799179
|switch|p2a: Silvally|Silvally-Fairy|100/100
|cant|p1a: Scyther|slp
|
|-end|p1a: Scyther|Snap Trap|[partiallytrapped]|[silent]
|upkeep
|turn|5
|
|t:|1635799184
|cant|p1a: Scyther|slp
|move|p2a: Silvally|Roar|p1a: Scyther
|drag|p1a: Scrafty|Scrafty, F|100/100
|-ability|p1a: Scrafty|Intimidate|boost
|-unboost|p2a: Silvally|atk|1
|
|upkeep
|turn|6
|
|t:|1635799192
|switch|p1a: Regirock|Regirock|100/100
|move|p2a: Silvally|Multi-Attack|p1a: Regirock
|-damage|p1a: Regirock|90/100
|-damage|p2a: Silvally|84/100|[from] item: Rocky Helmet|[of] p1a: Regirock
|
|upkeep
|turn|7
|
|t:|1635799203
|switch|p2a: Lunatone|Lunatone|100/100
|move|p1a: Regirock|Stealth Rock|p2a: Lunatone
|-sidestart|p2: one of the bouys|move: Stealth Rock
|
|upkeep
|turn|8
|
|t:|1635799208
|move|p2a: Lunatone|Future Sight|p1a: Regirock
|-start|p2a: Lunatone|move: Future Sight
|move|p1a: Regirock|Toxic|p2a: Lunatone
|-status|p2a: Lunatone|tox
|
|-damage|p2a: Lunatone|94/100 tox|[from] psn
|upkeep
|turn|9
|
|t:|1635799213
|switch|p2a: Silvally|Silvally-Fairy|84/100
|-damage|p2a: Silvally|72/100|[from] Stealth Rock
|move|p1a: Regirock|Body Press|p2a: Silvally
|-resisted|p2a: Silvally
|-damage|p2a: Silvally|57/100
|
|upkeep
|turn|10
|
|t:|1635799221
|switch|p1a: Scyther|Scyther, F|62/100 slp
|move|p2a: Silvally|Multi-Attack|p1a: Scyther
|-crit|p1a: Scyther
|-damage|p1a: Scyther|6/100 slp
|
|-end|p1a: Scyther|move: Future Sight
|-damage|p1a: Scyther|0 fnt
|faint|p1a: Scyther
|upkeep
|
|t:|1635799232
|switch|p1a: Regirock|Regirock|90/100
|turn|11
|
|t:|1635799237
|move|p2a: Silvally|Multi-Attack|p1a: Regirock
|-damage|p1a: Regirock|74/100
|-damage|p2a: Silvally|41/100|[from] item: Rocky Helmet|[of] p1a: Regirock
|move|p1a: Regirock|Toxic|p2a: Silvally
|-status|p2a: Silvally|tox
|
|-damage|p2a: Silvally|35/100 tox|[from] psn
|upkeep
|turn|12
|
|t:|1635799245
|move|p1a: Regirock|Protect|p1a: Regirock
|-singleturn|p1a: Regirock|Protect
|move|p2a: Silvally|Rest|p2a: Silvally
|-status|p2a: Silvally|slp|[from] move: Rest
|-heal|p2a: Silvally|100/100 slp|[silent]
|
|upkeep
|turn|13
|
|t:|1635799258
|switch|p1a: Whimsicott|Whimsicott, F|100/100
|cant|p2a: Silvally|slp
|move|p2a: Silvally|Sleep Talk|p2a: Silvally
|move|p2a: Silvally|Rest||[from]move: Sleep Talk|[still]
|-fail|p2a: Silvally
|
|upkeep
|turn|14
|
|t:|1635799264
|move|p1a: Whimsicott|Leech Seed|p2a: Silvally
|-start|p2a: Silvally|move: Leech Seed
|cant|p2a: Silvally|slp
|move|p2a: Silvally|Sleep Talk|p2a: Silvally
|move|p2a: Silvally|Roar|p1a: Whimsicott|[from]move: Sleep Talk
|drag|p1a: Regirock|Regirock|74/100
|
|-damage|p2a: Silvally|88/100 slp|[from] Leech Seed|[of] p1a: Regirock
|-heal|p1a: Regirock|87/100|[silent]
|upkeep
|turn|15
|
|t:|1635799278
|switch|p2a: Hitmontop|Hitmontop, M|100/100
|move|p1a: Regirock|Toxic|p2a: Hitmontop
|-status|p2a: Hitmontop|tox
|
|-damage|p2a: Hitmontop|94/100 tox|[from] psn
|upkeep
|turn|16
|
|t:|1635799286
|switch|p2a: Silvally|Silvally-Fairy|88/100 slp
|-damage|p2a: Silvally|76/100 slp|[from] Stealth Rock
|switch|p1a: Whimsicott|Whimsicott, F|100/100
|
|upkeep
|turn|17
|
|t:|1635799294
|move|p1a: Whimsicott|Leech Seed|p2a: Silvally
|-start|p2a: Silvally|move: Leech Seed
|-curestatus|p2a: Silvally|slp|[msg]
|move|p2a: Silvally|Multi-Attack|p1a: Whimsicott
|-damage|p1a: Whimsicott|58/100
|
|-damage|p2a: Silvally|63/100|[from] Leech Seed|[of] p1a: Whimsicott
|-heal|p1a: Whimsicott|73/100|[silent]
|upkeep
|turn|18
|
|t:|1635799303
|switch|p2a: Frosmoth|Frosmoth, M|100/100
|move|p1a: Whimsicott|Moonblast|p2a: Frosmoth
|-damage|p2a: Frosmoth|86/100
|
|upkeep
|turn|19
|
|t:|1635799316
|switch|p1a: Scrafty|Scrafty, F|100/100
|-ability|p1a: Scrafty|Intimidate|boost
|-unboost|p2a: Frosmoth|atk|1
|move|p2a: Frosmoth|Ice Beam|p1a: Scrafty
|-damage|p1a: Scrafty|71/100
|
|-heal|p1a: Scrafty|77/100|[from] item: Leftovers
|upkeep
|turn|20
|
|t:|1635799325
|switch|p2a: Hitmontop|Hitmontop, M|94/100 tox
|move|p1a: Scrafty|Iron Head|p2a: Hitmontop
|-damage|p2a: Hitmontop|68/100 tox
|
|-heal|p1a: Scrafty|83/100|[from] item: Leftovers
|-damage|p2a: Hitmontop|61/100 tox|[from] psn
|upkeep
|turn|21
|
|t:|1635799340
|switch|p1a: Whimsicott|Whimsicott, F|73/100
|move|p2a: Hitmontop|Close Combat|p1a: Whimsicott
|-resisted|p1a: Whimsicott
|-damage|p1a: Whimsicott|45/100
|-unboost|p2a: Hitmontop|def|1
|-unboost|p2a: Hitmontop|spd|1
|
|-damage|p2a: Hitmontop|49/100 tox|[from] psn
|upkeep
|turn|22
|
|t:|1635799348
|move|p1a: Whimsicott|Leech Seed|p2a: Hitmontop
|-start|p2a: Hitmontop|move: Leech Seed
|move|p2a: Hitmontop|Triple Axel|p1a: Whimsicott
|-supereffective|p1a: Whimsicott
|-damage|p1a: Whimsicott|22/100
|-supereffective|p1a: Whimsicott
|-damage|p1a: Whimsicott|0 fnt
|faint|p1a: Whimsicott
|-hitcount|p1: Whimsicott|2
|
|-damage|p2a: Hitmontop|30/100 tox|[from] psn
|upkeep
|
|t:|1635799374
|switch|p1a: Boltund|Boltund, M|100/100
|turn|23
|
|t:|1635799385
|move|p2a: Hitmontop|Mach Punch|p1a: Boltund
|-damage|p1a: Boltund|53/100
|move|p1a: Boltund|Crunch|p2a: Hitmontop
|-resisted|p2a: Hitmontop
|-damage|p2a: Hitmontop|0 fnt
|faint|p2a: Hitmontop
|
|upkeep
|
|t:|1635799400
|switch|p2a: Silvally|Silvally-Fairy|63/100
|-damage|p2a: Silvally|51/100|[from] Stealth Rock
|turn|24
|
|t:|1635799406
|switch|p1a: Regirock|Regirock|87/100
|move|p2a: Silvally|Multi-Attack|p1a: Regirock
|-damage|p1a: Regirock|71/100
|-damage|p2a: Silvally|34/100|[from] item: Rocky Helmet|[of] p1a: Regirock
|
|upkeep
|turn|25
|
|t:|1635799417
|move|p2a: Silvally|Rest|p2a: Silvally
|-status|p2a: Silvally|slp|[from] move: Rest
|-heal|p2a: Silvally|100/100 slp|[silent]
|move|p1a: Regirock|Body Press|p2a: Silvally
|-resisted|p2a: Silvally
|-damage|p2a: Silvally|88/100 slp
|
|upkeep
|turn|26
|
|t:|1635799430
|switch|p1a: Noctowl|Noctowl, F|100/100
|cant|p2a: Silvally|slp
|move|p2a: Silvally|Sleep Talk|p2a: Silvally
|move|p2a: Silvally|Multi-Attack|p1a: Noctowl|[from]move: Sleep Talk
|-damage|p1a: Noctowl|40/100
|-enditem|p1a: Noctowl|Sitrus Berry|[eat]
|-heal|p1a: Noctowl|65/100|[from] item: Sitrus Berry
|
|upkeep
|turn|27
|
|t:|1635799451
|cant|p2a: Silvally|slp
|move|p2a: Silvally|Sleep Talk|p2a: Silvally
|move|p2a: Silvally|Multi-Attack|p1a: Noctowl|[from]move: Sleep Talk
|-damage|p1a: Noctowl|1/100
|move|p1a: Noctowl|Agility|p1a: Noctowl
|-boost|p1a: Noctowl|spe|2
|
|upkeep
|turn|28
|
|t:|1635799460
|move|p1a: Noctowl|Air Slash|p2a: Silvally
|-damage|p2a: Silvally|64/100 slp
|-curestatus|p2a: Silvally|slp|[msg]
|cant|p2a: Silvally|flinch
|
|upkeep
|turn|29
|
|t:|1635799466
|move|p1a: Noctowl|Air Slash|p2a: Silvally
|-damage|p2a: Silvally|39/100
|cant|p2a: Silvally|flinch
|
|upkeep
|turn|30
|
|t:|1635799473
|move|p1a: Noctowl|Air Slash|p2a: Silvally
|-damage|p2a: Silvally|16/100
|move|p2a: Silvally|Multi-Attack|p1a: Noctowl
|-damage|p1a: Noctowl|0 fnt
|faint|p1a: Noctowl
|
|upkeep
|
|t:|1635799480
|switch|p1a: Boltund|Boltund, M|53/100
|turn|31
|
|t:|1635799485
|switch|p2a: Frosmoth|Frosmoth, M|86/100
|move|p1a: Boltund|Crunch|p2a: Frosmoth
|-damage|p2a: Frosmoth|1/100
|
|upkeep
|turn|32
|
|t:|1635799490
|move|p1a: Boltund|Crunch|p2a: Frosmoth
|-damage|p2a: Frosmoth|0 fnt
|faint|p2a: Frosmoth
|
|upkeep
|
|t:|1635799500
|switch|p2a: Stunfisk|Stunfisk-Galar, F|56/100
|-damage|p2a: Stunfisk|53/100|[from] Stealth Rock
|turn|33
|
|t:|1635799503
|move|p1a: Boltund|Crunch|p2a: Stunfisk
|-damage|p2a: Stunfisk|19/100
|move|p2a: Stunfisk|Earthquake|p1a: Boltund
|-supereffective|p1a: Boltund
|-damage|p1a: Boltund|0 fnt
|faint|p1a: Boltund
|
|-heal|p2a: Stunfisk|25/100|[from] item: Leftovers
|upkeep
|
|t:|1635799512
|switch|p1a: Scrafty|Scrafty, F|83/100
|-ability|p1a: Scrafty|Intimidate|boost
|-unboost|p2a: Stunfisk|atk|1
|turn|34
|
|t:|1635799518
|move|p1a: Scrafty|Iron Head|p2a: Stunfisk
|-resisted|p2a: Stunfisk
|-damage|p2a: Stunfisk|20/100
|cant|p2a: Stunfisk|flinch
|
|-heal|p1a: Scrafty|89/100|[from] item: Leftovers
|-heal|p2a: Stunfisk|26/100|[from] item: Leftovers
|upkeep
|turn|35
|
|t:|1635799528
|move|p1a: Scrafty|Drain Punch|p2a: Stunfisk
|-supereffective|p2a: Stunfisk
|-damage|p2a: Stunfisk|0 fnt
|-heal|p1a: Scrafty|100/100|[from] drain|[of] p2a: Stunfisk
|faint|p2a: Stunfisk
|
|upkeep
|
|t:|1635799531
|switch|p2a: Silvally|Silvally-Fairy|16/100
|-damage|p2a: Silvally|4/100|[from] Stealth Rock
|turn|36
|
|t:|1635799536
|switch|p1a: Regirock|Regirock|71/100
|move|p2a: Silvally|Rest|p2a: Silvally
|-status|p2a: Silvally|slp|[from] move: Rest
|-heal|p2a: Silvally|100/100 slp|[silent]
|
|upkeep
|turn|37
|
|t:|1635799547
|move|p1a: Regirock|Protect|p1a: Regirock
|-singleturn|p1a: Regirock|Protect
|cant|p2a: Silvally|slp
|move|p2a: Silvally|Sleep Talk|p2a: Silvally
|move|p2a: Silvally|Roar|p1a: Regirock|[from]move: Sleep Talk
|drag|p1a: Scrafty|Scrafty, F|100/100
|-ability|p1a: Scrafty|Intimidate|boost
|-unboost|p2a: Silvally|atk|1
|
|upkeep
|turn|38
|
|t:|1635799556
|switch|p1a: Regirock|Regirock|71/100
|cant|p2a: Silvally|slp
|move|p2a: Silvally|Sleep Talk|p2a: Silvally
|move|p2a: Silvally|Roar|p1a: Regirock|[from]move: Sleep Talk
|drag|p1a: Scrafty|Scrafty, F|100/100
|-ability|p1a: Scrafty|Intimidate|boost
|-unboost|p2a: Silvally|atk|1
|
|upkeep
|turn|39
|
|t:|1635799568
|switch|p2a: Lunatone|Lunatone|94/100 tox
|-damage|p2a: Lunatone|82/100 tox|[from] Stealth Rock
|move|p1a: Scrafty|Bulk Up|p1a: Scrafty
|-boost|p1a: Scrafty|atk|1
|-boost|p1a: Scrafty|def|1
|
|-damage|p2a: Lunatone|76/100 tox|[from] psn
|upkeep
|turn|40
|
|t:|1635799581
|move|p2a: Lunatone|Stealth Rock|p1a: Scrafty
|-sidestart|p1: santi boyish|move: Stealth Rock
|move|p1a: Scrafty|Iron Head|p2a: Lunatone
|-supereffective|p2a: Lunatone
|-damage|p2a: Lunatone|10/100 tox
|
|-damage|p2a: Lunatone|0 fnt|[from] psn
|faint|p2a: Lunatone
|upkeep
|
|t:|1635799583
|switch|p2a: Silvally|Silvally-Fairy|100/100 slp
|-damage|p2a: Silvally|88/100 slp|[from] Stealth Rock
|turn|41
|
|t:|1635799590
|switch|p1a: Regirock|Regirock|71/100
|-damage|p1a: Regirock|59/100|[from] Stealth Rock
|-curestatus|p2a: Silvally|slp|[msg]
|move|p2a: Silvally|Multi-Attack|p1a: Regirock
|-damage|p1a: Regirock|43/100
|-damage|p2a: Silvally|72/100|[from] item: Rocky Helmet|[of] p1a: Regirock
|
|upkeep
|turn|42
|
|t:|1635799599
|move|p2a: Silvally|Multi-Attack|p1a: Regirock
|-damage|p1a: Regirock|28/100
|-damage|p2a: Silvally|55/100|[from] item: Rocky Helmet|[of] p1a: Regirock
|move|p1a: Regirock|Toxic|p2a: Silvally
|-status|p2a: Silvally|tox
|
|-damage|p2a: Silvally|49/100 tox|[from] psn
|upkeep
|turn|43
|
|t:|1635799612
|move|p2a: Silvally|Rest|p2a: Silvally
|-status|p2a: Silvally|slp|[from] move: Rest
|-heal|p2a: Silvally|100/100 slp|[silent]
|move|p1a: Regirock|Body Press|p2a: Silvally
|-resisted|p2a: Silvally
|-damage|p2a: Silvally|87/100 slp
|
|upkeep
|turn|44
|
|t:|1635799622
|switch|p1a: Scrafty|Scrafty, F|100/100
|-damage|p1a: Scrafty|95/100|[from] Stealth Rock
|-ability|p1a: Scrafty|Intimidate|boost
|-unboost|p2a: Silvally|atk|1
|cant|p2a: Silvally|slp
|move|p2a: Silvally|Sleep Talk|p2a: Silvally
|move|p2a: Silvally|Multi-Attack|p1a: Scrafty|[from]move: Sleep Talk
|-supereffective|p1a: Scrafty
|-damage|p1a: Scrafty|3/100
|
|-heal|p1a: Scrafty|9/100|[from] item: Leftovers
|upkeep
|turn|45
|
|t:|1635799635
|cant|p2a: Silvally|slp
|move|p2a: Silvally|Sleep Talk|p2a: Silvally
|move|p2a: Silvally|Roar|p1a: Scrafty|[from]move: Sleep Talk
|drag|p1a: Regirock|Regirock|28/100
|-damage|p1a: Regirock|16/100|[from] Stealth Rock
|
|upkeep
|turn|46
|-message|santi boyish forfeited.
|
|win|one of the bouys
|raw|santi boyish's rating: 1213 &rarr; <strong>1206</strong><br />(-7 for losing)
|raw|one of the bouys's rating: 1530 &rarr; <strong>1536</strong><br />(+6 for winning)
|l|☆santi boyish
