|j|☆bababi
|j|☆yassy slay
|t:|1642788864
|gametype|singles
|player|p1|bababi|cress|1565
|player|p2|yassy slay|clown|1490
|teamsize|p1|6
|teamsize|p2|6
|gen|8
|tier|[Gen 8] PU
|rated|
|rule|Sleep Clause Mod: Limit one foe put to sleep
|rule|Species Clause: Limit one of each Pokémon
|rule|OHKO Clause: OHKO moves are banned
|rule|Evasion Moves Clause: Evasion moves are banned
|rule|Endless Battle Clause: Forcing endless battles is banned
|rule|HP Percentage Mod: HP is shown in percentages
|rule|Dynamax Clause: You cannot dynamax
|clearpoke
|poke|p1|Perrserker, F|
|poke|p1|Gigalith, F|
|poke|p1|Aromatisse, M|
|poke|p1|Altaria, M|
|poke|p1|Persian-Alola, F|
|poke|p1|Sandslash, M|
|poke|p2|Flapple, M|
|poke|p2|Archeops, F|
|poke|p2|Magneton|
|poke|p2|Accelgor, F|
|poke|p2|Runerigus, F|
|poke|p2|Scrafty, M|
|teampreview
|
|t:|1642788890
|start
|switch|p1a: Persian|Persian-Alola, F|100/100
|switch|p2a: Accelgor|Accelgor, F|100/100
|turn|1
|
|t:|1642788909
|switch|p1a: Gigalith|Gigalith, F|100/100
|-weather|Sandstorm|[from] ability: Sand Stream|[of] p1a: Gigalith
|move|p2a: Accelgor|Spikes|p1a: Gigalith
|-sidestart|p1: bababi|Spikes
|
|-weather|Sandstorm|[upkeep]
|-damage|p2a: Accelgor|94/100|[from] Sandstorm
|upkeep
|turn|2
|
|t:|1642788920
|switch|p2a: Scrafty|Scrafty, M|100/100
|move|p1a: Gigalith|Stealth Rock|p2a: Scrafty
|-sidestart|p2: yassy slay|move: Stealth Rock
|
|-weather|Sandstorm|[upkeep]
|-damage|p2a: Scrafty|95/100|[from] Sandstorm
|-heal|p2a: Scrafty|100/100|[from] item: Leftovers
|upkeep
|turn|3
|
|t:|1642788923
|switch|p1a: Aromatisse|Aromatisse, M|100/100
|-damage|p1a: Aromatisse|88/100|[from] Spikes
|move|p2a: Scrafty|Knock Off|p1a: Aromatisse
|-resisted|p1a: Aromatisse
|-damage|p1a: Aromatisse|73/100
|-enditem|p1a: Aromatisse|Leftovers|[from] move: Knock Off|[of] p2a: Scrafty
|
|-weather|Sandstorm|[upkeep]
|-damage|p2a: Scrafty|95/100|[from] Sandstorm
|-damage|p1a: Aromatisse|67/100|[from] Sandstorm
|-heal|p2a: Scrafty|100/100|[from] item: Leftovers
|upkeep
|turn|4
|
|t:|1642788928
|switch|p2a: Magneton|Magneton|100/100
|-damage|p2a: Magneton|94/100|[from] Stealth Rock
|move|p1a: Aromatisse|Wish|p1a: Aromatisse
|
|-weather|Sandstorm|[upkeep]
|-damage|p1a: Aromatisse|61/100|[from] Sandstorm
|upkeep
|turn|5
|
|t:|1642788932
|move|p1a: Aromatisse|Protect|p1a: Aromatisse
|-singleturn|p1a: Aromatisse|Protect
|move|p2a: Magneton|Flash Cannon|p1a: Aromatisse
|-activate|p1a: Aromatisse|move: Protect
|
|-weather|none
|-heal|p1a: Aromatisse|100/100|[from] move: Wish|[wisher] Aromatisse
|upkeep
|turn|6
|
|t:|1642788935
|switch|p1a: Sandslash|Sandslash, M|100/100
|-damage|p1a: Sandslash|88/100|[from] Spikes
|move|p2a: Magneton|Flash Cannon|p1a: Sandslash
|-damage|p1a: Sandslash|0 fnt
|faint|p1a: Sandslash
|
|upkeep
|
|t:|1642788940
|switch|p1a: Gigalith|Gigalith, F|100/100
|-damage|p1a: Gigalith|88/100|[from] Spikes
|-weather|Sandstorm|[from] ability: Sand Stream|[of] p1a: Gigalith
|turn|7
|
|t:|1642788946
|move|p2a: Magneton|Volt Switch|p1a: Gigalith
|-damage|p1a: Gigalith|68/100
|
|t:|1642788949
|switch|p2a: Runerigus|Runerigus, F|100/100|[from]move: Volt Switch
|-damage|p2a: Runerigus|94/100|[from] Stealth Rock
|move|p1a: Gigalith|Earthquake|p2a: Runerigus
|-damage|p2a: Runerigus|76/100
|
|-weather|Sandstorm|[upkeep]
|-heal|p2a: Runerigus|82/100|[from] item: Leftovers
|-heal|p1a: Gigalith|74/100|[from] item: Leftovers
|upkeep
|turn|8
|
|t:|1642788957
|switch|p1a: Altaria|Altaria, M|100/100
|move|p2a: Runerigus|Toxic Spikes|p1a: Altaria
|-sidestart|p1: bababi|move: Toxic Spikes
|
|-weather|Sandstorm|[upkeep]
|-damage|p1a: Altaria|94/100|[from] Sandstorm
|-heal|p2a: Runerigus|88/100|[from] item: Leftovers
|upkeep
|turn|9
|
|t:|1642788960
|switch|p2a: Magneton|Magneton|94/100
|-damage|p2a: Magneton|88/100|[from] Stealth Rock
|move|p1a: Altaria|Defog|p2a: Magneton
|-unboost|p2a: Magneton|evasion|1
|-sideend|p2: yassy slay|Stealth Rock|[from] move: Defog|[of] p1a: Altaria
|-sideend|p1: bababi|Spikes|[from] move: Defog|[of] p1a: Altaria
|-sideend|p1: bababi|Toxic Spikes|[from] move: Defog|[of] p1a: Altaria
|
|-weather|Sandstorm|[upkeep]
|-damage|p1a: Altaria|88/100|[from] Sandstorm
|upkeep
|turn|10
|
|t:|1642788963
|move|p2a: Magneton|Flash Cannon|p1a: Altaria
|-damage|p1a: Altaria|55/100
|move|p1a: Altaria|Flamethrower|p2a: Magneton
|-supereffective|p2a: Magneton
|-damage|p2a: Magneton|55/100
|
|-weather|Sandstorm|[upkeep]
|-damage|p1a: Altaria|49/100|[from] Sandstorm
|upkeep
|turn|11
|
|t:|1642788966
|move|p2a: Magneton|Thunder|p1a: Altaria
|-damage|p1a: Altaria|2/100
|move|p1a: Altaria|Roost|p1a: Altaria
|-heal|p1a: Altaria|52/100
|-singleturn|p1a: Altaria|move: Roost
|
|-weather|none
|upkeep
|turn|12
|
|t:|1642788971
|move|p2a: Magneton|Volt Switch|p1a: Altaria
|-damage|p1a: Altaria|21/100
|
|t:|1642788975
|switch|p2a: Archeops|Archeops, F|100/100|[from]move: Volt Switch
|move|p1a: Altaria|Roost|p1a: Altaria
|-heal|p1a: Altaria|71/100
|-singleturn|p1a: Altaria|move: Roost
|
|upkeep
|turn|13
|
|t:|1642788981
|move|p2a: Archeops|Stone Edge|p1a: Altaria
|-supereffective|p1a: Altaria
|-damage|p1a: Altaria|0 fnt
|faint|p1a: Altaria
|
|upkeep
|
|t:|1642788985
|switch|p1a: Persian|Persian-Alola, F|100/100
|turn|14
|
|t:|1642788993
|switch|p2a: Accelgor|Accelgor, F|94/100
|move|p1a: Persian|Parting Shot|p2a: Accelgor
|-unboost|p2a: Accelgor|atk|1
|-unboost|p2a: Accelgor|spa|1
|
|t:|1642788995
|switch|p1a: Gigalith|Gigalith, F|74/100|[from]move: Parting Shot
|-weather|Sandstorm|[from] ability: Sand Stream|[of] p1a: Gigalith
|
|-weather|Sandstorm|[upkeep]
|-damage|p2a: Accelgor|88/100|[from] Sandstorm
|-heal|p1a: Gigalith|80/100|[from] item: Leftovers
|upkeep
|turn|15
|
|t:|1642789007
|switch|p2a: Runerigus|Runerigus, F|88/100
|switch|p1a: Aromatisse|Aromatisse, M|100/100
|
|-weather|Sandstorm|[upkeep]
|-damage|p1a: Aromatisse|94/100|[from] Sandstorm
|-heal|p2a: Runerigus|95/100|[from] item: Leftovers
|upkeep
|turn|16
|
|t:|1642789009
|move|p2a: Runerigus|Toxic Spikes|p1a: Aromatisse
|-sidestart|p1: bababi|move: Toxic Spikes
|move|p1a: Aromatisse|Moonblast|p2a: Runerigus
|-damage|p2a: Runerigus|60/100
|-unboost|p2a: Runerigus|spa|1
|
|-weather|Sandstorm|[upkeep]
|-damage|p1a: Aromatisse|88/100|[from] Sandstorm
|-heal|p2a: Runerigus|66/100|[from] item: Leftovers
|upkeep
|turn|17
|
|t:|1642789019
|switch|p2a: Magneton|Magneton|55/100
|move|p1a: Aromatisse|Moonblast|p2a: Magneton
|-resisted|p2a: Magneton
|-damage|p2a: Magneton|39/100
|
|-weather|Sandstorm|[upkeep]
|-damage|p1a: Aromatisse|82/100|[from] Sandstorm
|upkeep
|turn|18
|
|t:|1642789024
|move|p1a: Aromatisse|Protect|p1a: Aromatisse
|-singleturn|p1a: Aromatisse|Protect
|move|p2a: Magneton|Flash Cannon|p1a: Aromatisse
|-activate|p1a: Aromatisse|move: Protect
|
|-weather|none
|upkeep
|turn|19
|
|t:|1642789029
|switch|p1a: Perrserker|Perrserker, F|100/100
|move|p2a: Magneton|Flash Cannon|p1a: Perrserker
|-resisted|p1a: Perrserker
|-damage|p1a: Perrserker|51/100
|
|-heal|p1a: Perrserker|57/100|[from] item: Leftovers
|upkeep
|turn|20
|
|t:|1642789032
|move|p2a: Magneton|Volt Switch|p1a: Perrserker
|-damage|p1a: Perrserker|0 fnt
|faint|p1a: Perrserker
|
|t:|1642789040
|switch|p2a: Flapple|Flapple, M|100/100|[from]move: Volt Switch
|
|upkeep
|
|t:|1642789044
|switch|p1a: Persian|Persian-Alola, F|100/100
|turn|21
|
|t:|1642789048
|move|p1a: Persian|Foul Play|p2a: Flapple
|-damage|p2a: Flapple|64/100
|move|p2a: Flapple|Draco Meteor|p1a: Persian
|-damage|p1a: Persian|8/100
|-unboost|p2a: Flapple|spa|2
|
|upkeep
|turn|22
|
|t:|1642789055
|move|p1a: Persian|Parting Shot|p2a: Flapple
|-unboost|p2a: Flapple|atk|1
|-unboost|p2a: Flapple|spa|1
|
|t:|1642789057
|switch|p1a: Aromatisse|Aromatisse, M|82/100|[from]move: Parting Shot
|-status|p1a: Aromatisse|psn
|move|p2a: Flapple|Energy Ball|p1a: Aromatisse
|-damage|p1a: Aromatisse|66/100 psn
|
|-damage|p1a: Aromatisse|53/100 psn|[from] psn
|upkeep
|turn|23
|
|t:|1642789062
|switch|p2a: Magneton|Magneton|39/100
|move|p1a: Aromatisse|Wish|p1a: Aromatisse
|
|-damage|p1a: Aromatisse|41/100 psn|[from] psn
|upkeep
|turn|24
|-message|bababi forfeited.
|
|win|yassy slay
|raw|bababi's rating: 1565 &rarr; <strong>1541</strong><br />(-24 for losing)
|raw|yassy slay's rating: 1490 &rarr; <strong>1514</strong><br />(+24 for winning)
|l|☆bababi
