|j|☆Play New Mystery
|j|☆panned bomb
|t:|1643017359
|gametype|singles
|player|p1|Play New Mystery|skyla|1334
|player|p2|panned bomb|169|1447
|teamsize|p1|6
|teamsize|p2|6
|gen|8
|tier|[Gen 8] PU
|rated|
|rule|Sleep Clause Mod: Limit one foe put to sleep
|rule|Species Clause: Limit one of each Pokémon
|rule|OHKO Clause: OHKO moves are banned
|rule|Evasion Moves Clause: Evasion moves are banned
|rule|Endless Battle Clause: Forcing endless battles is banned
|rule|HP Percentage Mod: HP is shown in percentages
|rule|Dynamax Clause: You cannot dynamax
|clearpoke
|poke|p1|Charizard, M|
|poke|p1|Mesprit|
|poke|p1|Shiftry, M|
|poke|p1|Jolteon, F|
|poke|p1|Accelgor, F|
|poke|p1|Drifblim, M|
|poke|p2|Frosmoth, M|
|poke|p2|Lunatone|
|poke|p2|Charizard, M|
|poke|p2|Gourgeist-*, M|
|poke|p2|Palossand, F|
|poke|p2|Druddigon, M|
|teampreview
|
|t:|1643017379
|start
|switch|p1a: Corporal Bestie|Accelgor, F|100/100
|switch|p2a: Palossand|Palossand, F|100/100
|turn|1
|
|t:|1643017387
|move|p1a: Corporal Bestie|U-turn|p2a: Palossand
|-resisted|p2a: Palossand
|-crit|p2a: Palossand
|-damage|p2a: Palossand|93/100
|
|t:|1643017396
|switch|p1a: Sergeant Scrimblo|Shiftry, M|100/100|[from]move: U-turn
|move|p2a: Palossand|Shadow Ball|p1a: Sergeant Scrimblo
|-resisted|p1a: Sergeant Scrimblo
|-damage|p1a: Sergeant Scrimblo|79/100
|-unboost|p1a: Sergeant Scrimblo|spd|1
|
|upkeep
|turn|2
|
|t:|1643017404
|switch|p2a: Druddigon|Druddigon, M|100/100
|move|p1a: Sergeant Scrimblo|Knock Off|p2a: Druddigon
|-damage|p2a: Druddigon|53/100
|-damage|p1a: Sergeant Scrimblo|67/100|[from] ability: Rough Skin|[of] p2a: Druddigon
|-damage|p1a: Sergeant Scrimblo|50/100|[from] item: Rocky Helmet|[of] p2a: Druddigon
|-enditem|p2a: Druddigon|Rocky Helmet|[from] move: Knock Off|[of] p1a: Sergeant Scrimblo
|-damage|p1a: Sergeant Scrimblo|40/100|[from] item: Life Orb
|
|upkeep
|turn|3
|
|t:|1643017415
|move|p1a: Sergeant Scrimblo|Explosion|p2a: Druddigon
|-damage|p2a: Druddigon|0 fnt
|faint|p1a: Sergeant Scrimblo
|faint|p2a: Druddigon
|
|upkeep
|
|t:|1643017431
|switch|p1a: Lieutenant Bingus|Jolteon, F|100/100
|switch|p2a: Gourgeist|Gourgeist-Small, M|100/100
|-item|p1a: Lieutenant Bingus|Heat Rock|[from] ability: Frisk|[of] p2a: Gourgeist|[identify]
|turn|4
|
|t:|1643017445
|move|p2a: Gourgeist|Power Whip|p1a: Lieutenant Bingus
|-damage|p1a: Lieutenant Bingus|11/100
|move|p1a: Lieutenant Bingus|Sunny Day|p1a: Lieutenant Bingus
|-weather|SunnyDay
|
|-weather|SunnyDay|[upkeep]
|upkeep
|turn|5
|
|t:|1643017454
|switch|p1a: Comrade Oomfie|Charizard, M, shiny|100/100
|move|p2a: Gourgeist|Power Whip|p1a: Comrade Oomfie
|-resisted|p1a: Comrade Oomfie
|-damage|p1a: Comrade Oomfie|84/100
|
|-weather|SunnyDay|[upkeep]
|-damage|p1a: Comrade Oomfie|71/100|[from] ability: Solar Power|[of] p1a: Comrade Oomfie
|upkeep
|turn|6
|
|t:|1643017467
|switch|p2a: Charizard|Charizard, M|100/100
|move|p1a: Comrade Oomfie|Fire Blast|p2a: Charizard
|-resisted|p2a: Charizard
|-damage|p2a: Charizard|0 fnt
|faint|p2a: Charizard
|
|-weather|SunnyDay|[upkeep]
|-damage|p1a: Comrade Oomfie|59/100|[from] ability: Solar Power|[of] p1a: Comrade Oomfie
|upkeep
|
|t:|1643017483
|switch|p2a: Gourgeist|Gourgeist-Small, M|100/100
|-item|p1a: Comrade Oomfie|Choice Specs|[from] ability: Frisk|[of] p2a: Gourgeist|[identify]
|turn|7
|
|t:|1643017493
|switch|p1a: Lieutenant Bingus|Jolteon, F|11/100
|move|p2a: Gourgeist|Poltergeist|p1a: Lieutenant Bingus
|-activate|p1a: Lieutenant Bingus|move: Poltergeist|Heat Rock
|-damage|p1a: Lieutenant Bingus|0 fnt
|faint|p1a: Lieutenant Bingus
|
|-weather|SunnyDay|[upkeep]
|upkeep
|
|t:|1643017505
|switch|p1a: Corporal Bestie|Accelgor, F|100/100
|turn|8
|
|t:|1643017511
|move|p1a: Corporal Bestie|Bug Buzz|p2a: Gourgeist
|-damage|p2a: Gourgeist|20/100
|move|p2a: Gourgeist|Poltergeist|p1a: Corporal Bestie
|-activate|p1a: Corporal Bestie|move: Poltergeist|Choice Scarf
|-damage|p1a: Corporal Bestie|15/100
|
|-weather|SunnyDay|[upkeep]
|upkeep
|turn|9
|
|t:|1643017521
|switch|p2a: Palossand|Palossand, F|93/100
|move|p1a: Corporal Bestie|Bug Buzz|p2a: Palossand
|-resisted|p2a: Palossand
|-damage|p2a: Palossand|67/100
|
|-weather|SunnyDay|[upkeep]
|upkeep
|turn|10
|
|t:|1643017528
|switch|p1a: Comrade Oomfie|Charizard, M, shiny|59/100
|move|p2a: Palossand|Stealth Rock|p1a: Comrade Oomfie
|-sidestart|p1: Play New Mystery|move: Stealth Rock
|
|-weather|SunnyDay|[upkeep]
|-damage|p1a: Comrade Oomfie|46/100|[from] ability: Solar Power|[of] p1a: Comrade Oomfie
|upkeep
|turn|11
|
|t:|1643017542
|switch|p2a: Lunatone|Lunatone|100/100
|move|p1a: Comrade Oomfie|Flamethrower|p2a: Lunatone
|-resisted|p2a: Lunatone
|-damage|p2a: Lunatone|23/100
|
|-weather|none
|-heal|p2a: Lunatone|29/100|[from] item: Leftovers
|upkeep
|turn|12
|
|t:|1643017544
|move|p1a: Comrade Oomfie|Flamethrower|p2a: Lunatone
|-resisted|p2a: Lunatone
|-damage|p2a: Lunatone|0 fnt
|faint|p2a: Lunatone
|
|upkeep
|
|t:|1643017551
|switch|p2a: Gourgeist|Gourgeist-Small, M|20/100
|-item|p1a: Comrade Oomfie|Choice Specs|[from] ability: Frisk|[of] p2a: Gourgeist|[identify]
|turn|13
|
|t:|1643017553
|move|p2a: Gourgeist|Poltergeist|p1a: Comrade Oomfie
|-activate|p1a: Comrade Oomfie|move: Poltergeist|Choice Specs
|-damage|p1a: Comrade Oomfie|0 fnt
|faint|p1a: Comrade Oomfie
|
|upkeep
|
|t:|1643017556
|switch|p1a: Colonel Scrunkly|Mesprit|100/100
|-damage|p1a: Colonel Scrunkly|88/100|[from] Stealth Rock
|turn|14
|
|t:|1643017559
|move|p2a: Gourgeist|Poltergeist|p1a: Colonel Scrunkly
|-activate|p1a: Colonel Scrunkly|move: Poltergeist|Mental Herb
|-supereffective|p1a: Colonel Scrunkly
|-damage|p1a: Colonel Scrunkly|27/100
|move|p1a: Colonel Scrunkly|Thunder Wave|p2a: Gourgeist
|-status|p2a: Gourgeist|par
|
|upkeep
|turn|15
|
|t:|1643017571
|move|p2a: Gourgeist|Poltergeist|p1a: Colonel Scrunkly
|-activate|p1a: Colonel Scrunkly|move: Poltergeist|Mental Herb
|-supereffective|p1a: Colonel Scrunkly
|-damage|p1a: Colonel Scrunkly|0 fnt
|faint|p1a: Colonel Scrunkly
|
|upkeep
|
|t:|1643017573
|switch|p1a: Duke Tanas|Drifblim, M|100/100
|-damage|p1a: Duke Tanas|76/100|[from] Stealth Rock
|turn|16
|
|t:|1643017578
|move|p2a: Gourgeist|Poltergeist|p1a: Duke Tanas
|-activate|p1a: Duke Tanas|move: Poltergeist|Sitrus Berry
|-supereffective|p1a: Duke Tanas
|-damage|p1a: Duke Tanas|0 fnt
|faint|p1a: Duke Tanas
|
|upkeep
|
|t:|1643017580
|switch|p1a: Corporal Bestie|Accelgor, F|15/100
|-damage|p1a: Corporal Bestie|0 fnt|[from] Stealth Rock
|faint|p1a: Corporal Bestie
|
|win|panned bomb
|raw|Play New Mystery's rating: 1334 &rarr; <strong>1320</strong><br />(-14 for losing)
|raw|panned bomb's rating: 1447 &rarr; <strong>1461</strong><br />(+14 for winning)
|l|☆Play New Mystery
