|j|☆BiscotteKouloulou
|j|☆Haffling
|t:|1665856076
|gametype|singles
|player|p1|BiscotteKouloulou|unknown|
|player|p2|Haffling|cyrus|
|teamsize|p1|6
|teamsize|p2|6
|gen|8
|tier|[Gen 8] PU
|rated|Tournament battle
|rule|Sleep Clause Mod: Limit one foe put to sleep
|rule|Species Clause: Limit one of each Pokémon
|rule|OHKO Clause: OHKO moves are banned
|rule|Evasion Items Clause: Evasion items are banned
|rule|Evasion Moves Clause: Evasion moves are banned
|rule|Endless Battle Clause: Forcing endless battles is banned
|rule|HP Percentage Mod: HP is shown in percentages
|rule|Dynamax Clause: You cannot dynamax
|clearpoke
|poke|p1|Ferroseed, M|
|poke|p1|Gigalith, F|
|poke|p1|Centiskorch, M|
|poke|p1|Rhydon, F|
|poke|p1|Ribombee, F|
|poke|p1|Poliwrath, M|
|poke|p2|Arctovish|
|poke|p2|Gigalith, M|
|poke|p2|Mesprit|
|poke|p2|Eldegoss, F|
|poke|p2|Scrafty, M|
|poke|p2|Weezing, F|
|teampreview
|j|+Oathkeeper
|c|☆BiscotteKouloulou|glhf
|c|☆Haffling|u2
|inactive|Battle timer is ON: inactive players will automatically lose when time's up. (requested by Haffling)
|
|t:|1665856112
|start
|switch|p1a: Rhydon|Rhydon, F|100/100
|switch|p2a: Weezing|Weezing, F|100/100
|-ability|p2a: Weezing|Neutralizing Gas
|turn|1
|inactive|BiscotteKouloulou has 120 seconds left.
|
|t:|1665856154
|move|p1a: Rhydon|Earthquake|p2a: Weezing
|-supereffective|p2a: Weezing
|-damage|p2a: Weezing|21/100
|move|p2a: Weezing|Toxic Spikes|p1a: Rhydon
|-sidestart|p1: BiscotteKouloulou|move: Toxic Spikes
|
|-heal|p2a: Weezing|27/100|[from] item: Black Sludge
|upkeep
|turn|2
|j| BEBE_land9
|l| BEBE_land9
|
|t:|1665856165
|-end|p2a: Weezing|ability: Neutralizing Gas
|switch|p2a: Mesprit|Mesprit|100/100
|move|p1a: Rhydon|Heat Crash|p2a: Mesprit
|-damage|p2a: Mesprit|48/100
|
|upkeep
|turn|3
|
|t:|1665856178
|move|p2a: Mesprit|U-turn|p1a: Rhydon
|-damage|p1a: Rhydon|92/100
|
|t:|1665856183
|switch|p2a: Eldegoss|Eldegoss, F|100/100|[from]move: U-turn
|move|p1a: Rhydon|Heat Crash|p2a: Eldegoss
|-supereffective|p2a: Eldegoss
|-damage|p2a: Eldegoss|32/100
|
|upkeep
|turn|4
|
|t:|1665856189
|switch|p2a: Scrafty|Scrafty, M|100/100
|move|p1a: Rhydon|Heat Crash|p2a: Scrafty
|-damage|p2a: Scrafty|63/100
|
|-heal|p2a: Scrafty|69/100|[from] item: Leftovers
|upkeep
|turn|5
|
|t:|1665856198
|switch|p1a: Poliwrath|Poliwrath, M|100/100
|-status|p1a: Poliwrath|psn
|move|p2a: Scrafty|Knock Off|p1a: Poliwrath
|-resisted|p1a: Poliwrath
|-damage|p1a: Poliwrath|90/100 psn
|-damage|p2a: Scrafty|53/100|[from] item: Rocky Helmet|[of] p1a: Poliwrath
|-enditem|p1a: Poliwrath|Rocky Helmet|[from] move: Knock Off|[of] p2a: Scrafty
|
|-heal|p2a: Scrafty|59/100|[from] item: Leftovers
|-damage|p1a: Poliwrath|78/100 psn|[from] psn
|upkeep
|turn|6
|
|t:|1665856204
|switch|p2a: Eldegoss|Eldegoss, F|65/100
|move|p1a: Poliwrath|Toxic|p2a: Eldegoss
|-status|p2a: Eldegoss|tox
|
|-damage|p1a: Poliwrath|66/100 psn|[from] psn
|-damage|p2a: Eldegoss|59/100 tox|[from] psn
|upkeep
|turn|7
|
|t:|1665856218
|switch|p1a: Centiskorch|Centiskorch, M|100/100
|move|p2a: Eldegoss|Leech Seed|p1a: Centiskorch
|-start|p1a: Centiskorch|move: Leech Seed
|
|-damage|p1a: Centiskorch|88/100|[from] Leech Seed|[of] p2a: Eldegoss
|-heal|p2a: Eldegoss|72/100 tox|[silent]
|-damage|p2a: Eldegoss|60/100 tox|[from] psn
|upkeep
|turn|8
|j| Generation10
|
|t:|1665856228
|switch|p2a: Scrafty|Scrafty, M|59/100
|move|p1a: Centiskorch|Power Whip|p2a: Scrafty
|-damage|p2a: Scrafty|20/100
|
|-heal|p2a: Scrafty|26/100|[from] item: Leftovers
|-damage|p1a: Centiskorch|76/100|[from] Leech Seed|[of] p2a: Scrafty
|-heal|p2a: Scrafty|38/100|[silent]
|upkeep
|turn|9
|inactive|BiscotteKouloulou has 120 seconds left.
|
|t:|1665856260
|switch|p2a: Gigalith|Gigalith, M|100/100
|-weather|Sandstorm|[from] ability: Sand Stream|[of] p2a: Gigalith
|move|p1a: Centiskorch|Leech Life|p2a: Gigalith
|-damage|p2a: Gigalith|71/100
|-heal|p1a: Centiskorch|92/100|[from] drain|[of] p2a: Gigalith
|
|-weather|Sandstorm|[upkeep]
|-damage|p1a: Centiskorch|86/100|[from] Sandstorm
|-heal|p2a: Gigalith|78/100|[from] item: Leftovers
|-damage|p1a: Centiskorch|74/100|[from] Leech Seed|[of] p2a: Gigalith
|-heal|p2a: Gigalith|89/100|[silent]
|upkeep
|turn|10
|j| Creeperman129Poke
|inactive|BiscotteKouloulou has 120 seconds left.
|l| Creeperman129Poke
|
|t:|1665856279
|switch|p1a: Rhydon|Rhydon, F|92/100
|-status|p1a: Rhydon|psn
|move|p2a: Gigalith|Stealth Rock|p1a: Rhydon
|-sidestart|p1: BiscotteKouloulou|move: Stealth Rock
|
|-weather|Sandstorm|[upkeep]
|-heal|p2a: Gigalith|95/100|[from] item: Leftovers
|-damage|p1a: Rhydon|80/100 psn|[from] psn
|upkeep
|turn|11
|inactive|BiscotteKouloulou has 120 seconds left.
|
|t:|1665856303
|switch|p2a: Scrafty|Scrafty, M|38/100
|move|p1a: Rhydon|Earthquake|p2a: Scrafty
|-damage|p2a: Scrafty|0 fnt
|faint|p2a: Scrafty
|
|-weather|Sandstorm|[upkeep]
|-damage|p1a: Rhydon|67/100 psn|[from] psn
|upkeep
|
|t:|1665856307
|switch|p2a: Arctovish|Arctovish|100/100
|turn|12
|
|t:|1665856313
|switch|p1a: Poliwrath|Poliwrath, M|66/100 psn
|-damage|p1a: Poliwrath|60/100 psn|[from] Stealth Rock
|move|p2a: Arctovish|Fishious Rend|p1a: Poliwrath
|-heal|p1a: Poliwrath|84/100 psn|[from] ability: Water Absorb|[of] p2a: Arctovish
|
|-weather|Sandstorm|[upkeep]
|-damage|p2a: Arctovish|94/100|[from] Sandstorm
|-damage|p1a: Poliwrath|78/100 psn|[from] Sandstorm
|-damage|p1a: Poliwrath|66/100 psn|[from] psn
|upkeep
|turn|13
|
|t:|1665856328
|switch|p2a: Mesprit|Mesprit|48/100
|move|p1a: Poliwrath|Circle Throw|p2a: Mesprit
|-resisted|p2a: Mesprit
|-damage|p2a: Mesprit|38/100
|drag|p2a: Arctovish|Arctovish|94/100
|
|-weather|none
|-damage|p1a: Poliwrath|54/100 psn|[from] psn
|upkeep
|turn|14
|
|t:|1665856337
|move|p2a: Arctovish|Psychic Fangs|p1a: Poliwrath
|-supereffective|p1a: Poliwrath
|-damage|p1a: Poliwrath|1/100 psn
|move|p1a: Poliwrath|Rest|p1a: Poliwrath
|-status|p1a: Poliwrath|slp|[from] move: Rest
|-heal|p1a: Poliwrath|100/100 slp|[silent]
|
|upkeep
|turn|15
|
|t:|1665856344
|switch|p2a: Weezing|Weezing, F|27/100
|-ability|p2a: Weezing|Neutralizing Gas
|switch|p1a: Ferroseed|Ferroseed, M|100/100
|-damage|p1a: Ferroseed|94/100|[from] Stealth Rock
|
|-heal|p2a: Weezing|33/100|[from] item: Black Sludge
|upkeep
|turn|16
|
|t:|1665856355
|switch|p1a: Centiskorch|Centiskorch, M|74/100
|move|p2a: Weezing|Flamethrower|p1a: Centiskorch
|-damage|p1a: Centiskorch|53/100
|
|-heal|p2a: Weezing|39/100|[from] item: Black Sludge
|upkeep
|turn|17
|
|t:|1665856369
|-end|p2a: Weezing|ability: Neutralizing Gas
|switch|p2a: Gigalith|Gigalith, M|95/100
|-weather|Sandstorm|[from] ability: Sand Stream|[of] p2a: Gigalith
|move|p1a: Centiskorch|Fire Lash|p2a: Gigalith
|-resisted|p2a: Gigalith
|-crit|p2a: Gigalith
|-damage|p2a: Gigalith|72/100
|-unboost|p2a: Gigalith|def|1
|
|-weather|Sandstorm|[upkeep]
|-damage|p1a: Centiskorch|47/100|[from] Sandstorm
|-heal|p2a: Gigalith|79/100|[from] item: Leftovers
|upkeep
|turn|18
|
|t:|1665856379
|move|p2a: Gigalith|Protect|p2a: Gigalith
|-singleturn|p2a: Gigalith|Protect
|move|p1a: Centiskorch|Fire Lash|p2a: Gigalith
|-activate|p2a: Gigalith|move: Protect
|
|-weather|Sandstorm|[upkeep]
|-damage|p1a: Centiskorch|40/100|[from] Sandstorm
|-heal|p2a: Gigalith|85/100|[from] item: Leftovers
|upkeep
|turn|19
|
|t:|1665856397
|move|p1a: Centiskorch|Power Whip|p2a: Gigalith|[miss]
|-miss|p1a: Centiskorch|p2a: Gigalith
|move|p2a: Gigalith|Rock Blast|p1a: Centiskorch
|-supereffective|p1a: Centiskorch
|-damage|p1a: Centiskorch|0 fnt
|faint|p1a: Centiskorch
|-hitcount|p1: Centiskorch|1
|
|-weather|Sandstorm|[upkeep]
|-heal|p2a: Gigalith|91/100|[from] item: Leftovers
|upkeep
|
|t:|1665856405
|switch|p1a: Rhydon|Rhydon, F|67/100 psn
|-damage|p1a: Rhydon|61/100 psn|[from] Stealth Rock
|turn|20
|
|t:|1665856412
|move|p2a: Gigalith|Protect|p2a: Gigalith
|-singleturn|p2a: Gigalith|Protect
|move|p1a: Rhydon|Rock Polish|p1a: Rhydon
|-boost|p1a: Rhydon|spe|2
|
|-weather|Sandstorm|[upkeep]
|-heal|p2a: Gigalith|97/100|[from] item: Leftovers
|-damage|p1a: Rhydon|49/100 psn|[from] psn
|upkeep
|turn|21
|
|t:|1665856421
|switch|p2a: Eldegoss|Eldegoss, F|93/100 tox
|move|p1a: Rhydon|Earthquake|p2a: Eldegoss
|-resisted|p2a: Eldegoss
|-damage|p2a: Eldegoss|68/100 tox
|
|-weather|none
|-damage|p1a: Rhydon|36/100 psn|[from] psn
|-damage|p2a: Eldegoss|62/100 tox|[from] psn
|upkeep
|turn|22
|
|t:|1665856435
|move|p1a: Rhydon|Earthquake|p2a: Eldegoss
|-resisted|p2a: Eldegoss
|-damage|p2a: Eldegoss|38/100 tox
|move|p2a: Eldegoss|Giga Drain|p1a: Rhydon
|-supereffective|p1a: Rhydon
|-damage|p1a: Rhydon|0 fnt
|-heal|p2a: Eldegoss|58/100 tox|[from] drain|[of] p1a: Rhydon
|faint|p1a: Rhydon
|
|-damage|p2a: Eldegoss|45/100 tox|[from] psn
|upkeep
|
|t:|1665856444
|switch|p1a: Ferroseed|Ferroseed, M|94/100
|-damage|p1a: Ferroseed|88/100|[from] Stealth Rock
|turn|23
|
|t:|1665856453
|move|p2a: Eldegoss|Aromatherapy|p2a: Eldegoss
|-activate|p2a: Eldegoss|move: Aromatherapy
|-curestatus|p2a: Eldegoss|tox|[msg]
|move|p1a: Ferroseed|Spikes|p2a: Eldegoss
|-sidestart|p2: Haffling|Spikes
|
|upkeep
|turn|24
|
|t:|1665856459
|switch|p2a: Mesprit|Mesprit|38/100
|move|p1a: Ferroseed|Thunder Wave|p2a: Mesprit
|-status|p2a: Mesprit|par
|
|upkeep
|turn|25
|
|t:|1665856461
|move|p2a: Mesprit|Healing Wish|p2a: Mesprit
|faint|p2a: Mesprit
|move|p1a: Ferroseed|Knock Off|p2: Mesprit|[notarget]
|-fail|p1a: Ferroseed
|
|upkeep
|
|t:|1665856466
|switch|p2a: Weezing|Weezing, F|39/100
|-ability|p2a: Weezing|Neutralizing Gas
|-heal|p2a: Weezing|100/100|[from] move: Healing Wish
|-damage|p2a: Weezing|88/100|[from] Spikes
|turn|26
|
|t:|1665856474
|switch|p1a: Gigalith|Gigalith, F|100/100
|-status|p1a: Gigalith|psn
|-damage|p1a: Gigalith|88/100 psn|[from] Stealth Rock
|move|p2a: Weezing|Flamethrower|p1a: Gigalith
|-resisted|p1a: Gigalith
|-damage|p1a: Gigalith|81/100 psn
|
|-heal|p2a: Weezing|94/100|[from] item: Black Sludge
|-heal|p1a: Gigalith|88/100 psn|[from] item: Leftovers
|-damage|p1a: Gigalith|75/100 psn|[from] psn
|upkeep
|turn|27
|
|t:|1665856480
|-end|p2a: Weezing|ability: Neutralizing Gas
|-weather|Sandstorm|[from] ability: Sand Stream|[of] p1a: Gigalith
|switch|p2a: Eldegoss|Eldegoss, F|79/100
|move|p1a: Gigalith|Rock Blast|p2a: Eldegoss
|-damage|p2a: Eldegoss|68/100
|-damage|p2a: Eldegoss|58/100
|-crit|p2a: Eldegoss
|-damage|p2a: Eldegoss|44/100
|-damage|p2a: Eldegoss|34/100
|-damage|p2a: Eldegoss|23/100
|-hitcount|p2a: Eldegoss|5
|
|-weather|Sandstorm|[upkeep]
|-damage|p2a: Eldegoss|17/100|[from] Sandstorm
|-heal|p1a: Gigalith|81/100 psn|[from] item: Leftovers
|-damage|p1a: Gigalith|69/100 psn|[from] psn
|upkeep
|turn|28
|j| Garay oak
|
|t:|1665856492
|switch|p1a: Ferroseed|Ferroseed, M|88/100
|-damage|p1a: Ferroseed|82/100|[from] Stealth Rock
|move|p2a: Eldegoss|Rapid Spin|p1a: Ferroseed
|-resisted|p1a: Ferroseed
|-damage|p1a: Ferroseed|80/100
|-boost|p2a: Eldegoss|spe|1
|-damage|p2a: Eldegoss|5/100|[from] ability: Iron Barbs|[of] p1a: Ferroseed
|-sideend|p2: Haffling|Spikes|[from] move: Rapid Spin|[of] p2a: Eldegoss
|
|-weather|Sandstorm|[upkeep]
|-damage|p2a: Eldegoss|0 fnt|[from] Sandstorm
|faint|p2a: Eldegoss
|upkeep
|
|t:|1665856495
|switch|p2a: Weezing|Weezing, F|94/100
|-ability|p2a: Weezing|Neutralizing Gas
|turn|29
|
|t:|1665856504
|move|p2a: Weezing|Flamethrower|p1a: Ferroseed
|-supereffective|p1a: Ferroseed
|-damage|p1a: Ferroseed|18/100
|move|p1a: Ferroseed|Knock Off|p2a: Weezing
|-damage|p2a: Weezing|85/100
|-enditem|p2a: Weezing|Black Sludge|[from] move: Knock Off|[of] p1a: Ferroseed
|
|-weather|Sandstorm|[upkeep]
|-damage|p2a: Weezing|79/100|[from] Sandstorm
|upkeep
|turn|30
|
|t:|1665856510
|switch|p1a: Gigalith|Gigalith, F|69/100 psn
|-damage|p1a: Gigalith|57/100 psn|[from] Stealth Rock
|move|p2a: Weezing|Flamethrower|p1a: Gigalith
|-resisted|p1a: Gigalith
|-damage|p1a: Gigalith|52/100 psn
|
|-weather|Sandstorm|[upkeep]
|-damage|p2a: Weezing|73/100|[from] Sandstorm
|-heal|p1a: Gigalith|58/100 psn|[from] item: Leftovers
|-damage|p1a: Gigalith|46/100 psn|[from] psn
|upkeep
|turn|31
|
|t:|1665856523
|-end|p2a: Weezing|ability: Neutralizing Gas
|switch|p2a: Arctovish|Arctovish|94/100
|move|p1a: Gigalith|Rock Blast|p2a: Arctovish
|-supereffective|p2a: Arctovish
|-damage|p2a: Arctovish|71/100
|-supereffective|p2a: Arctovish
|-damage|p2a: Arctovish|45/100
|-supereffective|p2a: Arctovish
|-damage|p2a: Arctovish|22/100
|-hitcount|p2a: Arctovish|3
|
|-weather|none
|-heal|p1a: Gigalith|52/100 psn|[from] item: Leftovers
|-damage|p1a: Gigalith|39/100 psn|[from] psn
|upkeep
|turn|32
|
|t:|1665856530
|switch|p1a: Ferroseed|Ferroseed, M|18/100
|-damage|p1a: Ferroseed|12/100|[from] Stealth Rock
|move|p2a: Arctovish|Psychic Fangs|p1a: Ferroseed
|-resisted|p1a: Ferroseed
|-damage|p1a: Ferroseed|0 fnt
|-damage|p2a: Arctovish|10/100|[from] ability: Iron Barbs|[of] p1a: Ferroseed
|faint|p1a: Ferroseed
|
|upkeep
|c| Generation10|Haffling what happened to itemless weezing
|
|t:|1665856555
|switch|p1a: Ribombee|Ribombee, F|100/100
|turn|33
|c|☆Haffling|well thats also a good option
|j| Toinoux
|c|☆Haffling|did i dc
|inactive|BiscotteKouloulou has 120 seconds left.
|l|☆Haffling
|inactive|Haffling disconnected and has a minute to reconnect!
|player|p2|
|c| Generation10|uh oh
|j|☆Haffling
|inactive|Haffling reconnected and has 110 seconds left.
|player|p2|Haffling|cyrus
|inactive|BiscotteKouloulou has 90 seconds left.
|
|t:|1665856620
|switch|p2a: Gigalith|Gigalith, M|97/100
|-weather|Sandstorm|[from] ability: Sand Stream|[of] p2a: Gigalith
|move|p1a: Ribombee|Moonblast|p2a: Gigalith
|-damage|p2a: Gigalith|76/100
|
|-weather|Sandstorm|[upkeep]
|-damage|p1a: Ribombee|94/100|[from] Sandstorm
|-heal|p2a: Gigalith|82/100|[from] item: Leftovers
|upkeep
|turn|34
|
|t:|1665856634
|switch|p1a: Poliwrath|Poliwrath, M|100/100 slp
|-damage|p1a: Poliwrath|94/100 slp|[from] Stealth Rock
|move|p2a: Gigalith|Rock Blast|p1a: Poliwrath|[miss]
|-miss|p2a: Gigalith|p1a: Poliwrath
|
|-weather|Sandstorm|[upkeep]
|-damage|p1a: Poliwrath|88/100 slp|[from] Sandstorm
|-heal|p2a: Gigalith|88/100|[from] item: Leftovers
|upkeep
|turn|35
|
|t:|1665856640
|cant|p1a: Poliwrath|slp
|move|p2a: Gigalith|Earthquake|p1a: Poliwrath
|-damage|p1a: Poliwrath|67/100 slp
|
|-weather|Sandstorm|[upkeep]
|-damage|p1a: Poliwrath|61/100 slp|[from] Sandstorm
|-heal|p2a: Gigalith|94/100|[from] item: Leftovers
|upkeep
|turn|36
|inactive|Haffling has 120 seconds left.
|
|t:|1665856649
|switch|p2a: Weezing|Weezing, F|73/100
|-ability|p2a: Weezing|Neutralizing Gas
|cant|p1a: Poliwrath|slp
|
|-weather|Sandstorm|[upkeep]
|-damage|p1a: Poliwrath|55/100 slp|[from] Sandstorm
|-damage|p2a: Weezing|67/100|[from] Sandstorm
|upkeep
|turn|37
|
|t:|1665856655
|-curestatus|p1a: Poliwrath|slp|[msg]
|move|p1a: Poliwrath|Scald|p2a: Weezing
|-damage|p2a: Weezing|42/100
|-status|p2a: Weezing|brn
|move|p2a: Weezing|Sludge Bomb|p1a: Poliwrath
|-damage|p1a: Poliwrath|29/100
|
|-weather|none
|-damage|p2a: Weezing|36/100 brn|[from] brn
|upkeep
|turn|38
|
|t:|1665856667
|move|p1a: Poliwrath|Rest|p1a: Poliwrath
|-status|p1a: Poliwrath|slp|[from] move: Rest
|-heal|p1a: Poliwrath|100/100 slp|[silent]
|move|p2a: Weezing|Pain Split|p1a: Poliwrath
|-sethp|p1a: Poliwrath|66/100 slp|[from] move: Pain Split|[silent]
|-sethp|p2a: Weezing|75/100 brn|[from] move: Pain Split
|
|-damage|p2a: Weezing|69/100 brn|[from] brn
|upkeep
|turn|39
|
|t:|1665856670
|switch|p1a: Gigalith|Gigalith, F|39/100 psn
|-damage|p1a: Gigalith|27/100 psn|[from] Stealth Rock
|move|p2a: Weezing|Sludge Bomb|p1a: Gigalith
|-resisted|p1a: Gigalith
|-damage|p1a: Gigalith|18/100 psn
|
|-heal|p1a: Gigalith|24/100 psn|[from] item: Leftovers
|-damage|p1a: Gigalith|11/100 psn|[from] psn
|-damage|p2a: Weezing|63/100 brn|[from] brn
|upkeep
|turn|40
|
|t:|1665856681
|move|p2a: Weezing|Sludge Bomb|p1a: Gigalith
|-resisted|p1a: Gigalith
|-damage|p1a: Gigalith|2/100 psn
|move|p1a: Gigalith|Rock Blast|p2a: Weezing|[miss]
|-miss|p1a: Gigalith|p2a: Weezing
|
|-heal|p1a: Gigalith|8/100 psn|[from] item: Leftovers
|-damage|p1a: Gigalith|0 fnt|[from] psn
|faint|p1a: Gigalith
|-damage|p2a: Weezing|57/100 brn|[from] brn
|upkeep
|
|t:|1665856684
|switch|p1a: Ribombee|Ribombee, F|94/100
|turn|41
|inactive|BiscotteKouloulou has 90 seconds left.
|
|t:|1665856724
|-end|p2a: Weezing|ability: Neutralizing Gas
|switch|p2a: Gigalith|Gigalith, M|94/100
|-weather|Sandstorm|[from] ability: Sand Stream|[of] p2a: Gigalith
|move|p1a: Ribombee|Quiver Dance|p1a: Ribombee
|-boost|p1a: Ribombee|spa|1
|-boost|p1a: Ribombee|spd|1
|-boost|p1a: Ribombee|spe|1
|
|-weather|Sandstorm|[upkeep]
|-damage|p1a: Ribombee|88/100|[from] Sandstorm
|-heal|p2a: Gigalith|100/100|[from] item: Leftovers
|upkeep
|turn|42
|
|t:|1665856732
|move|p1a: Ribombee|Moonblast|p2a: Gigalith
|-damage|p2a: Gigalith|68/100
|move|p2a: Gigalith|Rock Blast|p1a: Ribombee
|-supereffective|p1a: Ribombee
|-damage|p1a: Ribombee|39/100
|-supereffective|p1a: Ribombee
|-damage|p1a: Ribombee|0 fnt
|faint|p1a: Ribombee
|-hitcount|p1: Ribombee|2
|
|-weather|Sandstorm|[upkeep]
|-heal|p2a: Gigalith|74/100|[from] item: Leftovers
|upkeep
|
|t:|1665856738
|switch|p1a: Poliwrath|Poliwrath, M|66/100 slp
|-damage|p1a: Poliwrath|60/100 slp|[from] Stealth Rock
|turn|43
|c|☆BiscotteKouloulou|arg
|inactive|BiscotteKouloulou has 90 seconds left.
|
|t:|1665856754
|cant|p1a: Poliwrath|slp
|move|p2a: Gigalith|Earthquake|p1a: Poliwrath
|-damage|p1a: Poliwrath|41/100 slp
|
|-weather|Sandstorm|[upkeep]
|-damage|p1a: Poliwrath|35/100 slp|[from] Sandstorm
|-heal|p2a: Gigalith|80/100|[from] item: Leftovers
|upkeep
|turn|44
|j| Neibafu
|
|t:|1665856763
|cant|p1a: Poliwrath|slp
|move|p2a: Gigalith|Earthquake|p1a: Poliwrath
|-damage|p1a: Poliwrath|15/100 slp
|
|-weather|Sandstorm|[upkeep]
|-damage|p1a: Poliwrath|9/100 slp|[from] Sandstorm
|-heal|p2a: Gigalith|86/100|[from] item: Leftovers
|upkeep
|turn|45
|
|t:|1665856774
|switch|p2a: Arctovish|Arctovish|10/100
|-curestatus|p1a: Poliwrath|slp|[msg]
|move|p1a: Poliwrath|Rest|p1a: Poliwrath
|-status|p1a: Poliwrath|slp|[from] move: Rest
|-heal|p1a: Poliwrath|100/100 slp|[silent]
|
|-weather|none
|upkeep
|turn|46
|c| Generation10|hopefully
|
|t:|1665856783
|move|p2a: Arctovish|Psychic Fangs|p1a: Poliwrath
|-supereffective|p1a: Poliwrath
|-damage|p1a: Poliwrath|50/100 slp
|cant|p1a: Poliwrath|slp
|
|upkeep
|turn|47
|c|☆BiscotteKouloulou|power whip suck
|
|t:|1665856792
|move|p2a: Arctovish|Psychic Fangs|p1a: Poliwrath
|-supereffective|p1a: Poliwrath
|-damage|p1a: Poliwrath|3/100 slp
|cant|p1a: Poliwrath|slp
|
|upkeep
|turn|48
|
|t:|1665856797
|move|p2a: Arctovish|Psychic Fangs|p1a: Poliwrath
|-supereffective|p1a: Poliwrath
|-damage|p1a: Poliwrath|0 fnt
|faint|p1a: Poliwrath
|
|win|Haffling
|n|☆BiscotteKouloulou|biscottekouloulou
|n|+Oathkeeper|oathkeeper
|n| Generation10|generation10
|n| Garay oak|garayoak
|n| Toinoux|toinoux
|n|☆Haffling|haffling
|n| Neibafu|neibafu
