|j|☆allstarapology
|j|☆Nomadic Mushroom
|player|p1|allstarapology|101|1369
|player|p2|Nomadic Mushroom|elesa|1092
|teamsize|p1|6
|teamsize|p2|6
|gametype|singles
|gen|8
|tier|[Gen 8] PU
|rated|
|clearpoke
|poke|p1|Shuckle, M|
|poke|p1|Pawniard, M|
|poke|p1|Gastly, F|
|poke|p1|Fraxure, M|
|poke|p1|Manectric, F|
|poke|p1|Silvally-*|
|poke|p2|Grapploct, F|
|poke|p2|Cufant, F|
|poke|p2|Mr. Mime, F|
|poke|p2|Carkol, M|
|poke|p2|Maractus, M|
|poke|p2|Palpitoad, F|
|rule|Sleep Clause Mod: Limit one foe put to sleep
|rule|Species Clause: Limit one of each Pokémon
|rule|OHKO Clause: OHKO moves are banned
|rule|Evasion Moves Clause: Evasion moves are banned
|rule|Endless Battle Clause: Forcing endless battles is banned
|rule|HP Percentage Mod: HP is shown in percentages
|rule|Dynamax Clause: You cannot dynamax
|teampreview
|inactive|Battle timer is ON: inactive players will automatically lose when time's up. (requested by allstarapology)
|
|start
|switch|p1a: Shuckle|Shuckle, M|100/100
|switch|p2a: Mr. Mime|Mr. Mime, F|100/100
|turn|1
|
|move|p2a: Mr. Mime|Psychic|p1a: Shuckle
|-damage|p1a: Shuckle|69/100
|move|p1a: Shuckle|Stealth Rock|p2a: Mr. Mime
|-sidestart|p2: Nomadic Mushroom|move: Stealth Rock
|
|upkeep
|turn|2
|
|switch|p2a: Carkol|Carkol, M|100/100
|-damage|p2a: Carkol|75/100|[from] Stealth Rock
|move|p1a: Shuckle|Sticky Web|p2a: Carkol
|-sidestart|p2: Nomadic Mushroom|move: Sticky Web
|
|upkeep
|turn|3
|
|switch|p1a: Gastly|Gastly, F|100/100
|move|p2a: Carkol|Rapid Spin|p1a: Gastly
|-immune|p1a: Gastly
|
|upkeep
|turn|4
|
|move|p1a: Gastly|Shadow Ball|p2a: Carkol
|-damage|p2a: Carkol|29/100
|move|p2a: Carkol|Flare Blitz|p1a: Gastly
|-damage|p1a: Gastly|0 fnt
|-damage|p2a: Carkol|11/100|[from] Recoil
|faint|p1a: Gastly
|
|upkeep
|
|switch|p1a: Manectric|Manectric, F|100/100
|turn|5
|c|☆Nomadic Mushroom|!data haunter
|raw|<div class="message"><ul class="utilichart"><li class="result"><span class="col numcol">NUBL</span> <span class="col iconcol"><psicon pokemon="haunter"/></span> <span class="col pokemonnamecol" style="white-space:nowrap"><a href="https://dex.pokemonshowdown.com/pokemon/haunter" target="_blank">Haunter</a></span> <span class="col typecol"><img src="https://play.pokemonshowdown.com/sprites/types/Ghost.png" alt="Ghost" height="14" width="32"><img src="https://play.pokemonshowdown.com/sprites/types/Poison.png" alt="Poison" height="14" width="32"></span> <span style="float:left;min-height:26px"><span class="col abilitycol">Levitate</span><span class="col abilitycol"></span></span><span style="float:left;min-height:26px"><span class="col statcol"><em>HP</em><br />45</span> <span class="col statcol"><em>Atk</em><br />50</span> <span class="col statcol"><em>Def</em><br />45</span> <span class="col statcol"><em>SpA</em><br />115</span> <span class="col statcol"><em>SpD</em><br />55</span> <span class="col statcol"><em>Spe</em><br />95</span> <span class="col bstcol"><em>BST<br />405</em></span> </span></li><li style="clear:both"></li></ul></div>

|
|switch|p2a: Palpitoad|Palpitoad, F|100/100
|-damage|p2a: Palpitoad|94/100|[from] Stealth Rock
|-activate|p2a: Palpitoad|move: Sticky Web
|-unboost|p2a: Palpitoad|spe|1
|move|p1a: Manectric|Volt Switch|p2a: Palpitoad
|-immune|p2a: Palpitoad
|
|upkeep
|turn|6
|
|switch|p1a: Fraxure|Fraxure, M|100/100
|-ability|p1a: Fraxure|Mold Breaker
|move|p2a: Palpitoad|Earth Power|p1a: Fraxure
|-damage|p1a: Fraxure|52/100
|
|upkeep
|turn|7
|
|move|p1a: Fraxure|Dragon Dance|p1a: Fraxure
|-boost|p1a: Fraxure|atk|1
|-boost|p1a: Fraxure|spe|1
|move|p2a: Palpitoad|Earth Power|p1a: Fraxure
|-damage|p1a: Fraxure|6/100
|
|upkeep
|turn|8
|
|move|p1a: Fraxure|Dragon Claw|p2a: Palpitoad
|-damage|p2a: Palpitoad|24/100
|move|p2a: Palpitoad|Scald|p1a: Fraxure
|-resisted|p1a: Fraxure
|-damage|p1a: Fraxure|0 fnt
|faint|p1a: Fraxure
|
|upkeep
|
|switch|p1a: Silvally|Silvally-Fighting|100/100
|turn|9
|
|switch|p2a: Mr. Mime|Mr. Mime, F|100/100
|-activate|p2a: Mr. Mime|move: Sticky Web
|-unboost|p2a: Mr. Mime|spe|1
|-damage|p2a: Mr. Mime|88/100|[from] Stealth Rock
|move|p1a: Silvally|Swords Dance|p1a: Silvally
|-boost|p1a: Silvally|atk|2
|
|upkeep
|turn|10
|
|move|p1a: Silvally|Shadow Claw|p2a: Mr. Mime
|-supereffective|p2a: Mr. Mime
|-damage|p2a: Mr. Mime|0 fnt
|faint|p2a: Mr. Mime
|
|upkeep
|
|switch|p2a: Grapploct|Grapploct, F|100/100
|-damage|p2a: Grapploct|94/100|[from] Stealth Rock
|-activate|p2a: Grapploct|move: Sticky Web
|-unboost|p2a: Grapploct|spe|1
|turn|11
|
|move|p1a: Silvally|Multi-Attack|p2a: Grapploct
|-damage|p2a: Grapploct|0 fnt
|faint|p2a: Grapploct
|
|upkeep
|-message|Nomadic Mushroom forfeited.
|
|win|allstarapology
