|j|☆uult5 somalia
|j|☆SpacialRendevous
|player|p1|uult5 somalia|marlon|
|player|p2|SpacialRendevous|dawn|
|teamsize|p1|6
|teamsize|p2|6
|gametype|singles
|gen|8
|tier|[Gen 8] PU
|rated|Tournament battle
|clearpoke
|poke|p1|Basculin-Blue-Striped, F|
|poke|p1|Crustle, F|
|poke|p1|Gourgeist-*, M|
|poke|p1|Pikachu, F|
|poke|p1|Gothitelle, F|
|poke|p1|Hitmontop, M|
|poke|p2|Golurk|
|poke|p2|Type: Null|
|poke|p2|Mawile, M|
|poke|p2|Silvally-*|
|poke|p2|Leafeon, M|
|poke|p2|Raichu, F|
|rule|Sleep Clause Mod: Limit one foe put to sleep
|rule|Species Clause: Limit one of each Pokémon
|rule|OHKO Clause: OHKO moves are banned
|rule|Evasion Moves Clause: Evasion moves are banned
|rule|Endless Battle Clause: Forcing endless battles is banned
|rule|HP Percentage Mod: HP is shown in percentages
|rule|Dynamax Clause: You cannot dynamax
|teampreview
|j| payresse
|j| iycewynd
|c|☆uult5 somalia|hf
|c|☆SpacialRendevous|gl hf
|j| PU Panda UP
|j|+Toy Time King
|l| PU Panda UP
|j| BirthdayDadRevenge
|j| James2464
|
|start
|switch|p1a: Crustle|Crustle, F|100/100
|switch|p2a: Silvally|Silvally-Bug|100/100
|turn|1
|
|move|p2a: Silvally|Surf|p1a: Crustle
|-supereffective|p1a: Crustle
|-damage|p1a: Crustle|16/100
|move|p1a: Crustle|Stealth Rock|p2a: Silvally
|-sidestart|p2: SpacialRendevous|move: Stealth Rock
|
|upkeep
|turn|2
|
|move|p2a: Silvally|Defog|p1a: Crustle
|-unboost|p1a: Crustle|evasion|1
|-sideend|p2: SpacialRendevous|Stealth Rock|[from] move: Defog|[of] p2a: Silvally
|move|p1a: Crustle|Stone Edge|p2a: Silvally
|-supereffective|p2a: Silvally
|-damage|p2a: Silvally|0 fnt
|faint|p2a: Silvally
|
|upkeep
|
|switch|p2a: Golurk|Golurk|100/100
|turn|3
|
|move|p2a: Golurk|Shadow Punch|p1a: Crustle
|-damage|p1a: Crustle|0 fnt
|faint|p1a: Crustle
|
|upkeep
|
|switch|p1a: Basculin|Basculin-Blue-Striped, F|100/100
|turn|4
|
|switch|p2a: Mawile|Mawile, M|100/100
|-ability|p2a: Mawile|Intimidate|boost
|-unboost|p1a: Basculin|atk|1
|move|p1a: Basculin|Liquidation|p2a: Mawile
|-damage|p2a: Mawile|68/100
|
|-heal|p2a: Mawile|74/100|[from] item: Leftovers
|upkeep
|turn|5
|j| Klemaonde
|c|+Toy Time King|;(
|
|switch|p1a: Gourgeist|Gourgeist, M|100/100
|-item|p2a: Mawile|Leftovers|[from] ability: Frisk|[of] p1a: Gourgeist|[identify]
|move|p2a: Mawile|Knock Off|p1a: Gourgeist
|-supereffective|p1a: Gourgeist
|-enditem|p1a: Gourgeist|Colbur Berry|[eat]
|-enditem|p1a: Gourgeist|Colbur Berry|[weaken]
|-damage|p1a: Gourgeist|79/100
|
|-heal|p2a: Mawile|80/100|[from] item: Leftovers
|upkeep
|turn|6
|
|move|p1a: Gourgeist|Flame Charge|p2a: Mawile
|-supereffective|p2a: Mawile
|-damage|p2a: Mawile|55/100
|-boost|p1a: Gourgeist|spe|1
|move|p2a: Mawile|Toxic|p1a: Gourgeist
|-status|p1a: Gourgeist|tox
|
|-heal|p2a: Mawile|61/100|[from] item: Leftovers
|-damage|p1a: Gourgeist|73/100 tox|[from] psn
|upkeep
|turn|7
|
|switch|p2a: Type: Null|Type: Null|100/100
|move|p1a: Gourgeist|Flame Charge|p2a: Type: Null
|-damage|p2a: Type: Null|92/100
|-boost|p1a: Gourgeist|spe|1
|
|-damage|p1a: Gourgeist|60/100 tox|[from] psn
|upkeep
|turn|8
|j| waaflee
|l| waaflee
|
|move|p1a: Gourgeist|Power Whip|p2a: Type: Null
|-damage|p2a: Type: Null|60/100
|move|p2a: Type: Null|U-turn|p1a: Gourgeist
|-damage|p1a: Gourgeist|45/100 tox
|j|#slowbroth
|
|switch|p2a: Mawile|Mawile, M|61/100|[from]move: U-turn
|-ability|p2a: Mawile|Intimidate|boost
|-unboost|p1a: Gourgeist|atk|1
|
|-heal|p2a: Mawile|68/100|[from] item: Leftovers
|-damage|p1a: Gourgeist|26/100 tox|[from] psn
|upkeep
|turn|9
|j| waaflee
|l| waaflee
|j| waaflee
|l| waaflee
|j| waaflee
|
|move|p1a: Gourgeist|Explosion|p2a: Mawile
|-resisted|p2a: Mawile
|-damage|p2a: Mawile|46/100
|faint|p1a: Gourgeist
|move|p2a: Mawile|Stealth Rock|p1: Gourgeist
|-sidestart|p1: uult5 somalia|move: Stealth Rock
|
|-heal|p2a: Mawile|52/100|[from] item: Leftovers
|upkeep
|
|switch|p1a: Basculin|Basculin-Blue-Striped, F|100/100
|-damage|p1a: Basculin|88/100|[from] Stealth Rock
|turn|10
|
|move|p1a: Basculin|Liquidation|p2a: Mawile
|-damage|p2a: Mawile|0 fnt
|faint|p2a: Mawile
|
|upkeep
|
|switch|p2a: Leafeon|Leafeon, M|100/100
|turn|11
|l| waaflee
|c|☆uult5 somalia|gg
|
|move|p2a: Leafeon|Leaf Blade|p1a: Basculin
|-supereffective|p1a: Basculin
|-damage|p1a: Basculin|0 fnt
|faint|p1a: Basculin
|
|upkeep
|c|☆SpacialRendevous|gg
|
|switch|p1a: Gothitelle|Gothitelle, F|100/100
|-damage|p1a: Gothitelle|88/100|[from] Stealth Rock
|turn|12
|
|switch|p2a: Golurk|Golurk|100/100
|move|p1a: Gothitelle|Cosmic Power|p1a: Gothitelle
|-boost|p1a: Gothitelle|def|1
|-boost|p1a: Gothitelle|spd|1
|
|upkeep
|turn|13
|
|move|p2a: Golurk|Shadow Punch|p1a: Gothitelle
|-supereffective|p1a: Gothitelle
|-damage|p1a: Gothitelle|34/100
|-enditem|p1a: Gothitelle|Weakness Policy
|-boost|p1a: Gothitelle|atk|2|[from] item: Weakness Policy
|-boost|p1a: Gothitelle|spa|2|[from] item: Weakness Policy
|move|p1a: Gothitelle|Stored Power|p2a: Golurk
|-crit|p2a: Golurk
|-damage|p2a: Golurk|0 fnt
|faint|p2a: Golurk
|
|upkeep
|
|switch|p2a: Type: Null|Type: Null|60/100
|turn|14
|
|move|p1a: Gothitelle|Rest|p1a: Gothitelle
|-status|p1a: Gothitelle|slp|[from] move: Rest
|-heal|p1a: Gothitelle|100/100 slp|[silent]
|move|p2a: Type: Null|U-turn|p1a: Gothitelle
|-supereffective|p1a: Gothitelle
|-damage|p1a: Gothitelle|84/100 slp
|j| MJ2020
|
|switch|p2a: Raichu|Raichu, F|100/100|[from]move: U-turn
|
|upkeep
|turn|15
|
|move|p2a: Raichu|Nasty Plot|p2a: Raichu
|-boost|p2a: Raichu|spa|2
|cant|p1a: Gothitelle|slp
|move|p1a: Gothitelle|Sleep Talk|p1a: Gothitelle
|move|p1a: Gothitelle|Stored Power|p2a: Raichu|[from]Sleep Talk
|-damage|p2a: Raichu|0 fnt
|faint|p2a: Raichu
|
|upkeep
|
|switch|p2a: Leafeon|Leafeon, M|100/100
|turn|16
|l|+Toy Time King
|
|move|p2a: Leafeon|Leaf Blade|p1a: Gothitelle
|-damage|p1a: Gothitelle|64/100 slp
|cant|p1a: Gothitelle|slp
|move|p1a: Gothitelle|Sleep Talk|p1a: Gothitelle
|move|p1a: Gothitelle|Rest|p1a: Gothitelle|[from]Sleep Talk
|-fail|p1a: Gothitelle
|
|upkeep
|turn|17
|
|move|p2a: Leafeon|Leaf Blade|p1a: Gothitelle
|-crit|p1a: Gothitelle
|-damage|p1a: Gothitelle|21/100 slp
|-curestatus|p1a: Gothitelle|slp|[msg]
|move|p1a: Gothitelle|Stored Power|p2a: Leafeon
|-damage|p2a: Leafeon|0 fnt
|faint|p2a: Leafeon
|
|upkeep
|
|switch|p2a: Type: Null|Type: Null|60/100
|turn|18
|
|move|p1a: Gothitelle|Rest|p1a: Gothitelle
|-status|p1a: Gothitelle|slp|[from] move: Rest
|-heal|p1a: Gothitelle|100/100 slp|[silent]
|move|p2a: Type: Null|U-turn|p1a: Gothitelle
|-supereffective|p1a: Gothitelle
|-damage|p1a: Gothitelle|84/100 slp
|
|upkeep
|turn|19
|l| MJ2020
|c|☆SpacialRendevous|gg
|-message|SpacialRendevous forfeited.
|
|win|uult5 somalia
