|j|☆errmwhat
|j|☆GulagChampYo
|t:|1608276659
|player|p1|errmwhat|juggler|1464
|player|p2|GulagChampYo|170|1557
|teamsize|p1|6
|teamsize|p2|6
|gametype|singles
|gen|8
|tier|[Gen 8] PU
|rated|
|clearpoke
|poke|p1|Rapidash, M|
|poke|p1|Throh, M|
|poke|p1|Beheeyem, F|
|poke|p1|Rotom-Fan|
|poke|p1|Cradily, F|
|poke|p1|Stoutland, M|
|poke|p2|Audino, M|
|poke|p2|Mawile, F|
|poke|p2|Quagsire, F|
|poke|p2|Spiritomb, F|
|poke|p2|Talonflame, F|
|poke|p2|Roserade, M|
|rule|Sleep Clause Mod: Limit one foe put to sleep
|rule|Species Clause: Limit one of each Pokémon
|rule|OHKO Clause: OHKO moves are banned
|rule|Evasion Moves Clause: Evasion moves are banned
|rule|Endless Battle Clause: Forcing endless battles is banned
|rule|HP Percentage Mod: HP is shown in percentages
|rule|Dynamax Clause: You cannot dynamax
|teampreview
|inactive|Battle timer is ON: inactive players will automatically lose when time's up. (requested by GulagChampYo)
|
|t:|1608276680
|start
|switch|p1a: Beheeyem|Beheeyem, F|100/100
|switch|p2a: Mawile|Mawile, F|100/100
|-ability|p2a: Mawile|Intimidate|boost
|-unboost|p1a: Beheeyem|atk|1
|turn|1
|
|t:|1608276690
|switch|p1a: Rapidash|Rapidash, M|100/100
|switch|p2a: Audino|Audino, M|100/100
|
|upkeep
|turn|2
|
|t:|1608276695
|switch|p1a: Throh|Throh, M|100/100
|move|p2a: Audino|Knock Off|p1a: Throh
|-resisted|p1a: Throh
|-damage|p1a: Throh|96/100
|-enditem|p1a: Throh|Leftovers|[from] move: Knock Off|[of] p2a: Audino
|
|upkeep
|turn|3
|
|t:|1608276702
|switch|p2a: Mawile|Mawile, F|100/100
|-ability|p2a: Mawile|Intimidate|boost
|-unboost|p1a: Throh|atk|1
|move|p1a: Throh|Knock Off|p2a: Mawile
|-resisted|p2a: Mawile
|-damage|p2a: Mawile|94/100
|-damage|p1a: Throh|79/100|[from] item: Rocky Helmet|[of] p2a: Mawile
|-enditem|p2a: Mawile|Rocky Helmet|[from] move: Knock Off|[of] p1a: Throh
|
|upkeep
|turn|4
|
|t:|1608276719
|switch|p1a: Rapidash|Rapidash, M|100/100
|move|p2a: Mawile|Stealth Rock|p1a: Rapidash
|-sidestart|p1: errmwhat|move: Stealth Rock
|
|upkeep
|turn|5
|
|t:|1608276730
|switch|p2a: Audino|Audino, M|100/100
|move|p1a: Rapidash|Flare Blitz|p2a: Audino
|-damage|p2a: Audino|60/100
|-status|p2a: Audino|brn
|-damage|p1a: Rapidash|84/100|[from] Recoil
|
|-heal|p2a: Audino|66/100 brn|[from] item: Leftovers
|-damage|p2a: Audino|60/100 brn|[from] brn
|upkeep
|turn|6
|
|t:|1608276739
|switch|p1a: Throh|Throh, M|79/100
|-damage|p1a: Throh|73/100|[from] Stealth Rock
|switch|p2a: Quagsire|Quagsire, F|100/100
|
|upkeep
|turn|7
|
|t:|1608276744
|switch|p2a: Mawile|Mawile, F|94/100
|-ability|p2a: Mawile|Intimidate|boost
|-unboost|p1a: Throh|atk|1
|move|p1a: Throh|Knock Off|p2a: Mawile
|-resisted|p2a: Mawile
|-damage|p2a: Mawile|89/100
|
|upkeep
|turn|8
|
|t:|1608276751
|switch|p1a: Rapidash|Rapidash, M|84/100
|move|p2a: Mawile|Play Rough|p1a: Rapidash
|-resisted|p1a: Rapidash
|-damage|p1a: Rapidash|66/100
|
|upkeep
|turn|9
|
|t:|1608276758
|switch|p2a: Quagsire|Quagsire, F|100/100
|move|p1a: Rapidash|Flare Blitz|p2a: Quagsire
|-resisted|p2a: Quagsire
|-damage|p2a: Quagsire|86/100
|-damage|p1a: Rapidash|61/100|[from] Recoil
|
|-heal|p2a: Quagsire|92/100|[from] item: Leftovers
|upkeep
|turn|10
|
|t:|1608276770
|switch|p1a: Throh|Throh, M|73/100
|-damage|p1a: Throh|67/100|[from] Stealth Rock
|move|p2a: Quagsire|Toxic|p1a: Throh|[miss]
|-miss|p2a: Quagsire|p1a: Throh
|
|-heal|p2a: Quagsire|98/100|[from] item: Leftovers
|upkeep
|turn|11
|
|t:|1608276781
|switch|p2a: Mawile|Mawile, F|89/100
|-ability|p2a: Mawile|Intimidate|boost
|-unboost|p1a: Throh|atk|1
|move|p1a: Throh|Circle Throw|p2a: Mawile
|-damage|p2a: Mawile|77/100
|drag|p2a: Spiritomb|Spiritomb, F|100/100
|-ability|p2a: Spiritomb|Pressure
|
|upkeep
|turn|12
|
|t:|1608276786
|switch|p2a: Mawile|Mawile, F|77/100
|-ability|p2a: Mawile|Intimidate|boost
|-unboost|p1a: Throh|atk|1
|move|p1a: Throh|Knock Off|p2a: Mawile
|-resisted|p2a: Mawile
|-damage|p2a: Mawile|74/100
|
|upkeep
|turn|13
|
|t:|1608276798
|switch|p1a: Rapidash|Rapidash, M|61/100
|move|p2a: Mawile|Knock Off|p1a: Rapidash
|-damage|p1a: Rapidash|34/100
|-enditem|p1a: Rapidash|Heavy-Duty Boots|[from] move: Knock Off|[of] p2a: Mawile
|
|upkeep
|turn|14
|
|t:|1608276806
|switch|p2a: Quagsire|Quagsire, F|98/100
|move|p1a: Rapidash|Morning Sun|p1a: Rapidash
|-heal|p1a: Rapidash|84/100
|
|-heal|p2a: Quagsire|100/100|[from] item: Leftovers
|upkeep
|turn|15
|
|t:|1608276813
|switch|p1a: Throh|Throh, M|67/100
|-damage|p1a: Throh|61/100|[from] Stealth Rock
|move|p2a: Quagsire|Earthquake|p1a: Throh
|-damage|p1a: Throh|42/100
|
|upkeep
|turn|16
|
|t:|1608276820
|switch|p2a: Mawile|Mawile, F|74/100
|-ability|p2a: Mawile|Intimidate|boost
|-unboost|p1a: Throh|atk|1
|move|p1a: Throh|Rest|p1a: Throh
|-status|p1a: Throh|slp|[from] move: Rest
|-heal|p1a: Throh|100/100 slp|[silent]
|
|upkeep
|turn|17
|
|t:|1608276829
|switch|p1a: Rapidash|Rapidash, M|84/100
|-damage|p1a: Rapidash|59/100|[from] Stealth Rock
|move|p2a: Mawile|Play Rough|p1a: Rapidash
|-resisted|p1a: Rapidash
|-damage|p1a: Rapidash|39/100
|
|upkeep
|turn|18
|
|t:|1608276837
|switch|p2a: Quagsire|Quagsire, F|100/100
|move|p1a: Rapidash|Morning Sun|p1a: Rapidash
|-heal|p1a: Rapidash|89/100
|
|upkeep
|turn|19
|
|t:|1608276842
|switch|p1a: Throh|Throh, M|100/100 slp
|-damage|p1a: Throh|94/100 slp|[from] Stealth Rock
|switch|p2a: Roserade|Roserade, M|100/100
|
|upkeep
|turn|20
|
|t:|1608276855
|move|p2a: Roserade|Spikes|p1a: Throh
|-sidestart|p1: errmwhat|Spikes
|cant|p1a: Throh|slp
|move|p1a: Throh|Sleep Talk|p1a: Throh
|move|p1a: Throh|Rest||[from]move: Sleep Talk|[still]
|-fail|p1a: Throh
|
|upkeep
|turn|21
|
|t:|1608276860
|switch|p2a: Mawile|Mawile, F|74/100
|-ability|p2a: Mawile|Intimidate|boost
|-unboost|p1a: Throh|atk|1
|cant|p1a: Throh|slp
|move|p1a: Throh|Sleep Talk|p1a: Throh
|move|p1a: Throh|Circle Throw|p2a: Mawile|[from]move: Sleep Talk|[miss]
|-miss|p1a: Throh|p2a: Mawile
|
|upkeep
|turn|22
|
|t:|1608276867
|switch|p1a: Rapidash|Rapidash, M|89/100
|-damage|p1a: Rapidash|64/100|[from] Stealth Rock
|-damage|p1a: Rapidash|52/100|[from] Spikes
|move|p2a: Mawile|Play Rough|p1a: Rapidash
|-resisted|p1a: Rapidash
|-damage|p1a: Rapidash|32/100
|-unboost|p1a: Rapidash|atk|1
|
|upkeep
|turn|23
|
|t:|1608276878
|switch|p2a: Talonflame|Talonflame, F|100/100
|move|p1a: Rapidash|Morning Sun|p1a: Rapidash
|-heal|p1a: Rapidash|82/100
|
|upkeep
|turn|24
|
|t:|1608276890
|switch|p1a: Rotom|Rotom-Fan|100/100
|move|p2a: Talonflame|Dual Wingbeat|p1a: Rotom
|-resisted|p1a: Rotom
|-damage|p1a: Rotom|92/100
|-resisted|p1a: Rotom
|-damage|p1a: Rotom|83/100
|-hitcount|p1a: Rotom|2
|
|upkeep
|turn|25
|
|t:|1608276895
|switch|p2a: Roserade|Roserade, M|100/100
|move|p1a: Rotom|Defog|p2a: Roserade
|-unboost|p2a: Roserade|evasion|1
|-sideend|p1: errmwhat|Spikes|[from] move: Defog|[of] p1a: Rotom
|-sideend|p1: errmwhat|Stealth Rock|[from] move: Defog|[of] p1a: Rotom
|
|upkeep
|turn|26
|
|t:|1608276901
|switch|p2a: Audino|Audino, M|93/100 brn
|move|p1a: Rotom|Air Slash|p2a: Audino
|-damage|p2a: Audino|73/100 brn
|
|-heal|p2a: Audino|79/100 brn|[from] item: Leftovers
|-damage|p2a: Audino|73/100 brn|[from] brn
|upkeep
|turn|27
|
|t:|1608276906
|move|p1a: Rotom|Volt Switch|p2a: Audino
|-damage|p2a: Audino|51/100 brn
|
|t:|1608276916
|switch|p1a: Stoutland|Stoutland, M|100/100|[from]move: Volt Switch
|move|p2a: Audino|Knock Off|p1a: Stoutland
|-damage|p1a: Stoutland|92/100
|-enditem|p1a: Stoutland|Choice Scarf|[from] move: Knock Off|[of] p2a: Audino
|
|-heal|p2a: Audino|57/100 brn|[from] item: Leftovers
|-damage|p2a: Audino|51/100 brn|[from] brn
|upkeep
|turn|28
|
|t:|1608276927
|switch|p2a: Mawile|Mawile, F|74/100
|-ability|p2a: Mawile|Intimidate|boost
|-immune|p1a: Stoutland|[from] ability: Scrappy
|move|p1a: Stoutland|Superpower|p2a: Mawile
|-damage|p2a: Mawile|37/100
|-unboost|p1a: Stoutland|atk|1
|-unboost|p1a: Stoutland|def|1
|
|upkeep
|turn|29
|
|t:|1608276941
|switch|p1a: Rapidash|Rapidash, M|82/100
|move|p2a: Mawile|Stealth Rock|p1a: Rapidash
|-sidestart|p1: errmwhat|move: Stealth Rock
|
|upkeep
|turn|30
|
|t:|1608276951
|switch|p2a: Quagsire|Quagsire, F|100/100
|move|p1a: Rapidash|Flare Blitz|p2a: Quagsire
|-resisted|p2a: Quagsire
|-damage|p2a: Quagsire|86/100
|-damage|p1a: Rapidash|76/100|[from] Recoil
|
|-heal|p2a: Quagsire|92/100|[from] item: Leftovers
|upkeep
|turn|31
|
|t:|1608276973
|switch|p1a: Throh|Throh, M|94/100 slp
|-damage|p1a: Throh|88/100 slp|[from] Stealth Rock
|move|p2a: Quagsire|Toxic||[still]
|-fail|p2a: Quagsire
|
|-heal|p2a: Quagsire|98/100|[from] item: Leftovers
|upkeep
|turn|32
|
|t:|1608276983
|switch|p2a: Mawile|Mawile, F|37/100
|-ability|p2a: Mawile|Intimidate|boost
|-unboost|p1a: Throh|atk|1
|-curestatus|p1a: Throh|slp|[msg]
|move|p1a: Throh|Sleep Talk||[still]
|-fail|p1a: Throh
|
|upkeep
|turn|33
|
|t:|1608276991
|switch|p1a: Rapidash|Rapidash, M|76/100
|-damage|p1a: Rapidash|51/100|[from] Stealth Rock
|move|p2a: Mawile|Play Rough|p1a: Rapidash
|-resisted|p1a: Rapidash
|-damage|p1a: Rapidash|32/100
|
|upkeep
|turn|34
|
|t:|1608277004
|switch|p2a: Audino|Audino, M|84/100 brn
|move|p1a: Rapidash|Toxic|p2a: Audino|[miss]
|-miss|p1a: Rapidash|p2a: Audino
|
|-heal|p2a: Audino|90/100 brn|[from] item: Leftovers
|-damage|p2a: Audino|84/100 brn|[from] brn
|upkeep
|turn|35
|
|t:|1608277010
|move|p1a: Rapidash|Morning Sun|p1a: Rapidash
|-heal|p1a: Rapidash|82/100
|move|p2a: Audino|Wish|p2a: Audino
|
|-heal|p2a: Audino|90/100 brn|[from] item: Leftovers
|-damage|p2a: Audino|84/100 brn|[from] brn
|upkeep
|turn|36
|
|t:|1608277019
|switch|p2a: Talonflame|Talonflame, F|100/100
|move|p1a: Rapidash|Flare Blitz|p2a: Talonflame
|-resisted|p2a: Talonflame
|-damage|p2a: Talonflame|74/100
|-damage|p1a: Rapidash|73/100|[from] Recoil
|
|-heal|p2a: Talonflame|100/100|[from] move: Wish|[wisher] Audino
|upkeep
|turn|37
|
|t:|1608277027
|switch|p1a: Rotom|Rotom-Fan|83/100
|move|p2a: Talonflame|Flare Blitz|p1a: Rotom
|-damage|p1a: Rotom|26/100
|-damage|p2a: Talonflame|87/100|[from] Recoil
|
|upkeep
|turn|38
|
|t:|1608277034
|switch|p1a: Cradily|Cradily, F|100/100
|move|p2a: Talonflame|Flare Blitz|p1a: Cradily
|-damage|p1a: Cradily|62/100
|-damage|p2a: Talonflame|72/100|[from] Recoil
|
|upkeep
|turn|39
|
|t:|1608277044
|switch|p2a: Roserade|Roserade, M|100/100
|move|p1a: Cradily|Rock Slide|p2a: Roserade
|-damage|p2a: Roserade|66/100
|
|-heal|p2a: Roserade|72/100|[from] item: Black Sludge
|upkeep
|turn|40
|
|t:|1608277053
|switch|p2a: Audino|Audino, M|100/100 brn
|move|p1a: Cradily|Rock Slide|p2a: Audino
|-damage|p2a: Audino|81/100 brn
|
|-heal|p2a: Audino|87/100 brn|[from] item: Leftovers
|-damage|p2a: Audino|81/100 brn|[from] brn
|upkeep
|turn|41
|
|t:|1608277061
|switch|p1a: Rapidash|Rapidash, M|73/100
|-damage|p1a: Rapidash|48/100|[from] Stealth Rock
|move|p2a: Audino|Wish|p2a: Audino
|
|-heal|p2a: Audino|87/100 brn|[from] item: Leftovers
|-damage|p2a: Audino|81/100 brn|[from] brn
|upkeep
|turn|42
|
|t:|1608277071
|switch|p2a: Talonflame|Talonflame, F|72/100
|move|p1a: Rapidash|Toxic|p2a: Talonflame
|-status|p2a: Talonflame|tox
|
|-heal|p2a: Talonflame|100/100 tox|[from] move: Wish|[wisher] Audino
|-damage|p2a: Talonflame|94/100 tox|[from] psn
|upkeep
|turn|43
|
|t:|1608277076
|move|p2a: Talonflame|Dual Wingbeat|p1a: Rapidash
|-damage|p1a: Rapidash|30/100
|-damage|p1a: Rapidash|12/100
|-hitcount|p1a: Rapidash|2
|move|p1a: Rapidash|Morning Sun|p1a: Rapidash
|-heal|p1a: Rapidash|62/100
|
|-damage|p2a: Talonflame|82/100 tox|[from] psn
|upkeep
|turn|44
|
|t:|1608277089
|switch|p2a: Quagsire|Quagsire, F|98/100
|move|p1a: Rapidash|Flare Blitz|p2a: Quagsire
|-resisted|p2a: Quagsire
|-damage|p2a: Quagsire|84/100
|-damage|p1a: Rapidash|56/100|[from] Recoil
|
|-heal|p2a: Quagsire|90/100|[from] item: Leftovers
|upkeep
|turn|45
|
|t:|1608277099
|switch|p1a: Throh|Throh, M|88/100
|-damage|p1a: Throh|82/100|[from] Stealth Rock
|move|p2a: Quagsire|Scald|p1a: Throh
|-damage|p1a: Throh|63/100
|
|-heal|p2a: Quagsire|96/100|[from] item: Leftovers
|upkeep
|turn|46
|
|t:|1608277112
|switch|p2a: Mawile|Mawile, F|37/100
|-ability|p2a: Mawile|Intimidate|boost
|-unboost|p1a: Throh|atk|1
|move|p1a: Throh|Circle Throw|p2a: Mawile
|-damage|p2a: Mawile|25/100
|drag|p2a: Talonflame|Talonflame, F|82/100 tox
|
|-damage|p2a: Talonflame|76/100 tox|[from] psn
|upkeep
|turn|47
|
|t:|1608277124
|switch|p1a: Cradily|Cradily, F|62/100
|move|p2a: Talonflame|Dual Wingbeat|p1a: Cradily
|-damage|p1a: Cradily|50/100
|-damage|p1a: Cradily|36/100
|-hitcount|p1a: Cradily|2
|
|-damage|p2a: Talonflame|64/100 tox|[from] psn
|upkeep
|turn|48
|
|t:|1608277132
|switch|p2a: Audino|Audino, M|100/100 brn
|move|p1a: Cradily|Recover|p1a: Cradily
|-heal|p1a: Cradily|86/100
|
|-damage|p2a: Audino|94/100 brn|[from] brn
|upkeep
|turn|49
|
|t:|1608277143
|switch|p1a: Rapidash|Rapidash, M|56/100
|-damage|p1a: Rapidash|32/100|[from] Stealth Rock
|move|p2a: Audino|Heal Bell|p2a: Audino
|-activate|p2a: Audino|move: Heal Bell
|-curestatus|p2a: Audino|brn|[msg]
|-curestatus|p2: Talonflame|tox|[msg]
|
|-heal|p2a: Audino|100/100|[from] item: Leftovers
|upkeep
|turn|50
|
|t:|1608277149
|move|p1a: Rapidash|Morning Sun|p1a: Rapidash
|-heal|p1a: Rapidash|82/100
|move|p2a: Audino|Wish|p2a: Audino
|
|upkeep
|turn|51
|
|t:|1608277153
|switch|p2a: Talonflame|Talonflame, F|64/100
|move|p1a: Rapidash|Flare Blitz|p2a: Talonflame
|-resisted|p2a: Talonflame
|-damage|p2a: Talonflame|35/100
|-damage|p1a: Rapidash|72/100|[from] Recoil
|
|-heal|p2a: Talonflame|97/100|[from] move: Wish|[wisher] Audino
|upkeep
|turn|52
|
|t:|1608277166
|switch|p2a: Roserade|Roserade, M|72/100
|move|p1a: Rapidash|Toxic|p2a: Roserade
|-immune|p2a: Roserade
|
|-heal|p2a: Roserade|79/100|[from] item: Black Sludge
|upkeep
|turn|53
|
|t:|1608277170
|switch|p2a: Quagsire|Quagsire, F|96/100
|move|p1a: Rapidash|Toxic|p2a: Quagsire
|-status|p2a: Quagsire|tox
|
|-heal|p2a: Quagsire|100/100 tox|[from] item: Leftovers
|-damage|p2a: Quagsire|94/100 tox|[from] psn
|upkeep
|turn|54
|
|t:|1608277178
|switch|p1a: Cradily|Cradily, F|86/100
|move|p2a: Quagsire|Scald|p1a: Cradily
|-ability|p1a: Cradily|Storm Drain|boost
|-boost|p1a: Cradily|spa|1
|
|-heal|p2a: Quagsire|100/100 tox|[from] item: Leftovers
|-damage|p2a: Quagsire|88/100 tox|[from] psn
|upkeep
|turn|55
|
|t:|1608277192
|switch|p2a: Audino|Audino, M|100/100
|move|p1a: Cradily|Stealth Rock|p2a: Audino
|-sidestart|p2: GulagChampYo|move: Stealth Rock
|
|upkeep
|turn|56
|
|t:|1608277200
|switch|p1a: Rapidash|Rapidash, M|72/100
|-damage|p1a: Rapidash|47/100|[from] Stealth Rock
|move|p2a: Audino|Wish|p2a: Audino
|
|upkeep
|turn|57
|
|t:|1608277204
|switch|p2a: Mawile|Mawile, F|25/100
|-damage|p2a: Mawile|19/100|[from] Stealth Rock
|-ability|p2a: Mawile|Intimidate|boost
|-unboost|p1a: Rapidash|atk|1
|move|p1a: Rapidash|Flare Blitz|p2a: Mawile
|-supereffective|p2a: Mawile
|-damage|p2a: Mawile|0 fnt
|-damage|p1a: Rapidash|42/100|[from] Recoil
|faint|p2a: Mawile
|
|upkeep
|
|t:|1608277209
|switch|p2a: Spiritomb|Spiritomb, F|100/100
|-damage|p2a: Spiritomb|88/100|[from] Stealth Rock
|-ability|p2a: Spiritomb|Pressure
|turn|58
|
|t:|1608277218
|switch|p1a: Stoutland|Stoutland, M|92/100
|-damage|p1a: Stoutland|79/100|[from] Stealth Rock
|move|p2a: Spiritomb|Calm Mind|p2a: Spiritomb
|-boost|p2a: Spiritomb|spa|1
|-boost|p2a: Spiritomb|spd|1
|
|-heal|p2a: Spiritomb|94/100|[from] item: Leftovers
|upkeep
|turn|59
|
|t:|1608277224
|move|p1a: Stoutland|Strength|p2a: Spiritomb
|-damage|p2a: Spiritomb|63/100
|move|p2a: Spiritomb|Rest|p2a: Spiritomb
|-status|p2a: Spiritomb|slp|[from] move: Rest
|-heal|p2a: Spiritomb|100/100 slp|[silent]
|
|upkeep
|turn|60
|
|t:|1608277227
|move|p1a: Stoutland|Strength|p2a: Spiritomb
|-damage|p2a: Spiritomb|71/100 slp
|cant|p2a: Spiritomb|slp
|move|p2a: Spiritomb|Sleep Talk|p2a: Spiritomb
|move|p2a: Spiritomb|Calm Mind|p2a: Spiritomb|[from]move: Sleep Talk
|-boost|p2a: Spiritomb|spa|1
|-boost|p2a: Spiritomb|spd|1
|
|-heal|p2a: Spiritomb|77/100 slp|[from] item: Leftovers
|upkeep
|turn|61
|
|t:|1608277230
|move|p1a: Stoutland|Strength|p2a: Spiritomb
|-damage|p2a: Spiritomb|47/100 slp
|cant|p2a: Spiritomb|slp
|move|p2a: Spiritomb|Sleep Talk|p2a: Spiritomb
|move|p2a: Spiritomb|Rest||[from]move: Sleep Talk|[still]
|-fail|p2a: Spiritomb
|
|-heal|p2a: Spiritomb|53/100 slp|[from] item: Leftovers
|upkeep
|turn|62
|
|t:|1608277233
|move|p1a: Stoutland|Superpower|p2a: Spiritomb
|-supereffective|p2a: Spiritomb
|-damage|p2a: Spiritomb|0 fnt
|-unboost|p1a: Stoutland|atk|1
|-unboost|p1a: Stoutland|def|1
|faint|p2a: Spiritomb
|
|upkeep
|
|t:|1608277243
|switch|p2a: Talonflame|Talonflame, F|97/100
|turn|63
|
|t:|1608277248
|switch|p1a: Cradily|Cradily, F|86/100
|move|p2a: Talonflame|Flare Blitz|p1a: Cradily
|-damage|p1a: Cradily|48/100
|-damage|p2a: Talonflame|82/100|[from] Recoil
|
|upkeep
|turn|64
|
|t:|1608277255
|move|p2a: Talonflame|Flare Blitz|p1a: Cradily
|-damage|p1a: Cradily|10/100
|-damage|p2a: Talonflame|68/100|[from] Recoil
|move|p1a: Cradily|Rock Slide|p2a: Talonflame
|-supereffective|p2a: Talonflame
|-damage|p2a: Talonflame|0 fnt
|faint|p2a: Talonflame
|
|upkeep
|
|t:|1608277259
|switch|p2a: Roserade|Roserade, M|79/100
|-damage|p2a: Roserade|66/100|[from] Stealth Rock
|turn|65
|
|t:|1608277265
|switch|p1a: Rapidash|Rapidash, M|42/100
|-damage|p1a: Rapidash|17/100|[from] Stealth Rock
|move|p2a: Roserade|Giga Drain|p1a: Rapidash
|-resisted|p1a: Rapidash
|-damage|p1a: Rapidash|0 fnt
|-heal|p2a: Roserade|75/100|[from] drain|[of] p1a: Rapidash
|faint|p1a: Rapidash
|
|-heal|p2a: Roserade|81/100|[from] item: Black Sludge
|upkeep
|
|t:|1608277273
|switch|p1a: Stoutland|Stoutland, M|79/100
|-damage|p1a: Stoutland|67/100|[from] Stealth Rock
|turn|66
|
|t:|1608277276
|switch|p2a: Quagsire|Quagsire, F|88/100 tox
|-damage|p2a: Quagsire|82/100 tox|[from] Stealth Rock
|move|p1a: Stoutland|Retaliate|p2a: Quagsire
|-damage|p2a: Quagsire|34/100 tox
|
|-heal|p2a: Quagsire|40/100 tox|[from] item: Leftovers
|-damage|p2a: Quagsire|34/100 tox|[from] psn
|upkeep
|turn|67
|
|t:|1608277280
|move|p1a: Stoutland|Strength|p2a: Quagsire
|-damage|p2a: Quagsire|6/100 tox
|move|p2a: Quagsire|Earthquake|p1a: Stoutland
|-damage|p1a: Stoutland|32/100
|
|-heal|p2a: Quagsire|12/100 tox|[from] item: Leftovers
|-damage|p2a: Quagsire|0 fnt|[from] psn
|faint|p2a: Quagsire
|upkeep
|c|☆GulagChampYo|Two sleep talk missed nice man
|c|☆errmwhat|im half asleep yea
|-message|GulagChampYo forfeited.
|
|win|errmwhat
|l|☆GulagChampYo
|raw|errmwhat's rating: 1440 &rarr; <strong>1466</strong><br />(+26 for winning)
|raw|GulagChampYo's rating: 1557 &rarr; <strong>1531</strong><br />(-26 for losing)
