|j|☆Haffling
|j|☆Rafadude
|t:|1667668597
|gametype|singles
|player|p1|Haffling|cyrus|
|player|p2|Rafadude|scientistf|
|teamsize|p1|6
|teamsize|p2|6
|gen|8
|tier|[Gen 8] PU
|rated|Tournament battle
|rule|Sleep Clause Mod: Limit one foe put to sleep
|rule|Species Clause: Limit one of each Pokémon
|rule|OHKO Clause: OHKO moves are banned
|rule|Evasion Items Clause: Evasion items are banned
|rule|Evasion Moves Clause: Evasion moves are banned
|rule|Endless Battle Clause: Forcing endless battles is banned
|rule|HP Percentage Mod: HP is shown in percentages
|rule|Dynamax Clause: You cannot dynamax
|clearpoke
|poke|p1|Charizard, M|
|poke|p1|Scrafty, F|
|poke|p1|Togedemaru, M|
|poke|p1|Eldegoss, F|
|poke|p1|Gigalith, F|
|poke|p1|Quagsire, F|
|poke|p2|Pincurchin, F|
|poke|p2|Vikavolt, M|
|poke|p2|Hitmonlee, M|
|poke|p2|Jolteon, M|
|poke|p2|Eldegoss, F|
|poke|p2|Gigalith, F|
|teampreview
|inactive|Battle timer is ON: inactive players will automatically lose when time's up. (requested by Rafadude)
|c|☆Haffling|hf
|c|☆Rafadude|u too
|c|☆Rafadude|wait
|c|☆Rafadude|this is'the exact same team
|c|☆Rafadude|i fought against
|
|t:|1667668625
|start
|switch|p1a: Scrafty|Scrafty, F|100/100
|switch|p2a: Pincurchin|Pincurchin, F|100/100
|-fieldstart|move: Electric Terrain|[from] ability: Electric Surge|[of] p2a: Pincurchin
|turn|1
|c|☆Haffling|might be its the sample i made
|
|t:|1667668639
|switch|p2a: Hitmonlee|Hitmonlee, M|100/100
|-enditem|p2a: Hitmonlee|Electric Seed
|-boost|p2a: Hitmonlee|def|1|[from] item: Electric Seed
|move|p1a: Scrafty|Knock Off|p2a: Hitmonlee
|-resisted|p2a: Hitmonlee
|-damage|p2a: Hitmonlee|76/100
|
|upkeep
|turn|2
|c|☆Rafadude|oh its a sample makes more sense
|
|t:|1667668648
|switch|p1a: Quagsire|Quagsire, F|100/100
|move|p2a: Hitmonlee|Bulk Up|p2a: Hitmonlee
|-boost|p2a: Hitmonlee|atk|1
|-boost|p2a: Hitmonlee|def|1
|
|upkeep
|turn|3
|
|t:|1667668655
|move|p2a: Hitmonlee|High Jump Kick|p1a: Quagsire
|-damage|p1a: Quagsire|49/100
|move|p1a: Quagsire|Earthquake|p2a: Hitmonlee
|-damage|p2a: Hitmonlee|2/100
|
|upkeep
|turn|4
|
|t:|1667668663
|move|p2a: Hitmonlee|High Jump Kick|p1a: Quagsire
|-damage|p1a: Quagsire|3/100
|move|p1a: Quagsire|Earthquake|p2a: Hitmonlee
|-damage|p2a: Hitmonlee|0 fnt
|faint|p2a: Hitmonlee
|
|upkeep
|
|t:|1667668678
|switch|p2a: Eldegoss|Eldegoss, F|100/100
|turn|5
|
|t:|1667668682
|move|p2a: Eldegoss|Giga Drain|p1a: Quagsire
|-supereffective|p1a: Quagsire
|-damage|p1a: Quagsire|0 fnt
|faint|p1a: Quagsire
|
|upkeep
|
|t:|1667668693
|switch|p1a: Charizard|Charizard, M|100/100
|turn|6
|
|t:|1667668696
|switch|p2a: Gigalith|Gigalith, F|100/100
|-weather|Sandstorm|[from] ability: Sand Stream|[of] p2a: Gigalith
|move|p1a: Charizard|Toxic|p2a: Gigalith
|-status|p2a: Gigalith|tox
|
|-weather|Sandstorm|[upkeep]
|-damage|p1a: Charizard|94/100|[from] Sandstorm
|-damage|p2a: Gigalith|94/100 tox|[from] psn
|upkeep
|turn|7
|
|t:|1667668701
|switch|p1a: Scrafty|Scrafty, F|100/100
|move|p2a: Gigalith|Stealth Rock|p1a: Scrafty
|-sidestart|p1: Haffling|move: Stealth Rock
|
|-weather|Sandstorm|[upkeep]
|-damage|p1a: Scrafty|95/100|[from] Sandstorm
|-heal|p1a: Scrafty|100/100|[from] item: Leftovers
|-heal|p2a: Gigalith|100/100 tox|[from] item: Leftovers
|-damage|p2a: Gigalith|88/100 tox|[from] psn
|upkeep
|turn|8
|j| Generation10
|
|t:|1667668707
|switch|p2a: Eldegoss|Eldegoss, F|100/100
|move|p1a: Scrafty|Knock Off|p2a: Eldegoss
|-damage|p2a: Eldegoss|50/100
|-enditem|p2a: Eldegoss|Leftovers|[from] move: Knock Off|[of] p1a: Scrafty
|
|-weather|Sandstorm|[upkeep]
|-damage|p1a: Scrafty|95/100|[from] Sandstorm
|-damage|p2a: Eldegoss|43/100|[from] Sandstorm
|-heal|p1a: Scrafty|100/100|[from] item: Leftovers
|-fieldend|move: Electric Terrain
|upkeep
|turn|9
|
|t:|1667668713
|move|p1a: Scrafty|Poison Jab|p2a: Eldegoss
|-supereffective|p2a: Eldegoss
|-damage|p2a: Eldegoss|0 fnt
|faint|p2a: Eldegoss
|
|-weather|Sandstorm|[upkeep]
|-damage|p1a: Scrafty|95/100|[from] Sandstorm
|-heal|p1a: Scrafty|100/100|[from] item: Leftovers
|upkeep
|
|t:|1667668716
|switch|p2a: Pincurchin|Pincurchin, F|100/100
|-fieldstart|move: Electric Terrain|[from] ability: Electric Surge|[of] p2a: Pincurchin
|turn|10
|
|t:|1667668723
|move|p1a: Scrafty|Knock Off|p2a: Pincurchin
|-damage|p2a: Pincurchin|49/100
|-enditem|p2a: Pincurchin|Terrain Extender|[from] move: Knock Off|[of] p1a: Scrafty
|move|p2a: Pincurchin|Rising Voltage|p1a: Scrafty
|-hint|Rising Voltage's BP doubled on grounded target.
|-damage|p1a: Scrafty|15/100
|
|-weather|none
|-heal|p1a: Scrafty|21/100|[from] item: Leftovers
|upkeep
|turn|11
|
|t:|1667668730
|move|p1a: Scrafty|Close Combat|p2a: Pincurchin
|-damage|p2a: Pincurchin|0 fnt
|-unboost|p1a: Scrafty|def|1
|-unboost|p1a: Scrafty|spd|1
|faint|p2a: Pincurchin
|
|-heal|p1a: Scrafty|27/100|[from] item: Leftovers
|upkeep
|
|t:|1667668734
|switch|p2a: Jolteon|Jolteon, M|100/100
|turn|12
|c|☆Rafadude|time to hope toge is iron barbs
|
|t:|1667668749
|switch|p1a: Eldegoss|Eldegoss, F|100/100
|move|p2a: Jolteon|Rising Voltage|p1a: Eldegoss
|-hint|Rising Voltage's BP doubled on grounded target.
|-resisted|p1a: Eldegoss
|-damage|p1a: Eldegoss|40/100
|
|upkeep
|turn|13
|
|t:|1667668754
|switch|p1a: Togedemaru|Togedemaru, M|100/100
|-damage|p1a: Togedemaru|95/100|[from] Stealth Rock
|move|p2a: Jolteon|Rising Voltage|p1a: Togedemaru
|-ability|p1a: Togedemaru|Lightning Rod|boost
|-boost|p1a: Togedemaru|spa|1
|
|-heal|p1a: Togedemaru|100/100|[from] item: Leftovers
|upkeep
|turn|14
|c|☆Haffling|i woundt have sacked quag if it was
|
|t:|1667668775
|switch|p2a: Gigalith|Gigalith, F|88/100 tox
|-weather|Sandstorm|[from] ability: Sand Stream|[of] p2a: Gigalith
|move|p1a: Togedemaru|U-turn|p2a: Gigalith
|-damage|p2a: Gigalith|77/100 tox
|c|☆Rafadude|ik
|
|t:|1667668786
|switch|p1a: Scrafty|Scrafty, F|27/100|[from]move: U-turn
|-damage|p1a: Scrafty|21/100|[from] Stealth Rock
|
|-weather|Sandstorm|[upkeep]
|-damage|p1a: Scrafty|15/100|[from] Sandstorm
|-heal|p1a: Scrafty|21/100|[from] item: Leftovers
|-heal|p2a: Gigalith|83/100 tox|[from] item: Leftovers
|-damage|p2a: Gigalith|77/100 tox|[from] psn
|upkeep
|turn|15
|c|☆Rafadude|but like
|c|☆Rafadude|i need some hope here man
|
|t:|1667668798
|move|p1a: Scrafty|Close Combat|p2a: Gigalith
|-supereffective|p2a: Gigalith
|-damage|p2a: Gigalith|0 fnt
|-unboost|p1a: Scrafty|def|1
|-unboost|p1a: Scrafty|spd|1
|faint|p2a: Gigalith
|
|-weather|Sandstorm|[upkeep]
|-damage|p1a: Scrafty|15/100|[from] Sandstorm
|-heal|p1a: Scrafty|21/100|[from] item: Leftovers
|upkeep
|
|t:|1667668800
|switch|p2a: Jolteon|Jolteon, M|100/100
|turn|16
|
|t:|1667668810
|switch|p1a: Eldegoss|Eldegoss, F|73/100
|move|p2a: Jolteon|Shadow Ball|p1a: Eldegoss
|-damage|p1a: Eldegoss|38/100
|
|-weather|Sandstorm|[upkeep]
|-damage|p2a: Jolteon|94/100|[from] Sandstorm
|-damage|p1a: Eldegoss|32/100|[from] Sandstorm
|upkeep
|turn|17
|
|t:|1667668823
|switch|p1a: Scrafty|Scrafty, F|21/100
|-damage|p1a: Scrafty|15/100|[from] Stealth Rock
|move|p2a: Jolteon|Shadow Ball|p1a: Scrafty
|-resisted|p1a: Scrafty
|-damage|p1a: Scrafty|0 fnt
|faint|p1a: Scrafty
|
|-weather|Sandstorm|[upkeep]
|-damage|p2a: Jolteon|88/100|[from] Sandstorm
|-fieldend|move: Electric Terrain
|upkeep
|
|t:|1667668829
|switch|p1a: Gigalith|Gigalith, F|100/100
|-damage|p1a: Gigalith|88/100|[from] Stealth Rock
|turn|18
|
|t:|1667668840
|switch|p2a: Vikavolt|Vikavolt, M|100/100
|move|p1a: Gigalith|Rock Blast|p2a: Vikavolt
|-supereffective|p2a: Vikavolt
|-damage|p2a: Vikavolt|70/100
|-supereffective|p2a: Vikavolt
|-crit|p2a: Vikavolt
|-damage|p2a: Vikavolt|31/100
|-supereffective|p2a: Vikavolt
|-damage|p2a: Vikavolt|4/100
|-hitcount|p2a: Vikavolt|3
|
|-weather|none
|-heal|p1a: Gigalith|94/100|[from] item: Leftovers
|upkeep
|turn|19
|
|t:|1667668848
|move|p2a: Vikavolt|Energy Ball|p1a: Gigalith
|-supereffective|p1a: Gigalith
|-damage|p1a: Gigalith|40/100
|move|p1a: Gigalith|Rock Blast|p2a: Vikavolt
|-supereffective|p2a: Vikavolt
|-damage|p2a: Vikavolt|0 fnt
|faint|p2a: Vikavolt
|-hitcount|p2: Vikavolt|1
|
|-heal|p1a: Gigalith|46/100|[from] item: Leftovers
|upkeep
|
|t:|1667668850
|switch|p2a: Jolteon|Jolteon, M|88/100
|turn|20
|c|☆Rafadude|watch 3 crits
|
|t:|1667668859
|move|p1a: Gigalith|Protect|p1a: Gigalith
|-singleturn|p1a: Gigalith|Protect
|move|p2a: Jolteon|Shadow Ball|p1a: Gigalith
|-activate|p1a: Gigalith|move: Protect
|
|-heal|p1a: Gigalith|53/100|[from] item: Leftovers
|upkeep
|turn|21
|
|t:|1667668865
|move|p2a: Jolteon|Shadow Ball|p1a: Gigalith
|-damage|p1a: Gigalith|25/100
|move|p1a: Gigalith|Earthquake|p2a: Jolteon
|-supereffective|p2a: Jolteon
|-damage|p2a: Jolteon|0 fnt
|faint|p2a: Jolteon
|
|win|Haffling
|n|☆Haffling|haffling
|n|☆Rafadude|rafadude
|n| Generation10|generation10
