|raw|<div class="broadcast-blue"><strong>This battle is required to be public due to a player having a name starting with 'pult4c1'.</div>
|j|☆PULT4C1 Inder
|j|☆PULT4C1 LW
|t:|1660668869
|gametype|singles
|player|p1|PULT4C1 Inder|lyra|1517
|player|p2|PULT4C1 LW|furisodegirl-black|1526
|teamsize|p1|6
|teamsize|p2|6
|gen|8
|tier|[Gen 8] PU
|rated|
|rule|Sleep Clause Mod: Limit one foe put to sleep
|rule|Species Clause: Limit one of each Pokémon
|rule|OHKO Clause: OHKO moves are banned
|rule|Evasion Items Clause: Evasion items are banned
|rule|Evasion Moves Clause: Evasion moves are banned
|rule|Endless Battle Clause: Forcing endless battles is banned
|rule|HP Percentage Mod: HP is shown in percentages
|rule|Dynamax Clause: You cannot dynamax
|clearpoke
|poke|p1|Gigalith, F|
|poke|p1|Sandslash, M|
|poke|p1|Ribombee, F|
|poke|p1|Arctovish|
|poke|p1|Tangela, F|
|poke|p1|Gallade, M|
|poke|p2|Frosmoth, F|
|poke|p2|Weezing, M|
|poke|p2|Cinccino, M|
|poke|p2|Ferroseed, F|
|poke|p2|Aromatisse, M|
|poke|p2|Gigalith, F|
|teampreview
|inactive|Battle timer is ON: inactive players will automatically lose when time's up. (requested by PULT4C1 LW)
|inactive|PULT4C1 Inder also wants the timer to be on.
|c|☆PULT4C1 Inder|hf
|c|☆PULT4C1 LW|u2
|inactive|PULT4C1 Inder has 120 seconds left.
|
|t:|1660668910
|start
|switch|p1a: Gallade|Gallade, M|100/100
|switch|p2a: Weezing|Weezing, M|100/100
|-ability|p2a: Weezing|Neutralizing Gas
|turn|1
|
|t:|1660668919
|move|p1a: Gallade|Knock Off|p2a: Weezing
|-damage|p2a: Weezing|80/100
|-damage|p1a: Gallade|84/100|[from] item: Rocky Helmet|[of] p2a: Weezing
|-enditem|p2a: Weezing|Rocky Helmet|[from] move: Knock Off|[of] p1a: Gallade
|move|p2a: Weezing|Toxic Spikes|p1a: Gallade
|-sidestart|p1: PULT4C1 Inder|move: Toxic Spikes
|
|upkeep
|turn|2
|j| Livarupp
|
|t:|1660668931
|switch|p1a: Gigalith|Gigalith, F|100/100
|-status|p1a: Gigalith|psn
|-end|p2a: Weezing|ability: Neutralizing Gas
|-weather|Sandstorm|[from] ability: Sand Stream|[of] p1a: Gigalith
|switch|p2a: Aromatisse|Aromatisse, M|100/100
|
|-weather|Sandstorm|[upkeep]
|-damage|p2a: Aromatisse|94/100|[from] Sandstorm
|-damage|p1a: Gigalith|88/100 psn|[from] psn
|upkeep
|turn|3
|j| PULT4C1 Astreau
|
|t:|1660668943
|move|p2a: Aromatisse|Moonblast|p1a: Gigalith
|-damage|p1a: Gigalith|71/100 psn
|move|p1a: Gigalith|Stealth Rock|p2a: Aromatisse
|-sidestart|p2: PULT4C1 LW|move: Stealth Rock
|
|-weather|Sandstorm|[upkeep]
|-damage|p2a: Aromatisse|88/100|[from] Sandstorm
|-heal|p1a: Gigalith|77/100 psn|[from] item: Leftovers
|-damage|p1a: Gigalith|64/100 psn|[from] psn
|upkeep
|turn|4
|
|t:|1660668949
|switch|p1a: Arctovish|Arctovish|100/100
|move|p2a: Aromatisse|Wish|p2a: Aromatisse
|
|-weather|Sandstorm|[upkeep]
|-damage|p1a: Arctovish|94/100|[from] Sandstorm
|-damage|p2a: Aromatisse|82/100|[from] Sandstorm
|upkeep
|turn|5
|
|t:|1660668959
|switch|p2a: Ferroseed|Ferroseed, F|100/100
|-damage|p2a: Ferroseed|94/100|[from] Stealth Rock
|move|p1a: Arctovish|Freeze-Dry|p2a: Ferroseed
|-damage|p2a: Ferroseed|81/100
|
|-weather|Sandstorm|[upkeep]
|-damage|p1a: Arctovish|88/100|[from] Sandstorm
|-heal|p2a: Ferroseed|100/100|[from] move: Wish|[wisher] Aromatisse
|upkeep
|turn|6
|
|t:|1660668967
|switch|p1a: Tangela|Tangela, F|100/100
|-status|p1a: Tangela|psn
|move|p2a: Ferroseed|Knock Off|p1a: Tangela
|-damage|p1a: Tangela|94/100 psn
|-enditem|p1a: Tangela|Eviolite|[from] move: Knock Off|[of] p2a: Ferroseed
|
|-weather|none
|-damage|p1a: Tangela|82/100 psn|[from] psn
|upkeep
|turn|7
|
|t:|1660668974
|switch|p2a: Weezing|Weezing, M|80/100
|-ability|p2a: Weezing|Neutralizing Gas
|-damage|p2a: Weezing|67/100|[from] Stealth Rock
|move|p1a: Tangela|Knock Off|p2a: Weezing
|-damage|p2a: Weezing|62/100
|
|-damage|p1a: Tangela|70/100 psn|[from] psn
|upkeep
|turn|8
|
|t:|1660668987
|switch|p1a: Sandslash|Sandslash, M|100/100
|-status|p1a: Sandslash|psn
|move|p2a: Weezing|Flamethrower|p1a: Sandslash
|-damage|p1a: Sandslash|72/100 psn
|
|-heal|p1a: Sandslash|78/100 psn|[from] item: Leftovers
|-damage|p1a: Sandslash|65/100 psn|[from] psn
|upkeep
|turn|9
|
|t:|1660668996
|-end|p2a: Weezing|ability: Neutralizing Gas
|switch|p2a: Ferroseed|Ferroseed, F|100/100
|-damage|p2a: Ferroseed|94/100|[from] Stealth Rock
|move|p1a: Sandslash|Knock Off|p2a: Ferroseed
|-damage|p2a: Ferroseed|77/100
|-damage|p1a: Sandslash|53/100 psn|[from] ability: Iron Barbs|[of] p2a: Ferroseed
|-enditem|p2a: Ferroseed|Eviolite|[from] move: Knock Off|[of] p1a: Sandslash
|
|-heal|p1a: Sandslash|59/100 psn|[from] item: Leftovers
|-damage|p1a: Sandslash|47/100 psn|[from] psn
|upkeep
|turn|10
|j| PULT4C1 spacial
|
|t:|1660669022
|switch|p2a: Aromatisse|Aromatisse, M|82/100
|move|p1a: Sandslash|Earthquake|p2a: Aromatisse
|-damage|p2a: Aromatisse|49/100
|
|-heal|p1a: Sandslash|53/100 psn|[from] item: Leftovers
|-damage|p1a: Sandslash|40/100 psn|[from] psn
|upkeep
|turn|11
|
|t:|1660669027
|switch|p1a: Ribombee|Ribombee, F|100/100
|move|p2a: Aromatisse|Protect||[still]
|-fail|p2a: Aromatisse
|
|upkeep
|turn|12
|
|t:|1660669035
|move|p1a: Ribombee|Aromatherapy|p1a: Ribombee
|-activate|p1a: Ribombee|move: Aromatherapy
|-curestatus|p1: Tangela|psn|[msg]
|-curestatus|p1: Sandslash|psn|[msg]
|-curestatus|p1: Gigalith|psn|[msg]
|move|p2a: Aromatisse|Wish|p2a: Aromatisse
|
|upkeep
|turn|13
|
|t:|1660669058
|move|p1a: Ribombee|Quiver Dance|p1a: Ribombee
|-boost|p1a: Ribombee|spa|1
|-boost|p1a: Ribombee|spd|1
|-boost|p1a: Ribombee|spe|1
|move|p2a: Aromatisse|Moonblast|p1a: Ribombee
|-damage|p1a: Ribombee|62/100
|
|-heal|p2a: Aromatisse|99/100|[from] move: Wish|[wisher] Aromatisse
|upkeep
|turn|14
|
|t:|1660669064
|switch|p2a: Gigalith|Gigalith, F|100/100
|-damage|p2a: Gigalith|88/100|[from] Stealth Rock
|-weather|Sandstorm|[from] ability: Sand Stream|[of] p2a: Gigalith
|move|p1a: Ribombee|Moonblast|p2a: Gigalith
|-damage|p2a: Gigalith|55/100
|
|-weather|Sandstorm|[upkeep]
|-damage|p1a: Ribombee|56/100|[from] Sandstorm
|-heal|p2a: Gigalith|61/100|[from] item: Leftovers
|upkeep
|turn|15
|
|t:|1660669069
|switch|p1a: Sandslash|Sandslash, M|40/100
|-status|p1a: Sandslash|psn
|move|p2a: Gigalith|Stealth Rock|p1a: Sandslash
|-sidestart|p1: PULT4C1 Inder|move: Stealth Rock
|
|-weather|Sandstorm|[upkeep]
|-heal|p1a: Sandslash|47/100 psn|[from] item: Leftovers
|-heal|p2a: Gigalith|67/100|[from] item: Leftovers
|-damage|p1a: Sandslash|34/100 psn|[from] psn
|upkeep
|turn|16
|
|t:|1660669075
|move|p2a: Gigalith|Protect|p2a: Gigalith
|-singleturn|p2a: Gigalith|Protect
|move|p1a: Sandslash|Rapid Spin|p2a: Gigalith
|-activate|p2a: Gigalith|move: Protect
|
|-weather|Sandstorm|[upkeep]
|-heal|p1a: Sandslash|40/100 psn|[from] item: Leftovers
|-heal|p2a: Gigalith|73/100|[from] item: Leftovers
|-damage|p1a: Sandslash|28/100 psn|[from] psn
|upkeep
|turn|17
|
|t:|1660669083
|move|p1a: Sandslash|Rapid Spin|p2a: Gigalith
|-resisted|p2a: Gigalith
|-damage|p2a: Gigalith|68/100
|-boost|p1a: Sandslash|spe|1
|-sideend|p1: PULT4C1 Inder|Toxic Spikes|[from] move: Rapid Spin|[of] p1a: Sandslash
|-sideend|p1: PULT4C1 Inder|Stealth Rock|[from] move: Rapid Spin|[of] p1a: Sandslash
|move|p2a: Gigalith|Earthquake|p1a: Sandslash
|-damage|p1a: Sandslash|1/100 psn
|
|-weather|Sandstorm|[upkeep]
|-heal|p1a: Sandslash|7/100 psn|[from] item: Leftovers
|-heal|p2a: Gigalith|75/100|[from] item: Leftovers
|-damage|p1a: Sandslash|0 fnt|[from] psn
|faint|p1a: Sandslash
|upkeep
|
|t:|1660669087
|switch|p1a: Gallade|Gallade, M|84/100
|turn|18
|
|t:|1660669095
|switch|p1a: Arctovish|Arctovish|88/100
|switch|p2a: Aromatisse|Aromatisse, M|99/100
|
|-weather|none
|upkeep
|turn|19
|
|t:|1660669101
|move|p1a: Arctovish|Fishious Rend|p2a: Aromatisse
|-damage|p2a: Aromatisse|52/100
|move|p2a: Aromatisse|Wish|p2a: Aromatisse
|
|upkeep
|turn|20
|
|t:|1660669107
|move|p2a: Aromatisse|Protect|p2a: Aromatisse
|-singleturn|p2a: Aromatisse|Protect
|move|p1a: Arctovish|Fishious Rend|p2a: Aromatisse
|-activate|p2a: Aromatisse|move: Protect
|
|-heal|p2a: Aromatisse|100/100|[from] move: Wish|[wisher] Aromatisse
|upkeep
|turn|21
|
|t:|1660669110
|move|p1a: Arctovish|Fishious Rend|p2a: Aromatisse
|-damage|p2a: Aromatisse|58/100
|move|p2a: Aromatisse|Wish|p2a: Aromatisse
|
|upkeep
|turn|22
|
|t:|1660669114
|move|p1a: Arctovish|Fishious Rend|p2a: Aromatisse
|-damage|p2a: Aromatisse|11/100
|move|p2a: Aromatisse|Moonblast|p1a: Arctovish
|-damage|p1a: Arctovish|60/100
|
|-heal|p2a: Aromatisse|61/100|[from] move: Wish|[wisher] Aromatisse
|upkeep
|turn|23
|
|t:|1660669122
|move|p1a: Arctovish|Fishious Rend|p2a: Aromatisse
|-damage|p2a: Aromatisse|11/100
|move|p2a: Aromatisse|Wish|p2a: Aromatisse
|
|upkeep
|turn|24
|
|t:|1660669128
|move|p2a: Aromatisse|Protect|p2a: Aromatisse
|-singleturn|p2a: Aromatisse|Protect
|move|p1a: Arctovish|Freeze-Dry|p2a: Aromatisse
|-activate|p2a: Aromatisse|move: Protect
|
|-heal|p2a: Aromatisse|61/100|[from] move: Wish|[wisher] Aromatisse
|upkeep
|turn|25
|
|t:|1660669129
|move|p1a: Arctovish|Fishious Rend|p2a: Aromatisse
|-damage|p2a: Aromatisse|17/100
|move|p2a: Aromatisse|Wish|p2a: Aromatisse
|
|upkeep
|turn|26
|
|t:|1660669133
|move|p2a: Aromatisse|Protect|p2a: Aromatisse
|-singleturn|p2a: Aromatisse|Protect
|move|p1a: Arctovish|Freeze-Dry|p2a: Aromatisse
|-activate|p2a: Aromatisse|move: Protect
|
|-heal|p2a: Aromatisse|67/100|[from] move: Wish|[wisher] Aromatisse
|upkeep
|turn|27
|
|t:|1660669135
|move|p1a: Arctovish|Fishious Rend|p2a: Aromatisse
|-damage|p2a: Aromatisse|19/100
|move|p2a: Aromatisse|Wish|p2a: Aromatisse
|
|upkeep
|turn|28
|
|t:|1660669139
|switch|p1a: Gigalith|Gigalith, F|64/100
|-weather|Sandstorm|[from] ability: Sand Stream|[of] p1a: Gigalith
|move|p2a: Aromatisse|Protect||[still]
|-fail|p2a: Aromatisse
|
|-weather|Sandstorm|[upkeep]
|-damage|p2a: Aromatisse|13/100|[from] Sandstorm
|-heal|p2a: Aromatisse|63/100|[from] move: Wish|[wisher] Aromatisse
|-heal|p1a: Gigalith|71/100|[from] item: Leftovers
|upkeep
|turn|29
|
|t:|1660669146
|move|p2a: Aromatisse|Wish|p2a: Aromatisse
|move|p1a: Gigalith|Earthquake|p2a: Aromatisse
|-damage|p2a: Aromatisse|41/100
|
|-weather|Sandstorm|[upkeep]
|-damage|p2a: Aromatisse|35/100|[from] Sandstorm
|-heal|p1a: Gigalith|77/100|[from] item: Leftovers
|upkeep
|turn|30
|
|t:|1660669155
|move|p2a: Aromatisse|Protect|p2a: Aromatisse
|-singleturn|p2a: Aromatisse|Protect
|move|p1a: Gigalith|Earthquake|p2a: Aromatisse
|-activate|p2a: Aromatisse|move: Protect
|
|-weather|Sandstorm|[upkeep]
|-damage|p2a: Aromatisse|29/100|[from] Sandstorm
|-heal|p2a: Aromatisse|79/100|[from] move: Wish|[wisher] Aromatisse
|-heal|p1a: Gigalith|83/100|[from] item: Leftovers
|upkeep
|turn|31
|
|t:|1660669167
|switch|p2a: Ferroseed|Ferroseed, F|77/100
|-damage|p2a: Ferroseed|71/100|[from] Stealth Rock
|move|p1a: Gigalith|Rock Blast|p2a: Ferroseed
|-resisted|p2a: Ferroseed
|-damage|p2a: Ferroseed|66/100
|-resisted|p2a: Ferroseed
|-damage|p2a: Ferroseed|60/100
|-resisted|p2a: Ferroseed
|-damage|p2a: Ferroseed|55/100
|-hitcount|p2a: Ferroseed|3
|
|-weather|Sandstorm|[upkeep]
|-heal|p1a: Gigalith|89/100|[from] item: Leftovers
|upkeep
|turn|32
|
|t:|1660669170
|move|p1a: Gigalith|Earthquake|p2a: Ferroseed
|-damage|p2a: Ferroseed|26/100
|move|p2a: Ferroseed|Spikes|p1a: Gigalith
|-sidestart|p1: PULT4C1 Inder|Spikes
|
|-weather|none
|-heal|p1a: Gigalith|96/100|[from] item: Leftovers
|upkeep
|turn|33
|
|t:|1660669180
|move|p1a: Gigalith|Earthquake|p2a: Ferroseed
|-damage|p2a: Ferroseed|0 fnt
|faint|p2a: Ferroseed
|
|-heal|p1a: Gigalith|100/100|[from] item: Leftovers
|upkeep
|
|t:|1660669183
|switch|p2a: Cinccino|Cinccino, M|100/100
|turn|34
|
|t:|1660669200
|switch|p1a: Tangela|Tangela, F|70/100
|-damage|p1a: Tangela|58/100|[from] Spikes
|move|p2a: Cinccino|Bullet Seed|p1a: Tangela
|-resisted|p1a: Tangela
|-damage|p1a: Tangela|55/100
|-resisted|p1a: Tangela
|-damage|p1a: Tangela|53/100
|-resisted|p1a: Tangela
|-damage|p1a: Tangela|51/100
|-resisted|p1a: Tangela
|-damage|p1a: Tangela|48/100
|-resisted|p1a: Tangela
|-damage|p1a: Tangela|46/100
|-hitcount|p1a: Tangela|5
|
|upkeep
|turn|35
|
|t:|1660669208
|move|p2a: Cinccino|U-turn|p1a: Tangela
|-supereffective|p1a: Tangela
|-damage|p1a: Tangela|19/100
|
|t:|1660669211
|switch|p2a: Weezing|Weezing, M|62/100|[from]move: U-turn
|-ability|p2a: Weezing|Neutralizing Gas
|-damage|p2a: Weezing|49/100|[from] Stealth Rock
|move|p1a: Tangela|Sleep Powder|p2a: Weezing
|-status|p2a: Weezing|slp|[from] move: Sleep Powder
|
|upkeep
|turn|36
|
|t:|1660669217
|-end|p2a: Weezing|ability: Neutralizing Gas
|switch|p2a: Cinccino|Cinccino, M|100/100
|move|p1a: Tangela|Giga Drain|p2a: Cinccino
|-damage|p2a: Cinccino|53/100
|-heal|p1a: Tangela|40/100|[from] drain|[of] p2a: Cinccino
|
|upkeep
|turn|37
|l| PULT4C1 Astreau
|c|☆PULT4C1 LW|a
|c|☆PULT4C1 LW|misclick
|
|t:|1660669232
|move|p2a: Cinccino|Tail Slap|p1a: Tangela
|-damage|p1a: Tangela|33/100
|-damage|p1a: Tangela|25/100
|-damage|p1a: Tangela|18/100
|-damage|p1a: Tangela|11/100
|-damage|p1a: Tangela|4/100
|-hitcount|p1a: Tangela|5
|move|p1a: Tangela|Giga Drain|p2a: Cinccino
|-damage|p2a: Cinccino|10/100
|-heal|p1a: Tangela|22/100|[from] drain|[of] p2a: Cinccino
|
|upkeep
|turn|38
|c|☆PULT4C1 LW|yea i really
|c|☆PULT4C1 LW|shouldnt have misclicked
|c|☆PULT4C1 LW|goodjob
|c|☆PULT4C1 LW|me
|inactive|PULT4C1 Inder has 120 seconds left.
|c|☆PULT4C1 Inder|rip sorry about that
|c|☆PULT4C1 LW|well this is over now
|inactive|PULT4C1 Inder has 90 seconds left.
|
|t:|1660669295
|switch|p1a: Arctovish|Arctovish|60/100
|move|p2a: Cinccino|U-turn|p1a: Arctovish
|-damage|p1a: Arctovish|42/100
|
|t:|1660669300
|switch|p2a: Frosmoth|Frosmoth, F|100/100|[from]move: U-turn
|
|upkeep
|turn|39
|
|t:|1660669306
|switch|p2a: Gigalith|Gigalith, F|75/100
|-damage|p2a: Gigalith|62/100|[from] Stealth Rock
|-weather|Sandstorm|[from] ability: Sand Stream|[of] p2a: Gigalith
|switch|p1a: Gigalith|Gigalith, F|100/100
|-damage|p1a: Gigalith|88/100|[from] Spikes
|
|-weather|Sandstorm|[upkeep]
|-heal|p1a: Gigalith|94/100|[from] item: Leftovers
|-heal|p2a: Gigalith|68/100|[from] item: Leftovers
|upkeep
|turn|40
|c|☆PULT4C1 Inder|there is always winpath
|c|☆PULT4C1 Inder|nws
|c|☆PULT4C1 LW|yea if i hax the shit out of you maybe
|inactive|PULT4C1 Inder has 90 seconds left.
|
|t:|1660669332
|move|p1a: Gigalith|Earthquake|p2a: Gigalith
|-supereffective|p2a: Gigalith
|-damage|p2a: Gigalith|28/100
|move|p2a: Gigalith|Stealth Rock|p1a: Gigalith
|-sidestart|p1: PULT4C1 Inder|move: Stealth Rock
|
|-weather|Sandstorm|[upkeep]
|-heal|p1a: Gigalith|100/100|[from] item: Leftovers
|-heal|p2a: Gigalith|34/100|[from] item: Leftovers
|upkeep
|turn|41
|
|t:|1660669336
|move|p2a: Gigalith|Protect|p2a: Gigalith
|-singleturn|p2a: Gigalith|Protect
|move|p1a: Gigalith|Earthquake|p2a: Gigalith
|-activate|p2a: Gigalith|move: Protect
|
|-weather|Sandstorm|[upkeep]
|-heal|p2a: Gigalith|40/100|[from] item: Leftovers
|upkeep
|turn|42
|
|t:|1660669338
|move|p1a: Gigalith|Earthquake|p2a: Gigalith
|-supereffective|p2a: Gigalith
|-damage|p2a: Gigalith|0 fnt
|faint|p2a: Gigalith
|
|-weather|Sandstorm|[upkeep]
|upkeep
|-message|PULT4C1 LW forfeited.
|
|win|PULT4C1 Inder
|raw|PULT4C1 Inder's rating: 1517 &rarr; <strong>1538</strong><br />(+21 for winning)
|raw|PULT4C1 LW's rating: 1526 &rarr; <strong>1505</strong><br />(-21 for losing)
|l|☆PULT4C1 LW
|c|☆PULT4C1 Inder|gg
