|j|☆DeferioZ
|j|☆Crylng Lightning
|t:|1625525279
|gametype|singles
|player|p1|DeferioZ|101|1520
|player|p2|Crylng Lightning|roxie|1515
|teamsize|p1|6
|teamsize|p2|6
|gen|8
|tier|[Gen 8] PU
|rated|
|rule|Sleep Clause Mod: Limit one foe put to sleep
|rule|Species Clause: Limit one of each Pokémon
|rule|OHKO Clause: OHKO moves are banned
|rule|Evasion Moves Clause: Evasion moves are banned
|rule|Endless Battle Clause: Forcing endless battles is banned
|rule|HP Percentage Mod: HP is shown in percentages
|rule|Dynamax Clause: You cannot dynamax
|clearpoke
|poke|p1|Qwilfish, M|
|poke|p1|Basculin, F|
|poke|p1|Lilligant, F|
|poke|p1|Uxie|
|poke|p1|Sawk, M|
|poke|p1|Gothitelle, F|
|poke|p2|Quagsire, M|
|poke|p2|Gigalith, F|
|poke|p2|Audino, F|
|poke|p2|Silvally-*|
|poke|p2|Tangela, M|
|poke|p2|Weezing, M|
|teampreview
|inactive|Battle timer is ON: inactive players will automatically lose when time's up. (requested by Crylng Lightning)
|inactive|DeferioZ has 120 seconds left.
|
|t:|1625525330
|start
|switch|p1a: Basculin|Basculin, F|100/100
|switch|p2a: Quagsire|Quagsire, M|100/100
|turn|1
|
|t:|1625525340
|move|p1a: Basculin|Toxic|p2a: Quagsire
|-status|p2a: Quagsire|tox
|move|p2a: Quagsire|Toxic|p1a: Basculin
|-status|p1a: Basculin|tox
|
|-damage|p1a: Basculin|94/100 tox|[from] psn
|-damage|p2a: Quagsire|94/100 tox|[from] psn
|upkeep
|turn|2
|
|t:|1625525346
|switch|p1a: Uxie|Uxie|100/100
|move|p2a: Quagsire|Toxic|p1a: Uxie
|-status|p1a: Uxie|tox
|
|-heal|p2a: Quagsire|100/100 tox|[from] item: Leftovers
|-damage|p1a: Uxie|94/100 tox|[from] psn
|-damage|p2a: Quagsire|88/100 tox|[from] psn
|upkeep
|turn|3
|
|t:|1625525352
|switch|p2a: Silvally|Silvally-Fairy|100/100
|move|p1a: Uxie|U-turn|p2a: Silvally
|-resisted|p2a: Silvally
|-damage|p2a: Silvally|95/100
|
|t:|1625525360
|switch|p1a: Qwilfish|Qwilfish, M|100/100|[from]move: U-turn
|-ability|p1a: Qwilfish|Intimidate|boost
|-unboost|p2a: Silvally|atk|1
|
|upkeep
|turn|4
|
|t:|1625525365
|move|p2a: Silvally|Parting Shot|p1a: Qwilfish
|-unboost|p1a: Qwilfish|atk|1
|-unboost|p1a: Qwilfish|spa|1
|
|t:|1625525368
|switch|p2a: Tangela|Tangela, M|100/100|[from]move: Parting Shot
|move|p1a: Qwilfish|Toxic Spikes|p2a: Tangela
|-sidestart|p2: Crylng Lightning|move: Toxic Spikes
|
|upkeep
|turn|5
|
|t:|1625525374
|move|p1a: Qwilfish|Toxic Spikes|p2a: Tangela
|-sidestart|p2: Crylng Lightning|move: Toxic Spikes
|move|p2a: Tangela|Knock Off|p1a: Qwilfish
|-damage|p1a: Qwilfish|86/100
|-damage|p2a: Tangela|84/100|[from] item: Rocky Helmet|[of] p1a: Qwilfish
|-enditem|p1a: Qwilfish|Rocky Helmet|[from] move: Knock Off|[of] p2a: Tangela
|
|upkeep
|turn|6
|
|t:|1625525385
|switch|p1a: Uxie|Uxie|94/100 tox
|move|p2a: Tangela|Toxic|p1a: Uxie
|-fail|p1a: Uxie|tox
|
|-heal|p1a: Uxie|100/100 tox|[from] item: Leftovers
|-damage|p1a: Uxie|94/100 tox|[from] psn
|upkeep
|turn|7
|
|t:|1625525389
|switch|p2a: Audino|Audino, F|100/100
|move|p1a: Uxie|U-turn|p2a: Audino
|-damage|p2a: Audino|88/100
|
|t:|1625525393
|switch|p1a: Sawk|Sawk, M|100/100|[from]move: U-turn
|-ability|p1a: Sawk|Mold Breaker
|
|upkeep
|turn|8
|
|t:|1625525398
|move|p2a: Audino|Protect|p2a: Audino
|-singleturn|p2a: Audino|Protect
|move|p1a: Sawk|Poison Jab|p2a: Audino
|-activate|p2a: Audino|move: Protect
|
|upkeep
|turn|9
|
|t:|1625525401
|switch|p2a: Weezing|Weezing, M|100/100
|move|p1a: Sawk|Bulk Up|p1a: Sawk
|-boost|p1a: Sawk|atk|1
|-boost|p1a: Sawk|def|1
|
|upkeep
|turn|10
|
|t:|1625525405
|move|p1a: Sawk|Earthquake|p2a: Weezing
|-supereffective|p2a: Weezing
|-damage|p2a: Weezing|7/100
|-damage|p1a: Sawk|91/100|[from] item: Life Orb
|move|p2a: Weezing|Will-O-Wisp|p1a: Sawk
|-status|p1a: Sawk|brn
|
|-heal|p2a: Weezing|13/100|[from] item: Black Sludge
|-damage|p1a: Sawk|84/100 brn|[from] brn
|upkeep
|turn|11
|
|t:|1625525409
|switch|p2a: Quagsire|Quagsire, M|88/100 tox
|move|p1a: Sawk|Poison Jab|p2a: Quagsire
|-resisted|p2a: Quagsire
|-damage|p2a: Quagsire|79/100 tox
|-damage|p1a: Sawk|74/100 brn|[from] item: Life Orb
|
|-heal|p2a: Quagsire|85/100 tox|[from] item: Leftovers
|-damage|p2a: Quagsire|79/100 tox|[from] psn
|-damage|p1a: Sawk|68/100 brn|[from] brn
|upkeep
|turn|12
|
|t:|1625525412
|move|p1a: Sawk|Bulk Up|p1a: Sawk
|-boost|p1a: Sawk|atk|1
|-boost|p1a: Sawk|def|1
|move|p2a: Quagsire|Recover|p2a: Quagsire
|-heal|p2a: Quagsire|100/100 tox
|
|-damage|p2a: Quagsire|88/100 tox|[from] psn
|-damage|p1a: Sawk|62/100 brn|[from] brn
|upkeep
|turn|13
|
|t:|1625525415
|move|p1a: Sawk|Bulk Up|p1a: Sawk
|-boost|p1a: Sawk|atk|1
|-boost|p1a: Sawk|def|1
|move|p2a: Quagsire|Earthquake|p1a: Sawk
|-damage|p1a: Sawk|17/100 brn
|
|-heal|p2a: Quagsire|94/100 tox|[from] item: Leftovers
|-damage|p2a: Quagsire|76/100 tox|[from] psn
|-damage|p1a: Sawk|11/100 brn|[from] brn
|upkeep
|turn|14
|
|t:|1625525418
|move|p1a: Sawk|Close Combat|p2a: Quagsire
|-damage|p2a: Quagsire|0 fnt
|-unboost|p1a: Sawk|def|1
|-unboost|p1a: Sawk|spd|1
|faint|p2a: Quagsire
|-damage|p1a: Sawk|1/100 brn|[from] item: Life Orb
|
|-damage|p1a: Sawk|0 fnt|[from] brn
|faint|p1a: Sawk
|upkeep
|
|t:|1625525429
|switch|p1a: Basculin|Basculin, F|94/100 tox
|switch|p2a: Audino|Audino, F|100/100
|turn|15
|
|t:|1625525438
|move|p2a: Audino|Protect|p2a: Audino
|-singleturn|p2a: Audino|Protect
|move|p1a: Basculin|Flip Turn|p2a: Audino
|-activate|p2a: Audino|move: Protect
|
|-damage|p1a: Basculin|88/100 tox|[from] psn
|upkeep
|turn|16
|
|t:|1625525441
|move|p1a: Basculin|Flip Turn|p2a: Audino
|-damage|p2a: Audino|78/100
|
|t:|1625525447
|switch|p1a: Qwilfish|Qwilfish, M|86/100|[from]move: Flip Turn
|-ability|p1a: Qwilfish|Intimidate|boost
|-unboost|p2a: Audino|atk|1
|move|p2a: Audino|Wish|p2a: Audino
|
|upkeep
|turn|17
|
|t:|1625525455
|switch|p2a: Tangela|Tangela, M|100/100
|-status|p2a: Tangela|tox
|move|p1a: Qwilfish|Liquidation|p2a: Tangela
|-resisted|p2a: Tangela
|-damage|p2a: Tangela|94/100 tox
|
|-heal|p2a: Tangela|100/100 tox|[from] move: Wish|[wisher] Audino
|-damage|p2a: Tangela|95/100 tox|[from] psn
|upkeep
|turn|18
|
|t:|1625525463
|switch|p1a: Uxie|Uxie|94/100 tox
|move|p2a: Tangela|Knock Off|p1a: Uxie
|-supereffective|p1a: Uxie
|-damage|p1a: Uxie|78/100 tox
|-enditem|p1a: Uxie|Leftovers|[from] move: Knock Off|[of] p2a: Tangela
|
|-damage|p1a: Uxie|72/100 tox|[from] psn
|-damage|p2a: Tangela|83/100 tox|[from] psn
|upkeep
|turn|19
|
|t:|1625525466
|switch|p2a: Audino|Audino, F|100/100
|move|p1a: Uxie|U-turn|p2a: Audino
|-damage|p2a: Audino|88/100
|
|t:|1625525473
|switch|p1a: Qwilfish|Qwilfish, M|86/100|[from]move: U-turn
|-ability|p1a: Qwilfish|Intimidate|boost
|-unboost|p2a: Audino|atk|1
|
|upkeep
|turn|20
|
|t:|1625525486
|move|p1a: Qwilfish|Taunt|p2a: Audino
|-start|p2a: Audino|move: Taunt
|cant|p2a: Audino|move: Taunt|Wish
|
|upkeep
|turn|21
|
|t:|1625525489
|switch|p2a: Tangela|Tangela, M|100/100 tox
|move|p1a: Qwilfish|Liquidation|p2a: Tangela
|-resisted|p2a: Tangela
|-damage|p2a: Tangela|94/100 tox
|
|-damage|p2a: Tangela|88/100 tox|[from] psn
|upkeep
|turn|22
|
|t:|1625525493
|switch|p1a: Uxie|Uxie|72/100 tox
|move|p2a: Tangela|Toxic|p1a: Uxie
|-fail|p1a: Uxie|tox
|
|-damage|p1a: Uxie|66/100 tox|[from] psn
|-damage|p2a: Tangela|76/100 tox|[from] psn
|upkeep
|turn|23
|
|t:|1625525496
|switch|p2a: Audino|Audino, F|100/100
|move|p1a: Uxie|Stealth Rock|p2a: Audino
|-sidestart|p2: Crylng Lightning|move: Stealth Rock
|
|-damage|p1a: Uxie|54/100 tox|[from] psn
|upkeep
|turn|24
|
|t:|1625525501
|move|p1a: Uxie|U-turn|p2a: Audino
|-damage|p2a: Audino|89/100
|
|t:|1625525503
|switch|p1a: Qwilfish|Qwilfish, M|86/100|[from]move: U-turn
|-ability|p1a: Qwilfish|Intimidate|boost
|-unboost|p2a: Audino|atk|1
|move|p2a: Audino|Wish|p2a: Audino
|
|upkeep
|turn|25
|
|t:|1625525507
|switch|p2a: Silvally|Silvally-Fairy|95/100
|-damage|p2a: Silvally|82/100|[from] Stealth Rock
|-status|p2a: Silvally|tox
|move|p1a: Qwilfish|Liquidation|p2a: Silvally
|-damage|p2a: Silvally|60/100 tox
|-unboost|p2a: Silvally|def|1
|
|-heal|p2a: Silvally|100/100 tox|[from] move: Wish|[wisher] Audino
|-damage|p2a: Silvally|94/100 tox|[from] psn
|upkeep
|turn|26
|
|t:|1625525513
|move|p2a: Silvally|Defog|p1a: Qwilfish
|-unboost|p1a: Qwilfish|evasion|1
|-sideend|p2: Crylng Lightning|Toxic Spikes|[from] move: Defog|[of] p2a: Silvally
|-sideend|p2: Crylng Lightning|Stealth Rock|[from] move: Defog|[of] p2a: Silvally
|move|p1a: Qwilfish|Taunt|p2a: Silvally
|-start|p2a: Silvally|move: Taunt
|
|-damage|p2a: Silvally|82/100 tox|[from] psn
|upkeep
|turn|27
|
|t:|1625525518
|switch|p2a: Weezing|Weezing, M|13/100
|move|p1a: Qwilfish|Toxic Spikes|p2a: Weezing
|-sidestart|p2: Crylng Lightning|move: Toxic Spikes
|
|-heal|p2a: Weezing|19/100|[from] item: Black Sludge
|upkeep
|turn|28
|
|t:|1625525520
|switch|p2a: Tangela|Tangela, M|100/100 tox
|move|p1a: Qwilfish|Liquidation|p2a: Tangela
|-resisted|p2a: Tangela
|-damage|p2a: Tangela|94/100 tox
|-unboost|p2a: Tangela|def|1
|
|-damage|p2a: Tangela|88/100 tox|[from] psn
|upkeep
|turn|29
|
|t:|1625525532
|switch|p1a: Uxie|Uxie|54/100 tox
|move|p2a: Tangela|Giga Drain|p1a: Uxie
|-damage|p1a: Uxie|34/100 tox
|-heal|p2a: Tangela|98/100 tox|[from] drain|[of] p1a: Uxie
|
|-damage|p1a: Uxie|28/100 tox|[from] psn
|-damage|p2a: Tangela|86/100 tox|[from] psn
|upkeep
|turn|30
|
|t:|1625525540
|switch|p2a: Audino|Audino, F|100/100
|move|p1a: Uxie|Stealth Rock|p2a: Audino
|-sidestart|p2: Crylng Lightning|move: Stealth Rock
|
|-damage|p1a: Uxie|15/100 tox|[from] psn
|upkeep
|turn|31
|
|t:|1625525544
|move|p1a: Uxie|U-turn|p2a: Audino
|-damage|p2a: Audino|87/100
|
|t:|1625525546
|switch|p1a: Qwilfish|Qwilfish, M|86/100|[from]move: U-turn
|-ability|p1a: Qwilfish|Intimidate|boost
|-unboost|p2a: Audino|atk|1
|move|p2a: Audino|Wish|p2a: Audino
|
|upkeep
|turn|32
|
|t:|1625525551
|switch|p2a: Silvally|Silvally-Fairy|82/100 tox
|-damage|p2a: Silvally|70/100 tox|[from] Stealth Rock
|move|p1a: Qwilfish|Taunt|p2a: Silvally
|-start|p2a: Silvally|move: Taunt
|
|-heal|p2a: Silvally|100/100 tox|[from] move: Wish|[wisher] Audino
|-damage|p2a: Silvally|94/100 tox|[from] psn
|upkeep
|turn|33
|
|t:|1625525555
|switch|p2a: Tangela|Tangela, M|100/100 tox
|-damage|p2a: Tangela|88/100 tox|[from] Stealth Rock
|move|p1a: Qwilfish|Liquidation|p2a: Tangela
|-resisted|p2a: Tangela
|-damage|p2a: Tangela|83/100 tox
|-unboost|p2a: Tangela|def|1
|
|-damage|p2a: Tangela|77/100 tox|[from] psn
|upkeep
|turn|34
|
|t:|1625525562
|move|p1a: Qwilfish|Toxic Spikes|p2a: Tangela
|-sidestart|p2: Crylng Lightning|move: Toxic Spikes
|move|p2a: Tangela|Toxic|p1a: Qwilfish
|-immune|p1a: Qwilfish
|
|-damage|p2a: Tangela|65/100 tox|[from] psn
|upkeep
|turn|35
|
|t:|1625525566
|move|p1a: Qwilfish|Taunt|p2a: Tangela
|-start|p2a: Tangela|move: Taunt
|move|p2a: Tangela|Giga Drain|p1a: Qwilfish
|-damage|p1a: Qwilfish|42/100
|-heal|p2a: Tangela|87/100 tox|[from] drain|[of] p1a: Qwilfish
|
|-damage|p2a: Tangela|69/100 tox|[from] psn
|upkeep
|turn|36
|
|t:|1625525571
|switch|p1a: Uxie|Uxie|15/100 tox
|move|p2a: Tangela|Knock Off|p1a: Uxie
|-supereffective|p1a: Uxie
|-damage|p1a: Uxie|5/100 tox
|
|-damage|p1a: Uxie|0 fnt|[from] psn
|faint|p1a: Uxie
|-damage|p2a: Tangela|45/100 tox|[from] psn
|upkeep
|
|t:|1625525577
|switch|p1a: Basculin|Basculin, F|88/100 tox
|turn|37
|
|t:|1625525583
|switch|p2a: Weezing|Weezing, M|19/100
|-damage|p2a: Weezing|7/100|[from] Stealth Rock
|move|p1a: Basculin|Hydro Pump|p2a: Weezing
|-damage|p2a: Weezing|0 fnt
|faint|p2a: Weezing
|
|-damage|p1a: Basculin|82/100 tox|[from] psn
|upkeep
|
|t:|1625525590
|switch|p2a: Silvally|Silvally-Fairy|94/100 tox
|-damage|p2a: Silvally|82/100 tox|[from] Stealth Rock
|turn|38
|
|t:|1625525592
|move|p2a: Silvally|Defog|p1a: Basculin
|-unboost|p1a: Basculin|evasion|1
|-sideend|p2: Crylng Lightning|Toxic Spikes|[from] move: Defog|[of] p2a: Silvally
|-sideend|p2: Crylng Lightning|Stealth Rock|[from] move: Defog|[of] p2a: Silvally
|move|p1a: Basculin|Hydro Pump|p2a: Silvally
|-damage|p2a: Silvally|0 fnt
|faint|p2a: Silvally
|
|-damage|p1a: Basculin|70/100 tox|[from] psn
|upkeep
|
|t:|1625525595
|switch|p2a: Audino|Audino, F|100/100
|turn|39
|
|t:|1625525601
|switch|p1a: Qwilfish|Qwilfish, M|42/100
|-ability|p1a: Qwilfish|Intimidate|boost
|-unboost|p2a: Audino|atk|1
|move|p2a: Audino|Wish|p2a: Audino
|
|upkeep
|turn|40
|
|t:|1625525603
|switch|p2a: Gigalith|Gigalith, F|100/100
|-weather|Sandstorm|[from] ability: Sand Stream|[of] p2a: Gigalith
|move|p1a: Qwilfish|Toxic Spikes|p2a: Gigalith
|-sidestart|p2: Crylng Lightning|move: Toxic Spikes
|
|-weather|Sandstorm|[upkeep]
|-damage|p1a: Qwilfish|36/100|[from] Sandstorm
|upkeep
|turn|41
|
|t:|1625525606
|move|p1a: Qwilfish|Destiny Bond|p1a: Qwilfish
|-singlemove|p1a: Qwilfish|Destiny Bond
|move|p2a: Gigalith|Stealth Rock|p1a: Qwilfish
|-sidestart|p1: DeferioZ|move: Stealth Rock
|
|-weather|Sandstorm|[upkeep]
|-damage|p1a: Qwilfish|30/100|[from] Sandstorm
|upkeep
|turn|42
|
|t:|1625525610
|move|p1a: Qwilfish|Toxic Spikes|p2a: Gigalith
|-sidestart|p2: Crylng Lightning|move: Toxic Spikes
|move|p2a: Gigalith|Earthquake|p1a: Qwilfish
|-supereffective|p1a: Qwilfish
|-damage|p1a: Qwilfish|0 fnt
|faint|p1a: Qwilfish
|
|-weather|Sandstorm|[upkeep]
|upkeep
|
|t:|1625525613
|switch|p1a: Lilligant|Lilligant, F|100/100
|-damage|p1a: Lilligant|88/100|[from] Stealth Rock
|turn|43
|
|t:|1625525615
|move|p1a: Lilligant|Quiver Dance|p1a: Lilligant
|-boost|p1a: Lilligant|spa|1
|-boost|p1a: Lilligant|spd|1
|-boost|p1a: Lilligant|spe|1
|move|p2a: Gigalith|Toxic|p1a: Lilligant
|-status|p1a: Lilligant|tox
|
|-weather|Sandstorm|[upkeep]
|-damage|p1a: Lilligant|82/100 tox|[from] Sandstorm
|-damage|p1a: Lilligant|76/100 tox|[from] psn
|upkeep
|turn|44
|
|t:|1625525619
|switch|p2a: Audino|Audino, F|100/100
|move|p1a: Lilligant|Sleep Powder|p2a: Audino
|-status|p2a: Audino|slp|[from] move: Sleep Powder
|
|-weather|none
|-damage|p1a: Lilligant|64/100 tox|[from] psn
|upkeep
|turn|45
|
|t:|1625525624
|cant|p2a: Audino|slp
|move|p1a: Lilligant|Quiver Dance|p1a: Lilligant
|-boost|p1a: Lilligant|spa|1
|-boost|p1a: Lilligant|spd|1
|-boost|p1a: Lilligant|spe|1
|
|-damage|p1a: Lilligant|46/100 tox|[from] psn
|upkeep
|turn|46
|
|t:|1625525627
|move|p1a: Lilligant|Dream Eater|p2a: Audino
|-damage|p2a: Audino|59/100 slp
|-heal|p1a: Lilligant|76/100 tox|[from] drain|[of] p2a: Audino
|-curestatus|p2a: Audino|slp|[msg]
|move|p2a: Audino|Wish|p2a: Audino
|
|-damage|p1a: Lilligant|52/100 tox|[from] psn
|upkeep
|turn|47
|
|t:|1625525634
|move|p2a: Audino|Protect|p2a: Audino
|-singleturn|p2a: Audino|Protect
|move|p1a: Lilligant|Quiver Dance|p1a: Lilligant
|-boost|p1a: Lilligant|spa|1
|-boost|p1a: Lilligant|spd|1
|-boost|p1a: Lilligant|spe|1
|
|-heal|p2a: Audino|100/100|[from] move: Wish|[wisher] Audino
|-damage|p1a: Lilligant|21/100 tox|[from] psn
|upkeep
|turn|48
|
|t:|1625525638
|move|p1a: Lilligant|Petal Dance|p2a: Audino
|-damage|p2a: Audino|7/100
|move|p2a: Audino|Wish|p2a: Audino
|
|-damage|p1a: Lilligant|0 fnt|[from] psn
|faint|p1a: Lilligant
|upkeep
|
|t:|1625525642
|switch|p1a: Gothitelle|Gothitelle, F|100/100
|-damage|p1a: Gothitelle|88/100|[from] Stealth Rock
|turn|49
|
|t:|1625525643
|move|p2a: Audino|Protect|p2a: Audino
|-singleturn|p2a: Audino|Protect
|move|p1a: Gothitelle|Cosmic Power|p1a: Gothitelle
|-boost|p1a: Gothitelle|def|1
|-boost|p1a: Gothitelle|spd|1
|
|-heal|p2a: Audino|57/100|[from] move: Wish|[wisher] Audino
|upkeep
|turn|50
|
|t:|1625525647
|switch|p2a: Tangela|Tangela, M|78/100 tox
|move|p1a: Gothitelle|Cosmic Power|p1a: Gothitelle
|-boost|p1a: Gothitelle|def|1
|-boost|p1a: Gothitelle|spd|1
|
|-damage|p2a: Tangela|72/100 tox|[from] psn
|upkeep
|turn|51
|
|t:|1625525651
|move|p1a: Gothitelle|Stored Power|p2a: Tangela
|-damage|p2a: Tangela|30/100 tox
|move|p2a: Tangela|Leech Seed|p1a: Gothitelle
|-start|p1a: Gothitelle|move: Leech Seed
|
|-damage|p1a: Gothitelle|75/100|[from] Leech Seed|[of] p2a: Tangela
|-heal|p2a: Tangela|43/100 tox|[silent]
|-damage|p2a: Tangela|31/100 tox|[from] psn
|upkeep
|turn|52
|
|t:|1625525657
|switch|p2a: Audino|Audino, F|90/100
|move|p1a: Gothitelle|Cosmic Power|p1a: Gothitelle
|-boost|p1a: Gothitelle|def|1
|-boost|p1a: Gothitelle|spd|1
|
|-damage|p1a: Gothitelle|63/100|[from] Leech Seed|[of] p2a: Audino
|-heal|p2a: Audino|100/100|[silent]
|upkeep
|turn|53
|
|t:|1625525661
|move|p1a: Gothitelle|Cosmic Power|p1a: Gothitelle
|-boost|p1a: Gothitelle|def|1
|-boost|p1a: Gothitelle|spd|1
|move|p2a: Audino|Toxic|p1a: Gothitelle|[miss]
|-miss|p2a: Audino|p1a: Gothitelle
|
|-damage|p1a: Gothitelle|50/100|[from] Leech Seed|[of] p2a: Audino
|upkeep
|turn|54
|
|t:|1625525670
|move|p1a: Gothitelle|Cosmic Power|p1a: Gothitelle
|-boost|p1a: Gothitelle|def|1
|-boost|p1a: Gothitelle|spd|1
|move|p2a: Audino|Toxic|p1a: Gothitelle
|-status|p1a: Gothitelle|tox
|
|-damage|p1a: Gothitelle|38/100 tox|[from] Leech Seed|[of] p2a: Audino
|-damage|p1a: Gothitelle|32/100 tox|[from] psn
|upkeep
|turn|55
|
|t:|1625525673
|switch|p2a: Gigalith|Gigalith, F|100/100
|-status|p2a: Gigalith|tox
|-weather|Sandstorm|[from] ability: Sand Stream|[of] p2a: Gigalith
|move|p1a: Gothitelle|Rest|p1a: Gothitelle
|-status|p1a: Gothitelle|slp|[from] move: Rest
|-heal|p1a: Gothitelle|100/100 slp|[silent]
|
|-weather|Sandstorm|[upkeep]
|-damage|p1a: Gothitelle|94/100 slp|[from] Sandstorm
|-damage|p1a: Gothitelle|82/100 slp|[from] Leech Seed|[of] p2a: Gigalith
|-damage|p2a: Gigalith|94/100 tox|[from] psn
|upkeep
|turn|56
|
|t:|1625525675
|cant|p1a: Gothitelle|slp
|move|p1a: Gothitelle|Sleep Talk|p1a: Gothitelle
|move|p1a: Gothitelle|Rest||[from]move: Sleep Talk|[still]
|-fail|p1a: Gothitelle
|move|p2a: Gigalith|Rock Blast|p1a: Gothitelle
|-damage|p1a: Gothitelle|79/100 slp
|-damage|p1a: Gothitelle|76/100 slp
|-damage|p1a: Gothitelle|74/100 slp
|-hitcount|p1a: Gothitelle|3
|
|-weather|Sandstorm|[upkeep]
|-damage|p1a: Gothitelle|68/100 slp|[from] Sandstorm
|-heal|p2a: Gigalith|100/100 tox|[from] item: Leftovers
|-damage|p1a: Gothitelle|55/100 slp|[from] Leech Seed|[of] p2a: Gigalith
|-damage|p2a: Gigalith|88/100 tox|[from] psn
|upkeep
|turn|57
|
|t:|1625525680
|cant|p1a: Gothitelle|slp
|move|p1a: Gothitelle|Sleep Talk|p1a: Gothitelle
|move|p1a: Gothitelle|Stored Power|p2a: Gigalith|[from]move: Sleep Talk
|-damage|p2a: Gigalith|53/100 tox
|move|p2a: Gigalith|Rock Blast|p1a: Gothitelle|[miss]
|-miss|p2a: Gigalith|p1a: Gothitelle
|
|-weather|Sandstorm|[upkeep]
|-damage|p1a: Gothitelle|49/100 slp|[from] Sandstorm
|-heal|p2a: Gigalith|60/100 tox|[from] item: Leftovers
|-damage|p1a: Gothitelle|37/100 slp|[from] Leech Seed|[of] p2a: Gigalith
|-heal|p2a: Gigalith|71/100 tox|[silent]
|-damage|p2a: Gigalith|53/100 tox|[from] psn
|upkeep
|turn|58
|
|t:|1625525688
|-curestatus|p1a: Gothitelle|slp|[msg]
|move|p1a: Gothitelle|Stored Power|p2a: Gigalith
|-damage|p2a: Gigalith|16/100 tox
|move|p2a: Gigalith|Rock Blast|p1a: Gothitelle
|-damage|p1a: Gothitelle|34/100
|-damage|p1a: Gothitelle|31/100
|-damage|p1a: Gothitelle|28/100
|-hitcount|p1a: Gothitelle|3
|
|-weather|Sandstorm|[upkeep]
|-damage|p1a: Gothitelle|22/100|[from] Sandstorm
|-heal|p2a: Gigalith|22/100 tox|[from] item: Leftovers
|-damage|p1a: Gothitelle|10/100|[from] Leech Seed|[of] p2a: Gigalith
|-heal|p2a: Gigalith|33/100 tox|[silent]
|-damage|p2a: Gigalith|9/100 tox|[from] psn
|upkeep
|turn|59
|
|t:|1625525696
|switch|p2a: Audino|Audino, F|100/100
|move|p1a: Gothitelle|Rest|p1a: Gothitelle
|-status|p1a: Gothitelle|slp|[from] move: Rest
|-heal|p1a: Gothitelle|100/100 slp|[silent]
|
|-weather|none
|-damage|p1a: Gothitelle|88/100 slp|[from] Leech Seed|[of] p2a: Audino
|upkeep
|turn|60
|
|t:|1625525699
|cant|p1a: Gothitelle|slp
|move|p1a: Gothitelle|Sleep Talk|p1a: Gothitelle
|move|p1a: Gothitelle|Cosmic Power|p1a: Gothitelle|[from]move: Sleep Talk
|-boost|p1a: Gothitelle|def|1
|-boost|p1a: Gothitelle|spd|1
|move|p2a: Audino|Wish|p2a: Audino
|
|-damage|p1a: Gothitelle|75/100 slp|[from] Leech Seed|[of] p2a: Audino
|upkeep
|turn|61
|
|t:|1625525704
|switch|p2a: Gigalith|Gigalith, F|9/100 tox
|-weather|Sandstorm|[from] ability: Sand Stream|[of] p2a: Gigalith
|cant|p1a: Gothitelle|slp
|move|p1a: Gothitelle|Sleep Talk|p1a: Gothitelle
|move|p1a: Gothitelle|Rest||[from]move: Sleep Talk|[still]
|-fail|p1a: Gothitelle
|
|-weather|Sandstorm|[upkeep]
|-damage|p1a: Gothitelle|69/100 slp|[from] Sandstorm
|-heal|p2a: Gigalith|64/100 tox|[from] move: Wish|[wisher] Audino
|-heal|p2a: Gigalith|70/100 tox|[from] item: Leftovers
|-damage|p1a: Gothitelle|57/100 slp|[from] Leech Seed|[of] p2a: Gigalith
|-heal|p2a: Gigalith|81/100 tox|[silent]
|-damage|p2a: Gigalith|75/100 tox|[from] psn
|upkeep
|turn|62
|
|t:|1625525713
|-curestatus|p1a: Gothitelle|slp|[msg]
|move|p1a: Gothitelle|Stored Power|p2a: Gigalith
|-damage|p2a: Gigalith|32/100 tox
|move|p2a: Gigalith|Rock Blast|p1a: Gothitelle
|-damage|p1a: Gothitelle|54/100
|-damage|p1a: Gothitelle|52/100
|-hitcount|p1a: Gothitelle|2
|
|-weather|Sandstorm|[upkeep]
|-damage|p1a: Gothitelle|46/100|[from] Sandstorm
|-heal|p2a: Gigalith|38/100 tox|[from] item: Leftovers
|-damage|p1a: Gothitelle|33/100|[from] Leech Seed|[of] p2a: Gigalith
|-heal|p2a: Gigalith|50/100 tox|[silent]
|-damage|p2a: Gigalith|38/100 tox|[from] psn
|upkeep
|turn|63
|
|t:|1625525731
|switch|p1a: Basculin|Basculin, F|70/100 tox
|-damage|p1a: Basculin|58/100 tox|[from] Stealth Rock
|switch|p2a: Audino|Audino, F|100/100
|
|-weather|Sandstorm|[upkeep]
|-damage|p1a: Basculin|52/100 tox|[from] Sandstorm
|-damage|p2a: Audino|94/100|[from] Sandstorm
|-damage|p1a: Basculin|46/100 tox|[from] psn
|upkeep
|turn|64
|
|t:|1625525739
|move|p2a: Audino|Protect|p2a: Audino
|-singleturn|p2a: Audino|Protect
|move|p1a: Basculin|Hydro Pump|p2a: Audino
|-activate|p2a: Audino|move: Protect
|
|-weather|Sandstorm|[upkeep]
|-damage|p1a: Basculin|40/100 tox|[from] Sandstorm
|-damage|p2a: Audino|88/100|[from] Sandstorm
|-damage|p1a: Basculin|28/100 tox|[from] psn
|upkeep
|turn|65
|
|t:|1625525741
|move|p1a: Basculin|Hydro Pump|p2a: Audino
|-damage|p2a: Audino|24/100
|move|p2a: Audino|Wish|p2a: Audino
|
|-weather|none
|-damage|p1a: Basculin|10/100 tox|[from] psn
|upkeep
|turn|66
|
|t:|1625525750
|move|p2a: Audino|Protect|p2a: Audino
|-singleturn|p2a: Audino|Protect
|move|p1a: Basculin|Hydro Pump|p2a: Audino
|-activate|p2a: Audino|move: Protect
|
|-heal|p2a: Audino|74/100|[from] move: Wish|[wisher] Audino
|-damage|p1a: Basculin|0 fnt|[from] psn
|faint|p1a: Basculin
|upkeep
|
|t:|1625525752
|switch|p1a: Gothitelle|Gothitelle, F|33/100
|-damage|p1a: Gothitelle|21/100|[from] Stealth Rock
|turn|67
|
|t:|1625525754
|switch|p2a: Tangela|Tangela, M|64/100 tox
|move|p1a: Gothitelle|Cosmic Power|p1a: Gothitelle
|-boost|p1a: Gothitelle|def|1
|-boost|p1a: Gothitelle|spd|1
|
|-damage|p2a: Tangela|58/100 tox|[from] psn
|upkeep
|turn|68
|
|t:|1625525758
|move|p1a: Gothitelle|Rest|p1a: Gothitelle
|-status|p1a: Gothitelle|slp|[from] move: Rest
|-heal|p1a: Gothitelle|100/100 slp|[silent]
|move|p2a: Tangela|Knock Off|p1a: Gothitelle
|-supereffective|p1a: Gothitelle
|-damage|p1a: Gothitelle|87/100 slp
|-enditem|p1a: Gothitelle|Weakness Policy
|-boost|p1a: Gothitelle|atk|2|[from] item: Weakness Policy
|-boost|p1a: Gothitelle|spa|2|[from] item: Weakness Policy
|
|-damage|p2a: Tangela|46/100 tox|[from] psn
|upkeep
|turn|69
|
|t:|1625525763
|cant|p1a: Gothitelle|slp
|move|p2a: Tangela|Leech Seed|p1a: Gothitelle|[miss]
|-miss|p2a: Tangela|p1a: Gothitelle
|
|-damage|p2a: Tangela|28/100 tox|[from] psn
|upkeep
|turn|70
|
|t:|1625525767
|cant|p1a: Gothitelle|slp
|move|p1a: Gothitelle|Sleep Talk|p1a: Gothitelle
|move|p1a: Gothitelle|Rest||[from]move: Sleep Talk|[still]
|-fail|p1a: Gothitelle
|move|p2a: Tangela|Leech Seed|p1a: Gothitelle
|-start|p1a: Gothitelle|move: Leech Seed
|
|-damage|p1a: Gothitelle|75/100 slp|[from] Leech Seed|[of] p2a: Tangela
|-heal|p2a: Tangela|41/100 tox|[silent]
|-damage|p2a: Tangela|17/100 tox|[from] psn
|upkeep
|turn|71
|
|t:|1625525771
|switch|p2a: Audino|Audino, F|100/100
|-curestatus|p1a: Gothitelle|slp|[msg]
|move|p1a: Gothitelle|Cosmic Power|p1a: Gothitelle
|-boost|p1a: Gothitelle|def|1
|-boost|p1a: Gothitelle|spd|1
|
|-damage|p1a: Gothitelle|62/100|[from] Leech Seed|[of] p2a: Audino
|upkeep
|turn|72
|
|t:|1625525778
|move|p1a: Gothitelle|Cosmic Power|p1a: Gothitelle
|-boost|p1a: Gothitelle|def|1
|-boost|p1a: Gothitelle|spd|1
|move|p2a: Audino|Toxic|p1a: Gothitelle
|-status|p1a: Gothitelle|tox
|
|-damage|p1a: Gothitelle|50/100 tox|[from] Leech Seed|[of] p2a: Audino
|-damage|p1a: Gothitelle|44/100 tox|[from] psn
|upkeep
|turn|73
|
|t:|1625525783
|move|p1a: Gothitelle|Cosmic Power|p1a: Gothitelle
|-boost|p1a: Gothitelle|def|1
|-boost|p1a: Gothitelle|spd|1
|move|p2a: Audino|Wish|p2a: Audino
|
|-damage|p1a: Gothitelle|31/100 tox|[from] Leech Seed|[of] p2a: Audino
|-damage|p1a: Gothitelle|19/100 tox|[from] psn
|upkeep
|turn|74
|
|t:|1625525788
|switch|p2a: Gigalith|Gigalith, F|38/100 tox
|-weather|Sandstorm|[from] ability: Sand Stream|[of] p2a: Gigalith
|move|p1a: Gothitelle|Rest|p1a: Gothitelle
|-status|p1a: Gothitelle|slp|[from] move: Rest
|-heal|p1a: Gothitelle|100/100 slp|[silent]
|
|-weather|Sandstorm|[upkeep]
|-damage|p1a: Gothitelle|94/100 slp|[from] Sandstorm
|-heal|p2a: Gigalith|92/100 tox|[from] move: Wish|[wisher] Audino
|-heal|p2a: Gigalith|99/100 tox|[from] item: Leftovers
|-damage|p1a: Gothitelle|82/100 slp|[from] Leech Seed|[of] p2a: Gigalith
|-heal|p2a: Gigalith|100/100 tox|[silent]
|-damage|p2a: Gigalith|94/100 tox|[from] psn
|upkeep
|turn|75
|
|t:|1625525791
|cant|p1a: Gothitelle|slp
|move|p1a: Gothitelle|Sleep Talk|p1a: Gothitelle
|move|p1a: Gothitelle|Rest||[from]move: Sleep Talk|[still]
|-fail|p1a: Gothitelle
|move|p2a: Gigalith|Rock Blast|p1a: Gothitelle|[miss]
|-miss|p2a: Gigalith|p1a: Gothitelle
|
|-weather|Sandstorm|[upkeep]
|-damage|p1a: Gothitelle|76/100 slp|[from] Sandstorm
|-heal|p2a: Gigalith|100/100 tox|[from] item: Leftovers
|-damage|p1a: Gothitelle|63/100 slp|[from] Leech Seed|[of] p2a: Gigalith
|-damage|p2a: Gigalith|88/100 tox|[from] psn
|upkeep
|turn|76
|
|t:|1625525794
|cant|p1a: Gothitelle|slp
|move|p1a: Gothitelle|Sleep Talk|p1a: Gothitelle
|move|p1a: Gothitelle|Rest||[from]move: Sleep Talk|[still]
|-fail|p1a: Gothitelle
|move|p2a: Gigalith|Rock Blast|p1a: Gothitelle
|-damage|p1a: Gothitelle|60/100 slp
|-damage|p1a: Gothitelle|57/100 slp
|-damage|p1a: Gothitelle|54/100 slp
|-hitcount|p1a: Gothitelle|3
|
|-weather|Sandstorm|[upkeep]
|-damage|p1a: Gothitelle|48/100 slp|[from] Sandstorm
|-heal|p2a: Gigalith|94/100 tox|[from] item: Leftovers
|-damage|p1a: Gothitelle|35/100 slp|[from] Leech Seed|[of] p2a: Gigalith
|-heal|p2a: Gigalith|100/100 tox|[silent]
|-damage|p2a: Gigalith|82/100 tox|[from] psn
|upkeep
|turn|77
|
|t:|1625525803
|-curestatus|p1a: Gothitelle|slp|[msg]
|move|p1a: Gothitelle|Stored Power|p2a: Gigalith
|-damage|p2a: Gigalith|0 fnt
|faint|p2a: Gigalith
|
|-weather|Sandstorm|[upkeep]
|-damage|p1a: Gothitelle|29/100|[from] Sandstorm
|upkeep
|
|t:|1625525805
|switch|p2a: Audino|Audino, F|100/100
|turn|78
|
|t:|1625525815
|move|p1a: Gothitelle|Cosmic Power|p1a: Gothitelle
|-boost|p1a: Gothitelle|def|1
|-boost|p1a: Gothitelle|spd|1
|move|p2a: Audino|Wish|p2a: Audino
|
|-weather|none
|-damage|p1a: Gothitelle|17/100|[from] Leech Seed|[of] p2a: Audino
|upkeep
|turn|79
|
|t:|1625525824
|switch|p2a: Tangela|Tangela, M|50/100 tox
|move|p1a: Gothitelle|Rest|p1a: Gothitelle
|-status|p1a: Gothitelle|slp|[from] move: Rest
|-heal|p1a: Gothitelle|100/100 slp|[silent]
|
|-heal|p2a: Tangela|100/100 tox|[from] move: Wish|[wisher] Audino
|-damage|p1a: Gothitelle|88/100 slp|[from] Leech Seed|[of] p2a: Tangela
|-damage|p2a: Tangela|95/100 tox|[from] psn
|upkeep
|turn|80
|
|t:|1625525828
|cant|p1a: Gothitelle|slp
|move|p1a: Gothitelle|Sleep Talk|p1a: Gothitelle
|move|p1a: Gothitelle|Rest||[from]move: Sleep Talk|[still]
|-fail|p1a: Gothitelle
|move|p2a: Tangela|Giga Drain|p1a: Gothitelle
|-damage|p1a: Gothitelle|82/100 slp
|-heal|p2a: Tangela|98/100 tox|[from] drain|[of] p1a: Gothitelle
|
|-damage|p1a: Gothitelle|69/100 slp|[from] Leech Seed|[of] p2a: Tangela
|-heal|p2a: Tangela|100/100 tox|[silent]
|-damage|p2a: Tangela|89/100 tox|[from] psn
|upkeep
|turn|81
|
|t:|1625525832
|cant|p1a: Gothitelle|slp
|move|p1a: Gothitelle|Sleep Talk|p1a: Gothitelle
|move|p1a: Gothitelle|Stored Power|p2a: Tangela|[from]move: Sleep Talk
|-damage|p2a: Tangela|0 fnt
|faint|p2a: Tangela
|
|upkeep
|-message|Crylng Lightning forfeited.
|
|win|DeferioZ
|l|☆Crylng Lightning
|raw|DeferioZ's rating: 1520 &rarr; <strong>1540</strong><br />(+20 for winning)
|raw|Crylng Lightning's rating: 1515 &rarr; <strong>1495</strong><br />(-20 for losing)
||Ladder isn't responding, score probably updated but might not have (Request timeout).
|c|☆DeferioZ|/log DeferioZ made this room public.
