|html|<div class="broadcast-blue"><strong>[Gen 8] PU is currently suspecting Virizion! For information on how to participate check out the <a href="https://www.smogon.com/forums/threads/np-pu-stage-4-and-justice-for-all-virizion-suspect-test.3676543/">suspect thread</a>.</strong></div>
|j|☆Embodiment of fun
|j|☆Testpu12
|t:|1611285295
|player|p1|Embodiment of fun|lass-gen4dp|1294
|player|p2|Testpu12|blue-gen1|1428
|teamsize|p1|6
|teamsize|p2|6
|gametype|singles
|gen|8
|tier|[Gen 8] PU
|rated|
|clearpoke
|poke|p1|Toxicroak, M|
|poke|p1|Gourgeist-*, F|
|poke|p1|Lanturn, F|
|poke|p1|Guzzlord|
|poke|p1|Silvally-*|
|poke|p1|Vaporeon, F|
|poke|p2|Basculin-Blue-Striped, M|
|poke|p2|Aromatisse, F|
|poke|p2|Virizion|
|poke|p2|Silvally-*|
|poke|p2|Talonflame, F|
|poke|p2|Sandaconda, F|
|rule|Sleep Clause Mod: Limit one foe put to sleep
|rule|Species Clause: Limit one of each Pokémon
|rule|OHKO Clause: OHKO moves are banned
|rule|Evasion Moves Clause: Evasion moves are banned
|rule|Endless Battle Clause: Forcing endless battles is banned
|rule|HP Percentage Mod: HP is shown in percentages
|rule|Dynamax Clause: You cannot dynamax
|teampreview
|c|☆Embodiment of fun|Oh welp
|c|☆Embodiment of fun|We meet again
|c|☆Embodiment of fun|Hopefully you drank some water to dissolve those salt
|c|☆Embodiment of fun|I'm expecting to lose here, so I'll have my own fun
|
|t:|1611285336
|start
|switch|p1a: Gourgeist|Gourgeist-Small, F|100/100
|switch|p2a: Silvally|Silvally-Poison|100/100
|-item|p2a: Silvally|Poison Memory|[from] ability: Frisk|[of] p1a: Gourgeist|[identify]
|turn|1
|c|☆Testpu12|You just stupid kid
|c|☆Testpu12|holy shit you dumb as hell
|c|☆Embodiment of fun|Says the dumbass ;)
|c|☆Embodiment of fun|Your Getting mad over a kids game
|c|☆Testpu12|this Match up is -100
|c|☆Embodiment of fun|Let that sink in
|c|☆Testpu12|you legitimately one the dumbest human on eae
|c|☆Testpu12|Earth
|c|☆Embodiment of fun|Sure, my graduate sure is nothing to you.
|c|☆Embodiment of fun|What you do? Swear at children in kids game?
|c|☆Testpu12|what the odds of me bringing this fish abs your entire team water resist /immunity
|c|☆Embodiment of fun|Such an amazing life
|c|☆Testpu12|like you legitimately one dumbest human I have see on this website
|
|t:|1611285431
|switch|p1a: Silvally|Silvally-Steel|100/100
|move|p2a: Silvally|Parting Shot|p1a: Silvally
|-unboost|p1a: Silvally|atk|1
|-unboost|p1a: Silvally|spa|1
|c|☆Embodiment of fun|LMAO
|
|t:|1611285436
|switch|p2a: Sandaconda|Sandaconda, F|100/100|[from]move: Parting Shot
|
|upkeep
|turn|2
|
|t:|1611285439
|move|p1a: Silvally|Parting Shot|p2a: Sandaconda
|-unboost|p2a: Sandaconda|atk|1
|-unboost|p2a: Sandaconda|spa|1
|
|t:|1611285452
|switch|p1a: Vaporeon|Vaporeon, F|100/100|[from]move: Parting Shot
|move|p2a: Sandaconda|Stealth Rock|p1a: Vaporeon
|-sidestart|p1: Embodiment of fun|move: Stealth Rock
|
|upkeep
|turn|3
|c|☆Embodiment of fun|How about you actually turn on your brain?
|c|☆Embodiment of fun|Virizion gets a free kill there
|c|☆Embodiment of fun|Did you notice?
|
|t:|1611285478
|switch|p2a: Virizion|Virizion|100/100
|move|p1a: Vaporeon|Scald|p2a: Virizion
|-resisted|p2a: Virizion
|-damage|p2a: Virizion|89/100
|
|upkeep
|turn|4
|c|☆Embodiment of fun|No, cause your a dumbass
|
|t:|1611285488
|switch|p1a: Guzzlord|Guzzlord|100/100
|-damage|p1a: Guzzlord|88/100|[from] Stealth Rock
|move|p2a: Virizion|Leaf Storm|p1a: Guzzlord|[miss]
|-miss|p2a: Virizion|p1a: Guzzlord
|
|upkeep
|turn|5
|
|t:|1611285493
|switch|p2a: Talonflame|Talonflame, F|100/100
|switch|p1a: Gourgeist|Gourgeist-Small, F|100/100
|-damage|p1a: Gourgeist|88/100|[from] Stealth Rock
|-item|p2a: Talonflame|Heavy-Duty Boots|[from] ability: Frisk|[of] p1a: Gourgeist|[identify]
|
|upkeep
|turn|6
|
|t:|1611285499
|switch|p1a: Lanturn|Lanturn, F|100/100
|-damage|p1a: Lanturn|88/100|[from] Stealth Rock
|move|p2a: Talonflame|Will-O-Wisp|p1a: Lanturn
|-status|p1a: Lanturn|brn
|
|-heal|p1a: Lanturn|94/100 brn|[from] item: Leftovers
|-damage|p1a: Lanturn|88/100 brn|[from] brn
|upkeep
|turn|7
|
|t:|1611285509
|switch|p2a: Virizion|Virizion|89/100
|move|p1a: Lanturn|Scald|p2a: Virizion
|-resisted|p2a: Virizion
|-damage|p2a: Virizion|79/100
|-status|p2a: Virizion|brn
|
|-heal|p1a: Lanturn|94/100 brn|[from] item: Leftovers
|-damage|p2a: Virizion|73/100 brn|[from] brn
|-damage|p1a: Lanturn|88/100 brn|[from] brn
|upkeep
|turn|8
|
|t:|1611285518
|switch|p2a: Aromatisse|Aromatisse, F|100/100
|switch|p1a: Guzzlord|Guzzlord|88/100
|-damage|p1a: Guzzlord|76/100|[from] Stealth Rock
|
|upkeep
|turn|9
|
|t:|1611285522
|switch|p1a: Silvally|Silvally-Steel|100/100
|-damage|p1a: Silvally|94/100|[from] Stealth Rock
|move|p2a: Aromatisse|Protect||[still]
|-fail|p2a: Aromatisse
|
|upkeep
|turn|10
|
|t:|1611285532
|move|p1a: Silvally|Parting Shot|p2a: Aromatisse
|-unboost|p2a: Aromatisse|atk|1
|-unboost|p2a: Aromatisse|spa|1
|
|t:|1611285536
|switch|p1a: Toxicroak|Toxicroak, M|100/100|[from]move: Parting Shot
|-damage|p1a: Toxicroak|94/100|[from] Stealth Rock
|move|p2a: Aromatisse|Heal Bell|p2a: Aromatisse
|-activate|p2a: Aromatisse|move: Heal Bell
|-curestatus|p2: Virizion|brn|[msg]
|
|upkeep
|turn|11
|
|t:|1611285544
|switch|p1a: Gourgeist|Gourgeist-Small, F|88/100
|-damage|p1a: Gourgeist|76/100|[from] Stealth Rock
|-item|p2a: Aromatisse|Leftovers|[from] ability: Frisk|[of] p1a: Gourgeist|[identify]
|switch|p2a: Sandaconda|Sandaconda, F|100/100
|
|upkeep
|turn|12
|
|t:|1611285558
|switch|p2a: Talonflame|Talonflame, F|100/100
|move|p1a: Gourgeist|Poltergeist|p2a: Talonflame
|-activate|p2a: Talonflame|move: Poltergeist|Heavy-Duty Boots
|-crit|p2a: Talonflame
|-damage|p2a: Talonflame|0 fnt
|faint|p2a: Talonflame
|
|upkeep
|c|☆Embodiment of fun|Uhh he crit d my talon flame
|c|☆Testpu12|Here you go again
|c|☆Embodiment of fun|Waaaaaaa
|c|☆Embodiment of fun|!calc
|c| Embodiment of fun|/raw <div class="infobox">Pok&eacute;mon Showdown! damage calculator. (Courtesy of Honko &amp; Austin)<br />- <a href="https://calc.pokemonshowdown.com/index.html">Damage Calculator</a></div>
|c|☆Testpu12|Get of the showdown
|c|☆Testpu12|It didn’t kill you idiot
|c|☆Testpu12|seriously get off the showdown and consider the lottery for living
|c|☆Testpu12|holy fuck if I was this lucky
|
|t:|1611285627
|switch|p2a: Silvally|Silvally-Poison|100/100
|turn|13
|c|☆Embodiment of fun|101
|c|☆Embodiment of fun|93 - 110
|c|☆Testpu12|It didn’t kill
|c|☆Embodiment of fun|You bulky?
|c|☆Testpu12|I have this match up 100 times
|c|☆Embodiment of fun|Cause I outpseed then
|c|☆Testpu12|it never killed
|c|☆Embodiment of fun|Sure sure
|c|☆Testpu12|108 hp investment
|c|☆Embodiment of fun|Keep crying
|c|☆Testpu12|support talon
|j| Humbert CQ
|c|☆Embodiment of fun|Cook
|c|☆Embodiment of fun|My lanturn still walls thou
|c|☆Testpu12|This kid is so fucking lucky
|
|t:|1611285686
|switch|p1a: Silvally|Silvally-Steel|94/100
|-damage|p1a: Silvally|88/100|[from] Stealth Rock
|move|p2a: Silvally|Parting Shot|p1a: Silvally
|-unboost|p1a: Silvally|atk|1
|-unboost|p1a: Silvally|spa|1
|
|t:|1611285689
|switch|p2a: Virizion|Virizion|73/100|[from]move: Parting Shot
|
|upkeep
|turn|14
|c|☆Embodiment of fun|Says the guy crying over a kids game
|
|t:|1611285703
|switch|p1a: Toxicroak|Toxicroak, M|94/100
|-damage|p1a: Toxicroak|88/100|[from] Stealth Rock
|move|p2a: Virizion|Swords Dance|p2a: Virizion
|-boost|p2a: Virizion|atk|2
|
|upkeep
|turn|15
|
|t:|1611285709
|switch|p2a: Sandaconda|Sandaconda, F|100/100
|move|p1a: Toxicroak|Gunk Shot|p2a: Sandaconda
|-resisted|p2a: Sandaconda
|-damage|p2a: Sandaconda|78/100
|-damage|p1a: Toxicroak|78/100|[from] item: Life Orb
|
|upkeep
|turn|16
|
|t:|1611285715
|switch|p1a: Vaporeon|Vaporeon, F|100/100
|-damage|p1a: Vaporeon|88/100|[from] Stealth Rock
|switch|p2a: Basculin|Basculin-Blue-Striped, M|100/100
|
|-heal|p1a: Vaporeon|94/100|[from] item: Leftovers
|upkeep
|turn|17
|
|t:|1611285720
|switch|p2a: Virizion|Virizion|73/100
|move|p1a: Vaporeon|Scald|p2a: Virizion
|-resisted|p2a: Virizion
|-damage|p2a: Virizion|61/100
|
|-heal|p1a: Vaporeon|99/100|[from] item: Leftovers
|upkeep
|turn|18
|
|t:|1611285728
|switch|p1a: Guzzlord|Guzzlord|76/100
|-damage|p1a: Guzzlord|63/100|[from] Stealth Rock
|move|p2a: Virizion|Leaf Storm|p1a: Guzzlord
|-resisted|p1a: Guzzlord
|-damage|p1a: Guzzlord|40/100
|-unboost|p2a: Virizion|spa|2
|-damage|p2a: Virizion|51/100|[from] item: Life Orb
|
|upkeep
|turn|19
|
|t:|1611285741
|switch|p1a: Gourgeist|Gourgeist-Small, F|76/100
|-damage|p1a: Gourgeist|63/100|[from] Stealth Rock
|-item|p2a: Virizion|Life Orb|[from] ability: Frisk|[of] p1a: Gourgeist|[identify]
|move|p2a: Virizion|Stone Edge|p1a: Gourgeist|[miss]
|-miss|p2a: Virizion|p1a: Gourgeist
|
|upkeep
|turn|20
|-message|Testpu12 forfeited.
|
|win|Embodiment of fun
|l|☆Testpu12
|c|☆Embodiment of fun|Rage quit
|raw|Embodiment of fun's rating: 1294 &rarr; <strong>1328</strong><br />(+34 for winning)
|raw|Testpu12's rating: 1428 &rarr; <strong>1401</strong><br />(-27 for losing)
|c|☆Embodiment of fun|Some good salt compilation
|c|☆Embodiment of fun|Can I have the audience opinion?
