|j|☆astralydia
|j|☆Haffling
|t:|1667580549
|gametype|singles
|player|p1|astralydia|caitlin|
|player|p2|Haffling|cyrus|
|teamsize|p1|6
|teamsize|p2|6
|gen|8
|tier|[Gen 8] PU
|rated|Tournament battle
|rule|Sleep Clause Mod: Limit one foe put to sleep
|rule|Species Clause: Limit one of each Pokémon
|rule|OHKO Clause: OHKO moves are banned
|rule|Evasion Items Clause: Evasion items are banned
|rule|Evasion Moves Clause: Evasion moves are banned
|rule|Endless Battle Clause: Forcing endless battles is banned
|rule|HP Percentage Mod: HP is shown in percentages
|rule|Dynamax Clause: You cannot dynamax
|clearpoke
|poke|p1|Glastrier|
|poke|p1|Shiftry, F|
|poke|p1|Vikavolt, F|
|poke|p1|Archeops, M|
|poke|p1|Whimsicott, M|
|poke|p1|Silvally-*|
|poke|p2|Abomasnow, M|
|poke|p2|Articuno-Galar|
|poke|p2|Sandaconda, M|
|poke|p2|Lanturn, M|
|poke|p2|Scrafty, M|
|poke|p2|Charizard, F|
|teampreview
|c|☆Haffling|hf
|
|t:|1667580606
|start
|switch|p1a: Archeops|Archeops, M|100/100
|switch|p2a: Articuno|Articuno-Galar|100/100
|turn|1
|
|t:|1667580617
|switch|p2a: Sandaconda|Sandaconda, M|100/100
|move|p1a: Archeops|Meteor Beam||[still]
|-prepare|p1a: Archeops|Meteor Beam
|-boost|p1a: Archeops|spa|1
|-enditem|p1a: Archeops|Power Herb
|-anim|p1a: Archeops|Meteor Beam|p2a: Sandaconda
|-resisted|p2a: Sandaconda
|-damage|p2a: Sandaconda|43/100
|
|upkeep
|turn|2
|
|t:|1667580622
|switch|p2a: Scrafty|Scrafty, M|100/100
|move|p1a: Archeops|Earth Power|p2a: Scrafty
|-damage|p2a: Scrafty|53/100
|
|-heal|p2a: Scrafty|59/100|[from] item: Leftovers
|upkeep
|turn|3
|
|t:|1667580629
|move|p1a: Archeops|Air Slash|p2a: Scrafty
|-supereffective|p2a: Scrafty
|-damage|p2a: Scrafty|0 fnt
|faint|p2a: Scrafty
|
|upkeep
|
|t:|1667580633
|switch|p2a: Lanturn|Lanturn, M|100/100
|turn|4
|
|t:|1667580638
|move|p1a: Archeops|Earth Power|p2a: Lanturn
|-supereffective|p2a: Lanturn
|-damage|p2a: Lanturn|42/100
|move|p2a: Lanturn|Scald|p1a: Archeops
|-supereffective|p1a: Archeops
|-damage|p1a: Archeops|26/100
|
|-heal|p2a: Lanturn|48/100|[from] item: Leftovers
|upkeep
|turn|5
|
|t:|1667580641
|move|p1a: Archeops|Stealth Rock|p2a: Lanturn
|-sidestart|p2: Haffling|move: Stealth Rock
|move|p2a: Lanturn|Scald|p1a: Archeops
|-supereffective|p1a: Archeops
|-damage|p1a: Archeops|0 fnt
|faint|p1a: Archeops
|
|-heal|p2a: Lanturn|54/100|[from] item: Leftovers
|upkeep
|
|t:|1667580658
|switch|p1a: Shiftry|Shiftry, F|100/100
|turn|6
|
|t:|1667580664
|switch|p2a: Charizard|Charizard, F|100/100
|move|p1a: Shiftry|Swords Dance|p1a: Shiftry
|-boost|p1a: Shiftry|atk|2
|
|upkeep
|turn|7
|
|t:|1667580670
|move|p1a: Shiftry|Sucker Punch||[still]
|-fail|p1a: Shiftry
|move|p2a: Charizard|Toxic|p1a: Shiftry
|-status|p1a: Shiftry|tox
|
|-damage|p1a: Shiftry|94/100 tox|[from] psn
|upkeep
|turn|8
|
|t:|1667580678
|switch|p2a: Sandaconda|Sandaconda, M|43/100
|-damage|p2a: Sandaconda|37/100|[from] Stealth Rock
|move|p1a: Shiftry|Knock Off|p2a: Sandaconda
|-damage|p2a: Sandaconda|0 fnt
|-damage|p1a: Shiftry|78/100 tox|[from] item: Rocky Helmet|[of] p2a: Sandaconda
|-enditem|p2a: Sandaconda|Rocky Helmet|[from] move: Knock Off|[of] p1a: Shiftry
|faint|p2a: Sandaconda
|-damage|p1a: Shiftry|68/100 tox|[from] item: Life Orb
|
|-damage|p1a: Shiftry|55/100 tox|[from] psn
|upkeep
|
|t:|1667580688
|switch|p2a: Charizard|Charizard, F|100/100
|turn|9
|
|t:|1667580695
|move|p2a: Charizard|Mystical Fire|p1a: Shiftry
|-supereffective|p1a: Shiftry
|-damage|p1a: Shiftry|0 fnt
|faint|p1a: Shiftry
|
|upkeep
|
|t:|1667580743
|switch|p1a: Silvally|Silvally-Ghost|100/100
|turn|10
|j| Echoshi
|
|t:|1667580752
|move|p2a: Charizard|Toxic|p1a: Silvally
|-status|p1a: Silvally|tox
|move|p1a: Silvally|Swords Dance|p1a: Silvally
|-boost|p1a: Silvally|atk|2
|
|-damage|p1a: Silvally|94/100 tox|[from] psn
|upkeep
|turn|11
|
|t:|1667580769
|switch|p2a: Articuno|Articuno-Galar|100/100
|move|p1a: Silvally|Flame Charge|p2a: Articuno
|-damage|p2a: Articuno|65/100
|-boost|p1a: Silvally|spe|1
|
|-damage|p1a: Silvally|82/100 tox|[from] psn
|upkeep
|turn|12
|
|t:|1667580782
|move|p1a: Silvally|Multi-Attack|p2a: Articuno
|-supereffective|p2a: Articuno
|-damage|p2a: Articuno|0 fnt
|faint|p2a: Articuno
|
|-damage|p1a: Silvally|63/100 tox|[from] psn
|upkeep
|
|t:|1667580789
|switch|p2a: Lanturn|Lanturn, M|54/100
|-damage|p2a: Lanturn|42/100|[from] Stealth Rock
|turn|13
|
|t:|1667580795
|move|p2a: Lanturn|Protect|p2a: Lanturn
|-singleturn|p2a: Lanturn|Protect
|move|p1a: Silvally|Multi-Attack|p2a: Lanturn
|-activate|p2a: Lanturn|move: Protect
|
|-heal|p2a: Lanturn|48/100|[from] item: Leftovers
|-damage|p1a: Silvally|39/100 tox|[from] psn
|upkeep
|turn|14
|
|t:|1667580807
|move|p2a: Lanturn|Protect|p2a: Lanturn
|-singleturn|p2a: Lanturn|Protect
|move|p1a: Silvally|Multi-Attack|p2a: Lanturn
|-activate|p2a: Lanturn|move: Protect
|
|-heal|p2a: Lanturn|54/100|[from] item: Leftovers
|-damage|p1a: Silvally|8/100 tox|[from] psn
|upkeep
|turn|15
|
|t:|1667580817
|move|p1a: Silvally|Multi-Attack|p2a: Lanturn
|-damage|p2a: Lanturn|0 fnt
|faint|p2a: Lanturn
|
|-damage|p1a: Silvally|0 fnt|[from] psn
|faint|p1a: Silvally
|upkeep
|j| shiny mr mime
|
|t:|1667580830
|switch|p1a: Whimsicott|Whimsicott, M|100/100
|switch|p2a: Abomasnow|Abomasnow, M|100/100
|-damage|p2a: Abomasnow|76/100|[from] Stealth Rock
|-weather|Hail|[from] ability: Snow Warning|[of] p2a: Abomasnow
|turn|16
|l| shiny mr mime
|
|t:|1667580835
|move|p1a: Whimsicott|Memento|p2a: Abomasnow
|-unboost|p2a: Abomasnow|atk|2
|-unboost|p2a: Abomasnow|spa|2
|faint|p1a: Whimsicott
|move|p2a: Abomasnow|Blizzard|p1: Whimsicott|[notarget]
|-fail|p2a: Abomasnow
|
|-weather|Hail|[upkeep]
|upkeep
|
|t:|1667580853
|switch|p1a: Vikavolt|Vikavolt, F|100/100
|turn|17
|
|t:|1667580857
|move|p2a: Abomasnow|Blizzard|p1a: Vikavolt
|-damage|p1a: Vikavolt|45/100
|move|p1a: Vikavolt|Agility|p1a: Vikavolt
|-boost|p1a: Vikavolt|spe|2
|
|-weather|Hail|[upkeep]
|-damage|p1a: Vikavolt|39/100|[from] Hail
|upkeep
|turn|18
|
|t:|1667580862
|move|p1a: Vikavolt|Bug Buzz|p2a: Abomasnow
|-supereffective|p2a: Abomasnow
|-damage|p2a: Abomasnow|0 fnt
|faint|p2a: Abomasnow
|-enditem|p1a: Vikavolt|Throat Spray
|-boost|p1a: Vikavolt|spa|1|[from] item: Throat Spray
|
|-weather|Hail|[upkeep]
|-damage|p1a: Vikavolt|33/100|[from] Hail
|upkeep
|
|t:|1667580869
|switch|p2a: Charizard|Charizard, F|100/100
|turn|19
|
|t:|1667580873
|move|p1a: Vikavolt|Thunderbolt|p2a: Charizard
|-supereffective|p2a: Charizard
|-damage|p2a: Charizard|0 fnt
|faint|p2a: Charizard
|
|win|astralydia
|n|☆astralydia|astralydia
|n|☆Haffling|haffling
|n| Echoshi|echoshi
