|j|☆xenon filled lungs
|j|☆zoowi
|t:|1608672858
|player|p1|xenon filled lungs|molayne|1325
|player|p2|zoowi|burglar-gen2|1377
|teamsize|p1|6
|teamsize|p2|6
|gametype|singles
|gen|8
|tier|[Gen 8] PU
|rated|
|clearpoke
|poke|p1|Ribombee, F|
|poke|p1|Sigilyph, M|
|poke|p1|Malamar, M|
|poke|p1|Virizion|
|poke|p1|Aggron, M|
|poke|p1|Silvally-*|
|poke|p2|Dugtrio-Alola, F|
|poke|p2|Toxicroak, F|
|poke|p2|Sirfetch’d, M|
|poke|p2|Claydol|
|poke|p2|Silvally-*|
|poke|p2|Lycanroc, F|
|rule|Sleep Clause Mod: Limit one foe put to sleep
|rule|Species Clause: Limit one of each Pokémon
|rule|OHKO Clause: OHKO moves are banned
|rule|Evasion Moves Clause: Evasion moves are banned
|rule|Endless Battle Clause: Forcing endless battles is banned
|rule|HP Percentage Mod: HP is shown in percentages
|rule|Dynamax Clause: You cannot dynamax
|teampreview
|
|t:|1608672869
|start
|switch|p1a: Virizion|Virizion|100/100
|switch|p2a: Lycanroc|Lycanroc, F|100/100
|turn|1
|
|t:|1608672881
|move|p2a: Lycanroc|Play Rough|p1a: Virizion
|-supereffective|p1a: Virizion
|-damage|p1a: Virizion|21/100
|move|p1a: Virizion|Leaf Blade|p2a: Lycanroc
|-supereffective|p2a: Lycanroc
|-damage|p2a: Lycanroc|0 fnt
|-damage|p1a: Virizion|11/100|[from] item: Life Orb
|faint|p2a: Lycanroc
|
|upkeep
|
|t:|1608672887
|switch|p2a: Dugtrio|Dugtrio-Alola, F|100/100
|turn|2
|
|t:|1608672901
|move|p2a: Dugtrio|Iron Head|p1a: Virizion
|-damage|p1a: Virizion|0 fnt
|faint|p1a: Virizion
|
|upkeep
|
|t:|1608672912
|switch|p1a: Malamar|Malamar, M|100/100
|turn|3
|
|t:|1608672922
|switch|p2a: Sirfetch’d|Sirfetch’d, M|100/100
|move|p1a: Malamar|Superpower|p2a: Sirfetch’d
|-damage|p2a: Sirfetch’d|68/100
|-boost|p1a: Malamar|atk|1
|-boost|p1a: Malamar|def|1
|
|upkeep
|turn|4
|
|t:|1608672934
|switch|p1a: Aggron|Aggron, M|100/100
|move|p2a: Sirfetch’d|Close Combat|p1a: Aggron
|-supereffective|p1a: Aggron
|-damage|p1a: Aggron|0 fnt
|-unboost|p2a: Sirfetch’d|def|1
|-unboost|p2a: Sirfetch’d|spd|1
|-damage|p2a: Sirfetch’d|59/100|[from] item: Life Orb
|faint|p1a: Aggron
|
|upkeep
|
|t:|1608672938
|switch|p1a: Ribombee|Ribombee, F|100/100
|turn|5
|
|t:|1608672946
|switch|p2a: Silvally|Silvally-Poison|100/100
|move|p1a: Ribombee|Sticky Web|p2a: Silvally
|-sidestart|p2: zoowi|move: Sticky Web
|
|upkeep
|turn|6
|
|t:|1608672951
|move|p1a: Ribombee|U-turn|p2a: Silvally
|-resisted|p2a: Silvally
|-damage|p2a: Silvally|93/100
|
|t:|1608672954
|switch|p1a: Sigilyph|Sigilyph, M|100/100|[from]move: U-turn
|move|p2a: Silvally|Toxic|p1a: Sigilyph
|-status|p1a: Sigilyph|tox
|
|upkeep
|turn|7
|
|t:|1608672960
|move|p1a: Sigilyph|Psychic|p2a: Silvally
|-supereffective|p2a: Silvally
|-damage|p2a: Silvally|0 fnt
|faint|p2a: Silvally
|
|upkeep
|
|t:|1608672969
|switch|p2a: Sirfetch’d|Sirfetch’d, M|59/100
|-activate|p2a: Sirfetch’d|move: Sticky Web
|-unboost|p2a: Sirfetch’d|spe|1
|turn|8
|
|t:|1608672981
|switch|p1a: Ribombee|Ribombee, F|100/100
|move|p2a: Sirfetch’d|First Impression|p1a: Ribombee
|-resisted|p1a: Ribombee
|-damage|p1a: Ribombee|55/100
|-damage|p2a: Sirfetch’d|49/100|[from] item: Life Orb
|
|upkeep
|turn|9
|
|t:|1608672989
|switch|p2a: Claydol|Claydol|100/100
|move|p1a: Ribombee|U-turn|p2a: Claydol
|-supereffective|p2a: Claydol
|-damage|p2a: Claydol|73/100
|
|t:|1608672991
|switch|p1a: Malamar|Malamar, M|100/100|[from]move: U-turn
|
|-heal|p2a: Claydol|79/100|[from] item: Leftovers
|upkeep
|turn|10
|
|t:|1608672997
|move|p1a: Malamar|Substitute|p1a: Malamar
|-start|p1a: Malamar|Substitute
|-damage|p1a: Malamar|76/100
|move|p2a: Claydol|Teleport|p2a: Claydol
|
|t:|1608673006
|switch|p2a: Sirfetch’d|Sirfetch’d, M|49/100|[from]move: Teleport
|-activate|p2a: Sirfetch’d|move: Sticky Web
|-unboost|p2a: Sirfetch’d|spe|1
|
|-heal|p1a: Malamar|82/100|[from] item: Leftovers
|upkeep
|turn|11
|
|t:|1608673011
|move|p2a: Sirfetch’d|First Impression|p1a: Malamar
|-supereffective|p1a: Malamar
|-end|p1a: Malamar|Substitute
|-damage|p2a: Sirfetch’d|39/100|[from] item: Life Orb
|move|p1a: Malamar|Superpower|p2a: Sirfetch’d
|-damage|p2a: Sirfetch’d|2/100
|-boost|p1a: Malamar|atk|1
|-boost|p1a: Malamar|def|1
|
|-heal|p1a: Malamar|88/100|[from] item: Leftovers
|upkeep
|turn|12
|
|t:|1608673022
|move|p1a: Malamar|Superpower|p2a: Sirfetch’d
|-damage|p2a: Sirfetch’d|0 fnt
|-boost|p1a: Malamar|atk|1
|-boost|p1a: Malamar|def|1
|faint|p2a: Sirfetch’d
|
|-heal|p1a: Malamar|94/100|[from] item: Leftovers
|upkeep
|
|t:|1608673023
|switch|p2a: Dugtrio|Dugtrio-Alola, F|100/100
|-activate|p2a: Dugtrio|move: Sticky Web
|-unboost|p2a: Dugtrio|spe|1
|turn|13
|
|t:|1608673026
|move|p1a: Malamar|Superpower|p2a: Dugtrio
|-supereffective|p2a: Dugtrio
|-enditem|p2a: Dugtrio|Focus Sash
|-damage|p2a: Dugtrio|1/100
|-boost|p1a: Malamar|atk|1
|-boost|p1a: Malamar|def|1
|-ability|p2a: Dugtrio|Tangling Hair
|-boost|p1a: Malamar|spe|1
|move|p2a: Dugtrio|Toxic|p1a: Malamar
|-status|p1a: Malamar|tox
|
|-heal|p1a: Malamar|100/100 tox|[from] item: Leftovers
|-damage|p1a: Malamar|94/100 tox|[from] psn
|upkeep
|turn|14
|
|t:|1608673033
|switch|p2a: Toxicroak|Toxicroak, F|100/100
|-activate|p2a: Toxicroak|move: Sticky Web
|-unboost|p2a: Toxicroak|spe|1
|move|p1a: Malamar|Superpower|p2a: Toxicroak
|-resisted|p2a: Toxicroak
|-damage|p2a: Toxicroak|51/100
|-boost|p1a: Malamar|atk|1
|-boost|p1a: Malamar|def|1
|
|-heal|p1a: Malamar|100/100 tox|[from] item: Leftovers
|-damage|p1a: Malamar|88/100 tox|[from] psn
|upkeep
|turn|15
|
|t:|1608673036
|switch|p2a: Claydol|Claydol|79/100
|move|p1a: Malamar|Psycho Cut|p2a: Claydol
|-resisted|p2a: Claydol
|-damage|p2a: Claydol|47/100
|
|-heal|p1a: Malamar|94/100 tox|[from] item: Leftovers
|-heal|p2a: Claydol|53/100|[from] item: Leftovers
|-damage|p1a: Malamar|76/100 tox|[from] psn
|upkeep
|turn|16
|
|t:|1608673041
|switch|p2a: Toxicroak|Toxicroak, F|51/100
|-activate|p2a: Toxicroak|move: Sticky Web
|-unboost|p2a: Toxicroak|spe|1
|move|p1a: Malamar|Knock Off|p2a: Toxicroak
|-resisted|p2a: Toxicroak
|-damage|p2a: Toxicroak|0 fnt
|-enditem|p2a: Toxicroak|Life Orb|[from] move: Knock Off|[of] p1a: Malamar
|faint|p2a: Toxicroak
|
|-heal|p1a: Malamar|82/100 tox|[from] item: Leftovers
|-damage|p1a: Malamar|57/100 tox|[from] psn
|upkeep
|
|t:|1608673042
|switch|p2a: Dugtrio|Dugtrio-Alola, F|1/100
|-activate|p2a: Dugtrio|move: Sticky Web
|-unboost|p2a: Dugtrio|spe|1
|turn|17
|
|t:|1608673048
|move|p1a: Malamar|Knock Off|p2a: Dugtrio
|-damage|p2a: Dugtrio|0 fnt
|-ability|p2a: Dugtrio|Tangling Hair
|-boost|p1a: Malamar|spe|1
|faint|p2a: Dugtrio
|
|-heal|p1a: Malamar|63/100 tox|[from] item: Leftovers
|-damage|p1a: Malamar|32/100 tox|[from] psn
|upkeep
|
|t:|1608673050
|switch|p2a: Claydol|Claydol|53/100
|turn|18
|c|☆xenon filled lungs|gg
|
|t:|1608673052
|move|p1a: Malamar|Knock Off|p2a: Claydol
|-supereffective|p2a: Claydol
|-damage|p2a: Claydol|0 fnt
|-enditem|p2a: Claydol|Leftovers|[from] move: Knock Off|[of] p1a: Malamar
|faint|p2a: Claydol
|
|win|xenon filled lungs
|c|☆zoowi|gg
|l|☆zoowi
|l|☆xenon filled lungs
||Ladder (probably) updated, but score could not be retrieved (Request timeout).
|j|☆xenon filled lungs
|player|p1|xenon filled lungs|molayne
