|j|☆pattek
|j|☆Karrakarra
|player|p1|pattek|pokemonranger-gen4|1397
|player|p2|Karrakarra|saturn|1562
|teamsize|p1|6
|teamsize|p2|6
|gametype|singles
|gen|8
|tier|[Gen 8] PU
|rated|
|clearpoke
|poke|p1|Type: Null|
|poke|p1|Wartortle, M|
|poke|p1|Silvally-*|
|poke|p1|Vibrava, M|
|poke|p1|Mawile, F|
|poke|p1|Throh, M|
|poke|p2|Vespiquen, F|
|poke|p2|Mawile, F|
|poke|p2|Whiscash, F|
|poke|p2|Raichu, M|
|poke|p2|Liepard, F|
|poke|p2|Glaceon, F|
|rule|Sleep Clause Mod: Limit one foe put to sleep
|rule|Species Clause: Limit one of each Pokémon
|rule|OHKO Clause: OHKO moves are banned
|rule|Evasion Moves Clause: Evasion moves are banned
|rule|Endless Battle Clause: Forcing endless battles is banned
|rule|HP Percentage Mod: HP is shown in percentages
|rule|Dynamax Clause: You cannot dynamax
|teampreview
|inactive|Battle timer is ON: inactive players will automatically lose when time's up. (requested by pattek)
|
|start
|switch|p1a: Silvally|Silvally-Poison|100/100
|switch|p2a: Whiscash|Whiscash, F|100/100
|turn|1
|
|move|p1a: Silvally|U-turn|p2a: Whiscash
|-crit|p2a: Whiscash
|-damage|p2a: Whiscash|80/100
|
|switch|p1a: Throh|Throh, M|100/100|[from]move: U-turn
|move|p2a: Whiscash|Earthquake|p1a: Throh
|-damage|p1a: Throh|74/100
|
|-heal|p2a: Whiscash|86/100|[from] item: Leftovers
|-heal|p1a: Throh|80/100|[from] item: Leftovers
|upkeep
|turn|2
|
|switch|p2a: Vespiquen|Vespiquen, F|100/100
|-ability|p2a: Vespiquen|Unnerve|p1: pattek
|move|p1a: Throh|Knock Off|p2a: Vespiquen
|-damage|p2a: Vespiquen|85/100
|-enditem|p2a: Vespiquen|Heavy-Duty Boots|[from] move: Knock Off|[of] p1a: Throh
|
|-heal|p1a: Throh|86/100|[from] item: Leftovers
|upkeep
|turn|3
|
|move|p2a: Vespiquen|U-turn|p1a: Throh
|-resisted|p1a: Throh
|-damage|p1a: Throh|77/100
|
|switch|p2a: Whiscash|Whiscash, F|86/100|[from]move: U-turn
|move|p1a: Throh|Circle Throw|p2a: Whiscash
|-damage|p2a: Whiscash|71/100
|drag|p2a: Glaceon|Glaceon, F|100/100
|
|-heal|p1a: Throh|83/100|[from] item: Leftovers
|upkeep
|turn|4
|
|switch|p2a: Vespiquen|Vespiquen, F|85/100
|-ability|p2a: Vespiquen|Unnerve|p1: pattek
|move|p1a: Throh|Knock Off|p2a: Vespiquen
|-damage|p2a: Vespiquen|75/100
|
|-heal|p1a: Throh|89/100|[from] item: Leftovers
|upkeep
|turn|5
|
|move|p2a: Vespiquen|Toxic Spikes|p1a: Throh
|-sidestart|p1: pattek|move: Toxic Spikes
|move|p1a: Throh|Circle Throw|p2a: Vespiquen|[miss]
|-miss|p1a: Throh|p2a: Vespiquen
|
|-heal|p1a: Throh|95/100|[from] item: Leftovers
|upkeep
|turn|6
|
|switch|p1a: Silvally|Silvally-Poison|100/100
|-sideend|p1: pattek|move: Toxic Spikes|[of] p1a: Silvally
|move|p2a: Vespiquen|Acrobatics|p1a: Silvally
|-damage|p1a: Silvally|65/100
|
|upkeep
|turn|7
|
|switch|p2a: Whiscash|Whiscash, F|71/100
|move|p1a: Silvally|U-turn|p2a: Whiscash
|-damage|p2a: Whiscash|57/100
|
|switch|p1a: Throh|Throh, M|95/100|[from]move: U-turn
|
|-heal|p2a: Whiscash|63/100|[from] item: Leftovers
|-heal|p1a: Throh|100/100|[from] item: Leftovers
|upkeep
|turn|8
|
|switch|p2a: Vespiquen|Vespiquen, F|75/100
|-ability|p2a: Vespiquen|Unnerve|p1: pattek
|move|p1a: Throh|Circle Throw|p2a: Vespiquen
|-resisted|p2a: Vespiquen
|-damage|p2a: Vespiquen|71/100
|drag|p2a: Mawile|Mawile, F|100/100
|
|upkeep
|turn|9
|
|switch|p1a: Wartortle|Wartortle, M|100/100
|move|p2a: Mawile|Iron Head|p1a: Wartortle
|-resisted|p1a: Wartortle
|-damage|p1a: Wartortle|83/100
|
|upkeep
|turn|10
|
|switch|p2a: Glaceon|Glaceon, F|100/100
|move|p1a: Wartortle|Toxic|p2a: Glaceon
|-status|p2a: Glaceon|tox
|
|-damage|p2a: Glaceon|94/100 tox|[from] psn
|upkeep
|turn|11
|
|switch|p1a: Mawile|Mawile, F|100/100
|move|p2a: Glaceon|Freeze-Dry|p1a: Mawile
|-resisted|p1a: Mawile
|-damage|p1a: Mawile|71/100
|
|-heal|p2a: Glaceon|100/100 tox|[from] item: Leftovers
|-damage|p2a: Glaceon|88/100 tox|[from] psn
|upkeep
|turn|12
|
|switch|p2a: Vespiquen|Vespiquen, F|71/100
|-ability|p2a: Vespiquen|Unnerve|p1: pattek
|move|p1a: Mawile|Stealth Rock|p2a: Vespiquen
|-sidestart|p2: Karrakarra|move: Stealth Rock
|
|upkeep
|turn|13
|
|move|p1a: Mawile|Play Rough|p2a: Vespiquen
|-damage|p2a: Vespiquen|38/100
|move|p2a: Vespiquen|Defog|p1a: Mawile
|-unboost|p1a: Mawile|evasion|1
|-sideend|p2: Karrakarra|Stealth Rock|[from] move: Defog|[of] p2a: Vespiquen
|
|upkeep
|turn|14
|
|move|p1a: Mawile|Stealth Rock|p2a: Vespiquen
|-sidestart|p2: Karrakarra|move: Stealth Rock
|move|p2a: Vespiquen|Defog|p1a: Mawile
|-unboost|p1a: Mawile|evasion|1
|-sideend|p2: Karrakarra|Stealth Rock|[from] move: Defog|[of] p2a: Vespiquen
|
|upkeep
|turn|15
|
|move|p1a: Mawile|Play Rough|p2a: Vespiquen
|-damage|p2a: Vespiquen|6/100
|move|p2a: Vespiquen|Defog|p1a: Mawile
|-unboost|p1a: Mawile|evasion|1
|
|upkeep
|turn|16
|
|move|p1a: Mawile|Iron Head|p2a: Vespiquen
|-damage|p2a: Vespiquen|0 fnt
|faint|p2a: Vespiquen
|
|upkeep
|
|switch|p2a: Mawile|Mawile, F|100/100
|turn|17
|
|move|p2a: Mawile|Iron Head|p1a: Mawile
|-damage|p1a: Mawile|17/100
|move|p1a: Mawile|Knock Off|p2a: Mawile
|-resisted|p2a: Mawile
|-damage|p2a: Mawile|80/100
|-enditem|p2a: Mawile|Life Orb|[from] move: Knock Off|[of] p1a: Mawile
|-damage|p1a: Mawile|7/100|[from] item: Life Orb
|
|upkeep
|turn|18
|
|switch|p1a: Wartortle|Wartortle, M|83/100
|move|p2a: Mawile|Iron Head|p1a: Wartortle
|-resisted|p1a: Wartortle
|-damage|p1a: Wartortle|70/100
|
|upkeep
|turn|19
|
|switch|p2a: Glaceon|Glaceon, F|88/100 tox
|move|p1a: Wartortle|Scald|p2a: Glaceon
|-damage|p2a: Glaceon|74/100 tox
|
|-heal|p2a: Glaceon|80/100 tox|[from] item: Leftovers
|-damage|p2a: Glaceon|74/100 tox|[from] psn
|upkeep
|turn|20
|
|switch|p1a: Type: Null|Type: Null|100/100
|move|p2a: Glaceon|Freeze-Dry|p1a: Type: Null
|-damage|p1a: Type: Null|87/100
|
|-heal|p2a: Glaceon|80/100 tox|[from] item: Leftovers
|-damage|p2a: Glaceon|68/100 tox|[from] psn
|upkeep
|turn|21
|
|move|p2a: Glaceon|Wish|p2a: Glaceon
|move|p1a: Type: Null|U-turn|p2a: Glaceon
|-damage|p2a: Glaceon|53/100 tox
|
|switch|p1a: Throh|Throh, M|100/100|[from]move: U-turn
|
|-heal|p2a: Glaceon|59/100 tox|[from] item: Leftovers
|-damage|p2a: Glaceon|41/100 tox|[from] psn
|upkeep
|turn|22
|
|switch|p2a: Whiscash|Whiscash, F|63/100
|move|p1a: Throh|Circle Throw|p2a: Whiscash
|-damage|p2a: Whiscash|48/100
|drag|p2a: Glaceon|Glaceon, F|41/100 tox
|
|-heal|p2a: Glaceon|91/100 tox|[from] move: Wish|[wisher] Glaceon
|-heal|p2a: Glaceon|97/100 tox|[from] item: Leftovers
|-damage|p2a: Glaceon|91/100 tox|[from] psn
|upkeep
|turn|23
|
|switch|p2a: Whiscash|Whiscash, F|48/100
|move|p1a: Throh|Knock Off|p2a: Whiscash
|-damage|p2a: Whiscash|33/100
|-enditem|p2a: Whiscash|Leftovers|[from] move: Knock Off|[of] p1a: Throh
|
|upkeep
|turn|24
|
|switch|p1a: Mawile|Mawile, F|7/100
|move|p2a: Whiscash|Toxic|p1a: Mawile
|-immune|p1a: Mawile
|
|upkeep
|turn|25
|
|switch|p1a: Throh|Throh, M|100/100
|move|p2a: Whiscash|Scald|p1a: Throh
|-damage|p1a: Throh|86/100
|
|-heal|p1a: Throh|92/100|[from] item: Leftovers
|upkeep
|turn|26
|
|move|p2a: Whiscash|Scald|p1a: Throh
|-damage|p1a: Throh|79/100
|move|p1a: Throh|Circle Throw|p2a: Whiscash
|-damage|p2a: Whiscash|17/100
|drag|p2a: Raichu|Raichu, M, shiny|100/100
|
|-heal|p1a: Throh|85/100|[from] item: Leftovers
|upkeep
|turn|27
|
|move|p2a: Raichu|Volt Switch|p1a: Throh
|-damage|p1a: Throh|63/100
|-damage|p2a: Raichu|91/100|[from] item: Life Orb
|
|switch|p2a: Whiscash|Whiscash, F|17/100|[from]move: Volt Switch
|move|p1a: Throh|Circle Throw|p2a: Whiscash
|-damage|p2a: Whiscash|2/100
|drag|p2a: Raichu|Raichu, M, shiny|91/100
|
|-heal|p1a: Throh|69/100|[from] item: Leftovers
|upkeep
|turn|28
|
|move|p2a: Raichu|Volt Switch|p1a: Throh
|-damage|p1a: Throh|45/100
|-damage|p2a: Raichu|81/100|[from] item: Life Orb
|
|switch|p2a: Whiscash|Whiscash, F|2/100|[from]move: Volt Switch
|move|p1a: Throh|Rest|p1a: Throh
|-status|p1a: Throh|slp|[from] move: Rest
|-heal|p1a: Throh|100/100 slp|[silent]
|
|upkeep
|turn|29
|
|switch|p2a: Mawile|Mawile, F|80/100
|cant|p1a: Throh|slp
|move|p1a: Throh|Sleep Talk|p1a: Throh
|move|p1a: Throh|Rest|p1a: Throh|[from]Sleep Talk
|-fail|p1a: Throh|heal
|
|upkeep
|turn|30
|
|switch|p1a: Silvally|Silvally-Poison|65/100
|move|p2a: Mawile|Swords Dance|p2a: Mawile
|-boost|p2a: Mawile|atk|2
|
|upkeep
|turn|31
|
|switch|p2a: Whiscash|Whiscash, F|2/100
|move|p1a: Silvally|Flamethrower|p2a: Whiscash
|-resisted|p2a: Whiscash
|-damage|p2a: Whiscash|0 fnt
|faint|p2a: Whiscash
|
|upkeep
|
|switch|p2a: Raichu|Raichu, M, shiny|81/100
|turn|32
|
|switch|p1a: Vibrava|Vibrava, M|100/100
|move|p2a: Raichu|Nasty Plot|p2a: Raichu
|-boost|p2a: Raichu|spa|2
|
|upkeep
|turn|33
|
|move|p2a: Raichu|Surf|p1a: Vibrava
|-damage|p1a: Vibrava|44/100
|-damage|p2a: Raichu|71/100|[from] item: Life Orb
|move|p1a: Vibrava|Earth Power|p2a: Raichu
|-supereffective|p2a: Raichu
|-damage|p2a: Raichu|18/100
|
|upkeep
|turn|34
|
|move|p2a: Raichu|Thunderbolt|p1a: Vibrava
|-immune|p1a: Vibrava
|move|p1a: Vibrava|Earth Power|p2a: Raichu
|-supereffective|p2a: Raichu
|-damage|p2a: Raichu|0 fnt
|faint|p2a: Raichu
|
|upkeep
|
|switch|p2a: Mawile|Mawile, F|80/100
|turn|35
|
|move|p2a: Mawile|Iron Head|p1a: Vibrava
|-damage|p1a: Vibrava|0 fnt
|faint|p1a: Vibrava
|
|upkeep
|
|switch|p1a: Silvally|Silvally-Poison|65/100
|turn|36
|
|move|p1a: Silvally|Flamethrower|p2a: Mawile
|-supereffective|p2a: Mawile
|-damage|p2a: Mawile|0 fnt
|faint|p2a: Mawile
|
|upkeep
|-message|Karrakarra forfeited.
|
|win|pattek
|l|☆Karrakarra
|raw|pattek's rating: 1397 &rarr; <strong>1426</strong><br />(+29 for winning)
|raw|Karrakarra's rating: 1562 &rarr; <strong>1533</strong><br />(-29 for losing)
