|j|☆ayo bb
|j|☆wild drud
|t:|1621525915
|gametype|singles
|player|p1|ayo bb|169|1641
|player|p2|wild drud|265|1644
|teamsize|p1|6
|teamsize|p2|6
|gen|8
|tier|[Gen 8] PU
|rated|
|rule|Sleep Clause Mod: Limit one foe put to sleep
|rule|Species Clause: Limit one of each Pokémon
|rule|OHKO Clause: OHKO moves are banned
|rule|Evasion Moves Clause: Evasion moves are banned
|rule|Endless Battle Clause: Forcing endless battles is banned
|rule|HP Percentage Mod: HP is shown in percentages
|rule|Dynamax Clause: You cannot dynamax
|clearpoke
|poke|p1|Morpeko, F|
|poke|p1|Scyther, M|
|poke|p1|Garbodor, F|
|poke|p1|Wishiwashi, M|
|poke|p1|Turtonator, F|
|poke|p1|Stunfisk-Galar, M|
|poke|p2|Basculin, M|
|poke|p2|Sandslash-Alola, F|
|poke|p2|Passimian, M|
|poke|p2|Guzzlord|
|poke|p2|Palossand, M|
|poke|p2|Charizard, M|
|teampreview
|
|t:|1621525930
|start
|switch|p1a: Scyther|Scyther, M|100/100
|switch|p2a: I COME IN ROOM|Guzzlord|100/100
|turn|1
|
|t:|1621525956
|switch|p2a: GLAD YALL GONE DIE|Palossand, M, shiny|100/100
|move|p1a: Scyther|U-turn|p2a: GLAD YALL GONE DIE
|-resisted|p2a: GLAD YALL GONE DIE
|-damage|p2a: GLAD YALL GONE DIE|91/100
|
|t:|1621525959
|switch|p1a: Wishiwashi|Wishiwashi, M|100/100|[from]move: U-turn
|-formechange|p1a: Wishiwashi|Wishiwashi-School||[from] ability: Schooling
|
|upkeep
|turn|2
|
|t:|1621525963
|switch|p2a: I COME IN ROOM|Guzzlord|100/100
|move|p1a: Wishiwashi|Scald|p2a: I COME IN ROOM
|-resisted|p2a: I COME IN ROOM
|-crit|p2a: I COME IN ROOM
|-damage|p2a: I COME IN ROOM|86/100
|
|upkeep
|turn|3
|
|t:|1621525965
|move|p2a: I COME IN ROOM|Knock Off|p1a: Wishiwashi
|-damage|p1a: Wishiwashi|72/100
|-enditem|p1a: Wishiwashi|Leftovers|[from] move: Knock Off|[of] p2a: I COME IN ROOM
|move|p1a: Wishiwashi|U-turn|p2a: I COME IN ROOM
|-supereffective|p2a: I COME IN ROOM
|-damage|p2a: I COME IN ROOM|47/100
|
|t:|1621525967
|switch|p1a: Scyther|Scyther, M|100/100|[from]move: U-turn
|
|upkeep
|turn|4
|
|t:|1621525976
|switch|p2a: WIN WIN WIN WIN|Sandslash-Alola, F|100/100
|move|p1a: Scyther|Knock Off|p2a: WIN WIN WIN WIN
|-damage|p2a: WIN WIN WIN WIN|72/100
|-enditem|p2a: WIN WIN WIN WIN|Choice Band|[from] move: Knock Off|[of] p1a: Scyther
|
|upkeep
|turn|5
|
|t:|1621525981
|move|p1a: Scyther|U-turn|p2a: WIN WIN WIN WIN
|-resisted|p2a: WIN WIN WIN WIN
|-damage|p2a: WIN WIN WIN WIN|57/100
|
|t:|1621525983
|switch|p1a: Wishiwashi|Wishiwashi, M|72/100|[from]move: U-turn
|-formechange|p1a: Wishiwashi|Wishiwashi-School||[from] ability: Schooling
|move|p2a: WIN WIN WIN WIN|Earthquake|p1a: Wishiwashi
|-damage|p1a: Wishiwashi|45/100
|
|upkeep
|turn|6
|
|t:|1621525999
|switch|p2a: 4R THE SQUAW|Basculin, M|100/100
|move|p1a: Wishiwashi|Rest|p1a: Wishiwashi
|-status|p1a: Wishiwashi|slp|[from] move: Rest
|-heal|p1a: Wishiwashi|100/100 slp|[silent]
|
|upkeep
|turn|7
|
|t:|1621526000
|move|p2a: 4R THE SQUAW|Surf|p1a: Wishiwashi
|-resisted|p1a: Wishiwashi
|-damage|p1a: Wishiwashi|75/100 slp
|cant|p1a: Wishiwashi|slp
|move|p1a: Wishiwashi|Sleep Talk|p1a: Wishiwashi
|move|p1a: Wishiwashi|U-turn|p2a: 4R THE SQUAW|[from]move: Sleep Talk
|-damage|p2a: 4R THE SQUAW|63/100
|
|t:|1621526006
|switch|p1a: Scyther|Scyther, M|100/100|[from]move: U-turn
|
|upkeep
|turn|8
|
|t:|1621526011
|switch|p2a: GLAD YALL GONE DIE|Palossand, M, shiny|91/100
|move|p1a: Scyther|Dual Wingbeat|p2a: GLAD YALL GONE DIE
|-damage|p2a: GLAD YALL GONE DIE|75/100
|-damage|p2a: GLAD YALL GONE DIE|58/100
|-hitcount|p2a: GLAD YALL GONE DIE|2
|
|upkeep
|turn|9
|
|t:|1621526016
|move|p1a: Scyther|U-turn|p2a: GLAD YALL GONE DIE
|-resisted|p2a: GLAD YALL GONE DIE
|-damage|p2a: GLAD YALL GONE DIE|49/100
|
|t:|1621526017
|switch|p1a: Wishiwashi|Wishiwashi, M|75/100 slp|[from]move: U-turn
|-formechange|p1a: Wishiwashi|Wishiwashi-School||[from] ability: Schooling
|move|p2a: GLAD YALL GONE DIE|Stealth Rock|p1a: Wishiwashi
|-sidestart|p1: ayo bb|move: Stealth Rock
|
|upkeep
|turn|10
|
|t:|1621526020
|move|p2a: GLAD YALL GONE DIE|Shore Up|p2a: GLAD YALL GONE DIE
|-heal|p2a: GLAD YALL GONE DIE|99/100
|cant|p1a: Wishiwashi|slp
|move|p1a: Wishiwashi|Sleep Talk|p1a: Wishiwashi
|move|p1a: Wishiwashi|U-turn|p2a: GLAD YALL GONE DIE|[from]move: Sleep Talk
|-resisted|p2a: GLAD YALL GONE DIE
|-damage|p2a: GLAD YALL GONE DIE|92/100
|
|t:|1621526033
|switch|p1a: Scyther|Scyther, M|100/100|[from]move: U-turn
|
|upkeep
|turn|11
|
|t:|1621526048
|move|p1a: Scyther|U-turn|p2a: GLAD YALL GONE DIE
|-resisted|p2a: GLAD YALL GONE DIE
|-damage|p2a: GLAD YALL GONE DIE|82/100
|
|t:|1621526056
|switch|p1a: Wishiwashi|Wishiwashi, M|75/100 slp|[from]move: U-turn
|-damage|p1a: Wishiwashi|63/100 slp|[from] Stealth Rock
|-formechange|p1a: Wishiwashi|Wishiwashi-School||[from] ability: Schooling
|move|p2a: GLAD YALL GONE DIE|Shadow Ball|p1a: Wishiwashi
|-crit|p1a: Wishiwashi
|-damage|p1a: Wishiwashi|30/100 slp
|
|upkeep
|turn|12
|
|t:|1621526069
|switch|p2a: PIMPING & POSING|Charizard, M, shiny|100/100
|-curestatus|p1a: Wishiwashi|slp|[msg]
|move|p1a: Wishiwashi|Rest|p1a: Wishiwashi
|-status|p1a: Wishiwashi|slp|[from] move: Rest
|-heal|p1a: Wishiwashi|100/100 slp|[silent]
|
|upkeep
|turn|13
|
|t:|1621526087
|move|p2a: PIMPING & POSING|Hurricane|p1a: Wishiwashi
|-damage|p1a: Wishiwashi|66/100 slp
|-start|p1a: Wishiwashi|confusion
|cant|p1a: Wishiwashi|slp
|-activate|p1a: Wishiwashi|confusion
|move|p1a: Wishiwashi|Sleep Talk|p1a: Wishiwashi
|move|p1a: Wishiwashi|U-turn|p2a: PIMPING & POSING|[from]move: Sleep Talk
|-resisted|p2a: PIMPING & POSING
|-damage|p2a: PIMPING & POSING|93/100
|
|t:|1621526096
|switch|p1a: Turtonator|Turtonator, F|100/100|[from]move: U-turn
|
|upkeep
|turn|14
|
|t:|1621526137
|move|p2a: PIMPING & POSING|Hurricane|p1a: Turtonator
|-damage|p1a: Turtonator|22/100
|-start|p1a: Turtonator|confusion
|-activate|p1a: Turtonator|confusion
|move|p1a: Turtonator|Shell Smash|p1a: Turtonator
|-unboost|p1a: Turtonator|def|1
|-unboost|p1a: Turtonator|spd|1
|-boost|p1a: Turtonator|atk|2
|-boost|p1a: Turtonator|spa|2
|-boost|p1a: Turtonator|spe|2
|
|upkeep
|turn|15
|j| XVIII - THE MOON
|j| Noobieh
|l| Noobieh
|
|t:|1621526217
|switch|p2a: ON SOME FUNNY SHIT|Passimian, M|100/100
|-end|p1a: Turtonator|confusion
|move|p1a: Turtonator|Draco Meteor|p2a: ON SOME FUNNY SHIT
|-damage|p2a: ON SOME FUNNY SHIT|0 fnt
|-unboost|p1a: Turtonator|spa|2
|faint|p2a: ON SOME FUNNY SHIT
|
|upkeep
|
|t:|1621526226
|switch|p2a: 4R THE SQUAW|Basculin, M|63/100
|turn|16
|
|t:|1621526235
|move|p2a: 4R THE SQUAW|Aqua Jet|p1a: Turtonator
|-damage|p1a: Turtonator|0 fnt
|faint|p1a: Turtonator
|
|upkeep
|
|t:|1621526255
|switch|p1a: Scyther|Scyther, M|100/100
|turn|17
|
|t:|1621526280
|switch|p2a: GLAD YALL GONE DIE|Palossand, M, shiny|82/100
|move|p1a: Scyther|Dual Wingbeat|p2a: GLAD YALL GONE DIE
|-damage|p2a: GLAD YALL GONE DIE|64/100
|-damage|p2a: GLAD YALL GONE DIE|45/100
|-hitcount|p2a: GLAD YALL GONE DIE|2
|
|upkeep
|turn|18
|
|t:|1621526286
|move|p1a: Scyther|U-turn|p2a: GLAD YALL GONE DIE
|-resisted|p2a: GLAD YALL GONE DIE
|-damage|p2a: GLAD YALL GONE DIE|35/100
|
|t:|1621526288
|switch|p1a: Wishiwashi|Wishiwashi, M|66/100 slp|[from]move: U-turn
|-damage|p1a: Wishiwashi|54/100 slp|[from] Stealth Rock
|-formechange|p1a: Wishiwashi|Wishiwashi-School||[from] ability: Schooling
|move|p2a: GLAD YALL GONE DIE|Shore Up|p2a: GLAD YALL GONE DIE
|-heal|p2a: GLAD YALL GONE DIE|85/100
|
|upkeep
|turn|19
|
|t:|1621526306
|switch|p2a: PIMPING & POSING|Charizard, M, shiny|93/100
|cant|p1a: Wishiwashi|slp
|move|p1a: Wishiwashi|Sleep Talk|p1a: Wishiwashi
|move|p1a: Wishiwashi|Scald|p2a: PIMPING & POSING|[from]move: Sleep Talk
|-supereffective|p2a: PIMPING & POSING
|-crit|p2a: PIMPING & POSING
|-damage|p2a: PIMPING & POSING|0 fnt
|faint|p2a: PIMPING & POSING
|
|upkeep
|
|t:|1621526350
|switch|p2a: WIN WIN WIN WIN|Sandslash-Alola, F|57/100
|turn|20
|
|t:|1621526357
|move|p2a: WIN WIN WIN WIN|Earthquake|p1a: Wishiwashi
|-damage|p1a: Wishiwashi|31/100 slp
|-curestatus|p1a: Wishiwashi|slp|[msg]
|move|p1a: Wishiwashi|Rest|p1a: Wishiwashi
|-status|p1a: Wishiwashi|slp|[from] move: Rest
|-heal|p1a: Wishiwashi|100/100 slp|[silent]
|
|upkeep
|turn|21
|
|t:|1621526360
|move|p2a: WIN WIN WIN WIN|Earthquake|p1a: Wishiwashi
|-damage|p1a: Wishiwashi|77/100 slp
|cant|p1a: Wishiwashi|slp
|move|p1a: Wishiwashi|Sleep Talk|p1a: Wishiwashi
|move|p1a: Wishiwashi|Scald|p2a: WIN WIN WIN WIN|[from]move: Sleep Talk
|-damage|p2a: WIN WIN WIN WIN|2/100
|-status|p2a: WIN WIN WIN WIN|brn
|
|-damage|p2a: WIN WIN WIN WIN|0 fnt|[from] brn
|faint|p2a: WIN WIN WIN WIN
|upkeep
|
|t:|1621526373
|switch|p2a: 4R THE SQUAW|Basculin, M|63/100
|turn|22
|
|t:|1621526375
|move|p2a: 4R THE SQUAW|Surf|p1a: Wishiwashi
|-resisted|p1a: Wishiwashi
|-crit|p1a: Wishiwashi
|-damage|p1a: Wishiwashi|42/100 slp
|cant|p1a: Wishiwashi|slp
|move|p1a: Wishiwashi|Sleep Talk|p1a: Wishiwashi
|move|p1a: Wishiwashi|Rest||[from]move: Sleep Talk|[still]
|-fail|p1a: Wishiwashi
|
|upkeep
|turn|23
|
|t:|1621526379
|move|p2a: 4R THE SQUAW|Surf|p1a: Wishiwashi
|-resisted|p1a: Wishiwashi
|-damage|p1a: Wishiwashi|15/100 slp
|-curestatus|p1a: Wishiwashi|slp|[msg]
|move|p1a: Wishiwashi|Rest|p1a: Wishiwashi
|-status|p1a: Wishiwashi|slp|[from] move: Rest
|-heal|p1a: Wishiwashi|100/100 slp|[silent]
|
|upkeep
|turn|24
|
|t:|1621526381
|move|p2a: 4R THE SQUAW|Surf|p1a: Wishiwashi
|-resisted|p1a: Wishiwashi
|-damage|p1a: Wishiwashi|75/100 slp
|cant|p1a: Wishiwashi|slp
|move|p1a: Wishiwashi|Sleep Talk|p1a: Wishiwashi
|move|p1a: Wishiwashi|Rest||[from]move: Sleep Talk|[still]
|-fail|p1a: Wishiwashi
|
|upkeep
|turn|25
|
|t:|1621526383
|move|p2a: 4R THE SQUAW|Surf|p1a: Wishiwashi
|-resisted|p1a: Wishiwashi
|-crit|p1a: Wishiwashi
|-damage|p1a: Wishiwashi|35/100 slp
|cant|p1a: Wishiwashi|slp
|move|p1a: Wishiwashi|Sleep Talk|p1a: Wishiwashi
|move|p1a: Wishiwashi|Scald|p2a: 4R THE SQUAW|[from]move: Sleep Talk
|-resisted|p2a: 4R THE SQUAW
|-damage|p2a: 4R THE SQUAW|25/100
|-status|p2a: 4R THE SQUAW|brn
|
|-damage|p2a: 4R THE SQUAW|19/100 brn|[from] brn
|upkeep
|turn|26
|
|t:|1621526385
|move|p2a: 4R THE SQUAW|Surf|p1a: Wishiwashi
|-resisted|p1a: Wishiwashi
|-damage|p1a: Wishiwashi|9/100 slp
|-curestatus|p1a: Wishiwashi|slp|[msg]
|move|p1a: Wishiwashi|Rest|p1a: Wishiwashi
|-status|p1a: Wishiwashi|slp|[from] move: Rest
|-heal|p1a: Wishiwashi|100/100 slp|[silent]
|
|-damage|p2a: 4R THE SQUAW|13/100 brn|[from] brn
|upkeep
|turn|27
|
|t:|1621526388
|move|p2a: 4R THE SQUAW|Surf|p1a: Wishiwashi
|-resisted|p1a: Wishiwashi
|-damage|p1a: Wishiwashi|77/100 slp
|cant|p1a: Wishiwashi|slp
|move|p1a: Wishiwashi|Sleep Talk|p1a: Wishiwashi
|move|p1a: Wishiwashi|U-turn|p2a: 4R THE SQUAW|[from]move: Sleep Talk
|-damage|p2a: 4R THE SQUAW|0 fnt
|faint|p2a: 4R THE SQUAW
|
|t:|1621526393
|switch|p1a: Scyther|Scyther, M|100/100|[from]move: U-turn
|
|upkeep
|
|t:|1621526395
|switch|p2a: GLAD YALL GONE DIE|Palossand, M, shiny|85/100
|turn|28
|
|t:|1621526398
|move|p1a: Scyther|Dual Wingbeat|p2a: GLAD YALL GONE DIE
|-damage|p2a: GLAD YALL GONE DIE|67/100
|-damage|p2a: GLAD YALL GONE DIE|50/100
|-hitcount|p2a: GLAD YALL GONE DIE|2
|move|p2a: GLAD YALL GONE DIE|Toxic|p1a: Scyther
|-status|p1a: Scyther|tox
|
|-damage|p1a: Scyther|94/100 tox|[from] psn
|upkeep
|turn|29
|
|t:|1621526401
|move|p1a: Scyther|U-turn|p2a: GLAD YALL GONE DIE
|-resisted|p2a: GLAD YALL GONE DIE
|-damage|p2a: GLAD YALL GONE DIE|40/100
|
|t:|1621526409
|switch|p1a: Wishiwashi|Wishiwashi, M|77/100 slp|[from]move: U-turn
|-damage|p1a: Wishiwashi|64/100 slp|[from] Stealth Rock
|-formechange|p1a: Wishiwashi|Wishiwashi-School||[from] ability: Schooling
|move|p2a: GLAD YALL GONE DIE|Shore Up|p2a: GLAD YALL GONE DIE
|-heal|p2a: GLAD YALL GONE DIE|90/100
|
|upkeep
|turn|30
|
|t:|1621526411
|switch|p2a: I COME IN ROOM|Guzzlord|47/100
|cant|p1a: Wishiwashi|slp
|move|p1a: Wishiwashi|Sleep Talk|p1a: Wishiwashi
|move|p1a: Wishiwashi|Rest||[from]move: Sleep Talk|[still]
|-fail|p1a: Wishiwashi
|
|upkeep
|turn|31
|
|t:|1621526416
|move|p2a: I COME IN ROOM|Rest|p2a: I COME IN ROOM
|-status|p2a: I COME IN ROOM|slp|[from] move: Rest
|-heal|p2a: I COME IN ROOM|100/100 slp|[silent]
|-curestatus|p1a: Wishiwashi|slp|[msg]
|move|p1a: Wishiwashi|U-turn|p2a: I COME IN ROOM
|-supereffective|p2a: I COME IN ROOM
|-damage|p2a: I COME IN ROOM|65/100 slp
|
|t:|1621526419
|switch|p1a: Scyther|Scyther, M|94/100 tox|[from]move: U-turn
|
|-damage|p1a: Scyther|88/100 tox|[from] psn
|upkeep
|turn|32
|
|t:|1621526422
|switch|p2a: GLAD YALL GONE DIE|Palossand, M, shiny|90/100
|move|p1a: Scyther|U-turn|p2a: GLAD YALL GONE DIE
|-resisted|p2a: GLAD YALL GONE DIE
|-damage|p2a: GLAD YALL GONE DIE|81/100
|
|t:|1621526425
|switch|p1a: Wishiwashi|Wishiwashi, M|64/100|[from]move: U-turn
|-damage|p1a: Wishiwashi|52/100|[from] Stealth Rock
|-formechange|p1a: Wishiwashi|Wishiwashi-School||[from] ability: Schooling
|
|upkeep
|turn|33
|
|t:|1621526430
|switch|p2a: I COME IN ROOM|Guzzlord|65/100 slp
|move|p1a: Wishiwashi|Scald|p2a: I COME IN ROOM
|-resisted|p2a: I COME IN ROOM
|-damage|p2a: I COME IN ROOM|57/100 slp
|
|upkeep
|turn|34
|
|t:|1621526432
|cant|p2a: I COME IN ROOM|slp
|move|p2a: I COME IN ROOM|Sleep Talk|p2a: I COME IN ROOM
|move|p2a: I COME IN ROOM|Knock Off|p1a: Wishiwashi|[from]move: Sleep Talk
|-damage|p1a: Wishiwashi|32/100
|move|p1a: Wishiwashi|U-turn|p2a: I COME IN ROOM
|-supereffective|p2a: I COME IN ROOM
|-damage|p2a: I COME IN ROOM|20/100 slp
|
|t:|1621526443
|switch|p1a: Scyther|Scyther, M|88/100 tox|[from]move: U-turn
|
|-damage|p1a: Scyther|82/100 tox|[from] psn
|upkeep
|turn|35
|
|t:|1621526451
|switch|p2a: GLAD YALL GONE DIE|Palossand, M, shiny|81/100
|move|p1a: Scyther|Dual Wingbeat|p2a: GLAD YALL GONE DIE
|-damage|p2a: GLAD YALL GONE DIE|63/100
|-damage|p2a: GLAD YALL GONE DIE|48/100
|-hitcount|p2a: GLAD YALL GONE DIE|2
|
|-damage|p1a: Scyther|70/100 tox|[from] psn
|upkeep
|turn|36
|
|t:|1621526455
|move|p1a: Scyther|U-turn|p2a: GLAD YALL GONE DIE
|-resisted|p2a: GLAD YALL GONE DIE
|-damage|p2a: GLAD YALL GONE DIE|37/100
|
|t:|1621526467
|switch|p1a: Garbodor|Garbodor, F|100/100|[from]move: U-turn
|-damage|p1a: Garbodor|88/100|[from] Stealth Rock
|move|p2a: GLAD YALL GONE DIE|Shore Up|p2a: GLAD YALL GONE DIE
|-heal|p2a: GLAD YALL GONE DIE|87/100
|
|upkeep
|turn|37
|
|t:|1621526471
|move|p1a: Garbodor|Spikes|p2a: GLAD YALL GONE DIE
|-sidestart|p2: wild drud|Spikes
|move|p2a: GLAD YALL GONE DIE|Shadow Ball|p1a: Garbodor
|-damage|p1a: Garbodor|58/100
|
|upkeep
|turn|38
|
|t:|1621526473
|move|p1a: Garbodor|Spikes|p2a: GLAD YALL GONE DIE
|-sidestart|p2: wild drud|Spikes
|move|p2a: GLAD YALL GONE DIE|Shadow Ball|p1a: Garbodor
|-damage|p1a: Garbodor|29/100
|
|upkeep
|turn|39
|
|t:|1621526476
|move|p1a: Garbodor|Pain Split|p2a: GLAD YALL GONE DIE
|-sethp|p2a: GLAD YALL GONE DIE|58/100|[from] move: Pain Split|[silent]
|-sethp|p1a: Garbodor|59/100|[from] move: Pain Split
|move|p2a: GLAD YALL GONE DIE|Shadow Ball|p1a: Garbodor
|-damage|p1a: Garbodor|28/100
|
|upkeep
|turn|40
|
|t:|1621526480
|move|p1a: Garbodor|Spikes|p2a: GLAD YALL GONE DIE
|-sidestart|p2: wild drud|Spikes
|move|p2a: GLAD YALL GONE DIE|Shadow Ball|p1a: Garbodor
|-damage|p1a: Garbodor|0 fnt
|faint|p1a: Garbodor
|
|upkeep
|
|t:|1621526484
|switch|p1a: Stunfisk|Stunfisk-Galar, M|100/100
|-damage|p1a: Stunfisk|97/100|[from] Stealth Rock
|turn|41
|
|t:|1621526493
|move|p2a: GLAD YALL GONE DIE|Shore Up|p2a: GLAD YALL GONE DIE
|-heal|p2a: GLAD YALL GONE DIE|100/100
|move|p1a: Stunfisk|Yawn|p2a: GLAD YALL GONE DIE
|-start|p2a: GLAD YALL GONE DIE|move: Yawn|[of] p1a: Stunfisk
|
|-heal|p1a: Stunfisk|100/100|[from] item: Leftovers
|upkeep
|turn|42
|
|t:|1621526497
|switch|p2a: I COME IN ROOM|Guzzlord|20/100 slp
|move|p1a: Stunfisk|Snap Trap|p2a: I COME IN ROOM
|-resisted|p2a: I COME IN ROOM
|-damage|p2a: I COME IN ROOM|17/100 slp
|-activate|p2a: I COME IN ROOM|move: Snap Trap|[of] p1a: Stunfisk
|
|-damage|p2a: I COME IN ROOM|5/100 slp|[from] move: Snap Trap|[partiallytrapped]
|upkeep
|turn|43
|
|t:|1621526500
|cant|p2a: I COME IN ROOM|slp
|move|p2a: I COME IN ROOM|Sleep Talk|p2a: I COME IN ROOM
|move|p2a: I COME IN ROOM|Rest||[from]move: Sleep Talk|[still]
|-fail|p2a: I COME IN ROOM
|move|p1a: Stunfisk|Earthquake|p2a: I COME IN ROOM
|-damage|p2a: I COME IN ROOM|0 fnt
|faint|p2a: I COME IN ROOM
|
|upkeep
|
|t:|1621526501
|switch|p2a: GLAD YALL GONE DIE|Palossand, M, shiny|100/100
|-damage|p2a: GLAD YALL GONE DIE|76/100|[from] Spikes
|turn|44
|
|t:|1621526506
|move|p2a: GLAD YALL GONE DIE|Shadow Ball|p1a: Stunfisk
|-crit|p1a: Stunfisk
|-damage|p1a: Stunfisk|73/100
|-unboost|p1a: Stunfisk|spd|1
|move|p1a: Stunfisk|Yawn|p2a: GLAD YALL GONE DIE
|-start|p2a: GLAD YALL GONE DIE|move: Yawn|[of] p1a: Stunfisk
|
|-heal|p1a: Stunfisk|79/100|[from] item: Leftovers
|upkeep
|turn|45
|
|t:|1621526510
|switch|p1a: Morpeko|Morpeko, F|100/100
|move|p2a: GLAD YALL GONE DIE|Shadow Ball|p1a: Morpeko
|-resisted|p1a: Morpeko
|-damage|p1a: Morpeko|67/100
|-unboost|p1a: Morpeko|spd|1
|
|-end|p2a: GLAD YALL GONE DIE|move: Yawn|[silent]
|-status|p2a: GLAD YALL GONE DIE|slp
|-formechange|p1a: Morpeko|Morpeko-Hangry||[from] ability: Hunger Switch
|upkeep
|turn|46
|
|t:|1621526513
|move|p1a: Morpeko|Aura Wheel|p2a: GLAD YALL GONE DIE
|-supereffective|p2a: GLAD YALL GONE DIE
|-enditem|p2a: GLAD YALL GONE DIE|Colbur Berry|[eat]
|-enditem|p2a: GLAD YALL GONE DIE|Colbur Berry|[weaken]
|-damage|p2a: GLAD YALL GONE DIE|48/100 slp
|-boost|p1a: Morpeko|spe|1
|cant|p2a: GLAD YALL GONE DIE|slp
|
|-formechange|p1a: Morpeko|Morpeko||[from] ability: Hunger Switch
|upkeep
|turn|47
|
|t:|1621526523
|move|p1a: Morpeko|Parting Shot|p2a: GLAD YALL GONE DIE
|-unboost|p2a: GLAD YALL GONE DIE|atk|1
|-unboost|p2a: GLAD YALL GONE DIE|spa|1
|
|t:|1621526524
|switch|p1a: Stunfisk|Stunfisk-Galar, M|79/100|[from]move: Parting Shot
|-damage|p1a: Stunfisk|76/100|[from] Stealth Rock
|cant|p2a: GLAD YALL GONE DIE|slp
|
|-heal|p1a: Stunfisk|82/100|[from] item: Leftovers
|upkeep
|turn|48
|
|t:|1621526526
|-curestatus|p2a: GLAD YALL GONE DIE|slp|[msg]
|move|p2a: GLAD YALL GONE DIE|Shore Up|p2a: GLAD YALL GONE DIE
|-heal|p2a: GLAD YALL GONE DIE|98/100
|move|p1a: Stunfisk|Snap Trap|p2a: GLAD YALL GONE DIE
|-supereffective|p2a: GLAD YALL GONE DIE
|-damage|p2a: GLAD YALL GONE DIE|88/100
|-activate|p2a: GLAD YALL GONE DIE|move: Snap Trap|[of] p1a: Stunfisk
|
|-heal|p1a: Stunfisk|88/100|[from] item: Leftovers
|-damage|p2a: GLAD YALL GONE DIE|76/100|[from] move: Snap Trap|[partiallytrapped]
|upkeep
|turn|49
|
|t:|1621526556
|move|p2a: GLAD YALL GONE DIE|Shadow Ball|p1a: Stunfisk
|-damage|p1a: Stunfisk|75/100
|move|p1a: Stunfisk|Yawn|p2a: GLAD YALL GONE DIE
|-start|p2a: GLAD YALL GONE DIE|move: Yawn|[of] p1a: Stunfisk
|
|-heal|p1a: Stunfisk|81/100|[from] item: Leftovers
|-damage|p2a: GLAD YALL GONE DIE|64/100|[from] move: Snap Trap|[partiallytrapped]
|upkeep
|turn|50
|
|t:|1621526563
|move|p2a: GLAD YALL GONE DIE|Shore Up|p2a: GLAD YALL GONE DIE
|-heal|p2a: GLAD YALL GONE DIE|100/100
|move|p1a: Stunfisk|Earthquake|p2a: GLAD YALL GONE DIE
|-damage|p2a: GLAD YALL GONE DIE|83/100
|
|-heal|p1a: Stunfisk|87/100|[from] item: Leftovers
|-damage|p2a: GLAD YALL GONE DIE|70/100|[from] move: Snap Trap|[partiallytrapped]
|-end|p2a: GLAD YALL GONE DIE|move: Yawn|[silent]
|-status|p2a: GLAD YALL GONE DIE|slp
|upkeep
|turn|51
|
|t:|1621526565
|switch|p1a: Wishiwashi|Wishiwashi, M|32/100
|-damage|p1a: Wishiwashi|20/100|[from] Stealth Rock
|cant|p2a: GLAD YALL GONE DIE|slp
|
|-end|p2a: GLAD YALL GONE DIE|Snap Trap|[partiallytrapped]|[silent]
|upkeep
|turn|52
|
|t:|1621526567
|move|p1a: Wishiwashi|Rest|p1a: Wishiwashi
|-status|p1a: Wishiwashi|slp|[from] move: Rest
|-heal|p1a: Wishiwashi|100/100 slp|[silent]
|-curestatus|p2a: GLAD YALL GONE DIE|slp|[msg]
|move|p2a: GLAD YALL GONE DIE|Shadow Ball|p1a: Wishiwashi
|-damage|p1a: Wishiwashi|60/100 slp
|-unboost|p1a: Wishiwashi|spd|1
|
|-formechange|p1a: Wishiwashi|Wishiwashi-School||[from] ability: Schooling
|upkeep
|turn|53
|
|t:|1621526570
|move|p2a: GLAD YALL GONE DIE|Shadow Ball|p1a: Wishiwashi
|-damage|p1a: Wishiwashi|40/100 slp
|cant|p1a: Wishiwashi|slp
|move|p1a: Wishiwashi|Sleep Talk|p1a: Wishiwashi
|move|p1a: Wishiwashi|Rest||[from]move: Sleep Talk|[still]
|-fail|p1a: Wishiwashi
|
|upkeep
|turn|54
|
|t:|1621526575
|switch|p1a: Stunfisk|Stunfisk-Galar, M|87/100
|-damage|p1a: Stunfisk|84/100|[from] Stealth Rock
|move|p2a: GLAD YALL GONE DIE|Shadow Ball|p1a: Stunfisk
|-damage|p1a: Stunfisk|72/100
|-unboost|p1a: Stunfisk|spd|1
|
|-heal|p1a: Stunfisk|78/100|[from] item: Leftovers
|upkeep
|turn|55
|
|t:|1621526578
|move|p2a: GLAD YALL GONE DIE|Shadow Ball|p1a: Stunfisk
|-damage|p1a: Stunfisk|61/100
|-unboost|p1a: Stunfisk|spd|1
|move|p1a: Stunfisk|Yawn|p2a: GLAD YALL GONE DIE
|-start|p2a: GLAD YALL GONE DIE|move: Yawn|[of] p1a: Stunfisk
|
|-heal|p1a: Stunfisk|67/100|[from] item: Leftovers
|upkeep
|turn|56
|
|t:|1621526582
|switch|p1a: Morpeko|Morpeko, F|67/100
|move|p2a: GLAD YALL GONE DIE|Shore Up|p2a: GLAD YALL GONE DIE
|-heal|p2a: GLAD YALL GONE DIE|100/100
|
|-end|p2a: GLAD YALL GONE DIE|move: Yawn|[silent]
|-status|p2a: GLAD YALL GONE DIE|slp
|-formechange|p1a: Morpeko|Morpeko-Hangry||[from] ability: Hunger Switch
|upkeep
|turn|57
|
|t:|1621526586
|move|p1a: Morpeko|Parting Shot|p2a: GLAD YALL GONE DIE
|-unboost|p2a: GLAD YALL GONE DIE|atk|1
|-unboost|p2a: GLAD YALL GONE DIE|spa|1
|
|t:|1621526587
|switch|p1a: Wishiwashi|Wishiwashi, M|40/100 slp|[from]move: Parting Shot
|-damage|p1a: Wishiwashi|27/100 slp|[from] Stealth Rock
|-formechange|p1a: Wishiwashi|Wishiwashi-School||[from] ability: Schooling
|cant|p2a: GLAD YALL GONE DIE|slp
|
|upkeep
|turn|58
|
|t:|1621526589
|cant|p2a: GLAD YALL GONE DIE|slp
|cant|p1a: Wishiwashi|slp
|move|p1a: Wishiwashi|Sleep Talk|p1a: Wishiwashi
|move|p1a: Wishiwashi|U-turn|p2a: GLAD YALL GONE DIE|[from]move: Sleep Talk
|-resisted|p2a: GLAD YALL GONE DIE
|-damage|p2a: GLAD YALL GONE DIE|94/100 slp
|
|t:|1621526593
|switch|p1a: Morpeko|Morpeko, F|67/100|[from]move: U-turn
|
|-formechange|p1a: Morpeko|Morpeko-Hangry||[from] ability: Hunger Switch
|upkeep
|turn|59
|
|t:|1621526595
|move|p1a: Morpeko|Aura Wheel|p2a: GLAD YALL GONE DIE
|-supereffective|p2a: GLAD YALL GONE DIE
|-damage|p2a: GLAD YALL GONE DIE|40/100 slp
|-boost|p1a: Morpeko|spe|1
|cant|p2a: GLAD YALL GONE DIE|slp
|
|-formechange|p1a: Morpeko|Morpeko||[from] ability: Hunger Switch
|upkeep
|turn|60
|
|t:|1621526602
|move|p1a: Morpeko|Parting Shot|p2a: GLAD YALL GONE DIE
|-unboost|p2a: GLAD YALL GONE DIE|atk|1
|-unboost|p2a: GLAD YALL GONE DIE|spa|1
|
|t:|1621526604
|switch|p1a: Stunfisk|Stunfisk-Galar, M|67/100|[from]move: Parting Shot
|-damage|p1a: Stunfisk|64/100|[from] Stealth Rock
|-curestatus|p2a: GLAD YALL GONE DIE|slp|[msg]
|move|p2a: GLAD YALL GONE DIE|Shore Up|p2a: GLAD YALL GONE DIE
|-heal|p2a: GLAD YALL GONE DIE|90/100
|
|-heal|p1a: Stunfisk|70/100|[from] item: Leftovers
|upkeep
|turn|61
|
|t:|1621526609
|move|p2a: GLAD YALL GONE DIE|Shadow Ball|p1a: Stunfisk
|-damage|p1a: Stunfisk|63/100
|move|p1a: Stunfisk|Yawn|p2a: GLAD YALL GONE DIE
|-start|p2a: GLAD YALL GONE DIE|move: Yawn|[of] p1a: Stunfisk
|
|-heal|p1a: Stunfisk|69/100|[from] item: Leftovers
|upkeep
|turn|62
|
|t:|1621526617
|move|p2a: GLAD YALL GONE DIE|Shadow Ball|p1a: Stunfisk
|-damage|p1a: Stunfisk|61/100
|move|p1a: Stunfisk|Snap Trap|p2a: GLAD YALL GONE DIE
|-supereffective|p2a: GLAD YALL GONE DIE
|-damage|p2a: GLAD YALL GONE DIE|81/100
|-activate|p2a: GLAD YALL GONE DIE|move: Snap Trap|[of] p1a: Stunfisk
|
|-heal|p1a: Stunfisk|68/100|[from] item: Leftovers
|-damage|p2a: GLAD YALL GONE DIE|69/100|[from] move: Snap Trap|[partiallytrapped]
|-end|p2a: GLAD YALL GONE DIE|move: Yawn|[silent]
|-status|p2a: GLAD YALL GONE DIE|slp
|upkeep
|turn|63
|
|t:|1621526621
|switch|p1a: Wishiwashi|Wishiwashi, M|27/100 slp
|-damage|p1a: Wishiwashi|15/100 slp|[from] Stealth Rock
|cant|p2a: GLAD YALL GONE DIE|slp
|
|-end|p2a: GLAD YALL GONE DIE|Snap Trap|[partiallytrapped]|[silent]
|upkeep
|turn|64
|
|t:|1621526623
|-curestatus|p1a: Wishiwashi|slp|[msg]
|move|p1a: Wishiwashi|Rest|p1a: Wishiwashi
|-status|p1a: Wishiwashi|slp|[from] move: Rest
|-heal|p1a: Wishiwashi|100/100 slp|[silent]
|-curestatus|p2a: GLAD YALL GONE DIE|slp|[msg]
|move|p2a: GLAD YALL GONE DIE|Shadow Ball|p1a: Wishiwashi
|-crit|p1a: Wishiwashi
|-damage|p1a: Wishiwashi|13/100 slp
|
|upkeep
|turn|65
|
|t:|1621526629
|cant|p1a: Wishiwashi|slp
|move|p1a: Wishiwashi|Sleep Talk|p1a: Wishiwashi
|move|p1a: Wishiwashi|Scald|p2a: GLAD YALL GONE DIE|[from]move: Sleep Talk
|-supereffective|p2a: GLAD YALL GONE DIE
|-damage|p2a: GLAD YALL GONE DIE|49/100
|-ability|p2a: GLAD YALL GONE DIE|Water Compaction|boost
|-boost|p2a: GLAD YALL GONE DIE|def|2
|move|p2a: GLAD YALL GONE DIE|Shadow Ball|p1a: Wishiwashi
|-damage|p1a: Wishiwashi|0 fnt
|faint|p1a: Wishiwashi
|
|upkeep
|
|t:|1621526634
|switch|p1a: Stunfisk|Stunfisk-Galar, M|68/100
|-damage|p1a: Stunfisk|64/100|[from] Stealth Rock
|turn|66
|
|t:|1621526653
|move|p2a: GLAD YALL GONE DIE|Shadow Ball|p1a: Stunfisk
|-damage|p1a: Stunfisk|57/100
|move|p1a: Stunfisk|Yawn|p2a: GLAD YALL GONE DIE
|-start|p2a: GLAD YALL GONE DIE|move: Yawn|[of] p1a: Stunfisk
|
|-heal|p1a: Stunfisk|64/100|[from] item: Leftovers
|upkeep
|turn|67
|
|t:|1621526658
|move|p2a: GLAD YALL GONE DIE|Shore Up|p2a: GLAD YALL GONE DIE
|-heal|p2a: GLAD YALL GONE DIE|99/100
|move|p1a: Stunfisk|Snap Trap|p2a: GLAD YALL GONE DIE
|-supereffective|p2a: GLAD YALL GONE DIE
|-damage|p2a: GLAD YALL GONE DIE|94/100
|-activate|p2a: GLAD YALL GONE DIE|move: Snap Trap|[of] p1a: Stunfisk
|
|-heal|p1a: Stunfisk|70/100|[from] item: Leftovers
|-damage|p2a: GLAD YALL GONE DIE|82/100|[from] move: Snap Trap|[partiallytrapped]
|-end|p2a: GLAD YALL GONE DIE|move: Yawn|[silent]
|-status|p2a: GLAD YALL GONE DIE|slp
|upkeep
|turn|68
|
|t:|1621526661
|cant|p2a: GLAD YALL GONE DIE|slp
|move|p1a: Stunfisk|Earthquake|p2a: GLAD YALL GONE DIE
|-damage|p2a: GLAD YALL GONE DIE|74/100 slp
|
|-heal|p1a: Stunfisk|76/100|[from] item: Leftovers
|-damage|p2a: GLAD YALL GONE DIE|61/100 slp|[from] move: Snap Trap|[partiallytrapped]
|upkeep
|turn|69
|
|t:|1621526663
|cant|p2a: GLAD YALL GONE DIE|slp
|move|p1a: Stunfisk|Earthquake|p2a: GLAD YALL GONE DIE
|-damage|p2a: GLAD YALL GONE DIE|52/100 slp
|
|-heal|p1a: Stunfisk|82/100|[from] item: Leftovers
|-damage|p2a: GLAD YALL GONE DIE|40/100 slp|[from] move: Snap Trap|[partiallytrapped]
|upkeep
|turn|70
|
|t:|1621526665
|-curestatus|p2a: GLAD YALL GONE DIE|slp|[msg]
|move|p2a: GLAD YALL GONE DIE|Shore Up|p2a: GLAD YALL GONE DIE
|-heal|p2a: GLAD YALL GONE DIE|90/100
|move|p1a: Stunfisk|Earthquake|p2a: GLAD YALL GONE DIE
|-damage|p2a: GLAD YALL GONE DIE|80/100
|
|-heal|p1a: Stunfisk|88/100|[from] item: Leftovers
|-damage|p2a: GLAD YALL GONE DIE|68/100|[from] move: Snap Trap|[partiallytrapped]
|upkeep
|turn|71
|
|t:|1621526672
|move|p2a: GLAD YALL GONE DIE|Shadow Ball|p1a: Stunfisk
|-damage|p1a: Stunfisk|81/100
|move|p1a: Stunfisk|Yawn|p2a: GLAD YALL GONE DIE
|-start|p2a: GLAD YALL GONE DIE|move: Yawn|[of] p1a: Stunfisk
|
|-heal|p1a: Stunfisk|87/100|[from] item: Leftovers
|-end|p2a: GLAD YALL GONE DIE|Snap Trap|[partiallytrapped]
|upkeep
|turn|72
|-message|wild drud forfeited.
|
|t:|1621526675
|move|p2a: GLAD YALL GONE DIE|Shadow Ball|p1a: Stunfisk
|-damage|p1a: Stunfisk|80/100
|move|p1a: Stunfisk|Earthquake|p2a: GLAD YALL GONE DIE
|-damage|p2a: GLAD YALL GONE DIE|59/100
|
|-heal|p1a: Stunfisk|86/100|[from] item: Leftovers
|-end|p2a: GLAD YALL GONE DIE|move: Yawn|[silent]
|-status|p2a: GLAD YALL GONE DIE|slp
|upkeep
|turn|73
|
|win|ayo bb
|raw|ayo bb's rating: 1641 &rarr; <strong>1661</strong><br />(+20 for winning)
|raw|wild drud's rating: 1644 &rarr; <strong>1624</strong><br />(-20 for losing)
|c|☆ayo bb|gg
