|j|☆allstarapology
|j|☆YoungBeeble
|player|p1|allstarapology|shelly-gen3|1544
|player|p2|YoungBeeble|lusamine-nihilego|1365
|teamsize|p1|6
|teamsize|p2|6
|gametype|singles
|gen|8
|tier|[Gen 8] PU
|rated|
|clearpoke
|poke|p1|Crustle, F|
|poke|p1|Mr. Rime, F|
|poke|p1|Falinks|
|poke|p1|Dusclops, M|
|poke|p1|Silvally-*|
|poke|p1|Manectric, M|
|poke|p2|Silvally-*|
|poke|p2|Lapras, M|
|poke|p2|Pawniard, M|
|poke|p2|Pupitar, F|
|poke|p2|Manectric, M|
|poke|p2|Shiinotic, M|
|rule|Sleep Clause Mod: Limit one foe put to sleep
|rule|Species Clause: Limit one of each Pokémon
|rule|OHKO Clause: OHKO moves are banned
|rule|Evasion Moves Clause: Evasion moves are banned
|rule|Endless Battle Clause: Forcing endless battles is banned
|rule|HP Percentage Mod: HP is shown in percentages
|rule|Dynamax Clause: You cannot dynamax
|teampreview
|inactive|Battle timer is ON: inactive players will automatically lose when time's up. (requested by allstarapology)
|c|☆YoungBeeble|falinks is gonna 6
|c|☆YoungBeeble|it's cool tho
|
|start
|switch|p1a: Crustle|Crustle, F|100/100
|switch|p2a: Manectric|Manectric, M|100/100
|turn|1
|
|switch|p1a: Manectric|Manectric, M|100/100
|move|p2a: Manectric|Volt Switch|p1a: Manectric
|-ability|p1a: Manectric|Lightning Rod|boost
|-boost|p1a: Manectric|spa|1
|
|upkeep
|turn|2
|
|switch|p2a: Pupitar|Pupitar, F|100/100
|move|p1a: Manectric|Flamethrower|p2a: Pupitar
|-resisted|p2a: Pupitar
|-damage|p2a: Pupitar|84/100
|
|upkeep
|turn|3
|
|switch|p1a: Crustle|Crustle, F|100/100
|move|p2a: Pupitar|Stealth Rock|p1a: Crustle
|-sidestart|p1: allstarapology|move: Stealth Rock
|
|upkeep
|turn|4
|
|move|p1a: Crustle|Stealth Rock|p2a: Pupitar
|-sidestart|p2: YoungBeeble|move: Stealth Rock
|move|p2a: Pupitar|Stone Edge|p1a: Crustle
|-supereffective|p1a: Crustle
|-damage|p1a: Crustle|15/100
|-ability|p1a: Crustle|Weak Armor|boost
|-unboost|p1a: Crustle|def|1
|-boost|p1a: Crustle|spe|2
|
|upkeep
|turn|5
|
|move|p1a: Crustle|Knock Off|p2a: Pupitar
|-damage|p2a: Pupitar|55/100
|-enditem|p2a: Pupitar|Eviolite|[from] move: Knock Off|[of] p1a: Crustle
|move|p2a: Pupitar|Earthquake|p1a: Crustle
|-damage|p1a: Crustle|0 fnt
|faint|p1a: Crustle
|
|upkeep
|
|switch|p1a: Mr. Rime|Mr. Rime, F|100/100
|turn|6
|
|switch|p2a: Lapras|Lapras, M|100/100
|move|p1a: Mr. Rime|Freeze-Dry|p2a: Lapras
|-damage|p2a: Lapras|83/100
|
|upkeep
|turn|7
|
|move|p1a: Mr. Rime|Rapid Spin|p2a: Lapras
|-damage|p2a: Lapras|77/100
|-boost|p1a: Mr. Rime|spe|1
|-sideend|p1: allstarapology|Stealth Rock|[from] move: Rapid Spin|[of] p1a: Mr. Rime
|move|p2a: Lapras|Hydro Pump|p1a: Mr. Rime
|-damage|p1a: Mr. Rime|65/100
|
|upkeep
|turn|8
|
|switch|p1a: Dusclops|Dusclops, M|100/100
|-ability|p1a: Dusclops|Pressure
|move|p2a: Lapras|Hydro Pump|p1a: Dusclops
|-damage|p1a: Dusclops|85/100
|
|upkeep
|turn|9
|
|move|p2a: Lapras|Freeze-Dry|p1a: Dusclops
|-damage|p1a: Dusclops|76/100
|move|p1a: Dusclops|Will-O-Wisp|p2a: Lapras
|-status|p2a: Lapras|brn
|
|-damage|p2a: Lapras|71/100 brn|[from] brn
|upkeep
|turn|10
|
|move|p2a: Lapras|Freeze-Dry|p1a: Dusclops
|-damage|p1a: Dusclops|65/100
|move|p1a: Dusclops|Seismic Toss|p2a: Lapras
|-damage|p2a: Lapras|50/100 brn
|
|-damage|p2a: Lapras|43/100 brn|[from] brn
|upkeep
|turn|11
|
|move|p2a: Lapras|Rest|p2a: Lapras
|-status|p2a: Lapras|slp|[from] move: Rest
|-heal|p2a: Lapras|100/100 slp|[silent]
|move|p1a: Dusclops|Seismic Toss|p2a: Lapras
|-damage|p2a: Lapras|79/100 slp
|
|upkeep
|turn|12
|
|switch|p2a: Shiinotic|Shiinotic, M|100/100
|-damage|p2a: Shiinotic|88/100|[from] Stealth Rock
|move|p1a: Dusclops|Will-O-Wisp|p2a: Shiinotic|[miss]
|-miss|p1a: Dusclops|p2a: Shiinotic
|
|-heal|p2a: Shiinotic|94/100|[from] item: Leftovers
|upkeep
|turn|13
|
|move|p2a: Shiinotic|Toxic|p1a: Dusclops
|-status|p1a: Dusclops|tox
|move|p1a: Dusclops|Rest|p1a: Dusclops
|-status|p1a: Dusclops|slp|[from] move: Rest
|-heal|p1a: Dusclops|100/100 slp|[silent]
|
|-heal|p2a: Shiinotic|100/100|[from] item: Leftovers
|upkeep
|turn|14
|
|switch|p2a: Pupitar|Pupitar, F|55/100
|-damage|p2a: Pupitar|49/100|[from] Stealth Rock
|switch|p1a: Mr. Rime|Mr. Rime, F|65/100
|
|upkeep
|turn|15
|
|switch|p2a: Lapras|Lapras, M|79/100 slp
|move|p1a: Mr. Rime|Freeze-Dry|p2a: Lapras
|-damage|p2a: Lapras|61/100 slp
|
|upkeep
|turn|16
|
|move|p1a: Mr. Rime|Focus Blast|p2a: Lapras|[miss]
|-miss|p1a: Mr. Rime|p2a: Lapras
|cant|p2a: Lapras|slp
|move|p2a: Lapras|Sleep Talk|p2a: Lapras
|move|p2a: Lapras|Freeze-Dry|p1a: Mr. Rime|[from]Sleep Talk
|-resisted|p1a: Mr. Rime
|-damage|p1a: Mr. Rime|54/100
|
|upkeep
|turn|17
|
|move|p1a: Mr. Rime|Focus Blast|p2a: Lapras|[miss]
|-miss|p1a: Mr. Rime|p2a: Lapras
|cant|p2a: Lapras|slp
|
|upkeep
|turn|18
|j| steve77s
|
|move|p1a: Mr. Rime|Focus Blast|p2a: Lapras|[miss]
|-miss|p1a: Mr. Rime|p2a: Lapras
|-curestatus|p2a: Lapras|slp|[msg]
|move|p2a: Lapras|Hydro Pump|p1a: Mr. Rime
|-damage|p1a: Mr. Rime|15/100
|
|upkeep
|turn|19
|c|☆YoungBeeble|eesh
|
|move|p1a: Mr. Rime|Focus Blast|p2a: Lapras
|-supereffective|p2a: Lapras
|-damage|p2a: Lapras|17/100
|move|p2a: Lapras|Hydro Pump|p1a: Mr. Rime
|-damage|p1a: Mr. Rime|0 fnt
|faint|p1a: Mr. Rime
|
|upkeep
|
|switch|p1a: Silvally|Silvally-Poison|100/100
|turn|20
|
|move|p1a: Silvally|Multi-Attack|p2a: Lapras
|-damage|p2a: Lapras|0 fnt
|faint|p2a: Lapras
|
|upkeep
|
|switch|p2a: Manectric|Manectric, M|100/100
|-damage|p2a: Manectric|88/100|[from] Stealth Rock
|turn|21
|
|switch|p1a: Manectric|Manectric, M|100/100
|move|p2a: Manectric|Volt Switch|p1a: Manectric
|-ability|p1a: Manectric|Lightning Rod|boost
|-boost|p1a: Manectric|spa|1
|
|upkeep
|turn|22
|
|switch|p2a: Pupitar|Pupitar, F|49/100
|-damage|p2a: Pupitar|43/100|[from] Stealth Rock
|move|p1a: Manectric|Flamethrower|p2a: Pupitar
|-resisted|p2a: Pupitar
|-damage|p2a: Pupitar|15/100
|
|upkeep
|turn|23
|
|move|p1a: Manectric|Flamethrower|p2a: Pupitar
|-resisted|p2a: Pupitar
|-damage|p2a: Pupitar|0 fnt
|faint|p2a: Pupitar
|
|upkeep
|
|switch|p2a: Silvally|Silvally-Fighting|100/100
|-damage|p2a: Silvally|94/100|[from] Stealth Rock
|turn|24
|
|move|p1a: Manectric|Flamethrower|p2a: Silvally
|-damage|p2a: Silvally|53/100
|move|p2a: Silvally|U-turn|p1a: Manectric
|-damage|p1a: Manectric|61/100
|
|switch|p2a: Manectric|Manectric, M|88/100|[from]move: U-turn
|-damage|p2a: Manectric|76/100|[from] Stealth Rock
|
|upkeep
|turn|25
|
|move|p2a: Manectric|Overheat|p1a: Manectric
|-damage|p1a: Manectric|0 fnt
|-unboost|p2a: Manectric|spa|2
|faint|p1a: Manectric
|
|upkeep
|
|switch|p1a: Silvally|Silvally-Poison|100/100
|turn|26
|
|switch|p2a: Silvally|Silvally-Fighting|53/100
|-damage|p2a: Silvally|47/100|[from] Stealth Rock
|move|p1a: Silvally|Flamethrower|p2a: Silvally
|-damage|p2a: Silvally|27/100
|
|upkeep
|turn|27
|
|move|p1a: Silvally|Multi-Attack|p2a: Silvally
|-damage|p2a: Silvally|0 fnt
|faint|p2a: Silvally
|
|upkeep
|
|switch|p2a: Pawniard|Pawniard, M|100/100
|-damage|p2a: Pawniard|94/100|[from] Stealth Rock
|turn|28
|
|move|p1a: Silvally|Flamethrower|p2a: Pawniard
|-supereffective|p2a: Pawniard
|-damage|p2a: Pawniard|27/100
|move|p2a: Pawniard|Iron Head|p1a: Silvally
|-damage|p1a: Silvally|64/100
|
|upkeep
|turn|29
|
|move|p2a: Pawniard|Sucker Punch|p1a: Silvally
|-damage|p1a: Silvally|34/100
|move|p1a: Silvally|Flamethrower|p2a: Pawniard
|-supereffective|p2a: Pawniard
|-damage|p2a: Pawniard|0 fnt
|faint|p2a: Pawniard
|
|upkeep
|
|switch|p2a: Manectric|Manectric, M|76/100
|-damage|p2a: Manectric|63/100|[from] Stealth Rock
|turn|30
|
|switch|p1a: Dusclops|Dusclops, M|100/100 slp
|-ability|p1a: Dusclops|Pressure
|move|p2a: Manectric|Thunderbolt|p1a: Dusclops
|-damage|p1a: Dusclops|80/100 slp
|
|upkeep
|turn|31
|
|move|p2a: Manectric|Thunderbolt|p1a: Dusclops
|-damage|p1a: Dusclops|61/100 slp
|cant|p1a: Dusclops|slp
|move|p1a: Dusclops|Sleep Talk|p1a: Dusclops
|move|p1a: Dusclops|Seismic Toss|p2a: Manectric|[from]Sleep Talk
|-damage|p2a: Manectric|28/100
|
|upkeep
|turn|32
|
|switch|p2a: Shiinotic|Shiinotic, M|100/100
|-damage|p2a: Shiinotic|88/100|[from] Stealth Rock
|cant|p1a: Dusclops|slp
|
|-heal|p2a: Shiinotic|94/100|[from] item: Leftovers
|upkeep
|turn|33
|
|move|p2a: Shiinotic|Giga Drain|p1a: Dusclops
|-damage|p1a: Dusclops|48/100 slp
|-heal|p2a: Shiinotic|99/100|[from] drain|[of] p1a: Dusclops
|-curestatus|p1a: Dusclops|slp|[msg]
|move|p1a: Dusclops|Sleep Talk||[still]
|-fail|p1a: Dusclops
|
|-heal|p2a: Shiinotic|100/100|[from] item: Leftovers
|upkeep
|turn|34
|
|move|p2a: Shiinotic|Toxic|p1a: Dusclops
|-status|p1a: Dusclops|tox
|move|p1a: Dusclops|Rest|p1a: Dusclops
|-status|p1a: Dusclops|slp|[from] move: Rest
|-heal|p1a: Dusclops|100/100 slp|[silent]
|
|upkeep
|turn|35
|
|switch|p2a: Manectric|Manectric, M|28/100
|-damage|p2a: Manectric|15/100|[from] Stealth Rock
|cant|p1a: Dusclops|slp
|move|p1a: Dusclops|Sleep Talk|p1a: Dusclops
|move|p1a: Dusclops|Rest|p1a: Dusclops|[from]Sleep Talk
|-fail|p1a: Dusclops|heal
|
|upkeep
|turn|36
|
|switch|p1a: Silvally|Silvally-Poison|34/100
|move|p2a: Manectric|Switcheroo||[still]
|-fail|p2a: Manectric
|
|upkeep
|turn|37
|c|☆YoungBeeble|gg
|-message|YoungBeeble forfeited.
|
|win|allstarapology
|l|☆YoungBeeble
|l|☆allstarapology
|raw|allstarapology's rating: 1544 &rarr; <strong>1554</strong><br />(+10 for winning)
|raw|YoungBeeble's rating: 1365 &rarr; <strong>1355</strong><br />(-10 for losing)
