|j|☆RedWave2024
|j|☆PULT4C1 zoowi
|t:|1661096391
|gametype|singles
|player|p1|RedWave2024|preschoolers|1364
|player|p2|PULT4C1 zoowi|burglar-gen2|1662
|teamsize|p1|6
|teamsize|p2|6
|gen|8
|tier|[Gen 8] PU
|rated|
|rule|Sleep Clause Mod: Limit one foe put to sleep
|rule|Species Clause: Limit one of each Pokémon
|rule|OHKO Clause: OHKO moves are banned
|rule|Evasion Items Clause: Evasion items are banned
|rule|Evasion Moves Clause: Evasion moves are banned
|rule|Endless Battle Clause: Forcing endless battles is banned
|rule|HP Percentage Mod: HP is shown in percentages
|rule|Dynamax Clause: You cannot dynamax
|clearpoke
|poke|p1|Thwackey, M|
|poke|p1|Torracat, M|
|poke|p1|Marshtomp, M|
|poke|p1|Gallade, M|
|poke|p1|Silvally-*|
|poke|p1|Morpeko, M|
|poke|p2|Silvally-*|
|poke|p2|Gallade, M|
|poke|p2|Scrafty, M|
|poke|p2|Jolteon, M|
|poke|p2|Coalossal, M|
|poke|p2|Poliwrath, F|
|teampreview
|
|t:|1661096421
|start
|switch|p1a: Phat Tony|Morpeko, M|100/100
|switch|p2a: Silvally|Silvally-Ghost|100/100
|turn|1
|
|t:|1661096439
|switch|p2a: Coalossal|Coalossal, M|100/100
|move|p1a: Phat Tony|Aura Wheel|p2a: Coalossal
|-damage|p2a: Coalossal|59/100
|-boost|p1a: Phat Tony|spe|1
|
|-formechange|p1a: Phat Tony|Morpeko-Hangry||[from] ability: Hunger Switch
|upkeep
|turn|2
|
|t:|1661096444
|switch|p2a: Scrafty|Scrafty, M|100/100
|move|p1a: Phat Tony|Aura Wheel|p2a: Scrafty
|-resisted|p2a: Scrafty
|-damage|p2a: Scrafty|88/100
|-boost|p1a: Phat Tony|spe|1
|
|-heal|p2a: Scrafty|94/100|[from] item: Leftovers
|-formechange|p1a: Phat Tony|Morpeko||[from] ability: Hunger Switch
|upkeep
|turn|3
|
|t:|1661096450
|switch|p1a: Da Ghetto|Silvally-Poison, shiny|100/100
|move|p2a: Scrafty|Knock Off|p1a: Da Ghetto
|-damage|p1a: Da Ghetto|80/100
|
|-heal|p2a: Scrafty|99/100|[from] item: Leftovers
|upkeep
|turn|4
|
|t:|1661096455
|move|p1a: Da Ghetto|Parting Shot|p2a: Scrafty
|-unboost|p2a: Scrafty|atk|1
|-unboost|p2a: Scrafty|spa|1
|
|t:|1661096458
|switch|p1a: Filthy Frank|Gallade, M, shiny|100/100|[from]move: Parting Shot
|move|p2a: Scrafty|Bulk Up|p2a: Scrafty
|-boost|p2a: Scrafty|atk|1
|-boost|p2a: Scrafty|def|1
|
|-heal|p2a: Scrafty|100/100|[from] item: Leftovers
|upkeep
|turn|5
|
|t:|1661096463
|switch|p1a: Tech N9ne|Torracat, M|100/100
|-ability|p1a: Tech N9ne|Intimidate|boost
|-unboost|p2a: Scrafty|atk|1
|move|p2a: Scrafty|Knock Off|p1a: Tech N9ne
|-damage|p1a: Tech N9ne|83/100
|-enditem|p1a: Tech N9ne|Eviolite|[from] move: Knock Off|[of] p2a: Scrafty
|
|upkeep
|turn|6
|
|t:|1661096468
|move|p1a: Tech N9ne|Parting Shot|p2a: Scrafty
|-unboost|p2a: Scrafty|atk|1
|-unboost|p2a: Scrafty|spa|1
|
|t:|1661096471
|switch|p1a: Da Ghetto|Silvally-Poison, shiny|80/100|[from]move: Parting Shot
|move|p2a: Scrafty|Bulk Up|p2a: Scrafty
|-boost|p2a: Scrafty|atk|1
|-boost|p2a: Scrafty|def|1
|
|upkeep
|turn|7
|
|t:|1661096473
|move|p1a: Da Ghetto|Parting Shot|p2a: Scrafty
|-unboost|p2a: Scrafty|atk|1
|-unboost|p2a: Scrafty|spa|1
|
|t:|1661096476
|switch|p1a: Tech N9ne|Torracat, M|83/100|[from]move: Parting Shot
|-ability|p1a: Tech N9ne|Intimidate|boost
|-unboost|p2a: Scrafty|atk|1
|move|p2a: Scrafty|Bulk Up|p2a: Scrafty
|-boost|p2a: Scrafty|atk|1
|-boost|p2a: Scrafty|def|1
|
|upkeep
|turn|8
|c|☆PULT4C1 zoowi|this is weird
|
|t:|1661096483
|move|p1a: Tech N9ne|Parting Shot|p2a: Scrafty
|-unboost|p2a: Scrafty|atk|1
|-unboost|p2a: Scrafty|spa|1
|
|t:|1661096488
|switch|p1a: Da Ghetto|Silvally-Poison, shiny|80/100|[from]move: Parting Shot
|move|p2a: Scrafty|Bulk Up|p2a: Scrafty
|-boost|p2a: Scrafty|atk|1
|-boost|p2a: Scrafty|def|1
|
|upkeep
|turn|9
|
|t:|1661096507
|move|p1a: Da Ghetto|Parting Shot|p2a: Scrafty
|-unboost|p2a: Scrafty|atk|1
|-unboost|p2a: Scrafty|spa|1
|
|t:|1661096510
|switch|p1a: Tech N9ne|Torracat, M|83/100|[from]move: Parting Shot
|-ability|p1a: Tech N9ne|Intimidate|boost
|-unboost|p2a: Scrafty|atk|1
|move|p2a: Scrafty|Bulk Up|p2a: Scrafty
|-boost|p2a: Scrafty|atk|1
|-boost|p2a: Scrafty|def|1
|
|upkeep
|turn|10
|
|t:|1661096513
|move|p1a: Tech N9ne|Flamethrower|p2a: Scrafty
|-damage|p2a: Scrafty|79/100
|move|p2a: Scrafty|Bulk Up|p2a: Scrafty
|-boost|p2a: Scrafty|atk|1
|-boost|p2a: Scrafty|def|1
|
|-heal|p2a: Scrafty|85/100|[from] item: Leftovers
|upkeep
|turn|11
|
|t:|1661096517
|move|p1a: Tech N9ne|Flamethrower|p2a: Scrafty
|-damage|p2a: Scrafty|60/100
|move|p2a: Scrafty|Bulk Up|p2a: Scrafty
|-boost|p2a: Scrafty|atk|1
|-boost|p2a: Scrafty|def|0
|
|-heal|p2a: Scrafty|66/100|[from] item: Leftovers
|upkeep
|turn|12
|
|t:|1661096520
|move|p1a: Tech N9ne|Flamethrower|p2a: Scrafty
|-crit|p2a: Scrafty
|-damage|p2a: Scrafty|31/100
|move|p2a: Scrafty|Drain Punch|p1a: Tech N9ne
|-damage|p1a: Tech N9ne|65/100
|-heal|p2a: Scrafty|41/100|[from] drain|[of] p1a: Tech N9ne
|
|-heal|p2a: Scrafty|47/100|[from] item: Leftovers
|upkeep
|turn|13
|
|t:|1661096526
|switch|p2a: Poliwrath|Poliwrath, F|100/100
|move|p1a: Tech N9ne|Taunt|p2a: Poliwrath
|-start|p2a: Poliwrath|move: Taunt
|
|upkeep
|turn|14
|
|t:|1661096535
|switch|p1a: Dirty South|Thwackey, M, shiny|100/100
|-fieldstart|move: Grassy Terrain|[from] ability: Grassy Surge|[of] p1a: Dirty South
|move|p2a: Poliwrath|Close Combat|p1a: Dirty South
|-damage|p1a: Dirty South|50/100
|-unboost|p2a: Poliwrath|def|1
|-unboost|p2a: Poliwrath|spd|1
|
|-heal|p1a: Dirty South|56/100|[from] Grassy Terrain
|upkeep
|turn|15
|
|t:|1661096539
|switch|p2a: Coalossal|Coalossal, M|59/100
|move|p1a: Dirty South|Swords Dance|p1a: Dirty South
|-boost|p1a: Dirty South|atk|2
|
|-heal|p1a: Dirty South|62/100|[from] Grassy Terrain
|-heal|p2a: Coalossal|66/100|[from] Grassy Terrain
|upkeep
|turn|16
|
|t:|1661096542
|move|p1a: Dirty South|Drain Punch|p2a: Coalossal
|-supereffective|p2a: Coalossal
|-damage|p2a: Coalossal|25/100
|-heal|p1a: Dirty South|87/100|[from] drain|[of] p2a: Coalossal
|-status|p1a: Dirty South|brn|[from] ability: Flame Body|[of] p2a: Coalossal
|move|p2a: Coalossal|Flamethrower|p1a: Dirty South
|-supereffective|p1a: Dirty South
|-damage|p1a: Dirty South|38/100 brn
|
|-heal|p1a: Dirty South|44/100 brn|[from] Grassy Terrain
|-heal|p2a: Coalossal|31/100|[from] Grassy Terrain
|-damage|p1a: Dirty South|38/100 brn|[from] brn
|upkeep
|turn|17
|
|t:|1661096548
|move|p1a: Dirty South|Grassy Glide|p2a: Coalossal
|-damage|p2a: Coalossal|11/100
|move|p2a: Coalossal|Flamethrower|p1a: Dirty South
|-supereffective|p1a: Dirty South
|-crit|p1a: Dirty South
|-damage|p1a: Dirty South|0 fnt
|faint|p1a: Dirty South
|
|-heal|p2a: Coalossal|17/100|[from] Grassy Terrain
|upkeep
|
|t:|1661096550
|switch|p1a: Phat Tony|Morpeko, M|100/100
|turn|18
|j| ekeklelelel
|
|t:|1661096574
|switch|p2a: Jolteon|Jolteon, M|100/100
|move|p1a: Phat Tony|Seed Bomb|p2a: Jolteon
|-damage|p2a: Jolteon|11/100
|
|-heal|p2a: Jolteon|17/100|[from] Grassy Terrain
|-fieldend|move: Grassy Terrain
|-formechange|p1a: Phat Tony|Morpeko-Hangry||[from] ability: Hunger Switch
|upkeep
|turn|19
|
|t:|1661096578
|switch|p1a: Elo Dere Boss|Marshtomp, M, shiny|100/100
|move|p2a: Jolteon|Volt Switch|p1a: Elo Dere Boss
|-immune|p1a: Elo Dere Boss
|
|upkeep
|turn|20
|
|t:|1661096597
|switch|p2a: Gallade|Gallade, M|100/100
|switch|p1a: Filthy Frank|Gallade, M, shiny|100/100
|
|upkeep
|turn|21
|
|t:|1661096601
|switch|p1a: Tech N9ne|Torracat, M|65/100
|-ability|p1a: Tech N9ne|Intimidate|boost
|-unboost|p2a: Gallade|atk|1
|move|p2a: Gallade|Knock Off|p1a: Tech N9ne
|-damage|p1a: Tech N9ne|37/100
|-damage|p2a: Gallade|91/100|[from] item: Life Orb
|
|upkeep
|turn|22
|
|t:|1661096605
|move|p2a: Gallade|Psycho Cut|p1a: Tech N9ne
|-damage|p1a: Tech N9ne|0 fnt
|faint|p1a: Tech N9ne
|-damage|p2a: Gallade|81/100|[from] item: Life Orb
|
|upkeep
|
|t:|1661096608
|switch|p1a: Phat Tony|Morpeko, M|100/100
|turn|23
|
|t:|1661096613
|switch|p2a: Coalossal|Coalossal, M|17/100
|move|p1a: Phat Tony|Aura Wheel|p2a: Coalossal
|-damage|p2a: Coalossal|0 fnt
|-boost|p1a: Phat Tony|spe|1
|faint|p2a: Coalossal
|
|-formechange|p1a: Phat Tony|Morpeko-Hangry||[from] ability: Hunger Switch
|upkeep
|j| Strawbrity
|
|t:|1661096618
|switch|p2a: Scrafty|Scrafty, M|47/100
|turn|24
|j| PUetro
|
|t:|1661096629
|switch|p1a: Filthy Frank|Gallade, M, shiny|100/100
|move|p2a: Scrafty|Knock Off|p1a: Filthy Frank
|-damage|p1a: Filthy Frank|53/100
|-ability|p1a: Filthy Frank|Justified|boost
|-boost|p1a: Filthy Frank|atk|1
|-enditem|p1a: Filthy Frank|Assault Vest|[from] move: Knock Off|[of] p2a: Scrafty
|
|-heal|p2a: Scrafty|53/100|[from] item: Leftovers
|upkeep
|turn|25
|
|t:|1661096643
|switch|p2a: Gallade|Gallade, M|81/100
|move|p1a: Filthy Frank|Close Combat|p2a: Gallade
|-resisted|p2a: Gallade
|-damage|p2a: Gallade|2/100
|-unboost|p1a: Filthy Frank|def|1
|-unboost|p1a: Filthy Frank|spd|1
|
|upkeep
|turn|26
|
|t:|1661096650
|move|p2a: Gallade|Shadow Sneak|p1a: Filthy Frank
|-supereffective|p1a: Filthy Frank
|-damage|p1a: Filthy Frank|0 fnt
|faint|p1a: Filthy Frank
|-damage|p2a: Gallade|0 fnt|[from] item: Life Orb
|faint|p2a: Gallade
|
|upkeep
|
|t:|1661096674
|switch|p2a: Silvally|Silvally-Ghost|100/100
|switch|p1a: Phat Tony|Morpeko, M|100/100
|turn|27
|
|t:|1661096682
|move|p2a: Silvally|Multi-Attack|p1a: Phat Tony
|-resisted|p1a: Phat Tony
|-damage|p1a: Phat Tony|48/100
|move|p1a: Phat Tony|Parting Shot|p2a: Silvally
|-unboost|p2a: Silvally|atk|1
|-unboost|p2a: Silvally|spa|1
|
|t:|1661096685
|switch|p1a: Elo Dere Boss|Marshtomp, M, shiny|100/100|[from]move: Parting Shot
|
|upkeep
|turn|28
|
|t:|1661096691
|move|p2a: Silvally|Swords Dance|p2a: Silvally
|-boost|p2a: Silvally|atk|2
|move|p1a: Elo Dere Boss|Stealth Rock|p2a: Silvally
|-sidestart|p2: PULT4C1 zoowi|move: Stealth Rock
|
|upkeep
|turn|29
|
|t:|1661096693
|move|p2a: Silvally|Flame Charge|p1a: Elo Dere Boss
|-resisted|p1a: Elo Dere Boss
|-damage|p1a: Elo Dere Boss|94/100
|-boost|p2a: Silvally|spe|1
|move|p1a: Elo Dere Boss|Yawn|p2a: Silvally
|-start|p2a: Silvally|move: Yawn|[of] p1a: Elo Dere Boss
|
|upkeep
|turn|30
|
|t:|1661096718
|switch|p2a: Poliwrath|Poliwrath, F|100/100
|-damage|p2a: Poliwrath|95/100|[from] Stealth Rock
|switch|p1a: Da Ghetto|Silvally-Poison, shiny|80/100
|
|upkeep
|turn|31
|
|t:|1661096721
|move|p1a: Da Ghetto|Grass Pledge|p2a: Poliwrath
|-supereffective|p2a: Poliwrath
|-damage|p2a: Poliwrath|59/100
|move|p2a: Poliwrath|Liquidation|p1a: Da Ghetto
|-damage|p1a: Da Ghetto|44/100
|-unboost|p1a: Da Ghetto|def|1
|
|upkeep
|turn|32
|
|t:|1661096724
|move|p1a: Da Ghetto|Grass Pledge|p2a: Poliwrath
|-supereffective|p2a: Poliwrath
|-damage|p2a: Poliwrath|25/100
|move|p2a: Poliwrath|Liquidation|p1a: Da Ghetto
|-damage|p1a: Da Ghetto|0 fnt
|faint|p1a: Da Ghetto
|
|upkeep
|
|t:|1661096728
|switch|p1a: Phat Tony|Morpeko, M|48/100
|turn|33
|
|t:|1661096736
|move|p1a: Phat Tony|Aura Wheel|p2a: Poliwrath
|-supereffective|p2a: Poliwrath
|-damage|p2a: Poliwrath|0 fnt
|-boost|p1a: Phat Tony|spe|1
|faint|p2a: Poliwrath
|
|-formechange|p1a: Phat Tony|Morpeko-Hangry||[from] ability: Hunger Switch
|upkeep
|
|t:|1661096738
|switch|p2a: Scrafty|Scrafty, M|53/100
|-damage|p2a: Scrafty|47/100|[from] Stealth Rock
|turn|34
|
|t:|1661096742
|switch|p1a: Elo Dere Boss|Marshtomp, M, shiny|94/100
|move|p2a: Scrafty|Drain Punch|p1a: Elo Dere Boss
|-damage|p1a: Elo Dere Boss|78/100
|-heal|p2a: Scrafty|55/100|[from] drain|[of] p1a: Elo Dere Boss
|
|-heal|p2a: Scrafty|61/100|[from] item: Leftovers
|upkeep
|turn|35
|
|t:|1661096746
|move|p2a: Scrafty|Bulk Up|p2a: Scrafty
|-boost|p2a: Scrafty|atk|1
|-boost|p2a: Scrafty|def|1
|move|p1a: Elo Dere Boss|Yawn|p2a: Scrafty
|-start|p2a: Scrafty|move: Yawn|[of] p1a: Elo Dere Boss
|
|-heal|p2a: Scrafty|67/100|[from] item: Leftovers
|upkeep
|turn|36
|
|t:|1661096751
|move|p2a: Scrafty|Bulk Up|p2a: Scrafty
|-boost|p2a: Scrafty|atk|1
|-boost|p2a: Scrafty|def|1
|move|p1a: Elo Dere Boss|Seismic Toss|p2a: Scrafty
|-damage|p2a: Scrafty|37/100
|
|-heal|p2a: Scrafty|43/100|[from] item: Leftovers
|-end|p2a: Scrafty|move: Yawn|[silent]
|-status|p2a: Scrafty|slp
|upkeep
|turn|37
|
|t:|1661096759
|cant|p2a: Scrafty|slp
|move|p1a: Elo Dere Boss|Seismic Toss|p2a: Scrafty
|-damage|p2a: Scrafty|13/100 slp
|
|-activate|p2a: Scrafty|ability: Shed Skin
|-curestatus|p2a: Scrafty|slp|[msg]
|-heal|p2a: Scrafty|19/100|[from] item: Leftovers
|upkeep
|turn|38
|
|t:|1661096765
|move|p2a: Scrafty|Rest|p2a: Scrafty
|-status|p2a: Scrafty|slp|[from] move: Rest
|-heal|p2a: Scrafty|100/100 slp|[silent]
|move|p1a: Elo Dere Boss|Seismic Toss|p2a: Scrafty
|-damage|p2a: Scrafty|71/100 slp
|
|-activate|p2a: Scrafty|ability: Shed Skin
|-curestatus|p2a: Scrafty|slp|[msg]
|-heal|p2a: Scrafty|77/100|[from] item: Leftovers
|upkeep
|turn|39
|j| PULT4C1 Gomure
|c|☆RedWave2024|why is rng always the ultimate factor
|
|t:|1661096779
|move|p2a: Scrafty|Drain Punch|p1a: Elo Dere Boss
|-damage|p1a: Elo Dere Boss|44/100
|-heal|p2a: Scrafty|94/100|[from] drain|[of] p1a: Elo Dere Boss
|move|p1a: Elo Dere Boss|Yawn|p2a: Scrafty
|-start|p2a: Scrafty|move: Yawn|[of] p1a: Elo Dere Boss
|
|-heal|p2a: Scrafty|99/100|[from] item: Leftovers
|upkeep
|turn|40
|
|t:|1661096786
|move|p2a: Scrafty|Bulk Up|p2a: Scrafty
|-boost|p2a: Scrafty|atk|1
|-boost|p2a: Scrafty|def|1
|move|p1a: Elo Dere Boss|Seismic Toss|p2a: Scrafty
|-damage|p2a: Scrafty|70/100
|
|-heal|p2a: Scrafty|76/100|[from] item: Leftovers
|-end|p2a: Scrafty|move: Yawn|[silent]
|-status|p2a: Scrafty|slp
|upkeep
|turn|41
|
|t:|1661096789
|cant|p2a: Scrafty|slp
|move|p1a: Elo Dere Boss|Seismic Toss|p2a: Scrafty
|-damage|p2a: Scrafty|46/100 slp
|
|-heal|p2a: Scrafty|52/100 slp|[from] item: Leftovers
|upkeep
|turn|42
|
|t:|1661096791
|cant|p2a: Scrafty|slp
|move|p1a: Elo Dere Boss|Seismic Toss|p2a: Scrafty
|-damage|p2a: Scrafty|22/100 slp
|
|-heal|p2a: Scrafty|28/100 slp|[from] item: Leftovers
|upkeep
|turn|43
|
|t:|1661096794
|cant|p2a: Scrafty|slp
|move|p1a: Elo Dere Boss|Seismic Toss|p2a: Scrafty
|-damage|p2a: Scrafty|0 fnt
|faint|p2a: Scrafty
|
|upkeep
|c|☆PULT4C1 zoowi|indeed lmfao
|c|☆RedWave2024|: /
|j| turtledoggo1
|j| PULT4C1 eifo
|
|t:|1661096822
|switch|p2a: Jolteon|Jolteon, M|17/100
|-damage|p2a: Jolteon|5/100|[from] Stealth Rock
|turn|44
|
|t:|1661096824
|move|p2a: Jolteon|Hyper Voice|p1a: Elo Dere Boss
|-crit|p1a: Elo Dere Boss
|-damage|p1a: Elo Dere Boss|0 fnt
|faint|p1a: Elo Dere Boss
|
|upkeep
|c|☆RedWave2024|rip fkin game
|
|t:|1661096832
|switch|p1a: Phat Tony|Morpeko, M|48/100
|turn|45
|
|t:|1661096837
|move|p2a: Jolteon|Hyper Voice|p1a: Phat Tony
|-damage|p1a: Phat Tony|0 fnt
|faint|p1a: Phat Tony
|
|win|PULT4C1 zoowi
|raw|RedWave2024's rating: 1364 &rarr; <strong>1358</strong><br />(-6 for losing)
|raw|PULT4C1 zoowi's rating: 1662 &rarr; <strong>1668</strong><br />(+6 for winning)
