|j|☆OreoSpeedruns
|j|☆BiscotteKouloulou
|t:|1656541977
|gametype|singles
|player|p1|OreoSpeedruns|proton|1190
|player|p2|BiscotteKouloulou|unknown|1372
|teamsize|p1|6
|teamsize|p2|6
|gen|8
|tier|[Gen 8] PU
|rated|
|rule|Sleep Clause Mod: Limit one foe put to sleep
|rule|Species Clause: Limit one of each Pokémon
|rule|OHKO Clause: OHKO moves are banned
|rule|Evasion Moves Clause: Evasion moves are banned
|rule|Endless Battle Clause: Forcing endless battles is banned
|rule|HP Percentage Mod: HP is shown in percentages
|rule|Dynamax Clause: You cannot dynamax
|clearpoke
|poke|p1|Scrafty, M|
|poke|p1|Galvantula, M|
|poke|p1|Quagsire, M|
|poke|p1|Claydol|
|poke|p1|Ferroseed, F|
|poke|p1|Weezing, M|
|poke|p2|Aromatisse, M|
|poke|p2|Gigalith, M|
|poke|p2|Ferroseed, F|
|poke|p2|Scrafty, F|
|poke|p2|Articuno-Galar|
|poke|p2|Quagsire, M|
|teampreview
|inactive|Battle timer is ON: inactive players will automatically lose when time's up. (requested by OreoSpeedruns)
|
|t:|1656542014
|start
|switch|p1a: Painland|Ferroseed, F, shiny|100/100
|switch|p2a: Ferroseed|Ferroseed, F|100/100
|turn|1
|
|t:|1656542027
|move|p1a: Painland|Stealth Rock|p2a: Ferroseed
|-sidestart|p2: BiscotteKouloulou|move: Stealth Rock
|move|p2a: Ferroseed|Spikes|p1a: Painland
|-sidestart|p1: OreoSpeedruns|Spikes
|
|upkeep
|turn|2
|
|t:|1656542031
|move|p2a: Ferroseed|Spikes|p1a: Painland
|-sidestart|p1: OreoSpeedruns|Spikes
|move|p1a: Painland|Spikes|p2a: Ferroseed
|-sidestart|p2: BiscotteKouloulou|Spikes
|
|upkeep
|turn|3
|
|t:|1656542037
|switch|p2a: Scrafty|Scrafty, F|100/100
|-damage|p2a: Scrafty|95/100|[from] Stealth Rock
|-damage|p2a: Scrafty|82/100|[from] Spikes
|move|p1a: Painland|Spikes|p2a: Scrafty
|-sidestart|p2: BiscotteKouloulou|Spikes
|
|-heal|p2a: Scrafty|88/100|[from] item: Leftovers
|upkeep
|turn|4
|
|t:|1656542042
|move|p2a: Scrafty|Knock Off|p1a: Painland
|-damage|p1a: Painland|80/100
|-damage|p2a: Scrafty|76/100|[from] ability: Iron Barbs|[of] p1a: Painland
|-enditem|p1a: Painland|Eviolite|[from] move: Knock Off|[of] p2a: Scrafty
|move|p1a: Painland|Spikes|p2a: Scrafty
|-sidestart|p2: BiscotteKouloulou|Spikes
|
|-heal|p2a: Scrafty|82/100|[from] item: Leftovers
|upkeep
|turn|5
|
|t:|1656542048
|move|p1a: Painland|Gyro Ball|p2a: Scrafty
|-damage|p2a: Scrafty|57/100
|move|p2a: Scrafty|Roar|p1a: Painland
|drag|p1a: Maul|Quagsire, M, shiny|100/100
|-damage|p1a: Maul|84/100|[from] Spikes
|
|-heal|p2a: Scrafty|63/100|[from] item: Leftovers
|-heal|p1a: Maul|90/100|[from] item: Leftovers
|upkeep
|turn|6
|
|t:|1656542054
|move|p2a: Scrafty|Knock Off|p1a: Maul
|-damage|p1a: Maul|69/100
|-enditem|p1a: Maul|Leftovers|[from] move: Knock Off|[of] p2a: Scrafty
|move|p1a: Maul|Toxic|p2a: Scrafty|[miss]
|-miss|p1a: Maul|p2a: Scrafty
|
|-heal|p2a: Scrafty|69/100|[from] item: Leftovers
|upkeep
|turn|7
|
|t:|1656542061
|switch|p2a: Ferroseed|Ferroseed, F|100/100
|-damage|p2a: Ferroseed|94/100|[from] Stealth Rock
|-damage|p2a: Ferroseed|69/100|[from] Spikes
|move|p1a: Maul|Toxic|p2a: Ferroseed
|-immune|p2a: Ferroseed
|
|upkeep
|turn|8
|
|t:|1656542064
|move|p1a: Maul|Earthquake|p2a: Ferroseed
|-damage|p2a: Ferroseed|52/100
|move|p2a: Ferroseed|Leech Seed|p1a: Maul
|-start|p1a: Maul|move: Leech Seed
|
|-damage|p1a: Maul|56/100|[from] Leech Seed|[of] p2a: Ferroseed
|-heal|p2a: Ferroseed|68/100|[silent]
|upkeep
|turn|9
|
|t:|1656542070
|switch|p1a: Painland|Ferroseed, F, shiny|80/100
|-damage|p1a: Painland|64/100|[from] Spikes
|move|p2a: Ferroseed|Spikes|p1a: Painland
|-sidestart|p1: OreoSpeedruns|Spikes
|
|upkeep
|turn|10
|
|t:|1656542077
|switch|p2a: Scrafty|Scrafty, F|69/100
|-damage|p2a: Scrafty|63/100|[from] Stealth Rock
|-damage|p2a: Scrafty|38/100|[from] Spikes
|move|p1a: Painland|Gyro Ball|p2a: Scrafty
|-damage|p2a: Scrafty|11/100
|
|-heal|p2a: Scrafty|17/100|[from] item: Leftovers
|upkeep
|turn|11
|
|t:|1656542081
|move|p2a: Scrafty|Drain Punch|p1a: Painland
|-supereffective|p1a: Painland
|-damage|p1a: Painland|20/100
|-heal|p2a: Scrafty|36/100|[from] drain|[of] p1a: Painland
|-damage|p2a: Scrafty|24/100|[from] ability: Iron Barbs|[of] p1a: Painland
|move|p1a: Painland|Gyro Ball|p2a: Scrafty
|-damage|p2a: Scrafty|0 fnt
|faint|p2a: Scrafty
|
|upkeep
|
|t:|1656542092
|switch|p2a: Articuno|Articuno-Galar|100/100
|turn|12
|
|t:|1656542095
|move|p2a: Articuno|Hurricane|p1a: Painland
|-damage|p1a: Painland|0 fnt
|faint|p1a: Painland
|
|upkeep
|
|t:|1656542099
|switch|p1a: Maul|Quagsire, M, shiny|56/100
|-damage|p1a: Maul|31/100|[from] Spikes
|turn|13
|
|t:|1656542102
|move|p2a: Articuno|Hurricane|p1a: Maul|[miss]
|-miss|p2a: Articuno|p1a: Maul
|move|p1a: Maul|Recover|p1a: Maul
|-heal|p1a: Maul|81/100
|
|upkeep
|turn|14
|
|t:|1656542107
|move|p2a: Articuno|Hurricane|p1a: Maul
|-damage|p1a: Maul|6/100
|move|p1a: Maul|Recover|p1a: Maul
|-heal|p1a: Maul|56/100
|
|upkeep
|turn|15
|
|t:|1656542112
|move|p2a: Articuno|Hurricane|p1a: Maul|[miss]
|-miss|p2a: Articuno|p1a: Maul
|move|p1a: Maul|Recover|p1a: Maul
|-heal|p1a: Maul|100/100
|
|upkeep
|turn|16
|
|t:|1656542115
|move|p2a: Articuno|Hurricane|p1a: Maul|[miss]
|-miss|p2a: Articuno|p1a: Maul
|move|p1a: Maul|Toxic|p2a: Articuno
|-status|p2a: Articuno|tox
|
|-damage|p2a: Articuno|94/100 tox|[from] psn
|upkeep
|turn|17
|
|t:|1656542119
|move|p2a: Articuno|Hurricane|p1a: Maul
|-damage|p1a: Maul|21/100
|move|p1a: Maul|Scald|p2a: Articuno
|-damage|p2a: Articuno|75/100 tox
|
|-damage|p2a: Articuno|62/100 tox|[from] psn
|upkeep
|turn|18
|
|t:|1656542124
|move|p2a: Articuno|Hurricane|p1a: Maul
|-damage|p1a: Maul|0 fnt
|faint|p1a: Maul
|
|-damage|p2a: Articuno|43/100 tox|[from] psn
|upkeep
|
|t:|1656542131
|switch|p1a: Beyblade|Claydol, shiny|100/100
|turn|19
|
|t:|1656542138
|move|p2a: Articuno|U-turn|p1a: Beyblade
|-supereffective|p1a: Beyblade
|-damage|p1a: Beyblade|82/100
|
|t:|1656542146
|switch|p2a: Aromatisse|Aromatisse, M|100/100|[from]move: U-turn
|move|p1a: Beyblade|Rapid Spin|p2a: Aromatisse
|-damage|p2a: Aromatisse|95/100
|-boost|p1a: Beyblade|spe|1
|-sideend|p1: OreoSpeedruns|Spikes|[from] move: Rapid Spin|[of] p1a: Beyblade
|
|upkeep
|turn|20
|
|t:|1656542150
|move|p1a: Beyblade|Psychic|p2a: Aromatisse
|-damage|p2a: Aromatisse|72/100
|-unboost|p2a: Aromatisse|spd|1
|move|p2a: Aromatisse|Heal Bell|p2a: Aromatisse
|-activate|p2a: Aromatisse|move: Heal Bell
|-curestatus|p2: Articuno|tox|[msg]
|
|upkeep
|turn|21
|
|t:|1656542156
|move|p1a: Beyblade|Psychic|p2a: Aromatisse
|-damage|p2a: Aromatisse|40/100
|move|p2a: Aromatisse|Wish|p2a: Aromatisse
|
|upkeep
|turn|22
|
|t:|1656542160
|switch|p2a: Articuno|Articuno-Galar|43/100
|move|p1a: Beyblade|Teleport|p1a: Beyblade
|
|t:|1656542163
|switch|p1a: Arachin|Galvantula, M, shiny|100/100|[from]move: Teleport
|
|-heal|p2a: Articuno|100/100|[from] move: Wish|[wisher] Aromatisse
|upkeep
|turn|23
|
|t:|1656542168
|switch|p2a: Aromatisse|Aromatisse, M|40/100
|move|p1a: Arachin|Sticky Web|p2a: Aromatisse
|-sidestart|p2: BiscotteKouloulou|move: Sticky Web
|
|upkeep
|turn|24
|
|t:|1656542172
|move|p1a: Arachin|Thunder|p2a: Aromatisse
|-damage|p2a: Aromatisse|0 fnt
|faint|p2a: Aromatisse
|
|upkeep
|
|t:|1656542175
|switch|p2a: Gigalith|Gigalith, M|100/100
|-damage|p2a: Gigalith|88/100|[from] Stealth Rock
|-damage|p2a: Gigalith|63/100|[from] Spikes
|-activate|p2a: Gigalith|move: Sticky Web
|-unboost|p2a: Gigalith|spe|1
|-weather|Sandstorm|[from] ability: Sand Stream|[of] p2a: Gigalith
|turn|25
|
|t:|1656542181
|move|p1a: Arachin|Thunder Wave|p2a: Gigalith
|-status|p2a: Gigalith|par
|cant|p2a: Gigalith|par
|
|-weather|Sandstorm|[upkeep]
|-damage|p1a: Arachin|94/100|[from] Sandstorm
|-heal|p2a: Gigalith|69/100 par|[from] item: Leftovers
|upkeep
|turn|26
|
|t:|1656542185
|switch|p1a: Beyblade|Claydol, shiny|82/100
|cant|p2a: Gigalith|par
|
|-weather|Sandstorm|[upkeep]
|-heal|p2a: Gigalith|76/100 par|[from] item: Leftovers
|upkeep
|turn|27
|
|t:|1656542190
|switch|p2a: Articuno|Articuno-Galar|100/100
|move|p1a: Beyblade|Earth Power|p2a: Articuno
|-immune|p2a: Articuno
|
|-weather|Sandstorm|[upkeep]
|-damage|p2a: Articuno|94/100|[from] Sandstorm
|upkeep
|turn|28
|
|t:|1656542193
|move|p2a: Articuno|Hurricane|p1a: Beyblade
|-damage|p1a: Beyblade|27/100
|move|p1a: Beyblade|Teleport|p1a: Beyblade
|
|t:|1656542202
|switch|p1a: Arachin|Galvantula, M, shiny|94/100|[from]move: Teleport
|
|-weather|Sandstorm|[upkeep]
|-damage|p1a: Arachin|88/100|[from] Sandstorm
|-damage|p2a: Articuno|88/100|[from] Sandstorm
|upkeep
|turn|29
|
|t:|1656542207
|switch|p2a: Ferroseed|Ferroseed, F|68/100
|-damage|p2a: Ferroseed|62/100|[from] Stealth Rock
|-damage|p2a: Ferroseed|37/100|[from] Spikes
|-activate|p2a: Ferroseed|move: Sticky Web
|-unboost|p2a: Ferroseed|spe|1
|move|p1a: Arachin|Thunder|p2a: Ferroseed
|-resisted|p2a: Ferroseed
|-damage|p2a: Ferroseed|18/100
|
|-weather|none
|upkeep
|turn|30
|
|t:|1656542214
|move|p1a: Arachin|Bug Buzz|p2a: Ferroseed
|-damage|p2a: Ferroseed|0 fnt
|faint|p2a: Ferroseed
|
|upkeep
|
|t:|1656542221
|switch|p2a: Gigalith|Gigalith, M|76/100 par
|-damage|p2a: Gigalith|63/100 par|[from] Stealth Rock
|-damage|p2a: Gigalith|38/100 par|[from] Spikes
|-activate|p2a: Gigalith|move: Sticky Web
|-unboost|p2a: Gigalith|spe|1
|-weather|Sandstorm|[from] ability: Sand Stream|[of] p2a: Gigalith
|turn|31
|
|t:|1656542226
|switch|p1a: Beyblade|Claydol, shiny|27/100
|cant|p2a: Gigalith|par
|
|-weather|Sandstorm|[upkeep]
|-heal|p2a: Gigalith|45/100 par|[from] item: Leftovers
|upkeep
|turn|32
|
|t:|1656542232
|move|p1a: Beyblade|Rapid Spin|p2a: Gigalith
|-resisted|p2a: Gigalith
|-damage|p2a: Gigalith|42/100 par
|-boost|p1a: Beyblade|spe|1
|cant|p2a: Gigalith|par
|
|-weather|Sandstorm|[upkeep]
|-heal|p2a: Gigalith|48/100 par|[from] item: Leftovers
|upkeep
|turn|33
|
|t:|1656542236
|move|p1a: Beyblade|Psychic|p2a: Gigalith
|-damage|p2a: Gigalith|35/100 par
|move|p2a: Gigalith|Stealth Rock|p1a: Beyblade
|-sidestart|p1: OreoSpeedruns|move: Stealth Rock
|
|-weather|Sandstorm|[upkeep]
|-heal|p2a: Gigalith|41/100 par|[from] item: Leftovers
|upkeep
|turn|34
|
|t:|1656542241
|move|p1a: Beyblade|Rapid Spin|p2a: Gigalith
|-resisted|p2a: Gigalith
|-damage|p2a: Gigalith|38/100 par
|-boost|p1a: Beyblade|spe|1
|-sideend|p1: OreoSpeedruns|Stealth Rock|[from] move: Rapid Spin|[of] p1a: Beyblade
|move|p2a: Gigalith|Rock Blast|p1a: Beyblade
|-resisted|p1a: Beyblade
|-damage|p1a: Beyblade|23/100
|-resisted|p1a: Beyblade
|-damage|p1a: Beyblade|19/100
|-hitcount|p1a: Beyblade|2
|
|-weather|Sandstorm|[upkeep]
|-heal|p2a: Gigalith|44/100 par|[from] item: Leftovers
|upkeep
|turn|35
|
|t:|1656542246
|move|p1a: Beyblade|Rapid Spin|p2a: Gigalith
|-resisted|p2a: Gigalith
|-damage|p2a: Gigalith|41/100 par
|-boost|p1a: Beyblade|spe|1
|move|p2a: Gigalith|Stealth Rock|p1a: Beyblade
|-sidestart|p1: OreoSpeedruns|move: Stealth Rock
|
|-weather|none
|-heal|p2a: Gigalith|48/100 par|[from] item: Leftovers
|upkeep
|turn|36
|
|t:|1656542250
|move|p1a: Beyblade|Rapid Spin|p2a: Gigalith
|-resisted|p2a: Gigalith
|-crit|p2a: Gigalith
|-damage|p2a: Gigalith|43/100 par
|-boost|p1a: Beyblade|spe|1
|-sideend|p1: OreoSpeedruns|Stealth Rock|[from] move: Rapid Spin|[of] p1a: Beyblade
|move|p2a: Gigalith|Rock Blast|p1a: Beyblade
|-resisted|p1a: Beyblade
|-crit|p1a: Beyblade
|-damage|p1a: Beyblade|12/100
|-resisted|p1a: Beyblade
|-damage|p1a: Beyblade|7/100
|-hitcount|p1a: Beyblade|2
|
|-heal|p2a: Gigalith|49/100 par|[from] item: Leftovers
|upkeep
|turn|37
|
|t:|1656542256
|move|p1a: Beyblade|Psychic|p2a: Gigalith
|-damage|p2a: Gigalith|33/100 par
|cant|p2a: Gigalith|par
|
|-heal|p2a: Gigalith|39/100 par|[from] item: Leftovers
|upkeep
|turn|38
|
|t:|1656542260
|move|p1a: Beyblade|Earth Power|p2a: Gigalith
|-supereffective|p2a: Gigalith
|-damage|p2a: Gigalith|5/100 par
|move|p2a: Gigalith|Stealth Rock|p1a: Beyblade
|-sidestart|p1: OreoSpeedruns|move: Stealth Rock
|
|-heal|p2a: Gigalith|11/100 par|[from] item: Leftovers
|upkeep
|turn|39
|
|t:|1656542272
|move|p1a: Beyblade|Earth Power|p2a: Gigalith
|-supereffective|p2a: Gigalith
|-damage|p2a: Gigalith|0 fnt
|faint|p2a: Gigalith
|
|upkeep
|
|t:|1656542277
|switch|p2a: Quagsire|Quagsire, M, shiny|100/100
|turn|40
|
|t:|1656542280
|move|p1a: Beyblade|Rapid Spin|p2a: Quagsire
|-damage|p2a: Quagsire|94/100
|-boost|p1a: Beyblade|spe|1
|-sideend|p1: OreoSpeedruns|Stealth Rock|[from] move: Rapid Spin|[of] p1a: Beyblade
|move|p2a: Quagsire|Scald|p1a: Beyblade
|-supereffective|p1a: Beyblade
|-damage|p1a: Beyblade|0 fnt
|faint|p1a: Beyblade
|
|upkeep
|
|t:|1656542288
|switch|p1a: Douglass|Weezing, M, shiny|100/100
|turn|41
|
|t:|1656542292
|switch|p2a: Articuno|Articuno-Galar|88/100
|move|p1a: Douglass|Toxic|p2a: Articuno
|-status|p2a: Articuno|tox
|
|-damage|p2a: Articuno|82/100 tox|[from] psn
|upkeep
|turn|42
|
|t:|1656542295
|move|p2a: Articuno|Hurricane|p1a: Douglass
|-damage|p1a: Douglass|20/100
|-start|p1a: Douglass|confusion
|-activate|p1a: Douglass|confusion
|move|p1a: Douglass|Sludge Bomb|p2a: Articuno
|-damage|p2a: Articuno|51/100 tox
|
|-heal|p1a: Douglass|26/100|[from] item: Black Sludge
|-damage|p2a: Articuno|38/100 tox|[from] psn
|upkeep
|turn|43
|
|t:|1656542312
|switch|p2a: Quagsire|Quagsire, M, shiny|94/100
|-activate|p1a: Douglass|confusion
|move|p1a: Douglass|Sludge Bomb|p2a: Quagsire
|-resisted|p2a: Quagsire
|-damage|p2a: Quagsire|78/100
|
|-heal|p1a: Douglass|32/100|[from] item: Black Sludge
|upkeep
|turn|44
|
|t:|1656542317
|-activate|p1a: Douglass|confusion
|-damage|p1a: Douglass|27/100|[from] confusion
|move|p2a: Quagsire|Scald|p1a: Douglass
|-damage|p1a: Douglass|3/100
|-status|p1a: Douglass|brn
|
|-heal|p1a: Douglass|9/100 brn|[from] item: Black Sludge
|-damage|p1a: Douglass|3/100 brn|[from] brn
|upkeep
|turn|45
|
|t:|1656542323
|-activate|p1a: Douglass|confusion
|move|p1a: Douglass|Toxic|p2a: Quagsire
|-status|p2a: Quagsire|tox
|move|p2a: Quagsire|Recover|p2a: Quagsire
|-heal|p2a: Quagsire|100/100 tox
|
|-heal|p1a: Douglass|9/100 brn|[from] item: Black Sludge
|-damage|p2a: Quagsire|94/100 tox|[from] psn
|-damage|p1a: Douglass|3/100 brn|[from] brn
|upkeep
|turn|46
|
|t:|1656542328
|-end|p1a: Douglass|confusion
|move|p1a: Douglass|Pain Split|p2a: Quagsire
|-sethp|p2a: Quagsire|48/100 tox|[from] move: Pain Split|[silent]
|-sethp|p1a: Douglass|57/100 brn|[from] move: Pain Split
|move|p2a: Quagsire|Scald|p1a: Douglass
|-damage|p1a: Douglass|31/100 brn
|
|-heal|p1a: Douglass|37/100 brn|[from] item: Black Sludge
|-damage|p2a: Quagsire|36/100 tox|[from] psn
|-damage|p1a: Douglass|31/100 brn|[from] brn
|upkeep
|turn|47
|
|t:|1656542336
|move|p1a: Douglass|Pain Split|p2a: Quagsire
|-sethp|p2a: Quagsire|31/100 tox|[from] move: Pain Split|[silent]
|-sethp|p1a: Douglass|37/100 brn|[from] move: Pain Split
|move|p2a: Quagsire|Recover|p2a: Quagsire
|-heal|p2a: Quagsire|81/100 tox
|
|-heal|p1a: Douglass|43/100 brn|[from] item: Black Sludge
|-damage|p2a: Quagsire|63/100 tox|[from] psn
|-damage|p1a: Douglass|37/100 brn|[from] brn
|upkeep
|turn|48
|
|t:|1656542340
|switch|p2a: Articuno|Articuno-Galar|38/100 tox
|move|p1a: Douglass|Pain Split|p2a: Articuno
|-sethp|p2a: Articuno|38/100 tox|[from] move: Pain Split|[silent]
|-sethp|p1a: Douglass|37/100 brn|[from] move: Pain Split
|
|-heal|p1a: Douglass|43/100 brn|[from] item: Black Sludge
|-damage|p2a: Articuno|32/100 tox|[from] psn
|-damage|p1a: Douglass|37/100 brn|[from] brn
|upkeep
|turn|49
|
|t:|1656542345
|move|p2a: Articuno|Hurricane|p1a: Douglass
|-damage|p1a: Douglass|0 fnt
|faint|p1a: Douglass
|
|-damage|p2a: Articuno|20/100 tox|[from] psn
|upkeep
|
|t:|1656542347
|switch|p1a: Arachin|Galvantula, M, shiny|88/100
|turn|50
|
|t:|1656542350
|switch|p2a: Quagsire|Quagsire, M, shiny|63/100 tox
|move|p1a: Arachin|Bug Buzz|p2a: Quagsire
|-damage|p2a: Quagsire|13/100 tox
|
|-damage|p2a: Quagsire|7/100 tox|[from] psn
|upkeep
|turn|51
|
|t:|1656542354
|move|p1a: Arachin|Bug Buzz|p2a: Quagsire
|-damage|p2a: Quagsire|0 fnt
|faint|p2a: Quagsire
|
|upkeep
|
|t:|1656542356
|switch|p2a: Articuno|Articuno-Galar|20/100 tox
|turn|52
|
|t:|1656542359
|move|p1a: Arachin|Bug Buzz|p2a: Articuno
|-damage|p2a: Articuno|0 fnt
|faint|p2a: Articuno
|
|win|OreoSpeedruns
|raw|OreoSpeedruns's rating: 1190 &rarr; <strong>1227</strong><br />(+37 for winning)
|raw|BiscotteKouloulou's rating: 1372 &rarr; <strong>1342</strong><br />(-30 for losing)
||Ladder isn't responding, score probably updated but might not have (Request timeout).
|l|☆OreoSpeedruns
|j|☆OreoSpeedruns
|player|p1|OreoSpeedruns|proton
