|raw|<div class="broadcast-blue"><strong>This battle is required to be public due to a player having a name starting with 'pult4c1'.</div>
|j|☆PULT4C1 Inder
|j|☆PULT4C1 QiYu5
|t:|1660788460
|gametype|singles
|player|p1|PULT4C1 Inder|lyra|1495
|player|p2|PULT4C1 QiYu5|drayden|1510
|teamsize|p1|6
|teamsize|p2|6
|gen|8
|tier|[Gen 8] PU
|rated|
|rule|Sleep Clause Mod: Limit one foe put to sleep
|rule|Species Clause: Limit one of each Pokémon
|rule|OHKO Clause: OHKO moves are banned
|rule|Evasion Items Clause: Evasion items are banned
|rule|Evasion Moves Clause: Evasion moves are banned
|rule|Endless Battle Clause: Forcing endless battles is banned
|rule|HP Percentage Mod: HP is shown in percentages
|rule|Dynamax Clause: You cannot dynamax
|clearpoke
|poke|p1|Doublade, M|
|poke|p1|Vikavolt, M|
|poke|p1|Archeops, M|
|poke|p1|Silvally-*|
|poke|p1|Turtonator, F|
|poke|p1|Druddigon, M|
|poke|p2|Doublade, M|
|poke|p2|Aromatisse, F|
|poke|p2|Gigalith, F|
|poke|p2|Sandslash, F|
|poke|p2|Absol, F|
|poke|p2|Mesprit|
|teampreview
|inactive|Battle timer is ON: inactive players will automatically lose when time's up. (requested by PULT4C1 Inder)
|
|t:|1660788473
|start
|switch|p1a: Doublade|Doublade, M|100/100
|switch|p2a: 死亡如风常伴吾身|Absol, F|100/100
|turn|1
|
|t:|1660788480
|switch|p1a: Silvally|Silvally-Fairy|100/100
|move|p2a: 死亡如风常伴吾身|Knock Off|p1a: Silvally
|-resisted|p1a: Silvally
|-damage|p1a: Silvally|68/100
|
|upkeep
|turn|2
|
|t:|1660788489
|switch|p1a: Druddigon|Druddigon, M|100/100
|-ability|p1a: Druddigon|Mold Breaker
|switch|p2a: 女人只会影响我拔剑的速度|Doublade, M|100/100
|
|upkeep
|turn|3
|
|t:|1660788494
|switch|p2a: 兄弟我们就像是山头滚落的石子|Sandslash, F|100/100
|move|p1a: Druddigon|Earthquake|p2a: 兄弟我们就像是山头滚落的石子
|-damage|p2a: 兄弟我们就像是山头滚落的石子|68/100
|
|-heal|p2a: 兄弟我们就像是山头滚落的石子|74/100|[from] item: Leftovers
|upkeep
|turn|4
|
|t:|1660788499
|move|p2a: 兄弟我们就像是山头滚落的石子|Knock Off|p1a: Druddigon
|-damage|p1a: Druddigon|66/100
|-enditem|p1a: Druddigon|Focus Sash|[from] move: Knock Off|[of] p2a: 兄弟我们就像是山头滚落的石子
|move|p1a: Druddigon|Scale Shot|p2a: 兄弟我们就像是山头滚落的石子
|-damage|p2a: 兄弟我们就像是山头滚落的石子|60/100
|-damage|p2a: 兄弟我们就像是山头滚落的石子|47/100
|-damage|p2a: 兄弟我们就像是山头滚落的石子|33/100
|-hitcount|p2a: 兄弟我们就像是山头滚落的石子|3
|-unboost|p1a: Druddigon|def|1
|-boost|p1a: Druddigon|spe|1
|
|-heal|p2a: 兄弟我们就像是山头滚落的石子|39/100|[from] item: Leftovers
|upkeep
|turn|5
|
|t:|1660788505
|move|p1a: Druddigon|Scale Shot|p2a: 兄弟我们就像是山头滚落的石子
|-damage|p2a: 兄弟我们就像是山头滚落的石子|27/100
|-damage|p2a: 兄弟我们就像是山头滚落的石子|12/100
|-damage|p2a: 兄弟我们就像是山头滚落的石子|0 fnt
|faint|p2a: 兄弟我们就像是山头滚落的石子
|-hitcount|p2: 兄弟我们就像是山头滚落的石子|3
|-unboost|p1a: Druddigon|def|1
|-boost|p1a: Druddigon|spe|1
|
|upkeep
|
|t:|1660788514
|switch|p2a: 全集中岩之呼吸|Gigalith, F|100/100
|-weather|Sandstorm|[from] ability: Sand Stream|[of] p2a: 全集中岩之呼吸
|turn|6
|
|t:|1660788519
|move|p1a: Druddigon|Stealth Rock|p2a: 全集中岩之呼吸
|-sidestart|p2: PULT4C1 QiYu5|move: Stealth Rock
|move|p2a: 全集中岩之呼吸|Rock Blast|p1a: Druddigon
|-damage|p1a: Druddigon|35/100
|-damage|p1a: Druddigon|9/100
|-damage|p1a: Druddigon|0 fnt
|faint|p1a: Druddigon
|-hitcount|p1: Druddigon|3
|
|-weather|Sandstorm|[upkeep]
|upkeep
|
|t:|1660788529
|switch|p1a: Doublade|Doublade, M|100/100
|turn|7
|
|t:|1660788533
|move|p1a: Doublade|Close Combat|p2a: 全集中岩之呼吸
|-supereffective|p2a: 全集中岩之呼吸
|-damage|p2a: 全集中岩之呼吸|43/100
|-unboost|p1a: Doublade|def|1
|-unboost|p1a: Doublade|spd|1
|move|p2a: 全集中岩之呼吸|Stealth Rock|p1a: Doublade
|-sidestart|p1: PULT4C1 Inder|move: Stealth Rock
|
|-weather|Sandstorm|[upkeep]
|-heal|p2a: 全集中岩之呼吸|49/100|[from] item: Leftovers
|upkeep
|turn|8
|
|t:|1660788540
|switch|p2a: 女人只会影响我拔剑的速度|Doublade, M|100/100
|-damage|p2a: 女人只会影响我拔剑的速度|94/100|[from] Stealth Rock
|move|p1a: Doublade|Swords Dance|p1a: Doublade
|-boost|p1a: Doublade|atk|2
|
|-weather|Sandstorm|[upkeep]
|upkeep
|turn|9
|
|t:|1660788545
|move|p2a: 女人只会影响我拔剑的速度|Shadow Sneak|p1a: Doublade
|-supereffective|p1a: Doublade
|-damage|p1a: Doublade|69/100
|move|p1a: Doublade|Shadow Claw|p2a: 女人只会影响我拔剑的速度
|-supereffective|p2a: 女人只会影响我拔剑的速度
|-crit|p2a: 女人只会影响我拔剑的速度
|-damage|p2a: 女人只会影响我拔剑的速度|0 fnt
|faint|p2a: 女人只会影响我拔剑的速度
|
|-weather|Sandstorm|[upkeep]
|upkeep
|
|t:|1660788547
|switch|p2a: 死亡如风常伴吾身|Absol, F|100/100
|-damage|p2a: 死亡如风常伴吾身|88/100|[from] Stealth Rock
|turn|10
|
|t:|1660788552
|move|p2a: 死亡如风常伴吾身|Knock Off|p1a: Doublade
|-supereffective|p1a: Doublade
|-damage|p1a: Doublade|0 fnt
|-enditem|p1a: Doublade|Eviolite|[from] move: Knock Off|[of] p2a: 死亡如风常伴吾身
|faint|p1a: Doublade
|
|-weather|none
|upkeep
|
|t:|1660788555
|switch|p1a: Silvally|Silvally-Fairy|68/100
|-damage|p1a: Silvally|56/100|[from] Stealth Rock
|turn|11
|
|t:|1660788559
|switch|p2a: 代表月亮消灭你|Aromatisse, F|100/100
|-damage|p2a: 代表月亮消灭你|88/100|[from] Stealth Rock
|move|p1a: Silvally|Swords Dance|p1a: Silvally
|-boost|p1a: Silvally|atk|2
|
|-heal|p2a: 代表月亮消灭你|94/100|[from] item: Leftovers
|upkeep
|turn|12
|
|t:|1660788563
|move|p1a: Silvally|Multi-Attack|p2a: 代表月亮消灭你
|-damage|p2a: 代表月亮消灭你|19/100
|move|p2a: 代表月亮消灭你|Moonblast|p1a: Silvally
|-damage|p1a: Silvally|24/100
|
|-heal|p2a: 代表月亮消灭你|25/100|[from] item: Leftovers
|upkeep
|turn|13
|
|t:|1660788568
|switch|p2a: 全集中岩之呼吸|Gigalith, F|49/100
|-damage|p2a: 全集中岩之呼吸|37/100|[from] Stealth Rock
|-weather|Sandstorm|[from] ability: Sand Stream|[of] p2a: 全集中岩之呼吸
|move|p1a: Silvally|Flame Charge|p2a: 全集中岩之呼吸
|-resisted|p2a: 全集中岩之呼吸
|-damage|p2a: 全集中岩之呼吸|27/100
|-boost|p1a: Silvally|spe|1
|
|-weather|Sandstorm|[upkeep]
|-damage|p1a: Silvally|18/100|[from] Sandstorm
|-heal|p2a: 全集中岩之呼吸|33/100|[from] item: Leftovers
|upkeep
|turn|14
|
|t:|1660788570
|move|p2a: 全集中岩之呼吸|Protect|p2a: 全集中岩之呼吸
|-singleturn|p2a: 全集中岩之呼吸|Protect
|move|p1a: Silvally|Multi-Attack|p2a: 全集中岩之呼吸
|-activate|p2a: 全集中岩之呼吸|move: Protect
|
|-weather|Sandstorm|[upkeep]
|-damage|p1a: Silvally|12/100|[from] Sandstorm
|-heal|p2a: 全集中岩之呼吸|40/100|[from] item: Leftovers
|upkeep
|turn|15
|
|t:|1660788574
|switch|p2a: 代表月亮消灭你|Aromatisse, F|25/100
|-damage|p2a: 代表月亮消灭你|13/100|[from] Stealth Rock
|move|p1a: Silvally|Multi-Attack|p2a: 代表月亮消灭你
|-damage|p2a: 代表月亮消灭你|0 fnt
|faint|p2a: 代表月亮消灭你
|
|-weather|Sandstorm|[upkeep]
|-damage|p1a: Silvally|6/100|[from] Sandstorm
|upkeep
|
|t:|1660788577
|switch|p2a: 全集中岩之呼吸|Gigalith, F|40/100
|-damage|p2a: 全集中岩之呼吸|27/100|[from] Stealth Rock
|turn|16
|
|t:|1660788582
|move|p2a: 全集中岩之呼吸|Protect|p2a: 全集中岩之呼吸
|-singleturn|p2a: 全集中岩之呼吸|Protect
|move|p1a: Silvally|Multi-Attack|p2a: 全集中岩之呼吸
|-activate|p2a: 全集中岩之呼吸|move: Protect
|
|-weather|Sandstorm|[upkeep]
|-damage|p1a: Silvally|0 fnt|[from] Sandstorm
|faint|p1a: Silvally
|-heal|p2a: 全集中岩之呼吸|33/100|[from] item: Leftovers
|upkeep
|
|t:|1660788584
|switch|p1a: Archeops|Archeops, M|100/100
|-damage|p1a: Archeops|76/100|[from] Stealth Rock
|turn|17
|
|t:|1660788595
|move|p2a: 全集中岩之呼吸|Protect|p2a: 全集中岩之呼吸
|-singleturn|p2a: 全集中岩之呼吸|Protect
|move|p1a: Archeops|Meteor Beam||[still]
|-prepare|p1a: Archeops|Meteor Beam
|-boost|p1a: Archeops|spa|1
|-enditem|p1a: Archeops|Power Herb
|-anim|p1a: Archeops|Meteor Beam|p2a: 全集中岩之呼吸
|-activate|p2a: 全集中岩之呼吸|move: Protect
|
|-weather|none
|-heal|p2a: 全集中岩之呼吸|40/100|[from] item: Leftovers
|upkeep
|turn|18
|
|t:|1660788603
|switch|p2a: 而你的脸就像田里熟透的蕃茄|Mesprit|100/100
|-damage|p2a: 而你的脸就像田里熟透的蕃茄|88/100|[from] Stealth Rock
|move|p1a: Archeops|Air Slash|p2a: 而你的脸就像田里熟透的蕃茄
|-damage|p2a: 而你的脸就像田里熟透的蕃茄|26/100
|
|upkeep
|turn|19
|
|t:|1660788610
|move|p1a: Archeops|Air Slash|p2a: 而你的脸就像田里熟透的蕃茄
|-damage|p2a: 而你的脸就像田里熟透的蕃茄|0 fnt
|faint|p2a: 而你的脸就像田里熟透的蕃茄
|
|upkeep
|
|t:|1660788611
|switch|p2a: 全集中岩之呼吸|Gigalith, F|40/100
|-damage|p2a: 全集中岩之呼吸|27/100|[from] Stealth Rock
|-weather|Sandstorm|[from] ability: Sand Stream|[of] p2a: 全集中岩之呼吸
|turn|20
|
|t:|1660788614
|move|p2a: 全集中岩之呼吸|Protect|p2a: 全集中岩之呼吸
|-singleturn|p2a: 全集中岩之呼吸|Protect
|move|p1a: Archeops|Earth Power|p2a: 全集中岩之呼吸
|-activate|p2a: 全集中岩之呼吸|move: Protect
|
|-weather|Sandstorm|[upkeep]
|-heal|p2a: 全集中岩之呼吸|33/100|[from] item: Leftovers
|upkeep
|turn|21
|
|t:|1660788617
|move|p1a: Archeops|Earth Power|p2a: 全集中岩之呼吸
|-supereffective|p2a: 全集中岩之呼吸
|-damage|p2a: 全集中岩之呼吸|0 fnt
|faint|p2a: 全集中岩之呼吸
|
|-weather|Sandstorm|[upkeep]
|upkeep
|
|t:|1660788619
|switch|p2a: 死亡如风常伴吾身|Absol, F|88/100
|-damage|p2a: 死亡如风常伴吾身|76/100|[from] Stealth Rock
|turn|22
|
|t:|1660788622
|move|p2a: 死亡如风常伴吾身|Sucker Punch|p1a: Archeops
|-damage|p1a: Archeops|0 fnt
|faint|p1a: Archeops
|
|-weather|Sandstorm|[upkeep]
|-damage|p2a: 死亡如风常伴吾身|70/100|[from] Sandstorm
|upkeep
|
|t:|1660788624
|switch|p1a: Turtonator|Turtonator, F|100/100
|turn|23
|
|t:|1660788628
|move|p2a: 死亡如风常伴吾身|Sucker Punch|p1a: Turtonator
|-damage|p1a: Turtonator|37/100
|move|p1a: Turtonator|Flamethrower|p2a: 死亡如风常伴吾身
|-damage|p2a: 死亡如风常伴吾身|3/100
|
|-weather|Sandstorm|[upkeep]
|-damage|p2a: 死亡如风常伴吾身|0 fnt|[from] Sandstorm
|-damage|p1a: Turtonator|31/100|[from] Sandstorm
|faint|p2a: 死亡如风常伴吾身
|
|win|PULT4C1 Inder
|upkeep
|raw|PULT4C1 Inder's rating: 1495 &rarr; <strong>1516</strong><br />(+21 for winning)
|raw|PULT4C1 QiYu5's rating: 1510 &rarr; <strong>1489</strong><br />(-21 for losing)
|l|☆PULT4C1 QiYu5
|l|☆PULT4C1 Inder
|j|☆PULT4C1 Inder
|player|p1|PULT4C1 Inder|lyra
||Ladder isn't responding, score probably updated but might not have (Request timeout).
