|j|☆kingqueso141
|j|☆Boucstyle Tuning
|t:|1668186795
|gametype|singles
|player|p1|kingqueso141|rosa|1498
|player|p2|Boucstyle Tuning|hiker-gen4|1442
|teamsize|p1|6
|teamsize|p2|6
|gen|8
|tier|[Gen 8] PU
|rated|
|rule|Sleep Clause Mod: Limit one foe put to sleep
|rule|Species Clause: Limit one of each Pokémon
|rule|OHKO Clause: OHKO moves are banned
|rule|Evasion Items Clause: Evasion items are banned
|rule|Evasion Moves Clause: Evasion moves are banned
|rule|Endless Battle Clause: Forcing endless battles is banned
|rule|HP Percentage Mod: HP is shown in percentages
|rule|Dynamax Clause: You cannot dynamax
|clearpoke
|poke|p1|Wishiwashi, F|
|poke|p1|Togedemaru, M|
|poke|p1|Whimsicott, M|
|poke|p1|Charizard, F|
|poke|p1|Gallade, M|
|poke|p1|Doublade, F|
|poke|p2|Perrserker, M|
|poke|p2|Frosmoth, M|
|poke|p2|Mesprit|
|poke|p2|Charizard, M|
|poke|p2|Jellicent, M|
|poke|p2|Quagsire, M|
|teampreview
|
|t:|1668186809
|start
|switch|p1a: Gallade|Gallade, M|100/100
|switch|p2a: Mesprit|Mesprit|100/100
|turn|1
|
|t:|1668186820
|move|p1a: Gallade|Knock Off|p2a: Mesprit
|-supereffective|p2a: Mesprit
|-enditem|p2a: Mesprit|Colbur Berry|[eat]
|-enditem|p2a: Mesprit|Colbur Berry|[weaken]
|-damage|p2a: Mesprit|78/100
|move|p2a: Mesprit|Thunder Wave|p1a: Gallade
|-status|p1a: Gallade|par
|
|upkeep
|turn|2
|
|t:|1668186831
|move|p2a: Mesprit|Stealth Rock|p1a: Gallade
|-sidestart|p1: kingqueso141|move: Stealth Rock
|move|p1a: Gallade|Knock Off|p2a: Mesprit
|-supereffective|p2a: Mesprit
|-damage|p2a: Mesprit|48/100
|
|upkeep
|turn|3
|
|t:|1668186843
|move|p2a: Mesprit|U-turn|p1a: Gallade
|-damage|p1a: Gallade|69/100 par
|
|t:|1668186846
|switch|p2a: Charizard|Charizard, M|100/100|[from]move: U-turn
|cant|p1a: Gallade|par
|
|upkeep
|turn|4
|
|t:|1668186854
|move|p2a: Charizard|Hurricane|p1a: Gallade|[miss]
|-miss|p2a: Charizard|p1a: Gallade
|move|p1a: Gallade|Rock Slide|p2a: Charizard
|-supereffective|p2a: Charizard
|-damage|p2a: Charizard|0 fnt
|faint|p2a: Charizard
|
|upkeep
|
|t:|1668186863
|switch|p2a: Perrserker|Perrserker, M|100/100
|turn|5
|
|t:|1668186866
|move|p2a: Perrserker|U-turn|p1a: Gallade
|-damage|p1a: Gallade|0 fnt
|faint|p1a: Gallade
|
|t:|1668186881
|switch|p2a: Jellicent|Jellicent, M|100/100|[from]move: U-turn
|
|upkeep
|
|t:|1668186888
|switch|p1a: Togedemaru|Togedemaru, M|100/100
|turn|6
|
|t:|1668186894
|switch|p2a: Quagsire|Quagsire, M|100/100
|move|p1a: Togedemaru|U-turn|p2a: Quagsire
|-damage|p2a: Quagsire|89/100
|
|t:|1668186896
|switch|p1a: Whimsicott|Whimsicott, M|100/100|[from]move: U-turn
|-damage|p1a: Whimsicott|88/100|[from] Stealth Rock
|
|-heal|p2a: Quagsire|95/100|[from] item: Leftovers
|upkeep
|turn|7
|
|t:|1668186905
|switch|p2a: Frosmoth|Frosmoth, M|100/100
|move|p1a: Whimsicott|Moonblast|p2a: Frosmoth
|-damage|p2a: Frosmoth|66/100
|
|upkeep
|turn|8
|
|t:|1668186911
|switch|p1a: Togedemaru|Togedemaru, M|100/100
|move|p2a: Frosmoth|Ice Beam|p1a: Togedemaru
|-resisted|p1a: Togedemaru
|-damage|p1a: Togedemaru|81/100
|
|upkeep
|turn|9
|
|t:|1668186917
|switch|p2a: Quagsire|Quagsire, M|95/100
|move|p1a: Togedemaru|Iron Head|p2a: Quagsire
|-resisted|p2a: Quagsire
|-damage|p2a: Quagsire|86/100
|
|-heal|p2a: Quagsire|92/100|[from] item: Leftovers
|upkeep
|turn|10
|
|t:|1668186925
|move|p1a: Togedemaru|Spiky Shield|p1a: Togedemaru
|-singleturn|p1a: Togedemaru|move: Protect
|move|p2a: Quagsire|Protect||[still]
|-fail|p2a: Quagsire
|
|-heal|p2a: Quagsire|98/100|[from] item: Leftovers
|upkeep
|turn|11
|
|t:|1668186932
|move|p1a: Togedemaru|U-turn|p2a: Quagsire
|-damage|p2a: Quagsire|87/100
|
|t:|1668186935
|switch|p1a: Wishiwashi|Wishiwashi, F|100/100|[from]move: U-turn
|-damage|p1a: Wishiwashi|88/100|[from] Stealth Rock
|-formechange|p1a: Wishiwashi|Wishiwashi-School||[from] ability: Schooling
|move|p2a: Quagsire|Toxic|p1a: Wishiwashi|[miss]
|-miss|p2a: Quagsire|p1a: Wishiwashi
|
|-heal|p2a: Quagsire|93/100|[from] item: Leftovers
|-heal|p1a: Wishiwashi|94/100|[from] item: Leftovers
|upkeep
|turn|12
|
|t:|1668186946
|move|p2a: Quagsire|Protect|p2a: Quagsire
|-singleturn|p2a: Quagsire|Protect
|move|p1a: Wishiwashi|Toxic|p2a: Quagsire
|-activate|p2a: Quagsire|move: Protect
|
|-heal|p2a: Quagsire|99/100|[from] item: Leftovers
|-heal|p1a: Wishiwashi|100/100|[from] item: Leftovers
|upkeep
|turn|13
|
|t:|1668186958
|switch|p2a: Mesprit|Mesprit|48/100
|move|p1a: Wishiwashi|Scald|p2a: Mesprit
|-damage|p2a: Mesprit|18/100
|-status|p2a: Mesprit|brn
|
|-damage|p2a: Mesprit|12/100 brn|[from] brn
|upkeep
|turn|14
|
|t:|1668186970
|move|p2a: Mesprit|Knock Off|p1a: Wishiwashi
|-crit|p1a: Wishiwashi
|-damage|p1a: Wishiwashi|85/100
|-enditem|p1a: Wishiwashi|Leftovers|[from] move: Knock Off|[of] p2a: Mesprit
|move|p1a: Wishiwashi|Scald|p2a: Mesprit
|-crit|p2a: Mesprit
|-damage|p2a: Mesprit|0 fnt
|faint|p2a: Mesprit
|
|upkeep
|
|t:|1668186979
|switch|p2a: Perrserker|Perrserker, M|100/100
|turn|15
|
|t:|1668186986
|move|p1a: Wishiwashi|Protect|p1a: Wishiwashi
|-singleturn|p1a: Wishiwashi|Protect
|move|p2a: Perrserker|U-turn|p1a: Wishiwashi
|-activate|p1a: Wishiwashi|move: Protect
|
|upkeep
|turn|16
|
|t:|1668186994
|move|p2a: Perrserker|U-turn|p1a: Wishiwashi
|-damage|p1a: Wishiwashi|45/100
|
|t:|1668186997
|switch|p2a: Jellicent|Jellicent, M|100/100|[from]move: U-turn
|move|p1a: Wishiwashi|U-turn|p2a: Jellicent
|-resisted|p2a: Jellicent
|-damage|p2a: Jellicent|90/100
|
|t:|1668187000
|switch|p1a: Whimsicott|Whimsicott, M|88/100|[from]move: U-turn
|-damage|p1a: Whimsicott|76/100|[from] Stealth Rock
|
|-heal|p2a: Jellicent|96/100|[from] item: Leftovers
|upkeep
|turn|17
|
|t:|1668187007
|move|p1a: Whimsicott|Energy Ball|p2a: Jellicent
|-supereffective|p2a: Jellicent
|-damage|p2a: Jellicent|34/100
|-unboost|p2a: Jellicent|spd|1
|move|p2a: Jellicent|Will-O-Wisp|p1a: Whimsicott|[miss]
|-miss|p2a: Jellicent|p1a: Whimsicott
|
|-heal|p2a: Jellicent|40/100|[from] item: Leftovers
|upkeep
|turn|18
|
|t:|1668187018
|switch|p2a: Perrserker|Perrserker, M|100/100
|move|p1a: Whimsicott|Energy Ball|p2a: Perrserker
|-resisted|p2a: Perrserker
|-damage|p2a: Perrserker|57/100
|
|upkeep
|turn|19
|
|t:|1668187024
|switch|p1a: Wishiwashi|Wishiwashi, F|45/100
|-damage|p1a: Wishiwashi|33/100|[from] Stealth Rock
|-formechange|p1a: Wishiwashi|Wishiwashi-School||[from] ability: Schooling
|move|p2a: Perrserker|U-turn|p1a: Wishiwashi
|-damage|p1a: Wishiwashi|0 fnt
|faint|p1a: Wishiwashi
|
|t:|1668187033
|switch|p2a: Frosmoth|Frosmoth, M|66/100|[from]move: U-turn
|
|upkeep
|
|t:|1668187035
|switch|p1a: Charizard|Charizard, F|100/100
|turn|20
|
|t:|1668187046
|switch|p2a: Quagsire|Quagsire, M|99/100
|move|p1a: Charizard|Flamethrower|p2a: Quagsire
|-resisted|p2a: Quagsire
|-damage|p2a: Quagsire|72/100
|
|-heal|p2a: Quagsire|78/100|[from] item: Leftovers
|upkeep
|turn|21
|
|t:|1668187057
|move|p1a: Charizard|Hurricane|p2a: Quagsire|[miss]
|-miss|p1a: Charizard|p2a: Quagsire
|move|p2a: Quagsire|Recover|p2a: Quagsire
|-heal|p2a: Quagsire|100/100
|
|upkeep
|turn|22
|
|t:|1668187064
|switch|p1a: Whimsicott|Whimsicott, M|76/100
|-damage|p1a: Whimsicott|64/100|[from] Stealth Rock
|move|p2a: Quagsire|Protect||[still]
|-fail|p2a: Quagsire
|
|upkeep
|turn|23
|
|t:|1668187072
|switch|p2a: Frosmoth|Frosmoth, M|66/100
|move|p1a: Whimsicott|Moonblast|p2a: Frosmoth
|-damage|p2a: Frosmoth|34/100
|-unboost|p2a: Frosmoth|spa|1
|
|upkeep
|turn|24
|
|t:|1668187080
|move|p1a: Whimsicott|Moonblast|p2a: Frosmoth
|-damage|p2a: Frosmoth|0 fnt
|faint|p2a: Frosmoth
|
|upkeep
|
|t:|1668187085
|switch|p2a: Perrserker|Perrserker, M|57/100
|turn|25
|
|t:|1668187092
|switch|p1a: Togedemaru|Togedemaru, M|81/100
|move|p2a: Perrserker|U-turn|p1a: Togedemaru
|-resisted|p1a: Togedemaru
|-damage|p1a: Togedemaru|46/100
|-damage|p2a: Perrserker|45/100|[from] ability: Iron Barbs|[of] p1a: Togedemaru
|
|t:|1668187098
|switch|p2a: Quagsire|Quagsire, M|100/100|[from]move: U-turn
|
|upkeep
|turn|26
|
|t:|1668187104
|move|p1a: Togedemaru|Wish|p1a: Togedemaru
|move|p2a: Quagsire|Toxic|p1a: Togedemaru
|-immune|p1a: Togedemaru
|
|upkeep
|turn|27
|
|t:|1668187112
|move|p1a: Togedemaru|U-turn|p2a: Quagsire
|-damage|p2a: Quagsire|89/100
|
|t:|1668187113
|switch|p1a: Whimsicott|Whimsicott, M|64/100|[from]move: U-turn
|-damage|p1a: Whimsicott|51/100|[from] Stealth Rock
|move|p2a: Quagsire|Scald|p1a: Whimsicott
|-resisted|p1a: Whimsicott
|-damage|p1a: Whimsicott|35/100
|
|-heal|p1a: Whimsicott|99/100|[from] move: Wish|[wisher] Togedemaru
|-heal|p2a: Quagsire|95/100|[from] item: Leftovers
|upkeep
|turn|28
|
|t:|1668187125
|move|p2a: Quagsire|Protect|p2a: Quagsire
|-singleturn|p2a: Quagsire|Protect
|move|p1a: Whimsicott|Energy Ball|p2a: Quagsire
|-activate|p2a: Quagsire|move: Protect
|
|-heal|p2a: Quagsire|100/100|[from] item: Leftovers
|upkeep
|turn|29
|
|t:|1668187135
|switch|p2a: Jellicent|Jellicent, M|40/100
|move|p1a: Whimsicott|Energy Ball|p2a: Jellicent
|-supereffective|p2a: Jellicent
|-damage|p2a: Jellicent|0 fnt
|faint|p2a: Jellicent
|
|upkeep
|
|t:|1668187142
|switch|p2a: Perrserker|Perrserker, M|45/100
|turn|30
|
|t:|1668187147
|switch|p1a: Togedemaru|Togedemaru, M|46/100
|move|p2a: Perrserker|Iron Head|p1a: Togedemaru
|-resisted|p1a: Togedemaru
|-damage|p1a: Togedemaru|16/100
|-damage|p2a: Perrserker|32/100|[from] ability: Iron Barbs|[of] p1a: Togedemaru
|
|upkeep
|turn|31
|
|t:|1668187155
|move|p1a: Togedemaru|Spiky Shield|p1a: Togedemaru
|-singleturn|p1a: Togedemaru|move: Protect
|move|p2a: Perrserker|Iron Head|p1a: Togedemaru
|-activate|p1a: Togedemaru|move: Protect
|-damage|p2a: Perrserker|20/100|[from] Spiky Shield|[of] p1a: Togedemaru
|
|upkeep
|turn|32
|
|t:|1668187162
|move|p1a: Togedemaru|Iron Head|p2a: Perrserker
|-resisted|p2a: Perrserker
|-damage|p2a: Perrserker|4/100
|move|p2a: Perrserker|Iron Head|p1a: Togedemaru
|-resisted|p1a: Togedemaru
|-damage|p1a: Togedemaru|0 fnt
|-damage|p2a: Perrserker|0 fnt|[from] ability: Iron Barbs|[of] p1a: Togedemaru
|faint|p1a: Togedemaru
|faint|p2a: Perrserker
|
|upkeep
|
|t:|1668187170
|switch|p1a: Whimsicott|Whimsicott, M|99/100
|switch|p2a: Quagsire|Quagsire, M|100/100
|-damage|p1a: Whimsicott|87/100|[from] Stealth Rock
|turn|33
|-message|Boucstyle Tuning forfeited.
|
|win|kingqueso141
|raw|kingqueso141's rating: 1498 &rarr; <strong>1515</strong><br />(+17 for winning)
|raw|Boucstyle Tuning's rating: 1442 &rarr; <strong>1425</strong><br />(-17 for losing)
|l|☆Boucstyle Tuning
