|j|☆PedroGreg
|j|☆cafay sen sukr
|t:|1615061897
|player|p1|PedroGreg|elesa|1515
|player|p2|cafay sen sukr|swimmer-gen4dp|1503
|teamsize|p1|6
|teamsize|p2|6
|gametype|singles
|gen|8
|tier|[Gen 8] PU
|rated|
|clearpoke
|poke|p1|Virizion|
|poke|p1|Stunfisk-Galar, F|
|poke|p1|Weezing, F|
|poke|p1|Vaporeon, F|
|poke|p1|Charizard, M|
|poke|p1|Gallade, M|
|poke|p2|Silvally-*|
|poke|p2|Galvantula, M|
|poke|p2|Exeggutor, F|
|poke|p2|Archeops, F|
|poke|p2|Braviary, M|
|poke|p2|Qwilfish, F|
|rule|Sleep Clause Mod: Limit one foe put to sleep
|rule|Species Clause: Limit one of each Pokémon
|rule|OHKO Clause: OHKO moves are banned
|rule|Evasion Moves Clause: Evasion moves are banned
|rule|Endless Battle Clause: Forcing endless battles is banned
|rule|HP Percentage Mod: HP is shown in percentages
|rule|Dynamax Clause: You cannot dynamax
|teampreview
|
|t:|1615061913
|start
|switch|p1a: Gallade|Gallade, M|100/100
|switch|p2a: Galvantula|Galvantula, M|100/100
|turn|1
|
|t:|1615061924
|move|p1a: Gallade|Psycho Cut|p2a: Galvantula
|-damage|p2a: Galvantula|41/100
|move|p2a: Galvantula|Sticky Web|p1a: Gallade
|-sidestart|p1: PedroGreg|move: Sticky Web
|
|upkeep
|turn|2
|
|t:|1615061930
|switch|p2a: Exeggutor|Exeggutor, F|100/100
|move|p1a: Gallade|Psycho Cut|p2a: Exeggutor
|-resisted|p2a: Exeggutor
|-damage|p2a: Exeggutor|79/100
|
|upkeep
|turn|3
|
|t:|1615061944
|switch|p1a: Charizard|Charizard, M|100/100
|move|p2a: Exeggutor|Psychic|p1a: Charizard
|-damage|p1a: Charizard|8/100
|
|upkeep
|turn|4
|
|t:|1615061948
|switch|p2a: Archeops|Archeops, F|100/100
|move|p1a: Charizard|Defog|p2a: Archeops
|-unboost|p2a: Archeops|evasion|1
|-sideend|p1: PedroGreg|Sticky Web|[from] move: Defog|[of] p1a: Charizard
|
|upkeep
|turn|5
|
|t:|1615061953
|move|p2a: Archeops|Stealth Rock|p1a: Charizard
|-sidestart|p1: PedroGreg|move: Stealth Rock
|move|p1a: Charizard|Fire Blast|p2a: Archeops
|-resisted|p2a: Archeops
|-damage|p2a: Archeops|37/100
|
|upkeep
|turn|6
|
|t:|1615061957
|switch|p1a: Stunfisk|Stunfisk-Galar, F|100/100
|-damage|p1a: Stunfisk|97/100|[from] Stealth Rock
|move|p2a: Archeops|Roost|p2a: Archeops
|-heal|p2a: Archeops|87/100
|-singleturn|p2a: Archeops|move: Roost
|
|-heal|p1a: Stunfisk|100/100|[from] item: Leftovers
|upkeep
|turn|7
|
|t:|1615061961
|move|p2a: Archeops|Earthquake|p1a: Stunfisk
|-supereffective|p1a: Stunfisk
|-damage|p1a: Stunfisk|38/100
|move|p1a: Stunfisk|Stealth Rock|p2a: Archeops
|-sidestart|p2: cafay sen sukr|move: Stealth Rock
|
|-heal|p1a: Stunfisk|44/100|[from] item: Leftovers
|upkeep
|turn|8
|
|t:|1615061967
|switch|p2a: Exeggutor|Exeggutor, F|79/100
|-damage|p2a: Exeggutor|66/100|[from] Stealth Rock
|move|p1a: Stunfisk|Protect||[still]
|-fail|p1a: Stunfisk
|
|-heal|p1a: Stunfisk|50/100|[from] item: Leftovers
|upkeep
|turn|9
|
|t:|1615061974
|move|p1a: Stunfisk|Protect|p1a: Stunfisk
|-singleturn|p1a: Stunfisk|Protect
|move|p2a: Exeggutor|Giga Drain|p1a: Stunfisk
|-activate|p1a: Stunfisk|move: Protect
|
|-heal|p1a: Stunfisk|56/100|[from] item: Leftovers
|upkeep
|turn|10
|
|t:|1615061983
|switch|p1a: Virizion|Virizion|100/100
|-damage|p1a: Virizion|94/100|[from] Stealth Rock
|move|p2a: Exeggutor|Giga Drain|p1a: Virizion
|-resisted|p1a: Virizion
|-damage|p1a: Virizion|71/100
|-heal|p2a: Exeggutor|78/100|[from] drain|[of] p1a: Virizion
|
|upkeep
|turn|11
|
|t:|1615061994
|switch|p2a: Qwilfish|Qwilfish, F|100/100
|-damage|p2a: Qwilfish|88/100|[from] Stealth Rock
|-ability|p2a: Qwilfish|Intimidate|boost
|-unboost|p1a: Virizion|atk|1
|move|p1a: Virizion|Swords Dance|p1a: Virizion
|-boost|p1a: Virizion|atk|2
|
|upkeep
|turn|12
|
|t:|1615062002
|move|p1a: Virizion|Leaf Blade|p2a: Qwilfish
|-damage|p2a: Qwilfish|15/100
|-damage|p1a: Virizion|55/100|[from] item: Rocky Helmet|[of] p2a: Qwilfish
|-damage|p1a: Virizion|45/100|[from] item: Life Orb
|move|p2a: Qwilfish|Toxic Spikes|p1a: Virizion
|-sidestart|p1: PedroGreg|move: Toxic Spikes
|
|upkeep
|turn|13
|
|t:|1615062007
|move|p1a: Virizion|Leaf Blade|p2a: Qwilfish
|-damage|p2a: Qwilfish|0 fnt
|-damage|p1a: Virizion|29/100|[from] item: Rocky Helmet|[of] p2a: Qwilfish
|-damage|p1a: Virizion|19/100|[from] item: Life Orb
|faint|p2a: Qwilfish
|
|upkeep
|
|t:|1615062027
|switch|p2a: Archeops|Archeops, F|87/100
|turn|14
|
|t:|1615062031
|switch|p1a: Weezing|Weezing, F|100/100
|-damage|p1a: Weezing|88/100|[from] Stealth Rock
|move|p2a: Archeops|Earthquake|p1a: Weezing
|-immune|p1a: Weezing|[from] ability: Levitate
|
|-heal|p1a: Weezing|94/100|[from] item: Black Sludge
|upkeep
|turn|15
|
|t:|1615062056
|switch|p2a: Galvantula|Galvantula, M|41/100
|-damage|p2a: Galvantula|16/100|[from] Stealth Rock
|move|p1a: Weezing|Sludge Bomb|p2a: Galvantula
|-damage|p2a: Galvantula|0 fnt
|faint|p2a: Galvantula
|
|-heal|p1a: Weezing|99/100|[from] item: Black Sludge
|upkeep
|
|t:|1615062059
|switch|p2a: Silvally|Silvally-Ghost|100/100
|-damage|p2a: Silvally|88/100|[from] Stealth Rock
|turn|16
|
|t:|1615062062
|move|p2a: Silvally|Substitute|p2a: Silvally
|-start|p2a: Silvally|Substitute
|-damage|p2a: Silvally|63/100
|move|p1a: Weezing|Will-O-Wisp|p2a: Silvally|[miss]
|-miss|p1a: Weezing|p2a: Silvally
|
|-heal|p1a: Weezing|100/100|[from] item: Black Sludge
|upkeep
|turn|17
|
|t:|1615062067
|switch|p1a: Charizard|Charizard, M|8/100
|move|p2a: Silvally|Swords Dance|p2a: Silvally
|-boost|p2a: Silvally|atk|2
|
|upkeep
|turn|18
|
|t:|1615062076
|move|p1a: Charizard|Defog|p2a: Silvally
|-sideend|p2: cafay sen sukr|Stealth Rock|[from] move: Defog|[of] p1a: Charizard
|-sideend|p1: PedroGreg|Toxic Spikes|[from] move: Defog|[of] p1a: Charizard
|-sideend|p1: PedroGreg|Stealth Rock|[from] move: Defog|[of] p1a: Charizard
|move|p2a: Silvally|Multi-Attack|p1a: Charizard
|-damage|p1a: Charizard|0 fnt
|faint|p1a: Charizard
|
|upkeep
|
|t:|1615062087
|switch|p1a: Vaporeon|Vaporeon, F|100/100
|turn|19
|
|t:|1615062092
|move|p2a: Silvally|Multi-Attack|p1a: Vaporeon
|-damage|p1a: Vaporeon|29/100
|move|p1a: Vaporeon|Scald|p2a: Silvally
|-end|p2a: Silvally|Substitute
|
|-heal|p1a: Vaporeon|35/100|[from] item: Leftovers
|upkeep
|turn|20
|
|t:|1615062105
|move|p2a: Silvally|Multi-Attack|p1a: Vaporeon
|-damage|p1a: Vaporeon|0 fnt
|faint|p1a: Vaporeon
|
|upkeep
|
|t:|1615062110
|switch|p1a: Virizion|Virizion|19/100
|turn|21
|
|t:|1615062113
|move|p1a: Virizion|Leaf Blade|p2a: Silvally
|-crit|p2a: Silvally
|-damage|p2a: Silvally|0 fnt
|-damage|p1a: Virizion|9/100|[from] item: Life Orb
|faint|p2a: Silvally
|
|upkeep
|
|t:|1615062137
|switch|p2a: Archeops|Archeops, F|87/100
|turn|22
|
|t:|1615062145
|switch|p1a: Weezing|Weezing, F|100/100
|move|p2a: Archeops|Stone Edge|p1a: Weezing|[miss]
|-miss|p2a: Archeops|p1a: Weezing
|
|upkeep
|turn|23
|
|t:|1615062155
|move|p2a: Archeops|Stone Edge|p1a: Weezing
|-damage|p1a: Weezing|62/100
|move|p1a: Weezing|Sludge Bomb|p2a: Archeops
|-resisted|p2a: Archeops
|-damage|p2a: Archeops|64/100
|-status|p2a: Archeops|psn
|
|-heal|p1a: Weezing|68/100|[from] item: Black Sludge
|-damage|p2a: Archeops|52/100 psn|[from] psn
|upkeep
|turn|24
|
|t:|1615062163
|move|p2a: Archeops|Roost|p2a: Archeops
|-heal|p2a: Archeops|100/100 psn
|-singleturn|p2a: Archeops|move: Roost
|move|p1a: Weezing|Sludge Bomb|p2a: Archeops
|-resisted|p2a: Archeops
|-crit|p2a: Archeops
|-damage|p2a: Archeops|65/100 psn
|
|-heal|p1a: Weezing|74/100|[from] item: Black Sludge
|-damage|p2a: Archeops|53/100 psn|[from] psn
|upkeep
|turn|25
|
|t:|1615062167
|move|p2a: Archeops|Roost|p2a: Archeops
|-heal|p2a: Archeops|100/100 psn
|-singleturn|p2a: Archeops|move: Roost
|move|p1a: Weezing|Sludge Bomb|p2a: Archeops
|-resisted|p2a: Archeops
|-damage|p2a: Archeops|80/100 psn
|
|-heal|p1a: Weezing|80/100|[from] item: Black Sludge
|-damage|p2a: Archeops|68/100 psn|[from] psn
|upkeep
|turn|26
|
|t:|1615062171
|move|p2a: Archeops|Stone Edge|p1a: Weezing
|-damage|p1a: Weezing|46/100
|move|p1a: Weezing|Sludge Bomb|p2a: Archeops
|-resisted|p2a: Archeops
|-damage|p2a: Archeops|45/100 psn
|
|-heal|p1a: Weezing|52/100|[from] item: Black Sludge
|-damage|p2a: Archeops|32/100 psn|[from] psn
|upkeep
|turn|27
|
|t:|1615062174
|switch|p1a: Gallade|Gallade, M|100/100
|move|p2a: Archeops|Roost|p2a: Archeops
|-heal|p2a: Archeops|83/100 psn
|-singleturn|p2a: Archeops|move: Roost
|
|-damage|p2a: Archeops|70/100 psn|[from] psn
|upkeep
|turn|28
|
|t:|1615062182
|move|p1a: Gallade|Close Combat|p2a: Archeops
|-crit|p2a: Archeops
|-damage|p2a: Archeops|0 fnt
|-unboost|p1a: Gallade|def|1
|-unboost|p1a: Gallade|spd|1
|faint|p2a: Archeops
|
|upkeep
|
|t:|1615062184
|switch|p2a: Exeggutor|Exeggutor, F|78/100
|turn|29
|
|t:|1615062193
|switch|p1a: Stunfisk|Stunfisk-Galar, F|56/100
|move|p2a: Exeggutor|Giga Drain|p1a: Stunfisk
|-damage|p1a: Stunfisk|20/100
|-heal|p2a: Exeggutor|100/100|[from] drain|[of] p1a: Stunfisk
|
|-heal|p1a: Stunfisk|26/100|[from] item: Leftovers
|upkeep
|turn|30
|
|t:|1615062199
|move|p1a: Stunfisk|Protect|p1a: Stunfisk
|-singleturn|p1a: Stunfisk|Protect
|move|p2a: Exeggutor|Giga Drain|p1a: Stunfisk
|-activate|p1a: Stunfisk|move: Protect
|
|-heal|p1a: Stunfisk|32/100|[from] item: Leftovers
|upkeep
|turn|31
|
|t:|1615062204
|move|p1a: Stunfisk|Protect|p1a: Stunfisk
|-singleturn|p1a: Stunfisk|Protect
|move|p2a: Exeggutor|Giga Drain|p1a: Stunfisk
|-activate|p1a: Stunfisk|move: Protect
|
|-heal|p1a: Stunfisk|39/100|[from] item: Leftovers
|upkeep
|turn|32
|c|☆cafay sen sukr|lol
|
|t:|1615062208
|move|p2a: Exeggutor|Giga Drain|p1a: Stunfisk
|-damage|p1a: Stunfisk|2/100
|move|p1a: Stunfisk|Stealth Rock|p2a: Exeggutor
|-sidestart|p2: cafay sen sukr|move: Stealth Rock
|
|-heal|p1a: Stunfisk|8/100|[from] item: Leftovers
|upkeep
|turn|33
|
|t:|1615062211
|move|p2a: Exeggutor|Giga Drain|p1a: Stunfisk
|-damage|p1a: Stunfisk|0 fnt
|faint|p1a: Stunfisk
|
|upkeep
|
|t:|1615062217
|switch|p1a: Gallade|Gallade, M|100/100
|turn|34
|
|t:|1615062221
|move|p1a: Gallade|Knock Off|p2a: Exeggutor
|-supereffective|p2a: Exeggutor
|-damage|p2a: Exeggutor|29/100
|-enditem|p2a: Exeggutor|Choice Specs|[from] move: Knock Off|[of] p1a: Gallade
|move|p2a: Exeggutor|Giga Drain|p1a: Gallade
|-damage|p1a: Gallade|61/100
|-heal|p2a: Exeggutor|45/100|[from] drain|[of] p1a: Gallade
|
|upkeep
|turn|35
|
|t:|1615062228
|move|p1a: Gallade|Knock Off|p2a: Exeggutor
|-supereffective|p2a: Exeggutor
|-damage|p2a: Exeggutor|0 fnt
|faint|p2a: Exeggutor
|
|upkeep
|
|t:|1615062230
|switch|p2a: Braviary|Braviary, M|100/100
|-damage|p2a: Braviary|76/100|[from] Stealth Rock
|turn|36
|
|t:|1615062235
|move|p2a: Braviary|Brave Bird|p1a: Gallade
|-supereffective|p1a: Gallade
|-damage|p1a: Gallade|0 fnt
|-damage|p2a: Braviary|59/100|[from] Recoil
|faint|p1a: Gallade
|
|upkeep
|
|t:|1615062238
|switch|p1a: Weezing|Weezing, F|52/100
|turn|37
|
|t:|1615062242
|move|p2a: Braviary|Brave Bird|p1a: Weezing
|-damage|p1a: Weezing|9/100
|-damage|p2a: Braviary|46/100|[from] Recoil
|move|p1a: Weezing|Sludge Bomb|p2a: Braviary
|-damage|p2a: Braviary|14/100
|
|-heal|p1a: Weezing|15/100|[from] item: Black Sludge
|upkeep
|turn|38
|
|t:|1615062249
|move|p2a: Braviary|Brave Bird|p1a: Weezing
|-damage|p1a: Weezing|0 fnt
|-damage|p2a: Braviary|9/100|[from] Recoil
|faint|p1a: Weezing
|
|upkeep
|-message|PedroGreg forfeited.
|
|win|cafay sen sukr
|l|☆PedroGreg
||Ladder (probably) updated, but score could not be retrieved (Request timeout).
