|j|☆Qeltarion
|j|☆Allejo 07
|t:|1640775193
|gametype|singles
|player|p1|Qeltarion|burglar|1363
|player|p2|Allejo 07|burglar|1434
|teamsize|p1|6
|teamsize|p2|6
|gen|8
|tier|[Gen 8] PU
|rated|
|rule|Sleep Clause Mod: Limit one foe put to sleep
|rule|Species Clause: Limit one of each Pokémon
|rule|OHKO Clause: OHKO moves are banned
|rule|Evasion Moves Clause: Evasion moves are banned
|rule|Endless Battle Clause: Forcing endless battles is banned
|rule|HP Percentage Mod: HP is shown in percentages
|rule|Dynamax Clause: You cannot dynamax
|clearpoke
|poke|p1|Pinsir, M|
|poke|p1|Swirlix, M|
|poke|p1|Sandaconda, M|
|poke|p1|Hitmontop, M|
|poke|p1|Absol, M|
|poke|p1|Frosmoth, M|
|poke|p2|Charizard, M|
|poke|p2|Type: Null|
|poke|p2|Sandaconda, F|
|poke|p2|Hattrem, F|
|poke|p2|Hitmonlee, M|
|poke|p2|Togedemaru, M|
|teampreview
|
|t:|1640775226
|start
|switch|p1a: Swirlix|Swirlix, M|100/100
|switch|p2a: Flash Cannon|Togedemaru, M|100/100
|turn|1
|
|t:|1640775249
|switch|p2a: Reflect|Hattrem, F|100/100
|move|p1a: Swirlix|Flamethrower|p2a: Reflect
|-damage|p2a: Reflect|83/100
|
|upkeep
|turn|2
|
|t:|1640775261
|switch|p1a: Absol|Absol, M|100/100
|move|p2a: Reflect|Psychic|p1a: Absol
|-immune|p1a: Absol
|
|upkeep
|turn|3
|
|t:|1640775281
|switch|p2a: Fissure|Sandaconda, F, shiny|100/100
|move|p1a: Absol|Knock Off|p2a: Fissure
|-crit|p2a: Fissure
|-damage|p2a: Fissure|50/100
|-damage|p1a: Absol|84/100|[from] item: Rocky Helmet|[of] p2a: Fissure
|-enditem|p2a: Fissure|Rocky Helmet|[from] move: Knock Off|[of] p1a: Absol
|
|upkeep
|turn|4
|
|t:|1640775296
|switch|p1a: Sandaconda|Sandaconda, M|100/100
|move|p2a: Fissure|Stealth Rock|p1a: Sandaconda
|-sidestart|p1: Qeltarion|move: Stealth Rock
|
|upkeep
|turn|5
|
|t:|1640775310
|switch|p2a: Reflect|Hattrem, F|83/100
|move|p1a: Sandaconda|Coil|p1a: Sandaconda
|-boost|p1a: Sandaconda|atk|1
|-boost|p1a: Sandaconda|def|1
|-boost|p1a: Sandaconda|accuracy|1
|
|upkeep
|turn|6
|inactive|Battle timer is ON: inactive players will automatically lose when time's up. (requested by Allejo 07)
|
|t:|1640775318
|move|p1a: Sandaconda|Scale Shot|p2a: Reflect
|-damage|p2a: Reflect|74/100
|-damage|p2a: Reflect|67/100
|-damage|p2a: Reflect|59/100
|-hitcount|p2a: Reflect|3
|-unboost|p1a: Sandaconda|def|1
|-boost|p1a: Sandaconda|spe|1
|move|p2a: Reflect|Psychic|p1a: Sandaconda
|-damage|p1a: Sandaconda|60/100
|
|-heal|p1a: Sandaconda|66/100|[from] item: Leftovers
|upkeep
|turn|7
|
|t:|1640775334
|move|p1a: Sandaconda|Earthquake|p2a: Reflect
|-damage|p2a: Reflect|17/100
|move|p2a: Reflect|Psychic|p1a: Sandaconda
|-damage|p1a: Sandaconda|24/100
|
|-heal|p1a: Sandaconda|30/100|[from] item: Leftovers
|upkeep
|turn|8
|
|t:|1640775345
|switch|p2a: Doubledge|Type: Null|100/100
|move|p1a: Sandaconda|Scale Shot|p2a: Doubledge
|-damage|p2a: Doubledge|94/100
|-damage|p2a: Doubledge|88/100
|-hitcount|p2a: Doubledge|2
|-unboost|p1a: Sandaconda|def|1
|-boost|p1a: Sandaconda|spe|1
|
|-heal|p1a: Sandaconda|36/100|[from] item: Leftovers
|upkeep
|turn|9
|
|t:|1640775356
|move|p1a: Sandaconda|Coil|p1a: Sandaconda
|-boost|p1a: Sandaconda|atk|1
|-boost|p1a: Sandaconda|def|1
|-boost|p1a: Sandaconda|accuracy|1
|move|p2a: Doubledge|Toxic|p1a: Sandaconda
|-status|p1a: Sandaconda|tox
|
|-heal|p1a: Sandaconda|42/100 tox|[from] item: Leftovers
|-damage|p1a: Sandaconda|36/100 tox|[from] psn
|upkeep
|turn|10
|
|t:|1640775366
|move|p1a: Sandaconda|Earthquake|p2a: Doubledge
|-damage|p2a: Doubledge|31/100
|move|p2a: Doubledge|U-turn|p1a: Sandaconda
|-damage|p1a: Sandaconda|22/100 tox
|
|t:|1640775373
|switch|p2a: Double kick|Hitmonlee, M|100/100|[from]move: U-turn
|
|-heal|p1a: Sandaconda|28/100 tox|[from] item: Leftovers
|-damage|p1a: Sandaconda|16/100 tox|[from] psn
|upkeep
|turn|11
|
|t:|1640775380
|move|p2a: Double kick|Mach Punch|p1a: Sandaconda
|-damage|p1a: Sandaconda|0 fnt
|faint|p1a: Sandaconda
|
|upkeep
|
|t:|1640775388
|switch|p1a: Hitmontop|Hitmontop, M|100/100
|turn|12
|
|t:|1640775392
|switch|p2a: Fissure|Sandaconda, F, shiny|50/100
|move|p1a: Hitmontop|Rapid Spin|p2a: Fissure
|-damage|p2a: Fissure|36/100
|-boost|p1a: Hitmontop|spe|1
|-sideend|p1: Qeltarion|Stealth Rock|[from] move: Rapid Spin|[of] p1a: Hitmontop
|
|upkeep
|turn|13
|
|t:|1640775397
|move|p1a: Hitmontop|Triple Axel|p2a: Fissure
|-supereffective|p2a: Fissure
|-damage|p2a: Fissure|25/100
|-supereffective|p2a: Fissure
|-damage|p2a: Fissure|2/100
|-hitcount|p2a: Fissure|2
|move|p2a: Fissure|Rest|p2a: Fissure
|-status|p2a: Fissure|slp|[from] move: Rest
|-heal|p2a: Fissure|100/100 slp|[silent]
|
|upkeep
|turn|14
|
|t:|1640775408
|move|p1a: Hitmontop|Triple Axel|p2a: Fissure
|-supereffective|p2a: Fissure
|-damage|p2a: Fissure|90/100 slp
|-supereffective|p2a: Fissure
|-damage|p2a: Fissure|68/100 slp
|-supereffective|p2a: Fissure
|-damage|p2a: Fissure|34/100 slp
|-hitcount|p2a: Fissure|3
|cant|p2a: Fissure|slp
|
|upkeep
|turn|15
|
|t:|1640775418
|move|p1a: Hitmontop|Rapid Spin|p2a: Fissure
|-damage|p2a: Fissure|19/100 slp
|-boost|p1a: Hitmontop|spe|1
|cant|p2a: Fissure|slp
|
|upkeep
|turn|16
|j| don capuccino
|
|t:|1640775428
|move|p1a: Hitmontop|Mach Punch|p2a: Fissure
|-damage|p2a: Fissure|2/100 slp
|-curestatus|p2a: Fissure|slp|[msg]
|move|p2a: Fissure|Rest|p2a: Fissure
|-status|p2a: Fissure|slp|[from] move: Rest
|-heal|p2a: Fissure|100/100 slp|[silent]
|
|upkeep
|turn|17
|
|t:|1640775437
|move|p1a: Hitmontop|Triple Axel|p2a: Fissure
|-supereffective|p2a: Fissure
|-damage|p2a: Fissure|88/100 slp
|-supereffective|p2a: Fissure
|-damage|p2a: Fissure|64/100 slp
|-hitcount|p2a: Fissure|2
|cant|p2a: Fissure|slp
|
|-activate|p2a: Fissure|ability: Shed Skin
|-curestatus|p2a: Fissure|slp|[msg]
|upkeep
|turn|18
|
|t:|1640775442
|move|p1a: Hitmontop|Triple Axel|p2a: Fissure
|-supereffective|p2a: Fissure
|-damage|p2a: Fissure|52/100
|-supereffective|p2a: Fissure
|-damage|p2a: Fissure|30/100
|-supereffective|p2a: Fissure
|-damage|p2a: Fissure|0 fnt
|faint|p2a: Fissure
|-hitcount|p2: Fissure|3
|
|upkeep
|
|t:|1640775445
|switch|p2a: Overheat|Charizard, M, shiny|100/100
|turn|19
|
|t:|1640775458
|move|p1a: Hitmontop|Triple Axel|p2a: Overheat
|-damage|p2a: Overheat|88/100
|-damage|p2a: Overheat|62/100
|-damage|p2a: Overheat|24/100
|-hitcount|p2a: Overheat|3
|move|p2a: Overheat|Hurricane|p1a: Hitmontop
|-supereffective|p1a: Hitmontop
|-damage|p1a: Hitmontop|0 fnt
|faint|p1a: Hitmontop
|
|upkeep
|inactive|Qeltarion has 120 seconds left.
|
|t:|1640775486
|switch|p1a: Swirlix|Swirlix, M|100/100
|turn|20
|inactive|Qeltarion has 120 seconds left.
|
|t:|1640775497
|switch|p2a: Reflect|Hattrem, F|17/100
|move|p1a: Swirlix|Flamethrower|p2a: Reflect
|-damage|p2a: Reflect|0 fnt
|faint|p2a: Reflect
|
|upkeep
|
|t:|1640775504
|switch|p2a: Flash Cannon|Togedemaru, M|100/100
|turn|21
|
|t:|1640775514
|move|p2a: Flash Cannon|Iron Head|p1a: Swirlix
|-supereffective|p1a: Swirlix
|-enditem|p1a: Swirlix|Focus Sash
|-damage|p1a: Swirlix|1/100
|move|p1a: Swirlix|Sticky Web|p2a: Flash Cannon
|-sidestart|p2: Allejo 07|move: Sticky Web
|
|upkeep
|turn|22
|
|t:|1640775525
|switch|p2a: Doubledge|Type: Null|31/100
|-activate|p2a: Doubledge|move: Sticky Web
|-unboost|p2a: Doubledge|spe|1
|move|p1a: Swirlix|Endeavor|p2a: Doubledge
|-damage|p2a: Doubledge|1/100
|
|upkeep
|turn|23
|j| Kyurem
|
|t:|1640775528
|move|p1a: Swirlix|Flamethrower|p2a: Doubledge
|-damage|p2a: Doubledge|0 fnt
|faint|p2a: Doubledge
|
|upkeep
|
|t:|1640775530
|switch|p2a: Double kick|Hitmonlee, M|100/100
|-activate|p2a: Double kick|move: Sticky Web
|-unboost|p2a: Double kick|spe|1
|turn|24
|
|t:|1640775542
|move|p2a: Double kick|Mach Punch|p1a: Swirlix
|-resisted|p1a: Swirlix
|-damage|p1a: Swirlix|0 fnt
|faint|p1a: Swirlix
|
|upkeep
|
|t:|1640775546
|switch|p1a: Pinsir|Pinsir, M|100/100
|-ability|p1a: Pinsir|Mold Breaker
|turn|25
|
|t:|1640775561
|switch|p2a: Overheat|Charizard, M, shiny|24/100
|move|p1a: Pinsir|Knock Off|p2a: Overheat
|-damage|p2a: Overheat|0 fnt
|-enditem|p2a: Overheat|Choice Specs|[from] move: Knock Off|[of] p1a: Pinsir
|faint|p2a: Overheat
|
|upkeep
|
|t:|1640775576
|switch|p2a: Double kick|Hitmonlee, M|100/100
|-activate|p2a: Double kick|move: Sticky Web
|-unboost|p2a: Double kick|spe|1
|turn|26
|
|t:|1640775599
|move|p1a: Pinsir|Earthquake|p2a: Double kick
|-damage|p2a: Double kick|24/100
|move|p2a: Double kick|Rapid Spin|p1a: Pinsir
|-damage|p1a: Pinsir|63/100
|-boost|p2a: Double kick|spe|1
|-sideend|p2: Allejo 07|Sticky Web|[from] move: Rapid Spin|[of] p2a: Double kick
|
|upkeep
|turn|27
|
|t:|1640775608
|move|p1a: Pinsir|Earthquake|p2a: Double kick
|-damage|p2a: Double kick|0 fnt
|faint|p2a: Double kick
|
|upkeep
|
|t:|1640775610
|switch|p2a: Flash Cannon|Togedemaru, M|100/100
|turn|28
|
|t:|1640775615
|move|p2a: Flash Cannon|Iron Head|p1a: Pinsir
|-damage|p1a: Pinsir|18/100
|move|p1a: Pinsir|Earthquake|p2a: Flash Cannon
|-supereffective|p2a: Flash Cannon
|-damage|p2a: Flash Cannon|0 fnt
|faint|p2a: Flash Cannon
|
|win|Qeltarion
|raw|Qeltarion's rating: 1363 &rarr; <strong>1387</strong><br />(+24 for winning)
|raw|Allejo 07's rating: 1434 &rarr; <strong>1410</strong><br />(-24 for losing)
|l|☆Allejo 07
|l|☆Qeltarion
|l| don capuccino
|j|+azure nights
|l|+azure nights
|n| Hfhsu He's suw|kyurem
|n| Vdhssjeb fhsau|hfhsuhessuw
