|j|☆HOTDUDE6PACK
|j|☆JoJo Reference #10
|t:|1667773333
|gametype|singles
|player|p1|HOTDUDE6PACK|swimmer|1332
|player|p2|JoJo Reference #10|169|1536
|teamsize|p1|6
|teamsize|p2|6
|gen|8
|tier|[Gen 8] PU
|rated|
|rule|Sleep Clause Mod: Limit one foe put to sleep
|rule|Species Clause: Limit one of each Pokémon
|rule|OHKO Clause: OHKO moves are banned
|rule|Evasion Items Clause: Evasion items are banned
|rule|Evasion Moves Clause: Evasion moves are banned
|rule|Endless Battle Clause: Forcing endless battles is banned
|rule|HP Percentage Mod: HP is shown in percentages
|rule|Dynamax Clause: You cannot dynamax
|clearpoke
|poke|p1|Accelgor, F|
|poke|p1|Doublade, M|
|poke|p1|Silvally-*|
|poke|p1|Lycanroc, M|
|poke|p1|Scrafty, F|
|poke|p1|Charizard, M|
|poke|p2|Aurorus, F|
|poke|p2|Scrafty, M|
|poke|p2|Eldegoss, F|
|poke|p2|Comfey, M|
|poke|p2|Silvally-*|
|poke|p2|Lanturn, F|
|teampreview
|inactive|Battle timer is ON: inactive players will automatically lose when time's up. (requested by HOTDUDE6PACK)
|
|t:|1667773356
|start
|switch|p1a: Accelgor|Accelgor, F|100/100
|switch|p2a: Comfey|Comfey, M|100/100
|turn|1
|
|t:|1667773362
|move|p2a: Comfey|Draining Kiss|p1a: Accelgor
|-damage|p1a: Accelgor|75/100
|move|p1a: Accelgor|U-turn|p2a: Comfey
|-resisted|p2a: Comfey
|-crit|p2a: Comfey
|-damage|p2a: Comfey|90/100
|
|t:|1667773364
|switch|p1a: Doublade|Doublade, M|100/100|[from]move: U-turn
|
|upkeep
|turn|2
|
|t:|1667773368
|switch|p2a: Lanturn|Lanturn, F|100/100
|move|p1a: Doublade|Iron Head|p2a: Lanturn
|-resisted|p2a: Lanturn
|-damage|p2a: Lanturn|89/100
|
|-heal|p2a: Lanturn|95/100|[from] item: Leftovers
|upkeep
|turn|3
|
|t:|1667773377
|move|p2a: Lanturn|Scald|p1a: Doublade
|-damage|p1a: Doublade|68/100
|-status|p1a: Doublade|brn
|move|p1a: Doublade|Close Combat|p2a: Lanturn
|-damage|p2a: Lanturn|73/100
|-unboost|p1a: Doublade|def|1
|-unboost|p1a: Doublade|spd|1
|
|-heal|p2a: Lanturn|79/100|[from] item: Leftovers
|-damage|p1a: Doublade|61/100 brn|[from] brn
|upkeep
|turn|4
|
|t:|1667773385
|switch|p1a: Accelgor|Accelgor, F|75/100
|move|p2a: Lanturn|Scald|p1a: Accelgor
|-damage|p1a: Accelgor|33/100
|
|-heal|p2a: Lanturn|85/100|[from] item: Leftovers
|upkeep
|turn|5
|
|t:|1667773389
|move|p1a: Accelgor|Bug Buzz|p2a: Lanturn
|-damage|p2a: Lanturn|40/100
|move|p2a: Lanturn|Volt Switch|p1a: Accelgor
|-damage|p1a: Accelgor|0 fnt
|faint|p1a: Accelgor
|
|t:|1667773398
|switch|p2a: Comfey|Comfey, M|90/100|[from]move: Volt Switch
|
|upkeep
|
|t:|1667773404
|switch|p1a: Silvally|Silvally-Fairy|100/100
|turn|6
|
|t:|1667773406
|switch|p2a: Silvally|Silvally-Steel|100/100
|move|p1a: Silvally|Multi-Attack|p2a: Silvally
|-resisted|p2a: Silvally
|-damage|p2a: Silvally|78/100
|
|upkeep
|turn|7
|
|t:|1667773410
|switch|p1a: Charizard|Charizard, M|100/100
|move|p2a: Silvally|Multi-Attack|p1a: Charizard
|-resisted|p1a: Charizard
|-damage|p1a: Charizard|73/100
|
|upkeep
|turn|8
|
|t:|1667773416
|switch|p2a: Aurorus|Aurorus, F|100/100
|-weather|Hail|[from] ability: Snow Warning|[of] p2a: Aurorus
|move|p1a: Charizard|Fire Blast|p2a: Aurorus
|-damage|p2a: Aurorus|56/100
|
|-weather|Hail|[upkeep]
|-damage|p1a: Charizard|67/100|[from] Hail
|upkeep
|turn|9
|
|t:|1667773421
|switch|p1a: Scrafty|Scrafty, F|100/100
|move|p2a: Aurorus|Blizzard|p1a: Scrafty
|-damage|p1a: Scrafty|7/100
|
|-weather|Hail|[upkeep]
|-damage|p1a: Scrafty|1/100|[from] Hail
|upkeep
|turn|10
|
|t:|1667773425
|switch|p2a: Comfey|Comfey, M|90/100
|move|p1a: Scrafty|Drain Punch|p2a: Comfey
|-resisted|p2a: Comfey
|-damage|p2a: Comfey|78/100
|-heal|p1a: Scrafty|8/100|[from] drain|[of] p2a: Comfey
|
|-weather|Hail|[upkeep]
|-damage|p1a: Scrafty|2/100|[from] Hail
|-damage|p2a: Comfey|71/100|[from] Hail
|upkeep
|turn|11
|
|t:|1667773430
|switch|p1a: Silvally|Silvally-Fairy|100/100
|move|p2a: Comfey|Draining Kiss|p1a: Silvally
|-damage|p1a: Silvally|83/100
|-heal|p2a: Comfey|85/100|[from] drain|[of] p1a: Silvally
|
|-weather|Hail|[upkeep]
|-damage|p1a: Silvally|77/100|[from] Hail
|-damage|p2a: Comfey|79/100|[from] Hail
|upkeep
|turn|12
|
|t:|1667773436
|switch|p2a: Silvally|Silvally-Steel|78/100
|move|p1a: Silvally|Multi-Attack|p2a: Silvally
|-resisted|p2a: Silvally
|-damage|p2a: Silvally|57/100
|
|-weather|none
|upkeep
|turn|13
|
|t:|1667773439
|switch|p1a: Charizard|Charizard, M|67/100
|move|p2a: Silvally|Multi-Attack|p1a: Charizard
|-resisted|p1a: Charizard
|-damage|p1a: Charizard|36/100
|
|upkeep
|turn|14
|
|t:|1667773446
|switch|p2a: Aurorus|Aurorus, F|56/100
|-weather|Hail|[from] ability: Snow Warning|[of] p2a: Aurorus
|move|p1a: Charizard|Fire Blast|p2a: Aurorus
|-damage|p2a: Aurorus|10/100
|
|-weather|Hail|[upkeep]
|-damage|p1a: Charizard|29/100|[from] Hail
|upkeep
|turn|15
|
|t:|1667773465
|switch|p1a: Doublade|Doublade, M|61/100 brn
|move|p2a: Aurorus|Blizzard|p1a: Doublade
|-resisted|p1a: Doublade
|-damage|p1a: Doublade|12/100 brn
|
|-weather|Hail|[upkeep]
|-damage|p1a: Doublade|6/100 brn|[from] Hail
|-damage|p1a: Doublade|0 fnt|[from] brn
|faint|p1a: Doublade
|upkeep
|
|t:|1667773468
|switch|p1a: Lycanroc|Lycanroc, M|100/100
|turn|16
|
|t:|1667773472
|switch|p2a: Eldegoss|Eldegoss, F|100/100
|move|p1a: Lycanroc|Accelerock|p2a: Eldegoss
|-damage|p2a: Eldegoss|79/100
|
|-weather|Hail|[upkeep]
|-damage|p1a: Lycanroc|94/100|[from] Hail
|-damage|p2a: Eldegoss|73/100|[from] Hail
|upkeep
|turn|17
|
|t:|1667773480
|move|p1a: Lycanroc|Stealth Rock|p2a: Eldegoss
|-sidestart|p2: JoJo Reference #10|move: Stealth Rock
|move|p2a: Eldegoss|Giga Drain|p1a: Lycanroc
|-supereffective|p1a: Lycanroc
|-damage|p1a: Lycanroc|14/100
|-heal|p2a: Eldegoss|100/100|[from] drain|[of] p1a: Lycanroc
|
|-weather|Hail|[upkeep]
|-damage|p1a: Lycanroc|7/100|[from] Hail
|-damage|p2a: Eldegoss|94/100|[from] Hail
|upkeep
|turn|18
|
|t:|1667773482
|move|p1a: Lycanroc|Endeavor|p2a: Eldegoss
|-damage|p2a: Eldegoss|7/100
|move|p2a: Eldegoss|Rapid Spin|p1a: Lycanroc
|-resisted|p1a: Lycanroc
|-damage|p1a: Lycanroc|3/100
|-boost|p2a: Eldegoss|spe|1
|-sideend|p2: JoJo Reference #10|Stealth Rock|[from] move: Rapid Spin|[of] p2a: Eldegoss
|
|-weather|none
|upkeep
|turn|19
|
|t:|1667773485
|switch|p2a: Aurorus|Aurorus, F|10/100
|-weather|Hail|[from] ability: Snow Warning|[of] p2a: Aurorus
|move|p1a: Lycanroc|Accelerock|p2a: Aurorus
|-supereffective|p2a: Aurorus
|-damage|p2a: Aurorus|0 fnt
|faint|p2a: Aurorus
|
|-weather|Hail|[upkeep]
|-damage|p1a: Lycanroc|0 fnt|[from] Hail
|faint|p1a: Lycanroc
|upkeep
|
|t:|1667773493
|switch|p1a: Charizard|Charizard, M|29/100
|switch|p2a: Lanturn|Lanturn, F|40/100
|turn|20
|
|t:|1667773506
|move|p1a: Charizard|Toxic|p2a: Lanturn
|-status|p2a: Lanturn|tox
|move|p2a: Lanturn|Volt Switch|p1a: Charizard
|-supereffective|p1a: Charizard
|-damage|p1a: Charizard|0 fnt
|faint|p1a: Charizard
|
|t:|1667773511
|switch|p2a: Comfey|Comfey, M|79/100|[from]move: Volt Switch
|
|-weather|Hail|[upkeep]
|-damage|p2a: Comfey|73/100|[from] Hail
|upkeep
|
|t:|1667773513
|switch|p1a: Silvally|Silvally-Fairy|77/100
|turn|21
|
|t:|1667773519
|switch|p2a: Silvally|Silvally-Steel|57/100
|move|p1a: Silvally|Multi-Attack|p2a: Silvally
|-resisted|p2a: Silvally
|-damage|p2a: Silvally|35/100
|
|-weather|Hail|[upkeep]
|-damage|p1a: Silvally|71/100|[from] Hail
|-damage|p2a: Silvally|29/100|[from] Hail
|upkeep
|turn|22
|
|t:|1667773527
|move|p1a: Silvally|Rock Slide|p2a: Silvally
|-resisted|p2a: Silvally
|-damage|p2a: Silvally|20/100
|cant|p2a: Silvally|flinch
|
|-weather|Hail|[upkeep]
|-damage|p1a: Silvally|65/100|[from] Hail
|-damage|p2a: Silvally|14/100|[from] Hail
|upkeep
|turn|23
|
|t:|1667773531
|move|p1a: Silvally|Multi-Attack|p2a: Silvally
|-resisted|p2a: Silvally
|-damage|p2a: Silvally|0 fnt
|faint|p2a: Silvally
|
|-weather|none
|upkeep
|
|t:|1667773532
|switch|p2a: Eldegoss|Eldegoss, F|40/100
|turn|24
|
|t:|1667773535
|switch|p2a: Lanturn|Lanturn, F|40/100 tox
|move|p1a: Silvally|Multi-Attack|p2a: Lanturn
|-damage|p2a: Lanturn|0 fnt
|faint|p2a: Lanturn
|
|upkeep
|
|t:|1667773537
|switch|p2a: Eldegoss|Eldegoss, F|73/100
|turn|25
|
|t:|1667773540
|move|p1a: Silvally|Substitute|p1a: Silvally
|-start|p1a: Silvally|Substitute
|-damage|p1a: Silvally|40/100
|move|p2a: Eldegoss|Sleep Powder||[still]
|-fail|p2a: Eldegoss
|
|upkeep
|turn|26
|
|t:|1667773543
|move|p1a: Silvally|Swords Dance|p1a: Silvally
|-boost|p1a: Silvally|atk|2
|move|p2a: Eldegoss|Giga Drain|p1a: Silvally
|-end|p1a: Silvally|Substitute
|-heal|p2a: Eldegoss|86/100|[from] drain|[of] p1a: Silvally
|
|upkeep
|turn|27
|
|t:|1667773544
|move|p1a: Silvally|Multi-Attack|p2a: Eldegoss
|-damage|p2a: Eldegoss|0 fnt
|faint|p2a: Eldegoss
|
|upkeep
|
|t:|1667773546
|switch|p2a: Comfey|Comfey, M|73/100
|turn|28
|
|t:|1667773548
|move|p2a: Comfey|Draining Kiss|p1a: Silvally
|-damage|p1a: Silvally|24/100
|-heal|p2a: Comfey|86/100|[from] drain|[of] p1a: Silvally
|move|p1a: Silvally|Multi-Attack|p2a: Comfey
|-damage|p2a: Comfey|4/100
|
|upkeep
|turn|29
|
|t:|1667773552
|move|p2a: Comfey|Draining Kiss|p1a: Silvally
|-damage|p1a: Silvally|7/100
|-heal|p2a: Comfey|17/100|[from] drain|[of] p1a: Silvally
|move|p1a: Silvally|Multi-Attack|p2a: Comfey
|-damage|p2a: Comfey|0 fnt
|faint|p2a: Comfey
|
|upkeep
|
|t:|1667773554
|switch|p2a: Scrafty|Scrafty, M|100/100
|turn|30
|
|t:|1667773556
|move|p1a: Silvally|Multi-Attack|p2a: Scrafty
|-supereffective|p2a: Scrafty
|-damage|p2a: Scrafty|0 fnt
|faint|p2a: Scrafty
|
|win|HOTDUDE6PACK
|raw|HOTDUDE6PACK's rating: 1332 &rarr; <strong>1363</strong><br />(+31 for winning)
|raw|JoJo Reference #10's rating: 1536 &rarr; <strong>1505</strong><br />(-31 for losing)
|l|☆JoJo Reference #10
|c|☆HOTDUDE6PACK|ez
||Ladder isn't responding, score probably updated but might not have (Request timeout).
