|raw|<div class="broadcast-blue"><strong>This battle is required to be public due to a player having a name starting with 'pult4c1'.</div>
|j|☆PULT4C1 LW
|j|☆PULT4C1 S1n
|t:|1660832129
|gametype|singles
|player|p1|PULT4C1 LW|furisodegirl-black|1585
|player|p2|PULT4C1 S1n|1|1574
|teamsize|p1|6
|teamsize|p2|6
|gen|8
|tier|[Gen 8] PU
|rated|
|rule|Sleep Clause Mod: Limit one foe put to sleep
|rule|Species Clause: Limit one of each Pokémon
|rule|OHKO Clause: OHKO moves are banned
|rule|Evasion Items Clause: Evasion items are banned
|rule|Evasion Moves Clause: Evasion moves are banned
|rule|Endless Battle Clause: Forcing endless battles is banned
|rule|HP Percentage Mod: HP is shown in percentages
|rule|Dynamax Clause: You cannot dynamax
|clearpoke
|poke|p1|Gallade, M|
|poke|p1|Aggron, F|
|poke|p1|Whimsicott, M|
|poke|p1|Jellicent, F|
|poke|p1|Sandaconda, M|
|poke|p1|Audino, F|
|poke|p2|Duosion, M|
|poke|p2|Silvally-*|
|poke|p2|Eldegoss, M|
|poke|p2|Gallade, M|
|poke|p2|Aggron, F|
|poke|p2|Persian-Alola, F|
|teampreview
|j| seeplay
|c|☆PULT4C1 LW|glhf
|inactive|Battle timer is ON: inactive players will automatically lose when time's up. (requested by PULT4C1 LW)
|
|t:|1660832194
|start
|switch|p1a: Audino|Audino, F|100/100
|switch|p2a: Gallade|Gallade, M|100/100
|turn|1
|
|t:|1660832201
|move|p1a: Audino|Protect|p1a: Audino
|-singleturn|p1a: Audino|Protect
|move|p2a: Gallade|Substitute|p2a: Gallade
|-start|p2a: Gallade|Substitute
|-damage|p2a: Gallade|76/100
|
|-heal|p2a: Gallade|82/100|[from] item: Leftovers
|upkeep
|turn|2
|
|t:|1660832207
|switch|p1a: Sandaconda|Sandaconda, M|100/100
|move|p2a: Gallade|Knock Off|p1a: Sandaconda
|-damage|p1a: Sandaconda|76/100
|-damage|p2a: Gallade|65/100|[from] item: Rocky Helmet|[of] p1a: Sandaconda
|-enditem|p1a: Sandaconda|Rocky Helmet|[from] move: Knock Off|[of] p2a: Gallade
|
|-heal|p2a: Gallade|71/100|[from] item: Leftovers
|upkeep
|turn|3
|
|t:|1660832220
|move|p2a: Gallade|Close Combat|p1a: Sandaconda
|-damage|p1a: Sandaconda|31/100
|-unboost|p2a: Gallade|def|1
|-unboost|p2a: Gallade|spd|1
|move|p1a: Sandaconda|Earthquake|p2a: Gallade
|-end|p2a: Gallade|Substitute
|
|-heal|p2a: Gallade|77/100|[from] item: Leftovers
|upkeep
|turn|4
|
|t:|1660832226
|switch|p1a: Jellicent|Jellicent, F|100/100
|move|p2a: Gallade|Close Combat|p1a: Jellicent
|-immune|p1a: Jellicent
|
|-heal|p2a: Gallade|84/100|[from] item: Leftovers
|upkeep
|turn|5
|
|t:|1660832233
|move|p2a: Gallade|Substitute|p2a: Gallade
|-start|p2a: Gallade|Substitute
|-damage|p2a: Gallade|59/100
|move|p1a: Jellicent|Toxic||[still]
|-fail|p1a: Jellicent
|
|-heal|p2a: Gallade|65/100|[from] item: Leftovers
|upkeep
|turn|6
|
|t:|1660832237
|move|p2a: Gallade|Knock Off|p1a: Jellicent
|-supereffective|p1a: Jellicent
|-enditem|p1a: Jellicent|Colbur Berry|[eat]
|-enditem|p1a: Jellicent|Colbur Berry|[weaken]
|-damage|p1a: Jellicent|71/100
|move|p1a: Jellicent|Hex|p2a: Gallade
|-supereffective|p2a: Gallade
|-end|p2a: Gallade|Substitute
|
|-heal|p2a: Gallade|71/100|[from] item: Leftovers
|upkeep
|turn|7
|
|t:|1660832245
|switch|p2a: Duosion|Duosion, M|100/100
|move|p1a: Jellicent|Recover|p1a: Jellicent
|-heal|p1a: Jellicent|100/100
|
|upkeep
|turn|8
|j| pult4c1 skelly
|
|t:|1660832249
|switch|p1a: Aggron|Aggron, F|100/100
|move|p2a: Duosion|Future Sight|p1a: Aggron
|-start|p2a: Duosion|move: Future Sight
|
|upkeep
|turn|9
|
|t:|1660832256
|switch|p2a: Aggron|Aggron, F|100/100
|move|p1a: Aggron|Stealth Rock|p2a: Aggron
|-sidestart|p2: PULT4C1 S1n|move: Stealth Rock
|
|upkeep
|turn|10
|
|t:|1660832262
|switch|p1a: Sandaconda|Sandaconda, M|31/100
|move|p2a: Aggron|Roar|p1a: Sandaconda
|drag|p1a: Audino|Audino, F|100/100
|
|-end|p1a: Audino|move: Future Sight
|-damage|p1a: Audino|64/100
|upkeep
|turn|11
|
|t:|1660832268
|move|p1a: Audino|Knock Off|p2a: Aggron
|-damage|p2a: Aggron|91/100
|-enditem|p2a: Aggron|Leftovers|[from] move: Knock Off|[of] p1a: Audino
|move|p2a: Aggron|Stealth Rock|p1a: Audino
|-sidestart|p1: PULT4C1 LW|move: Stealth Rock
|
|upkeep
|turn|12
|
|t:|1660832272
|switch|p2a: Gallade|Gallade, M|71/100
|-damage|p2a: Gallade|65/100|[from] Stealth Rock
|move|p1a: Audino|Wish|p1a: Audino
|
|-heal|p2a: Gallade|71/100|[from] item: Leftovers
|upkeep
|turn|13
|j| yamakaze111
|
|t:|1660832278
|switch|p1a: Jellicent|Jellicent, F|100/100
|-damage|p1a: Jellicent|88/100|[from] Stealth Rock
|move|p2a: Gallade|Poison Jab|p1a: Jellicent
|-resisted|p1a: Jellicent
|-damage|p1a: Jellicent|77/100
|
|-heal|p1a: Jellicent|100/100|[from] move: Wish|[wisher] Audino
|-heal|p2a: Gallade|77/100|[from] item: Leftovers
|upkeep
|turn|14
|
|t:|1660832289
|switch|p2a: Duosion|Duosion, M|100/100
|-damage|p2a: Duosion|88/100|[from] Stealth Rock
|move|p1a: Jellicent|Hex|p2a: Duosion
|-supereffective|p2a: Duosion
|-damage|p2a: Duosion|59/100
|
|upkeep
|turn|15
|
|t:|1660832300
|move|p1a: Jellicent|Toxic|p2a: Duosion|[miss]
|-miss|p1a: Jellicent|p2a: Duosion
|move|p2a: Duosion|Future Sight|p1a: Jellicent
|-start|p2a: Duosion|move: Future Sight
|
|upkeep
|turn|16
|
|t:|1660832306
|switch|p2a: Persian|Persian-Alola, F|100/100
|-damage|p2a: Persian|88/100|[from] Stealth Rock
|move|p1a: Jellicent|Toxic|p2a: Persian|[miss]
|-miss|p1a: Jellicent|p2a: Persian
|
|upkeep
|turn|17
|c|☆PULT4C1 LW|w
|
|t:|1660832326
|switch|p1a: Audino|Audino, F|97/100
|move|p2a: Persian|Knock Off|p1a: Audino
|-damage|p1a: Audino|55/100
|-enditem|p1a: Audino|Heavy-Duty Boots|[from] move: Knock Off|[of] p2a: Persian
|
|-end|p1a: Audino|move: Future Sight
|-damage|p1a: Audino|23/100
|upkeep
|turn|18
|
|t:|1660832337
|switch|p1a: Whimsicott|Whimsicott, M|100/100
|move|p2a: Persian|Knock Off|p1a: Whimsicott
|-resisted|p1a: Whimsicott
|-damage|p1a: Whimsicott|63/100
|-enditem|p1a: Whimsicott|Heavy-Duty Boots|[from] move: Knock Off|[of] p2a: Persian
|
|upkeep
|turn|19
|
|t:|1660832343
|switch|p2a: Eldegoss|Eldegoss, M|100/100
|move|p1a: Whimsicott|Moonblast|p2a: Eldegoss
|-damage|p2a: Eldegoss|69/100
|-unboost|p2a: Eldegoss|spa|1
|
|upkeep
|turn|20
|
|t:|1660832348
|switch|p1a: Jellicent|Jellicent, F|100/100
|-damage|p1a: Jellicent|88/100|[from] Stealth Rock
|move|p2a: Eldegoss|Sleep Powder|p1a: Jellicent
|-status|p1a: Jellicent|slp|[from] move: Sleep Powder
|
|upkeep
|turn|21
|
|t:|1660832356
|switch|p1a: Gallade|Gallade, M|100/100
|-damage|p1a: Gallade|94/100|[from] Stealth Rock
|switch|p2a: Gallade|Gallade, M|77/100
|-damage|p2a: Gallade|71/100|[from] Stealth Rock
|
|-heal|p2a: Gallade|77/100|[from] item: Leftovers
|upkeep
|turn|22
|
|t:|1660832362
|switch|p2a: Eldegoss|Eldegoss, M|100/100
|move|p1a: Gallade|Zen Headbutt|p2a: Eldegoss
|-damage|p2a: Eldegoss|57/100
|-damage|p1a: Gallade|85/100|[from] item: Life Orb
|
|upkeep
|turn|23
|
|t:|1660832369
|switch|p2a: Silvally|Silvally-Fairy|100/100
|-damage|p2a: Silvally|88/100|[from] Stealth Rock
|move|p1a: Gallade|Zen Headbutt|p2a: Silvally
|-damage|p2a: Silvally|45/100
|-damage|p1a: Gallade|75/100|[from] item: Life Orb
|
|upkeep
|turn|24
|
|t:|1660832376
|switch|p1a: Aggron|Aggron, F|100/100
|-damage|p1a: Aggron|94/100|[from] Stealth Rock
|move|p2a: Silvally|Parting Shot|p1a: Aggron
|-unboost|p1a: Aggron|atk|1
|-unboost|p1a: Aggron|spa|1
|
|t:|1660832380
|switch|p2a: Gallade|Gallade, M|77/100|[from]move: Parting Shot
|-damage|p2a: Gallade|71/100|[from] Stealth Rock
|
|-heal|p2a: Gallade|77/100|[from] item: Leftovers
|-heal|p1a: Aggron|100/100|[from] item: Leftovers
|upkeep
|turn|25
|
|t:|1660832400
|switch|p1a: Whimsicott|Whimsicott, M|63/100
|-damage|p1a: Whimsicott|51/100|[from] Stealth Rock
|move|p2a: Gallade|Substitute|p2a: Gallade
|-start|p2a: Gallade|Substitute
|-damage|p2a: Gallade|52/100
|
|-heal|p2a: Gallade|58/100|[from] item: Leftovers
|upkeep
|turn|26
|
|t:|1660832402
|move|p1a: Whimsicott|Encore|p2a: Gallade
|-start|p2a: Gallade|Encore
|move|p2a: Gallade|Substitute|p2a: Gallade
|-fail|p2a: Gallade|move: Substitute
|
|-heal|p2a: Gallade|64/100|[from] item: Leftovers
|upkeep
|turn|27
|
|t:|1660832406
|switch|p1a: Gallade|Gallade, M|75/100
|-damage|p1a: Gallade|69/100|[from] Stealth Rock
|switch|p2a: Aggron|Aggron, F|91/100
|-damage|p2a: Aggron|85/100|[from] Stealth Rock
|
|upkeep
|turn|28
|
|t:|1660832409
|move|p2a: Aggron|Protect|p2a: Aggron
|-singleturn|p2a: Aggron|Protect
|move|p1a: Gallade|Drain Punch|p2a: Aggron
|-activate|p2a: Aggron|move: Protect
|
|upkeep
|turn|29
|
|t:|1660832412
|switch|p2a: Silvally|Silvally-Fairy|45/100
|-damage|p2a: Silvally|33/100|[from] Stealth Rock
|move|p1a: Gallade|Drain Punch|p2a: Silvally
|-resisted|p2a: Silvally
|-damage|p2a: Silvally|12/100
|-heal|p1a: Gallade|84/100|[from] drain|[of] p2a: Silvally
|-damage|p1a: Gallade|74/100|[from] item: Life Orb
|
|upkeep
|turn|30
|
|t:|1660832416
|move|p1a: Gallade|Shadow Sneak|p2a: Silvally
|-damage|p2a: Silvally|0 fnt
|faint|p2a: Silvally
|-damage|p1a: Gallade|64/100|[from] item: Life Orb
|
|upkeep
|
|t:|1660832418
|switch|p2a: Persian|Persian-Alola, F|88/100
|-damage|p2a: Persian|76/100|[from] Stealth Rock
|turn|31
|
|t:|1660832424
|switch|p1a: Aggron|Aggron, F|100/100
|-damage|p1a: Aggron|94/100|[from] Stealth Rock
|move|p2a: Persian|Knock Off|p1a: Aggron
|-damage|p1a: Aggron|69/100
|-enditem|p1a: Aggron|Leftovers|[from] move: Knock Off|[of] p2a: Persian
|
|upkeep
|turn|32
|
|t:|1660832430
|switch|p2a: Eldegoss|Eldegoss, M|91/100
|move|p1a: Aggron|Heavy Slam|p2a: Eldegoss
|-damage|p2a: Eldegoss|56/100
|
|upkeep
|turn|33
|
|t:|1660832434
|move|p2a: Eldegoss|Rapid Spin|p1a: Aggron
|-resisted|p1a: Aggron
|-damage|p1a: Aggron|68/100
|-boost|p2a: Eldegoss|spe|1
|-sideend|p2: PULT4C1 S1n|Stealth Rock|[from] move: Rapid Spin|[of] p2a: Eldegoss
|move|p1a: Aggron|Head Smash|p2a: Eldegoss|[miss]
|-miss|p1a: Aggron|p2a: Eldegoss
|
|upkeep
|turn|34
|
|t:|1660832452
|move|p2a: Eldegoss|Giga Drain|p1a: Aggron
|-damage|p1a: Aggron|47/100
|-heal|p2a: Eldegoss|67/100|[from] drain|[of] p1a: Aggron
|move|p1a: Aggron|Heavy Slam|p2a: Eldegoss
|-damage|p2a: Eldegoss|34/100
|
|upkeep
|turn|35
|
|t:|1660832457
|move|p2a: Eldegoss|Giga Drain|p1a: Aggron
|-damage|p1a: Aggron|26/100
|-heal|p2a: Eldegoss|45/100|[from] drain|[of] p1a: Aggron
|move|p1a: Aggron|Head Smash|p2a: Eldegoss|[miss]
|-miss|p1a: Aggron|p2a: Eldegoss
|
|upkeep
|turn|36
|c|☆PULT4C1 LW|man please
|c|☆PULT4C1 LW|can i hit
|c|☆PULT4C1 LW|jist pne
|
|t:|1660832469
|switch|p1a: Audino|Audino, F|56/100
|-damage|p1a: Audino|44/100|[from] Stealth Rock
|move|p2a: Eldegoss|Giga Drain|p1a: Audino
|-damage|p1a: Audino|29/100
|-heal|p2a: Eldegoss|55/100|[from] drain|[of] p1a: Audino
|
|upkeep
|turn|37
|
|t:|1660832472
|switch|p2a: Gallade|Gallade, M|64/100
|move|p1a: Audino|Wish|p1a: Audino
|
|-heal|p2a: Gallade|71/100|[from] item: Leftovers
|upkeep
|turn|38
|
|t:|1660832478
|switch|p1a: Jellicent|Jellicent, F|88/100 slp
|-damage|p1a: Jellicent|76/100 slp|[from] Stealth Rock
|move|p2a: Gallade|Close Combat|p1a: Jellicent
|-immune|p1a: Jellicent
|
|-heal|p1a: Jellicent|100/100 slp|[from] move: Wish|[wisher] Audino
|-heal|p2a: Gallade|77/100|[from] item: Leftovers
|upkeep
|turn|39
|
|t:|1660832482
|switch|p1a: Whimsicott|Whimsicott, M|51/100
|-damage|p1a: Whimsicott|39/100|[from] Stealth Rock
|move|p2a: Gallade|Knock Off|p1a: Whimsicott
|-resisted|p1a: Whimsicott
|-damage|p1a: Whimsicott|20/100
|
|-heal|p2a: Gallade|83/100|[from] item: Leftovers
|upkeep
|turn|40
|
|t:|1660832485
|switch|p2a: Aggron|Aggron, F|85/100
|move|p1a: Whimsicott|Defog|p2a: Aggron
|-unboost|p2a: Aggron|evasion|1
|-sideend|p1: PULT4C1 LW|Stealth Rock|[from] move: Defog|[of] p1a: Whimsicott
|
|upkeep
|turn|41
|
|t:|1660832489
|switch|p1a: Sandaconda|Sandaconda, M|31/100
|move|p2a: Aggron|Stealth Rock|p1a: Sandaconda
|-sidestart|p1: PULT4C1 LW|move: Stealth Rock
|
|upkeep
|turn|42
|
|t:|1660832492
|switch|p2a: Eldegoss|Eldegoss, M|88/100
|move|p1a: Sandaconda|Rest|p1a: Sandaconda
|-status|p1a: Sandaconda|slp|[from] move: Rest
|-heal|p1a: Sandaconda|100/100 slp|[silent]
|
|upkeep
|turn|43
|
|t:|1660832497
|switch|p1a: Audino|Audino, F|62/100
|-damage|p1a: Audino|50/100|[from] Stealth Rock
|move|p2a: Eldegoss|Giga Drain|p1a: Audino
|-damage|p1a: Audino|35/100
|-heal|p2a: Eldegoss|97/100|[from] drain|[of] p1a: Audino
|
|upkeep
|turn|44
|
|t:|1660832499
|switch|p2a: Gallade|Gallade, M|83/100
|move|p1a: Audino|Knock Off|p2a: Gallade
|-damage|p2a: Gallade|56/100
|-ability|p2a: Gallade|Justified|boost
|-boost|p2a: Gallade|atk|1
|-enditem|p2a: Gallade|Leftovers|[from] move: Knock Off|[of] p1a: Audino
|
|upkeep
|turn|45
|
|t:|1660832505
|switch|p1a: Aggron|Aggron, F|26/100
|-damage|p1a: Aggron|20/100|[from] Stealth Rock
|move|p2a: Gallade|Knock Off|p1a: Aggron
|-damage|p1a: Aggron|0 fnt
|faint|p1a: Aggron
|
|upkeep
|
|t:|1660832509
|switch|p1a: Gallade|Gallade, M|64/100
|-damage|p1a: Gallade|58/100|[from] Stealth Rock
|turn|46
|
|t:|1660832522
|switch|p2a: Eldegoss|Eldegoss, M|100/100
|move|p1a: Gallade|Drain Punch|p2a: Eldegoss
|-damage|p2a: Eldegoss|62/100
|-heal|p1a: Gallade|81/100|[from] drain|[of] p2a: Eldegoss
|-damage|p1a: Gallade|71/100|[from] item: Life Orb
|
|upkeep
|turn|47
|
|t:|1660832528
|move|p1a: Gallade|Drain Punch|p2a: Eldegoss
|-damage|p2a: Eldegoss|24/100
|-heal|p1a: Gallade|93/100|[from] drain|[of] p2a: Eldegoss
|-damage|p1a: Gallade|84/100|[from] item: Life Orb
|move|p2a: Eldegoss|Giga Drain|p1a: Gallade
|-damage|p1a: Gallade|58/100
|-heal|p2a: Eldegoss|35/100|[from] drain|[of] p1a: Gallade
|
|upkeep
|turn|48
|
|t:|1660832534
|switch|p2a: Duosion|Duosion, M|92/100
|move|p1a: Gallade|Drain Punch|p2a: Duosion
|-resisted|p2a: Duosion
|-damage|p2a: Duosion|62/100
|-heal|p1a: Gallade|77/100|[from] drain|[of] p2a: Duosion
|-damage|p1a: Gallade|67/100|[from] item: Life Orb
|
|upkeep
|turn|49
|
|t:|1660832540
|move|p1a: Gallade|Knock Off|p2a: Duosion
|-supereffective|p2a: Duosion
|-damage|p2a: Duosion|0 fnt
|-enditem|p2a: Duosion|Eviolite|[from] move: Knock Off|[of] p1a: Gallade
|faint|p2a: Duosion
|-damage|p1a: Gallade|57/100|[from] item: Life Orb
|
|upkeep
|
|t:|1660832542
|switch|p2a: Persian|Persian-Alola, F|76/100
|turn|50
|
|t:|1660832548
|switch|p1a: Audino|Audino, F|68/100
|-damage|p1a: Audino|56/100|[from] Stealth Rock
|move|p2a: Persian|U-turn|p1a: Audino
|-damage|p1a: Audino|35/100
|
|t:|1660832550
|switch|p2a: Gallade|Gallade, M|56/100|[from]move: U-turn
|
|upkeep
|turn|51
|inactive|PULT4C1 LW has 120 seconds left.
|
|t:|1660832581
|move|p2a: Gallade|Close Combat|p1a: Audino
|-supereffective|p1a: Audino
|-damage|p1a: Audino|0 fnt
|-unboost|p2a: Gallade|def|1
|-unboost|p2a: Gallade|spd|1
|faint|p1a: Audino
|
|upkeep
|
|t:|1660832584
|switch|p1a: Gallade|Gallade, M|57/100
|-damage|p1a: Gallade|51/100|[from] Stealth Rock
|turn|52
|
|t:|1660832600
|move|p1a: Gallade|Drain Punch|p2a: Gallade
|-resisted|p2a: Gallade
|-damage|p2a: Gallade|0 fnt
|-heal|p1a: Gallade|79/100|[from] drain|[of] p2a: Gallade
|faint|p2a: Gallade
|-damage|p1a: Gallade|69/100|[from] item: Life Orb
|
|upkeep
|
|t:|1660832603
|switch|p2a: Persian|Persian-Alola, F|76/100
|turn|53
|
|t:|1660832608
|switch|p1a: Sandaconda|Sandaconda, M|100/100 slp
|-damage|p1a: Sandaconda|94/100 slp|[from] Stealth Rock
|move|p2a: Persian|U-turn|p1a: Sandaconda
|-damage|p1a: Sandaconda|79/100 slp
|
|t:|1660832609
|switch|p2a: Eldegoss|Eldegoss, M|68/100|[from]move: U-turn
|
|upkeep
|turn|54
|
|t:|1660832615
|switch|p1a: Whimsicott|Whimsicott, M|20/100
|-damage|p1a: Whimsicott|7/100|[from] Stealth Rock
|move|p2a: Eldegoss|Giga Drain|p1a: Whimsicott
|-resisted|p1a: Whimsicott
|-damage|p1a: Whimsicott|0 fnt
|-heal|p2a: Eldegoss|71/100|[from] drain|[of] p1a: Whimsicott
|faint|p1a: Whimsicott
|
|upkeep
|
|t:|1660832616
|switch|p1a: Gallade|Gallade, M|69/100
|-damage|p1a: Gallade|63/100|[from] Stealth Rock
|turn|55
|
|t:|1660832621
|switch|p2a: Aggron|Aggron, F|85/100
|move|p1a: Gallade|Drain Punch|p2a: Aggron
|-supereffective|p2a: Aggron
|-damage|p2a: Aggron|0 fnt
|-heal|p1a: Gallade|100/100|[from] drain|[of] p2a: Aggron
|faint|p2a: Aggron
|-damage|p1a: Gallade|91/100|[from] item: Life Orb
|
|upkeep
|
|t:|1660832623
|switch|p2a: Persian|Persian-Alola, F|76/100
|turn|56
|
|t:|1660832628
|move|p2a: Persian|Knock Off|p1a: Gallade
|-damage|p1a: Gallade|10/100
|-ability|p1a: Gallade|Justified|boost
|-boost|p1a: Gallade|atk|1
|-enditem|p1a: Gallade|Life Orb|[from] move: Knock Off|[of] p2a: Persian
|move|p1a: Gallade|Drain Punch|p2a: Persian
|-supereffective|p2a: Persian
|-damage|p2a: Persian|0 fnt
|-heal|p1a: Gallade|47/100|[from] drain|[of] p2a: Persian
|faint|p2a: Persian
|
|upkeep
|
|t:|1660832630
|switch|p2a: Eldegoss|Eldegoss, M|100/100
|turn|57
|
|t:|1660832634
|move|p1a: Gallade|Drain Punch|p2a: Eldegoss
|-damage|p2a: Eldegoss|57/100
|-heal|p1a: Gallade|73/100|[from] drain|[of] p2a: Eldegoss
|move|p2a: Eldegoss|Giga Drain|p1a: Gallade
|-damage|p1a: Gallade|49/100
|-heal|p2a: Eldegoss|67/100|[from] drain|[of] p1a: Gallade
|
|upkeep
|turn|58
|
|t:|1660832639
|move|p1a: Gallade|Drain Punch|p2a: Eldegoss
|-crit|p2a: Eldegoss
|-damage|p2a: Eldegoss|0 fnt
|-heal|p1a: Gallade|88/100|[from] drain|[of] p2a: Eldegoss
|faint|p2a: Eldegoss
|
|win|PULT4C1 LW
|raw|PULT4C1 LW's rating: 1585 &rarr; <strong>1604</strong><br />(+19 for winning)
|raw|PULT4C1 S1n's rating: 1574 &rarr; <strong>1555</strong><br />(-19 for losing)
|l|☆PULT4C1 S1n
|l|☆PULT4C1 LW
|l| yamakaze111
