|j|☆daddys facehole
|j|☆Toxicidad fuera
|t:|1620735672
|gametype|singles
|player|p1|daddys facehole|proton|1283
|player|p2|Toxicidad fuera|risingstarf|1553
|teamsize|p1|6
|teamsize|p2|6
|gen|8
|tier|[Gen 8] PU
|rated|
|rule|Sleep Clause Mod: Limit one foe put to sleep
|rule|Species Clause: Limit one of each Pokémon
|rule|OHKO Clause: OHKO moves are banned
|rule|Evasion Moves Clause: Evasion moves are banned
|rule|Endless Battle Clause: Forcing endless battles is banned
|rule|HP Percentage Mod: HP is shown in percentages
|rule|Dynamax Clause: You cannot dynamax
|clearpoke
|poke|p1|Sandaconda, M|
|poke|p1|Silvally-*|
|poke|p1|Mesprit|
|poke|p1|Lanturn, M|
|poke|p1|Charizard, M|
|poke|p1|Hitmontop, M|
|poke|p2|Thwackey, M|
|poke|p2|Thievul, F|
|poke|p2|Gourgeist-*, M|
|poke|p2|Garbodor, M|
|poke|p2|Regirock|
|poke|p2|Xatu, M|
|teampreview
|inactive|Battle timer is ON: inactive players will automatically lose when time's up. (requested by daddys facehole)
|inactive|Toxicidad fuera has 120 seconds left.
|
|t:|1620735784
|start
|switch|p1a: Silvally|Silvally-Grass|100/100
|switch|p2a: Gourgeist|Gourgeist-Small, M|100/100
|-item|p1a: Silvally|Grass Memory|[from] ability: Frisk|[of] p2a: Gourgeist|[identify]
|turn|1
|
|t:|1620735794
|switch|p2a: Xatu|Xatu, M|100/100
|move|p1a: Silvally|U-turn|p2a: Xatu
|-damage|p2a: Xatu|83/100
|
|t:|1620735803
|switch|p1a: Lanturn|Lanturn, M|100/100|[from]move: U-turn
|
|upkeep
|turn|2
|
|t:|1620735828
|switch|p2a: Thwackey|Thwackey, M|100/100
|-fieldstart|move: Grassy Terrain|[from] ability: Grassy Surge|[of] p2a: Thwackey
|move|p1a: Lanturn|Discharge|p2a: Thwackey
|-resisted|p2a: Thwackey
|-damage|p2a: Thwackey|71/100
|-status|p2a: Thwackey|par
|
|-heal|p2a: Thwackey|77/100 par|[from] Grassy Terrain
|upkeep
|turn|3
|
|t:|1620735846
|switch|p1a: Silvally|Silvally-Grass|100/100
|cant|p2a: Thwackey|par
|
|-heal|p2a: Thwackey|83/100 par|[from] Grassy Terrain
|upkeep
|turn|4
|
|t:|1620735858
|switch|p2a: Regirock|Regirock|100/100
|move|p1a: Silvally|Flame Charge|p2a: Regirock
|-resisted|p2a: Regirock
|-damage|p2a: Regirock|97/100
|-boost|p1a: Silvally|spe|1
|
|-heal|p2a: Regirock|100/100|[from] Grassy Terrain
|upkeep
|turn|5
|
|t:|1620735872
|switch|p2a: Garbodor|Garbodor, M|100/100
|move|p1a: Silvally|Multi-Attack|p2a: Garbodor
|-resisted|p2a: Garbodor
|-damage|p2a: Garbodor|66/100
|
|-heal|p2a: Garbodor|72/100|[from] Grassy Terrain
|-heal|p2a: Garbodor|78/100|[from] item: Black Sludge
|upkeep
|turn|6
|
|t:|1620735889
|move|p1a: Silvally|U-turn|p2a: Garbodor
|-resisted|p2a: Garbodor
|-damage|p2a: Garbodor|67/100
|
|t:|1620735896
|switch|p1a: Mesprit|Mesprit, shiny|100/100|[from]move: U-turn
|move|p2a: Garbodor|Spikes|p1a: Mesprit
|-sidestart|p1: daddys facehole|Spikes
|
|-heal|p2a: Garbodor|73/100|[from] Grassy Terrain
|-heal|p2a: Garbodor|79/100|[from] item: Black Sludge
|-fieldend|move: Grassy Terrain
|upkeep
|turn|7
|
|t:|1620735908
|switch|p2a: Xatu|Xatu, M|83/100
|move|p1a: Mesprit|Stealth Rock|p2a: Xatu
|move|p2a: Xatu|Stealth Rock|p1a: Mesprit|[from]ability: Magic Bounce
|-sidestart|p1: daddys facehole|move: Stealth Rock
|
|upkeep
|turn|8
|
|t:|1620735919
|move|p2a: Xatu|Thunder Wave|p1a: Mesprit
|-status|p1a: Mesprit|par
|move|p1a: Mesprit|Knock Off|p2a: Xatu
|-supereffective|p2a: Xatu
|-damage|p2a: Xatu|45/100
|-enditem|p2a: Xatu|Heavy-Duty Boots|[from] move: Knock Off|[of] p1a: Mesprit
|
|upkeep
|turn|9
|
|t:|1620735927
|move|p2a: Xatu|Roost|p2a: Xatu
|-heal|p2a: Xatu|95/100
|-singleturn|p2a: Xatu|move: Roost
|move|p1a: Mesprit|U-turn|p2a: Xatu
|-supereffective|p2a: Xatu
|-damage|p2a: Xatu|67/100
|
|t:|1620735943
|switch|p1a: Lanturn|Lanturn, M|100/100|[from]move: U-turn
|-damage|p1a: Lanturn|88/100|[from] Stealth Rock
|-damage|p1a: Lanturn|76/100|[from] Spikes
|
|upkeep
|turn|10
|inactive|Toxicidad fuera has 120 seconds left.
|
|t:|1620735973
|switch|p2a: Thwackey|Thwackey, M|83/100 par
|-fieldstart|move: Grassy Terrain|[from] ability: Grassy Surge|[of] p2a: Thwackey
|move|p1a: Lanturn|Ice Beam|p2a: Thwackey
|-supereffective|p2a: Thwackey
|-damage|p2a: Thwackey|0 fnt
|faint|p2a: Thwackey
|
|-heal|p1a: Lanturn|82/100|[from] Grassy Terrain
|upkeep
|inactive|Toxicidad fuera has 120 seconds left.
|
|t:|1620735994
|switch|p2a: Thievul|Thievul, F|100/100
|-enditem|p2a: Thievul|Grassy Seed
|-boost|p2a: Thievul|def|1|[from] item: Grassy Seed
|turn|11
|
|t:|1620736000
|move|p2a: Thievul|Nasty Plot|p2a: Thievul
|-boost|p2a: Thievul|spa|2
|move|p1a: Lanturn|Volt Switch|p2a: Thievul
|-damage|p2a: Thievul|62/100
|
|t:|1620736005
|switch|p1a: Hitmontop|Hitmontop, M|100/100|[from]move: Volt Switch
|-damage|p1a: Hitmontop|88/100|[from] Spikes
|-damage|p1a: Hitmontop|82/100|[from] Stealth Rock
|
|-heal|p2a: Thievul|68/100|[from] Grassy Terrain
|-heal|p1a: Hitmontop|88/100|[from] Grassy Terrain
|upkeep
|turn|12
|
|t:|1620736017
|move|p2a: Thievul|Psychic|p1a: Hitmontop
|-supereffective|p1a: Hitmontop
|-damage|p1a: Hitmontop|0 fnt
|faint|p1a: Hitmontop
|
|-heal|p2a: Thievul|74/100|[from] Grassy Terrain
|upkeep
|
|t:|1620736039
|switch|p1a: Silvally|Silvally-Grass|100/100
|-damage|p1a: Silvally|88/100|[from] Spikes
|-damage|p1a: Silvally|76/100|[from] Stealth Rock
|turn|13
|
|t:|1620736050
|move|p2a: Thievul|Burning Jealousy|p1a: Silvally
|-supereffective|p1a: Silvally
|-crit|p1a: Silvally
|-damage|p1a: Silvally|0 fnt
|faint|p1a: Silvally
|
|-heal|p2a: Thievul|80/100|[from] Grassy Terrain
|upkeep
|
|t:|1620736060
|switch|p1a: Lanturn|Lanturn, M|82/100
|-damage|p1a: Lanturn|70/100|[from] Spikes
|-damage|p1a: Lanturn|58/100|[from] Stealth Rock
|turn|14
|
|t:|1620736067
|move|p2a: Thievul|Dark Pulse|p1a: Lanturn
|-damage|p1a: Lanturn|10/100
|move|p1a: Lanturn|Discharge|p2a: Thievul
|-damage|p2a: Thievul|36/100
|
|-heal|p2a: Thievul|42/100|[from] Grassy Terrain
|-heal|p1a: Lanturn|16/100|[from] Grassy Terrain
|-fieldend|move: Grassy Terrain
|upkeep
|turn|15
|
|t:|1620736076
|move|p2a: Thievul|Dark Pulse|p1a: Lanturn
|-damage|p1a: Lanturn|0 fnt
|faint|p1a: Lanturn
|
|upkeep
|
|t:|1620736082
|switch|p1a: Charizard|Charizard, M, shiny|100/100
|turn|16
|
|t:|1620736105
|move|p2a: Thievul|Dark Pulse|p1a: Charizard
|-damage|p1a: Charizard|15/100
|move|p1a: Charizard|Flamethrower|p2a: Thievul
|-damage|p2a: Thievul|0 fnt
|faint|p2a: Thievul
|
|upkeep
|
|t:|1620736113
|switch|p2a: Regirock|Regirock|100/100
|turn|17
|
|t:|1620736124
|switch|p1a: Sandaconda|Sandaconda, M|100/100
|-damage|p1a: Sandaconda|88/100|[from] Spikes
|-damage|p1a: Sandaconda|82/100|[from] Stealth Rock
|move|p2a: Regirock|Toxic|p1a: Sandaconda
|-status|p1a: Sandaconda|tox
|
|-heal|p1a: Sandaconda|88/100 tox|[from] item: Leftovers
|-damage|p1a: Sandaconda|82/100 tox|[from] psn
|upkeep
|turn|18
|
|t:|1620736137
|switch|p2a: Xatu|Xatu, M|67/100
|move|p1a: Sandaconda|Coil|p1a: Sandaconda
|-boost|p1a: Sandaconda|atk|1
|-boost|p1a: Sandaconda|def|1
|-boost|p1a: Sandaconda|accuracy|1
|
|-heal|p1a: Sandaconda|88/100 tox|[from] item: Leftovers
|-damage|p1a: Sandaconda|76/100 tox|[from] psn
|upkeep
|turn|19
|
|t:|1620736147
|move|p2a: Xatu|Psychic|p1a: Sandaconda
|-damage|p1a: Sandaconda|40/100 tox
|move|p1a: Sandaconda|Rock Slide|p2a: Xatu
|-supereffective|p2a: Xatu
|-damage|p2a: Xatu|21/100
|
|-activate|p1a: Sandaconda|ability: Shed Skin
|-curestatus|p1a: Sandaconda|tox|[msg]
|-heal|p1a: Sandaconda|46/100|[from] item: Leftovers
|upkeep
|turn|20
|
|t:|1620736158
|move|p2a: Xatu|Psychic|p1a: Sandaconda
|-damage|p1a: Sandaconda|7/100
|move|p1a: Sandaconda|Rock Slide|p2a: Xatu
|-supereffective|p2a: Xatu
|-damage|p2a: Xatu|0 fnt
|faint|p2a: Xatu
|
|-heal|p1a: Sandaconda|13/100|[from] item: Leftovers
|upkeep
|
|t:|1620736165
|switch|p2a: Gourgeist|Gourgeist-Small, M|100/100
|-item|p1a: Sandaconda|Leftovers|[from] ability: Frisk|[of] p2a: Gourgeist|[identify]
|turn|21
|
|t:|1620736179
|switch|p1a: Mesprit|Mesprit, shiny|100/100 par
|-damage|p1a: Mesprit|88/100 par|[from] Stealth Rock
|move|p2a: Gourgeist|Grassy Glide|p1a: Mesprit
|-damage|p1a: Mesprit|61/100 par
|
|upkeep
|turn|22
|
|t:|1620736189
|switch|p2a: Garbodor|Garbodor, M|79/100
|move|p1a: Mesprit|Knock Off|p2a: Garbodor
|-crit|p2a: Garbodor
|-damage|p2a: Garbodor|44/100
|-enditem|p2a: Garbodor|Black Sludge|[from] move: Knock Off|[of] p1a: Mesprit
|
|upkeep
|turn|23
|
|t:|1620736198
|move|p2a: Garbodor|Gunk Shot|p1a: Mesprit
|-damage|p1a: Mesprit|33/100 par
|move|p1a: Mesprit|Psychic|p2a: Garbodor
|-supereffective|p2a: Garbodor
|-damage|p2a: Garbodor|0 fnt
|faint|p2a: Garbodor
|
|upkeep
|
|t:|1620736212
|switch|p2a: Gourgeist|Gourgeist-Small, M|100/100
|-item|p1a: Mesprit|Colbur Berry|[from] ability: Frisk|[of] p2a: Gourgeist|[identify]
|turn|24
|
|t:|1620736215
|move|p2a: Gourgeist|Poltergeist|p1a: Mesprit|[miss]
|-miss|p2a: Gourgeist|p1a: Mesprit
|move|p1a: Mesprit|Knock Off|p2a: Gourgeist
|-supereffective|p2a: Gourgeist
|-damage|p2a: Gourgeist|48/100
|-enditem|p2a: Gourgeist|Choice Band|[from] move: Knock Off|[of] p1a: Mesprit
|
|upkeep
|turn|25
|j| Ilikecatz
|
|t:|1620736227
|move|p2a: Gourgeist|Poltergeist|p1a: Mesprit
|-activate|p1a: Mesprit|move: Poltergeist|Colbur Berry
|-supereffective|p1a: Mesprit
|-damage|p1a: Mesprit|0 fnt
|faint|p1a: Mesprit
|
|upkeep
|
|t:|1620736234
|switch|p1a: Charizard|Charizard, M, shiny|15/100
|turn|26
|
|t:|1620736241
|move|p1a: Charizard|Flamethrower|p2a: Gourgeist
|-supereffective|p2a: Gourgeist
|-damage|p2a: Gourgeist|0 fnt
|faint|p2a: Gourgeist
|
|upkeep
|
|t:|1620736243
|switch|p2a: Regirock|Regirock|100/100
|turn|27
|
|t:|1620736248
|move|p1a: Charizard|Defog|p2a: Regirock
|-fail|p2a: Regirock|unboost|[from] ability: Clear Body|[of] p2a: Regirock
|-sideend|p1: daddys facehole|Spikes|[from] move: Defog|[of] p1a: Charizard
|-sideend|p1: daddys facehole|Stealth Rock|[from] move: Defog|[of] p1a: Charizard
|move|p2a: Regirock|Rock Blast|p1a: Charizard
|-supereffective|p1a: Charizard
|-damage|p1a: Charizard|0 fnt
|-hitcount|p1a: Charizard|1
|faint|p1a: Charizard
|
|upkeep
|
|t:|1620736256
|switch|p1a: Sandaconda|Sandaconda, M|13/100
|turn|28
|
|t:|1620736259
|move|p1a: Sandaconda|Rest|p1a: Sandaconda
|-status|p1a: Sandaconda|slp|[from] move: Rest
|-heal|p1a: Sandaconda|100/100 slp|[silent]
|move|p2a: Regirock|Body Press|p1a: Sandaconda
|-damage|p1a: Sandaconda|73/100 slp
|
|-heal|p1a: Sandaconda|80/100 slp|[from] item: Leftovers
|upkeep
|turn|29
|
|t:|1620736267
|cant|p1a: Sandaconda|slp
|move|p2a: Regirock|Body Press|p1a: Sandaconda
|-damage|p1a: Sandaconda|54/100 slp
|
|-activate|p1a: Sandaconda|ability: Shed Skin
|-curestatus|p1a: Sandaconda|slp|[msg]
|-heal|p1a: Sandaconda|60/100|[from] item: Leftovers
|upkeep
|turn|30
|
|t:|1620736275
|move|p1a: Sandaconda|Coil|p1a: Sandaconda
|-boost|p1a: Sandaconda|atk|1
|-boost|p1a: Sandaconda|def|1
|-boost|p1a: Sandaconda|accuracy|1
|move|p2a: Regirock|Toxic|p1a: Sandaconda
|-status|p1a: Sandaconda|tox
|
|-heal|p1a: Sandaconda|66/100 tox|[from] item: Leftovers
|-damage|p1a: Sandaconda|60/100 tox|[from] psn
|upkeep
|turn|31
|
|t:|1620736284
|move|p1a: Sandaconda|Body Press|p2a: Regirock
|-supereffective|p2a: Regirock
|-damage|p2a: Regirock|64/100
|move|p2a: Regirock|Body Press|p1a: Sandaconda
|-damage|p1a: Sandaconda|44/100 tox
|
|-heal|p1a: Sandaconda|50/100 tox|[from] item: Leftovers
|-heal|p2a: Regirock|70/100|[from] item: Leftovers
|-damage|p1a: Sandaconda|38/100 tox|[from] psn
|upkeep
|turn|32
|
|t:|1620736294
|move|p1a: Sandaconda|Rest|p1a: Sandaconda
|-status|p1a: Sandaconda|slp|[from] move: Rest
|-heal|p1a: Sandaconda|100/100 slp|[silent]
|move|p2a: Regirock|Body Press|p1a: Sandaconda
|-damage|p1a: Sandaconda|84/100 slp
|
|-heal|p1a: Sandaconda|90/100 slp|[from] item: Leftovers
|-heal|p2a: Regirock|76/100|[from] item: Leftovers
|upkeep
|turn|33
|
|t:|1620736303
|cant|p1a: Sandaconda|slp
|move|p2a: Regirock|Body Press|p1a: Sandaconda
|-damage|p1a: Sandaconda|72/100 slp
|
|-heal|p1a: Sandaconda|78/100 slp|[from] item: Leftovers
|-heal|p2a: Regirock|82/100|[from] item: Leftovers
|upkeep
|turn|34
|
|t:|1620736311
|cant|p1a: Sandaconda|slp
|move|p2a: Regirock|Body Press|p1a: Sandaconda
|-damage|p1a: Sandaconda|62/100 slp
|
|-heal|p1a: Sandaconda|68/100 slp|[from] item: Leftovers
|-heal|p2a: Regirock|88/100|[from] item: Leftovers
|upkeep
|turn|35
|
|t:|1620736324
|-curestatus|p1a: Sandaconda|slp|[msg]
|move|p1a: Sandaconda|Coil|p1a: Sandaconda
|-boost|p1a: Sandaconda|atk|1
|-boost|p1a: Sandaconda|def|1
|-boost|p1a: Sandaconda|accuracy|1
|move|p2a: Regirock|Body Press|p1a: Sandaconda
|-damage|p1a: Sandaconda|56/100
|
|-heal|p1a: Sandaconda|62/100|[from] item: Leftovers
|-heal|p2a: Regirock|94/100|[from] item: Leftovers
|upkeep
|turn|36
|
|t:|1620736334
|move|p1a: Sandaconda|Coil|p1a: Sandaconda
|-boost|p1a: Sandaconda|atk|1
|-boost|p1a: Sandaconda|def|1
|-boost|p1a: Sandaconda|accuracy|1
|move|p2a: Regirock|Toxic|p1a: Sandaconda
|-status|p1a: Sandaconda|tox
|
|-heal|p1a: Sandaconda|68/100 tox|[from] item: Leftovers
|-heal|p2a: Regirock|99/100|[from] item: Leftovers
|-damage|p1a: Sandaconda|62/100 tox|[from] psn
|upkeep
|turn|37
|
|t:|1620736343
|move|p1a: Sandaconda|Coil|p1a: Sandaconda
|-boost|p1a: Sandaconda|atk|1
|-boost|p1a: Sandaconda|def|1
|-boost|p1a: Sandaconda|accuracy|1
|move|p2a: Regirock|Body Press|p1a: Sandaconda
|-damage|p1a: Sandaconda|53/100 tox
|
|-heal|p1a: Sandaconda|59/100 tox|[from] item: Leftovers
|-heal|p2a: Regirock|100/100|[from] item: Leftovers
|-damage|p1a: Sandaconda|47/100 tox|[from] psn
|upkeep
|turn|38
|
|t:|1620736353
|move|p1a: Sandaconda|Rest|p1a: Sandaconda
|-status|p1a: Sandaconda|slp|[from] move: Rest
|-heal|p1a: Sandaconda|100/100 slp|[silent]
|move|p2a: Regirock|Body Press|p1a: Sandaconda
|-damage|p1a: Sandaconda|91/100 slp
|
|-activate|p1a: Sandaconda|ability: Shed Skin
|-curestatus|p1a: Sandaconda|slp|[msg]
|-heal|p1a: Sandaconda|97/100|[from] item: Leftovers
|upkeep
|turn|39
|l| Ilikecatz
|
|t:|1620736363
|move|p1a: Sandaconda|Body Press|p2a: Regirock
|-supereffective|p2a: Regirock
|-damage|p2a: Regirock|33/100
|move|p2a: Regirock|Body Press|p1a: Sandaconda
|-damage|p1a: Sandaconda|87/100
|
|-heal|p1a: Sandaconda|93/100|[from] item: Leftovers
|-heal|p2a: Regirock|40/100|[from] item: Leftovers
|upkeep
|turn|40
|c|☆Toxicidad fuera|gg
|
|t:|1620736372
|move|p1a: Sandaconda|Body Press|p2a: Regirock
|-supereffective|p2a: Regirock
|-damage|p2a: Regirock|0 fnt
|faint|p2a: Regirock
|
|win|daddys facehole
|raw|daddys facehole's rating: 1283 &rarr; <strong>1324</strong><br />(+41 for winning)
|raw|Toxicidad fuera's rating: 1553 &rarr; <strong>1520</strong><br />(-33 for losing)
|c|☆daddys facehole|gg
|l|☆Toxicidad fuera
