|j|☆Karrakarra
|j|☆Landon✘A21
|player|p1|Karrakarra|saturn|1458
|player|p2|Landon✘A21|sightseer|1449
|teamsize|p1|6
|teamsize|p2|6
|gametype|singles
|gen|8
|tier|[Gen 8] PU
|rated|
|clearpoke
|poke|p1|Raichu, M|
|poke|p1|Vespiquen, F|
|poke|p1|Glaceon, M|
|poke|p1|Whiscash, F|
|poke|p1|Liepard, M|
|poke|p1|Mawile, M|
|poke|p2|Thievul, M|
|poke|p2|Pincurchin, F|
|poke|p2|Silvally-*|
|poke|p2|Basculin, F|
|poke|p2|Hattrem, F|
|poke|p2|Glaceon, F|
|rule|Sleep Clause Mod: Limit one foe put to sleep
|rule|Species Clause: Limit one of each Pokémon
|rule|OHKO Clause: OHKO moves are banned
|rule|Evasion Moves Clause: Evasion moves are banned
|rule|Endless Battle Clause: Forcing endless battles is banned
|rule|HP Percentage Mod: HP is shown in percentages
|rule|Dynamax Clause: You cannot dynamax
|teampreview
|inactive|Battle timer is ON: inactive players will automatically lose when time's up. (requested by Landon✘A21)
|inactive|Karrakarra has 120 seconds left.
|
|start
|switch|p1a: Whiscash|Whiscash, F|100/100
|switch|p2a: Pincurchin|Pincurchin, F|100/100
|-fieldstart|move: Electric Terrain|[from] ability: Electric Surge|[of] p2a: Pincurchin
|turn|1
|
|switch|p2a: Glaceon|Glaceon, F|100/100
|move|p1a: Whiscash|Earthquake|p2a: Glaceon
|-damage|p2a: Glaceon|70/100
|
|upkeep
|turn|2
|
|switch|p1a: Glaceon|Glaceon, M|100/100
|move|p2a: Glaceon|Ice Beam|p1a: Glaceon
|-resisted|p1a: Glaceon
|-damage|p1a: Glaceon|73/100
|
|-heal|p1a: Glaceon|79/100|[from] item: Leftovers
|upkeep
|turn|3
|
|switch|p2a: Hattrem|Hattrem, F|100/100
|move|p1a: Glaceon|Freeze-Dry|p2a: Hattrem
|-damage|p2a: Hattrem|74/100
|
|-heal|p1a: Glaceon|85/100|[from] item: Leftovers
|upkeep
|turn|4
|
|move|p1a: Glaceon|Wish|p1a: Glaceon
|move|p2a: Hattrem|Nuzzle|p1a: Glaceon
|-damage|p1a: Glaceon|82/100
|-status|p1a: Glaceon|par
|
|-heal|p1a: Glaceon|88/100 par|[from] item: Leftovers
|upkeep
|turn|5
|
|switch|p1a: Raichu|Raichu, M|100/100
|move|p2a: Hattrem|Nuzzle|p1a: Raichu
|-ability|p1a: Raichu|Lightning Rod|boost
|-boost|p1a: Raichu|spa|1
|
|-fieldend|move: Electric Terrain
|upkeep
|turn|6
|
|switch|p2a: Silvally|Silvally-Ground|100/100
|move|p1a: Raichu|Thunderbolt|p2a: Silvally
|-immune|p2a: Silvally
|
|upkeep
|turn|7
|
|move|p1a: Raichu|Surf|p2a: Silvally
|-supereffective|p2a: Silvally
|-damage|p2a: Silvally|2/100
|-damage|p1a: Raichu|91/100|[from] item: Life Orb
|move|p2a: Silvally|Multi-Attack|p1a: Raichu
|-supereffective|p1a: Raichu
|-damage|p1a: Raichu|0 fnt
|faint|p1a: Raichu
|
|upkeep
|
|switch|p1a: Liepard|Liepard, M|100/100
|turn|8
|
|move|p1a: Liepard|Knock Off|p2a: Silvally
|-damage|p2a: Silvally|0 fnt
|faint|p2a: Silvally
|
|upkeep
|
|switch|p2a: Pincurchin|Pincurchin, F|100/100
|-fieldstart|move: Electric Terrain|[from] ability: Electric Surge|[of] p2a: Pincurchin
|turn|9
|
|move|p1a: Liepard|Knock Off|p2a: Pincurchin
|-damage|p2a: Pincurchin|52/100
|-enditem|p2a: Pincurchin|Leftovers|[from] move: Knock Off|[of] p1a: Liepard
|move|p2a: Pincurchin|Spikes|p1a: Liepard
|-sidestart|p1: Karrakarra|Spikes
|
|upkeep
|turn|10
|
|switch|p2a: Glaceon|Glaceon, F|70/100
|move|p1a: Liepard|U-turn|p2a: Glaceon
|-damage|p2a: Glaceon|48/100
|
|switch|p1a: Glaceon|Glaceon, M|88/100 par|[from]move: U-turn
|-damage|p1a: Glaceon|76/100 par|[from] Spikes
|
|-heal|p1a: Glaceon|82/100 par|[from] item: Leftovers
|upkeep
|turn|11
|
|move|p2a: Glaceon|Shadow Ball|p1a: Glaceon
|-damage|p1a: Glaceon|48/100 par
|move|p1a: Glaceon|Freeze-Dry|p2a: Glaceon
|-resisted|p2a: Glaceon
|-damage|p2a: Glaceon|29/100
|
|-heal|p1a: Glaceon|54/100 par|[from] item: Leftovers
|upkeep
|turn|12
|
|switch|p2a: Hattrem|Hattrem, F|74/100
|move|p1a: Glaceon|Wish|p1a: Glaceon
|
|-heal|p1a: Glaceon|60/100 par|[from] item: Leftovers
|upkeep
|turn|13
|
|move|p2a: Hattrem|Mystical Fire|p1a: Glaceon
|-supereffective|p1a: Glaceon
|-damage|p1a: Glaceon|37/100 par
|-unboost|p1a: Glaceon|spa|1
|cant|p1a: Glaceon|par
|
|-heal|p1a: Glaceon|87/100 par|[from] move: Wish|[wisher] Glaceon
|-heal|p1a: Glaceon|93/100 par|[from] item: Leftovers
|-fieldend|move: Electric Terrain
|upkeep
|turn|14
|
|move|p2a: Hattrem|Nuzzle|p1a: Glaceon
|-damage|p1a: Glaceon|90/100 par
|move|p1a: Glaceon|Wish|p1a: Glaceon
|
|-heal|p1a: Glaceon|96/100 par|[from] item: Leftovers
|upkeep
|turn|15
|
|switch|p1a: Vespiquen|Vespiquen, F|100/100
|-ability|p1a: Vespiquen|Unnerve|p2: Landon✘A21
|move|p2a: Hattrem|Nuzzle|p1a: Vespiquen
|-supereffective|p1a: Vespiquen
|-damage|p1a: Vespiquen|97/100
|-status|p1a: Vespiquen|par
|
|-heal|p1a: Vespiquen|100/100 par|[from] move: Wish|[wisher] Glaceon
|upkeep
|turn|16
|
|switch|p2a: Pincurchin|Pincurchin, F|52/100
|-fieldstart|move: Electric Terrain|[from] ability: Electric Surge|[of] p2a: Pincurchin
|move|p1a: Vespiquen|Toxic Spikes|p2a: Pincurchin
|-sidestart|p2: Landon✘A21|move: Toxic Spikes
|
|upkeep
|turn|17
|
|switch|p1a: Whiscash|Whiscash, F|100/100
|-damage|p1a: Whiscash|88/100|[from] Spikes
|move|p2a: Pincurchin|Recover|p2a: Pincurchin
|-heal|p2a: Pincurchin|100/100
|
|-heal|p1a: Whiscash|94/100|[from] item: Leftovers
|upkeep
|turn|18
|
|switch|p2a: Hattrem|Hattrem, F|74/100
|-status|p2a: Hattrem|psn
|move|p1a: Whiscash|Earthquake|p2a: Hattrem
|-damage|p2a: Hattrem|53/100 psn
|
|-heal|p1a: Whiscash|99/100|[from] item: Leftovers
|-damage|p2a: Hattrem|41/100 psn|[from] psn
|upkeep
|turn|19
|
|switch|p1a: Liepard|Liepard, M|100/100
|-damage|p1a: Liepard|88/100|[from] Spikes
|move|p2a: Hattrem|Giga Drain|p1a: Liepard
|-damage|p1a: Liepard|55/100
|-heal|p2a: Hattrem|55/100 psn|[from] drain|[of] p1a: Liepard
|
|-damage|p2a: Hattrem|43/100 psn|[from] psn
|upkeep
|turn|20
|
|switch|p2a: Pincurchin|Pincurchin, F|100/100
|-status|p2a: Pincurchin|psn
|move|p1a: Liepard|Knock Off|p2a: Pincurchin
|-damage|p2a: Pincurchin|73/100 psn
|
|-damage|p2a: Pincurchin|61/100 psn|[from] psn
|-fieldend|move: Electric Terrain
|upkeep
|turn|21
|
|move|p1a: Liepard|U-turn|p2a: Pincurchin
|-damage|p2a: Pincurchin|42/100 psn
|
|switch|p1a: Whiscash|Whiscash, F|99/100|[from]move: U-turn
|-damage|p1a: Whiscash|88/100|[from] Spikes
|move|p2a: Pincurchin|Recover|p2a: Pincurchin
|-heal|p2a: Pincurchin|92/100 psn
|
|-heal|p1a: Whiscash|94/100|[from] item: Leftovers
|-damage|p2a: Pincurchin|80/100 psn|[from] psn
|upkeep
|turn|22
|
|switch|p2a: Hattrem|Hattrem, F|43/100 psn
|move|p1a: Whiscash|Earthquake|p2a: Hattrem
|-damage|p2a: Hattrem|23/100 psn
|
|-heal|p1a: Whiscash|99/100|[from] item: Leftovers
|-damage|p2a: Hattrem|11/100 psn|[from] psn
|upkeep
|turn|23
|
|move|p1a: Whiscash|Protect|p1a: Whiscash
|-singleturn|p1a: Whiscash|Protect
|move|p2a: Hattrem|Mystical Fire|p1a: Whiscash
|-activate|p1a: Whiscash|move: Protect
|
|-heal|p1a: Whiscash|100/100|[from] item: Leftovers
|-damage|p2a: Hattrem|0 fnt|[from] psn
|faint|p2a: Hattrem
|upkeep
|
|switch|p2a: Glaceon|Glaceon, F|29/100
|-status|p2a: Glaceon|psn
|turn|24
|
|switch|p2a: Pincurchin|Pincurchin, F|80/100 psn
|-fieldstart|move: Electric Terrain|[from] ability: Electric Surge|[of] p2a: Pincurchin
|switch|p1a: Glaceon|Glaceon, M|96/100 par
|-damage|p1a: Glaceon|84/100 par|[from] Spikes
|
|-heal|p1a: Glaceon|90/100 par|[from] item: Leftovers
|-damage|p2a: Pincurchin|67/100 psn|[from] psn
|upkeep
|turn|25
|
|switch|p1a: Whiscash|Whiscash, F|100/100
|-damage|p1a: Whiscash|88/100|[from] Spikes
|move|p2a: Pincurchin|Memento|p1a: Whiscash
|-unboost|p1a: Whiscash|atk|2
|-unboost|p1a: Whiscash|spa|2
|faint|p2a: Pincurchin
|
|-heal|p1a: Whiscash|94/100|[from] item: Leftovers
|upkeep
|
|switch|p2a: Thievul|Thievul, M|100/100
|-status|p2a: Thievul|psn
|-enditem|p2a: Thievul|Electric Seed
|-boost|p2a: Thievul|def|1|[from] item: Electric Seed
|turn|26
|
|switch|p1a: Vespiquen|Vespiquen, F|100/100 par
|-ability|p1a: Vespiquen|Unnerve|p2: Landon✘A21
|move|p2a: Thievul|Nasty Plot|p2a: Thievul
|-boost|p2a: Thievul|spa|2
|
|-damage|p2a: Thievul|88/100 psn|[from] psn
|upkeep
|turn|27
|
|move|p2a: Thievul|Dark Pulse|p1a: Vespiquen
|-damage|p1a: Vespiquen|29/100 par
|cant|p1a: Vespiquen|par
|
|-damage|p2a: Thievul|76/100 psn|[from] psn
|upkeep
|turn|28
|
|move|p2a: Thievul|Dark Pulse|p1a: Vespiquen
|-damage|p1a: Vespiquen|0 fnt
|faint|p1a: Vespiquen
|
|-damage|p2a: Thievul|63/100 psn|[from] psn
|-fieldend|move: Electric Terrain
|upkeep
|
|switch|p1a: Glaceon|Glaceon, M|90/100 par
|-damage|p1a: Glaceon|78/100 par|[from] Spikes
|turn|29
|
|move|p2a: Thievul|Dark Pulse|p1a: Glaceon
|-damage|p1a: Glaceon|22/100 par
|move|p1a: Glaceon|Freeze-Dry|p2a: Thievul
|-damage|p2a: Thievul|27/100 psn
|
|-heal|p1a: Glaceon|28/100 par|[from] item: Leftovers
|-damage|p2a: Thievul|14/100 psn|[from] psn
|upkeep
|turn|30
|
|move|p1a: Glaceon|Protect|p1a: Glaceon
|-singleturn|p1a: Glaceon|Protect
|move|p2a: Thievul|Nasty Plot|p2a: Thievul
|-boost|p2a: Thievul|spa|2
|
|-heal|p1a: Glaceon|34/100 par|[from] item: Leftovers
|-damage|p2a: Thievul|2/100 psn|[from] psn
|upkeep
|turn|31
|
|move|p1a: Glaceon|Protect||[still]
|-fail|p1a: Glaceon
|move|p2a: Thievul|Dark Pulse|p1a: Glaceon
|-damage|p1a: Glaceon|0 fnt
|faint|p1a: Glaceon
|
|-damage|p2a: Thievul|0 fnt|[from] psn
|faint|p2a: Thievul
|upkeep
|
|switch|p2a: Basculin|Basculin, F|100/100
|switch|p1a: Whiscash|Whiscash, F|94/100
|-status|p2a: Basculin|psn
|-damage|p1a: Whiscash|82/100|[from] Spikes
|turn|32
|
|move|p1a: Whiscash|Protect|p1a: Whiscash
|-singleturn|p1a: Whiscash|Protect
|move|p2a: Basculin|Liquidation|p1a: Whiscash
|-activate|p1a: Whiscash|move: Protect
|
|-heal|p1a: Whiscash|88/100|[from] item: Leftovers
|-damage|p2a: Basculin|88/100 psn|[from] psn
|upkeep
|turn|33
|
|move|p2a: Basculin|Liquidation|p1a: Whiscash
|-damage|p1a: Whiscash|44/100
|-damage|p2a: Basculin|78/100 psn|[from] item: Life Orb
|move|p1a: Whiscash|Earthquake|p2a: Basculin
|-damage|p2a: Basculin|26/100 psn
|
|-heal|p1a: Whiscash|50/100|[from] item: Leftovers
|-damage|p2a: Basculin|14/100 psn|[from] psn
|upkeep
|turn|34
|
|switch|p2a: Glaceon|Glaceon, F|29/100 psn
|move|p1a: Whiscash|Protect||[still]
|-fail|p1a: Whiscash
|
|-heal|p1a: Whiscash|56/100|[from] item: Leftovers
|-damage|p2a: Glaceon|16/100 psn|[from] psn
|upkeep
|turn|35
|
|move|p1a: Whiscash|Protect|p1a: Whiscash
|-singleturn|p1a: Whiscash|Protect
|move|p2a: Glaceon|Freeze-Dry|p1a: Whiscash
|-activate|p1a: Whiscash|move: Protect
|
|-heal|p1a: Whiscash|62/100|[from] item: Leftovers
|-damage|p2a: Glaceon|4/100 psn|[from] psn
|upkeep
|turn|36
|
|switch|p1a: Mawile|Mawile, M|100/100
|-damage|p1a: Mawile|88/100|[from] Spikes
|move|p2a: Glaceon|Freeze-Dry|p1a: Mawile
|-resisted|p1a: Mawile
|-damage|p1a: Mawile|19/100
|
|-damage|p2a: Glaceon|0 fnt|[from] psn
|faint|p2a: Glaceon
|upkeep
|
|switch|p2a: Basculin|Basculin, F|14/100 psn
|turn|37
|
|move|p2a: Basculin|Liquidation|p1a: Mawile
|-damage|p1a: Mawile|0 fnt
|-damage|p2a: Basculin|4/100 psn|[from] item: Life Orb
|faint|p1a: Mawile
|
|-damage|p2a: Basculin|0 fnt|[from] psn
|faint|p2a: Basculin
|
|win|Karrakarra
|upkeep
|raw|Karrakarra's rating: 1458 &rarr; <strong>1477</strong><br />(+19 for winning)
|raw|Landon✘A21's rating: 1449 &rarr; <strong>1430</strong><br />(-19 for losing)
