|j|☆Crunchy5
|j|☆ti84silveredition
|inactive|Battle timer is ON: inactive players will automatically lose when time's up.
|t:|1663966614
|gametype|singles
|player|p1|Crunchy5|janitor|
|player|p2|ti84silveredition|265|
|teamsize|p1|6
|teamsize|p2|6
|gen|8
|tier|[Gen 8] PU
|rated|Tournament battle
|rule|Sleep Clause Mod: Limit one foe put to sleep
|rule|Species Clause: Limit one of each Pokémon
|rule|OHKO Clause: OHKO moves are banned
|rule|Evasion Items Clause: Evasion items are banned
|rule|Evasion Moves Clause: Evasion moves are banned
|rule|Endless Battle Clause: Forcing endless battles is banned
|rule|HP Percentage Mod: HP is shown in percentages
|rule|Dynamax Clause: You cannot dynamax
|clearpoke
|poke|p1|Silvally-*|
|poke|p1|Whimsicott, F|
|poke|p1|Wishiwashi, F|
|poke|p1|Garbodor, M|
|poke|p1|Aggron, F|
|poke|p1|Articuno-Galar|
|poke|p2|Gigalith, M|
|poke|p2|Quagsire, F|
|poke|p2|Scrafty, F|
|poke|p2|Weezing, F|
|poke|p2|Ferroseed, M|
|poke|p2|Ribombee, F|
|teampreview
|j|*Lady Monita
|inactive|ti84silveredition also wants the timer to be on.
|inactive|Crunchy5 has 120 seconds left.
|
|t:|1663966645
|start
|switch|p1a: Inacaraft|Garbodor, M|100/100
|switch|p2a: Scrafty|Scrafty, F|100/100
|turn|1
|
|t:|1663966649
|move|p1a: Inacaraft|Spikes|p2a: Scrafty
|-sidestart|p2: ti84silveredition|Spikes
|move|p2a: Scrafty|Knock Off|p1a: Inacaraft
|-damage|p1a: Inacaraft|71/100
|-enditem|p1a: Inacaraft|Black Sludge|[from] move: Knock Off|[of] p2a: Scrafty
|
|upkeep
|turn|2
|
|t:|1663966672
|switch|p2a: Gigalith|Gigalith, M|100/100
|-damage|p2a: Gigalith|88/100|[from] Spikes
|-weather|Sandstorm|[from] ability: Sand Stream|[of] p2a: Gigalith
|move|p1a: Inacaraft|Gunk Shot|p2a: Gigalith
|-resisted|p2a: Gigalith
|-damage|p2a: Gigalith|73/100
|-status|p2a: Gigalith|psn
|
|-weather|Sandstorm|[upkeep]
|-damage|p1a: Inacaraft|65/100|[from] Sandstorm
|-heal|p2a: Gigalith|79/100 psn|[from] item: Leftovers
|-damage|p2a: Gigalith|67/100 psn|[from] psn
|upkeep
|turn|3
|
|t:|1663966691
|switch|p1a: Zhaoya|Wishiwashi, F|100/100
|-formechange|p1a: Zhaoya|Wishiwashi-School||[from] ability: Schooling
|move|p2a: Gigalith|Stealth Rock|p1a: Zhaoya
|-sidestart|p1: Crunchy5|move: Stealth Rock
|
|-weather|Sandstorm|[upkeep]
|-damage|p1a: Zhaoya|94/100|[from] Sandstorm
|-heal|p1a: Zhaoya|100/100|[from] item: Leftovers
|-heal|p2a: Gigalith|73/100 psn|[from] item: Leftovers
|-damage|p2a: Gigalith|61/100 psn|[from] psn
|upkeep
|turn|4
|
|t:|1663966702
|switch|p2a: Ferroseed|Ferroseed, M|100/100
|-damage|p2a: Ferroseed|88/100|[from] Spikes
|move|p1a: Zhaoya|Scald|p2a: Ferroseed
|-resisted|p2a: Ferroseed
|-damage|p2a: Ferroseed|72/100
|
|-weather|Sandstorm|[upkeep]
|-damage|p1a: Zhaoya|94/100|[from] Sandstorm
|-heal|p1a: Zhaoya|100/100|[from] item: Leftovers
|upkeep
|turn|5
|inactive|ti84silveredition has 120 seconds left.
|inactive|ti84silveredition has 90 seconds left.
|inactive|ti84silveredition has 60 seconds left.
|
|t:|1663966797
|move|p1a: Zhaoya|U-turn|p2a: Ferroseed
|-damage|p2a: Ferroseed|59/100
|-damage|p1a: Zhaoya|88/100|[from] ability: Iron Barbs|[of] p2a: Ferroseed
|
|t:|1663966801
|switch|p1a: Inacaraft|Garbodor, M|65/100|[from]move: U-turn
|-damage|p1a: Inacaraft|52/100|[from] Stealth Rock
|move|p2a: Ferroseed|Leech Seed|p1a: Inacaraft
|-start|p1a: Inacaraft|move: Leech Seed
|
|-weather|Sandstorm|[upkeep]
|-damage|p1a: Inacaraft|46/100|[from] Sandstorm
|-damage|p1a: Inacaraft|34/100|[from] Leech Seed|[of] p2a: Ferroseed
|-heal|p2a: Ferroseed|74/100|[silent]
|upkeep
|turn|6
|
|t:|1663966809
|move|p1a: Inacaraft|Spikes|p2a: Ferroseed
|-sidestart|p2: ti84silveredition|Spikes
|move|p2a: Ferroseed|Spikes|p1a: Inacaraft
|-sidestart|p1: Crunchy5|Spikes
|
|-weather|none
|-damage|p1a: Inacaraft|21/100|[from] Leech Seed|[of] p2a: Ferroseed
|-heal|p2a: Ferroseed|90/100|[silent]
|upkeep
|turn|7
|
|t:|1663966811
|move|p1a: Inacaraft|Spikes|p2a: Ferroseed
|-sidestart|p2: ti84silveredition|Spikes
|move|p2a: Ferroseed|Spikes|p1a: Inacaraft
|-sidestart|p1: Crunchy5|Spikes
|
|-damage|p1a: Inacaraft|9/100|[from] Leech Seed|[of] p2a: Ferroseed
|-heal|p2a: Ferroseed|100/100|[silent]
|upkeep
|turn|8
|
|t:|1663966814
|move|p1a: Inacaraft|Stomping Tantrum|p2a: Ferroseed
|-damage|p2a: Ferroseed|89/100
|-damage|p1a: Inacaraft|0 fnt|[from] ability: Iron Barbs|[of] p2a: Ferroseed
|faint|p1a: Inacaraft
|move|p2a: Ferroseed|Spikes|p1: Inacaraft
|-sidestart|p1: Crunchy5|Spikes
|
|upkeep
|
|t:|1663966819
|switch|p1a: Patrice Evra|Silvally-Ghost|100/100
|-damage|p1a: Patrice Evra|88/100|[from] Stealth Rock
|-damage|p1a: Patrice Evra|63/100|[from] Spikes
|turn|9
|
|t:|1663966821
|move|p2a: Ferroseed|Protect|p2a: Ferroseed
|-singleturn|p2a: Ferroseed|Protect
|move|p1a: Patrice Evra|Substitute|p1a: Patrice Evra
|-start|p1a: Patrice Evra|Substitute
|-damage|p1a: Patrice Evra|39/100
|
|upkeep
|turn|10
|
|t:|1663966828
|switch|p2a: Quagsire|Quagsire, F|100/100
|move|p1a: Patrice Evra|Swords Dance|p1a: Patrice Evra
|-boost|p1a: Patrice Evra|atk|2
|
|upkeep
|turn|11
|
|t:|1663966833
|move|p1a: Patrice Evra|Multi-Attack|p2a: Quagsire
|-damage|p2a: Quagsire|66/100
|move|p2a: Quagsire|Curse|p2a: Quagsire
|-unboost|p2a: Quagsire|spe|1
|-boost|p2a: Quagsire|atk|1
|-boost|p2a: Quagsire|def|1
|
|upkeep
|turn|12
|
|t:|1663966844
|switch|p1a: grognasse|Articuno-Galar|100/100
|-damage|p1a: grognasse|76/100|[from] Stealth Rock
|move|p2a: Quagsire|Recover|p2a: Quagsire
|-heal|p2a: Quagsire|100/100
|
|upkeep
|turn|13
|
|t:|1663966853
|switch|p2a: Ribombee|Ribombee, F|100/100
|move|p1a: grognasse|Freezing Glare|p2a: Ribombee
|-damage|p2a: Ribombee|0 fnt
|faint|p2a: Ribombee
|
|upkeep
|
|t:|1663966857
|switch|p2a: Gigalith|Gigalith, M|61/100 psn
|-damage|p2a: Gigalith|36/100 psn|[from] Spikes
|-weather|Sandstorm|[from] ability: Sand Stream|[of] p2a: Gigalith
|turn|14
|
|t:|1663966863
|move|p1a: grognasse|Freezing Glare|p2a: Gigalith
|-damage|p2a: Gigalith|0 fnt
|faint|p2a: Gigalith
|
|-weather|Sandstorm|[upkeep]
|-damage|p1a: grognasse|69/100|[from] Sandstorm
|upkeep
|
|t:|1663966866
|switch|p2a: Scrafty|Scrafty, F|100/100
|-damage|p2a: Scrafty|76/100|[from] Spikes
|turn|15
|
|t:|1663966871
|switch|p1a: Pipi|Whimsicott, F|100/100
|move|p2a: Scrafty|Knock Off|p1a: Pipi
|-resisted|p1a: Pipi
|-damage|p1a: Pipi|81/100
|-enditem|p1a: Pipi|Heavy-Duty Boots|[from] move: Knock Off|[of] p2a: Scrafty
|
|-weather|Sandstorm|[upkeep]
|-damage|p1a: Pipi|75/100|[from] Sandstorm
|-damage|p2a: Scrafty|70/100|[from] Sandstorm
|-heal|p2a: Scrafty|76/100|[from] item: Leftovers
|upkeep
|turn|16
|
|t:|1663966886
|switch|p2a: Weezing|Weezing, F|100/100
|move|p1a: Pipi|Moonblast|p2a: Weezing
|-resisted|p2a: Weezing
|-damage|p2a: Weezing|81/100
|
|-weather|Sandstorm|[upkeep]
|-damage|p1a: Pipi|69/100|[from] Sandstorm
|-damage|p2a: Weezing|75/100|[from] Sandstorm
|-heal|p2a: Weezing|81/100|[from] item: Black Sludge
|upkeep
|turn|17
|
|t:|1663966895
|switch|p1a: Impot|Aggron, F|100/100
|-damage|p1a: Impot|94/100|[from] Stealth Rock
|-damage|p1a: Impot|70/100|[from] Spikes
|move|p2a: Weezing|Toxic Spikes|p1a: Impot
|-sidestart|p1: Crunchy5|move: Toxic Spikes
|
|-weather|Sandstorm|[upkeep]
|-damage|p2a: Weezing|75/100|[from] Sandstorm
|-heal|p2a: Weezing|81/100|[from] item: Black Sludge
|-heal|p1a: Impot|76/100|[from] item: Leftovers
|upkeep
|turn|18
|
|t:|1663966911
|move|p2a: Weezing|Will-O-Wisp|p1a: Impot
|-status|p1a: Impot|brn
|move|p1a: Impot|Stealth Rock|p2a: Weezing
|-sidestart|p2: ti84silveredition|move: Stealth Rock
|
|-weather|none
|-heal|p2a: Weezing|87/100|[from] item: Black Sludge
|-heal|p1a: Impot|82/100 brn|[from] item: Leftovers
|-damage|p1a: Impot|76/100 brn|[from] brn
|upkeep
|turn|19
|
|t:|1663966916
|move|p2a: Weezing|Toxic Spikes|p1a: Impot
|-sidestart|p1: Crunchy5|move: Toxic Spikes
|move|p1a: Impot|Head Smash|p2a: Weezing
|-damage|p2a: Weezing|67/100
|
|-heal|p2a: Weezing|73/100|[from] item: Black Sludge
|-heal|p1a: Impot|82/100 brn|[from] item: Leftovers
|-damage|p1a: Impot|76/100 brn|[from] brn
|upkeep
|turn|20
|
|t:|1663966935
|move|p2a: Weezing|Taunt|p1a: Impot
|-start|p1a: Impot|move: Taunt
|move|p1a: Impot|Head Smash|p2a: Weezing
|-damage|p2a: Weezing|54/100
|
|-heal|p2a: Weezing|60/100|[from] item: Black Sludge
|-heal|p1a: Impot|82/100 brn|[from] item: Leftovers
|-damage|p1a: Impot|76/100 brn|[from] brn
|upkeep
|turn|21
|
|t:|1663966941
|switch|p2a: Ferroseed|Ferroseed, M|89/100
|-damage|p2a: Ferroseed|64/100|[from] Spikes
|-damage|p2a: Ferroseed|58/100|[from] Stealth Rock
|move|p1a: Impot|Head Smash|p2a: Ferroseed|[miss]
|-miss|p1a: Impot|p2a: Ferroseed
|
|-heal|p1a: Impot|82/100 brn|[from] item: Leftovers
|-damage|p1a: Impot|76/100 brn|[from] brn
|upkeep
|turn|22
|
|t:|1663966955
|move|p1a: Impot|Body Press|p2a: Ferroseed
|-supereffective|p2a: Ferroseed
|-damage|p2a: Ferroseed|40/100
|-damage|p1a: Impot|63/100 brn|[from] ability: Iron Barbs|[of] p2a: Ferroseed
|move|p2a: Ferroseed|Leech Seed|p1a: Impot
|-start|p1a: Impot|move: Leech Seed
|
|-heal|p1a: Impot|70/100 brn|[from] item: Leftovers
|-damage|p1a: Impot|57/100 brn|[from] Leech Seed|[of] p2a: Ferroseed
|-heal|p2a: Ferroseed|54/100|[silent]
|-damage|p1a: Impot|51/100 brn|[from] brn
|-end|p1a: Impot|move: Taunt
|upkeep
|turn|23
|
|t:|1663966968
|switch|p1a: Patrice Evra|Silvally-Ghost|39/100
|-damage|p1a: Patrice Evra|26/100|[from] Stealth Rock
|-damage|p1a: Patrice Evra|1/100|[from] Spikes
|-status|p1a: Patrice Evra|tox
|move|p2a: Ferroseed|Protect||[still]
|-fail|p2a: Ferroseed
|
|-damage|p1a: Patrice Evra|0 fnt|[from] psn
|faint|p1a: Patrice Evra
|upkeep
|
|t:|1663966978
|switch|p1a: grognasse|Articuno-Galar|69/100
|-damage|p1a: grognasse|44/100|[from] Stealth Rock
|turn|24
|
|t:|1663966982
|move|p2a: Ferroseed|Protect|p2a: Ferroseed
|-singleturn|p2a: Ferroseed|Protect
|move|p1a: grognasse|Hurricane|p2a: Ferroseed
|-activate|p2a: Ferroseed|move: Protect
|
|upkeep
|turn|25
|
|t:|1663966988
|move|p1a: grognasse|Hurricane|p2a: Ferroseed
|-damage|p2a: Ferroseed|0 fnt
|faint|p2a: Ferroseed
|
|upkeep
|
|t:|1663966991
|switch|p2a: Scrafty|Scrafty, F|76/100
|-damage|p2a: Scrafty|51/100|[from] Spikes
|-damage|p2a: Scrafty|45/100|[from] Stealth Rock
|turn|26
|
|t:|1663966995
|move|p1a: grognasse|Hurricane|p2a: Scrafty
|-supereffective|p2a: Scrafty
|-damage|p2a: Scrafty|0 fnt
|faint|p2a: Scrafty
|
|upkeep
|
|t:|1663966997
|switch|p2a: Quagsire|Quagsire, F|100/100
|turn|27
|
|t:|1663967006
|move|p1a: grognasse|Hurricane|p2a: Quagsire|[miss]
|-miss|p1a: grognasse|p2a: Quagsire
|move|p2a: Quagsire|Waterfall|p1a: grognasse
|-damage|p1a: grognasse|13/100
|
|upkeep
|turn|28
|
|t:|1663967010
|move|p1a: grognasse|Hurricane|p2a: Quagsire|[miss]
|-miss|p1a: grognasse|p2a: Quagsire
|move|p2a: Quagsire|Waterfall|p1a: grognasse
|-damage|p1a: grognasse|0 fnt
|faint|p1a: grognasse
|
|upkeep
|
|t:|1663967023
|switch|p1a: Zhaoya|Wishiwashi, F|88/100
|-damage|p1a: Zhaoya|76/100|[from] Stealth Rock
|-damage|p1a: Zhaoya|51/100|[from] Spikes
|-status|p1a: Zhaoya|tox
|-formechange|p1a: Zhaoya|Wishiwashi-School||[from] ability: Schooling
|turn|29
|
|t:|1663967032
|move|p2a: Quagsire|Recover||[still]
|-fail|p2a: Quagsire|heal
|move|p1a: Zhaoya|Rest|p1a: Zhaoya
|-status|p1a: Zhaoya|slp|[from] move: Rest
|-heal|p1a: Zhaoya|100/100 slp|[silent]
|
|upkeep
|turn|30
|
|t:|1663967037
|move|p2a: Quagsire|Curse|p2a: Quagsire
|-unboost|p2a: Quagsire|spe|1
|-boost|p2a: Quagsire|atk|1
|-boost|p2a: Quagsire|def|1
|cant|p1a: Zhaoya|slp
|
|upkeep
|turn|31
|
|t:|1663967039
|cant|p1a: Zhaoya|slp
|move|p2a: Quagsire|Curse|p2a: Quagsire
|-unboost|p2a: Quagsire|spe|1
|-boost|p2a: Quagsire|atk|1
|-boost|p2a: Quagsire|def|1
|
|upkeep
|turn|32
|
|t:|1663967042
|-curestatus|p1a: Zhaoya|slp|[msg]
|move|p1a: Zhaoya|Scald|p2a: Quagsire
|-damage|p2a: Quagsire|62/100
|move|p2a: Quagsire|Toxic|p1a: Zhaoya
|-status|p1a: Zhaoya|tox
|
|-damage|p1a: Zhaoya|94/100 tox|[from] psn
|upkeep
|turn|33
|
|t:|1663967048
|move|p1a: Zhaoya|Scald|p2a: Quagsire
|-damage|p2a: Quagsire|23/100
|-status|p2a: Quagsire|brn
|move|p2a: Quagsire|Recover|p2a: Quagsire
|-heal|p2a: Quagsire|73/100 brn
|
|-heal|p1a: Zhaoya|100/100 tox|[from] item: Leftovers
|-damage|p1a: Zhaoya|88/100 tox|[from] psn
|-damage|p2a: Quagsire|66/100 brn|[from] brn
|upkeep
|turn|34
|
|t:|1663967052
|move|p1a: Zhaoya|Scald|p2a: Quagsire
|-damage|p2a: Quagsire|25/100 brn
|move|p2a: Quagsire|Recover|p2a: Quagsire
|-heal|p2a: Quagsire|75/100 brn
|
|-heal|p1a: Zhaoya|94/100 tox|[from] item: Leftovers
|-damage|p1a: Zhaoya|76/100 tox|[from] psn
|-damage|p2a: Quagsire|69/100 brn|[from] brn
|upkeep
|turn|35
|
|t:|1663967055
|move|p1a: Zhaoya|Rest|p1a: Zhaoya
|-status|p1a: Zhaoya|slp|[from] move: Rest
|-heal|p1a: Zhaoya|100/100 slp|[silent]
|move|p2a: Quagsire|Recover|p2a: Quagsire
|-heal|p2a: Quagsire|100/100 brn
|
|-damage|p2a: Quagsire|94/100 brn|[from] brn
|upkeep
|turn|36
|
|t:|1663967057
|cant|p1a: Zhaoya|slp
|move|p2a: Quagsire|Curse|p2a: Quagsire
|-unboost|p2a: Quagsire|spe|1
|-boost|p2a: Quagsire|atk|1
|-boost|p2a: Quagsire|def|1
|
|-damage|p2a: Quagsire|88/100 brn|[from] brn
|upkeep
|turn|37
|
|t:|1663967060
|cant|p1a: Zhaoya|slp
|move|p2a: Quagsire|Curse|p2a: Quagsire
|-unboost|p2a: Quagsire|spe|1
|-boost|p2a: Quagsire|atk|1
|-boost|p2a: Quagsire|def|1
|
|-damage|p2a: Quagsire|82/100 brn|[from] brn
|upkeep
|turn|38
|
|t:|1663967063
|-curestatus|p1a: Zhaoya|slp|[msg]
|move|p1a: Zhaoya|Scald|p2a: Quagsire
|-damage|p2a: Quagsire|38/100 brn
|move|p2a: Quagsire|Toxic|p1a: Zhaoya
|-status|p1a: Zhaoya|tox
|
|-damage|p1a: Zhaoya|94/100 tox|[from] psn
|-damage|p2a: Quagsire|32/100 brn|[from] brn
|upkeep
|turn|39
|
|t:|1663967070
|move|p1a: Zhaoya|Scald|p2a: Quagsire
|-damage|p2a: Quagsire|0 fnt
|faint|p2a: Quagsire
|
|-heal|p1a: Zhaoya|100/100 tox|[from] item: Leftovers
|-damage|p1a: Zhaoya|88/100 tox|[from] psn
|upkeep
|
|t:|1663967071
|switch|p2a: Weezing|Weezing, F|60/100
|-damage|p2a: Weezing|48/100|[from] Stealth Rock
|turn|40
|
|t:|1663967075
|move|p2a: Weezing|Sludge Bomb|p1a: Zhaoya
|-damage|p1a: Zhaoya|66/100 tox
|move|p1a: Zhaoya|Scald|p2a: Weezing
|-damage|p2a: Weezing|0 fnt
|faint|p2a: Weezing
|
|win|Crunchy5
|n|☆Crunchy5|crunchy5
|n|☆ti84silveredition|ti84silveredition
|n|*Lady Monita|ladymonita
|l|*Lady Monita
|l|☆ti84silveredition
|l|☆Crunchy5
