|raw|<div class="broadcast-blue"><strong>This battle is required to be public due to a player having a name starting with 'pult4t2'.</div>
|j|☆bloccked
|j|☆PULT4T2 soup
|t:|1661234233
|gametype|singles
|player|p1|bloccked|may-masters|1273
|player|p2|PULT4T2 soup|furisodegirl-blue|1382
|teamsize|p1|6
|teamsize|p2|6
|gen|8
|tier|[Gen 8] PU
|rated|
|rule|Sleep Clause Mod: Limit one foe put to sleep
|rule|Species Clause: Limit one of each Pokémon
|rule|OHKO Clause: OHKO moves are banned
|rule|Evasion Items Clause: Evasion items are banned
|rule|Evasion Moves Clause: Evasion moves are banned
|rule|Endless Battle Clause: Forcing endless battles is banned
|rule|HP Percentage Mod: HP is shown in percentages
|rule|Dynamax Clause: You cannot dynamax
|clearpoke
|poke|p1|Spiritomb, M|
|poke|p1|Golbat, F|
|poke|p1|Weezing, M|
|poke|p1|Aggron, M|
|poke|p1|Articuno-Galar|
|poke|p1|Wishiwashi, M|
|poke|p2|Audino, F|
|poke|p2|Quagsire, F|
|poke|p2|Ferroseed, M|
|poke|p2|Corsola, M|
|poke|p2|Aromatisse, M|
|poke|p2|Charizard, F|
|teampreview
|
|t:|1661234255
|start
|switch|p1a: Spiritomb|Spiritomb, M|100/100
|switch|p2a: Ferroseed|Ferroseed, M|100/100
|turn|1
|
|t:|1661234262
|switch|p1a: Weezing|Weezing, M|100/100
|move|p2a: Ferroseed|Spikes|p1a: Weezing
|-sidestart|p1: bloccked|Spikes
|
|upkeep
|turn|2
|
|t:|1661234265
|switch|p2a: Charizard|Charizard, F|100/100
|move|p1a: Weezing|Flamethrower|p2a: Charizard
|-resisted|p2a: Charizard
|-damage|p2a: Charizard|90/100
|
|upkeep
|turn|3
|
|t:|1661234269
|switch|p1a: Aggron|Aggron, M|100/100
|-damage|p1a: Aggron|88/100|[from] Spikes
|move|p2a: Charizard|Mystical Fire|p1a: Aggron
|-damage|p1a: Aggron|63/100
|-unboost|p1a: Aggron|spa|1
|
|-heal|p1a: Aggron|69/100|[from] item: Leftovers
|upkeep
|turn|4
|
|t:|1661234276
|switch|p2a: Quagsire|Quagsire, F|100/100
|switch|p1a: no more comfey|Golbat, F|100/100
|
|upkeep
|turn|5
|
|t:|1661234279
|move|p1a: no more comfey|Giga Drain|p2a: Quagsire
|-supereffective|p2a: Quagsire
|-damage|p2a: Quagsire|31/100
|move|p2a: Quagsire|Scald|p1a: no more comfey
|-damage|p1a: no more comfey|85/100
|
|upkeep
|turn|6
|
|t:|1661234288
|switch|p2a: Audino|Audino, F|100/100
|move|p1a: no more comfey|Giga Drain|p2a: Audino
|-damage|p2a: Audino|91/100
|-heal|p1a: no more comfey|92/100|[from] drain|[of] p2a: Audino
|
|upkeep
|turn|7
|
|t:|1661234291
|move|p1a: no more comfey|Defog|p2a: Audino
|-unboost|p2a: Audino|evasion|1
|-sideend|p1: bloccked|Spikes|[from] move: Defog|[of] p1a: no more comfey
|move|p2a: Audino|Knock Off|p1a: no more comfey
|-damage|p1a: no more comfey|77/100
|-enditem|p1a: no more comfey|Eviolite|[from] move: Knock Off|[of] p2a: Audino
|
|upkeep
|turn|8
|
|t:|1661234299
|move|p1a: no more comfey|Sludge Bomb|p2a: Audino
|-damage|p2a: Audino|74/100
|move|p2a: Audino|Wish|p2a: Audino
|
|upkeep
|turn|9
|
|t:|1661234315
|switch|p2a: Charizard|Charizard, F|90/100
|move|p1a: no more comfey|Giga Drain|p2a: Charizard
|-resisted|p2a: Charizard
|-damage|p2a: Charizard|86/100
|-heal|p1a: no more comfey|79/100|[from] drain|[of] p2a: Charizard
|
|-heal|p2a: Charizard|100/100|[from] move: Wish|[wisher] Audino
|upkeep
|turn|10
|
|t:|1661234320
|switch|p1a: Aggron|Aggron, M|69/100
|move|p2a: Charizard|Mystical Fire|p1a: Aggron
|-damage|p1a: Aggron|43/100
|-unboost|p1a: Aggron|spa|1
|
|-heal|p1a: Aggron|49/100|[from] item: Leftovers
|upkeep
|turn|11
|
|t:|1661234344
|move|p2a: Charizard|Mystical Fire|p1a: Aggron
|-damage|p1a: Aggron|22/100
|-unboost|p1a: Aggron|spa|1
|move|p1a: Aggron|Head Smash|p2a: Charizard
|-supereffective|p2a: Charizard
|-damage|p2a: Charizard|0 fnt
|faint|p2a: Charizard
|
|-heal|p1a: Aggron|28/100|[from] item: Leftovers
|upkeep
|
|t:|1661234358
|switch|p2a: Corsola|Corsola, M|100/100
|turn|12
|
|t:|1661234371
|move|p1a: Aggron|Earthquake|p2a: Corsola
|-supereffective|p2a: Corsola
|-damage|p2a: Corsola|63/100
|move|p2a: Corsola|Scald|p1a: Aggron
|-supereffective|p1a: Aggron
|-damage|p1a: Aggron|0 fnt
|faint|p1a: Aggron
|
|upkeep
|
|t:|1661234377
|switch|p1a: no more comfey|Golbat, F|79/100
|turn|13
|
|t:|1661234382
|switch|p1a: Weezing|Weezing, M|100/100
|switch|p2a: Audino|Audino, F|100/100
|
|upkeep
|turn|14
|
|t:|1661234385
|move|p1a: Weezing|Sludge Bomb|p2a: Audino
|-damage|p2a: Audino|81/100
|-status|p2a: Audino|psn
|move|p2a: Audino|Wish|p2a: Audino
|
|-damage|p2a: Audino|68/100 psn|[from] psn
|upkeep
|turn|15
|
|t:|1661234394
|switch|p1a: no more comfey|Golbat, F|79/100
|switch|p2a: Quagsire|Quagsire, F|31/100
|
|-heal|p2a: Quagsire|83/100|[from] move: Wish|[wisher] Audino
|upkeep
|turn|16
|
|t:|1661234411
|switch|p1a: Weezing|Weezing, M|100/100
|switch|p2a: Audino|Audino, F|100/100 psn
|
|-damage|p2a: Audino|88/100 psn|[from] psn
|upkeep
|turn|17
|
|t:|1661234416
|switch|p2a: Corsola|Corsola, M|96/100
|move|p1a: Weezing|Sludge Bomb|p2a: Corsola
|-resisted|p2a: Corsola
|-damage|p2a: Corsola|83/100
|
|upkeep
|turn|18
|j| PULT4T2 Huargensy
|
|t:|1661234427
|switch|p1a: Wishiwashi|Wishiwashi, M|100/100
|-formechange|p1a: Wishiwashi|Wishiwashi-School||[from] ability: Schooling
|move|p2a: Corsola|Stealth Rock|p1a: Wishiwashi
|-sidestart|p1: bloccked|move: Stealth Rock
|
|upkeep
|turn|19
|
|t:|1661234449
|switch|p2a: Ferroseed|Ferroseed, M|100/100
|move|p1a: Wishiwashi|U-turn|p2a: Ferroseed
|-damage|p2a: Ferroseed|83/100
|-damage|p1a: Wishiwashi|88/100|[from] ability: Iron Barbs|[of] p2a: Ferroseed
|
|t:|1661234451
|switch|p1a: Weezing|Weezing, M|100/100|[from]move: U-turn
|-damage|p1a: Weezing|88/100|[from] Stealth Rock
|
|-heal|p1a: Weezing|94/100|[from] item: Black Sludge
|upkeep
|turn|20
|
|t:|1661234463
|switch|p2a: Corsola|Corsola, M|100/100
|move|p1a: Weezing|Flamethrower|p2a: Corsola
|-resisted|p2a: Corsola
|-damage|p2a: Corsola|96/100
|
|-heal|p1a: Weezing|99/100|[from] item: Black Sludge
|upkeep
|turn|21
|
|t:|1661234468
|move|p1a: Weezing|Sludge Bomb|p2a: Corsola
|-resisted|p2a: Corsola
|-damage|p2a: Corsola|81/100
|move|p2a: Corsola|Scald|p1a: Weezing
|-damage|p1a: Weezing|76/100
|
|-heal|p1a: Weezing|82/100|[from] item: Black Sludge
|upkeep
|turn|22
|
|t:|1661234471
|move|p1a: Weezing|Sludge Bomb|p2a: Corsola
|-resisted|p2a: Corsola
|-damage|p2a: Corsola|67/100
|move|p2a: Corsola|Scald|p1a: Weezing
|-damage|p1a: Weezing|57/100
|-status|p1a: Weezing|brn
|
|-heal|p1a: Weezing|63/100 brn|[from] item: Black Sludge
|-damage|p1a: Weezing|57/100 brn|[from] brn
|upkeep
|turn|23
|
|t:|1661234474
|switch|p2a: Audino|Audino, F|100/100 psn
|move|p1a: Weezing|Sludge Bomb|p2a: Audino
|-damage|p2a: Audino|83/100 psn
|
|-heal|p1a: Weezing|63/100 brn|[from] item: Black Sludge
|-damage|p2a: Audino|71/100 psn|[from] psn
|-damage|p1a: Weezing|57/100 brn|[from] brn
|upkeep
|turn|24
|
|t:|1661234477
|move|p1a: Weezing|Pain Split|p2a: Audino
|-sethp|p2a: Audino|59/100 psn|[from] move: Pain Split|[silent]
|-sethp|p1a: Weezing|72/100 brn|[from] move: Pain Split
|move|p2a: Audino|Wish|p2a: Audino
|
|-heal|p1a: Weezing|78/100 brn|[from] item: Black Sludge
|-damage|p2a: Audino|46/100 psn|[from] psn
|-damage|p1a: Weezing|72/100 brn|[from] brn
|upkeep
|turn|25
|
|t:|1661234481
|move|p1a: Weezing|Sludge Bomb|p2a: Audino
|-damage|p2a: Audino|28/100 psn
|move|p2a: Audino|Knock Off|p1a: Weezing
|-damage|p1a: Weezing|62/100 brn
|-enditem|p1a: Weezing|Black Sludge|[from] move: Knock Off|[of] p2a: Audino
|
|-heal|p2a: Audino|78/100 psn|[from] move: Wish|[wisher] Audino
|-damage|p2a: Audino|65/100 psn|[from] psn
|-damage|p1a: Weezing|56/100 brn|[from] brn
|upkeep
|turn|26
|
|t:|1661234483
|move|p1a: Weezing|Pain Split|p2a: Audino
|-sethp|p2a: Audino|56/100 psn|[from] move: Pain Split|[silent]
|-sethp|p1a: Weezing|68/100 brn|[from] move: Pain Split
|move|p2a: Audino|Wish|p2a: Audino
|
|-damage|p2a: Audino|43/100 psn|[from] psn
|-damage|p1a: Weezing|62/100 brn|[from] brn
|upkeep
|turn|27
|
|t:|1661234491
|switch|p1a: no more comfey|Golbat, F|79/100
|-damage|p1a: no more comfey|54/100|[from] Stealth Rock
|move|p2a: Audino|Knock Off|p1a: no more comfey
|-damage|p1a: no more comfey|39/100
|
|-heal|p2a: Audino|93/100 psn|[from] move: Wish|[wisher] Audino
|-damage|p2a: Audino|81/100 psn|[from] psn
|upkeep
|turn|28
|
|t:|1661234502
|switch|p2a: Ferroseed|Ferroseed, M|83/100
|move|p1a: no more comfey|Defog|p2a: Ferroseed
|-unboost|p2a: Ferroseed|evasion|1
|-sideend|p1: bloccked|Stealth Rock|[from] move: Defog|[of] p1a: no more comfey
|
|upkeep
|turn|29
|
|t:|1661234508
|move|p1a: no more comfey|Roost|p1a: no more comfey
|-heal|p1a: no more comfey|89/100
|-singleturn|p1a: no more comfey|move: Roost
|move|p2a: Ferroseed|Spikes|p1a: no more comfey
|-sidestart|p1: bloccked|Spikes
|
|upkeep
|turn|30
|
|t:|1661234511
|move|p1a: no more comfey|Defog|p2a: Ferroseed
|-unboost|p2a: Ferroseed|evasion|1
|-sideend|p1: bloccked|Spikes|[from] move: Defog|[of] p1a: no more comfey
|move|p2a: Ferroseed|Spikes|p1a: no more comfey
|-sidestart|p1: bloccked|Spikes
|
|upkeep
|turn|31
|
|t:|1661234515
|switch|p1a: Weezing|Weezing, M|62/100 brn
|move|p2a: Ferroseed|Knock Off|p1a: Weezing
|-damage|p1a: Weezing|56/100 brn
|
|-damage|p1a: Weezing|50/100 brn|[from] brn
|upkeep
|turn|32
|
|t:|1661234521
|switch|p2a: Audino|Audino, F|100/100 psn
|move|p1a: Weezing|Pain Split|p2a: Audino
|-sethp|p2a: Audino|71/100 psn|[from] move: Pain Split|[silent]
|-sethp|p1a: Weezing|87/100 brn|[from] move: Pain Split
|
|-damage|p2a: Audino|58/100 psn|[from] psn
|-damage|p1a: Weezing|81/100 brn|[from] brn
|upkeep
|turn|33
|
|t:|1661234528
|switch|p1a: Articuno|Articuno-Galar|100/100
|move|p2a: Audino|Knock Off|p1a: Articuno
|-supereffective|p1a: Articuno
|-damage|p1a: Articuno|62/100
|-enditem|p1a: Articuno|Choice Specs|[from] move: Knock Off|[of] p2a: Audino
|
|-damage|p2a: Audino|46/100 psn|[from] psn
|upkeep
|turn|34
|
|t:|1661234535
|switch|p2a: Ferroseed|Ferroseed, M|83/100
|move|p1a: Articuno|Freezing Glare|p2a: Ferroseed
|-resisted|p2a: Ferroseed
|-damage|p2a: Ferroseed|70/100
|-status|p2a: Ferroseed|frz
|
|upkeep
|turn|35
|
|t:|1661234543
|switch|p1a: Weezing|Weezing, M|81/100 brn
|switch|p2a: Corsola|Corsola, M|99/100
|
|-damage|p1a: Weezing|75/100 brn|[from] brn
|upkeep
|turn|36
|
|t:|1661234559
|switch|p2a: Audino|Audino, F|79/100 psn
|move|p1a: Weezing|Sludge Bomb|p2a: Audino
|-damage|p2a: Audino|61/100 psn
|
|-damage|p2a: Audino|49/100 psn|[from] psn
|-damage|p1a: Weezing|69/100 brn|[from] brn
|upkeep
|turn|37
|
|t:|1661234564
|switch|p2a: Corsola|Corsola, M|100/100
|move|p1a: Weezing|Sludge Bomb|p2a: Corsola
|-resisted|p2a: Corsola
|-damage|p2a: Corsola|85/100
|
|-damage|p1a: Weezing|63/100 brn|[from] brn
|upkeep
|turn|38
|
|t:|1661234569
|switch|p2a: Audino|Audino, F|82/100 psn
|move|p1a: Weezing|Pain Split|p2a: Audino
|-sethp|p2a: Audino|67/100 psn|[from] move: Pain Split|[silent]
|-sethp|p1a: Weezing|82/100 brn|[from] move: Pain Split
|
|-damage|p2a: Audino|54/100 psn|[from] psn
|-damage|p1a: Weezing|76/100 brn|[from] brn
|upkeep
|turn|39
|
|t:|1661234573
|move|p1a: Weezing|Sludge Bomb|p2a: Audino
|-damage|p2a: Audino|35/100 psn
|move|p2a: Audino|Wish|p2a: Audino
|
|-damage|p2a: Audino|23/100 psn|[from] psn
|-damage|p1a: Weezing|70/100 brn|[from] brn
|upkeep
|turn|40
|
|t:|1661234575
|move|p2a: Audino|Protect|p2a: Audino
|-singleturn|p2a: Audino|Protect
|move|p1a: Weezing|Sludge Bomb|p2a: Audino
|-activate|p2a: Audino|move: Protect
|
|-heal|p2a: Audino|73/100 psn|[from] move: Wish|[wisher] Audino
|-damage|p2a: Audino|60/100 psn|[from] psn
|-damage|p1a: Weezing|64/100 brn|[from] brn
|upkeep
|turn|41
|
|t:|1661234579
|switch|p2a: Corsola|Corsola, M|100/100
|move|p1a: Weezing|Sludge Bomb|p2a: Corsola
|-resisted|p2a: Corsola
|-damage|p2a: Corsola|86/100
|-status|p2a: Corsola|psn
|
|-damage|p2a: Corsola|74/100 psn|[from] psn
|-damage|p1a: Weezing|58/100 brn|[from] brn
|upkeep
|turn|42
|
|t:|1661234581
|switch|p2a: Aromatisse|Aromatisse, M|100/100
|move|p1a: Weezing|Pain Split|p2a: Aromatisse
|-sethp|p2a: Aromatisse|74/100|[from] move: Pain Split|[silent]
|-sethp|p1a: Weezing|90/100 brn|[from] move: Pain Split
|
|-damage|p1a: Weezing|84/100 brn|[from] brn
|upkeep
|turn|43
|
|t:|1661234585
|move|p2a: Aromatisse|Protect|p2a: Aromatisse
|-singleturn|p2a: Aromatisse|Protect
|move|p1a: Weezing|Sludge Bomb|p2a: Aromatisse
|-activate|p2a: Aromatisse|move: Protect
|
|-damage|p1a: Weezing|78/100 brn|[from] brn
|upkeep
|turn|44
|
|t:|1661234587
|move|p1a: Weezing|Sludge Bomb|p2a: Aromatisse
|-supereffective|p2a: Aromatisse
|-damage|p2a: Aromatisse|24/100
|move|p2a: Aromatisse|Aromatherapy|p2a: Aromatisse
|-activate|p2a: Aromatisse|move: Aromatherapy
|-curestatus|p2: Ferroseed|frz|[msg]
|-curestatus|p2: Corsola|psn|[msg]
|-curestatus|p2: Audino|psn|[msg]
|
|-damage|p1a: Weezing|72/100 brn|[from] brn
|upkeep
|turn|45
|
|t:|1661234591
|move|p2a: Aromatisse|Protect|p2a: Aromatisse
|-singleturn|p2a: Aromatisse|Protect
|move|p1a: Weezing|Sludge Bomb|p2a: Aromatisse
|-activate|p2a: Aromatisse|move: Protect
|
|-damage|p1a: Weezing|66/100 brn|[from] brn
|upkeep
|turn|46
|
|t:|1661234594
|switch|p2a: Corsola|Corsola, M|100/100
|move|p1a: Weezing|Sludge Bomb|p2a: Corsola
|-resisted|p2a: Corsola
|-damage|p2a: Corsola|86/100
|
|-damage|p1a: Weezing|60/100 brn|[from] brn
|upkeep
|turn|47
|
|t:|1661234597
|move|p1a: Weezing|Sludge Bomb|p2a: Corsola
|-resisted|p2a: Corsola
|-damage|p2a: Corsola|72/100
|-status|p2a: Corsola|psn
|move|p2a: Corsola|Scald|p1a: Weezing
|-damage|p1a: Weezing|32/100 brn
|
|-damage|p2a: Corsola|60/100 psn|[from] psn
|-damage|p1a: Weezing|26/100 brn|[from] brn
|upkeep
|turn|48
|
|t:|1661234600
|switch|p2a: Aromatisse|Aromatisse, M|24/100
|move|p1a: Weezing|Pain Split|p2a: Aromatisse
|-sethp|p2a: Aromatisse|22/100|[from] move: Pain Split|[silent]
|-sethp|p1a: Weezing|27/100 brn|[from] move: Pain Split
|
|-damage|p1a: Weezing|21/100 brn|[from] brn
|upkeep
|turn|49
|
|t:|1661234607
|switch|p1a: Wishiwashi|Wishiwashi, M|88/100
|-damage|p1a: Wishiwashi|76/100|[from] Spikes
|-formechange|p1a: Wishiwashi|Wishiwashi-School||[from] ability: Schooling
|move|p2a: Aromatisse|Wish|p2a: Aromatisse
|
|upkeep
|turn|50
|
|t:|1661234615
|move|p2a: Aromatisse|Protect|p2a: Aromatisse
|-singleturn|p2a: Aromatisse|Protect
|move|p1a: Wishiwashi|Scald|p2a: Aromatisse
|-activate|p2a: Aromatisse|move: Protect
|
|-heal|p2a: Aromatisse|72/100|[from] move: Wish|[wisher] Aromatisse
|upkeep
|turn|51
|
|t:|1661234623
|switch|p1a: no more comfey|Golbat, F|89/100
|move|p2a: Aromatisse|Wish|p2a: Aromatisse
|
|upkeep
|turn|52
|
|t:|1661234630
|switch|p2a: Ferroseed|Ferroseed, M|70/100
|move|p1a: no more comfey|Defog|p2a: Ferroseed
|-unboost|p2a: Ferroseed|evasion|1
|-sideend|p1: bloccked|Spikes|[from] move: Defog|[of] p1a: no more comfey
|
|-heal|p2a: Ferroseed|100/100|[from] move: Wish|[wisher] Aromatisse
|upkeep
|turn|53
|
|t:|1661234636
|switch|p1a: Spiritomb|Spiritomb, M|100/100
|move|p2a: Ferroseed|Spikes|p1a: Spiritomb
|-sidestart|p1: bloccked|Spikes
|
|upkeep
|turn|54
|
|t:|1661234640
|move|p1a: Spiritomb|Trick|p2a: Ferroseed
|-activate|p1a: Spiritomb|move: Trick|[of] p2a: Ferroseed
|-item|p2a: Ferroseed|Choice Band|[from] move: Trick
|-item|p1a: Spiritomb|Eviolite|[from] move: Trick
|move|p2a: Ferroseed|Knock Off|p1a: Spiritomb
|-damage|p1a: Spiritomb|79/100
|-enditem|p1a: Spiritomb|Eviolite|[from] move: Knock Off|[of] p2a: Ferroseed
|
|upkeep
|turn|55
|
|t:|1661234649
|switch|p1a: no more comfey|Golbat, F|89/100
|move|p2a: Ferroseed|Knock Off|p1a: no more comfey
|-damage|p1a: no more comfey|70/100
|
|upkeep
|turn|56
|
|t:|1661234657
|move|p1a: no more comfey|Roost|p1a: no more comfey
|-heal|p1a: no more comfey|100/100
|-singleturn|p1a: no more comfey|move: Roost
|move|p2a: Ferroseed|Knock Off|p1a: no more comfey
|-damage|p1a: no more comfey|83/100
|
|upkeep
|turn|57
|
|t:|1661234660
|move|p1a: no more comfey|Defog|p2a: Ferroseed
|-unboost|p2a: Ferroseed|evasion|1
|-sideend|p1: bloccked|Spikes|[from] move: Defog|[of] p1a: no more comfey
|move|p2a: Ferroseed|Knock Off|p1a: no more comfey
|-crit|p1a: no more comfey
|-damage|p1a: no more comfey|54/100
|
|upkeep
|turn|58
|
|t:|1661234666
|move|p1a: no more comfey|Roost|p1a: no more comfey
|-heal|p1a: no more comfey|100/100
|-singleturn|p1a: no more comfey|move: Roost
|move|p2a: Ferroseed|Knock Off|p1a: no more comfey
|-damage|p1a: no more comfey|83/100
|
|upkeep
|turn|59
|
|t:|1661234674
|switch|p1a: Weezing|Weezing, M|21/100 brn
|move|p2a: Ferroseed|Knock Off|p1a: Weezing
|-damage|p1a: Weezing|12/100 brn
|
|-damage|p1a: Weezing|6/100 brn|[from] brn
|upkeep
|turn|60
|
|t:|1661234681
|switch|p2a: Aromatisse|Aromatisse, M|72/100
|move|p1a: Weezing|Pain Split|p2a: Aromatisse
|-sethp|p2a: Aromatisse|39/100|[from] move: Pain Split|[silent]
|-sethp|p1a: Weezing|47/100 brn|[from] move: Pain Split
|
|-damage|p1a: Weezing|41/100 brn|[from] brn
|upkeep
|turn|61
|
|t:|1661234685
|switch|p1a: no more comfey|Golbat, F|83/100
|move|p2a: Aromatisse|Wish|p2a: Aromatisse
|
|upkeep
|turn|62
|
|t:|1661234689
|move|p2a: Aromatisse|Protect|p2a: Aromatisse
|-singleturn|p2a: Aromatisse|Protect
|move|p1a: no more comfey|Sludge Bomb|p2a: Aromatisse
|-activate|p2a: Aromatisse|move: Protect
|
|-heal|p2a: Aromatisse|89/100|[from] move: Wish|[wisher] Aromatisse
|upkeep
|turn|63
|
|t:|1661234691
|switch|p2a: Ferroseed|Ferroseed, M|100/100
|move|p1a: no more comfey|Sludge Bomb|p2a: Ferroseed
|-immune|p2a: Ferroseed
|
|upkeep
|turn|64
|
|t:|1661234696
|switch|p1a: Weezing|Weezing, M|41/100 brn
|move|p2a: Ferroseed|Gyro Ball|p1a: Weezing
|-damage|p1a: Weezing|13/100 brn
|
|-damage|p1a: Weezing|7/100 brn|[from] brn
|upkeep
|turn|65
|
|t:|1661234703
|switch|p2a: Corsola|Corsola, M|93/100 psn
|move|p1a: Weezing|Pain Split|p2a: Corsola
|-sethp|p2a: Corsola|50/100 psn|[from] move: Pain Split|[silent]
|-sethp|p1a: Weezing|50/100 brn|[from] move: Pain Split
|
|-damage|p2a: Corsola|38/100 psn|[from] psn
|-damage|p1a: Weezing|44/100 brn|[from] brn
|upkeep
|turn|66
|
|t:|1661234716
|switch|p1a: Wishiwashi|Wishiwashi, M|76/100
|-formechange|p1a: Wishiwashi|Wishiwashi-School||[from] ability: Schooling
|move|p2a: Corsola|Recover|p2a: Corsola
|-heal|p2a: Corsola|88/100 psn
|
|-damage|p2a: Corsola|75/100 psn|[from] psn
|upkeep
|turn|67
|
|t:|1661234734
|switch|p2a: Audino|Audino, F|93/100
|move|p1a: Wishiwashi|Earthquake|p2a: Audino
|-damage|p2a: Audino|65/100
|
|upkeep
|turn|68
|
|t:|1661234740
|move|p2a: Audino|Toxic|p1a: Wishiwashi
|-status|p1a: Wishiwashi|tox
|move|p1a: Wishiwashi|Scald|p2a: Audino
|-damage|p2a: Audino|42/100
|
|-damage|p1a: Wishiwashi|70/100 tox|[from] psn
|upkeep
|turn|69
|
|t:|1661234743
|move|p2a: Audino|Protect|p2a: Audino
|-singleturn|p2a: Audino|Protect
|move|p1a: Wishiwashi|Facade|p2a: Audino
|-activate|p2a: Audino|move: Protect
|
|-damage|p1a: Wishiwashi|58/100 tox|[from] psn
|upkeep
|turn|70
|
|t:|1661234747
|switch|p2a: Ferroseed|Ferroseed, M|100/100
|move|p1a: Wishiwashi|Facade|p2a: Ferroseed
|-resisted|p2a: Ferroseed
|-damage|p2a: Ferroseed|71/100
|-damage|p1a: Wishiwashi|45/100 tox|[from] ability: Iron Barbs|[of] p2a: Ferroseed
|
|-damage|p1a: Wishiwashi|27/100 tox|[from] psn
|upkeep
|turn|71
|
|t:|1661234754
|switch|p1a: Weezing|Weezing, M|44/100 brn
|move|p2a: Ferroseed|Spikes|p1a: Weezing
|-sidestart|p1: bloccked|Spikes
|
|-damage|p1a: Weezing|38/100 brn|[from] brn
|upkeep
|turn|72
|
|t:|1661234757
|switch|p2a: Audino|Audino, F|75/100
|move|p1a: Weezing|Flamethrower|p2a: Audino
|-damage|p2a: Audino|63/100
|
|-damage|p1a: Weezing|32/100 brn|[from] brn
|upkeep
|turn|73
|
|t:|1661234762
|move|p2a: Audino|Protect|p2a: Audino
|-singleturn|p2a: Audino|Protect
|move|p1a: Weezing|Pain Split|p2a: Audino
|-activate|p2a: Audino|move: Protect
|
|-damage|p1a: Weezing|26/100 brn|[from] brn
|upkeep
|turn|74
|
|t:|1661234766
|switch|p2a: Ferroseed|Ferroseed, M|71/100
|move|p1a: Weezing|Pain Split|p2a: Ferroseed
|-sethp|p2a: Ferroseed|50/100|[from] move: Pain Split|[silent]
|-sethp|p1a: Weezing|44/100 brn|[from] move: Pain Split
|
|-damage|p1a: Weezing|38/100 brn|[from] brn
|upkeep
|turn|75
|
|t:|1661234771
|switch|p2a: Audino|Audino, F|96/100
|move|p1a: Weezing|Flamethrower|p2a: Audino
|-damage|p2a: Audino|85/100
|
|-damage|p1a: Weezing|32/100 brn|[from] brn
|upkeep
|turn|76
|
|t:|1661234775
|switch|p1a: no more comfey|Golbat, F|83/100
|move|p2a: Audino|Protect||[still]
|-fail|p2a: Audino
|
|upkeep
|turn|77
|
|t:|1661234780
|switch|p2a: Ferroseed|Ferroseed, M|50/100
|move|p1a: no more comfey|Defog|p2a: Ferroseed
|-unboost|p2a: Ferroseed|evasion|1
|-sideend|p1: bloccked|Spikes|[from] move: Defog|[of] p1a: no more comfey
|
|upkeep
|turn|78
|
|t:|1661234787
|switch|p1a: Weezing|Weezing, M|32/100 brn
|move|p2a: Ferroseed|Gyro Ball|p1a: Weezing
|-damage|p1a: Weezing|4/100 brn
|
|-damage|p1a: Weezing|0 fnt|[from] brn
|faint|p1a: Weezing
|upkeep
|
|t:|1661234797
|switch|p1a: Articuno|Articuno-Galar|62/100
|turn|79
|
|t:|1661234810
|switch|p2a: Audino|Audino, F|100/100
|move|p1a: Articuno|Hurricane|p2a: Audino
|-damage|p2a: Audino|60/100
|
|upkeep
|turn|80
|
|t:|1661234814
|move|p1a: Articuno|Freezing Glare|p2a: Audino
|-damage|p2a: Audino|27/100
|move|p2a: Audino|Toxic|p1a: Articuno|[miss]
|-miss|p2a: Audino|p1a: Articuno
|
|upkeep
|turn|81
|
|t:|1661234824
|switch|p2a: Corsola|Corsola, M|100/100 psn
|move|p1a: Articuno|Freezing Glare|p2a: Corsola
|-damage|p2a: Corsola|55/100 psn
|
|-damage|p2a: Corsola|42/100 psn|[from] psn
|upkeep
|turn|82
|
|t:|1661234831
|switch|p2a: Ferroseed|Ferroseed, M|50/100
|move|p1a: Articuno|Freezing Glare|p2a: Ferroseed
|-resisted|p2a: Ferroseed
|-damage|p2a: Ferroseed|29/100
|
|upkeep
|turn|83
|
|t:|1661234850
|move|p1a: Articuno|Hurricane|p2a: Ferroseed|[miss]
|-miss|p1a: Articuno|p2a: Ferroseed
|move|p2a: Ferroseed|Rest|p2a: Ferroseed
|-status|p2a: Ferroseed|slp|[from] move: Rest
|-heal|p2a: Ferroseed|100/100 slp|[silent]
|
|upkeep
|turn|84
|
|t:|1661234859
|switch|p2a: Corsola|Corsola, M|76/100 psn
|move|p1a: Articuno|Hurricane|p2a: Corsola|[miss]
|-miss|p1a: Articuno|p2a: Corsola
|
|-damage|p2a: Corsola|63/100 psn|[from] psn
|upkeep
|turn|85
|
|t:|1661234868
|switch|p1a: no more comfey|Golbat, F|83/100
|move|p2a: Corsola|Toxic|p1a: no more comfey|[miss]
|-miss|p2a: Corsola|p1a: no more comfey
|
|-damage|p2a: Corsola|51/100 psn|[from] psn
|upkeep
|turn|86
|
|t:|1661234871
|switch|p2a: Audino|Audino, F|60/100
|move|p1a: no more comfey|Giga Drain|p2a: Audino
|-damage|p2a: Audino|50/100
|-heal|p1a: no more comfey|89/100|[from] drain|[of] p2a: Audino
|
|upkeep
|turn|87
|
|t:|1661234874
|move|p1a: no more comfey|Sludge Bomb|p2a: Audino
|-damage|p2a: Audino|33/100
|-status|p2a: Audino|psn
|move|p2a: Audino|Wish|p2a: Audino
|
|-damage|p2a: Audino|20/100 psn|[from] psn
|upkeep
|turn|88
|
|t:|1661234878
|move|p2a: Audino|Protect|p2a: Audino
|-singleturn|p2a: Audino|Protect
|move|p1a: no more comfey|Sludge Bomb|p2a: Audino
|-activate|p2a: Audino|move: Protect
|
|-heal|p2a: Audino|70/100 psn|[from] move: Wish|[wisher] Audino
|-damage|p2a: Audino|58/100 psn|[from] psn
|upkeep
|turn|89
|
|t:|1661234882
|switch|p2a: Ferroseed|Ferroseed, M|100/100 slp
|move|p1a: no more comfey|Sludge Bomb|p2a: Ferroseed
|-immune|p2a: Ferroseed
|
|upkeep
|turn|90
|
|t:|1661234889
|switch|p1a: Spiritomb|Spiritomb, M|79/100
|switch|p2a: Audino|Audino, F|91/100 psn
|
|-damage|p2a: Audino|79/100 psn|[from] psn
|upkeep
|turn|91
|
|t:|1661234904
|switch|p1a: no more comfey|Golbat, F|89/100
|move|p2a: Audino|Toxic|p1a: no more comfey|[miss]
|-miss|p2a: Audino|p1a: no more comfey
|
|-damage|p2a: Audino|66/100 psn|[from] psn
|upkeep
|turn|92
|
|t:|1661234921
|switch|p1a: Articuno|Articuno-Galar|62/100
|switch|p2a: Ferroseed|Ferroseed, M|100/100 slp
|
|upkeep
|turn|93
|
|t:|1661234930
|move|p1a: Articuno|Hurricane|p2a: Ferroseed|[miss]
|-miss|p1a: Articuno|p2a: Ferroseed
|cant|p2a: Ferroseed|slp
|
|upkeep
|turn|94
|
|t:|1661234937
|move|p1a: Articuno|Hurricane|p2a: Ferroseed|[miss]
|-miss|p1a: Articuno|p2a: Ferroseed
|cant|p2a: Ferroseed|slp
|
|upkeep
|turn|95
|
|t:|1661234938
|move|p1a: Articuno|Hurricane|p2a: Ferroseed
|-crit|p2a: Ferroseed
|-damage|p2a: Ferroseed|21/100 slp
|-curestatus|p2a: Ferroseed|slp|[msg]
|move|p2a: Ferroseed|Gyro Ball|p1a: Articuno
|-damage|p1a: Articuno|11/100
|
|upkeep
|turn|96
|
|t:|1661234945
|switch|p2a: Corsola|Corsola, M|84/100 psn
|move|p1a: Articuno|Hurricane|p2a: Corsola
|-resisted|p2a: Corsola
|-damage|p2a: Corsola|53/100 psn
|-start|p2a: Corsola|confusion
|
|-damage|p2a: Corsola|41/100 psn|[from] psn
|upkeep
|turn|97
|
|t:|1661234961
|switch|p1a: no more comfey|Golbat, F|89/100
|switch|p2a: Ferroseed|Ferroseed, M|21/100
|
|upkeep
|turn|98
|
|t:|1661234973
|switch|p1a: Articuno|Articuno-Galar|11/100
|move|p2a: Ferroseed|Rest|p2a: Ferroseed
|-status|p2a: Ferroseed|slp|[from] move: Rest
|-heal|p2a: Ferroseed|100/100 slp|[silent]
|
|upkeep
|turn|99
|
|t:|1661234979
|switch|p2a: Corsola|Corsola, M|74/100 psn
|move|p1a: Articuno|Hurricane|p2a: Corsola|[miss]
|-miss|p1a: Articuno|p2a: Corsola
|
|-damage|p2a: Corsola|62/100 psn|[from] psn
|upkeep
|turn|100
|
|t:|1661234984
|move|p1a: Articuno|Freezing Glare|p2a: Corsola
|-damage|p2a: Corsola|13/100 psn
|move|p2a: Corsola|Stealth Rock|p1a: Articuno
|-sidestart|p1: bloccked|move: Stealth Rock
|
|-damage|p2a: Corsola|1/100 psn|[from] psn
|upkeep
|turn|101
|
|t:|1661234991
|switch|p2a: Ferroseed|Ferroseed, M|100/100 slp
|move|p1a: Articuno|Freezing Glare|p2a: Ferroseed
|-resisted|p2a: Ferroseed
|-damage|p2a: Ferroseed|79/100 slp
|
|upkeep
|turn|102
|
|t:|1661234999
|move|p1a: Articuno|Hurricane|p2a: Ferroseed
|-damage|p2a: Ferroseed|22/100 slp
|cant|p2a: Ferroseed|slp
|
|upkeep
|turn|103
|
|t:|1661235002
|move|p1a: Articuno|Hurricane|p2a: Ferroseed
|-damage|p2a: Ferroseed|0 fnt
|faint|p2a: Ferroseed
|
|upkeep
|
|t:|1661235012
|switch|p2a: Aromatisse|Aromatisse, M|89/100
|turn|104
|
|t:|1661235014
|switch|p1a: no more comfey|Golbat, F|89/100
|-damage|p1a: no more comfey|64/100|[from] Stealth Rock
|move|p2a: Aromatisse|Aromatherapy|p2a: Aromatisse
|-activate|p2a: Aromatisse|move: Aromatherapy
|-curestatus|p2: Audino|psn|[msg]
|-curestatus|p2: Corsola|psn|[msg]
|
|upkeep
|turn|105
|
|t:|1661235020
|switch|p2a: Audino|Audino, F|99/100
|move|p1a: no more comfey|Defog|p2a: Audino
|-unboost|p2a: Audino|evasion|1
|-sideend|p1: bloccked|Stealth Rock|[from] move: Defog|[of] p1a: no more comfey
|
|upkeep
|turn|106
|
|t:|1661235028
|switch|p2a: Corsola|Corsola, M|34/100
|move|p1a: no more comfey|Roost|p1a: no more comfey
|-heal|p1a: no more comfey|100/100
|-singleturn|p1a: no more comfey|move: Roost
|
|upkeep
|turn|107
|
|t:|1661235030
|switch|p2a: Audino|Audino, F|100/100
|move|p1a: no more comfey|Giga Drain|p2a: Audino
|-damage|p2a: Audino|91/100
|
|upkeep
|turn|108
|
|t:|1661235034
|move|p2a: Audino|Protect|p2a: Audino
|-singleturn|p2a: Audino|Protect
|move|p1a: no more comfey|Sludge Bomb|p2a: Audino
|-activate|p2a: Audino|move: Protect
|
|upkeep
|turn|109
|
|t:|1661235043
|move|p1a: no more comfey|Sludge Bomb|p2a: Audino
|-damage|p2a: Audino|73/100
|-status|p2a: Audino|psn
|move|p2a: Audino|Knock Off|p1a: no more comfey
|-damage|p1a: no more comfey|86/100
|
|-damage|p2a: Audino|60/100 psn|[from] psn
|upkeep
|turn|110
|
|t:|1661235048
|move|p1a: no more comfey|Sludge Bomb|p2a: Audino
|-damage|p2a: Audino|42/100 psn
|move|p2a: Audino|Wish|p2a: Audino
|
|-damage|p2a: Audino|29/100 psn|[from] psn
|upkeep
|turn|111
|
|t:|1661235053
|switch|p1a: Articuno|Articuno-Galar|11/100
|move|p2a: Audino|Protect||[still]
|-fail|p2a: Audino
|
|-heal|p2a: Audino|79/100 psn|[from] move: Wish|[wisher] Audino
|-damage|p2a: Audino|67/100 psn|[from] psn
|upkeep
|turn|112
|
|t:|1661235058
|move|p1a: Articuno|Freezing Glare|p2a: Audino
|-damage|p2a: Audino|35/100 psn
|move|p2a: Audino|Knock Off|p1a: Articuno
|-supereffective|p1a: Articuno
|-damage|p1a: Articuno|0 fnt
|faint|p1a: Articuno
|
|-damage|p2a: Audino|22/100 psn|[from] psn
|upkeep
|
|t:|1661235064
|switch|p1a: no more comfey|Golbat, F|86/100
|turn|113
|
|t:|1661235078
|switch|p2a: Quagsire|Quagsire, F|83/100
|move|p1a: no more comfey|Sludge Bomb|p2a: Quagsire
|-resisted|p2a: Quagsire
|-damage|p2a: Quagsire|67/100
|
|upkeep
|turn|114
|
|t:|1661235084
|switch|p2a: Audino|Audino, F|55/100 psn
|move|p1a: no more comfey|Giga Drain|p2a: Audino
|-damage|p2a: Audino|45/100 psn
|-heal|p1a: no more comfey|93/100|[from] drain|[of] p2a: Audino
|
|-damage|p2a: Audino|32/100 psn|[from] psn
|upkeep
|turn|115
|
|t:|1661235087
|switch|p2a: Quagsire|Quagsire, F|67/100
|move|p1a: no more comfey|Giga Drain|p2a: Quagsire
|-supereffective|p2a: Quagsire
|-damage|p2a: Quagsire|0 fnt
|-heal|p1a: no more comfey|100/100|[from] drain|[of] p2a: Quagsire
|faint|p2a: Quagsire
|
|upkeep
|
|t:|1661235089
|switch|p2a: Audino|Audino, F|66/100 psn
|turn|116
|
|t:|1661235093
|move|p1a: no more comfey|Sludge Bomb|p2a: Audino
|-damage|p2a: Audino|49/100 psn
|move|p2a: Audino|Wish|p2a: Audino
|
|-damage|p2a: Audino|37/100 psn|[from] psn
|upkeep
|turn|117
|
|t:|1661235102
|move|p1a: no more comfey|Defog|p2a: Audino
|-unboost|p2a: Audino|evasion|1
|move|p2a: Audino|Knock Off|p1a: no more comfey
|-damage|p1a: no more comfey|86/100
|
|-heal|p2a: Audino|87/100 psn|[from] move: Wish|[wisher] Audino
|-damage|p2a: Audino|74/100 psn|[from] psn
|upkeep
|turn|118
|
|t:|1661235107
|move|p1a: no more comfey|Sludge Bomb|p2a: Audino
|-damage|p2a: Audino|57/100 psn
|move|p2a: Audino|Wish|p2a: Audino
|
|-damage|p2a: Audino|44/100 psn|[from] psn
|upkeep
|turn|119
|
|t:|1661235111
|switch|p2a: Aromatisse|Aromatisse, M|89/100
|move|p1a: no more comfey|Defog|p2a: Aromatisse
|-unboost|p2a: Aromatisse|evasion|1
|
|-heal|p2a: Aromatisse|100/100|[from] move: Wish|[wisher] Audino
|upkeep
|turn|120
|
|t:|1661235116
|move|p2a: Aromatisse|Protect|p2a: Aromatisse
|-singleturn|p2a: Aromatisse|Protect
|move|p1a: no more comfey|Sludge Bomb|p2a: Aromatisse
|-activate|p2a: Aromatisse|move: Protect
|
|upkeep
|turn|121
|
|t:|1661235119
|switch|p2a: Audino|Audino, F|78/100 psn
|move|p1a: no more comfey|Sludge Bomb|p2a: Audino
|-damage|p2a: Audino|60/100 psn
|
|-damage|p2a: Audino|47/100 psn|[from] psn
|upkeep
|turn|122
|
|t:|1661235128
|switch|p1a: Wishiwashi|Wishiwashi, M|27/100 tox
|-formechange|p1a: Wishiwashi|Wishiwashi-School||[from] ability: Schooling
|switch|p2a: Aromatisse|Aromatisse, M|100/100
|
|-damage|p1a: Wishiwashi|21/100 tox|[from] psn
|-formechange|p1a: Wishiwashi|Wishiwashi||[from] ability: Schooling
|upkeep
|turn|123
|
|t:|1661235133
|move|p1a: Wishiwashi|Facade|p2a: Aromatisse
|-damage|p2a: Aromatisse|93/100
|move|p2a: Aromatisse|Moonblast|p1a: Wishiwashi
|-damage|p1a: Wishiwashi|0 fnt
|faint|p1a: Wishiwashi
|
|upkeep
|
|t:|1661235142
|switch|p1a: no more comfey|Golbat, F|86/100
|turn|124
|
|t:|1661235154
|move|p1a: no more comfey|Defog|p2a: Aromatisse
|-unboost|p2a: Aromatisse|evasion|1
|move|p2a: Aromatisse|Wish|p2a: Aromatisse
|
|upkeep
|turn|125
|
|t:|1661235162
|move|p1a: no more comfey|Giga Drain|p2a: Aromatisse
|-damage|p2a: Aromatisse|80/100
|-heal|p1a: no more comfey|94/100|[from] drain|[of] p2a: Aromatisse
|move|p2a: Aromatisse|Aromatherapy|p2a: Aromatisse
|-activate|p2a: Aromatisse|move: Aromatherapy
|-curestatus|p2: Audino|psn|[msg]
|
|-heal|p2a: Aromatisse|100/100|[from] move: Wish|[wisher] Aromatisse
|upkeep
|turn|126
|
|t:|1661235166
|switch|p2a: Audino|Audino, F|80/100
|move|p1a: no more comfey|Sludge Bomb|p2a: Audino
|-damage|p2a: Audino|64/100
|-status|p2a: Audino|psn
|
|-damage|p2a: Audino|51/100 psn|[from] psn
|upkeep
|turn|127
|
|t:|1661235177
|move|p1a: no more comfey|Giga Drain|p2a: Audino
|-damage|p2a: Audino|41/100 psn
|-heal|p1a: no more comfey|100/100|[from] drain|[of] p2a: Audino
|move|p2a: Audino|Wish|p2a: Audino
|
|-damage|p2a: Audino|29/100 psn|[from] psn
|upkeep
|turn|128
|
|t:|1661235180
|switch|p1a: Spiritomb|Spiritomb, M|79/100
|switch|p2a: Aromatisse|Aromatisse, M|100/100
|
|upkeep
|turn|129
|
|t:|1661235184
|switch|p1a: no more comfey|Golbat, F|100/100
|move|p2a: Aromatisse|Moonblast|p1a: no more comfey
|-resisted|p1a: no more comfey
|-damage|p1a: no more comfey|80/100
|-unboost|p1a: no more comfey|spa|1
|
|upkeep
|turn|130
|
|t:|1661235192
|switch|p1a: Spiritomb|Spiritomb, M|79/100
|move|p2a: Aromatisse|Aromatherapy|p2a: Aromatisse
|-activate|p2a: Aromatisse|move: Aromatherapy
|-curestatus|p2: Audino|psn|[msg]
|
|upkeep
|turn|131
|
|t:|1661235194
|switch|p1a: no more comfey|Golbat, F|80/100
|move|p2a: Aromatisse|Moonblast|p1a: no more comfey
|-resisted|p1a: no more comfey
|-crit|p1a: no more comfey
|-damage|p1a: no more comfey|47/100
|
|upkeep
|turn|132
|
|t:|1661235197
|move|p1a: no more comfey|Roost|p1a: no more comfey
|-heal|p1a: no more comfey|97/100
|-singleturn|p1a: no more comfey|move: Roost
|move|p2a: Aromatisse|Moonblast|p1a: no more comfey
|-resisted|p1a: no more comfey
|-damage|p1a: no more comfey|76/100
|
|upkeep
|turn|133
|
|t:|1661235202
|switch|p2a: Audino|Audino, F|62/100
|move|p1a: no more comfey|Giga Drain|p2a: Audino
|-damage|p2a: Audino|52/100
|-heal|p1a: no more comfey|83/100|[from] drain|[of] p2a: Audino
|
|upkeep
|turn|134
|
|t:|1661235209
|switch|p1a: Spiritomb|Spiritomb, M|79/100
|move|p2a: Audino|Wish|p2a: Audino
|
|upkeep
|turn|135
|
|t:|1661235214
|move|p2a: Audino|Toxic|p1a: Spiritomb
|-status|p1a: Spiritomb|tox
|move|p1a: Spiritomb|Trick|p2a: Audino
|-activate|p1a: Spiritomb|move: Trick|[of] p2a: Audino
|-enditem|p2a: Audino|Heavy-Duty Boots|[silent]|[from] move: Trick
|-item|p1a: Spiritomb|Heavy-Duty Boots|[from] move: Trick
|
|-heal|p2a: Audino|100/100|[from] move: Wish|[wisher] Audino
|-damage|p1a: Spiritomb|73/100 tox|[from] psn
|upkeep
|turn|136
|
|t:|1661235222
|move|p2a: Audino|Knock Off|p1a: Spiritomb
|-damage|p1a: Spiritomb|58/100 tox
|-enditem|p1a: Spiritomb|Heavy-Duty Boots|[from] move: Knock Off|[of] p2a: Audino
|move|p1a: Spiritomb|Trick||[still]
|-fail|p1a: Spiritomb
|
|-damage|p1a: Spiritomb|45/100 tox|[from] psn
|upkeep
|turn|137
|
|t:|1661235235
|move|p2a: Audino|Knock Off|p1a: Spiritomb
|-damage|p1a: Spiritomb|35/100 tox
|move|p1a: Spiritomb|Pain Split|p2a: Audino
|-sethp|p2a: Audino|63/100|[from] move: Pain Split|[silent]
|-sethp|p1a: Spiritomb|85/100 tox|[from] move: Pain Split
|
|-damage|p1a: Spiritomb|66/100 tox|[from] psn
|upkeep
|turn|138
|
|t:|1661235240
|switch|p1a: no more comfey|Golbat, F|83/100
|move|p2a: Audino|Knock Off|p1a: no more comfey
|-damage|p1a: no more comfey|67/100
|
|upkeep
|turn|139
|
|t:|1661235243
|move|p1a: no more comfey|Roost|p1a: no more comfey
|-heal|p1a: no more comfey|100/100
|-singleturn|p1a: no more comfey|move: Roost
|move|p2a: Audino|Knock Off|p1a: no more comfey
|-damage|p1a: no more comfey|86/100
|
|upkeep
|turn|140
|
|t:|1661235247
|move|p1a: no more comfey|Defog|p2a: Audino
|-unboost|p2a: Audino|evasion|1
|move|p2a: Audino|Knock Off|p1a: no more comfey
|-damage|p1a: no more comfey|71/100
|
|upkeep
|turn|141
|
|t:|1661235262
|move|p1a: no more comfey|Defog|p2a: Audino
|-unboost|p2a: Audino|evasion|1
|move|p2a: Audino|Knock Off|p1a: no more comfey
|-damage|p1a: no more comfey|56/100
|
|upkeep
|turn|142
|
|t:|1661235267
|move|p1a: no more comfey|Defog|p2a: Audino
|-unboost|p2a: Audino|evasion|1
|move|p2a: Audino|Knock Off|p1a: no more comfey
|-damage|p1a: no more comfey|42/100
|
|upkeep
|turn|143
|
|t:|1661235269
|move|p1a: no more comfey|Roost|p1a: no more comfey
|-heal|p1a: no more comfey|92/100
|-singleturn|p1a: no more comfey|move: Roost
|move|p2a: Audino|Knock Off|p1a: no more comfey
|-damage|p1a: no more comfey|78/100
|
|upkeep
|turn|144
|
|t:|1661235275
|move|p1a: no more comfey|Giga Drain|p2a: Audino
|-damage|p2a: Audino|53/100
|-heal|p1a: no more comfey|85/100|[from] drain|[of] p2a: Audino
|move|p2a: Audino|Knock Off|p1a: no more comfey
|-damage|p1a: no more comfey|70/100
|
|upkeep
|turn|145
|
|t:|1661235278
|move|p1a: no more comfey|Giga Drain|p2a: Audino
|-damage|p2a: Audino|43/100
|-heal|p1a: no more comfey|77/100|[from] drain|[of] p2a: Audino
|move|p2a: Audino|Wish|p2a: Audino
|
|upkeep
|turn|146
|
|t:|1661235283
|move|p1a: no more comfey|Defog|p2a: Audino
|-unboost|p2a: Audino|evasion|1
|move|p2a: Audino|Knock Off|p1a: no more comfey
|-damage|p1a: no more comfey|62/100
|
|-heal|p2a: Audino|93/100|[from] move: Wish|[wisher] Audino
|upkeep
|turn|147
|
|t:|1661235287
|move|p1a: no more comfey|Defog|p2a: Audino
|-unboost|p2a: Audino|evasion|1
|move|p2a: Audino|Knock Off|p1a: no more comfey
|-damage|p1a: no more comfey|48/100
|
|upkeep
|turn|148
|
|t:|1661235290
|move|p1a: no more comfey|Defog|p2a: Audino
|-unboost|p2a: Audino|evasion|1
|move|p2a: Audino|Knock Off|p1a: no more comfey
|-damage|p1a: no more comfey|34/100
|
|upkeep
|turn|149
|
|t:|1661235292
|move|p1a: no more comfey|Roost|p1a: no more comfey
|-heal|p1a: no more comfey|84/100
|-singleturn|p1a: no more comfey|move: Roost
|move|p2a: Audino|Knock Off|p1a: no more comfey
|-damage|p1a: no more comfey|71/100
|
|upkeep
|turn|150
|
|t:|1661235294
|move|p1a: no more comfey|Giga Drain|p2a: Audino
|-damage|p2a: Audino|82/100
|-heal|p1a: no more comfey|77/100|[from] drain|[of] p2a: Audino
|move|p2a: Audino|Knock Off|p1a: no more comfey
|-damage|p1a: no more comfey|62/100
|
|upkeep
|turn|151
|
|t:|1661235299
|switch|p1a: Spiritomb|Spiritomb, M|66/100 tox
|move|p2a: Audino|Knock Off|p1a: Spiritomb
|-damage|p1a: Spiritomb|56/100 tox
|
|-damage|p1a: Spiritomb|50/100 tox|[from] psn
|upkeep
|turn|152
|
|t:|1661235302
|move|p2a: Audino|Knock Off|p1a: Spiritomb
|-damage|p1a: Spiritomb|39/100 tox
|move|p1a: Spiritomb|Pain Split|p2a: Audino
|-sethp|p2a: Audino|55/100|[from] move: Pain Split|[silent]
|-sethp|p1a: Spiritomb|75/100 tox|[from] move: Pain Split
|
|-damage|p1a: Spiritomb|62/100 tox|[from] psn
|upkeep
|turn|153
|
|t:|1661235325
|switch|p2a: Corsola|Corsola, M|67/100
|move|p1a: Spiritomb|Sucker Punch||[still]
|-fail|p1a: Spiritomb
|
|-damage|p1a: Spiritomb|43/100 tox|[from] psn
|upkeep
|turn|154
|
|t:|1661235329
|switch|p2a: Audino|Audino, F|89/100
|move|p1a: Spiritomb|Pain Split|p2a: Audino
|-sethp|p2a: Audino|60/100|[from] move: Pain Split|[silent]
|-sethp|p1a: Spiritomb|81/100 tox|[from] move: Pain Split
|
|-damage|p1a: Spiritomb|56/100 tox|[from] psn
|upkeep
|turn|155
|
|t:|1661235338
|switch|p2a: Corsola|Corsola, M|100/100
|move|p1a: Spiritomb|Pain Split|p2a: Corsola
|-sethp|p2a: Corsola|76/100|[from] move: Pain Split|[silent]
|-sethp|p1a: Spiritomb|83/100 tox|[from] move: Pain Split
|
|-damage|p1a: Spiritomb|52/100 tox|[from] psn
|upkeep
|turn|156
|
|t:|1661235343
|switch|p2a: Audino|Audino, F|93/100
|move|p1a: Spiritomb|Pain Split|p2a: Audino
|-sethp|p2a: Audino|66/100|[from] move: Pain Split|[silent]
|-sethp|p1a: Spiritomb|89/100 tox|[from] move: Pain Split
|
|-damage|p1a: Spiritomb|51/100 tox|[from] psn
|upkeep
|turn|157
|
|t:|1661235347
|switch|p2a: Corsola|Corsola, M|100/100
|switch|p1a: no more comfey|Golbat, F|62/100
|
|upkeep
|turn|158
|
|t:|1661235353
|switch|p2a: Audino|Audino, F|99/100
|move|p1a: no more comfey|Defog|p2a: Audino
|-unboost|p2a: Audino|evasion|1
|
|upkeep
|turn|159
|
|t:|1661235358
|switch|p1a: Spiritomb|Spiritomb, M|51/100 tox
|move|p2a: Audino|Knock Off|p1a: Spiritomb
|-damage|p1a: Spiritomb|41/100 tox
|
|-damage|p1a: Spiritomb|35/100 tox|[from] psn
|upkeep
|turn|160
|
|t:|1661235362
|switch|p2a: Aromatisse|Aromatisse, M|100/100
|move|p1a: Spiritomb|Pain Split|p2a: Aromatisse
|-sethp|p2a: Aromatisse|63/100|[from] move: Pain Split|[silent]
|-sethp|p1a: Spiritomb|84/100 tox|[from] move: Pain Split
|
|-damage|p1a: Spiritomb|72/100 tox|[from] psn
|upkeep
|turn|161
|
|t:|1661235365
|move|p1a: Spiritomb|Poltergeist|p2a: Aromatisse
|-activate|p2a: Aromatisse|move: Poltergeist|Heavy-Duty Boots
|-damage|p2a: Aromatisse|28/100
|move|p2a: Aromatisse|Moonblast|p1a: Spiritomb
|-supereffective|p1a: Spiritomb
|-damage|p1a: Spiritomb|7/100 tox
|
|-damage|p1a: Spiritomb|0 fnt|[from] psn
|faint|p1a: Spiritomb
|upkeep
|
|t:|1661235368
|switch|p1a: no more comfey|Golbat, F|62/100
|turn|162
|c|☆bloccked|gg
|c|☆bloccked|LOL
|c|☆bloccked|fuck bro
|
|t:|1661235383
|switch|p2a: Audino|Audino, F|100/100
|move|p1a: no more comfey|Defog|p2a: Audino
|-unboost|p2a: Audino|evasion|1
|
|upkeep
|turn|163
|-message|bloccked forfeited.
|
|win|PULT4T2 soup
|raw|bloccked's rating: 1286 &rarr; <strong>1269</strong><br />(-17 for losing)
|raw|PULT4T2 soup's rating: 1397 &rarr; <strong>1411</strong><br />(+14 for winning)
|l|☆PULT4T2 soup
