|html|<div class="broadcast-blue"><strong>[Gen 8] PU is currently suspecting Vanilluxe! For information on how to participate check out the <a href="https://www.smogon.com/forums/threads/np-ss-pu-stage-10-ice-cream-vanilluxe-suspect-test.3705646/">suspect thread</a>.</strong></div>
|raw|<div class="broadcast-blue"><strong>This battle is required to be public due to a player having a name starting with 'pult4c1'.</div>
|j|☆RawFishSlaps
|j|☆PULT4C1 shane
|t:|1660520875
|gametype|singles
|player|p1|RawFishSlaps|fisherman-gen4|1054
|player|p2|PULT4C1 shane|veteran|1121
|teamsize|p1|6
|teamsize|p2|6
|gen|8
|tier|[Gen 8] PU
|rated|
|rule|Sleep Clause Mod: Limit one foe put to sleep
|rule|Species Clause: Limit one of each Pokémon
|rule|OHKO Clause: OHKO moves are banned
|rule|Evasion Items Clause: Evasion items are banned
|rule|Evasion Moves Clause: Evasion moves are banned
|rule|Endless Battle Clause: Forcing endless battles is banned
|rule|HP Percentage Mod: HP is shown in percentages
|rule|Dynamax Clause: You cannot dynamax
|clearpoke
|poke|p1|Wailord, F|
|poke|p1|Jolteon, M|
|poke|p1|Centiskorch, F|
|poke|p1|Weezing, M|
|poke|p1|Morpeko, M|
|poke|p1|Whimsicott, F|
|poke|p2|Charizard, F|
|poke|p2|Doublade, M|
|poke|p2|Gigalith, F|
|poke|p2|Poliwrath, M|
|poke|p2|Sandslash, F|
|poke|p2|Ribombee, F|
|teampreview
|inactive|Battle timer is ON: inactive players will automatically lose when time's up. (requested by PULT4C1 shane)
|inactive|RawFishSlaps also wants the timer to be on.
|
|t:|1660520893
|start
|switch|p1a: Wailord|Wailord, F|100/100
|switch|p2a: dumb|Gigalith, F|100/100
|-weather|Sandstorm|[from] ability: Sand Stream|[of] p2a: dumb
|turn|1
|
|t:|1660520906
|switch|p2a: uzumaki|Poliwrath, M|100/100
|move|p1a: Wailord|Liquidation|p2a: uzumaki
|-immune|p2a: uzumaki|[from] ability: Water Absorb
|
|-weather|Sandstorm|[upkeep]
|-damage|p2a: uzumaki|94/100|[from] Sandstorm
|-damage|p1a: Wailord|94/100|[from] Sandstorm
|-heal|p1a: Wailord|100/100|[from] item: Leftovers
|upkeep
|turn|2
|
|t:|1660520922
|switch|p1a: Weezing|Weezing, M|100/100
|-ability|p1a: Weezing|Neutralizing Gas
|move|p2a: uzumaki|Poison Jab|p1a: Weezing
|-resisted|p1a: Weezing
|-damage|p1a: Weezing|88/100
|
|-weather|Sandstorm|[upkeep]
|-damage|p2a: uzumaki|88/100|[from] Sandstorm
|-damage|p1a: Weezing|82/100|[from] Sandstorm
|-heal|p1a: Weezing|88/100|[from] item: Black Sludge
|upkeep
|turn|3
|
|t:|1660520936
|switch|p2a: carries 5 thoughts|Sandslash, F|100/100
|move|p1a: Weezing|Toxic Spikes|p2a: carries 5 thoughts
|-sidestart|p2: PULT4C1 shane|move: Toxic Spikes
|
|-weather|Sandstorm|[upkeep]
|-damage|p1a: Weezing|82/100|[from] Sandstorm
|-heal|p1a: Weezing|88/100|[from] item: Black Sludge
|upkeep
|turn|4
|
|t:|1660520948
|move|p2a: carries 5 thoughts|Knock Off|p1a: Weezing
|-damage|p1a: Weezing|73/100
|-enditem|p1a: Weezing|Black Sludge|[from] move: Knock Off|[of] p2a: carries 5 thoughts
|move|p1a: Weezing|Will-O-Wisp|p2a: carries 5 thoughts
|-status|p2a: carries 5 thoughts|brn
|
|-weather|Sandstorm|[upkeep]
|-damage|p1a: Weezing|67/100|[from] Sandstorm
|-damage|p2a: carries 5 thoughts|94/100 brn|[from] brn
|upkeep
|turn|5
|
|t:|1660520958
|-end|p1a: Weezing|ability: Neutralizing Gas
|switch|p1a: Whimsicott|Whimsicott, F|100/100
|move|p2a: carries 5 thoughts|Rapid Spin|p1a: Whimsicott
|-damage|p1a: Whimsicott|94/100
|-boost|p2a: carries 5 thoughts|spe|1
|-sideend|p2: PULT4C1 shane|Toxic Spikes|[from] move: Rapid Spin|[of] p2a: carries 5 thoughts
|
|-weather|none
|-heal|p1a: Whimsicott|99/100|[from] item: Leftovers
|-damage|p2a: carries 5 thoughts|88/100 brn|[from] brn
|upkeep
|turn|6
|j| leoeoelle
|
|t:|1660520970
|switch|p2a: dumb|Gigalith, F|100/100
|-weather|Sandstorm|[from] ability: Sand Stream|[of] p2a: dumb
|move|p1a: Whimsicott|Leech Seed|p2a: dumb
|-start|p2a: dumb|move: Leech Seed
|
|-weather|Sandstorm|[upkeep]
|-damage|p1a: Whimsicott|94/100|[from] Sandstorm
|-heal|p1a: Whimsicott|99/100|[from] item: Leftovers
|-damage|p2a: dumb|88/100|[from] Leech Seed|[of] p1a: Whimsicott
|-heal|p1a: Whimsicott|100/100|[silent]
|upkeep
|turn|7
|
|t:|1660520980
|move|p1a: Whimsicott|Giga Drain|p2a: dumb
|-supereffective|p2a: dumb
|-damage|p2a: dumb|65/100
|move|p2a: dumb|Stealth Rock|p1a: Whimsicott
|-sidestart|p1: RawFishSlaps|move: Stealth Rock
|
|-weather|Sandstorm|[upkeep]
|-damage|p1a: Whimsicott|94/100|[from] Sandstorm
|-heal|p1a: Whimsicott|100/100|[from] item: Leftovers
|-heal|p2a: dumb|71/100|[from] item: Leftovers
|-damage|p2a: dumb|59/100|[from] Leech Seed|[of] p1a: Whimsicott
|upkeep
|turn|8
|
|t:|1660520991
|switch|p2a: bzzzzzzzzz|Ribombee, F|100/100
|move|p1a: Whimsicott|Giga Drain|p2a: bzzzzzzzzz
|-resisted|p2a: bzzzzzzzzz
|-damage|p2a: bzzzzzzzzz|82/100
|
|-weather|Sandstorm|[upkeep]
|-damage|p2a: bzzzzzzzzz|76/100|[from] Sandstorm
|-damage|p1a: Whimsicott|94/100|[from] Sandstorm
|-heal|p1a: Whimsicott|100/100|[from] item: Leftovers
|upkeep
|turn|9
|
|t:|1660521001
|move|p2a: bzzzzzzzzz|Moonblast|p1a: Whimsicott
|-damage|p1a: Whimsicott|25/100
|move|p1a: Whimsicott|Leech Seed|p2a: bzzzzzzzzz
|-start|p2a: bzzzzzzzzz|move: Leech Seed
|
|-weather|Sandstorm|[upkeep]
|-damage|p2a: bzzzzzzzzz|70/100|[from] Sandstorm
|-damage|p1a: Whimsicott|18/100|[from] Sandstorm
|-heal|p1a: Whimsicott|25/100|[from] item: Leftovers
|-damage|p2a: bzzzzzzzzz|58/100|[from] Leech Seed|[of] p1a: Whimsicott
|-heal|p1a: Whimsicott|34/100|[silent]
|upkeep
|turn|10
|
|t:|1660521010
|move|p1a: Whimsicott|Protect|p1a: Whimsicott
|-singleturn|p1a: Whimsicott|Protect
|move|p2a: bzzzzzzzzz|Moonblast|p1a: Whimsicott
|-activate|p1a: Whimsicott|move: Protect
|
|-weather|none
|-heal|p1a: Whimsicott|41/100|[from] item: Leftovers
|-damage|p2a: bzzzzzzzzz|45/100|[from] Leech Seed|[of] p1a: Whimsicott
|-heal|p1a: Whimsicott|50/100|[silent]
|upkeep
|turn|11
|
|t:|1660521019
|switch|p1a: Centiskorch|Centiskorch, F|100/100
|move|p2a: bzzzzzzzzz|Moonblast|p1a: Centiskorch
|-resisted|p1a: Centiskorch
|-damage|p1a: Centiskorch|69/100
|
|-damage|p2a: bzzzzzzzzz|33/100|[from] Leech Seed|[of] p1a: Centiskorch
|-heal|p1a: Centiskorch|78/100|[silent]
|upkeep
|turn|12
|
|t:|1660521030
|switch|p2a: carries 5 thoughts|Sandslash, F|88/100 brn
|move|p1a: Centiskorch|Knock Off|p2a: carries 5 thoughts
|-damage|p2a: carries 5 thoughts|69/100 brn
|-damage|p1a: Centiskorch|62/100|[from] item: Rocky Helmet|[of] p2a: carries 5 thoughts
|-enditem|p2a: carries 5 thoughts|Rocky Helmet|[from] move: Knock Off|[of] p1a: Centiskorch
|
|-damage|p2a: carries 5 thoughts|63/100 brn|[from] brn
|upkeep
|turn|13
|
|t:|1660521039
|move|p1a: Centiskorch|Coil|p1a: Centiskorch
|-boost|p1a: Centiskorch|atk|1
|-boost|p1a: Centiskorch|def|1
|-boost|p1a: Centiskorch|accuracy|1
|move|p2a: carries 5 thoughts|Spikes|p1a: Centiskorch
|-sidestart|p1: RawFishSlaps|Spikes
|
|-damage|p2a: carries 5 thoughts|57/100 brn|[from] brn
|upkeep
|turn|14
|l|leoeoelle
|
|t:|1660521048
|move|p1a: Centiskorch|Coil|p1a: Centiskorch
|-boost|p1a: Centiskorch|atk|1
|-boost|p1a: Centiskorch|def|1
|-boost|p1a: Centiskorch|accuracy|1
|move|p2a: carries 5 thoughts|Earthquake|p1a: Centiskorch
|-damage|p1a: Centiskorch|49/100
|
|-damage|p2a: carries 5 thoughts|50/100 brn|[from] brn
|upkeep
|turn|15
|
|t:|1660521056
|switch|p2a: bzzzzzzzzz|Ribombee, F|33/100
|move|p1a: Centiskorch|Leech Life|p2a: bzzzzzzzzz
|-resisted|p2a: bzzzzzzzzz
|-damage|p2a: bzzzzzzzzz|0 fnt
|-heal|p1a: Centiskorch|62/100|[from] drain|[of] p2a: bzzzzzzzzz
|faint|p2a: bzzzzzzzzz
|
|upkeep
|j| ekelelellee
|
|t:|1660521060
|switch|p2a: uzumaki|Poliwrath, M|88/100
|turn|16
|
|t:|1660521070
|move|p1a: Centiskorch|Leech Life|p2a: uzumaki
|-resisted|p2a: uzumaki
|-damage|p2a: uzumaki|43/100
|-heal|p1a: Centiskorch|83/100|[from] drain|[of] p2a: uzumaki
|move|p2a: uzumaki|Liquidation|p1a: Centiskorch
|-supereffective|p1a: Centiskorch
|-damage|p1a: Centiskorch|0 fnt
|faint|p1a: Centiskorch
|
|upkeep
|
|t:|1660521081
|switch|p1a: Jolteon|Jolteon, M|100/100
|-damage|p1a: Jolteon|88/100|[from] Stealth Rock
|-damage|p1a: Jolteon|76/100|[from] Spikes
|turn|17
|
|t:|1660521087
|switch|p2a: dumb|Gigalith, F|59/100
|-weather|Sandstorm|[from] ability: Sand Stream|[of] p2a: dumb
|move|p1a: Jolteon|Shadow Ball|p2a: dumb
|-damage|p2a: dumb|36/100
|
|-weather|Sandstorm|[upkeep]
|-damage|p1a: Jolteon|70/100|[from] Sandstorm
|-heal|p2a: dumb|42/100|[from] item: Leftovers
|upkeep
|turn|18
|
|t:|1660521105
|switch|p1a: Whimsicott|Whimsicott, F|50/100
|-damage|p1a: Whimsicott|38/100|[from] Stealth Rock
|-damage|p1a: Whimsicott|26/100|[from] Spikes
|move|p2a: dumb|Earthquake|p1a: Whimsicott
|-resisted|p1a: Whimsicott
|-damage|p1a: Whimsicott|6/100
|
|-weather|Sandstorm|[upkeep]
|-damage|p1a: Whimsicott|0 fnt|[from] Sandstorm
|faint|p1a: Whimsicott
|-heal|p2a: dumb|48/100|[from] item: Leftovers
|upkeep
|
|t:|1660521117
|switch|p1a: Wailord|Wailord, F|100/100
|-damage|p1a: Wailord|88/100|[from] Stealth Rock
|-damage|p1a: Wailord|76/100|[from] Spikes
|turn|19
|
|t:|1660521128
|move|p2a: dumb|Protect|p2a: dumb
|-singleturn|p2a: dumb|Protect
|move|p1a: Wailord|Heavy Slam|p2a: dumb
|-activate|p2a: dumb|move: Protect
|
|-weather|Sandstorm|[upkeep]
|-damage|p1a: Wailord|69/100|[from] Sandstorm
|-heal|p1a: Wailord|76/100|[from] item: Leftovers
|-heal|p2a: dumb|54/100|[from] item: Leftovers
|upkeep
|turn|20
|
|t:|1660521141
|move|p1a: Wailord|Heavy Slam|p2a: dumb
|-supereffective|p2a: dumb
|-damage|p2a: dumb|36/100
|move|p2a: dumb|Stone Edge|p1a: Wailord
|-damage|p1a: Wailord|19/100
|
|-weather|Sandstorm|[upkeep]
|-damage|p1a: Wailord|13/100|[from] Sandstorm
|-heal|p1a: Wailord|19/100|[from] item: Leftovers
|-heal|p2a: dumb|42/100|[from] item: Leftovers
|upkeep
|turn|21
|
|t:|1660521152
|switch|p2a: uzumaki|Poliwrath, M|43/100
|move|p1a: Wailord|Liquidation|p2a: uzumaki
|-heal|p2a: uzumaki|68/100|[from] ability: Water Absorb|[of] p1a: Wailord
|
|-weather|none
|-heal|p1a: Wailord|25/100|[from] item: Leftovers
|upkeep
|turn|22
|
|t:|1660521163
|switch|p1a: Weezing|Weezing, M|67/100
|-ability|p1a: Weezing|Neutralizing Gas
|-damage|p1a: Weezing|54/100|[from] Stealth Rock
|-damage|p1a: Weezing|42/100|[from] Spikes
|move|p2a: uzumaki|Liquidation|p1a: Weezing
|-damage|p1a: Weezing|0 fnt
|faint|p1a: Weezing
|-end|p1a: Weezing|ability: Neutralizing Gas
|
|upkeep
|
|t:|1660521176
|switch|p1a: Morpeko|Morpeko, M|100/100
|turn|23
|inactive|PULT4C1 shane has 120 seconds left.
|
|t:|1660521207
|switch|p2a: carries 5 thoughts|Sandslash, F|50/100 brn
|move|p1a: Morpeko|Fake Out|p2a: carries 5 thoughts
|-damage|p2a: carries 5 thoughts|43/100 brn
|
|-damage|p2a: carries 5 thoughts|37/100 brn|[from] brn
|-formechange|p1a: Morpeko|Morpeko-Hangry||[from] ability: Hunger Switch
|upkeep
|turn|24
|
|t:|1660521217
|move|p1a: Morpeko|Aura Wheel|p2a: carries 5 thoughts
|-damage|p2a: carries 5 thoughts|5/100 brn
|-boost|p1a: Morpeko|spe|1
|move|p2a: carries 5 thoughts|Earthquake|p1a: Morpeko
|-supereffective|p1a: Morpeko
|-damage|p1a: Morpeko|28/100
|
|-damage|p2a: carries 5 thoughts|0 fnt|[from] brn
|faint|p2a: carries 5 thoughts
|-formechange|p1a: Morpeko|Morpeko||[from] ability: Hunger Switch
|upkeep
|inactive|PULT4C1 shane has 120 seconds left.
|
|t:|1660521233
|switch|p2a: broken|Doublade, M|100/100
|turn|25
|
|t:|1660521245
|move|p1a: Morpeko|Parting Shot|p2a: broken
|-unboost|p2a: broken|atk|1
|-unboost|p2a: broken|spa|1
|
|t:|1660521249
|switch|p1a: Wailord|Wailord, F|25/100|[from]move: Parting Shot
|-damage|p1a: Wailord|13/100|[from] Stealth Rock
|-damage|p1a: Wailord|0 fnt|[from] Spikes
|faint|p1a: Wailord
|move|p2a: broken|Swords Dance|p2a: broken
|-boost|p2a: broken|atk|2
|
|upkeep
|
|t:|1660521257
|switch|p1a: Jolteon|Jolteon, M|70/100
|-damage|p1a: Jolteon|58/100|[from] Stealth Rock
|-damage|p1a: Jolteon|46/100|[from] Spikes
|turn|26
|
|t:|1660521262
|switch|p2a: dumb|Gigalith, F|42/100
|-weather|Sandstorm|[from] ability: Sand Stream|[of] p2a: dumb
|move|p1a: Jolteon|Shadow Ball|p2a: dumb
|-damage|p2a: dumb|20/100
|
|-weather|Sandstorm|[upkeep]
|-damage|p1a: Jolteon|40/100|[from] Sandstorm
|-heal|p2a: dumb|26/100|[from] item: Leftovers
|upkeep
|turn|27
|
|t:|1660521272
|move|p1a: Jolteon|Shadow Ball|p2a: dumb
|-damage|p2a: dumb|4/100
|move|p2a: dumb|Earthquake|p1a: Jolteon
|-supereffective|p1a: Jolteon
|-damage|p1a: Jolteon|0 fnt
|faint|p1a: Jolteon
|
|-weather|Sandstorm|[upkeep]
|-heal|p2a: dumb|10/100|[from] item: Leftovers
|upkeep
|
|t:|1660521280
|switch|p1a: Morpeko|Morpeko, M|28/100
|turn|28
|
|t:|1660521288
|move|p1a: Morpeko|Aura Wheel|p2a: dumb
|-damage|p2a: dumb|0 fnt
|-boost|p1a: Morpeko|spe|1
|faint|p2a: dumb
|
|-weather|Sandstorm|[upkeep]
|-damage|p1a: Morpeko|22/100|[from] Sandstorm
|-formechange|p1a: Morpeko|Morpeko-Hangry||[from] ability: Hunger Switch
|upkeep
|
|t:|1660521294
|switch|p2a: uzumaki|Poliwrath, M|68/100
|turn|29
|
|t:|1660521301
|move|p1a: Morpeko|Psychic Fangs|p2a: uzumaki
|-supereffective|p2a: uzumaki
|-damage|p2a: uzumaki|19/100
|move|p2a: uzumaki|Liquidation|p1a: Morpeko
|-damage|p1a: Morpeko|0 fnt
|faint|p1a: Morpeko
|
|win|PULT4C1 shane
|raw|RawFishSlaps's rating: 1054 &rarr; <strong>1038</strong><br />(-16 for losing)
|raw|PULT4C1 shane's rating: 1091 &rarr; <strong>1115</strong><br />(+24 for winning)
|l|☆RawFishSlaps
