|j|☆BigKevinm84
|j|☆Jooooooooooof
|t:|1622350178
|gametype|singles
|player|p1|BigKevinm84|acetrainer-gen4dp|1325
|player|p2|Jooooooooooof|n|1294
|teamsize|p1|6
|teamsize|p2|6
|gen|8
|tier|[Gen 8] PU
|rated|
|rule|Sleep Clause Mod: Limit one foe put to sleep
|rule|Species Clause: Limit one of each Pokémon
|rule|OHKO Clause: OHKO moves are banned
|rule|Evasion Moves Clause: Evasion moves are banned
|rule|Endless Battle Clause: Forcing endless battles is banned
|rule|HP Percentage Mod: HP is shown in percentages
|rule|Dynamax Clause: You cannot dynamax
|clearpoke
|poke|p1|Togedemaru, L1, M|
|poke|p1|Gigalith, M|
|poke|p1|Sandslash, M|
|poke|p1|Qwilfish, M|
|poke|p1|Silvally-*|
|poke|p1|Exeggutor-Alola, F|
|poke|p2|Sneasel, F|
|poke|p2|Lycanroc-Midnight, M|
|poke|p2|Weezing, F|
|poke|p2|Mesprit|
|poke|p2|Ribombee, F|
|poke|p2|Hitmontop, M|
|teampreview
|inactive|Battle timer is ON: inactive players will automatically lose when time's up. (requested by BigKevinm84)
|
|t:|1622350225
|start
|switch|p1a: Purple Majesty|Gigalith, M, shiny|100/100
|switch|p2a: Sneasel|Sneasel, F|100/100
|-weather|Sandstorm|[from] ability: Sand Stream|[of] p1a: Purple Majesty
|turn|1
|
|t:|1622350234
|switch|p2a: Weezing|Weezing, F|100/100
|move|p1a: Purple Majesty|Rock Blast|p2a: Weezing
|-damage|p2a: Weezing|93/100
|-damage|p2a: Weezing|86/100
|-damage|p2a: Weezing|78/100
|-hitcount|p2a: Weezing|3
|
|-weather|Sandstorm|[upkeep]
|-damage|p2a: Weezing|72/100|[from] Sandstorm
|-heal|p2a: Weezing|78/100|[from] item: Black Sludge
|upkeep
|turn|2
|
|t:|1622350242
|move|p2a: Weezing|Will-O-Wisp|p1a: Purple Majesty
|-status|p1a: Purple Majesty|brn
|move|p1a: Purple Majesty|Stealth Rock|p2a: Weezing
|-sidestart|p2: Jooooooooooof|move: Stealth Rock
|
|-weather|Sandstorm|[upkeep]
|-damage|p2a: Weezing|72/100|[from] Sandstorm
|-heal|p2a: Weezing|78/100|[from] item: Black Sludge
|-damage|p1a: Purple Majesty|94/100 brn|[from] brn
|upkeep
|turn|3
|
|t:|1622350247
|switch|p1a: Squilly|Qwilfish, M|100/100
|-ability|p1a: Squilly|Intimidate|boost
|-unboost|p2a: Weezing|atk|1
|move|p2a: Weezing|Toxic Spikes|p1a: Squilly
|-sidestart|p1: BigKevinm84|move: Toxic Spikes
|
|-weather|Sandstorm|[upkeep]
|-damage|p1a: Squilly|95/100|[from] Sandstorm
|-damage|p2a: Weezing|72/100|[from] Sandstorm
|-heal|p1a: Squilly|100/100|[from] item: Black Sludge
|-heal|p2a: Weezing|78/100|[from] item: Black Sludge
|upkeep
|turn|4
|
|t:|1622350261
|switch|p2a: Ribombee|Ribombee, F|100/100
|move|p1a: Squilly|Taunt|p2a: Ribombee
|-start|p2a: Ribombee|move: Taunt
|
|-weather|Sandstorm|[upkeep]
|-damage|p2a: Ribombee|94/100|[from] Sandstorm
|-damage|p1a: Squilly|95/100|[from] Sandstorm
|-heal|p1a: Squilly|100/100|[from] item: Black Sludge
|upkeep
|turn|5
|
|t:|1622350270
|switch|p2a: Mesprit|Mesprit|100/100
|-damage|p2a: Mesprit|88/100|[from] Stealth Rock
|move|p1a: Squilly|Poison Jab|p2a: Mesprit
|-damage|p2a: Mesprit|64/100
|-status|p2a: Mesprit|psn
|
|-weather|Sandstorm|[upkeep]
|-damage|p1a: Squilly|95/100|[from] Sandstorm
|-damage|p2a: Mesprit|58/100 psn|[from] Sandstorm
|-heal|p1a: Squilly|100/100|[from] item: Black Sludge
|-damage|p2a: Mesprit|46/100 psn|[from] psn
|upkeep
|turn|6
|
|t:|1622350280
|switch|p1a: Purple Majesty|Gigalith, M, shiny|94/100 brn
|move|p2a: Mesprit|Psychic|p1a: Purple Majesty
|-damage|p1a: Purple Majesty|69/100 brn
|
|-weather|Sandstorm|[upkeep]
|-damage|p2a: Mesprit|40/100 psn|[from] Sandstorm
|-damage|p2a: Mesprit|27/100 psn|[from] psn
|-damage|p1a: Purple Majesty|63/100 brn|[from] brn
|upkeep
|turn|7
|
|t:|1622350289
|switch|p2a: Weezing|Weezing, F|78/100
|-damage|p2a: Weezing|65/100|[from] Stealth Rock
|move|p1a: Purple Majesty|Rock Blast|p2a: Weezing
|-damage|p2a: Weezing|62/100
|-damage|p2a: Weezing|58/100
|-hitcount|p2a: Weezing|2
|
|-weather|Sandstorm|[upkeep]
|-damage|p2a: Weezing|52/100|[from] Sandstorm
|-heal|p2a: Weezing|58/100|[from] item: Black Sludge
|-damage|p1a: Purple Majesty|57/100 brn|[from] brn
|upkeep
|turn|8
|
|t:|1622350296
|switch|p1a: Squilly|Qwilfish, M|100/100
|-sideend|p1: BigKevinm84|move: Toxic Spikes|[of] p1a: Squilly
|-ability|p1a: Squilly|Intimidate|boost
|-unboost|p2a: Weezing|atk|1
|move|p2a: Weezing|Sludge Bomb|p1a: Squilly
|-resisted|p1a: Squilly
|-damage|p1a: Squilly|76/100
|
|-weather|none
|-heal|p1a: Squilly|82/100|[from] item: Black Sludge
|-heal|p2a: Weezing|64/100|[from] item: Black Sludge
|upkeep
|turn|9
|
|t:|1622350304
|move|p1a: Squilly|Toxic Spikes|p2a: Weezing
|-sidestart|p2: Jooooooooooof|move: Toxic Spikes
|move|p2a: Weezing|Thunder|p1a: Squilly
|-supereffective|p1a: Squilly
|-damage|p1a: Squilly|14/100
|-status|p1a: Squilly|par
|
|-heal|p2a: Weezing|70/100|[from] item: Black Sludge
|-heal|p1a: Squilly|20/100 par|[from] item: Black Sludge
|upkeep
|turn|10
|
|t:|1622350319
|switch|p1a: Guroe|Silvally-Ghost|100/100
|move|p2a: Weezing|Thunder|p1a: Guroe
|-damage|p1a: Guroe|81/100
|
|-heal|p2a: Weezing|76/100|[from] item: Black Sludge
|upkeep
|turn|11
|
|t:|1622350331
|switch|p2a: Hitmontop|Hitmontop, M|100/100
|-status|p2a: Hitmontop|psn
|-damage|p2a: Hitmontop|94/100 psn|[from] Stealth Rock
|move|p1a: Guroe|Multi-Attack|p2a: Hitmontop
|-damage|p2a: Hitmontop|59/100 psn
|
|-damage|p2a: Hitmontop|46/100 psn|[from] psn
|upkeep
|turn|12
|
|t:|1622350344
|move|p1a: Guroe|Multi-Attack|p2a: Hitmontop
|-damage|p2a: Hitmontop|12/100 psn
|move|p2a: Hitmontop|Toxic|p1a: Guroe
|-status|p1a: Guroe|tox
|
|-damage|p1a: Guroe|75/100 tox|[from] psn
|-damage|p2a: Hitmontop|0 fnt|[from] psn
|faint|p2a: Hitmontop
|upkeep
|
|t:|1622350349
|switch|p2a: Sneasel|Sneasel, F|100/100
|-status|p2a: Sneasel|psn
|-damage|p2a: Sneasel|76/100 psn|[from] Stealth Rock
|turn|13
|
|t:|1622350358
|switch|p1a: Squilly|Qwilfish, M|20/100 par
|-ability|p1a: Squilly|Intimidate|boost
|-fail|p2a: Sneasel|unboost|Attack|[from] ability: Inner Focus|[of] p2a: Sneasel
|move|p2a: Sneasel|Knock Off|p1a: Squilly
|-damage|p1a: Squilly|0 fnt
|-enditem|p1a: Squilly|Black Sludge|[from] move: Knock Off|[of] p2a: Sneasel
|faint|p1a: Squilly
|-damage|p2a: Sneasel|66/100 psn|[from] item: Life Orb
|
|-damage|p2a: Sneasel|53/100 psn|[from] psn
|upkeep
|
|t:|1622350366
|switch|p1a: Purple Majesty|Gigalith, M, shiny|57/100 brn
|-weather|Sandstorm|[from] ability: Sand Stream|[of] p1a: Purple Majesty
|turn|14
|
|t:|1622350372
|move|p2a: Sneasel|Icicle Crash|p1a: Purple Majesty
|-damage|p1a: Purple Majesty|22/100 brn
|-damage|p2a: Sneasel|44/100 psn|[from] item: Life Orb
|move|p1a: Purple Majesty|Rock Blast|p2a: Sneasel
|-supereffective|p2a: Sneasel
|-damage|p2a: Sneasel|16/100 psn
|-supereffective|p2a: Sneasel
|-damage|p2a: Sneasel|0 fnt
|faint|p2a: Sneasel
|-hitcount|p2: Sneasel|2
|
|-weather|Sandstorm|[upkeep]
|-damage|p1a: Purple Majesty|15/100 brn|[from] brn
|upkeep
|
|t:|1622350387
|switch|p2a: Lycanroc|Lycanroc-Midnight, M|100/100
|-status|p2a: Lycanroc|psn
|-damage|p2a: Lycanroc|88/100 psn|[from] Stealth Rock
|turn|15
|
|t:|1622350395
|switch|p1a: Guroe|Silvally-Ghost|75/100 tox
|move|p2a: Lycanroc|Stealth Rock|p1a: Guroe
|-sidestart|p1: BigKevinm84|move: Stealth Rock
|
|-weather|Sandstorm|[upkeep]
|-damage|p1a: Guroe|69/100 tox|[from] Sandstorm
|-damage|p2a: Lycanroc|75/100 psn|[from] psn
|-damage|p1a: Guroe|63/100 tox|[from] psn
|upkeep
|turn|16
|
|t:|1622350408
|switch|p2a: Mesprit|Mesprit|27/100 psn
|-damage|p2a: Mesprit|15/100 psn|[from] Stealth Rock
|move|p1a: Guroe|Rest|p1a: Guroe
|-status|p1a: Guroe|slp|[from] move: Rest
|-heal|p1a: Guroe|100/100 slp|[silent]
|
|-weather|Sandstorm|[upkeep]
|-damage|p1a: Guroe|94/100 slp|[from] Sandstorm
|-damage|p2a: Mesprit|9/100 psn|[from] Sandstorm
|-damage|p2a: Mesprit|0 fnt|[from] psn
|faint|p2a: Mesprit
|upkeep
|
|t:|1622350413
|switch|p2a: Ribombee|Ribombee, F|94/100
|turn|17
|
|t:|1622350435
|move|p2a: Ribombee|Substitute|p2a: Ribombee
|-start|p2a: Ribombee|Substitute
|-damage|p2a: Ribombee|69/100
|cant|p1a: Guroe|slp
|move|p1a: Guroe|Sleep Talk|p1a: Guroe
|move|p1a: Guroe|Rest||[from]move: Sleep Talk|[still]
|-fail|p1a: Guroe
|
|-weather|Sandstorm|[upkeep]
|-damage|p2a: Ribombee|63/100|[from] Sandstorm
|-damage|p1a: Guroe|88/100 slp|[from] Sandstorm
|upkeep
|turn|18
|
|t:|1622350442
|move|p2a: Ribombee|Quiver Dance|p2a: Ribombee
|-boost|p2a: Ribombee|spa|1
|-boost|p2a: Ribombee|spd|1
|-boost|p2a: Ribombee|spe|1
|cant|p1a: Guroe|slp
|move|p1a: Guroe|Sleep Talk|p1a: Guroe
|move|p1a: Guroe|Rest||[from]move: Sleep Talk|[still]
|-fail|p1a: Guroe
|
|-weather|Sandstorm|[upkeep]
|-damage|p2a: Ribombee|57/100|[from] Sandstorm
|-damage|p1a: Guroe|82/100 slp|[from] Sandstorm
|upkeep
|turn|19
|
|t:|1622350452
|move|p2a: Ribombee|Bug Buzz|p1a: Guroe
|-resisted|p1a: Guroe
|-damage|p1a: Guroe|52/100 slp
|-curestatus|p1a: Guroe|slp|[msg]
|move|p1a: Guroe|Roar|p2a: Ribombee
|drag|p2a: Lycanroc|Lycanroc-Midnight, M|75/100 psn
|-damage|p2a: Lycanroc|63/100 psn|[from] Stealth Rock
|
|-weather|Sandstorm|[upkeep]
|-damage|p1a: Guroe|46/100|[from] Sandstorm
|-damage|p2a: Lycanroc|50/100 psn|[from] psn
|upkeep
|turn|20
|
|t:|1622350460
|move|p2a: Lycanroc|Stone Edge|p1a: Guroe
|-crit|p1a: Guroe
|-damage|p1a: Guroe|1/100
|move|p1a: Guroe|Rest|p1a: Guroe
|-status|p1a: Guroe|slp|[from] move: Rest
|-heal|p1a: Guroe|100/100 slp|[silent]
|
|-weather|Sandstorm|[upkeep]
|-damage|p1a: Guroe|94/100 slp|[from] Sandstorm
|-damage|p2a: Lycanroc|38/100 psn|[from] psn
|upkeep
|turn|21
|
|t:|1622350468
|switch|p2a: Weezing|Weezing, F|76/100
|-damage|p2a: Weezing|64/100|[from] Stealth Rock
|cant|p1a: Guroe|slp
|move|p1a: Guroe|Sleep Talk|p1a: Guroe
|move|p1a: Guroe|Multi-Attack|p2a: Weezing|[from]move: Sleep Talk
|-damage|p2a: Weezing|37/100
|
|-weather|none
|-heal|p2a: Weezing|43/100|[from] item: Black Sludge
|upkeep
|turn|22
|
|t:|1622350480
|switch|p2a: Ribombee|Ribombee, F|57/100
|cant|p1a: Guroe|slp
|move|p1a: Guroe|Sleep Talk|p1a: Guroe
|move|p1a: Guroe|Roar|p2a: Ribombee|[from]move: Sleep Talk
|drag|p2a: Weezing|Weezing, F|43/100
|-damage|p2a: Weezing|31/100|[from] Stealth Rock
|
|-heal|p2a: Weezing|37/100|[from] item: Black Sludge
|upkeep
|turn|23
|
|t:|1622350491
|switch|p2a: Lycanroc|Lycanroc-Midnight, M|38/100 psn
|-damage|p2a: Lycanroc|25/100 psn|[from] Stealth Rock
|-curestatus|p1a: Guroe|slp|[msg]
|move|p1a: Guroe|Multi-Attack|p2a: Lycanroc
|-damage|p2a: Lycanroc|0 fnt
|faint|p2a: Lycanroc
|
|upkeep
|
|t:|1622350494
|switch|p2a: Ribombee|Ribombee, F|57/100
|turn|24
|
|t:|1622350499
|move|p2a: Ribombee|Moonblast|p1a: Guroe
|-damage|p1a: Guroe|54/100
|-unboost|p1a: Guroe|spa|1
|move|p1a: Guroe|Multi-Attack|p2a: Ribombee
|-damage|p2a: Ribombee|0 fnt
|faint|p2a: Ribombee
|
|upkeep
|-message|Jooooooooooof forfeited.
|
|win|BigKevinm84
|raw|BigKevinm84's rating: 1325 &rarr; <strong>1343</strong><br />(+18 for winning)
|raw|Jooooooooooof's rating: 1294 &rarr; <strong>1271</strong><br />(-23 for losing)
|l|☆Jooooooooooof
