|j|☆Blue.Moon.Cheese
|j|☆ChandosH
|player|p1|Blue.Moon.Cheese|lusamine-nihilego|1176
|player|p2|ChandosH|elio|1106
|teamsize|p1|6
|teamsize|p2|6
|gametype|singles
|gen|8
|tier|[Gen 8] PU
|rated|
|clearpoke
|poke|p1|Grapploct, F|
|poke|p1|Meowstic, M|
|poke|p1|Greedent, M|
|poke|p1|Duosion, M|
|poke|p1|Gourgeist-*, F|
|poke|p1|Clefairy, M|
|poke|p2|Mawile, M|
|poke|p2|Ninjask, F|
|poke|p2|Silvally-*|
|poke|p2|Meowstic-F, F|
|poke|p2|Thievul, M|
|poke|p2|Manectric, F|
|rule|Sleep Clause Mod: Limit one foe put to sleep
|rule|Species Clause: Limit one of each Pokémon
|rule|OHKO Clause: OHKO moves are banned
|rule|Evasion Moves Clause: Evasion moves are banned
|rule|Endless Battle Clause: Forcing endless battles is banned
|rule|HP Percentage Mod: HP is shown in percentages
|rule|Dynamax Clause: You cannot dynamax
|teampreview
|inactive|Battle timer is ON: inactive players will automatically lose when time's up. (requested by Blue.Moon.Cheese)
|
|start
|switch|p1a: Meowstic|Meowstic, M|100/100
|switch|p2a: Mawile|Mawile, M|100/100
|turn|1
|
|move|p1a: Meowstic|Reflect|p1a: Meowstic
|-sidestart|p1: Blue.Moon.Cheese|Reflect
|move|p2a: Mawile|Iron Head|p1a: Meowstic
|-damage|p1a: Meowstic|65/100
|
|upkeep
|turn|2
|
|move|p2a: Mawile|Stealth Rock|p1a: Meowstic
|-sidestart|p1: Blue.Moon.Cheese|move: Stealth Rock
|move|p1a: Meowstic|Trick Room|p1a: Meowstic
|-fieldstart|move: Trick Room|[of] p1a: Meowstic
|
|upkeep
|turn|3
|
|move|p1a: Meowstic|Light Screen|p1a: Meowstic
|-sidestart|p1: Blue.Moon.Cheese|move: Light Screen
|move|p2a: Mawile|Play Rough|p1a: Meowstic
|-damage|p1a: Meowstic|29/100
|
|upkeep
|turn|4
|
|switch|p1a: Gourgeist|Gourgeist-Super, F|100/100
|-damage|p1a: Gourgeist|88/100|[from] Stealth Rock
|-item|p2a: Mawile|Life Orb|[from] ability: Frisk|[of] p1a: Gourgeist|[identify]
|move|p2a: Mawile|Iron Head|p1a: Gourgeist
|-damage|p1a: Gourgeist|67/100
|
|-heal|p1a: Gourgeist|73/100|[from] item: Leftovers
|upkeep
|turn|5
|
|switch|p2a: Manectric|Manectric, F|100/100
|move|p1a: Gourgeist|Will-O-Wisp|p2a: Manectric
|-status|p2a: Manectric|brn
|
|-heal|p1a: Gourgeist|79/100|[from] item: Leftovers
|-damage|p2a: Manectric|94/100 brn|[from] brn
|upkeep
|turn|6
|
|move|p1a: Gourgeist|Seed Bomb|p2a: Manectric
|-damage|p2a: Manectric|28/100 brn
|move|p2a: Manectric|Flamethrower|p1a: Gourgeist
|-supereffective|p1a: Gourgeist
|-damage|p1a: Gourgeist|30/100
|
|-heal|p1a: Gourgeist|36/100|[from] item: Leftovers
|-damage|p2a: Manectric|22/100 brn|[from] brn
|-fieldend|move: Trick Room
|upkeep
|turn|7
|inactive|ChandosH has 120 seconds left.
|inactive|ChandosH has 90 seconds left.
|
|move|p1a: Gourgeist|Shadow Sneak|p2a: Manectric
|-damage|p2a: Manectric|0 fnt
|faint|p2a: Manectric
|
|-heal|p1a: Gourgeist|42/100|[from] item: Leftovers
|upkeep
|
|switch|p2a: Ninjask|Ninjask, F|100/100
|turn|8
|
|move|p2a: Ninjask|Acrobatics|p1a: Gourgeist
|-supereffective|p1a: Gourgeist
|-damage|p1a: Gourgeist|2/100
|move|p1a: Gourgeist|Will-O-Wisp|p2a: Ninjask
|-status|p2a: Ninjask|brn
|
|-heal|p1a: Gourgeist|9/100|[from] item: Leftovers
|-damage|p2a: Ninjask|94/100 brn|[from] brn
|-sideend|p1: Blue.Moon.Cheese|Reflect
|-ability|p2a: Ninjask|Speed Boost|boost
|-boost|p2a: Ninjask|spe|1
|upkeep
|turn|9
|
|move|p1a: Gourgeist|Shadow Sneak|p2a: Ninjask
|-damage|p2a: Ninjask|52/100 brn
|move|p2a: Ninjask|Swords Dance|p2a: Ninjask
|-boost|p2a: Ninjask|atk|2
|
|-heal|p1a: Gourgeist|15/100|[from] item: Leftovers
|-damage|p2a: Ninjask|46/100 brn|[from] brn
|-ability|p2a: Ninjask|Speed Boost|boost
|-boost|p2a: Ninjask|spe|1
|upkeep
|turn|10
|
|move|p1a: Gourgeist|Shadow Sneak|p2a: Ninjask
|-damage|p2a: Ninjask|1/100 brn
|move|p2a: Ninjask|Acrobatics|p1a: Gourgeist
|-supereffective|p1a: Gourgeist
|-damage|p1a: Gourgeist|0 fnt
|faint|p1a: Gourgeist
|
|-damage|p2a: Ninjask|0 fnt|[from] brn
|faint|p2a: Ninjask
|-sideend|p1: Blue.Moon.Cheese|move: Light Screen
|upkeep
|inactive|ChandosH has 90 seconds left.
|
|switch|p2a: Mawile|Mawile, M|100/100
|switch|p1a: Meowstic|Meowstic, M|29/100
|-damage|p1a: Meowstic|16/100|[from] Stealth Rock
|turn|11
|
|move|p1a: Meowstic|Reflect|p1a: Meowstic
|-sidestart|p1: Blue.Moon.Cheese|Reflect
|move|p2a: Mawile|Iron Head|p1a: Meowstic
|-damage|p1a: Meowstic|0 fnt
|faint|p1a: Meowstic
|
|upkeep
|
|switch|p1a: Greedent|Greedent, M|100/100
|-damage|p1a: Greedent|88/100|[from] Stealth Rock
|turn|12
|
|move|p2a: Mawile|Play Rough|p1a: Greedent
|-damage|p1a: Greedent|61/100
|move|p1a: Greedent|Earthquake|p2a: Mawile
|-supereffective|p2a: Mawile
|-damage|p2a: Mawile|5/100
|
|upkeep
|turn|13
|
|move|p2a: Mawile|Iron Head|p1a: Greedent
|-crit|p1a: Greedent
|-damage|p1a: Greedent|0 fnt
|faint|p1a: Greedent
|
|upkeep
|
|switch|p1a: Grapploct|Grapploct, F|100/100
|-damage|p1a: Grapploct|94/100|[from] Stealth Rock
|turn|14
|c|☆ChandosH|nice lol
|inactive|ChandosH has 120 seconds left.
|
|move|p1a: Grapploct|Sucker Punch|p2a: Mawile
|-resisted|p2a: Mawile
|-damage|p2a: Mawile|0 fnt
|faint|p2a: Mawile
|
|upkeep
|inactive|ChandosH has 120 seconds left.
|
|switch|p2a: Silvally|Silvally-Water|100/100
|turn|15
|
|move|p2a: Silvally|Swords Dance|p2a: Silvally
|-boost|p2a: Silvally|atk|2
|move|p1a: Grapploct|Power-Up Punch|p2a: Silvally
|-damage|p2a: Silvally|63/100
|-boost|p1a: Grapploct|atk|1
|
|upkeep
|turn|16
|
|move|p2a: Silvally|Multi-Attack|p1a: Grapploct
|-crit|p1a: Grapploct
|-damage|p1a: Grapploct|0 fnt
|faint|p1a: Grapploct
|
|upkeep
|
|switch|p1a: Duosion|Duosion, M|100/100
|turn|17
|c|☆ChandosH|I am so sorry
|
|move|p2a: Silvally|Multi-Attack|p1a: Duosion
|-crit|p1a: Duosion
|-damage|p1a: Duosion|0 fnt
|faint|p1a: Duosion
|
|upkeep
|-message|Blue.Moon.Cheese forfeited.
|
|win|ChandosH
|l|☆Blue.Moon.Cheese
|c|☆ChandosH|what is luck
|raw|Blue.Moon.Cheese's rating: 1176 &rarr; <strong>1146</strong><br />(-30 for losing)
|raw|ChandosH's rating: 1106 &rarr; <strong>1136</strong><br />(+30 for winning)
