|j|☆lukasjoel1
|j|☆GammaGoGamma
|inactive|Battle timer is ON: inactive players will automatically lose when time's up.
|t:|1633044402
|gametype|singles
|player|p1|lukasjoel1|richboy-gen4|
|player|p2|GammaGoGamma|giovanni|
|teamsize|p1|6
|teamsize|p2|6
|gen|8
|tier|[Gen 8] PU
|rated|Tournament battle
|rule|Sleep Clause Mod: Limit one foe put to sleep
|rule|Species Clause: Limit one of each Pokémon
|rule|OHKO Clause: OHKO moves are banned
|rule|Evasion Moves Clause: Evasion moves are banned
|rule|Endless Battle Clause: Forcing endless battles is banned
|rule|HP Percentage Mod: HP is shown in percentages
|rule|Dynamax Clause: You cannot dynamax
|clearpoke
|poke|p1|Scrafty, F|
|poke|p1|Lanturn, F|
|poke|p1|Sandaconda, M|
|poke|p1|Tsareena, F|
|poke|p1|Charizard, M|
|poke|p1|Aromatisse, M|
|poke|p2|Ferroseed, M|
|poke|p2|Gigalith, M|
|poke|p2|Jellicent, F|
|poke|p2|Passimian, M|
|poke|p2|Archeops, M|
|poke|p2|Charizard, F|
|teampreview
|j|*Lady Monita
|
|t:|1633044430
|start
|switch|p1a: Tsareena|Tsareena, F|100/100
|switch|p2a: Passimian|Passimian, M|100/100
|turn|1
|
|t:|1633044440
|switch|p1a: Sandaconda|Sandaconda, M|100/100
|move|p2a: Passimian|U-turn|p1a: Sandaconda
|-damage|p1a: Sandaconda|85/100
|-damage|p2a: Passimian|84/100|[from] item: Rocky Helmet|[of] p1a: Sandaconda
|
|t:|1633044447
|switch|p2a: Jellicent|Jellicent, F|100/100|[from]move: U-turn
|
|upkeep
|turn|2
|
|t:|1633044457
|switch|p1a: Tsareena|Tsareena, F|100/100
|move|p2a: Jellicent|Taunt|p1a: Tsareena
|-start|p1a: Tsareena|move: Taunt
|
|upkeep
|turn|3
|
|t:|1633044459
|move|p1a: Tsareena|Knock Off|p2a: Jellicent
|-supereffective|p2a: Jellicent
|-enditem|p2a: Jellicent|Colbur Berry|[eat]
|-enditem|p2a: Jellicent|Colbur Berry|[weaken]
|-damage|p2a: Jellicent|75/100
|move|p2a: Jellicent|Will-O-Wisp|p1a: Tsareena
|-status|p1a: Tsareena|brn
|
|-damage|p1a: Tsareena|95/100 brn|[from] brn
|upkeep
|turn|4
|
|t:|1633044465
|switch|p2a: Charizard|Charizard, F, shiny|100/100
|move|p1a: Tsareena|Power Whip|p2a: Charizard|[miss]
|-miss|p1a: Tsareena|p2a: Charizard
|
|-damage|p1a: Tsareena|89/100 brn|[from] brn
|-end|p1a: Tsareena|move: Taunt
|upkeep
|turn|5
|
|t:|1633044470
|switch|p2a: Ferroseed|Ferroseed, M, shiny|100/100
|switch|p1a: Lanturn|Lanturn, F|100/100
|
|upkeep
|turn|6
|
|t:|1633044473
|switch|p1a: Charizard|Charizard, M|100/100
|move|p2a: Ferroseed|Spikes|p1a: Charizard
|-sidestart|p1: lukasjoel1|Spikes
|
|upkeep
|turn|7
|
|t:|1633044475
|switch|p2a: Gigalith|Gigalith, M, shiny|100/100
|-weather|Sandstorm|[from] ability: Sand Stream|[of] p2a: Gigalith
|move|p1a: Charizard|Scorching Sands|p2a: Gigalith
|-supereffective|p2a: Gigalith
|-damage|p2a: Gigalith|77/100
|
|-weather|Sandstorm|[upkeep]
|-damage|p1a: Charizard|94/100|[from] Sandstorm
|-heal|p2a: Gigalith|83/100|[from] item: Leftovers
|upkeep
|turn|8
|
|t:|1633044479
|switch|p1a: Sandaconda|Sandaconda, M|85/100
|-damage|p1a: Sandaconda|73/100|[from] Spikes
|move|p2a: Gigalith|Toxic|p1a: Sandaconda|[miss]
|-miss|p2a: Gigalith|p1a: Sandaconda
|
|-weather|Sandstorm|[upkeep]
|-heal|p2a: Gigalith|89/100|[from] item: Leftovers
|upkeep
|turn|9
|
|t:|1633044484
|switch|p2a: Ferroseed|Ferroseed, M, shiny|100/100
|move|p1a: Sandaconda|Stealth Rock|p2a: Ferroseed
|-sidestart|p2: GammaGoGamma|move: Stealth Rock
|
|-weather|Sandstorm|[upkeep]
|upkeep
|turn|10
|
|t:|1633044486
|switch|p1a: Charizard|Charizard, M|94/100
|move|p2a: Ferroseed|Leech Seed|p1a: Charizard
|-start|p1a: Charizard|move: Leech Seed
|
|-weather|Sandstorm|[upkeep]
|-damage|p1a: Charizard|88/100|[from] Sandstorm
|-damage|p1a: Charizard|76/100|[from] Leech Seed|[of] p2a: Ferroseed
|upkeep
|turn|11
|
|t:|1633044488
|switch|p2a: Gigalith|Gigalith, M, shiny|89/100
|-damage|p2a: Gigalith|77/100|[from] Stealth Rock
|move|p1a: Charizard|Scorching Sands|p2a: Gigalith
|-supereffective|p2a: Gigalith
|-damage|p2a: Gigalith|56/100
|
|-weather|none
|-heal|p2a: Gigalith|62/100|[from] item: Leftovers
|-damage|p1a: Charizard|63/100|[from] Leech Seed|[of] p2a: Gigalith
|-heal|p2a: Gigalith|72/100|[silent]
|upkeep
|turn|12
|
|t:|1633044493
|switch|p1a: Sandaconda|Sandaconda, M|73/100
|-damage|p1a: Sandaconda|60/100|[from] Spikes
|move|p2a: Gigalith|Rock Blast|p1a: Sandaconda
|-resisted|p1a: Sandaconda
|-damage|p1a: Sandaconda|57/100
|-resisted|p1a: Sandaconda
|-damage|p1a: Sandaconda|54/100
|-hitcount|p1a: Sandaconda|2
|
|-heal|p2a: Gigalith|78/100|[from] item: Leftovers
|upkeep
|turn|13
|
|t:|1633044496
|switch|p2a: Ferroseed|Ferroseed, M, shiny|100/100
|-damage|p2a: Ferroseed|94/100|[from] Stealth Rock
|move|p1a: Sandaconda|Earthquake|p2a: Ferroseed
|-damage|p2a: Ferroseed|71/100
|
|upkeep
|turn|14
|
|t:|1633044498
|move|p1a: Sandaconda|Earthquake|p2a: Ferroseed
|-damage|p2a: Ferroseed|48/100
|move|p2a: Ferroseed|Leech Seed|p1a: Sandaconda
|-start|p1a: Sandaconda|move: Leech Seed
|
|-damage|p1a: Sandaconda|41/100|[from] Leech Seed|[of] p2a: Ferroseed
|-heal|p2a: Ferroseed|63/100|[silent]
|upkeep
|turn|15
|
|t:|1633044503
|switch|p1a: Charizard|Charizard, M|63/100
|move|p2a: Ferroseed|Protect||[still]
|-fail|p2a: Ferroseed
|
|upkeep
|turn|16
|
|t:|1633044505
|switch|p2a: Charizard|Charizard, F, shiny|100/100
|move|p1a: Charizard|Scorching Sands|p2a: Charizard
|-immune|p2a: Charizard
|
|upkeep
|turn|17
|
|t:|1633044508
|switch|p1a: Lanturn|Lanturn, F|100/100
|-damage|p1a: Lanturn|88/100|[from] Spikes
|move|p2a: Charizard|Hurricane|p1a: Lanturn|[miss]
|-miss|p2a: Charizard|p1a: Lanturn
|
|-heal|p1a: Lanturn|94/100|[from] item: Leftovers
|upkeep
|turn|18
|
|t:|1633044511
|switch|p2a: Ferroseed|Ferroseed, M, shiny|63/100
|-damage|p2a: Ferroseed|57/100|[from] Stealth Rock
|move|p1a: Lanturn|Volt Switch|p2a: Ferroseed
|-resisted|p2a: Ferroseed
|-damage|p2a: Ferroseed|48/100
|
|t:|1633044513
|switch|p1a: Charizard|Charizard, M|63/100|[from]move: Volt Switch
|
|upkeep
|turn|19
|
|t:|1633044515
|switch|p2a: Gigalith|Gigalith, M, shiny|78/100
|-damage|p2a: Gigalith|65/100|[from] Stealth Rock
|-weather|Sandstorm|[from] ability: Sand Stream|[of] p2a: Gigalith
|move|p1a: Charizard|Scorching Sands|p2a: Gigalith
|-supereffective|p2a: Gigalith
|-damage|p2a: Gigalith|42/100
|-status|p2a: Gigalith|brn
|
|-weather|Sandstorm|[upkeep]
|-damage|p1a: Charizard|57/100|[from] Sandstorm
|-heal|p2a: Gigalith|49/100 brn|[from] item: Leftovers
|-damage|p2a: Gigalith|42/100 brn|[from] brn
|upkeep
|turn|20
|
|t:|1633044521
|switch|p1a: Sandaconda|Sandaconda, M|41/100
|-damage|p1a: Sandaconda|29/100|[from] Spikes
|move|p2a: Gigalith|Stealth Rock|p1a: Sandaconda
|-sidestart|p1: lukasjoel1|move: Stealth Rock
|
|-weather|Sandstorm|[upkeep]
|-heal|p2a: Gigalith|49/100 brn|[from] item: Leftovers
|-damage|p2a: Gigalith|42/100 brn|[from] brn
|upkeep
|turn|21
|
|t:|1633044525
|switch|p2a: Ferroseed|Ferroseed, M, shiny|48/100
|-damage|p2a: Ferroseed|42/100|[from] Stealth Rock
|move|p1a: Sandaconda|Rest|p1a: Sandaconda
|-status|p1a: Sandaconda|slp|[from] move: Rest
|-heal|p1a: Sandaconda|100/100 slp|[silent]
|
|-weather|Sandstorm|[upkeep]
|-activate|p1a: Sandaconda|ability: Shed Skin
|-curestatus|p1a: Sandaconda|slp|[msg]
|upkeep
|turn|22
|
|t:|1633044528
|switch|p1a: Charizard|Charizard, M|57/100
|move|p2a: Ferroseed|Leech Seed|p1a: Charizard
|-start|p1a: Charizard|move: Leech Seed
|
|-weather|Sandstorm|[upkeep]
|-damage|p1a: Charizard|51/100|[from] Sandstorm
|-damage|p1a: Charizard|39/100|[from] Leech Seed|[of] p2a: Ferroseed
|-heal|p2a: Ferroseed|54/100|[silent]
|upkeep
|turn|23
|
|t:|1633044533
|move|p2a: Ferroseed|Protect|p2a: Ferroseed
|-singleturn|p2a: Ferroseed|Protect
|move|p1a: Charizard|Roost|p1a: Charizard
|-heal|p1a: Charizard|89/100
|-singleturn|p1a: Charizard|move: Roost
|
|-weather|none
|-damage|p1a: Charizard|77/100|[from] Leech Seed|[of] p2a: Ferroseed
|-heal|p2a: Ferroseed|67/100|[silent]
|upkeep
|turn|24
|
|t:|1633044537
|switch|p1a: Scrafty|Scrafty, F|100/100
|-damage|p1a: Scrafty|95/100|[from] Stealth Rock
|-damage|p1a: Scrafty|82/100|[from] Spikes
|switch|p2a: Gigalith|Gigalith, M, shiny|42/100 brn
|-damage|p2a: Gigalith|30/100 brn|[from] Stealth Rock
|-weather|Sandstorm|[from] ability: Sand Stream|[of] p2a: Gigalith
|
|-weather|Sandstorm|[upkeep]
|-damage|p1a: Scrafty|76/100|[from] Sandstorm
|-heal|p1a: Scrafty|82/100|[from] item: Leftovers
|-heal|p2a: Gigalith|36/100 brn|[from] item: Leftovers
|-damage|p2a: Gigalith|30/100 brn|[from] brn
|upkeep
|turn|25
|
|t:|1633044544
|switch|p2a: Charizard|Charizard, F, shiny|100/100
|move|p1a: Scrafty|Dragon Dance|p1a: Scrafty
|-boost|p1a: Scrafty|atk|1
|-boost|p1a: Scrafty|spe|1
|
|-weather|Sandstorm|[upkeep]
|-damage|p2a: Charizard|94/100|[from] Sandstorm
|-damage|p1a: Scrafty|76/100|[from] Sandstorm
|-heal|p1a: Scrafty|82/100|[from] item: Leftovers
|upkeep
|turn|26
|
|t:|1633044547
|switch|p1a: Lanturn|Lanturn, F|94/100
|-damage|p1a: Lanturn|82/100|[from] Spikes
|-damage|p1a: Lanturn|69/100|[from] Stealth Rock
|move|p2a: Charizard|Hurricane|p1a: Lanturn
|-resisted|p1a: Lanturn
|-damage|p1a: Lanturn|49/100
|
|-weather|Sandstorm|[upkeep]
|-damage|p2a: Charizard|88/100|[from] Sandstorm
|-damage|p1a: Lanturn|43/100|[from] Sandstorm
|-heal|p1a: Lanturn|49/100|[from] item: Leftovers
|upkeep
|turn|27
|
|t:|1633044556
|switch|p2a: Gigalith|Gigalith, M, shiny|30/100 brn
|-damage|p2a: Gigalith|18/100 brn|[from] Stealth Rock
|move|p1a: Lanturn|Volt Switch|p2a: Gigalith
|-damage|p2a: Gigalith|8/100 brn
|
|t:|1633044558
|switch|p1a: Tsareena|Tsareena, F|89/100 brn|[from]move: Volt Switch
|
|-weather|Sandstorm|[upkeep]
|-damage|p1a: Tsareena|83/100 brn|[from] Sandstorm
|-heal|p2a: Gigalith|14/100 brn|[from] item: Leftovers
|-damage|p1a: Tsareena|77/100 brn|[from] brn
|-damage|p2a: Gigalith|8/100 brn|[from] brn
|upkeep
|turn|28
|
|t:|1633044563
|switch|p2a: Jellicent|Jellicent, F|75/100
|-damage|p2a: Jellicent|63/100|[from] Stealth Rock
|move|p1a: Tsareena|Rapid Spin|p2a: Jellicent
|-immune|p2a: Jellicent
|
|-weather|none
|-damage|p1a: Tsareena|71/100 brn|[from] brn
|upkeep
|turn|29
|
|t:|1633044565
|move|p1a: Tsareena|Power Whip|p2a: Jellicent
|-supereffective|p2a: Jellicent
|-damage|p2a: Jellicent|14/100
|move|p2a: Jellicent|Recover|p2a: Jellicent
|-heal|p2a: Jellicent|64/100
|
|-damage|p1a: Tsareena|65/100 brn|[from] brn
|upkeep
|turn|30
|
|t:|1633044576
|move|p1a: Tsareena|U-turn|p2a: Jellicent
|-resisted|p2a: Jellicent
|-damage|p2a: Jellicent|59/100
|
|t:|1633044579
|switch|p1a: Aromatisse|Aromatisse, M|100/100|[from]move: U-turn
|-damage|p1a: Aromatisse|88/100|[from] Spikes
|-damage|p1a: Aromatisse|76/100|[from] Stealth Rock
|move|p2a: Jellicent|Hex|p1a: Aromatisse
|-damage|p1a: Aromatisse|64/100
|
|-heal|p1a: Aromatisse|70/100|[from] item: Leftovers
|upkeep
|turn|31
|
|t:|1633044584
|move|p1a: Aromatisse|Protect|p1a: Aromatisse
|-singleturn|p1a: Aromatisse|Protect
|move|p2a: Jellicent|Taunt|p1a: Aromatisse
|-activate|p1a: Aromatisse|move: Protect
|
|-heal|p1a: Aromatisse|76/100|[from] item: Leftovers
|upkeep
|turn|32
|
|t:|1633044592
|switch|p2a: Ferroseed|Ferroseed, M, shiny|67/100
|-damage|p2a: Ferroseed|61/100|[from] Stealth Rock
|switch|p1a: Scrafty|Scrafty, F|82/100
|-damage|p1a: Scrafty|76/100|[from] Stealth Rock
|-damage|p1a: Scrafty|64/100|[from] Spikes
|
|-heal|p1a: Scrafty|70/100|[from] item: Leftovers
|upkeep
|turn|33
|
|t:|1633044600
|switch|p2a: Gigalith|Gigalith, M, shiny|8/100 brn
|-damage|p2a: Gigalith|0 fnt|[from] Stealth Rock
|faint|p2a: Gigalith
|move|p1a: Scrafty|Knock Off|p2: Gigalith|[notarget]
|-fail|p1a: Scrafty
|
|-heal|p1a: Scrafty|76/100|[from] item: Leftovers
|upkeep
|
|t:|1633044608
|switch|p2a: Charizard|Charizard, F, shiny|88/100
|turn|34
|
|t:|1633044615
|switch|p1a: Charizard|Charizard, M|77/100
|move|p2a: Charizard|Hurricane|p1a: Charizard
|-damage|p1a: Charizard|6/100
|
|upkeep
|turn|35
|
|t:|1633044620
|move|p1a: Charizard|Hurricane|p2a: Charizard|[miss]
|-miss|p1a: Charizard|p2a: Charizard
|move|p2a: Charizard|Fire Blast|p1a: Charizard
|-resisted|p1a: Charizard
|-damage|p1a: Charizard|0 fnt
|faint|p1a: Charizard
|
|upkeep
|
|t:|1633044624
|switch|p1a: Aromatisse|Aromatisse, M|76/100
|-damage|p1a: Aromatisse|64/100|[from] Spikes
|-damage|p1a: Aromatisse|52/100|[from] Stealth Rock
|turn|36
|
|t:|1633044626
|move|p2a: Charizard|Fire Blast|p1a: Aromatisse
|-damage|p1a: Aromatisse|16/100
|-status|p1a: Aromatisse|brn
|move|p1a: Aromatisse|Wish|p1a: Aromatisse
|
|-heal|p1a: Aromatisse|22/100 brn|[from] item: Leftovers
|-damage|p1a: Aromatisse|16/100 brn|[from] brn
|upkeep
|turn|37
|
|t:|1633044632
|switch|p2a: Archeops|Archeops, M|100/100
|move|p1a: Aromatisse|Aromatherapy|p1a: Aromatisse
|-activate|p1a: Aromatisse|move: Aromatherapy
|-curestatus|p1a: Aromatisse|brn|[msg]
|-curestatus|p1: Tsareena|brn|[msg]
|
|-heal|p1a: Aromatisse|66/100|[from] move: Wish|[wisher] Aromatisse
|-heal|p1a: Aromatisse|72/100|[from] item: Leftovers
|upkeep
|turn|38
|
|t:|1633044636
|move|p2a: Archeops|Stone Edge|p1a: Aromatisse
|-damage|p1a: Aromatisse|12/100
|move|p1a: Aromatisse|Wish|p1a: Aromatisse
|
|-heal|p1a: Aromatisse|18/100|[from] item: Leftovers
|upkeep
|turn|39
|
|t:|1633044640
|move|p1a: Aromatisse|Protect|p1a: Aromatisse
|-singleturn|p1a: Aromatisse|Protect
|move|p2a: Archeops|Earthquake|p1a: Aromatisse
|-activate|p1a: Aromatisse|move: Protect
|
|-heal|p1a: Aromatisse|68/100|[from] move: Wish|[wisher] Aromatisse
|-heal|p1a: Aromatisse|74/100|[from] item: Leftovers
|upkeep
|turn|40
|
|t:|1633044642
|move|p2a: Archeops|Stone Edge|p1a: Aromatisse|[miss]
|-miss|p2a: Archeops|p1a: Aromatisse
|move|p1a: Aromatisse|Wish|p1a: Aromatisse
|
|-heal|p1a: Aromatisse|81/100|[from] item: Leftovers
|upkeep
|turn|41
|
|t:|1633044646
|switch|p1a: Tsareena|Tsareena, F|65/100
|move|p2a: Archeops|U-turn|p1a: Tsareena
|-supereffective|p1a: Tsareena
|-damage|p1a: Tsareena|7/100
|
|t:|1633044651
|switch|p2a: Charizard|Charizard, F, shiny|88/100|[from]move: U-turn
|
|-heal|p1a: Tsareena|78/100|[from] move: Wish|[wisher] Aromatisse
|upkeep
|turn|42
|
|t:|1633044654
|switch|p1a: Aromatisse|Aromatisse, M|81/100
|-damage|p1a: Aromatisse|68/100|[from] Spikes
|-damage|p1a: Aromatisse|56/100|[from] Stealth Rock
|move|p2a: Charizard|Fire Blast|p1a: Aromatisse
|-crit|p1a: Aromatisse
|-damage|p1a: Aromatisse|7/100
|
|-heal|p1a: Aromatisse|13/100|[from] item: Leftovers
|upkeep
|turn|43
|
|t:|1633044665
|move|p1a: Aromatisse|Protect|p1a: Aromatisse
|-singleturn|p1a: Aromatisse|Protect
|move|p2a: Charizard|Fire Blast|p1a: Aromatisse
|-activate|p1a: Aromatisse|move: Protect
|
|-heal|p1a: Aromatisse|19/100|[from] item: Leftovers
|upkeep
|turn|44
|
|t:|1633044667
|move|p2a: Charizard|Fire Blast|p1a: Aromatisse
|-damage|p1a: Aromatisse|0 fnt
|faint|p1a: Aromatisse
|
|upkeep
|
|t:|1633044669
|switch|p1a: Lanturn|Lanturn, F|49/100
|-damage|p1a: Lanturn|36/100|[from] Spikes
|-damage|p1a: Lanturn|24/100|[from] Stealth Rock
|turn|45
|
|t:|1633044676
|switch|p2a: Ferroseed|Ferroseed, M, shiny|61/100
|-damage|p2a: Ferroseed|55/100|[from] Stealth Rock
|move|p1a: Lanturn|Volt Switch|p2a: Ferroseed
|-resisted|p2a: Ferroseed
|-damage|p2a: Ferroseed|45/100
|
|t:|1633044679
|switch|p1a: Tsareena|Tsareena, F|78/100|[from]move: Volt Switch
|
|upkeep
|turn|46
|
|t:|1633044682
|switch|p2a: Jellicent|Jellicent, F|59/100
|-damage|p2a: Jellicent|47/100|[from] Stealth Rock
|move|p1a: Tsareena|Knock Off|p2a: Jellicent
|-supereffective|p2a: Jellicent
|-damage|p2a: Jellicent|10/100
|-start|p1a: Tsareena|Disable|Knock Off|[from] ability: Cursed Body|[of] p2a: Jellicent
|
|upkeep
|turn|47
|
|t:|1633044686
|move|p1a: Tsareena|Power Whip|p2a: Jellicent
|-supereffective|p2a: Jellicent
|-damage|p2a: Jellicent|0 fnt
|faint|p2a: Jellicent
|
|upkeep
|
|t:|1633044687
|switch|p2a: Charizard|Charizard, F, shiny|88/100
|turn|48
|
|t:|1633044692
|switch|p1a: Lanturn|Lanturn, F|24/100
|-damage|p1a: Lanturn|11/100|[from] Stealth Rock
|-damage|p1a: Lanturn|0 fnt|[from] Spikes
|faint|p1a: Lanturn
|move|p2a: Charizard|Fire Blast|p1: Lanturn|[notarget]
|-fail|p2a: Charizard
|
|upkeep
|
|t:|1633044694
|switch|p1a: Sandaconda|Sandaconda, M|100/100
|-damage|p1a: Sandaconda|88/100|[from] Spikes
|-damage|p1a: Sandaconda|82/100|[from] Stealth Rock
|turn|49
|
|t:|1633044699
|switch|p2a: Ferroseed|Ferroseed, M, shiny|45/100
|-damage|p2a: Ferroseed|39/100|[from] Stealth Rock
|move|p1a: Sandaconda|Glare|p2a: Ferroseed
|-status|p2a: Ferroseed|par
|
|upkeep
|turn|50
|
|t:|1633044704
|switch|p1a: Tsareena|Tsareena, F|78/100
|move|p2a: Ferroseed|Leech Seed|p1a: Tsareena
|-immune|p1a: Tsareena
|
|upkeep
|turn|51
|
|t:|1633044707
|move|p1a: Tsareena|Rapid Spin|p2a: Ferroseed
|-resisted|p2a: Ferroseed
|-damage|p2a: Ferroseed|35/100 par
|-boost|p1a: Tsareena|spe|1
|-damage|p1a: Tsareena|66/100|[from] ability: Iron Barbs|[of] p2a: Ferroseed
|-sideend|p1: lukasjoel1|Spikes|[from] move: Rapid Spin|[of] p1a: Tsareena
|-sideend|p1: lukasjoel1|Stealth Rock|[from] move: Rapid Spin|[of] p1a: Tsareena
|move|p2a: Ferroseed|Gyro Ball|p1a: Tsareena
|-damage|p1a: Tsareena|31/100
|
|upkeep
|turn|52
|
|t:|1633044714
|move|p1a: Tsareena|Knock Off|p2a: Ferroseed
|-damage|p2a: Ferroseed|16/100 par
|-damage|p1a: Tsareena|19/100|[from] ability: Iron Barbs|[of] p2a: Ferroseed
|-enditem|p2a: Ferroseed|Eviolite|[from] move: Knock Off|[of] p1a: Tsareena
|move|p2a: Ferroseed|Gyro Ball|p1a: Tsareena
|-damage|p1a: Tsareena|0 fnt
|faint|p1a: Tsareena
|
|upkeep
|
|t:|1633044716
|switch|p1a: Scrafty|Scrafty, F|76/100
|turn|53
|
|t:|1633044718
|switch|p2a: Passimian|Passimian, M|84/100
|-damage|p2a: Passimian|78/100|[from] Stealth Rock
|move|p1a: Scrafty|Dragon Dance|p1a: Scrafty
|-boost|p1a: Scrafty|atk|1
|-boost|p1a: Scrafty|spe|1
|
|-heal|p1a: Scrafty|82/100|[from] item: Leftovers
|upkeep
|turn|54
|
|t:|1633044721
|move|p2a: Passimian|Close Combat|p1a: Scrafty
|-supereffective|p1a: Scrafty
|-damage|p1a: Scrafty|0 fnt
|-unboost|p2a: Passimian|def|1
|-unboost|p2a: Passimian|spd|1
|faint|p1a: Scrafty
|
|upkeep
|
|t:|1633044724
|switch|p1a: Sandaconda|Sandaconda, M|82/100
|turn|55
|
|t:|1633044731
|move|p2a: Passimian|Close Combat|p1a: Sandaconda
|-damage|p1a: Sandaconda|48/100
|-unboost|p2a: Passimian|def|1
|-unboost|p2a: Passimian|spd|1
|-damage|p2a: Passimian|61/100|[from] item: Rocky Helmet|[of] p1a: Sandaconda
|move|p1a: Sandaconda|Earthquake|p2a: Passimian
|-damage|p2a: Passimian|0 fnt
|faint|p2a: Passimian
|
|upkeep
|
|t:|1633044734
|switch|p2a: Charizard|Charizard, F, shiny|88/100
|turn|56
|
|t:|1633044739
|move|p2a: Charizard|Fire Blast|p1a: Sandaconda
|-damage|p1a: Sandaconda|0 fnt
|faint|p1a: Sandaconda
|
|win|GammaGoGamma
|n|☆lukasjoel1|lukasjoel1
|n|☆GammaGoGamma|gammagogamma
|n|*Lady Monita|ladymonita
|l|*Lady Monita
|l|☆lukasjoel1
