|j|☆Jnho
|j|☆Joke sets
|t:|1660930037
|gametype|singles
|player|p1|Jnho|backpacker|1324
|player|p2|Joke sets|1|1402
|teamsize|p1|6
|teamsize|p2|6
|gen|8
|tier|[Gen 8] PU
|rated|
|rule|Sleep Clause Mod: Limit one foe put to sleep
|rule|Species Clause: Limit one of each Pokémon
|rule|OHKO Clause: OHKO moves are banned
|rule|Evasion Items Clause: Evasion items are banned
|rule|Evasion Moves Clause: Evasion moves are banned
|rule|Endless Battle Clause: Forcing endless battles is banned
|rule|HP Percentage Mod: HP is shown in percentages
|rule|Dynamax Clause: You cannot dynamax
|clearpoke
|poke|p1|Haunter, F|
|poke|p1|Sandaconda, M|
|poke|p1|Wishiwashi, M|
|poke|p1|Gallade, M|
|poke|p1|Whimsicott, M|
|poke|p1|Aggron, F|
|poke|p2|Rhydon, M|
|poke|p2|Charizard, M|
|poke|p2|Vikavolt, F|
|poke|p2|Doublade, M|
|poke|p2|Shiftry, F|
|poke|p2|Poliwrath, M|
|teampreview
|inactive|Battle timer is ON: inactive players will automatically lose when time's up. (requested by Jnho)
|inactive|Jnho has 120 seconds left.
|
|t:|1660930087
|start
|switch|p1a: Gallade|Gallade, M|100/100
|switch|p2a: Vikavolt|Vikavolt, F|100/100
|turn|1
|
|t:|1660930093
|move|p1a: Gallade|Close Combat|p2a: Vikavolt
|-resisted|p2a: Vikavolt
|-damage|p2a: Vikavolt|60/100
|-unboost|p1a: Gallade|def|1
|-unboost|p1a: Gallade|spd|1
|move|p2a: Vikavolt|Bug Buzz|p1a: Gallade
|-damage|p1a: Gallade|10/100
|-enditem|p2a: Vikavolt|Throat Spray
|-boost|p2a: Vikavolt|spa|1|[from] item: Throat Spray
|
|upkeep
|turn|2
|
|t:|1660930106
|switch|p1a: Wishiwashi|Wishiwashi, M|100/100
|-formechange|p1a: Wishiwashi|Wishiwashi-School||[from] ability: Schooling
|move|p2a: Vikavolt|Agility|p2a: Vikavolt
|-boost|p2a: Vikavolt|spe|2
|
|upkeep
|turn|3
|
|t:|1660930115
|move|p2a: Vikavolt|Thunderbolt|p1a: Wishiwashi
|-supereffective|p1a: Wishiwashi
|-damage|p1a: Wishiwashi|0 fnt
|faint|p1a: Wishiwashi
|
|upkeep
|
|t:|1660930119
|switch|p1a: Whimsicott|Whimsicott, M|100/100
|turn|4
|
|t:|1660930132
|move|p1a: Whimsicott|Encore|p2a: Vikavolt
|-start|p2a: Vikavolt|Encore
|move|p2a: Vikavolt|Thunderbolt|p1a: Whimsicott
|-resisted|p1a: Whimsicott
|-damage|p1a: Whimsicott|46/100
|
|-heal|p1a: Whimsicott|52/100|[from] item: Leftovers
|upkeep
|turn|5
|
|t:|1660930144
|switch|p2a: Poliwrath|Poliwrath, M|100/100
|switch|p1a: Sandaconda|Sandaconda, M|100/100
|
|upkeep
|turn|6
|inactive|Jnho has 120 seconds left.
|inactive|Jnho has 90 seconds left.
|inactive|Jnho has 60 seconds left.
|inactive|Jnho has 30 seconds left.
|inactive|Jnho has 20 seconds left.
|
|t:|1660930277
|move|p2a: Poliwrath|Liquidation|p1a: Sandaconda
|-supereffective|p1a: Sandaconda
|-damage|p1a: Sandaconda|56/100
|move|p1a: Sandaconda|Glare|p2a: Poliwrath
|-status|p2a: Poliwrath|par
|
|-heal|p1a: Sandaconda|62/100|[from] item: Leftovers
|upkeep
|turn|7
|inactive|Jnho has 30 seconds left this turn.
|
|t:|1660930284
|move|p2a: Poliwrath|Liquidation|p1a: Sandaconda
|-supereffective|p1a: Sandaconda
|-damage|p1a: Sandaconda|17/100
|move|p1a: Sandaconda|Coil|p1a: Sandaconda
|-boost|p1a: Sandaconda|atk|1
|-boost|p1a: Sandaconda|def|1
|-boost|p1a: Sandaconda|accuracy|1
|
|-heal|p1a: Sandaconda|23/100|[from] item: Leftovers
|upkeep
|turn|8
|
|t:|1660930292
|move|p2a: Poliwrath|Liquidation|p1a: Sandaconda
|-supereffective|p1a: Sandaconda
|-damage|p1a: Sandaconda|0 fnt
|faint|p1a: Sandaconda
|
|upkeep
|inactive|Jnho has 30 seconds left.
|
|t:|1660930306
|switch|p1a: Haunter|Haunter, F|100/100
|turn|9
|c|☆Jnho|it may sound like a lie
|inactive|Jnho has 30 seconds left.
|inactive|Jnho has 20 seconds left.
|c|☆Jnho|but i let my english profesor play  the first 2 turns
|inactive|Jnho has 15 seconds left.
|c|☆Jnho|gg
|inactive|Jnho has 10 seconds left.
|
|t:|1660930337
|switch|p2a: Rhydon|Rhydon, M|100/100
|move|p1a: Haunter|Shadow Ball|p2a: Rhydon
|-damage|p2a: Rhydon|22/100
|
|upkeep
|turn|10
|inactive|Jnho has 20 seconds left this turn.
|c|☆Joke sets|GG
|c|☆Joke sets|specs haunter is cool though
|c|☆Jnho|ty
|c|☆Jnho|the new vaniolluxe
|
|t:|1660930356
|switch|p2a: Shiftry|Shiftry, F|100/100
|move|p1a: Haunter|Shadow Ball|p2a: Shiftry
|-resisted|p2a: Shiftry
|-damage|p2a: Shiftry|47/100
|
|upkeep
|turn|11
|inactive|Jnho has 30 seconds left this turn.
|
|t:|1660930369
|switch|p1a: Gallade|Gallade, M|10/100
|move|p2a: Shiftry|Sucker Punch||[still]
|-fail|p2a: Shiftry
|
|upkeep
|turn|12
|
|t:|1660930374
|switch|p1a: Whimsicott|Whimsicott, M|52/100
|move|p2a: Shiftry|Sucker Punch||[still]
|-fail|p2a: Shiftry
|
|-heal|p1a: Whimsicott|59/100|[from] item: Leftovers
|upkeep
|turn|13
|
|t:|1660930381
|switch|p2a: Charizard|Charizard, M|100/100
|move|p1a: Whimsicott|U-turn|p2a: Charizard
|-resisted|p2a: Charizard
|-damage|p2a: Charizard|97/100
|
|t:|1660930384
|switch|p1a: Gallade|Gallade, M|10/100|[from]move: U-turn
|
|upkeep
|turn|14
|
|t:|1660930391
|switch|p2a: Rhydon|Rhydon, M|22/100
|move|p1a: Gallade|Stone Edge|p2a: Rhydon
|-resisted|p2a: Rhydon
|-damage|p2a: Rhydon|11/100
|
|upkeep
|turn|15
|
|t:|1660930399
|move|p1a: Gallade|Stone Edge|p2a: Rhydon
|-resisted|p2a: Rhydon
|-damage|p2a: Rhydon|1/100
|move|p2a: Rhydon|Stealth Rock|p1a: Gallade
|-sidestart|p1: Jnho|move: Stealth Rock
|
|upkeep
|turn|16
|
|t:|1660930407
|switch|p1a: Haunter|Haunter, F|100/100
|-damage|p1a: Haunter|88/100|[from] Stealth Rock
|move|p2a: Rhydon|Heat Crash|p1a: Haunter
|-damage|p1a: Haunter|0 fnt
|faint|p1a: Haunter
|
|upkeep
|
|t:|1660930411
|switch|p1a: Gallade|Gallade, M|10/100
|-damage|p1a: Gallade|4/100|[from] Stealth Rock
|turn|17
|
|t:|1660930417
|move|p1a: Gallade|Knock Off|p2a: Rhydon
|-damage|p2a: Rhydon|0 fnt
|-enditem|p2a: Rhydon|Eviolite|[from] move: Knock Off|[of] p1a: Gallade
|faint|p2a: Rhydon
|
|upkeep
|
|t:|1660930425
|switch|p2a: Doublade|Doublade, M|100/100
|turn|18
|
|t:|1660930429
|move|p2a: Doublade|Shadow Sneak|p1a: Gallade
|-supereffective|p1a: Gallade
|-damage|p1a: Gallade|0 fnt
|faint|p1a: Gallade
|
|upkeep
|
|t:|1660930440
|switch|p1a: Whimsicott|Whimsicott, M|59/100
|-damage|p1a: Whimsicott|46/100|[from] Stealth Rock
|turn|19
|
|t:|1660930444
|move|p1a: Whimsicott|Defog|p2a: Doublade
|-unboost|p2a: Doublade|evasion|1
|-sideend|p1: Jnho|Stealth Rock|[from] move: Defog|[of] p1a: Whimsicott
|move|p2a: Doublade|Shadow Claw|p1a: Whimsicott
|-crit|p1a: Whimsicott
|-damage|p1a: Whimsicott|0 fnt
|faint|p1a: Whimsicott
|
|upkeep
|
|t:|1660930446
|switch|p1a: Aggron|Aggron, F|100/100
|turn|20
|
|t:|1660930452
|move|p1a: Aggron|Stealth Rock|p2a: Doublade
|-sidestart|p2: Joke sets|move: Stealth Rock
|move|p2a: Doublade|Sacred Sword|p1a: Aggron
|-supereffective|p1a: Aggron
|-damage|p1a: Aggron|30/100
|
|-heal|p1a: Aggron|36/100|[from] item: Leftovers
|upkeep
|turn|21
|
|t:|1660930466
|move|p1a: Aggron|Head Smash|p2a: Doublade
|-resisted|p2a: Doublade
|-damage|p2a: Doublade|86/100
|move|p2a: Doublade|Sacred Sword|p1a: Aggron
|-supereffective|p1a: Aggron
|-damage|p1a: Aggron|0 fnt
|faint|p1a: Aggron
|
|win|Joke sets
|raw|Jnho's rating: 1324 &rarr; <strong>1308</strong><br />(-16 for losing)
|raw|Joke sets's rating: 1402 &rarr; <strong>1418</strong><br />(+16 for winning)
|l|☆Jnho
||Ladder isn't responding, score probably updated but might not have (Request timeout).
