|j|☆weidson
|j|☆Nocterem
|t:|1649027512
|gametype|singles
|player|p1|weidson|102|1303
|player|p2|Nocterem|blue-gen2|1386
|teamsize|p1|6
|teamsize|p2|6
|gen|8
|tier|[Gen 8] PU
|rated|
|rule|Sleep Clause Mod: Limit one foe put to sleep
|rule|Species Clause: Limit one of each Pokémon
|rule|OHKO Clause: OHKO moves are banned
|rule|Evasion Moves Clause: Evasion moves are banned
|rule|Endless Battle Clause: Forcing endless battles is banned
|rule|HP Percentage Mod: HP is shown in percentages
|rule|Dynamax Clause: You cannot dynamax
|clearpoke
|poke|p1|Roselia, M|
|poke|p1|Palpitoad, M|
|poke|p1|Silvally-*|
|poke|p1|Mawile, M|
|poke|p1|Mr. Mime, F|
|poke|p1|Falinks|
|poke|p2|Pyukumuku, M|
|poke|p2|Rotom-Fan|
|poke|p2|Lurantis, F|
|poke|p2|Lycanroc-Midnight, M|
|poke|p2|Malamar, M|
|poke|p2|Silvally-*|
|teampreview
|
|t:|1649027524
|start
|switch|p1a: Palpitoad|Palpitoad, M|100/100
|switch|p2a: Lurantis|Lurantis, F|100/100
|turn|1
|
|t:|1649027534
|switch|p1a: Mawile|Mawile, M|100/100
|switch|p2a: Rotom|Rotom-Fan, shiny|100/100
|
|upkeep
|turn|2
|
|t:|1649027539
|switch|p1a: Palpitoad|Palpitoad, M|100/100
|move|p2a: Rotom|Will-O-Wisp|p1a: Palpitoad
|-status|p1a: Palpitoad|brn
|
|-damage|p1a: Palpitoad|94/100 brn|[from] brn
|upkeep
|turn|3
|
|t:|1649027543
|switch|p2a: Lurantis|Lurantis, F|100/100
|move|p1a: Palpitoad|Toxic|p2a: Lurantis
|-status|p2a: Lurantis|tox
|
|-damage|p2a: Lurantis|94/100 tox|[from] psn
|-damage|p1a: Palpitoad|88/100 brn|[from] brn
|upkeep
|turn|4
|
|t:|1649027548
|switch|p1a: Mawile|Mawile, M|100/100
|move|p2a: Lurantis|Aromatherapy|p2a: Lurantis
|-activate|p2a: Lurantis|move: Aromatherapy
|-curestatus|p2a: Lurantis|tox|[msg]
|
|upkeep
|turn|5
|j| GregariousGrant
|
|t:|1649027555
|switch|p2a: Rotom|Rotom-Fan, shiny|100/100
|move|p1a: Mawile|Play Rough|p2a: Rotom
|-damage|p2a: Rotom|54/100
|-damage|p1a: Mawile|84/100|[from] item: Rocky Helmet|[of] p2a: Rotom
|
|upkeep
|turn|6
|
|t:|1649027566
|switch|p1a: Palpitoad|Palpitoad, M|88/100 brn
|move|p2a: Rotom|Pain Split|p1a: Palpitoad
|-sethp|p1a: Palpitoad|67/100 brn|[from] move: Pain Split|[silent]
|-sethp|p2a: Rotom|78/100|[from] move: Pain Split
|
|-damage|p1a: Palpitoad|61/100 brn|[from] brn
|upkeep
|turn|7
|
|t:|1649027588
|move|p2a: Rotom|Air Slash|p1a: Palpitoad
|-crit|p1a: Palpitoad
|-damage|p1a: Palpitoad|16/100 brn
|move|p1a: Palpitoad|Toxic|p2a: Rotom
|-status|p2a: Rotom|tox
|
|-damage|p2a: Rotom|72/100 tox|[from] psn
|-damage|p1a: Palpitoad|10/100 brn|[from] brn
|upkeep
|turn|8
|
|t:|1649027595
|switch|p1a: Mr. Mime|Mr. Mime, F|100/100
|move|p2a: Rotom|Air Slash|p1a: Mr. Mime
|-damage|p1a: Mr. Mime|67/100
|
|-damage|p2a: Rotom|59/100 tox|[from] psn
|upkeep
|turn|9
|l| GregariousGrant
|
|t:|1649027600
|switch|p2a: Pyukumuku|Pyukumuku, M|100/100
|move|p1a: Mr. Mime|Dazzling Gleam|p2a: Pyukumuku
|-damage|p2a: Pyukumuku|74/100
|
|-heal|p2a: Pyukumuku|80/100|[from] item: Leftovers
|upkeep
|turn|10
|
|t:|1649027607
|switch|p1a: Palpitoad|Palpitoad, M|10/100 brn
|move|p2a: Pyukumuku|Toxic||[still]
|-fail|p2a: Pyukumuku
|
|-heal|p2a: Pyukumuku|86/100|[from] item: Leftovers
|-damage|p1a: Palpitoad|4/100 brn|[from] brn
|upkeep
|turn|11
|
|t:|1649027611
|switch|p2a: Lurantis|Lurantis, F|94/100
|move|p1a: Palpitoad|Stealth Rock|p2a: Lurantis
|-sidestart|p2: Nocterem|move: Stealth Rock
|
|-damage|p1a: Palpitoad|0 fnt|[from] brn
|faint|p1a: Palpitoad
|upkeep
|
|t:|1649027616
|switch|p1a: Roselia|Roselia, M|100/100
|turn|12
|
|t:|1649027620
|switch|p2a: Pyukumuku|Pyukumuku, M|86/100
|-damage|p2a: Pyukumuku|73/100|[from] Stealth Rock
|move|p1a: Roselia|Sludge Bomb|p2a: Pyukumuku
|-damage|p2a: Pyukumuku|44/100
|
|-heal|p2a: Pyukumuku|50/100|[from] item: Leftovers
|upkeep
|turn|13
|
|t:|1649027627
|move|p1a: Roselia|Leaf Storm|p2a: Pyukumuku
|-supereffective|p2a: Pyukumuku
|-damage|p2a: Pyukumuku|0 fnt
|-unboost|p1a: Roselia|spa|2
|faint|p2a: Pyukumuku
|
|upkeep
|
|t:|1649027640
|switch|p2a: Silvally|Silvally, shiny|100/100
|-damage|p2a: Silvally|88/100|[from] Stealth Rock
|turn|14
|
|t:|1649027644
|switch|p1a: Mawile|Mawile, M|84/100
|move|p2a: Silvally|Swords Dance|p2a: Silvally
|-boost|p2a: Silvally|atk|2
|
|upkeep
|turn|15
|
|t:|1649027648
|move|p2a: Silvally|Multi-Attack|p1a: Mawile
|-resisted|p1a: Mawile
|-damage|p1a: Mawile|0 fnt
|faint|p1a: Mawile
|-damage|p2a: Silvally|78/100|[from] item: Life Orb
|
|upkeep
|
|t:|1649027661
|switch|p1a: Silvally|Silvally-Rock|100/100
|turn|16
|
|t:|1649027663
|move|p1a: Silvally|Multi-Attack|p2a: Silvally
|-damage|p2a: Silvally|36/100
|move|p2a: Silvally|Grass Pledge|p1a: Silvally
|-supereffective|p1a: Silvally
|-damage|p1a: Silvally|56/100
|-damage|p2a: Silvally|26/100|[from] item: Life Orb
|
|upkeep
|turn|17
|
|t:|1649027672
|switch|p2a: Rotom|Rotom-Fan, shiny|59/100 tox
|-damage|p2a: Rotom|34/100 tox|[from] Stealth Rock
|move|p1a: Silvally|Multi-Attack|p2a: Rotom
|-supereffective|p2a: Rotom
|-damage|p2a: Rotom|0 fnt
|-damage|p1a: Silvally|40/100|[from] item: Rocky Helmet|[of] p2a: Rotom
|faint|p2a: Rotom
|
|upkeep
|
|t:|1649027678
|switch|p2a: Lurantis|Lurantis, F|94/100
|turn|18
|
|t:|1649027683
|move|p1a: Silvally|U-turn|p2a: Lurantis
|-supereffective|p2a: Lurantis
|-damage|p2a: Lurantis|61/100
|
|t:|1649027687
|switch|p1a: Roselia|Roselia, M|100/100|[from]move: U-turn
|move|p2a: Lurantis|Leaf Storm|p1a: Roselia
|-resisted|p1a: Roselia
|-damage|p1a: Roselia|87/100
|-boost|p2a: Lurantis|spa|2
|
|upkeep
|turn|19
|
|t:|1649027692
|switch|p2a: Lycanroc|Lycanroc-Midnight, M, shiny|100/100
|-damage|p2a: Lycanroc|88/100|[from] Stealth Rock
|move|p1a: Roselia|Sludge Bomb|p2a: Lycanroc
|-resisted|p2a: Lycanroc
|-damage|p2a: Lycanroc|50/100
|
|upkeep
|turn|20
|
|t:|1649027700
|move|p2a: Lycanroc|Stone Edge|p1a: Roselia
|-damage|p1a: Roselia|5/100
|move|p1a: Roselia|Leaf Storm|p2a: Lycanroc
|-supereffective|p2a: Lycanroc
|-damage|p2a: Lycanroc|0 fnt
|-unboost|p1a: Roselia|spa|2
|faint|p2a: Lycanroc
|
|upkeep
|
|t:|1649027707
|switch|p2a: Malamar|Malamar, M|100/100
|-damage|p2a: Malamar|88/100|[from] Stealth Rock
|turn|21
|
|t:|1649027725
|switch|p1a: Mr. Mime|Mr. Mime, F|67/100
|move|p2a: Malamar|Superpower|p1a: Mr. Mime
|-resisted|p1a: Mr. Mime
|-damage|p1a: Mr. Mime|47/100
|-boost|p2a: Malamar|atk|1
|-boost|p2a: Malamar|def|1
|
|upkeep
|turn|22
|
|t:|1649027732
|move|p1a: Mr. Mime|Dazzling Gleam|p2a: Malamar
|-supereffective|p2a: Malamar
|-damage|p2a: Malamar|36/100
|move|p2a: Malamar|Knock Off|p1a: Mr. Mime
|-damage|p1a: Mr. Mime|0 fnt
|-enditem|p1a: Mr. Mime|Choice Scarf|[from] move: Knock Off|[of] p2a: Malamar
|faint|p1a: Mr. Mime
|
|upkeep
|
|t:|1649027747
|switch|p1a: Silvally|Silvally-Rock|40/100
|turn|23
|
|t:|1649027749
|move|p1a: Silvally|U-turn|p2a: Malamar
|-supereffective|p2a: Malamar
|-damage|p2a: Malamar|0 fnt
|faint|p2a: Malamar
|
|t:|1649027755
|switch|p1a: Falinks|Falinks|100/100|[from]move: U-turn
|
|upkeep
|
|t:|1649027765
|switch|p2a: Lurantis|Lurantis, F|61/100
|turn|24
|
|t:|1649027769
|move|p1a: Falinks|No Retreat|p1a: Falinks
|-boost|p1a: Falinks|atk|1
|-boost|p1a: Falinks|def|1
|-boost|p1a: Falinks|spa|1
|-boost|p1a: Falinks|spd|1
|-boost|p1a: Falinks|spe|1
|-start|p1a: Falinks|move: No Retreat
|move|p2a: Lurantis|Leaf Storm|p1a: Falinks
|-damage|p1a: Falinks|31/100
|-boost|p2a: Lurantis|spa|2
|
|upkeep
|turn|25
|
|t:|1649027776
|move|p1a: Falinks|Close Combat|p2a: Lurantis
|-damage|p2a: Lurantis|0 fnt
|-unboost|p1a: Falinks|def|1
|-unboost|p1a: Falinks|spd|1
|faint|p2a: Lurantis
|
|upkeep
|
|t:|1649027778
|switch|p2a: Silvally|Silvally, shiny|26/100
|-damage|p2a: Silvally|14/100|[from] Stealth Rock
|turn|26
|c|☆weidson|gg
|
|t:|1649027782
|move|p1a: Falinks|Close Combat|p2a: Silvally
|-supereffective|p2a: Silvally
|-damage|p2a: Silvally|0 fnt
|-unboost|p1a: Falinks|def|1
|-unboost|p1a: Falinks|spd|1
|faint|p2a: Silvally
|
|win|weidson
|raw|weidson's rating: 1303 &rarr; <strong>1328</strong><br />(+25 for winning)
|raw|Nocterem's rating: 1386 &rarr; <strong>1361</strong><br />(-25 for losing)
|l|☆Nocterem
||Ladder isn't responding, score probably updated but might not have (Request timeout).
