|j|☆Aikauwu
|j|☆Gellolo
|t:|1610224817
|player|p1|Aikauwu|169|1093
|player|p2|Gellolo|depotagent|1074
|teamsize|p1|6
|teamsize|p2|6
|gametype|singles
|gen|8
|tier|[Gen 8] PU
|rated|
|clearpoke
|poke|p1|Absol, F|
|poke|p1|Galvantula, F|
|poke|p1|Weezing, F|
|poke|p1|Tsareena, F|
|poke|p1|Altaria, M|
|poke|p1|Archeops, M|
|poke|p2|Regigigas|
|poke|p2|Archeops, M|
|poke|p2|Gigalith, M|
|poke|p2|Scrafty, M|
|poke|p2|Tsareena, F|
|poke|p2|Toxicroak, M|
|rule|Sleep Clause Mod: Limit one foe put to sleep
|rule|Species Clause: Limit one of each Pokémon
|rule|OHKO Clause: OHKO moves are banned
|rule|Evasion Moves Clause: Evasion moves are banned
|rule|Endless Battle Clause: Forcing endless battles is banned
|rule|HP Percentage Mod: HP is shown in percentages
|rule|Dynamax Clause: You cannot dynamax
|teampreview
|
|t:|1610224825
|start
|switch|p1a: Galvantula|Galvantula, F|100/100
|switch|p2a: Scrafty|Scrafty, M|100/100
|turn|1
|
|t:|1610224846
|move|p1a: Galvantula|Sticky Web|p2a: Scrafty
|-sidestart|p2: Gellolo|move: Sticky Web
|move|p2a: Scrafty|Dragon Dance|p2a: Scrafty
|-boost|p2a: Scrafty|atk|1
|-boost|p2a: Scrafty|spe|1
|
|upkeep
|turn|2
|
|t:|1610224853
|move|p2a: Scrafty|Beat Up|p1a: Galvantula
|-damage|p1a: Galvantula|83/100
|-damage|p1a: Galvantula|61/100
|-damage|p1a: Galvantula|41/100
|-damage|p1a: Galvantula|15/100
|-damage|p1a: Galvantula|0 fnt
|-hitcount|p1a: Galvantula|5
|faint|p1a: Galvantula
|-ability|p2a: Scrafty|Moxie|boost
|-boost|p2a: Scrafty|atk|1
|
|upkeep
|
|t:|1610224859
|switch|p1a: Weezing|Weezing, F|100/100
|turn|3
|
|t:|1610224865
|move|p2a: Scrafty|Beat Up|p1a: Weezing
|-damage|p1a: Weezing|90/100
|-damage|p1a: Weezing|77/100
|-damage|p1a: Weezing|64/100
|-damage|p1a: Weezing|49/100
|-damage|p1a: Weezing|38/100
|-damage|p1a: Weezing|27/100
|-hitcount|p1a: Weezing|6
|cant|p1a: Weezing|flinch
|
|-heal|p1a: Weezing|33/100|[from] item: Black Sludge
|upkeep
|turn|4
|
|t:|1610224878
|move|p2a: Scrafty|Beat Up|p1a: Weezing
|-damage|p1a: Weezing|22/100
|-damage|p1a: Weezing|10/100
|-damage|p1a: Weezing|0 fnt
|-hitcount|p1a: Weezing|3
|faint|p1a: Weezing
|-ability|p2a: Scrafty|Moxie|boost
|-boost|p2a: Scrafty|atk|1
|
|upkeep
|
|t:|1610224887
|switch|p1a: Altaria|Altaria, M|100/100
|turn|5
|
|t:|1610224890
|move|p2a: Scrafty|Beat Up|p1a: Altaria
|-damage|p1a: Altaria|83/100
|-damage|p1a: Altaria|56/100
|-damage|p1a: Altaria|34/100
|-damage|p1a: Altaria|8/100
|-damage|p1a: Altaria|0 fnt
|-hitcount|p1a: Altaria|5
|faint|p1a: Altaria
|-ability|p2a: Scrafty|Moxie|boost
|-boost|p2a: Scrafty|atk|1
|
|upkeep
|-message|Aikauwu forfeited.
|
|win|Gellolo
|l|☆Aikauwu
