|j|☆Antares
|j|☆MZ
|t:|1656345438
|gametype|singles
|player|p1|Antares|galacticgrunt|
|player|p2|MZ|#megazard|
|teamsize|p1|6
|teamsize|p2|6
|gen|8
|tier|[Gen 8] PU
|rule|Sleep Clause Mod: Limit one foe put to sleep
|rule|Species Clause: Limit one of each Pokémon
|rule|OHKO Clause: OHKO moves are banned
|rule|Evasion Moves Clause: Evasion moves are banned
|rule|Endless Battle Clause: Forcing endless battles is banned
|rule|HP Percentage Mod: HP is shown in percentages
|rule|Dynamax Clause: You cannot dynamax
|clearpoke
|poke|p1|Mesprit|
|poke|p1|Silvally-*|
|poke|p1|Charizard, F|
|poke|p1|Lycanroc, F|
|poke|p1|Palossand, M|
|poke|p1|Lanturn, M|
|poke|p2|Absol, M|
|poke|p2|Togedemaru, M|
|poke|p2|Regirock|
|poke|p2|Eldegoss, M|
|poke|p2|Ribombee, F|
|poke|p2|Wishiwashi, M|
|teampreview
|c|☆MZ|hf
|c|☆Antares|gl
|j|+shaneghoul
|
|t:|1656345488
|start
|switch|p1a: Mesprit|Mesprit|100/100
|switch|p2a: Eldegoss|Eldegoss, M|100/100
|turn|1
|
|t:|1656345505
|switch|p2a: Togedemaru|Togedemaru, M|100/100
|move|p1a: Mesprit|Psyshock|p2a: Togedemaru
|-resisted|p2a: Togedemaru
|-damage|p2a: Togedemaru|63/100
|
|upkeep
|turn|2
|l|+shaneghoul
|
|t:|1656345512
|switch|p1a: Charizard|Charizard, F|100/100
|move|p2a: Togedemaru|Wish|p2a: Togedemaru
|
|upkeep
|turn|3
|
|t:|1656345518
|move|p2a: Togedemaru|Spiky Shield|p2a: Togedemaru
|-singleturn|p2a: Togedemaru|move: Protect
|move|p1a: Charizard|Flamethrower|p2a: Togedemaru
|-activate|p2a: Togedemaru|move: Protect
|
|-heal|p2a: Togedemaru|100/100|[from] move: Wish|[wisher] Togedemaru
|upkeep
|turn|4
|
|t:|1656345525
|switch|p1a: Palossand|Palossand, M|100/100
|switch|p2a: Wishiwashi|Wishiwashi, M|100/100
|-formechange|p2a: Wishiwashi|Wishiwashi-School||[from] ability: Schooling
|
|upkeep
|turn|5
|
|t:|1656345529
|switch|p1a: Lanturn|Lanturn, M|100/100
|move|p2a: Wishiwashi|Scald|p1a: Lanturn
|-resisted|p1a: Lanturn
|-damage|p1a: Lanturn|87/100
|-status|p1a: Lanturn|brn
|
|-heal|p1a: Lanturn|93/100 brn|[from] item: Leftovers
|-damage|p1a: Lanturn|87/100 brn|[from] brn
|upkeep
|turn|6
|
|t:|1656345534
|move|p1a: Lanturn|Volt Switch|p2a: Wishiwashi
|-supereffective|p2a: Wishiwashi
|-damage|p2a: Wishiwashi|71/100
|
|t:|1656345537
|switch|p1a: Silvally|Silvally-Fairy|100/100|[from]move: Volt Switch
|move|p2a: Wishiwashi|U-turn|p1a: Silvally
|-resisted|p1a: Silvally
|-damage|p1a: Silvally|92/100
|
|t:|1656345545
|switch|p2a: Regirock|Regirock|100/100|[from]move: U-turn
|
|upkeep
|turn|7
|
|t:|1656345548
|move|p1a: Silvally|Magic Coat|p1a: Silvally
|-singleturn|p1a: Silvally|move: Magic Coat
|move|p2a: Regirock|Toxic|p1a: Silvally
|move|p1a: Silvally|Toxic|p2a: Regirock|[from]Magic Coat
|-status|p2a: Regirock|tox
|
|-damage|p2a: Regirock|94/100 tox|[from] psn
|upkeep
|turn|8
|
|t:|1656345555
|move|p1a: Silvally|U-turn|p2a: Regirock
|-damage|p2a: Regirock|88/100 tox
|
|t:|1656345558
|switch|p1a: Palossand|Palossand, M|100/100|[from]move: U-turn
|move|p2a: Regirock|Toxic|p1a: Palossand
|-status|p1a: Palossand|tox
|
|-heal|p2a: Regirock|94/100 tox|[from] item: Leftovers
|-damage|p2a: Regirock|82/100 tox|[from] psn
|-damage|p1a: Palossand|94/100 tox|[from] psn
|upkeep
|turn|9
|
|t:|1656345561
|switch|p2a: Eldegoss|Eldegoss, M|100/100
|move|p1a: Palossand|Scorching Sands|p2a: Eldegoss
|-resisted|p2a: Eldegoss
|-damage|p2a: Eldegoss|92/100
|-enditem|p2a: Eldegoss|Eject Button
|
|t:|1656345571
|switch|p2a: Absol|Absol, M|100/100
|
|-damage|p1a: Palossand|82/100 tox|[from] psn
|upkeep
|turn|10
|
|t:|1656345575
|switch|p1a: Silvally|Silvally-Fairy|92/100
|move|p2a: Absol|Knock Off|p1a: Silvally
|-resisted|p1a: Silvally
|-damage|p1a: Silvally|71/100
|
|upkeep
|turn|11
|
|t:|1656345583
|switch|p2a: Eldegoss|Eldegoss, M|100/100
|move|p1a: Silvally|U-turn|p2a: Eldegoss
|-supereffective|p2a: Eldegoss
|-damage|p2a: Eldegoss|69/100
|
|t:|1656345589
|switch|p1a: Charizard|Charizard, F|100/100|[from]move: U-turn
|
|upkeep
|turn|12
|
|t:|1656345596
|switch|p2a: Regirock|Regirock|82/100 tox
|move|p1a: Charizard|Hurricane|p2a: Regirock
|-resisted|p2a: Regirock
|-damage|p2a: Regirock|59/100 tox
|
|-heal|p2a: Regirock|65/100 tox|[from] item: Leftovers
|-damage|p2a: Regirock|59/100 tox|[from] psn
|upkeep
|turn|13
|
|t:|1656345602
|switch|p1a: Mesprit|Mesprit|100/100
|move|p2a: Regirock|Stealth Rock|p1a: Mesprit
|-sidestart|p1: Antares|move: Stealth Rock
|
|-heal|p2a: Regirock|65/100 tox|[from] item: Leftovers
|-damage|p2a: Regirock|53/100 tox|[from] psn
|upkeep
|turn|14
|
|t:|1656345612
|switch|p2a: Togedemaru|Togedemaru, M|100/100
|move|p1a: Mesprit|Psychic|p2a: Togedemaru
|-resisted|p2a: Togedemaru
|-damage|p2a: Togedemaru|74/100
|
|upkeep
|turn|15
|
|t:|1656345618
|switch|p1a: Charizard|Charizard, F|100/100
|move|p2a: Togedemaru|U-turn|p1a: Charizard
|-resisted|p1a: Charizard
|-damage|p1a: Charizard|95/100
|
|t:|1656345642
|switch|p2a: Absol|Absol, M|100/100|[from]move: U-turn
|
|upkeep
|turn|16
|
|t:|1656345654
|switch|p1a: Silvally|Silvally-Fairy|71/100
|-damage|p1a: Silvally|58/100|[from] Stealth Rock
|move|p2a: Absol|Knock Off|p1a: Silvally
|-resisted|p1a: Silvally
|-damage|p1a: Silvally|35/100
|
|upkeep
|turn|17
|j|+eternally
|
|t:|1656345661
|switch|p2a: Eldegoss|Eldegoss, M|100/100
|move|p1a: Silvally|Rest|p1a: Silvally
|-status|p1a: Silvally|slp|[from] move: Rest
|-heal|p1a: Silvally|100/100 slp|[silent]
|
|upkeep
|turn|18
|
|t:|1656345676
|switch|p1a: Charizard|Charizard, F|95/100
|move|p2a: Eldegoss|Aromatherapy|p2a: Eldegoss
|-activate|p2a: Eldegoss|move: Aromatherapy
|-curestatus|p2: Regirock|tox|[msg]
|
|upkeep
|turn|19
|
|t:|1656345685
|switch|p2a: Wishiwashi|Wishiwashi, M|71/100
|-formechange|p2a: Wishiwashi|Wishiwashi-School||[from] ability: Schooling
|move|p1a: Charizard|Defog|p2a: Wishiwashi
|-unboost|p2a: Wishiwashi|evasion|1
|-sideend|p1: Antares|Stealth Rock|[from] move: Defog|[of] p1a: Charizard
|
|-heal|p2a: Wishiwashi|77/100|[from] item: Leftovers
|upkeep
|turn|20
|
|t:|1656345689
|switch|p1a: Lanturn|Lanturn, M|87/100 brn
|move|p2a: Wishiwashi|U-turn|p1a: Lanturn
|-damage|p1a: Lanturn|60/100 brn
|
|t:|1656345699
|switch|p2a: Absol|Absol, M|100/100|[from]move: U-turn
|
|-heal|p1a: Lanturn|67/100 brn|[from] item: Leftovers
|-damage|p1a: Lanturn|60/100 brn|[from] brn
|upkeep
|turn|21
|
|t:|1656345709
|switch|p2a: Ribombee|Ribombee, F|100/100
|switch|p1a: Silvally|Silvally-Fairy|100/100 slp
|
|upkeep
|turn|22
|
|t:|1656345713
|switch|p1a: Charizard|Charizard, F|95/100
|move|p2a: Ribombee|Switcheroo|p1a: Charizard
|-activate|p2a: Ribombee|move: Trick|[of] p1a: Charizard
|-item|p1a: Charizard|Choice Specs|[from] move: Switcheroo
|-item|p2a: Ribombee|Heavy-Duty Boots|[from] move: Switcheroo
|
|upkeep
|turn|23
|
|t:|1656345723
|switch|p2a: Togedemaru|Togedemaru, M|74/100
|move|p1a: Charizard|Hurricane|p2a: Togedemaru
|-resisted|p2a: Togedemaru
|-damage|p2a: Togedemaru|56/100
|
|upkeep
|turn|24
|
|t:|1656345726
|switch|p1a: Lanturn|Lanturn, M|60/100 brn
|move|p2a: Togedemaru|Wish|p2a: Togedemaru
|
|-heal|p1a: Lanturn|67/100 brn|[from] item: Leftovers
|-damage|p1a: Lanturn|60/100 brn|[from] brn
|upkeep
|turn|25
|
|t:|1656345735
|move|p2a: Togedemaru|Iron Head|p1a: Lanturn
|-resisted|p1a: Lanturn
|-damage|p1a: Lanturn|52/100 brn
|cant|p1a: Lanturn|flinch
|
|-heal|p2a: Togedemaru|100/100|[from] move: Wish|[wisher] Togedemaru
|-heal|p1a: Lanturn|59/100 brn|[from] item: Leftovers
|-damage|p1a: Lanturn|52/100 brn|[from] brn
|upkeep
|turn|26
|
|t:|1656345745
|move|p2a: Togedemaru|U-turn|p1a: Lanturn
|-damage|p1a: Lanturn|35/100 brn
|
|t:|1656345748
|switch|p2a: Absol|Absol, M|100/100|[from]move: U-turn
|move|p1a: Lanturn|Heal Bell|p1a: Lanturn
|-activate|p1a: Lanturn|move: Heal Bell
|-curestatus|p1a: Lanturn|brn|[msg]
|-curestatus|p1: Silvally|slp|[msg]
|-curestatus|p1: Palossand|tox|[msg]
|
|-heal|p1a: Lanturn|41/100|[from] item: Leftovers
|upkeep
|turn|27
|
|t:|1656345755
|switch|p1a: Silvally|Silvally-Fairy|100/100
|move|p2a: Absol|Play Rough|p1a: Silvally
|-damage|p1a: Silvally|62/100
|
|upkeep
|turn|28
|
|t:|1656345760
|switch|p2a: Togedemaru|Togedemaru, M|100/100
|move|p1a: Silvally|U-turn|p2a: Togedemaru
|-resisted|p2a: Togedemaru
|-damage|p2a: Togedemaru|90/100
|-damage|p1a: Silvally|49/100|[from] ability: Iron Barbs|[of] p2a: Togedemaru
|
|t:|1656345762
|switch|p1a: Charizard|Charizard, F|95/100|[from]move: U-turn
|
|upkeep
|turn|29
|
|t:|1656345765
|move|p2a: Togedemaru|Spiky Shield|p2a: Togedemaru
|-singleturn|p2a: Togedemaru|move: Protect
|move|p1a: Charizard|Hurricane|p2a: Togedemaru
|-activate|p2a: Togedemaru|move: Protect
|
|upkeep
|turn|30
|j| longhiep341
|
|t:|1656345772
|switch|p1a: Lycanroc|Lycanroc, F|100/100
|move|p2a: Togedemaru|Wish|p2a: Togedemaru
|
|upkeep
|turn|31
|
|t:|1656345780
|switch|p2a: Regirock|Regirock|53/100
|move|p1a: Lycanroc|Close Combat|p2a: Regirock
|-supereffective|p2a: Regirock
|-damage|p2a: Regirock|8/100
|-unboost|p1a: Lycanroc|def|1
|-unboost|p1a: Lycanroc|spd|1
|
|-heal|p2a: Regirock|54/100|[from] move: Wish|[wisher] Togedemaru
|-heal|p2a: Regirock|60/100|[from] item: Leftovers
|upkeep
|turn|32
|
|t:|1656345802
|switch|p1a: Lanturn|Lanturn, M|41/100
|move|p2a: Regirock|Body Press|p1a: Lanturn
|-damage|p1a: Lanturn|0 fnt
|faint|p1a: Lanturn
|
|-heal|p2a: Regirock|66/100|[from] item: Leftovers
|upkeep
|j|+shaneghoul
|
|t:|1656345809
|switch|p1a: Mesprit|Mesprit|100/100
|turn|33
|
|t:|1656345819
|switch|p2a: Togedemaru|Togedemaru, M|90/100
|move|p1a: Mesprit|Psychic|p2a: Togedemaru
|-resisted|p2a: Togedemaru
|-damage|p2a: Togedemaru|63/100
|
|upkeep
|turn|34
|j|+Nat
|
|t:|1656345824
|switch|p1a: Charizard|Charizard, F|95/100
|move|p2a: Togedemaru|U-turn|p1a: Charizard
|-resisted|p1a: Charizard
|-damage|p1a: Charizard|89/100
|l|+shaneghoul
|
|t:|1656345828
|switch|p2a: Regirock|Regirock|66/100|[from]move: U-turn
|
|-heal|p2a: Regirock|72/100|[from] item: Leftovers
|upkeep
|turn|35
|
|t:|1656345838
|move|p1a: Charizard|Hurricane|p2a: Regirock
|-resisted|p2a: Regirock
|-damage|p2a: Regirock|40/100
|move|p2a: Regirock|Stealth Rock|p1a: Charizard
|-sidestart|p1: Antares|move: Stealth Rock
|
|-heal|p2a: Regirock|46/100|[from] item: Leftovers
|upkeep
|turn|36
|
|t:|1656345845
|switch|p1a: Palossand|Palossand, M|82/100
|-damage|p1a: Palossand|76/100|[from] Stealth Rock
|move|p2a: Regirock|Rock Blast|p1a: Palossand
|-resisted|p1a: Palossand
|-damage|p1a: Palossand|73/100
|-resisted|p1a: Palossand
|-damage|p1a: Palossand|70/100
|-resisted|p1a: Palossand
|-damage|p1a: Palossand|67/100
|-resisted|p1a: Palossand
|-damage|p1a: Palossand|65/100
|-hitcount|p1a: Palossand|4
|
|-heal|p2a: Regirock|52/100|[from] item: Leftovers
|upkeep
|turn|37
|
|t:|1656345855
|switch|p2a: Ribombee|Ribombee, F|100/100
|move|p1a: Palossand|Stealth Rock|p2a: Ribombee
|-sidestart|p2: MZ|move: Stealth Rock
|
|upkeep
|turn|38
|c|☆Antares|gg
|-message|Antares forfeited.
|
|win|MZ
|c|☆MZ|gg
