|html|<div class="broadcast-blue"><strong>[Gen 8] PU is currently suspecting Espeon! For information on how to participate check out the <a href="https://www.smogon.com/forums/threads/np-pu-stage-8-magic-bounce.3697962/">suspect thread</a>.</strong></div>
|j|☆Ekelbart
|j|☆MentalAdversity
|t:|1645392575
|gametype|singles
|player|p1|Ekelbart|liza|1384
|player|p2|MentalAdversity|pokefanf-gen4|1418
|teamsize|p1|6
|teamsize|p2|6
|gen|8
|tier|[Gen 8] PU
|rated|
|rule|Sleep Clause Mod: Limit one foe put to sleep
|rule|Species Clause: Limit one of each Pokémon
|rule|OHKO Clause: OHKO moves are banned
|rule|Evasion Moves Clause: Evasion moves are banned
|rule|Endless Battle Clause: Forcing endless battles is banned
|rule|HP Percentage Mod: HP is shown in percentages
|rule|Dynamax Clause: You cannot dynamax
|clearpoke
|poke|p1|Lurantis, F|
|poke|p1|Regirock|
|poke|p1|Sneasel, F|
|poke|p1|Togedemaru, M|
|poke|p1|Wishiwashi, F|
|poke|p1|Charizard, F|
|poke|p2|Tangela, M|
|poke|p2|Articuno|
|poke|p2|Audino, F|
|poke|p2|Corsola, F|
|poke|p2|Eldegoss, M|
|poke|p2|Quagsire, M|
|teampreview
|inactive|Battle timer is ON: inactive players will automatically lose when time's up. (requested by Ekelbart)
|
|t:|1645392588
|start
|switch|p1a: Wishiwashi|Wishiwashi, F|100/100
|switch|p2a: DREADLOCKPUBE|Tangela, M, shiny|100/100
|-formechange|p1a: Wishiwashi|Wishiwashi-School||[from] ability: Schooling
|turn|1
|
|t:|1645392594
|move|p2a: DREADLOCKPUBE|Protect|p2a: DREADLOCKPUBE
|-singleturn|p2a: DREADLOCKPUBE|Protect
|move|p1a: Wishiwashi|Toxic|p2a: DREADLOCKPUBE
|-activate|p2a: DREADLOCKPUBE|move: Protect
|
|upkeep
|turn|2
|
|t:|1645392598
|switch|p2a: NURSE JOY|Audino, F, shiny|100/100
|move|p1a: Wishiwashi|Toxic|p2a: NURSE JOY
|-status|p2a: NURSE JOY|tox
|
|-damage|p2a: NURSE JOY|94/100 tox|[from] psn
|upkeep
|turn|3
|
|t:|1645392602
|move|p2a: NURSE JOY|Toxic|p1a: Wishiwashi
|-status|p1a: Wishiwashi|tox
|move|p1a: Wishiwashi|Scald|p2a: NURSE JOY
|-damage|p2a: NURSE JOY|69/100 tox
|
|-damage|p2a: NURSE JOY|56/100 tox|[from] psn
|-damage|p1a: Wishiwashi|94/100 tox|[from] psn
|upkeep
|turn|4
|
|t:|1645392608
|switch|p2a: Eldegoss|Eldegoss, M, shiny|100/100
|move|p1a: Wishiwashi|Toxic|p2a: Eldegoss
|-status|p2a: Eldegoss|tox
|
|-heal|p1a: Wishiwashi|100/100 tox|[from] item: Leftovers
|-damage|p2a: Eldegoss|94/100 tox|[from] psn
|-damage|p1a: Wishiwashi|88/100 tox|[from] psn
|upkeep
|turn|5
|
|t:|1645392614
|move|p2a: Eldegoss|Aromatherapy|p2a: Eldegoss
|-activate|p2a: Eldegoss|move: Aromatherapy
|-curestatus|p2a: Eldegoss|tox|[msg]
|-curestatus|p2: NURSE JOY|tox|[msg]
|move|p1a: Wishiwashi|U-turn|p2a: Eldegoss
|-supereffective|p2a: Eldegoss
|-damage|p2a: Eldegoss|46/100
|
|t:|1645392621
|switch|p1a: Sneasel|Sneasel, F|100/100|[from]move: U-turn
|
|upkeep
|turn|6
|
|t:|1645392627
|switch|p2a: Perry the platypus|Quagsire, M, shiny|100/100
|move|p1a: Sneasel|Knock Off|p2a: Perry the platypus
|-damage|p2a: Perry the platypus|55/100
|-enditem|p2a: Perry the platypus|Leftovers|[from] move: Knock Off|[of] p1a: Sneasel
|
|upkeep
|turn|7
|
|t:|1645392632
|switch|p1a: Wishiwashi|Wishiwashi, F|88/100 tox
|-formechange|p1a: Wishiwashi|Wishiwashi-School||[from] ability: Schooling
|move|p2a: Perry the platypus|Recover|p2a: Perry the platypus
|-heal|p2a: Perry the platypus|100/100
|
|-heal|p1a: Wishiwashi|94/100 tox|[from] item: Leftovers
|-damage|p1a: Wishiwashi|88/100 tox|[from] psn
|upkeep
|turn|8
|
|t:|1645392641
|switch|p2a: Eldegoss|Eldegoss, M, shiny|80/100
|move|p1a: Wishiwashi|U-turn|p2a: Eldegoss
|-supereffective|p2a: Eldegoss
|-damage|p2a: Eldegoss|36/100
|
|t:|1645392645
|switch|p1a: Sneasel|Sneasel, F|100/100|[from]move: U-turn
|
|upkeep
|turn|9
|
|t:|1645392647
|switch|p2a: Perry the platypus|Quagsire, M, shiny|100/100
|move|p1a: Sneasel|Knock Off|p2a: Perry the platypus
|-damage|p2a: Perry the platypus|69/100
|
|upkeep
|turn|10
|
|t:|1645392652
|switch|p1a: Wishiwashi|Wishiwashi, F|88/100 tox
|-formechange|p1a: Wishiwashi|Wishiwashi-School||[from] ability: Schooling
|move|p2a: Perry the platypus|Recover|p2a: Perry the platypus
|-heal|p2a: Perry the platypus|100/100
|
|-heal|p1a: Wishiwashi|94/100 tox|[from] item: Leftovers
|-damage|p1a: Wishiwashi|88/100 tox|[from] psn
|upkeep
|turn|11
|
|t:|1645392656
|switch|p2a: BARRIER REEF|Corsola, F, shiny|100/100
|move|p1a: Wishiwashi|Toxic|p2a: BARRIER REEF
|-status|p2a: BARRIER REEF|tox
|
|-heal|p1a: Wishiwashi|94/100 tox|[from] item: Leftovers
|-damage|p2a: BARRIER REEF|95/100 tox|[from] psn
|-damage|p1a: Wishiwashi|82/100 tox|[from] psn
|upkeep
|turn|12
|
|t:|1645392663
|move|p2a: BARRIER REEF|Stealth Rock|p1a: Wishiwashi
|-sidestart|p1: Ekelbart|move: Stealth Rock
|move|p1a: Wishiwashi|Scald|p2a: BARRIER REEF
|-damage|p2a: BARRIER REEF|57/100 tox
|
|-heal|p2a: BARRIER REEF|63/100 tox|[from] item: Leftovers
|-heal|p1a: Wishiwashi|88/100 tox|[from] item: Leftovers
|-damage|p2a: BARRIER REEF|51/100 tox|[from] psn
|-damage|p1a: Wishiwashi|70/100 tox|[from] psn
|upkeep
|turn|13
|
|t:|1645392667
|switch|p2a: Eldegoss|Eldegoss, M, shiny|70/100
|move|p1a: Wishiwashi|U-turn|p2a: Eldegoss
|-supereffective|p2a: Eldegoss
|-damage|p2a: Eldegoss|27/100
|
|t:|1645392675
|switch|p1a: Sneasel|Sneasel, F|100/100|[from]move: U-turn
|-damage|p1a: Sneasel|76/100|[from] Stealth Rock
|
|upkeep
|turn|14
|
|t:|1645392680
|switch|p2a: Perry the platypus|Quagsire, M, shiny|100/100
|move|p1a: Sneasel|Triple Axel|p2a: Perry the platypus
|-damage|p2a: Perry the platypus|92/100
|-damage|p2a: Perry the platypus|73/100
|-damage|p2a: Perry the platypus|46/100
|-hitcount|p2a: Perry the platypus|3
|
|upkeep
|turn|15
|
|t:|1645392687
|switch|p2a: BARRIER REEF|Corsola, F, shiny|85/100 tox
|move|p1a: Sneasel|Triple Axel|p2a: BARRIER REEF
|-resisted|p2a: BARRIER REEF
|-damage|p2a: BARRIER REEF|80/100 tox
|-hitcount|p2a: BARRIER REEF|1
|
|-heal|p2a: BARRIER REEF|86/100 tox|[from] item: Leftovers
|-damage|p2a: BARRIER REEF|80/100 tox|[from] psn
|upkeep
|turn|16
|
|t:|1645392717
|switch|p1a: Togedemaru|Togedemaru, M|100/100
|-damage|p1a: Togedemaru|95/100|[from] Stealth Rock
|move|p2a: BARRIER REEF|Toxic|p1a: Togedemaru
|-immune|p1a: Togedemaru
|
|-heal|p1a: Togedemaru|100/100|[from] item: Leftovers
|-heal|p2a: BARRIER REEF|86/100 tox|[from] item: Leftovers
|-damage|p2a: BARRIER REEF|74/100 tox|[from] psn
|upkeep
|turn|17
|inactive|Ekelbart has 120 seconds left.
|inactive|Ekelbart has 90 seconds left.
|inactive|Ekelbart has 60 seconds left.
|
|t:|1645392804
|switch|p1a: Lurantis|Lurantis, F|100/100
|switch|p2a: Perry the platypus|Quagsire, M, shiny|46/100
|
|upkeep
|turn|18
|
|t:|1645392811
|switch|p2a: BLUE JAYS|Articuno|100/100
|-ability|p2a: BLUE JAYS|Pressure
|move|p1a: Lurantis|Knock Off|p2a: BLUE JAYS
|-damage|p2a: BLUE JAYS|81/100
|-enditem|p2a: BLUE JAYS|Heavy-Duty Boots|[from] move: Knock Off|[of] p1a: Lurantis
|
|upkeep
|turn|19
|inactive|Ekelbart has 60 seconds left.
|
|t:|1645392827
|switch|p1a: Togedemaru|Togedemaru, M|100/100
|-damage|p1a: Togedemaru|95/100|[from] Stealth Rock
|move|p2a: BLUE JAYS|Toxic|p1a: Togedemaru
|-immune|p1a: Togedemaru
|
|-heal|p1a: Togedemaru|100/100|[from] item: Leftovers
|upkeep
|turn|20
|
|t:|1645392836
|switch|p2a: Perry the platypus|Quagsire, M, shiny|46/100
|move|p1a: Togedemaru|U-turn|p2a: Perry the platypus
|-damage|p2a: Perry the platypus|35/100
|
|t:|1645392851
|switch|p1a: Charizard|Charizard, F|100/100|[from]move: U-turn
|
|upkeep
|turn|21
|
|t:|1645392856
|switch|p2a: BARRIER REEF|Corsola, F, shiny|100/100 tox
|move|p1a: Charizard|Hurricane|p2a: BARRIER REEF
|-resisted|p2a: BARRIER REEF
|-damage|p2a: BARRIER REEF|74/100 tox
|
|-heal|p2a: BARRIER REEF|80/100 tox|[from] item: Leftovers
|-damage|p2a: BARRIER REEF|74/100 tox|[from] psn
|upkeep
|turn|22
|inactive|Ekelbart has 60 seconds left.
|inactive|Ekelbart has 30 seconds left.
|
|t:|1645392893
|switch|p1a: Togedemaru|Togedemaru, M|100/100
|-damage|p1a: Togedemaru|95/100|[from] Stealth Rock
|move|p2a: BARRIER REEF|Toxic|p1a: Togedemaru
|-immune|p1a: Togedemaru
|
|-heal|p1a: Togedemaru|100/100|[from] item: Leftovers
|-heal|p2a: BARRIER REEF|80/100 tox|[from] item: Leftovers
|-damage|p2a: BARRIER REEF|68/100 tox|[from] psn
|upkeep
|turn|23
|
|t:|1645392901
|switch|p2a: DREADLOCKPUBE|Tangela, M, shiny|100/100
|move|p1a: Togedemaru|U-turn|p2a: DREADLOCKPUBE
|-supereffective|p2a: DREADLOCKPUBE
|-damage|p2a: DREADLOCKPUBE|84/100
|
|t:|1645392909
|switch|p1a: Charizard|Charizard, F|100/100|[from]move: U-turn
|
|upkeep
|turn|24
|
|t:|1645392913
|move|p2a: DREADLOCKPUBE|Protect|p2a: DREADLOCKPUBE
|-singleturn|p2a: DREADLOCKPUBE|Protect
|move|p1a: Charizard|Defog|p2a: DREADLOCKPUBE
|-activate|p2a: DREADLOCKPUBE|move: Protect
|
|upkeep
|turn|25
|
|t:|1645392917
|switch|p2a: BARRIER REEF|Corsola, F, shiny|100/100 tox
|move|p1a: Charizard|Defog|p2a: BARRIER REEF
|-unboost|p2a: BARRIER REEF|evasion|1
|-sideend|p1: Ekelbart|Stealth Rock|[from] move: Defog|[of] p1a: Charizard
|
|-damage|p2a: BARRIER REEF|95/100 tox|[from] psn
|upkeep
|turn|26
|inactive|Ekelbart has 60 seconds left.
|
|t:|1645392934
|switch|p1a: Regirock|Regirock|100/100
|move|p2a: BARRIER REEF|Stealth Rock|p1a: Regirock
|-sidestart|p1: Ekelbart|move: Stealth Rock
|
|-heal|p2a: BARRIER REEF|100/100 tox|[from] item: Leftovers
|-damage|p2a: BARRIER REEF|89/100 tox|[from] psn
|upkeep
|turn|27
|
|t:|1645392940
|switch|p2a: Eldegoss|Eldegoss, M, shiny|60/100
|move|p1a: Regirock|Stealth Rock|p2a: Eldegoss
|-sidestart|p2: MentalAdversity|move: Stealth Rock
|
|upkeep
|turn|28
|
|t:|1645392944
|switch|p2a: DREADLOCKPUBE|Tangela, M, shiny|100/100
|-damage|p2a: DREADLOCKPUBE|88/100|[from] Stealth Rock
|move|p1a: Regirock|Body Press|p2a: DREADLOCKPUBE
|-damage|p2a: DREADLOCKPUBE|68/100
|
|upkeep
|turn|29
|
|t:|1645392963
|switch|p1a: Togedemaru|Togedemaru, M|100/100
|-damage|p1a: Togedemaru|95/100|[from] Stealth Rock
|move|p2a: DREADLOCKPUBE|Knock Off|p1a: Togedemaru
|-damage|p1a: Togedemaru|74/100
|-enditem|p1a: Togedemaru|Leftovers|[from] move: Knock Off|[of] p2a: DREADLOCKPUBE
|
|upkeep
|turn|30
|
|t:|1645392972
|move|p1a: Togedemaru|Wish|p1a: Togedemaru
|move|p2a: DREADLOCKPUBE|Leech Seed|p1a: Togedemaru
|-start|p1a: Togedemaru|move: Leech Seed
|
|-damage|p1a: Togedemaru|62/100|[from] Leech Seed|[of] p2a: DREADLOCKPUBE
|-heal|p2a: DREADLOCKPUBE|81/100|[silent]
|upkeep
|turn|31
|
|t:|1645392976
|switch|p1a: Sneasel|Sneasel, F|76/100
|-damage|p1a: Sneasel|51/100|[from] Stealth Rock
|move|p2a: DREADLOCKPUBE|Knock Off|p1a: Sneasel
|-resisted|p1a: Sneasel
|-damage|p1a: Sneasel|38/100
|-enditem|p1a: Sneasel|Choice Band|[from] move: Knock Off|[of] p2a: DREADLOCKPUBE
|
|-heal|p1a: Sneasel|100/100|[from] move: Wish|[wisher] Togedemaru
|upkeep
|turn|32
|
|t:|1645392983
|move|p2a: DREADLOCKPUBE|Protect|p2a: DREADLOCKPUBE
|-singleturn|p2a: DREADLOCKPUBE|Protect
|move|p1a: Sneasel|Knock Off|p2a: DREADLOCKPUBE
|-activate|p2a: DREADLOCKPUBE|move: Protect
|
|upkeep
|turn|33
|inactive|Ekelbart has 90 seconds left.
|
|t:|1645392989
|switch|p2a: BARRIER REEF|Corsola, F, shiny|100/100 tox
|-damage|p2a: BARRIER REEF|88/100 tox|[from] Stealth Rock
|move|p1a: Sneasel|Knock Off|p2a: BARRIER REEF
|-damage|p2a: BARRIER REEF|54/100 tox
|-enditem|p2a: BARRIER REEF|Leftovers|[from] move: Knock Off|[of] p1a: Sneasel
|
|-damage|p2a: BARRIER REEF|48/100 tox|[from] psn
|upkeep
|turn|34
|
|t:|1645392998
|switch|p1a: Lurantis|Lurantis, F|100/100
|move|p2a: BARRIER REEF|Recover|p2a: BARRIER REEF
|-heal|p2a: BARRIER REEF|98/100 tox
|
|-damage|p2a: BARRIER REEF|86/100 tox|[from] psn
|upkeep
|turn|35
|
|t:|1645393009
|switch|p2a: DREADLOCKPUBE|Tangela, M, shiny|100/100
|-damage|p2a: DREADLOCKPUBE|88/100|[from] Stealth Rock
|move|p1a: Lurantis|Leaf Storm|p2a: DREADLOCKPUBE
|-resisted|p2a: DREADLOCKPUBE
|-damage|p2a: DREADLOCKPUBE|61/100
|-boost|p1a: Lurantis|spa|2
|
|upkeep
|turn|36
|
|t:|1645393018
|move|p2a: DREADLOCKPUBE|Knock Off|p1a: Lurantis
|-damage|p1a: Lurantis|92/100
|-enditem|p1a: Lurantis|Heavy-Duty Boots|[from] move: Knock Off|[of] p2a: DREADLOCKPUBE
|move|p1a: Lurantis|Superpower|p2a: DREADLOCKPUBE
|-damage|p2a: DREADLOCKPUBE|50/100
|-boost|p1a: Lurantis|atk|1
|-boost|p1a: Lurantis|def|1
|
|upkeep
|turn|37
|
|t:|1645393023
|move|p2a: DREADLOCKPUBE|Protect|p2a: DREADLOCKPUBE
|-singleturn|p2a: DREADLOCKPUBE|Protect
|move|p1a: Lurantis|Leaf Storm|p2a: DREADLOCKPUBE
|-activate|p2a: DREADLOCKPUBE|move: Protect
|
|upkeep
|turn|38
|
|t:|1645393028
|switch|p2a: Eldegoss|Eldegoss, M, shiny|94/100
|move|p1a: Lurantis|Leaf Storm|p2a: Eldegoss
|-resisted|p2a: Eldegoss
|-damage|p2a: Eldegoss|67/100
|-boost|p1a: Lurantis|spa|2
|
|upkeep
|turn|39
|inactive|Ekelbart has 120 seconds left.
|
|t:|1645393035
|move|p2a: Eldegoss|Protect|p2a: Eldegoss
|-singleturn|p2a: Eldegoss|Protect
|move|p1a: Lurantis|Knock Off|p2a: Eldegoss
|-activate|p2a: Eldegoss|move: Protect
|
|upkeep
|turn|40
|
|t:|1645393039
|move|p2a: Eldegoss|Rapid Spin|p1a: Lurantis
|-damage|p1a: Lurantis|88/100
|-boost|p2a: Eldegoss|spe|1
|-sideend|p2: MentalAdversity|Stealth Rock|[from] move: Rapid Spin|[of] p2a: Eldegoss
|move|p1a: Lurantis|Knock Off|p2a: Eldegoss
|-damage|p2a: Eldegoss|32/100
|-enditem|p2a: Eldegoss|Heavy-Duty Boots|[from] move: Knock Off|[of] p1a: Lurantis
|
|upkeep
|turn|41
|j| zuva zx
|
|t:|1645393054
|switch|p2a: DREADLOCKPUBE|Tangela, M, shiny|83/100
|move|p1a: Lurantis|Superpower|p2a: DREADLOCKPUBE
|-crit|p2a: DREADLOCKPUBE
|-damage|p2a: DREADLOCKPUBE|59/100
|-boost|p1a: Lurantis|atk|1
|-boost|p1a: Lurantis|def|1
|
|upkeep
|turn|42
|
|t:|1645393061
|move|p2a: DREADLOCKPUBE|Protect|p2a: DREADLOCKPUBE
|-singleturn|p2a: DREADLOCKPUBE|Protect
|move|p1a: Lurantis|Superpower|p2a: DREADLOCKPUBE
|-activate|p2a: DREADLOCKPUBE|move: Protect
|
|upkeep
|turn|43
|
|t:|1645393067
|switch|p2a: Perry the platypus|Quagsire, M, shiny|35/100
|move|p1a: Lurantis|Leaf Storm|p2a: Perry the platypus|[miss]
|-miss|p1a: Lurantis|p2a: Perry the platypus
|
|upkeep
|turn|44
|
|t:|1645393075
|switch|p2a: DREADLOCKPUBE|Tangela, M, shiny|92/100
|move|p1a: Lurantis|Leaf Storm|p2a: DREADLOCKPUBE
|-resisted|p2a: DREADLOCKPUBE
|-damage|p2a: DREADLOCKPUBE|21/100
|-boost|p1a: Lurantis|spa|2
|
|upkeep
|turn|45
|
|t:|1645393081
|move|p2a: DREADLOCKPUBE|Protect|p2a: DREADLOCKPUBE
|-singleturn|p2a: DREADLOCKPUBE|Protect
|move|p1a: Lurantis|Superpower|p2a: DREADLOCKPUBE
|-activate|p2a: DREADLOCKPUBE|move: Protect
|
|upkeep
|turn|46
|
|t:|1645393085
|switch|p2a: Eldegoss|Eldegoss, M, shiny|66/100
|move|p1a: Lurantis|Superpower|p2a: Eldegoss
|-damage|p2a: Eldegoss|8/100
|-boost|p1a: Lurantis|atk|1
|-boost|p1a: Lurantis|def|1
|
|upkeep
|turn|47
|
|t:|1645393090
|move|p2a: Eldegoss|Protect|p2a: Eldegoss
|-singleturn|p2a: Eldegoss|Protect
|move|p1a: Lurantis|Knock Off|p2a: Eldegoss
|-activate|p2a: Eldegoss|move: Protect
|
|upkeep
|turn|48
|
|t:|1645393094
|switch|p2a: Perry the platypus|Quagsire, M, shiny|35/100
|move|p1a: Lurantis|Superpower|p2a: Perry the platypus
|-damage|p2a: Perry the platypus|18/100
|-boost|p1a: Lurantis|atk|1
|-boost|p1a: Lurantis|def|1
|
|upkeep
|turn|49
|
|t:|1645393100
|move|p1a: Lurantis|Superpower|p2a: Perry the platypus
|-damage|p2a: Perry the platypus|0 fnt
|-boost|p1a: Lurantis|atk|1
|-boost|p1a: Lurantis|def|1
|faint|p2a: Perry the platypus
|
|upkeep
|
|t:|1645393103
|switch|p2a: BLUE JAYS|Articuno|81/100
|-ability|p2a: BLUE JAYS|Pressure
|turn|50
|
|t:|1645393107
|move|p2a: BLUE JAYS|Haze|p2a: BLUE JAYS
|-clearallboost
|move|p1a: Lurantis|Superpower|p2a: BLUE JAYS
|-damage|p2a: BLUE JAYS|57/100
|-boost|p1a: Lurantis|atk|1
|-boost|p1a: Lurantis|def|1
|
|upkeep
|turn|51
|
|t:|1645393114
|switch|p1a: Togedemaru|Togedemaru, M|62/100
|-damage|p1a: Togedemaru|56/100|[from] Stealth Rock
|move|p2a: BLUE JAYS|Haze|p2a: BLUE JAYS
|-clearallboost
|
|upkeep
|turn|52
|
|t:|1645393121
|switch|p2a: DREADLOCKPUBE|Tangela, M, shiny|55/100
|move|p1a: Togedemaru|Iron Head|p2a: DREADLOCKPUBE
|-damage|p2a: DREADLOCKPUBE|43/100
|
|upkeep
|turn|53
|
|t:|1645393127
|move|p1a: Togedemaru|U-turn|p2a: DREADLOCKPUBE
|-supereffective|p2a: DREADLOCKPUBE
|-damage|p2a: DREADLOCKPUBE|27/100
|
|t:|1645393136
|switch|p1a: Charizard|Charizard, F|100/100|[from]move: U-turn
|move|p2a: DREADLOCKPUBE|Synthesis|p2a: DREADLOCKPUBE
|-heal|p2a: DREADLOCKPUBE|77/100
|
|upkeep
|turn|54
|
|t:|1645393141
|switch|p2a: BARRIER REEF|Corsola, F, shiny|100/100 tox
|move|p1a: Charizard|Flamethrower|p2a: BARRIER REEF
|-resisted|p2a: BARRIER REEF
|-damage|p2a: BARRIER REEF|90/100 tox
|
|-damage|p2a: BARRIER REEF|84/100 tox|[from] psn
|upkeep
|turn|55
|
|t:|1645393157
|switch|p1a: Togedemaru|Togedemaru, M|56/100
|-damage|p1a: Togedemaru|50/100|[from] Stealth Rock
|move|p2a: BARRIER REEF|Toxic|p1a: Togedemaru
|-immune|p1a: Togedemaru
|
|-damage|p2a: BARRIER REEF|72/100 tox|[from] psn
|upkeep
|turn|56
|
|t:|1645393163
|switch|p2a: DREADLOCKPUBE|Tangela, M, shiny|100/100
|move|p1a: Togedemaru|Wish|p1a: Togedemaru
|
|upkeep
|turn|57
|
|t:|1645393169
|move|p1a: Togedemaru|Spiky Shield|p1a: Togedemaru
|-singleturn|p1a: Togedemaru|move: Protect
|move|p2a: DREADLOCKPUBE|Leech Seed|p1a: Togedemaru
|-activate|p1a: Togedemaru|move: Protect
|
|-heal|p1a: Togedemaru|99/100|[from] move: Wish|[wisher] Togedemaru
|upkeep
|turn|58
|
|t:|1645393173
|move|p1a: Togedemaru|U-turn|p2a: DREADLOCKPUBE
|-supereffective|p2a: DREADLOCKPUBE
|-damage|p2a: DREADLOCKPUBE|87/100
|
|t:|1645393176
|switch|p1a: Lurantis|Lurantis, F|88/100|[from]move: U-turn
|-damage|p1a: Lurantis|75/100|[from] Stealth Rock
|move|p2a: DREADLOCKPUBE|Leech Seed|p1a: Lurantis
|-immune|p1a: Lurantis
|
|upkeep
|turn|59
|
|t:|1645393183
|switch|p2a: BLUE JAYS|Articuno|57/100
|-ability|p2a: BLUE JAYS|Pressure
|move|p1a: Lurantis|Knock Off|p2a: BLUE JAYS
|-damage|p2a: BLUE JAYS|45/100
|
|upkeep
|turn|60
|
|t:|1645393195
|switch|p1a: Regirock|Regirock|100/100
|-damage|p1a: Regirock|88/100|[from] Stealth Rock
|move|p2a: BLUE JAYS|Roost|p2a: BLUE JAYS
|-heal|p2a: BLUE JAYS|95/100
|-singleturn|p2a: BLUE JAYS|move: Roost
|
|-heal|p1a: Regirock|94/100|[from] item: Leftovers
|upkeep
|turn|61
|
|t:|1645393202
|switch|p2a: Eldegoss|Eldegoss, M, shiny|41/100
|move|p1a: Regirock|Stealth Rock|p2a: Eldegoss
|-sidestart|p2: MentalAdversity|move: Stealth Rock
|
|-heal|p1a: Regirock|99/100|[from] item: Leftovers
|upkeep
|turn|62
|
|t:|1645393215
|switch|p2a: DREADLOCKPUBE|Tangela, M, shiny|100/100
|-damage|p2a: DREADLOCKPUBE|88/100|[from] Stealth Rock
|move|p1a: Regirock|Body Press|p2a: DREADLOCKPUBE
|-damage|p2a: DREADLOCKPUBE|71/100
|
|-heal|p1a: Regirock|100/100|[from] item: Leftovers
|upkeep
|turn|63
|
|t:|1645393226
|move|p2a: DREADLOCKPUBE|Knock Off|p1a: Regirock
|-damage|p1a: Regirock|95/100
|-enditem|p1a: Regirock|Leftovers|[from] move: Knock Off|[of] p2a: DREADLOCKPUBE
|move|p1a: Regirock|Toxic|p2a: DREADLOCKPUBE
|-status|p2a: DREADLOCKPUBE|tox
|
|-damage|p2a: DREADLOCKPUBE|65/100 tox|[from] psn
|upkeep
|turn|64
|
|t:|1645393237
|move|p2a: DREADLOCKPUBE|Leech Seed|p1a: Regirock
|-start|p1a: Regirock|move: Leech Seed
|move|p1a: Regirock|Toxic|p2a: DREADLOCKPUBE
|-fail|p2a: DREADLOCKPUBE|tox
|
|-damage|p1a: Regirock|83/100|[from] Leech Seed|[of] p2a: DREADLOCKPUBE
|-heal|p2a: DREADLOCKPUBE|78/100 tox|[silent]
|-damage|p2a: DREADLOCKPUBE|66/100 tox|[from] psn
|upkeep
|turn|65
|
|t:|1645393246
|switch|p1a: Charizard|Charizard, F|100/100
|move|p2a: DREADLOCKPUBE|Protect||[still]
|-fail|p2a: DREADLOCKPUBE
|
|-damage|p2a: DREADLOCKPUBE|48/100 tox|[from] psn
|upkeep
|turn|66
|
|t:|1645393262
|switch|p2a: BARRIER REEF|Corsola, F, shiny|100/100 tox
|-damage|p2a: BARRIER REEF|88/100 tox|[from] Stealth Rock
|move|p1a: Charizard|Flamethrower|p2a: BARRIER REEF
|-resisted|p2a: BARRIER REEF
|-damage|p2a: BARRIER REEF|77/100 tox
|
|-damage|p2a: BARRIER REEF|71/100 tox|[from] psn
|upkeep
|turn|67
|inactive|Ekelbart has 120 seconds left.
|
|t:|1645393291
|switch|p1a: Togedemaru|Togedemaru, M|99/100
|-damage|p1a: Togedemaru|94/100|[from] Stealth Rock
|move|p2a: BARRIER REEF|Toxic|p1a: Togedemaru
|-immune|p1a: Togedemaru
|
|-damage|p2a: BARRIER REEF|59/100 tox|[from] psn
|upkeep
|turn|68
|
|t:|1645393298
|switch|p2a: Eldegoss|Eldegoss, M, shiny|74/100
|-damage|p2a: Eldegoss|62/100|[from] Stealth Rock
|move|p1a: Togedemaru|U-turn|p2a: Eldegoss
|-supereffective|p2a: Eldegoss
|-damage|p2a: Eldegoss|28/100
|
|t:|1645393309
|switch|p1a: Charizard|Charizard, F|100/100|[from]move: U-turn
|
|upkeep
|turn|69
|
|t:|1645393315
|switch|p2a: BARRIER REEF|Corsola, F, shiny|93/100 tox
|-damage|p2a: BARRIER REEF|80/100 tox|[from] Stealth Rock
|move|p1a: Charizard|Flamethrower|p2a: BARRIER REEF
|-resisted|p2a: BARRIER REEF
|-damage|p2a: BARRIER REEF|70/100 tox
|
|-damage|p2a: BARRIER REEF|64/100 tox|[from] psn
|upkeep
|turn|70
|
|t:|1645393326
|switch|p1a: Togedemaru|Togedemaru, M|94/100
|-damage|p1a: Togedemaru|88/100|[from] Stealth Rock
|move|p2a: BARRIER REEF|Recover|p2a: BARRIER REEF
|-heal|p2a: BARRIER REEF|100/100 tox
|
|-damage|p2a: BARRIER REEF|89/100 tox|[from] psn
|upkeep
|turn|71
|
|t:|1645393331
|switch|p2a: NURSE JOY|Audino, F, shiny|90/100
|move|p1a: Togedemaru|U-turn|p2a: NURSE JOY
|-crit|p2a: NURSE JOY
|-damage|p2a: NURSE JOY|67/100
|
|t:|1645393336
|switch|p1a: Regirock|Regirock|83/100|[from]move: U-turn
|-damage|p1a: Regirock|70/100|[from] Stealth Rock
|
|upkeep
|turn|72
|
|t:|1645393343
|switch|p2a: DREADLOCKPUBE|Tangela, M, shiny|81/100 tox
|-damage|p2a: DREADLOCKPUBE|69/100 tox|[from] Stealth Rock
|move|p1a: Regirock|Body Press|p2a: DREADLOCKPUBE
|-crit|p2a: DREADLOCKPUBE
|-damage|p2a: DREADLOCKPUBE|43/100 tox
|
|-damage|p2a: DREADLOCKPUBE|37/100 tox|[from] psn
|upkeep
|turn|73
|
|t:|1645393358
|move|p2a: DREADLOCKPUBE|Synthesis|p2a: DREADLOCKPUBE
|-heal|p2a: DREADLOCKPUBE|87/100 tox
|move|p1a: Regirock|Body Press|p2a: DREADLOCKPUBE
|-damage|p2a: DREADLOCKPUBE|68/100 tox
|
|-damage|p2a: DREADLOCKPUBE|56/100 tox|[from] psn
|upkeep
|turn|74
|inactive|Ekelbart has 120 seconds left.
|
|t:|1645393400
|move|p2a: DREADLOCKPUBE|Leech Seed|p1a: Regirock
|-start|p1a: Regirock|move: Leech Seed
|move|p1a: Regirock|Body Press|p2a: DREADLOCKPUBE
|-damage|p2a: DREADLOCKPUBE|35/100 tox
|
|-damage|p1a: Regirock|58/100|[from] Leech Seed|[of] p2a: DREADLOCKPUBE
|-heal|p2a: DREADLOCKPUBE|49/100 tox|[silent]
|-damage|p2a: DREADLOCKPUBE|31/100 tox|[from] psn
|upkeep
|turn|75
|
|t:|1645393409
|switch|p2a: BARRIER REEF|Corsola, F, shiny|100/100 tox
|-damage|p2a: BARRIER REEF|88/100 tox|[from] Stealth Rock
|switch|p1a: Togedemaru|Togedemaru, M|88/100
|-damage|p1a: Togedemaru|82/100|[from] Stealth Rock
|
|-damage|p2a: BARRIER REEF|82/100 tox|[from] psn
|upkeep
|turn|76
|
|t:|1645393415
|switch|p2a: DREADLOCKPUBE|Tangela, M, shiny|64/100 tox
|-damage|p2a: DREADLOCKPUBE|52/100 tox|[from] Stealth Rock
|move|p1a: Togedemaru|Iron Head|p2a: DREADLOCKPUBE
|-damage|p2a: DREADLOCKPUBE|40/100 tox
|
|-damage|p2a: DREADLOCKPUBE|34/100 tox|[from] psn
|upkeep
|turn|77
|
|t:|1645393419
|switch|p2a: BARRIER REEF|Corsola, F, shiny|100/100 tox
|-damage|p2a: BARRIER REEF|88/100 tox|[from] Stealth Rock
|move|p1a: Togedemaru|Iron Head|p2a: BARRIER REEF
|-damage|p2a: BARRIER REEF|67/100 tox
|
|-damage|p2a: BARRIER REEF|61/100 tox|[from] psn
|upkeep
|turn|78
|
|t:|1645393423
|switch|p2a: NURSE JOY|Audino, F, shiny|99/100
|move|p1a: Togedemaru|Iron Head|p2a: NURSE JOY
|-crit|p2a: NURSE JOY
|-damage|p2a: NURSE JOY|60/100
|
|upkeep
|turn|79
|
|t:|1645393427
|move|p1a: Togedemaru|Iron Head|p2a: NURSE JOY
|-damage|p2a: NURSE JOY|35/100
|move|p2a: NURSE JOY|Wish|p2a: NURSE JOY
|
|upkeep
|turn|80
|
|t:|1645393434
|switch|p2a: DREADLOCKPUBE|Tangela, M, shiny|67/100 tox
|-damage|p2a: DREADLOCKPUBE|55/100 tox|[from] Stealth Rock
|move|p1a: Togedemaru|U-turn|p2a: DREADLOCKPUBE
|-supereffective|p2a: DREADLOCKPUBE
|-damage|p2a: DREADLOCKPUBE|40/100 tox
|
|t:|1645393441
|switch|p1a: Charizard|Charizard, F|100/100|[from]move: U-turn
|
|-heal|p2a: DREADLOCKPUBE|100/100 tox|[from] move: Wish|[wisher] NURSE JOY
|-damage|p2a: DREADLOCKPUBE|95/100 tox|[from] psn
|upkeep
|turn|81
|inactive|Ekelbart has 120 seconds left.
|
|t:|1645393491
|switch|p1a: Togedemaru|Togedemaru, M|82/100
|-damage|p1a: Togedemaru|76/100|[from] Stealth Rock
|switch|p2a: BARRIER REEF|Corsola, F, shiny|95/100 tox
|-damage|p2a: BARRIER REEF|82/100 tox|[from] Stealth Rock
|
|-damage|p2a: BARRIER REEF|76/100 tox|[from] psn
|upkeep
|turn|82
|
|t:|1645393498
|switch|p2a: NURSE JOY|Audino, F, shiny|68/100
|move|p1a: Togedemaru|Iron Head|p2a: NURSE JOY
|-damage|p2a: NURSE JOY|41/100
|
|upkeep
|turn|83
|
|t:|1645393503
|switch|p2a: DREADLOCKPUBE|Tangela, M, shiny|100/100 tox
|-damage|p2a: DREADLOCKPUBE|88/100 tox|[from] Stealth Rock
|move|p1a: Togedemaru|Iron Head|p2a: DREADLOCKPUBE
|-damage|p2a: DREADLOCKPUBE|75/100 tox
|
|-damage|p2a: DREADLOCKPUBE|69/100 tox|[from] psn
|upkeep
|turn|84
|inactive|Ekelbart has 120 seconds left.
|
|t:|1645393508
|move|p1a: Togedemaru|U-turn|p2a: DREADLOCKPUBE
|-supereffective|p2a: DREADLOCKPUBE
|-damage|p2a: DREADLOCKPUBE|54/100 tox
|inactive|Ekelbart has 120 seconds left.
|
|t:|1645393528
|switch|p1a: Lurantis|Lurantis, F|75/100|[from]move: U-turn
|-damage|p1a: Lurantis|63/100|[from] Stealth Rock
|move|p2a: DREADLOCKPUBE|Leech Seed|p1a: Lurantis
|-immune|p1a: Lurantis
|
|-damage|p2a: DREADLOCKPUBE|42/100 tox|[from] psn
|upkeep
|turn|85
|
|t:|1645393538
|switch|p2a: Eldegoss|Eldegoss, M, shiny|61/100
|-damage|p2a: Eldegoss|49/100|[from] Stealth Rock
|move|p1a: Lurantis|Knock Off|p2a: Eldegoss
|-damage|p2a: Eldegoss|32/100
|
|upkeep
|turn|86
|inactive|Ekelbart has 120 seconds left.
|
|t:|1645393547
|switch|p2a: DREADLOCKPUBE|Tangela, M, shiny|75/100 tox
|-damage|p2a: DREADLOCKPUBE|63/100 tox|[from] Stealth Rock
|switch|p1a: Charizard|Charizard, F|100/100
|
|-damage|p2a: DREADLOCKPUBE|57/100 tox|[from] psn
|upkeep
|turn|87
|
|t:|1645393552
|switch|p2a: BARRIER REEF|Corsola, F, shiny|100/100 tox
|-damage|p2a: BARRIER REEF|88/100 tox|[from] Stealth Rock
|move|p1a: Charizard|Flamethrower|p2a: BARRIER REEF
|-resisted|p2a: BARRIER REEF
|-damage|p2a: BARRIER REEF|77/100 tox
|
|-damage|p2a: BARRIER REEF|71/100 tox|[from] psn
|upkeep
|turn|88
|
|t:|1645393556
|move|p1a: Charizard|Flamethrower|p2a: BARRIER REEF
|-resisted|p2a: BARRIER REEF
|-damage|p2a: BARRIER REEF|59/100 tox
|move|p2a: BARRIER REEF|Toxic|p1a: Charizard
|-status|p1a: Charizard|tox
|
|-damage|p1a: Charizard|94/100 tox|[from] psn
|-damage|p2a: BARRIER REEF|47/100 tox|[from] psn
|upkeep
|turn|89
|c|☆MentalAdversity|THANK U LORD
|
|t:|1645393562
|move|p1a: Charizard|Flamethrower|p2a: BARRIER REEF
|-resisted|p2a: BARRIER REEF
|-damage|p2a: BARRIER REEF|36/100 tox
|move|p2a: BARRIER REEF|Recover|p2a: BARRIER REEF
|-heal|p2a: BARRIER REEF|86/100 tox
|
|-damage|p1a: Charizard|82/100 tox|[from] psn
|-damage|p2a: BARRIER REEF|68/100 tox|[from] psn
|upkeep
|turn|90
|
|t:|1645393566
|switch|p2a: NURSE JOY|Audino, F, shiny|74/100
|move|p1a: Charizard|Flamethrower|p2a: NURSE JOY
|-damage|p2a: NURSE JOY|45/100
|
|-damage|p1a: Charizard|64/100 tox|[from] psn
|upkeep
|turn|91
|
|t:|1645393573
|switch|p1a: Regirock|Regirock|58/100
|-damage|p1a: Regirock|46/100|[from] Stealth Rock
|switch|p2a: BARRIER REEF|Corsola, F, shiny|100/100 tox
|-damage|p2a: BARRIER REEF|88/100 tox|[from] Stealth Rock
|
|-damage|p2a: BARRIER REEF|82/100 tox|[from] psn
|upkeep
|turn|92
|
|t:|1645393581
|move|p1a: Regirock|Body Press|p2a: BARRIER REEF
|-supereffective|p2a: BARRIER REEF
|-damage|p2a: BARRIER REEF|19/100 tox
|move|p2a: BARRIER REEF|Toxic|p1a: Regirock
|-status|p1a: Regirock|tox
|
|-damage|p1a: Regirock|40/100 tox|[from] psn
|-damage|p2a: BARRIER REEF|7/100 tox|[from] psn
|upkeep
|turn|93
|
|t:|1645393590
|switch|p1a: Sneasel|Sneasel, F|100/100
|-damage|p1a: Sneasel|76/100|[from] Stealth Rock
|switch|p2a: DREADLOCKPUBE|Tangela, M, shiny|90/100 tox
|-damage|p2a: DREADLOCKPUBE|78/100 tox|[from] Stealth Rock
|
|-damage|p2a: DREADLOCKPUBE|72/100 tox|[from] psn
|upkeep
|turn|94
|c|☆MentalAdversity|THANK U LORD
|
|t:|1645393604
|move|p1a: Sneasel|Triple Axel|p2a: DREADLOCKPUBE
|-supereffective|p2a: DREADLOCKPUBE
|-damage|p2a: DREADLOCKPUBE|64/100 tox
|-supereffective|p2a: DREADLOCKPUBE
|-damage|p2a: DREADLOCKPUBE|48/100 tox
|-supereffective|p2a: DREADLOCKPUBE
|-damage|p2a: DREADLOCKPUBE|26/100 tox
|-hitcount|p2a: DREADLOCKPUBE|3
|move|p2a: DREADLOCKPUBE|Leech Seed|p1a: Sneasel
|-start|p1a: Sneasel|move: Leech Seed
|
|-damage|p1a: Sneasel|63/100|[from] Leech Seed|[of] p2a: DREADLOCKPUBE
|-heal|p2a: DREADLOCKPUBE|35/100 tox|[silent]
|-damage|p2a: DREADLOCKPUBE|23/100 tox|[from] psn
|upkeep
|turn|95
|
|t:|1645393621
|switch|p1a: Togedemaru|Togedemaru, M|76/100
|-damage|p1a: Togedemaru|70/100|[from] Stealth Rock
|switch|p2a: BARRIER REEF|Corsola, F, shiny|41/100 tox
|-damage|p2a: BARRIER REEF|28/100 tox|[from] Stealth Rock
|
|-damage|p2a: BARRIER REEF|22/100 tox|[from] psn
|upkeep
|turn|96
|
|t:|1645393626
|switch|p2a: DREADLOCKPUBE|Tangela, M, shiny|56/100 tox
|-damage|p2a: DREADLOCKPUBE|44/100 tox|[from] Stealth Rock
|move|p1a: Togedemaru|Iron Head|p2a: DREADLOCKPUBE
|-damage|p2a: DREADLOCKPUBE|32/100 tox
|
|-damage|p2a: DREADLOCKPUBE|26/100 tox|[from] psn
|upkeep
|turn|97
|
|t:|1645393631
|switch|p2a: NURSE JOY|Audino, F, shiny|78/100
|move|p1a: Togedemaru|Iron Head|p2a: NURSE JOY
|-damage|p2a: NURSE JOY|55/100
|
|upkeep
|turn|98
|
|t:|1645393634
|move|p1a: Togedemaru|Iron Head|p2a: NURSE JOY
|-damage|p2a: NURSE JOY|29/100
|cant|p2a: NURSE JOY|flinch
|
|upkeep
|turn|99
|
|t:|1645393639
|switch|p2a: DREADLOCKPUBE|Tangela, M, shiny|59/100 tox
|-damage|p2a: DREADLOCKPUBE|47/100 tox|[from] Stealth Rock
|move|p1a: Togedemaru|U-turn|p2a: DREADLOCKPUBE
|-supereffective|p2a: DREADLOCKPUBE
|-damage|p2a: DREADLOCKPUBE|34/100 tox
|
|t:|1645393654
|switch|p1a: Sneasel|Sneasel, F|63/100|[from]move: U-turn
|-damage|p1a: Sneasel|39/100|[from] Stealth Rock
|
|-damage|p2a: DREADLOCKPUBE|28/100 tox|[from] psn
|upkeep
|turn|100
|
|t:|1645393669
|switch|p2a: BARRIER REEF|Corsola, F, shiny|56/100 tox
|-damage|p2a: BARRIER REEF|43/100 tox|[from] Stealth Rock
|move|p1a: Sneasel|Knock Off|p2a: BARRIER REEF
|-damage|p2a: BARRIER REEF|24/100 tox
|
|-damage|p2a: BARRIER REEF|18/100 tox|[from] psn
|upkeep
|turn|101
|
|t:|1645393677
|switch|p2a: DREADLOCKPUBE|Tangela, M, shiny|61/100 tox
|-damage|p2a: DREADLOCKPUBE|49/100 tox|[from] Stealth Rock
|move|p1a: Sneasel|Knock Off|p2a: DREADLOCKPUBE
|-damage|p2a: DREADLOCKPUBE|32/100 tox
|-enditem|p2a: DREADLOCKPUBE|Eviolite|[from] move: Knock Off|[of] p1a: Sneasel
|
|-damage|p2a: DREADLOCKPUBE|26/100 tox|[from] psn
|upkeep
|turn|102
|j| MeMore
|
|t:|1645393682
|move|p2a: DREADLOCKPUBE|Protect|p2a: DREADLOCKPUBE
|-singleturn|p2a: DREADLOCKPUBE|Protect
|move|p1a: Sneasel|Knock Off|p2a: DREADLOCKPUBE
|-activate|p2a: DREADLOCKPUBE|move: Protect
|
|-damage|p2a: DREADLOCKPUBE|14/100 tox|[from] psn
|upkeep
|turn|103
|
|t:|1645393686
|switch|p2a: BARRIER REEF|Corsola, F, shiny|51/100 tox
|-damage|p2a: BARRIER REEF|39/100 tox|[from] Stealth Rock
|move|p1a: Sneasel|Knock Off|p2a: BARRIER REEF
|-damage|p2a: BARRIER REEF|19/100 tox
|
|-damage|p2a: BARRIER REEF|13/100 tox|[from] psn
|upkeep
|turn|104
|
|t:|1645393694
|switch|p2a: BLUE JAYS|Articuno|95/100
|-damage|p2a: BLUE JAYS|45/100|[from] Stealth Rock
|-ability|p2a: BLUE JAYS|Pressure
|move|p1a: Sneasel|Knock Off|p2a: BLUE JAYS
|-crit|p2a: BLUE JAYS
|-damage|p2a: BLUE JAYS|7/100
|
|upkeep
|turn|105
|
|t:|1645393703
|move|p1a: Sneasel|Knock Off|p2a: BLUE JAYS
|-damage|p2a: BLUE JAYS|0 fnt
|faint|p2a: BLUE JAYS
|
|upkeep
|
|t:|1645393709
|switch|p2a: BARRIER REEF|Corsola, F, shiny|47/100 tox
|-damage|p2a: BARRIER REEF|34/100 tox|[from] Stealth Rock
|turn|106
|j| xHannes
|
|t:|1645393731
|switch|p1a: Togedemaru|Togedemaru, M|70/100
|-damage|p1a: Togedemaru|64/100|[from] Stealth Rock
|move|p2a: BARRIER REEF|Recover|p2a: BARRIER REEF
|-heal|p2a: BARRIER REEF|84/100 tox
|
|-damage|p2a: BARRIER REEF|78/100 tox|[from] psn
|upkeep
|turn|107
|inactive|Ekelbart has 120 seconds left.
|
|t:|1645393743
|switch|p2a: DREADLOCKPUBE|Tangela, M, shiny|47/100 tox
|-damage|p2a: DREADLOCKPUBE|35/100 tox|[from] Stealth Rock
|move|p1a: Togedemaru|Iron Head|p2a: DREADLOCKPUBE
|-damage|p2a: DREADLOCKPUBE|17/100 tox
|
|-damage|p2a: DREADLOCKPUBE|11/100 tox|[from] psn
|upkeep
|turn|108
|j| PUnyTest
|inactive|Ekelbart has 120 seconds left.
|
|t:|1645393751
|switch|p2a: NURSE JOY|Audino, F, shiny|62/100
|move|p1a: Togedemaru|Iron Head|p2a: NURSE JOY
|-damage|p2a: NURSE JOY|38/100
|
|upkeep
|turn|109
|
|t:|1645393755
|move|p1a: Togedemaru|Iron Head|p2a: NURSE JOY
|-damage|p2a: NURSE JOY|14/100
|move|p2a: NURSE JOY|Wish|p2a: NURSE JOY
|
|upkeep
|turn|110
|
|t:|1645393765
|switch|p1a: Lurantis|Lurantis, F|63/100
|-damage|p1a: Lurantis|50/100|[from] Stealth Rock
|switch|p2a: DREADLOCKPUBE|Tangela, M, shiny|44/100 tox
|-damage|p2a: DREADLOCKPUBE|32/100 tox|[from] Stealth Rock
|
|-heal|p2a: DREADLOCKPUBE|93/100 tox|[from] move: Wish|[wisher] NURSE JOY
|-damage|p2a: DREADLOCKPUBE|87/100 tox|[from] psn
|upkeep
|turn|111
|inactive|Ekelbart has 120 seconds left.
|
|t:|1645393778
|switch|p2a: Eldegoss|Eldegoss, M, shiny|65/100
|-damage|p2a: Eldegoss|53/100|[from] Stealth Rock
|move|p1a: Lurantis|Synthesis|p1a: Lurantis
|-heal|p1a: Lurantis|100/100
|
|upkeep
|turn|112
|inactive|Ekelbart has 120 seconds left.
|
|t:|1645393789
|switch|p1a: Charizard|Charizard, F|64/100 tox
|move|p2a: Eldegoss|Aromatherapy|p2a: Eldegoss
|-activate|p2a: Eldegoss|move: Aromatherapy
|-curestatus|p2: DREADLOCKPUBE|tox|[msg]
|-curestatus|p2: BARRIER REEF|tox|[msg]
|
|-damage|p1a: Charizard|58/100 tox|[from] psn
|upkeep
|turn|113
|c|☆MentalAdversity|THANK U LORD
|
|t:|1645393808
|move|p2a: Eldegoss|Protect|p2a: Eldegoss
|-singleturn|p2a: Eldegoss|Protect
|move|p1a: Charizard|Roost|p1a: Charizard
|-heal|p1a: Charizard|100/100 tox
|-singleturn|p1a: Charizard|move: Roost
|
|-damage|p1a: Charizard|88/100 tox|[from] psn
|upkeep
|turn|114
|
|t:|1645393818
|switch|p1a: Lurantis|Lurantis, F|100/100
|-damage|p1a: Lurantis|88/100|[from] Stealth Rock
|switch|p2a: BARRIER REEF|Corsola, F, shiny|100/100
|-damage|p2a: BARRIER REEF|88/100|[from] Stealth Rock
|
|upkeep
|turn|115
|l| MeMore
|
|t:|1645393834
|switch|p1a: Togedemaru|Togedemaru, M|64/100
|-damage|p1a: Togedemaru|58/100|[from] Stealth Rock
|move|p2a: BARRIER REEF|Protect||[still]
|-fail|p2a: BARRIER REEF
|
|upkeep
|turn|116
|
|t:|1645393842
|switch|p2a: DREADLOCKPUBE|Tangela, M, shiny|100/100
|-damage|p2a: DREADLOCKPUBE|88/100|[from] Stealth Rock
|move|p1a: Togedemaru|Wish|p1a: Togedemaru
|
|upkeep
|turn|117
|
|t:|1645393847
|move|p1a: Togedemaru|Iron Head|p2a: DREADLOCKPUBE
|-damage|p2a: DREADLOCKPUBE|70/100
|move|p2a: DREADLOCKPUBE|Knock Off|p1a: Togedemaru
|-damage|p1a: Togedemaru|46/100
|
|-heal|p1a: Togedemaru|96/100|[from] move: Wish|[wisher] Togedemaru
|upkeep
|turn|118
|
|t:|1645393850
|move|p1a: Togedemaru|Wish|p1a: Togedemaru
|move|p2a: DREADLOCKPUBE|Leech Seed|p1a: Togedemaru
|-start|p1a: Togedemaru|move: Leech Seed
|
|-damage|p1a: Togedemaru|84/100|[from] Leech Seed|[of] p2a: DREADLOCKPUBE
|-heal|p2a: DREADLOCKPUBE|83/100|[silent]
|upkeep
|turn|119
|
|t:|1645393856
|switch|p1a: Wishiwashi|Wishiwashi, F|70/100 tox
|-damage|p1a: Wishiwashi|58/100 tox|[from] Stealth Rock
|-formechange|p1a: Wishiwashi|Wishiwashi-School||[from] ability: Schooling
|move|p2a: DREADLOCKPUBE|Knock Off|p1a: Wishiwashi
|-damage|p1a: Wishiwashi|45/100 tox
|-enditem|p1a: Wishiwashi|Leftovers|[from] move: Knock Off|[of] p2a: DREADLOCKPUBE
|
|-heal|p1a: Wishiwashi|100/100 tox|[from] move: Wish|[wisher] Togedemaru
|-damage|p1a: Wishiwashi|94/100 tox|[from] psn
|upkeep
|turn|120
|
|t:|1645393865
|move|p2a: DREADLOCKPUBE|Protect|p2a: DREADLOCKPUBE
|-singleturn|p2a: DREADLOCKPUBE|Protect
|move|p1a: Wishiwashi|Toxic|p2a: DREADLOCKPUBE
|-activate|p2a: DREADLOCKPUBE|move: Protect
|
|-damage|p1a: Wishiwashi|82/100 tox|[from] psn
|upkeep
|turn|121
|
|t:|1645393870
|switch|p2a: NURSE JOY|Audino, F, shiny|47/100
|move|p1a: Wishiwashi|Toxic|p2a: NURSE JOY
|-status|p2a: NURSE JOY|tox
|
|-damage|p2a: NURSE JOY|41/100 tox|[from] psn
|-damage|p1a: Wishiwashi|64/100 tox|[from] psn
|upkeep
|turn|122
|
|t:|1645393879
|switch|p2a: Eldegoss|Eldegoss, M, shiny|86/100
|-damage|p2a: Eldegoss|74/100|[from] Stealth Rock
|switch|p1a: Togedemaru|Togedemaru, M|84/100
|-damage|p1a: Togedemaru|78/100|[from] Stealth Rock
|
|upkeep
|turn|123
|
|t:|1645393885
|switch|p2a: DREADLOCKPUBE|Tangela, M, shiny|100/100
|-damage|p2a: DREADLOCKPUBE|88/100|[from] Stealth Rock
|move|p1a: Togedemaru|Wish|p1a: Togedemaru
|
|upkeep
|turn|124
|
|t:|1645393890
|move|p1a: Togedemaru|U-turn|p2a: DREADLOCKPUBE
|-supereffective|p2a: DREADLOCKPUBE
|-crit|p2a: DREADLOCKPUBE
|-damage|p2a: DREADLOCKPUBE|55/100
|
|t:|1645393895
|switch|p1a: Wishiwashi|Wishiwashi, F|64/100 tox|[from]move: U-turn
|-damage|p1a: Wishiwashi|52/100 tox|[from] Stealth Rock
|-formechange|p1a: Wishiwashi|Wishiwashi-School||[from] ability: Schooling
|move|p2a: DREADLOCKPUBE|Knock Off|p1a: Wishiwashi
|-damage|p1a: Wishiwashi|43/100 tox
|
|-heal|p1a: Wishiwashi|99/100 tox|[from] move: Wish|[wisher] Togedemaru
|-damage|p1a: Wishiwashi|94/100 tox|[from] psn
|upkeep
|turn|125
|inactive|Ekelbart has 120 seconds left.
|
|t:|1645393902
|move|p2a: DREADLOCKPUBE|Protect|p2a: DREADLOCKPUBE
|-singleturn|p2a: DREADLOCKPUBE|Protect
|move|p1a: Wishiwashi|U-turn|p2a: DREADLOCKPUBE
|-activate|p2a: DREADLOCKPUBE|move: Protect
|
|-damage|p1a: Wishiwashi|81/100 tox|[from] psn
|upkeep
|turn|126
|
|t:|1645393907
|switch|p2a: NURSE JOY|Audino, F, shiny|74/100 tox
|move|p1a: Wishiwashi|U-turn|p2a: NURSE JOY
|-damage|p2a: NURSE JOY|55/100 tox
|inactive|Ekelbart has 120 seconds left.
|
|t:|1645393923
|switch|p1a: Togedemaru|Togedemaru, M|78/100|[from]move: U-turn
|-damage|p1a: Togedemaru|72/100|[from] Stealth Rock
|
|-damage|p2a: NURSE JOY|49/100 tox|[from] psn
|upkeep
|turn|127
|
|t:|1645393930
|switch|p2a: DREADLOCKPUBE|Tangela, M, shiny|88/100
|-damage|p2a: DREADLOCKPUBE|76/100|[from] Stealth Rock
|move|p1a: Togedemaru|Wish|p1a: Togedemaru
|
|upkeep
|turn|128
|
|t:|1645393933
|switch|p1a: Regirock|Regirock|40/100 tox
|-damage|p1a: Regirock|27/100 tox|[from] Stealth Rock
|move|p2a: DREADLOCKPUBE|Leech Seed|p1a: Regirock
|-start|p1a: Regirock|move: Leech Seed
|
|-heal|p1a: Regirock|73/100 tox|[from] move: Wish|[wisher] Togedemaru
|-damage|p1a: Regirock|61/100 tox|[from] Leech Seed|[of] p2a: DREADLOCKPUBE
|-heal|p2a: DREADLOCKPUBE|89/100|[silent]
|-damage|p1a: Regirock|55/100 tox|[from] psn
|upkeep
|turn|129
|
|t:|1645393941
|switch|p1a: Togedemaru|Togedemaru, M|72/100
|-damage|p1a: Togedemaru|66/100|[from] Stealth Rock
|move|p2a: DREADLOCKPUBE|Protect||[still]
|-fail|p2a: DREADLOCKPUBE
|
|upkeep
|turn|130
|inactive|Ekelbart has 120 seconds left.
|
|t:|1645393952
|move|p1a: Togedemaru|Iron Head|p2a: DREADLOCKPUBE
|-damage|p2a: DREADLOCKPUBE|70/100
|cant|p2a: DREADLOCKPUBE|flinch
|
|upkeep
|turn|131
|inactive|Ekelbart has 120 seconds left.
|
|t:|1645393957
|move|p1a: Togedemaru|Iron Head|p2a: DREADLOCKPUBE
|-damage|p2a: DREADLOCKPUBE|52/100
|move|p2a: DREADLOCKPUBE|Leech Seed|p1a: Togedemaru
|-start|p1a: Togedemaru|move: Leech Seed
|
|-damage|p1a: Togedemaru|54/100|[from] Leech Seed|[of] p2a: DREADLOCKPUBE
|-heal|p2a: DREADLOCKPUBE|65/100|[silent]
|upkeep
|turn|132
|
|t:|1645393962
|switch|p2a: Eldegoss|Eldegoss, M, shiny|100/100
|-damage|p2a: Eldegoss|88/100|[from] Stealth Rock
|move|p1a: Togedemaru|Wish|p1a: Togedemaru
|
|-damage|p1a: Togedemaru|42/100|[from] Leech Seed|[of] p2a: Eldegoss
|-heal|p2a: Eldegoss|100/100|[silent]
|upkeep
|turn|133
|
|t:|1645393968
|move|p1a: Togedemaru|Spiky Shield|p1a: Togedemaru
|-singleturn|p1a: Togedemaru|move: Protect
|move|p2a: Eldegoss|Rapid Spin|p1a: Togedemaru
|-activate|p1a: Togedemaru|move: Protect
|-damage|p2a: Eldegoss|88/100|[from] Spiky Shield|[of] p1a: Togedemaru
|
|-heal|p1a: Togedemaru|92/100|[from] move: Wish|[wisher] Togedemaru
|-damage|p1a: Togedemaru|79/100|[from] Leech Seed|[of] p2a: Eldegoss
|-heal|p2a: Eldegoss|100/100|[silent]
|upkeep
|turn|134
|
|t:|1645393977
|move|p1a: Togedemaru|U-turn|p2a: Eldegoss
|-supereffective|p2a: Eldegoss
|-crit|p2a: Eldegoss
|-damage|p2a: Eldegoss|41/100
|
|t:|1645393983
|switch|p1a: Charizard|Charizard, F|88/100 tox|[from]move: U-turn
|move|p2a: Eldegoss|Rapid Spin|p1a: Charizard
|-damage|p1a: Charizard|79/100 tox
|-boost|p2a: Eldegoss|spe|1
|-sideend|p2: MentalAdversity|Stealth Rock|[from] move: Rapid Spin|[of] p2a: Eldegoss
|
|-damage|p1a: Charizard|73/100 tox|[from] psn
|upkeep
|turn|135
|
|t:|1645393988
|move|p2a: Eldegoss|Protect|p2a: Eldegoss
|-singleturn|p2a: Eldegoss|Protect
|move|p1a: Charizard|Defog|p2a: Eldegoss
|-activate|p2a: Eldegoss|move: Protect
|
|-damage|p1a: Charizard|61/100 tox|[from] psn
|upkeep
|turn|136
|
|t:|1645393991
|switch|p2a: BARRIER REEF|Corsola, F, shiny|100/100
|move|p1a: Charizard|Defog|p2a: BARRIER REEF
|-unboost|p2a: BARRIER REEF|evasion|1
|-sideend|p1: Ekelbart|Stealth Rock|[from] move: Defog|[of] p1a: Charizard
|
|-damage|p1a: Charizard|43/100 tox|[from] psn
|upkeep
|turn|137
|
|t:|1645393995
|switch|p1a: Regirock|Regirock|55/100 tox
|move|p2a: BARRIER REEF|Stealth Rock|p1a: Regirock
|-sidestart|p1: Ekelbart|move: Stealth Rock
|
|-damage|p1a: Regirock|49/100 tox|[from] psn
|upkeep
|turn|138
|c|☆MentalAdversity|THANK U LORD
|
|t:|1645394004
|switch|p2a: DREADLOCKPUBE|Tangela, M, shiny|98/100
|move|p1a: Regirock|Stealth Rock|p2a: DREADLOCKPUBE
|-sidestart|p2: MentalAdversity|move: Stealth Rock
|
|-damage|p1a: Regirock|36/100 tox|[from] psn
|upkeep
|turn|139
|
|t:|1645394010
|switch|p1a: Togedemaru|Togedemaru, M|79/100
|-damage|p1a: Togedemaru|73/100|[from] Stealth Rock
|move|p2a: DREADLOCKPUBE|Knock Off|p1a: Togedemaru
|-damage|p1a: Togedemaru|60/100
|
|upkeep
|turn|140
|c| xHannes|666
|
|t:|1645394030
|move|p1a: Togedemaru|Spiky Shield|p1a: Togedemaru
|-singleturn|p1a: Togedemaru|move: Protect
|move|p2a: DREADLOCKPUBE|Leech Seed|p1a: Togedemaru
|-activate|p1a: Togedemaru|move: Protect
|
|upkeep
|turn|141
|
|t:|1645394037
|switch|p1a: Lurantis|Lurantis, F|88/100
|-damage|p1a: Lurantis|75/100|[from] Stealth Rock
|move|p2a: DREADLOCKPUBE|Knock Off|p1a: Lurantis
|-damage|p1a: Lurantis|69/100
|
|upkeep
|turn|142
|
|t:|1645394046
|move|p2a: DREADLOCKPUBE|Protect|p2a: DREADLOCKPUBE
|-singleturn|p2a: DREADLOCKPUBE|Protect
|move|p1a: Lurantis|Knock Off|p2a: DREADLOCKPUBE
|-activate|p2a: DREADLOCKPUBE|move: Protect
|
|upkeep
|turn|143
|
|t:|1645394050
|move|p2a: DREADLOCKPUBE|Knock Off|p1a: Lurantis
|-damage|p1a: Lurantis|62/100
|move|p1a: Lurantis|Knock Off|p2a: DREADLOCKPUBE
|-damage|p2a: DREADLOCKPUBE|88/100
|
|upkeep
|turn|144
|
|t:|1645394056
|move|p2a: DREADLOCKPUBE|Knock Off|p1a: Lurantis
|-damage|p1a: Lurantis|55/100
|move|p1a: Lurantis|Knock Off|p2a: DREADLOCKPUBE
|-damage|p2a: DREADLOCKPUBE|79/100
|
|upkeep
|turn|145
|
|t:|1645394063
|switch|p2a: Eldegoss|Eldegoss, M, shiny|75/100
|-damage|p2a: Eldegoss|62/100|[from] Stealth Rock
|move|p1a: Lurantis|Synthesis|p1a: Lurantis
|-heal|p1a: Lurantis|100/100
|
|upkeep
|turn|146
|
|t:|1645394072
|switch|p2a: DREADLOCKPUBE|Tangela, M, shiny|100/100
|-damage|p2a: DREADLOCKPUBE|88/100|[from] Stealth Rock
|switch|p1a: Togedemaru|Togedemaru, M|60/100
|-damage|p1a: Togedemaru|54/100|[from] Stealth Rock
|
|upkeep
|turn|147
|
|t:|1645394080
|move|p1a: Togedemaru|Wish|p1a: Togedemaru
|move|p2a: DREADLOCKPUBE|Knock Off|p1a: Togedemaru
|-damage|p1a: Togedemaru|42/100
|
|upkeep
|turn|148
|
|t:|1645394089
|move|p1a: Togedemaru|Iron Head|p2a: DREADLOCKPUBE
|-damage|p2a: DREADLOCKPUBE|70/100
|cant|p2a: DREADLOCKPUBE|flinch
|
|-heal|p1a: Togedemaru|92/100|[from] move: Wish|[wisher] Togedemaru
|upkeep
|turn|149
|
|t:|1645394105
|move|p1a: Togedemaru|Wish|p1a: Togedemaru
|move|p2a: DREADLOCKPUBE|Knock Off|p1a: Togedemaru
|-damage|p1a: Togedemaru|81/100
|
|upkeep
|turn|150
|
|t:|1645394109
|move|p1a: Togedemaru|U-turn|p2a: DREADLOCKPUBE
|-supereffective|p2a: DREADLOCKPUBE
|-damage|p2a: DREADLOCKPUBE|50/100
|
|t:|1645394112
|switch|p1a: Regirock|Regirock|36/100 tox|[from]move: U-turn
|-damage|p1a: Regirock|24/100 tox|[from] Stealth Rock
|move|p2a: DREADLOCKPUBE|Leech Seed|p1a: Regirock
|-start|p1a: Regirock|move: Leech Seed
|
|-heal|p1a: Regirock|70/100 tox|[from] move: Wish|[wisher] Togedemaru
|-damage|p1a: Regirock|58/100 tox|[from] Leech Seed|[of] p2a: DREADLOCKPUBE
|-heal|p2a: DREADLOCKPUBE|64/100|[silent]
|-damage|p1a: Regirock|52/100 tox|[from] psn
|upkeep
|turn|151
|
|t:|1645394118
|switch|p1a: Togedemaru|Togedemaru, M|81/100
|-damage|p1a: Togedemaru|75/100|[from] Stealth Rock
|move|p2a: DREADLOCKPUBE|Protect||[still]
|-fail|p2a: DREADLOCKPUBE
|
|upkeep
|turn|152
|
|t:|1645394131
|switch|p2a: Eldegoss|Eldegoss, M, shiny|96/100
|-damage|p2a: Eldegoss|83/100|[from] Stealth Rock
|move|p1a: Togedemaru|U-turn|p2a: Eldegoss
|-supereffective|p2a: Eldegoss
|-damage|p2a: Eldegoss|47/100
|
|t:|1645394138
|switch|p1a: Charizard|Charizard, F|43/100 tox|[from]move: U-turn
|
|-damage|p1a: Charizard|37/100 tox|[from] psn
|upkeep
|turn|153
|
|t:|1645394141
|switch|p2a: BARRIER REEF|Corsola, F, shiny|100/100
|-damage|p2a: BARRIER REEF|88/100|[from] Stealth Rock
|move|p1a: Charizard|Roost|p1a: Charizard
|-heal|p1a: Charizard|87/100 tox
|-singleturn|p1a: Charizard|move: Roost
|
|-damage|p1a: Charizard|75/100 tox|[from] psn
|upkeep
|turn|154
|inactive|Ekelbart has 120 seconds left.
|
|t:|1645394167
|switch|p1a: Togedemaru|Togedemaru, M|75/100
|-damage|p1a: Togedemaru|69/100|[from] Stealth Rock
|switch|p2a: NURSE JOY|Audino, F, shiny|82/100 tox
|
|-damage|p2a: NURSE JOY|76/100 tox|[from] psn
|upkeep
|turn|155
|inactive|Ekelbart has 120 seconds left.
|
|t:|1645394179
|switch|p2a: BARRIER REEF|Corsola, F, shiny|100/100
|-damage|p2a: BARRIER REEF|88/100|[from] Stealth Rock
|move|p1a: Togedemaru|U-turn|p2a: BARRIER REEF
|-damage|p2a: BARRIER REEF|77/100
|
|t:|1645394187
|switch|p1a: Lurantis|Lurantis, F|100/100|[from]move: U-turn
|-damage|p1a: Lurantis|88/100|[from] Stealth Rock
|
|upkeep
|turn|156
|
|t:|1645394194
|switch|p2a: DREADLOCKPUBE|Tangela, M, shiny|97/100
|-damage|p2a: DREADLOCKPUBE|85/100|[from] Stealth Rock
|move|p1a: Lurantis|Knock Off|p2a: DREADLOCKPUBE
|-damage|p2a: DREADLOCKPUBE|75/100
|
|upkeep
|turn|157
|inactive|Ekelbart has 120 seconds left.
|
|t:|1645394206
|switch|p2a: Eldegoss|Eldegoss, M, shiny|80/100
|-damage|p2a: Eldegoss|68/100|[from] Stealth Rock
|move|p1a: Lurantis|Knock Off|p2a: Eldegoss
|-damage|p2a: Eldegoss|52/100
|
|upkeep
|turn|158
|
|t:|1645394215
|switch|p2a: DREADLOCKPUBE|Tangela, M, shiny|100/100
|-damage|p2a: DREADLOCKPUBE|88/100|[from] Stealth Rock
|move|p1a: Lurantis|Knock Off|p2a: DREADLOCKPUBE
|-crit|p2a: DREADLOCKPUBE
|-damage|p2a: DREADLOCKPUBE|73/100
|
|upkeep
|turn|159
|
|t:|1645394219
|switch|p2a: Eldegoss|Eldegoss, M, shiny|85/100
|-damage|p2a: Eldegoss|73/100|[from] Stealth Rock
|move|p1a: Lurantis|Leaf Storm|p2a: Eldegoss
|-resisted|p2a: Eldegoss
|-damage|p2a: Eldegoss|61/100
|-boost|p1a: Lurantis|spa|2
|
|upkeep
|turn|160
|inactive|Ekelbart has 120 seconds left.
|
|t:|1645394228
|switch|p2a: DREADLOCKPUBE|Tangela, M, shiny|100/100
|-damage|p2a: DREADLOCKPUBE|88/100|[from] Stealth Rock
|move|p1a: Lurantis|Knock Off|p2a: DREADLOCKPUBE
|-damage|p2a: DREADLOCKPUBE|78/100
|
|upkeep
|turn|161
|
|t:|1645394232
|switch|p2a: Eldegoss|Eldegoss, M, shiny|94/100
|-damage|p2a: Eldegoss|82/100|[from] Stealth Rock
|move|p1a: Lurantis|Knock Off|p2a: Eldegoss
|-damage|p2a: Eldegoss|65/100
|
|upkeep
|turn|162
|
|t:|1645394236
|switch|p2a: DREADLOCKPUBE|Tangela, M, shiny|100/100
|-damage|p2a: DREADLOCKPUBE|88/100|[from] Stealth Rock
|move|p1a: Lurantis|Leaf Storm|p2a: DREADLOCKPUBE
|-resisted|p2a: DREADLOCKPUBE
|-damage|p2a: DREADLOCKPUBE|8/100
|-boost|p1a: Lurantis|spa|2
|
|upkeep
|turn|163
|inactive|Ekelbart has 120 seconds left.
|
|t:|1645394260
|switch|p2a: Eldegoss|Eldegoss, M, shiny|99/100
|-damage|p2a: Eldegoss|86/100|[from] Stealth Rock
|move|p1a: Lurantis|Knock Off|p2a: Eldegoss
|-damage|p2a: Eldegoss|71/100
|
|upkeep
|turn|164
|
|t:|1645394267
|move|p2a: Eldegoss|Rapid Spin|p1a: Lurantis
|-damage|p1a: Lurantis|84/100
|-boost|p2a: Eldegoss|spe|1
|-sideend|p2: MentalAdversity|Stealth Rock|[from] move: Rapid Spin|[of] p2a: Eldegoss
|move|p1a: Lurantis|Knock Off|p2a: Eldegoss
|-damage|p2a: Eldegoss|54/100
|
|upkeep
|turn|165
|
|t:|1645394271
|move|p2a: Eldegoss|Protect|p2a: Eldegoss
|-singleturn|p2a: Eldegoss|Protect
|move|p1a: Lurantis|Knock Off|p2a: Eldegoss
|-activate|p2a: Eldegoss|move: Protect
|
|upkeep
|turn|166
|
|t:|1645394275
|switch|p2a: NURSE JOY|Audino, F, shiny|100/100 tox
|move|p1a: Lurantis|Knock Off|p2a: NURSE JOY
|-damage|p2a: NURSE JOY|81/100 tox
|-enditem|p2a: NURSE JOY|Heavy-Duty Boots|[from] move: Knock Off|[of] p1a: Lurantis
|
|-damage|p2a: NURSE JOY|75/100 tox|[from] psn
|upkeep
|turn|167
|inactive|Ekelbart has 120 seconds left.
|
|t:|1645394288
|switch|p2a: Eldegoss|Eldegoss, M, shiny|87/100
|move|p1a: Lurantis|Leaf Storm|p2a: Eldegoss
|-resisted|p2a: Eldegoss
|-damage|p2a: Eldegoss|52/100
|-boost|p1a: Lurantis|spa|2
|
|upkeep
|turn|168
|inactive|Ekelbart has 120 seconds left.
|c|☆MentalAdversity|THANK U LORD
|
|t:|1645394303
|switch|p2a: DREADLOCKPUBE|Tangela, M, shiny|41/100
|switch|p1a: Charizard|Charizard, F|75/100 tox
|
|-damage|p1a: Charizard|69/100 tox|[from] psn
|upkeep
|turn|169
|
|t:|1645394313
|switch|p2a: BARRIER REEF|Corsola, F, shiny|100/100
|move|p1a: Charizard|Defog|p2a: BARRIER REEF
|-unboost|p2a: BARRIER REEF|evasion|1
|-sideend|p1: Ekelbart|Stealth Rock|[from] move: Defog|[of] p1a: Charizard
|
|-damage|p1a: Charizard|56/100 tox|[from] psn
|upkeep
|turn|170
|
|t:|1645394315
|switch|p1a: Regirock|Regirock|52/100 tox
|move|p2a: BARRIER REEF|Stealth Rock|p1a: Regirock
|-sidestart|p1: Ekelbart|move: Stealth Rock
|
|-damage|p1a: Regirock|46/100 tox|[from] psn
|upkeep
|turn|171
|
|t:|1645394321
|move|p2a: BARRIER REEF|Protect|p2a: BARRIER REEF
|-singleturn|p2a: BARRIER REEF|Protect
|move|p1a: Regirock|Stealth Rock|p2a: BARRIER REEF
|-sidestart|p2: MentalAdversity|move: Stealth Rock
|
|-damage|p1a: Regirock|33/100 tox|[from] psn
|upkeep
|turn|172
|inactive|Ekelbart has 120 seconds left.
|
|t:|1645394336
|switch|p1a: Togedemaru|Togedemaru, M|69/100
|-damage|p1a: Togedemaru|63/100|[from] Stealth Rock
|move|p2a: BARRIER REEF|Protect||[still]
|-fail|p2a: BARRIER REEF
|
|upkeep
|turn|173
|
|t:|1645394343
|switch|p2a: DREADLOCKPUBE|Tangela, M, shiny|74/100
|-damage|p2a: DREADLOCKPUBE|62/100|[from] Stealth Rock
|move|p1a: Togedemaru|Wish|p1a: Togedemaru
|
|upkeep
|turn|174
|
|t:|1645394350
|move|p1a: Togedemaru|U-turn|p2a: DREADLOCKPUBE
|-supereffective|p2a: DREADLOCKPUBE
|-damage|p2a: DREADLOCKPUBE|40/100
|
|t:|1645394357
|switch|p1a: Regirock|Regirock|33/100 tox|[from]move: U-turn
|-damage|p1a: Regirock|21/100 tox|[from] Stealth Rock
|move|p2a: DREADLOCKPUBE|Knock Off|p1a: Regirock
|-damage|p1a: Regirock|17/100 tox
|
|-heal|p1a: Regirock|63/100 tox|[from] move: Wish|[wisher] Togedemaru
|-damage|p1a: Regirock|57/100 tox|[from] psn
|upkeep
|turn|175
|
|t:|1645394368
|move|p2a: DREADLOCKPUBE|Protect|p2a: DREADLOCKPUBE
|-singleturn|p2a: DREADLOCKPUBE|Protect
|move|p1a: Regirock|Body Press|p2a: DREADLOCKPUBE
|-activate|p2a: DREADLOCKPUBE|move: Protect
|
|-damage|p1a: Regirock|45/100 tox|[from] psn
|upkeep
|turn|176
|
|t:|1645394371
|switch|p2a: BARRIER REEF|Corsola, F, shiny|100/100
|-damage|p2a: BARRIER REEF|88/100|[from] Stealth Rock
|move|p1a: Regirock|Toxic|p2a: BARRIER REEF
|-status|p2a: BARRIER REEF|tox
|
|-damage|p1a: Regirock|27/100 tox|[from] psn
|-damage|p2a: BARRIER REEF|82/100 tox|[from] psn
|upkeep
|turn|177
|
|t:|1645394379
|switch|p1a: Togedemaru|Togedemaru, M|63/100
|-damage|p1a: Togedemaru|57/100|[from] Stealth Rock
|move|p2a: BARRIER REEF|Protect||[still]
|-fail|p2a: BARRIER REEF
|
|-damage|p2a: BARRIER REEF|70/100 tox|[from] psn
|upkeep
|turn|178
|
|t:|1645394385
|switch|p2a: NURSE JOY|Audino, F, shiny|100/100 tox
|-damage|p2a: NURSE JOY|88/100 tox|[from] Stealth Rock
|move|p1a: Togedemaru|U-turn|p2a: NURSE JOY
|-damage|p2a: NURSE JOY|72/100 tox
|
|t:|1645394398
|switch|p1a: Wishiwashi|Wishiwashi, F|81/100 tox|[from]move: U-turn
|-damage|p1a: Wishiwashi|69/100 tox|[from] Stealth Rock
|-formechange|p1a: Wishiwashi|Wishiwashi-School||[from] ability: Schooling
|
|-damage|p2a: NURSE JOY|66/100 tox|[from] psn
|-damage|p1a: Wishiwashi|63/100 tox|[from] psn
|upkeep
|turn|179
|
|t:|1645394403
|move|p2a: NURSE JOY|Wish|p2a: NURSE JOY
|move|p1a: Wishiwashi|U-turn|p2a: NURSE JOY
|-damage|p2a: NURSE JOY|47/100 tox
|inactive|Ekelbart has 90 seconds left.
|
|t:|1645394442
|switch|p1a: Sneasel|Sneasel, F|39/100|[from]move: U-turn
|-damage|p1a: Sneasel|14/100|[from] Stealth Rock
|
|-damage|p2a: NURSE JOY|34/100 tox|[from] psn
|upkeep
|turn|180
|
|t:|1645394453
|switch|p2a: BARRIER REEF|Corsola, F, shiny|100/100 tox
|-damage|p2a: BARRIER REEF|88/100 tox|[from] Stealth Rock
|move|p1a: Sneasel|Triple Axel|p2a: BARRIER REEF
|-resisted|p2a: BARRIER REEF
|-damage|p2a: BARRIER REEF|85/100 tox
|-resisted|p2a: BARRIER REEF
|-damage|p2a: BARRIER REEF|79/100 tox
|-resisted|p2a: BARRIER REEF
|-damage|p2a: BARRIER REEF|69/100 tox
|-hitcount|p2a: BARRIER REEF|3
|
|-heal|p2a: BARRIER REEF|100/100 tox|[from] move: Wish|[wisher] NURSE JOY
|-damage|p2a: BARRIER REEF|95/100 tox|[from] psn
|upkeep
|turn|181
|inactive|Ekelbart has 60 seconds left.
|c|☆MentalAdversity|THANK U LORD
|
|t:|1645394468
|switch|p1a: Togedemaru|Togedemaru, M|57/100
|-damage|p1a: Togedemaru|51/100|[from] Stealth Rock
|move|p2a: BARRIER REEF|Toxic|p1a: Togedemaru
|-immune|p1a: Togedemaru
|
|-damage|p2a: BARRIER REEF|83/100 tox|[from] psn
|upkeep
|turn|182
|
|t:|1645394478
|switch|p2a: DREADLOCKPUBE|Tangela, M, shiny|73/100
|-damage|p2a: DREADLOCKPUBE|61/100|[from] Stealth Rock
|move|p1a: Togedemaru|Iron Head|p2a: DREADLOCKPUBE
|-damage|p2a: DREADLOCKPUBE|43/100
|
|upkeep
|turn|183
|
|t:|1645394484
|switch|p2a: BARRIER REEF|Corsola, F, shiny|100/100 tox
|-damage|p2a: BARRIER REEF|88/100 tox|[from] Stealth Rock
|move|p1a: Togedemaru|Iron Head|p2a: BARRIER REEF
|-damage|p2a: BARRIER REEF|67/100 tox
|
|-damage|p2a: BARRIER REEF|61/100 tox|[from] psn
|upkeep
|turn|184
|
|t:|1645394488
|move|p2a: BARRIER REEF|Protect|p2a: BARRIER REEF
|-singleturn|p2a: BARRIER REEF|Protect
|move|p1a: Togedemaru|Wish|p1a: Togedemaru
|
|-damage|p2a: BARRIER REEF|49/100 tox|[from] psn
|upkeep
|turn|185
|
|t:|1645394492
|switch|p2a: DREADLOCKPUBE|Tangela, M, shiny|76/100
|-damage|p2a: DREADLOCKPUBE|64/100|[from] Stealth Rock
|move|p1a: Togedemaru|U-turn|p2a: DREADLOCKPUBE
|-supereffective|p2a: DREADLOCKPUBE
|-damage|p2a: DREADLOCKPUBE|42/100
|
|t:|1645394497
|switch|p1a: Regirock|Regirock|27/100 tox|[from]move: U-turn
|-damage|p1a: Regirock|15/100 tox|[from] Stealth Rock
|
|-heal|p1a: Regirock|60/100 tox|[from] move: Wish|[wisher] Togedemaru
|-damage|p1a: Regirock|54/100 tox|[from] psn
|upkeep
|turn|186
|
|t:|1645394513
|move|p2a: DREADLOCKPUBE|Protect|p2a: DREADLOCKPUBE
|-singleturn|p2a: DREADLOCKPUBE|Protect
|move|p1a: Regirock|Toxic|p2a: DREADLOCKPUBE
|-activate|p2a: DREADLOCKPUBE|move: Protect
|
|-damage|p1a: Regirock|42/100 tox|[from] psn
|upkeep
|turn|187
|
|t:|1645394519
|switch|p2a: BARRIER REEF|Corsola, F, shiny|82/100 tox
|-damage|p2a: BARRIER REEF|70/100 tox|[from] Stealth Rock
|move|p1a: Regirock|Toxic|p2a: BARRIER REEF|[miss]
|-miss|p1a: Regirock|p2a: BARRIER REEF
|
|-damage|p1a: Regirock|24/100 tox|[from] psn
|-damage|p2a: BARRIER REEF|64/100 tox|[from] psn
|upkeep
|turn|188
|inactive|Ekelbart has 30 seconds left.
|
|t:|1645394538
|switch|p1a: Togedemaru|Togedemaru, M|51/100
|-damage|p1a: Togedemaru|45/100|[from] Stealth Rock
|switch|p2a: DREADLOCKPUBE|Tangela, M, shiny|75/100
|-damage|p2a: DREADLOCKPUBE|63/100|[from] Stealth Rock
|
|upkeep
|turn|189
|inactive|Ekelbart has 30 seconds left this turn.
|
|t:|1645394548
|move|p1a: Togedemaru|Wish|p1a: Togedemaru
|move|p2a: DREADLOCKPUBE|Leech Seed|p1a: Togedemaru
|-start|p1a: Togedemaru|move: Leech Seed
|
|-damage|p1a: Togedemaru|33/100|[from] Leech Seed|[of] p2a: DREADLOCKPUBE
|-heal|p2a: DREADLOCKPUBE|75/100|[silent]
|upkeep
|turn|190
|inactive|Ekelbart has 25 seconds left this turn.
|inactive|Ekelbart has 20 seconds left.
|
|t:|1645394554
|move|p1a: Togedemaru|Spiky Shield|p1a: Togedemaru
|-singleturn|p1a: Togedemaru|move: Protect
|move|p2a: DREADLOCKPUBE|Knock Off|p1a: Togedemaru
|-activate|p1a: Togedemaru|move: Protect
|-damage|p2a: DREADLOCKPUBE|63/100|[from] Spiky Shield|[of] p1a: Togedemaru
|
|-heal|p1a: Togedemaru|83/100|[from] move: Wish|[wisher] Togedemaru
|-damage|p1a: Togedemaru|70/100|[from] Leech Seed|[of] p2a: DREADLOCKPUBE
|-heal|p2a: DREADLOCKPUBE|75/100|[silent]
|upkeep
|turn|191
|inactive|Ekelbart has 25 seconds left this turn.
|inactive|Ekelbart has 20 seconds left.
|
|t:|1645394560
|move|p1a: Togedemaru|U-turn|p2a: DREADLOCKPUBE
|-supereffective|p2a: DREADLOCKPUBE
|-damage|p2a: DREADLOCKPUBE|56/100
|inactive|Ekelbart has 20 seconds left this turn.
|
|t:|1645394563
|switch|p1a: Lurantis|Lurantis, F|84/100|[from]move: U-turn
|-damage|p1a: Lurantis|71/100|[from] Stealth Rock
|move|p2a: DREADLOCKPUBE|Knock Off|p1a: Lurantis
|-damage|p1a: Lurantis|64/100
|
|upkeep
|turn|192
|inactive|Ekelbart has 25 seconds left this turn.
|inactive|Ekelbart has 20 seconds left.
|inactive|Ekelbart has 15 seconds left.
|
|t:|1645394578
|switch|p2a: Eldegoss|Eldegoss, M, shiny|86/100
|-damage|p2a: Eldegoss|73/100|[from] Stealth Rock
|switch|p1a: Charizard|Charizard, F|56/100 tox
|
|-damage|p1a: Charizard|50/100 tox|[from] psn
|upkeep
|turn|193
|inactive|Ekelbart has 15 seconds left this turn.
|inactive|Ekelbart has 10 seconds left.
|
|t:|1645394584
|move|p2a: Eldegoss|Protect|p2a: Eldegoss
|-singleturn|p2a: Eldegoss|Protect
|move|p1a: Charizard|Roost|p1a: Charizard
|-heal|p1a: Charizard|100/100 tox
|-singleturn|p1a: Charizard|move: Roost
|
|-damage|p1a: Charizard|88/100 tox|[from] psn
|upkeep
|turn|194
|inactive|Ekelbart has 15 seconds left this turn.
|inactive|Ekelbart has 10 seconds left.
|
|t:|1645394589
|switch|p1a: Togedemaru|Togedemaru, M|70/100
|-damage|p1a: Togedemaru|64/100|[from] Stealth Rock
|switch|p2a: BARRIER REEF|Corsola, F, shiny|97/100 tox
|-damage|p2a: BARRIER REEF|85/100 tox|[from] Stealth Rock
|
|-damage|p2a: BARRIER REEF|79/100 tox|[from] psn
|upkeep
|turn|195
|inactive|Ekelbart has 10 seconds left this turn.
|inactive|Ekelbart has 5 seconds left.
|
|t:|1645394596
|switch|p2a: DREADLOCKPUBE|Tangela, M, shiny|89/100
|-damage|p2a: DREADLOCKPUBE|77/100|[from] Stealth Rock
|move|p1a: Togedemaru|Iron Head|p2a: DREADLOCKPUBE
|-damage|p2a: DREADLOCKPUBE|59/100
|
|upkeep
|turn|196
|inactive|Ekelbart has 10 seconds left this turn.
|inactive|Ekelbart has 5 seconds left.
|
|t:|1645394602
|move|p1a: Togedemaru|U-turn|p2a: DREADLOCKPUBE
|-supereffective|p2a: DREADLOCKPUBE
|-damage|p2a: DREADLOCKPUBE|37/100
|inactive|Ekelbart has 5 seconds left this turn.
|
|t:|1645394606
|switch|p1a: Charizard|Charizard, F|88/100 tox|[from]move: U-turn
|move|p2a: DREADLOCKPUBE|Leech Seed|p1a: Charizard
|-start|p1a: Charizard|move: Leech Seed
|
|-damage|p1a: Charizard|76/100 tox|[from] Leech Seed|[of] p2a: DREADLOCKPUBE
|-heal|p2a: DREADLOCKPUBE|48/100|[silent]
|-damage|p1a: Charizard|70/100 tox|[from] psn
|upkeep
|turn|197
|inactive|Ekelbart has 10 seconds left this turn.
|
|t:|1645394610
|switch|p2a: BARRIER REEF|Corsola, F, shiny|100/100 tox
|-damage|p2a: BARRIER REEF|88/100 tox|[from] Stealth Rock
|move|p1a: Charizard|Flamethrower|p2a: BARRIER REEF
|-resisted|p2a: BARRIER REEF
|-damage|p2a: BARRIER REEF|77/100 tox
|
|-damage|p1a: Charizard|57/100 tox|[from] Leech Seed|[of] p2a: BARRIER REEF
|-heal|p2a: BARRIER REEF|88/100 tox|[silent]
|-damage|p1a: Charizard|45/100 tox|[from] psn
|-damage|p2a: BARRIER REEF|82/100 tox|[from] psn
|upkeep
|turn|198
|inactive|Ekelbart has 10 seconds left this turn.
|
|t:|1645394616
|switch|p1a: Togedemaru|Togedemaru, M|64/100
|-damage|p1a: Togedemaru|58/100|[from] Stealth Rock
|move|p2a: BARRIER REEF|Protect||[still]
|-fail|p2a: BARRIER REEF
|
|-damage|p2a: BARRIER REEF|70/100 tox|[from] psn
|upkeep
|turn|199
|inactive|Ekelbart has 15 seconds left this turn.
|inactive|Ekelbart has 10 seconds left.
|
|t:|1645394622
|switch|p2a: DREADLOCKPUBE|Tangela, M, shiny|81/100
|-damage|p2a: DREADLOCKPUBE|69/100|[from] Stealth Rock
|move|p1a: Togedemaru|Wish|p1a: Togedemaru
|
|upkeep
|turn|200
|inactive|Ekelbart has 10 seconds left this turn.
|
|t:|1645394626
|switch|p1a: Regirock|Regirock|24/100 tox
|-damage|p1a: Regirock|12/100 tox|[from] Stealth Rock
|move|p2a: DREADLOCKPUBE|Knock Off|p1a: Regirock
|-damage|p1a: Regirock|8/100 tox
|
|-heal|p1a: Regirock|54/100 tox|[from] move: Wish|[wisher] Togedemaru
|-damage|p1a: Regirock|48/100 tox|[from] psn
|upkeep
|turn|201
|inactive|Ekelbart has 15 seconds left this turn.
|inactive|Ekelbart has 10 seconds left.
|
|t:|1645394632
|switch|p2a: BARRIER REEF|Corsola, F, shiny|100/100 tox
|-damage|p2a: BARRIER REEF|88/100 tox|[from] Stealth Rock
|move|p1a: Regirock|Toxic|p2a: BARRIER REEF
|-fail|p2a: BARRIER REEF|tox
|
|-damage|p1a: Regirock|36/100 tox|[from] psn
|-damage|p2a: BARRIER REEF|82/100 tox|[from] psn
|upkeep
|turn|202
|inactive|Ekelbart has 10 seconds left this turn.
|
|t:|1645394635
|move|p2a: BARRIER REEF|Protect|p2a: BARRIER REEF
|-singleturn|p2a: BARRIER REEF|Protect
|move|p1a: Regirock|Body Press|p2a: BARRIER REEF
|-activate|p2a: BARRIER REEF|move: Protect
|
|-damage|p1a: Regirock|18/100 tox|[from] psn
|-damage|p2a: BARRIER REEF|70/100 tox|[from] psn
|upkeep
|turn|203
|inactive|Ekelbart has 15 seconds left this turn.
|inactive|Ekelbart has 10 seconds left.
|
|t:|1645394641
|switch|p1a: Togedemaru|Togedemaru, M|58/100
|-damage|p1a: Togedemaru|52/100|[from] Stealth Rock
|switch|p2a: DREADLOCKPUBE|Tangela, M, shiny|100/100
|-damage|p2a: DREADLOCKPUBE|88/100|[from] Stealth Rock
|
|upkeep
|turn|204
|inactive|Ekelbart has 10 seconds left this turn.
|
|t:|1645394646
|move|p1a: Togedemaru|U-turn|p2a: DREADLOCKPUBE
|-supereffective|p2a: DREADLOCKPUBE
|-damage|p2a: DREADLOCKPUBE|66/100
|inactive|Ekelbart has 15 seconds left this turn.
|
|t:|1645394649
|switch|p1a: Lurantis|Lurantis, F|64/100|[from]move: U-turn
|-damage|p1a: Lurantis|52/100|[from] Stealth Rock
|move|p2a: DREADLOCKPUBE|Leech Seed|p1a: Lurantis
|-immune|p1a: Lurantis
|
|upkeep
|turn|205
|inactive|Ekelbart has 15 seconds left this turn.
|
|t:|1645394651
|switch|p2a: Eldegoss|Eldegoss, M, shiny|100/100
|-damage|p2a: Eldegoss|88/100|[from] Stealth Rock
|move|p1a: Lurantis|Synthesis|p1a: Lurantis
|-heal|p1a: Lurantis|100/100
|
|upkeep
|turn|206
|inactive|Ekelbart has 20 seconds left this turn.
|
|t:|1645394654
|switch|p1a: Charizard|Charizard, F|45/100 tox
|move|p2a: Eldegoss|Aromatherapy|p2a: Eldegoss
|-activate|p2a: Eldegoss|move: Aromatherapy
|-curestatus|p2: BARRIER REEF|tox|[msg]
|-curestatus|p2: NURSE JOY|tox|[msg]
|
|-damage|p1a: Charizard|39/100 tox|[from] psn
|upkeep
|turn|207
|inactive|Ekelbart has 20 seconds left this turn.
|
|t:|1645394657
|move|p1a: Charizard|Roost|p1a: Charizard
|-heal|p1a: Charizard|89/100 tox
|-singleturn|p1a: Charizard|move: Roost
|move|p2a: Eldegoss|Rapid Spin|p1a: Charizard
|-damage|p1a: Charizard|81/100 tox
|-boost|p2a: Eldegoss|spe|1
|-sideend|p2: MentalAdversity|Stealth Rock|[from] move: Rapid Spin|[of] p2a: Eldegoss
|
|-damage|p1a: Charizard|69/100 tox|[from] psn
|upkeep
|turn|208
|inactive|Ekelbart has 25 seconds left this turn.
|
|t:|1645394663
|switch|p2a: NURSE JOY|Audino, F, shiny|68/100
|move|p1a: Charizard|Defog|p2a: NURSE JOY
|-unboost|p2a: NURSE JOY|evasion|1
|-sideend|p1: Ekelbart|Stealth Rock|[from] move: Defog|[of] p1a: Charizard
|
|-damage|p1a: Charizard|50/100 tox|[from] psn
|upkeep
|turn|209
|inactive|Ekelbart has 25 seconds left this turn.
|inactive|Ekelbart has 20 seconds left.
|
|t:|1645394671
|switch|p1a: Togedemaru|Togedemaru, M|52/100
|move|p2a: NURSE JOY|Knock Off|p1a: Togedemaru
|-damage|p1a: Togedemaru|39/100
|
|upkeep
|turn|210
|inactive|Ekelbart has 25 seconds left this turn.
|inactive|Ekelbart has 20 seconds left.
|
|t:|1645394677
|switch|p2a: BARRIER REEF|Corsola, F, shiny|100/100
|move|p1a: Togedemaru|Wish|p1a: Togedemaru
|
|upkeep
|turn|211
|inactive|Ekelbart has 20 seconds left this turn.
|
|t:|1645394679
|move|p1a: Togedemaru|U-turn|p2a: BARRIER REEF
|-damage|p2a: BARRIER REEF|89/100
|inactive|Ekelbart has 25 seconds left this turn.
|
|t:|1645394681
|switch|p1a: Regirock|Regirock|18/100 tox|[from]move: U-turn
|move|p2a: BARRIER REEF|Stealth Rock|p1a: Regirock
|-sidestart|p1: Ekelbart|move: Stealth Rock
|
|-heal|p1a: Regirock|64/100 tox|[from] move: Wish|[wisher] Togedemaru
|-damage|p1a: Regirock|58/100 tox|[from] psn
|upkeep
|turn|212
|inactive|Ekelbart has 25 seconds left this turn.
|
|t:|1645394686
|move|p2a: BARRIER REEF|Protect|p2a: BARRIER REEF
|-singleturn|p2a: BARRIER REEF|Protect
|move|p1a: Regirock|Stealth Rock|p2a: BARRIER REEF
|-sidestart|p2: MentalAdversity|move: Stealth Rock
|
|-damage|p1a: Regirock|46/100 tox|[from] psn
|upkeep
|turn|213
|inactive|Ekelbart has 30 seconds left this turn.
|
|t:|1645394692
|move|p1a: Regirock|Toxic|p2a: BARRIER REEF|[miss]
|-miss|p1a: Regirock|p2a: BARRIER REEF
|move|p2a: BARRIER REEF|Recover|p2a: BARRIER REEF
|-heal|p2a: BARRIER REEF|100/100
|
|-damage|p1a: Regirock|27/100 tox|[from] psn
|upkeep
|turn|214
|inactive|Ekelbart has 30 seconds left this turn.
|
|t:|1645394699
|switch|p1a: Lurantis|Lurantis, F|100/100
|-damage|p1a: Lurantis|88/100|[from] Stealth Rock
|switch|p2a: Eldegoss|Eldegoss, M, shiny|100/100
|-damage|p2a: Eldegoss|88/100|[from] Stealth Rock
|
|upkeep
|turn|215
|inactive|Ekelbart has 30 seconds left this turn.
|
|t:|1645394704
|move|p2a: Eldegoss|Rapid Spin|p1a: Lurantis
|-damage|p1a: Lurantis|83/100
|-boost|p2a: Eldegoss|spe|1
|-sideend|p2: MentalAdversity|Stealth Rock|[from] move: Rapid Spin|[of] p2a: Eldegoss
|move|p1a: Lurantis|Knock Off|p2a: Eldegoss
|-damage|p2a: Eldegoss|71/100
|
|upkeep
|turn|216
|inactive|Ekelbart has 30 seconds left this turn.
|
|t:|1645394714
|switch|p2a: NURSE JOY|Audino, F, shiny|100/100
|switch|p1a: Charizard|Charizard, F|50/100 tox
|
|-damage|p1a: Charizard|44/100 tox|[from] psn
|upkeep
|turn|217
|inactive|Ekelbart has 30 seconds left.
|
|t:|1645394720
|move|p1a: Charizard|Roost|p1a: Charizard
|-heal|p1a: Charizard|94/100 tox
|-singleturn|p1a: Charizard|move: Roost
|move|p2a: NURSE JOY|Knock Off|p1a: Charizard
|-damage|p1a: Charizard|74/100 tox
|-enditem|p1a: Charizard|Heavy-Duty Boots|[from] move: Knock Off|[of] p2a: NURSE JOY
|
|-damage|p1a: Charizard|61/100 tox|[from] psn
|upkeep
|turn|218
|inactive|Ekelbart has 30 seconds left this turn.
|c|☆MentalAdversity|THANK U LORD
|c|☆MentalAdversity|THANKKK U LORD
|c|☆MentalAdversity|THANK U SO MUCH
|
|t:|1645394729
|switch|p1a: Lurantis|Lurantis, F|83/100
|-damage|p1a: Lurantis|71/100|[from] Stealth Rock
|move|p2a: NURSE JOY|Knock Off|p1a: Lurantis
|-damage|p1a: Lurantis|63/100
|
|upkeep
|turn|219
|inactive|Ekelbart has 30 seconds left this turn.
|
|t:|1645394741
|switch|p2a: DREADLOCKPUBE|Tangela, M, shiny|99/100
|move|p1a: Lurantis|Synthesis|p1a: Lurantis
|-heal|p1a: Lurantis|100/100
|
|upkeep
|turn|220
|inactive|Ekelbart has 25 seconds left this turn.
|inactive|Ekelbart has 20 seconds left.
|
|t:|1645394747
|switch|p1a: Togedemaru|Togedemaru, M|39/100
|-damage|p1a: Togedemaru|33/100|[from] Stealth Rock
|move|p2a: DREADLOCKPUBE|Knock Off|p1a: Togedemaru
|-damage|p1a: Togedemaru|19/100
|
|upkeep
|turn|221
|inactive|Ekelbart has 25 seconds left this turn.
|c| xHannes|kill the lord
|inactive|Ekelbart has 20 seconds left.
|
|t:|1645394753
|move|p1a: Togedemaru|Wish|p1a: Togedemaru
|move|p2a: DREADLOCKPUBE|Knock Off|p1a: Togedemaru
|-damage|p1a: Togedemaru|7/100
|
|upkeep
|turn|222
|inactive|Ekelbart has 20 seconds left this turn.
|c|☆MentalAdversity|THANK U LORD
|
|t:|1645394757
|move|p1a: Togedemaru|Spiky Shield|p1a: Togedemaru
|-singleturn|p1a: Togedemaru|move: Protect
|move|p2a: DREADLOCKPUBE|Knock Off|p1a: Togedemaru
|-activate|p1a: Togedemaru|move: Protect
|-damage|p2a: DREADLOCKPUBE|87/100|[from] Spiky Shield|[of] p1a: Togedemaru
|
|-heal|p1a: Togedemaru|57/100|[from] move: Wish|[wisher] Togedemaru
|upkeep
|turn|223
|inactive|Ekelbart has 25 seconds left this turn.
|inactive|Ekelbart has 20 seconds left.
|c|☆MentalAdversity|1 WISH LEFT
|c|☆MentalAdversity|THANK U LORD
|
|t:|1645394769
|switch|p2a: NURSE JOY|Audino, F, shiny|100/100
|move|p1a: Togedemaru|Iron Head|p2a: NURSE JOY
|-damage|p2a: NURSE JOY|76/100
|
|upkeep
|turn|224
|inactive|Ekelbart has 20 seconds left this turn.
|inactive|Ekelbart has 15 seconds left.
|
|t:|1645394775
|move|p1a: Togedemaru|Iron Head|p2a: NURSE JOY
|-damage|p2a: NURSE JOY|50/100
|cant|p2a: NURSE JOY|flinch
|
|upkeep
|turn|225
|inactive|Ekelbart has 20 seconds left this turn.
|inactive|Ekelbart has 15 seconds left.
|
|t:|1645394781
|switch|p2a: DREADLOCKPUBE|Tangela, M, shiny|100/100
|move|p1a: Togedemaru|U-turn|p2a: DREADLOCKPUBE
|-supereffective|p2a: DREADLOCKPUBE
|-damage|p2a: DREADLOCKPUBE|78/100
|inactive|Ekelbart has 15 seconds left this turn.
|inactive|Ekelbart has 10 seconds left.
|c|☆MentalAdversity|ITS ALL OGRE
|
|t:|1645394789
|switch|p1a: Wishiwashi|Wishiwashi, F|63/100 tox|[from]move: U-turn
|-damage|p1a: Wishiwashi|51/100 tox|[from] Stealth Rock
|-formechange|p1a: Wishiwashi|Wishiwashi-School||[from] ability: Schooling
|
|-damage|p1a: Wishiwashi|45/100 tox|[from] psn
|upkeep
|turn|226
|inactive|Ekelbart has 15 seconds left this turn.
|inactive|Ekelbart has 10 seconds left.
|
|t:|1645394797
|switch|p2a: NURSE JOY|Audino, F, shiny|83/100
|move|p1a: Wishiwashi|Toxic|p2a: NURSE JOY
|-status|p2a: NURSE JOY|tox
|
|-damage|p2a: NURSE JOY|77/100 tox|[from] psn
|-damage|p1a: Wishiwashi|32/100 tox|[from] psn
|upkeep
|turn|227
|inactive|Ekelbart has 10 seconds left this turn.
|c|☆MentalAdversity|ITS ALL OGRE BROTHER
|inactive|Ekelbart has 5 seconds left.
|
|t:|1645394802
|move|p2a: NURSE JOY|Knock Off|p1a: Wishiwashi
|-damage|p1a: Wishiwashi|23/100 tox
|move|p1a: Wishiwashi|U-turn|p2a: NURSE JOY
|-damage|p2a: NURSE JOY|60/100 tox
|inactive|Ekelbart has 10 seconds left this turn.
|inactive|Ekelbart has 5 seconds left.
|
|t:|1645394808
|switch|p1a: Togedemaru|Togedemaru, M|57/100|[from]move: U-turn
|-damage|p1a: Togedemaru|51/100|[from] Stealth Rock
|
|-damage|p2a: NURSE JOY|48/100 tox|[from] psn
|upkeep
|turn|228
|inactive|Ekelbart has 5 seconds left this turn.
|
|t:|1645394813
|switch|p2a: DREADLOCKPUBE|Tangela, M, shiny|100/100
|move|p1a: Togedemaru|Wish|p1a: Togedemaru
|
|upkeep
|turn|229
|inactive|Ekelbart has 10 seconds left this turn.
|
|t:|1645394815
|move|p1a: Togedemaru|Iron Head|p2a: DREADLOCKPUBE
|-damage|p2a: DREADLOCKPUBE|81/100
|move|p2a: DREADLOCKPUBE|Leech Seed|p1a: Togedemaru
|-start|p1a: Togedemaru|move: Leech Seed
|
|-heal|p1a: Togedemaru|100/100|[from] move: Wish|[wisher] Togedemaru
|-damage|p1a: Togedemaru|88/100|[from] Leech Seed|[of] p2a: DREADLOCKPUBE
|-heal|p2a: DREADLOCKPUBE|93/100|[silent]
|upkeep
|turn|230
|inactive|Ekelbart has 10 seconds left this turn.
|
|t:|1645394819
|move|p1a: Togedemaru|U-turn|p2a: DREADLOCKPUBE
|-supereffective|p2a: DREADLOCKPUBE
|-damage|p2a: DREADLOCKPUBE|73/100
|inactive|Ekelbart has 15 seconds left this turn.
|
|t:|1645394822
|switch|p1a: Lurantis|Lurantis, F|100/100|[from]move: U-turn
|-damage|p1a: Lurantis|88/100|[from] Stealth Rock
|move|p2a: DREADLOCKPUBE|Knock Off|p1a: Lurantis
|-crit|p1a: Lurantis
|-damage|p1a: Lurantis|77/100
|
|upkeep
|turn|231
|inactive|Ekelbart has 15 seconds left this turn.
|inactive|Ekelbart has 10 seconds left.
|
|t:|1645394829
|switch|p2a: Eldegoss|Eldegoss, M, shiny|100/100
|move|p1a: Lurantis|Knock Off|p2a: Eldegoss
|-damage|p2a: Eldegoss|84/100
|
|upkeep
|turn|232
|inactive|Ekelbart has 15 seconds left this turn.
|inactive|Ekelbart has 10 seconds left.
|
|t:|1645394834
|switch|p2a: DREADLOCKPUBE|Tangela, M, shiny|100/100
|switch|p1a: Togedemaru|Togedemaru, M|88/100
|-damage|p1a: Togedemaru|82/100|[from] Stealth Rock
|
|upkeep
|turn|233
|inactive|Ekelbart has 10 seconds left this turn.
|inactive|Ekelbart has 5 seconds left.
|
|t:|1645394839
|switch|p2a: BARRIER REEF|Corsola, F, shiny|100/100
|move|p1a: Togedemaru|U-turn|p2a: BARRIER REEF
|-crit|p2a: BARRIER REEF
|-damage|p2a: BARRIER REEF|82/100
|inactive|Ekelbart has 10 seconds left this turn.
|
|t:|1645394844
|switch|p1a: Charizard|Charizard, F|61/100 tox|[from]move: U-turn
|-damage|p1a: Charizard|12/100 tox|[from] Stealth Rock
|
|-damage|p1a: Charizard|6/100 tox|[from] psn
|upkeep
|turn|234
|inactive|Ekelbart has 10 seconds left this turn.
|
|t:|1645394851
|move|p1a: Charizard|Roost|p1a: Charizard
|-heal|p1a: Charizard|56/100 tox
|-singleturn|p1a: Charizard|move: Roost
|move|p2a: BARRIER REEF|Stealth Rock||[still]
|-fail|p2a: BARRIER REEF
|
|-damage|p1a: Charizard|44/100 tox|[from] psn
|upkeep
|turn|235
|inactive|Ekelbart has 15 seconds left this turn.
|
|t:|1645394857
|move|p1a: Charizard|Roost|p1a: Charizard
|-heal|p1a: Charizard|94/100 tox
|-singleturn|p1a: Charizard|move: Roost
|move|p2a: BARRIER REEF|Stealth Rock||[still]
|-fail|p2a: BARRIER REEF
|
|-damage|p1a: Charizard|76/100 tox|[from] psn
|upkeep
|turn|236
|inactive|Ekelbart has 15 seconds left this turn.
|inactive|Ekelbart has 10 seconds left.
|
|t:|1645394863
|switch|p1a: Togedemaru|Togedemaru, M|82/100
|-damage|p1a: Togedemaru|76/100|[from] Stealth Rock
|move|p2a: BARRIER REEF|Stealth Rock||[still]
|-fail|p2a: BARRIER REEF
|
|upkeep
|turn|237
|inactive|Ekelbart has 15 seconds left this turn.
|inactive|Ekelbart has 10 seconds left.
|
|t:|1645394868
|switch|p2a: DREADLOCKPUBE|Tangela, M, shiny|100/100
|move|p1a: Togedemaru|U-turn|p2a: DREADLOCKPUBE
|-supereffective|p2a: DREADLOCKPUBE
|-damage|p2a: DREADLOCKPUBE|78/100
|inactive|Ekelbart has 10 seconds left this turn.
|inactive|Ekelbart has 5 seconds left.
|
|t:|1645394875
|switch|p1a: Regirock|Regirock|27/100 tox|[from]move: U-turn
|-damage|p1a: Regirock|15/100 tox|[from] Stealth Rock
|
|-damage|p1a: Regirock|9/100 tox|[from] psn
|upkeep
|turn|238
|inactive|Ekelbart has 10 seconds left this turn.
|
|t:|1645394880
|move|p2a: DREADLOCKPUBE|Knock Off|p1a: Regirock
|-damage|p1a: Regirock|5/100 tox
|move|p1a: Regirock|Stealth Rock|p2a: DREADLOCKPUBE
|-sidestart|p2: MentalAdversity|move: Stealth Rock
|
|-damage|p1a: Regirock|0 fnt|[from] psn
|faint|p1a: Regirock
|upkeep
|inactive|Ekelbart has 10 seconds left this turn.
|c|☆MentalAdversity|THANK U LORD
|inactive|Ekelbart has 5 seconds left.
|c|☆MentalAdversity|ITS ALL OVER
|
|t:|1645394887
|switch|p1a: Charizard|Charizard, F|76/100 tox
|-damage|p1a: Charizard|26/100 tox|[from] Stealth Rock
|turn|239
|inactive|Ekelbart has 10 seconds left this turn.
|
|t:|1645394891
|switch|p2a: BARRIER REEF|Corsola, F, shiny|100/100
|-damage|p2a: BARRIER REEF|88/100|[from] Stealth Rock
|move|p1a: Charizard|Hurricane|p2a: BARRIER REEF|[miss]
|-miss|p1a: Charizard|p2a: BARRIER REEF
|
|-damage|p1a: Charizard|20/100 tox|[from] psn
|upkeep
|turn|240
|inactive|Ekelbart has 10 seconds left this turn.
|inactive|Ekelbart has 5 seconds left.
|
|t:|1645394900
|switch|p2a: NURSE JOY|Audino, F, shiny|81/100 tox
|-damage|p2a: NURSE JOY|69/100 tox|[from] Stealth Rock
|move|p1a: Charizard|Flamethrower|p2a: NURSE JOY
|-damage|p2a: NURSE JOY|23/100 tox
|
|-damage|p1a: Charizard|8/100 tox|[from] psn
|-damage|p2a: NURSE JOY|17/100 tox|[from] psn
|upkeep
|turn|241
|inactive|Ekelbart has 10 seconds left this turn.
|inactive|Ekelbart has 5 seconds left.
|
|t:|1645394906
|switch|p2a: BARRIER REEF|Corsola, F, shiny|100/100
|-damage|p2a: BARRIER REEF|88/100|[from] Stealth Rock
|move|p1a: Charizard|Roost|p1a: Charizard
|-heal|p1a: Charizard|58/100 tox
|-singleturn|p1a: Charizard|move: Roost
|
|-damage|p1a: Charizard|40/100 tox|[from] psn
|upkeep
|turn|242
|inactive|Ekelbart has 5 seconds left this turn.
|
|t:|1645394910
|move|p2a: BARRIER REEF|Protect|p2a: BARRIER REEF
|-singleturn|p2a: BARRIER REEF|Protect
|move|p1a: Charizard|Roost|p1a: Charizard
|-heal|p1a: Charizard|90/100 tox
|-singleturn|p1a: Charizard|move: Roost
|
|-damage|p1a: Charizard|65/100 tox|[from] psn
|upkeep
|turn|243
|inactive|Ekelbart has 10 seconds left this turn.
|
|t:|1645394914
|move|p1a: Charizard|Hurricane|p2a: BARRIER REEF|[miss]
|-miss|p1a: Charizard|p2a: BARRIER REEF
|move|p2a: BARRIER REEF|Stealth Rock||[still]
|-fail|p2a: BARRIER REEF
|
|-damage|p1a: Charizard|35/100 tox|[from] psn
|upkeep
|turn|244
|inactive|Ekelbart has 10 seconds left this turn.
|
|t:|1645394920
|move|p1a: Charizard|Roost|p1a: Charizard
|-heal|p1a: Charizard|85/100 tox
|-singleturn|p1a: Charizard|move: Roost
|move|p2a: BARRIER REEF|Stealth Rock||[still]
|-fail|p2a: BARRIER REEF
|
|-damage|p1a: Charizard|49/100 tox|[from] psn
|upkeep
|turn|245
|inactive|Ekelbart has 15 seconds left this turn.
|inactive|Ekelbart has 10 seconds left.
|
|t:|1645394925
|move|p1a: Charizard|Hurricane|p2a: BARRIER REEF
|-resisted|p2a: BARRIER REEF
|-damage|p2a: BARRIER REEF|59/100
|move|p2a: BARRIER REEF|Stealth Rock||[still]
|-fail|p2a: BARRIER REEF
|
|-damage|p1a: Charizard|7/100 tox|[from] psn
|upkeep
|turn|246
|inactive|Ekelbart has 10 seconds left this turn.
|
|t:|1645394929
|move|p1a: Charizard|Roost|p1a: Charizard
|-heal|p1a: Charizard|57/100 tox
|-singleturn|p1a: Charizard|move: Roost
|move|p2a: BARRIER REEF|Recover|p2a: BARRIER REEF
|-heal|p2a: BARRIER REEF|100/100
|
|-damage|p1a: Charizard|8/100 tox|[from] psn
|upkeep
|turn|247
|inactive|Ekelbart has 15 seconds left this turn.
|c|☆MentalAdversity|ITS ALL OGRE
|
|t:|1645394936
|move|p1a: Charizard|Roost|p1a: Charizard
|-heal|p1a: Charizard|58/100 tox
|-singleturn|p1a: Charizard|move: Roost
|move|p2a: BARRIER REEF|Stealth Rock||[still]
|-fail|p2a: BARRIER REEF
|
|-damage|p1a: Charizard|4/100 tox|[from] psn
|upkeep
|turn|248
|inactive|Ekelbart has 15 seconds left this turn.
|c|☆MentalAdversity|BYE BYE CHARIZARD
|c|☆MentalAdversity|ITS ALL OVER
|
|t:|1645394946
|move|p1a: Charizard|Hurricane|p2a: BARRIER REEF
|-resisted|p2a: BARRIER REEF
|-damage|p2a: BARRIER REEF|73/100
|move|p2a: BARRIER REEF|Toxic|p1a: Charizard
|-fail|p1a: Charizard|tox
|
|-damage|p1a: Charizard|0 fnt|[from] psn
|faint|p1a: Charizard
|upkeep
|inactive|Ekelbart has 20 seconds left this turn.
|inactive|Ekelbart has 15 seconds left.
|
|t:|1645394952
|switch|p1a: Togedemaru|Togedemaru, M|76/100
|-damage|p1a: Togedemaru|70/100|[from] Stealth Rock
|turn|249
|inactive|Ekelbart has 15 seconds left this turn.
|
|t:|1645394955
|switch|p2a: DREADLOCKPUBE|Tangela, M, shiny|100/100
|-damage|p2a: DREADLOCKPUBE|88/100|[from] Stealth Rock
|move|p1a: Togedemaru|Iron Head|p2a: DREADLOCKPUBE
|-damage|p2a: DREADLOCKPUBE|69/100
|
|upkeep
|turn|250
|inactive|Ekelbart has 20 seconds left this turn.
|c|☆MentalAdversity|NO MORE IRON HEAD
|inactive|Ekelbart has 15 seconds left.
|c|☆MentalAdversity|ITS ALL OVER
|
|t:|1645394963
|switch|p2a: BARRIER REEF|Corsola, F, shiny|100/100
|-damage|p2a: BARRIER REEF|88/100|[from] Stealth Rock
|move|p1a: Togedemaru|Spiky Shield||[still]
|-fail|p1a: Togedemaru
|
|upkeep
|turn|251
|inactive|Ekelbart has 15 seconds left this turn.
|
|t:|1645394970
|switch|p2a: DREADLOCKPUBE|Tangela, M, shiny|100/100
|-damage|p2a: DREADLOCKPUBE|88/100|[from] Stealth Rock
|move|p1a: Togedemaru|U-turn|p2a: DREADLOCKPUBE
|-supereffective|p2a: DREADLOCKPUBE
|-damage|p2a: DREADLOCKPUBE|65/100
|inactive|Ekelbart has 20 seconds left this turn.
|inactive|Ekelbart has 15 seconds left.
|
|t:|1645394979
|switch|p1a: Lurantis|Lurantis, F|77/100|[from]move: U-turn
|-damage|p1a: Lurantis|65/100|[from] Stealth Rock
|
|upkeep
|turn|252
|inactive|Ekelbart has 15 seconds left this turn.
|c|☆MentalAdversity|BYE BYE SNEASEL
|
|t:|1645394988
|switch|p2a: BARRIER REEF|Corsola, F, shiny|100/100
|-damage|p2a: BARRIER REEF|88/100|[from] Stealth Rock
|move|p1a: Lurantis|Knock Off|p2a: BARRIER REEF
|-damage|p2a: BARRIER REEF|77/100
|
|upkeep
|turn|253
|inactive|Ekelbart has 20 seconds left this turn.
|
|t:|1645394991
|switch|p2a: DREADLOCKPUBE|Tangela, M, shiny|99/100
|-damage|p2a: DREADLOCKPUBE|86/100|[from] Stealth Rock
|move|p1a: Lurantis|Knock Off|p2a: DREADLOCKPUBE
|-damage|p2a: DREADLOCKPUBE|78/100
|
|upkeep
|turn|254
|inactive|Ekelbart has 20 seconds left this turn.
|
|t:|1645394994
|switch|p2a: BARRIER REEF|Corsola, F, shiny|100/100
|-damage|p2a: BARRIER REEF|88/100|[from] Stealth Rock
|move|p1a: Lurantis|Knock Off|p2a: BARRIER REEF
|-damage|p2a: BARRIER REEF|77/100
|
|upkeep
|turn|255
|inactive|Ekelbart has 25 seconds left this turn.
|
|t:|1645394996
|switch|p2a: DREADLOCKPUBE|Tangela, M, shiny|100/100
|-damage|p2a: DREADLOCKPUBE|88/100|[from] Stealth Rock
|move|p1a: Lurantis|Knock Off|p2a: DREADLOCKPUBE
|-damage|p2a: DREADLOCKPUBE|78/100
|
|upkeep
|turn|256
|inactive|Ekelbart has 25 seconds left this turn.
|
|t:|1645394998
|switch|p2a: BARRIER REEF|Corsola, F, shiny|100/100
|-damage|p2a: BARRIER REEF|88/100|[from] Stealth Rock
|move|p1a: Lurantis|Knock Off|p2a: BARRIER REEF
|-damage|p2a: BARRIER REEF|76/100
|
|upkeep
|turn|257
|inactive|Ekelbart has 30 seconds left this turn.
|
|t:|1645395001
|switch|p2a: DREADLOCKPUBE|Tangela, M, shiny|100/100
|-damage|p2a: DREADLOCKPUBE|88/100|[from] Stealth Rock
|move|p1a: Lurantis|Knock Off|p2a: DREADLOCKPUBE
|-damage|p2a: DREADLOCKPUBE|79/100
|
|upkeep
|turn|258
|inactive|Ekelbart has 30 seconds left this turn.
|
|t:|1645395002
|switch|p2a: BARRIER REEF|Corsola, F, shiny|100/100
|-damage|p2a: BARRIER REEF|88/100|[from] Stealth Rock
|move|p1a: Lurantis|Knock Off|p2a: BARRIER REEF
|-damage|p2a: BARRIER REEF|78/100
|
|upkeep
|turn|259
|
|t:|1645395004
|switch|p2a: DREADLOCKPUBE|Tangela, M, shiny|100/100
|-damage|p2a: DREADLOCKPUBE|88/100|[from] Stealth Rock
|move|p1a: Lurantis|Knock Off|p2a: DREADLOCKPUBE
|-damage|p2a: DREADLOCKPUBE|78/100
|
|upkeep
|turn|260
|
|t:|1645395007
|switch|p2a: BARRIER REEF|Corsola, F, shiny|100/100
|-damage|p2a: BARRIER REEF|88/100|[from] Stealth Rock
|move|p1a: Lurantis|Knock Off|p2a: BARRIER REEF
|-damage|p2a: BARRIER REEF|77/100
|
|upkeep
|turn|261
|
|t:|1645395009
|switch|p2a: DREADLOCKPUBE|Tangela, M, shiny|100/100
|-damage|p2a: DREADLOCKPUBE|88/100|[from] Stealth Rock
|move|p1a: Lurantis|Knock Off|p2a: DREADLOCKPUBE
|-damage|p2a: DREADLOCKPUBE|79/100
|
|upkeep
|turn|262
|
|t:|1645395011
|switch|p2a: BARRIER REEF|Corsola, F, shiny|100/100
|-damage|p2a: BARRIER REEF|88/100|[from] Stealth Rock
|move|p1a: Lurantis|Synthesis|p1a: Lurantis
|-heal|p1a: Lurantis|100/100
|
|upkeep
|turn|263
|c|☆MentalAdversity|STRUGGLE FOR ME LURANTI
|
|t:|1645395017
|switch|p2a: DREADLOCKPUBE|Tangela, M, shiny|100/100
|-damage|p2a: DREADLOCKPUBE|88/100|[from] Stealth Rock
|move|p1a: Lurantis|Synthesis|p1a: Lurantis
|-fail|p1a: Lurantis|heal
|
|upkeep
|turn|264
|
|t:|1645395019
|switch|p2a: BARRIER REEF|Corsola, F, shiny|100/100
|-damage|p2a: BARRIER REEF|88/100|[from] Stealth Rock
|move|p1a: Lurantis|Synthesis|p1a: Lurantis
|-fail|p1a: Lurantis|heal
|
|upkeep
|turn|265
|
|t:|1645395021
|switch|p2a: DREADLOCKPUBE|Tangela, M, shiny|100/100
|-damage|p2a: DREADLOCKPUBE|88/100|[from] Stealth Rock
|move|p1a: Lurantis|Synthesis|p1a: Lurantis
|-fail|p1a: Lurantis|heal
|
|upkeep
|turn|266
|
|t:|1645395025
|switch|p2a: BARRIER REEF|Corsola, F, shiny|100/100
|-damage|p2a: BARRIER REEF|88/100|[from] Stealth Rock
|switch|p1a: Togedemaru|Togedemaru, M|70/100
|-damage|p1a: Togedemaru|64/100|[from] Stealth Rock
|
|upkeep
|turn|267
|
|t:|1645395028
|switch|p1a: Sneasel|Sneasel, F|14/100
|-damage|p1a: Sneasel|0 fnt|[from] Stealth Rock
|faint|p1a: Sneasel
|switch|p2a: DREADLOCKPUBE|Tangela, M, shiny|100/100
|-damage|p2a: DREADLOCKPUBE|88/100|[from] Stealth Rock
|
|upkeep
|
|t:|1645395031
|switch|p1a: Lurantis|Lurantis, F|100/100
|-damage|p1a: Lurantis|88/100|[from] Stealth Rock
|turn|268
|
|t:|1645395033
|switch|p2a: BARRIER REEF|Corsola, F, shiny|100/100
|-damage|p2a: BARRIER REEF|88/100|[from] Stealth Rock
|switch|p1a: Togedemaru|Togedemaru, M|64/100
|-damage|p1a: Togedemaru|58/100|[from] Stealth Rock
|
|upkeep
|turn|269
|
|t:|1645395035
|switch|p1a: Lurantis|Lurantis, F|88/100
|-damage|p1a: Lurantis|75/100|[from] Stealth Rock
|switch|p2a: DREADLOCKPUBE|Tangela, M, shiny|100/100
|-damage|p2a: DREADLOCKPUBE|88/100|[from] Stealth Rock
|
|upkeep
|turn|270
|
|t:|1645395039
|switch|p2a: BARRIER REEF|Corsola, F, shiny|100/100
|-damage|p2a: BARRIER REEF|88/100|[from] Stealth Rock
|switch|p1a: Togedemaru|Togedemaru, M|58/100
|-damage|p1a: Togedemaru|52/100|[from] Stealth Rock
|
|upkeep
|turn|271
|
|t:|1645395042
|switch|p1a: Lurantis|Lurantis, F|75/100
|-damage|p1a: Lurantis|63/100|[from] Stealth Rock
|switch|p2a: DREADLOCKPUBE|Tangela, M, shiny|100/100
|-damage|p2a: DREADLOCKPUBE|88/100|[from] Stealth Rock
|
|upkeep
|turn|272
|
|t:|1645395044
|switch|p2a: Eldegoss|Eldegoss, M, shiny|100/100
|-damage|p2a: Eldegoss|88/100|[from] Stealth Rock
|switch|p1a: Togedemaru|Togedemaru, M|52/100
|-damage|p1a: Togedemaru|46/100|[from] Stealth Rock
|
|upkeep
|turn|273
|
|t:|1645395047
|switch|p1a: Lurantis|Lurantis, F|63/100
|-damage|p1a: Lurantis|50/100|[from] Stealth Rock
|switch|p2a: BARRIER REEF|Corsola, F, shiny|100/100
|-damage|p2a: BARRIER REEF|88/100|[from] Stealth Rock
|
|upkeep
|turn|274
|
|t:|1645395049
|switch|p1a: Togedemaru|Togedemaru, M|46/100
|-damage|p1a: Togedemaru|40/100|[from] Stealth Rock
|switch|p2a: Eldegoss|Eldegoss, M, shiny|100/100
|-damage|p2a: Eldegoss|88/100|[from] Stealth Rock
|
|upkeep
|turn|275
|
|t:|1645395051
|switch|p1a: Lurantis|Lurantis, F|50/100
|-damage|p1a: Lurantis|38/100|[from] Stealth Rock
|switch|p2a: DREADLOCKPUBE|Tangela, M, shiny|100/100
|-damage|p2a: DREADLOCKPUBE|88/100|[from] Stealth Rock
|
|upkeep
|turn|276
|
|t:|1645395054
|switch|p2a: Eldegoss|Eldegoss, M, shiny|100/100
|-damage|p2a: Eldegoss|88/100|[from] Stealth Rock
|switch|p1a: Togedemaru|Togedemaru, M|40/100
|-damage|p1a: Togedemaru|34/100|[from] Stealth Rock
|
|upkeep
|turn|277
|
|t:|1645395056
|switch|p1a: Lurantis|Lurantis, F|38/100
|-damage|p1a: Lurantis|25/100|[from] Stealth Rock
|switch|p2a: DREADLOCKPUBE|Tangela, M, shiny|100/100
|-damage|p2a: DREADLOCKPUBE|88/100|[from] Stealth Rock
|
|upkeep
|turn|278
|
|t:|1645395059
|switch|p2a: Eldegoss|Eldegoss, M, shiny|100/100
|-damage|p2a: Eldegoss|88/100|[from] Stealth Rock
|switch|p1a: Togedemaru|Togedemaru, M|34/100
|-damage|p1a: Togedemaru|28/100|[from] Stealth Rock
|
|upkeep
|turn|279
|
|t:|1645395061
|switch|p1a: Lurantis|Lurantis, F|25/100
|-damage|p1a: Lurantis|13/100|[from] Stealth Rock
|switch|p2a: DREADLOCKPUBE|Tangela, M, shiny|100/100
|-damage|p2a: DREADLOCKPUBE|88/100|[from] Stealth Rock
|
|upkeep
|turn|280
|c|☆MentalAdversity|DEATH BY STEALTH ROCK
|
|t:|1645395067
|switch|p2a: Eldegoss|Eldegoss, M, shiny|100/100
|-damage|p2a: Eldegoss|88/100|[from] Stealth Rock
|switch|p1a: Togedemaru|Togedemaru, M|28/100
|-damage|p1a: Togedemaru|22/100|[from] Stealth Rock
|
|upkeep
|turn|281
|
|t:|1645395070
|switch|p1a: Lurantis|Lurantis, F|13/100
|-damage|p1a: Lurantis|0 fnt|[from] Stealth Rock
|faint|p1a: Lurantis
|switch|p2a: DREADLOCKPUBE|Tangela, M, shiny|100/100
|-damage|p2a: DREADLOCKPUBE|88/100|[from] Stealth Rock
|
|upkeep
|
|t:|1645395073
|switch|p1a: Togedemaru|Togedemaru, M|22/100
|-damage|p1a: Togedemaru|16/100|[from] Stealth Rock
|turn|282
|inactive|Ekelbart has 90 seconds left.
|
|t:|1645395078
|switch|p1a: Wishiwashi|Wishiwashi, F|23/100 tox
|-damage|p1a: Wishiwashi|11/100 tox|[from] Stealth Rock
|switch|p2a: BARRIER REEF|Corsola, F, shiny|100/100
|-damage|p2a: BARRIER REEF|88/100|[from] Stealth Rock
|
|-damage|p1a: Wishiwashi|5/100 tox|[from] psn
|upkeep
|turn|283
|
|t:|1645395081
|switch|p1a: Togedemaru|Togedemaru, M|16/100
|-damage|p1a: Togedemaru|10/100|[from] Stealth Rock
|move|p2a: BARRIER REEF|Protect||[still]
|-fail|p2a: BARRIER REEF
|
|upkeep
|turn|284
|c|☆MentalAdversity|BYE BYE WISHI WASHI
|
|t:|1645395086
|switch|p1a: Wishiwashi|Wishiwashi, F|5/100 tox
|-damage|p1a: Wishiwashi|0 fnt|[from] Stealth Rock
|faint|p1a: Wishiwashi
|switch|p2a: DREADLOCKPUBE|Tangela, M, shiny|100/100
|-damage|p2a: DREADLOCKPUBE|88/100|[from] Stealth Rock
|
|upkeep
|
|t:|1645395089
|switch|p1a: Togedemaru|Togedemaru, M|10/100
|-damage|p1a: Togedemaru|4/100|[from] Stealth Rock
|turn|285
|l| PUnyTest
|
|t:|1645395092
|switch|p2a: BARRIER REEF|Corsola, F, shiny|100/100
|-damage|p2a: BARRIER REEF|88/100|[from] Stealth Rock
|move|p1a: Togedemaru|Spiky Shield||[still]
|-fail|p1a: Togedemaru
|
|upkeep
|turn|286
|
|t:|1645395094
|switch|p2a: DREADLOCKPUBE|Tangela, M, shiny|100/100
|-damage|p2a: DREADLOCKPUBE|88/100|[from] Stealth Rock
|move|p1a: Togedemaru|Spiky Shield||[still]
|-fail|p1a: Togedemaru
|
|upkeep
|turn|287
|
|t:|1645395096
|move|p1a: Togedemaru|Spiky Shield|p1a: Togedemaru
|-singleturn|p1a: Togedemaru|move: Protect
|move|p2a: DREADLOCKPUBE|Knock Off|p1a: Togedemaru
|-activate|p1a: Togedemaru|move: Protect
|-damage|p2a: DREADLOCKPUBE|76/100|[from] Spiky Shield|[of] p1a: Togedemaru
|
|upkeep
|turn|288
|
|t:|1645395099
|move|p1a: Togedemaru|Spiky Shield|p1a: Togedemaru
|-singleturn|p1a: Togedemaru|move: Protect
|move|p2a: DREADLOCKPUBE|Knock Off|p1a: Togedemaru
|-activate|p1a: Togedemaru|move: Protect
|-damage|p2a: DREADLOCKPUBE|64/100|[from] Spiky Shield|[of] p1a: Togedemaru
|
|upkeep
|turn|289
|
|t:|1645395102
|move|p1a: Togedemaru|Spiky Shield||[still]
|-fail|p1a: Togedemaru
|move|p2a: DREADLOCKPUBE|Knock Off|p1a: Togedemaru
|-damage|p1a: Togedemaru|0 fnt
|faint|p1a: Togedemaru
|
|win|MentalAdversity
|raw|Ekelbart's rating: 1384 &rarr; <strong>1366</strong><br />(-18 for losing)
|raw|MentalAdversity's rating: 1418 &rarr; <strong>1436</strong><br />(+18 for winning)
|c|☆MentalAdversity|BYE BYE
|l|☆Ekelbart
|c|☆MentalAdversity|GG
