|html|<div class="broadcast-blue"><strong>[Gen 8] PU is currently suspecting Vanilluxe! For information on how to participate check out the <a href="https://www.smogon.com/forums/threads/np-ss-pu-stage-10-ice-cream-vanilluxe-suspect-test.3705646/">suspect thread</a>.</strong></div>
|raw|<div class="broadcast-blue"><strong>This battle is required to be public due to a player having a name starting with 'pult4c1'.</div>
|j|☆detonating
|j|☆PULT4C1 Inder
|t:|1660517818
|gametype|singles
|player|p1|detonating|psychic-gen4|1241
|player|p2|PULT4C1 Inder|lyra|1371
|teamsize|p1|6
|teamsize|p2|6
|gen|8
|tier|[Gen 8] PU
|rated|
|rule|Sleep Clause Mod: Limit one foe put to sleep
|rule|Species Clause: Limit one of each Pokémon
|rule|OHKO Clause: OHKO moves are banned
|rule|Evasion Items Clause: Evasion items are banned
|rule|Evasion Moves Clause: Evasion moves are banned
|rule|Endless Battle Clause: Forcing endless battles is banned
|rule|HP Percentage Mod: HP is shown in percentages
|rule|Dynamax Clause: You cannot dynamax
|clearpoke
|poke|p1|Turtonator, M|
|poke|p1|Jellicent, M|
|poke|p1|Aggron, F|
|poke|p1|Sandslash, F|
|poke|p1|Miltank, F|
|poke|p1|Lycanroc, M|
|poke|p2|Doublade, F|
|poke|p2|Vikavolt, F|
|poke|p2|Archeops, F|
|poke|p2|Silvally-*|
|poke|p2|Turtonator, M|
|poke|p2|Druddigon, M|
|teampreview
|inactive|Battle timer is ON: inactive players will automatically lose when time's up. (requested by detonating)
|inactive|PULT4C1 Inder also wants the timer to be on.
|j| munchlax XXL
|
|t:|1660517839
|start
|switch|p1a: Jellicent|Jellicent, M|100/100
|switch|p2a: Druddigon|Druddigon, M|100/100
|-ability|p2a: Druddigon|Mold Breaker
|turn|1
|j| kekkekeke
|
|t:|1660517853
|switch|p1a: Miltank|Miltank, F|100/100
|move|p2a: Druddigon|Scale Shot|p1a: Miltank
|-damage|p1a: Miltank|88/100
|-damage|p1a: Miltank|74/100
|-crit|p1a: Miltank
|-damage|p1a: Miltank|55/100
|-hitcount|p1a: Miltank|3
|-unboost|p2a: Druddigon|def|1
|-boost|p2a: Druddigon|spe|1
|
|upkeep
|turn|2
|
|t:|1660517859
|move|p1a: Miltank|Double-Edge|p2a: Druddigon
|-enditem|p2a: Druddigon|Focus Sash
|-damage|p2a: Druddigon|1/100
|-damage|p1a: Miltank|26/100|[from] Recoil
|-damage|p1a: Miltank|16/100|[from] item: Life Orb
|move|p2a: Druddigon|Taunt|p1a: Miltank
|-start|p1a: Miltank|move: Taunt
|
|upkeep
|turn|3
|
|t:|1660517869
|switch|p2a: Archeops|Archeops, F|100/100
|move|p1a: Miltank|Double-Edge|p2a: Archeops
|-resisted|p2a: Archeops
|-damage|p2a: Archeops|56/100
|-damage|p1a: Miltank|3/100|[from] Recoil
|-damage|p1a: Miltank|0 fnt|[from] item: Life Orb
|faint|p1a: Miltank
|
|upkeep
|
|t:|1660517888
|switch|p1a: Lycanroc|Lycanroc, M|100/100
|turn|4
|
|t:|1660517893
|switch|p2a: Doublade|Doublade, F|100/100
|move|p1a: Lycanroc|Accelerock|p2a: Doublade
|-resisted|p2a: Doublade
|-damage|p2a: Doublade|93/100
|-damage|p1a: Lycanroc|91/100|[from] item: Life Orb
|
|upkeep
|turn|5
|
|t:|1660517898
|switch|p1a: Sandslash|Sandslash, F|100/100
|move|p2a: Doublade|Shadow Claw|p1a: Sandslash
|-damage|p1a: Sandslash|59/100
|
|upkeep
|turn|6
|
|t:|1660517904
|switch|p2a: Druddigon|Druddigon, M|1/100
|-ability|p2a: Druddigon|Mold Breaker
|move|p1a: Sandslash|Knock Off|p2a: Druddigon
|-damage|p2a: Druddigon|0 fnt
|faint|p2a: Druddigon
|
|upkeep
|
|t:|1660517907
|switch|p2a: Vikavolt|Vikavolt, F|100/100
|turn|7
|
|t:|1660517912
|move|p1a: Sandslash|Knock Off|p2a: Vikavolt
|-damage|p2a: Vikavolt|67/100
|-enditem|p2a: Vikavolt|Throat Spray|[from] move: Knock Off|[of] p1a: Sandslash
|move|p2a: Vikavolt|Bug Buzz|p1a: Sandslash
|-damage|p1a: Sandslash|0 fnt
|faint|p1a: Sandslash
|
|upkeep
|
|t:|1660517927
|switch|p1a: Turtonator|Turtonator, M|100/100
|turn|8
|
|t:|1660517928
|move|p2a: Vikavolt|Agility|p2a: Vikavolt
|-boost|p2a: Vikavolt|spe|2
|move|p1a: Turtonator|Shell Smash|p1a: Turtonator
|-unboost|p1a: Turtonator|def|1
|-unboost|p1a: Turtonator|spd|1
|-boost|p1a: Turtonator|atk|2
|-boost|p1a: Turtonator|spa|2
|-boost|p1a: Turtonator|spe|2
|
|upkeep
|turn|9
|
|t:|1660517932
|move|p2a: Vikavolt|Mud Shot|p1a: Turtonator
|-supereffective|p1a: Turtonator
|-damage|p1a: Turtonator|5/100
|-unboost|p1a: Turtonator|spe|1
|move|p1a: Turtonator|Flamethrower|p2a: Vikavolt
|-supereffective|p2a: Vikavolt
|-damage|p2a: Vikavolt|0 fnt
|faint|p2a: Vikavolt
|
|upkeep
|
|t:|1660517939
|switch|p2a: Doublade|Doublade, F|93/100
|turn|10
|
|t:|1660517945
|switch|p1a: Aggron|Aggron, F|100/100
|move|p2a: Doublade|Shadow Sneak|p1a: Aggron
|-damage|p1a: Aggron|89/100
|
|-heal|p1a: Aggron|95/100|[from] item: Leftovers
|upkeep
|turn|11
|
|t:|1660517949
|switch|p1a: Jellicent|Jellicent, M|100/100
|move|p2a: Doublade|Close Combat|p1a: Jellicent
|-immune|p1a: Jellicent
|
|upkeep
|turn|12
|
|t:|1660517952
|switch|p2a: Turtonator|Turtonator, M|100/100
|move|p1a: Jellicent|Shadow Ball|p2a: Turtonator
|-damage|p2a: Turtonator|60/100
|
|upkeep
|turn|13
|
|t:|1660517958
|move|p2a: Turtonator|Shell Smash|p2a: Turtonator
|-unboost|p2a: Turtonator|def|1
|-unboost|p2a: Turtonator|spd|1
|-boost|p2a: Turtonator|atk|2
|-boost|p2a: Turtonator|spa|2
|-boost|p2a: Turtonator|spe|2
|move|p1a: Jellicent|Water Spout|p2a: Turtonator
|-damage|p2a: Turtonator|0 fnt
|faint|p2a: Turtonator
|
|upkeep
|
|t:|1660517962
|switch|p2a: Silvally|Silvally-Fairy|100/100
|turn|14
|
|t:|1660517965
|switch|p1a: Aggron|Aggron, F|95/100
|move|p2a: Silvally|Multi-Attack|p1a: Aggron
|-resisted|p1a: Aggron
|-damage|p1a: Aggron|81/100
|
|-heal|p1a: Aggron|87/100|[from] item: Leftovers
|upkeep
|turn|15
|
|t:|1660517969
|switch|p2a: Doublade|Doublade, F|93/100
|move|p1a: Aggron|Earthquake|p2a: Doublade
|-supereffective|p2a: Doublade
|-damage|p2a: Doublade|69/100
|
|-heal|p1a: Aggron|93/100|[from] item: Leftovers
|upkeep
|turn|16
|
|t:|1660517976
|move|p1a: Aggron|Earthquake|p2a: Doublade
|-supereffective|p2a: Doublade
|-damage|p2a: Doublade|42/100
|move|p2a: Doublade|Shadow Claw|p1a: Aggron
|-damage|p1a: Aggron|71/100
|
|-heal|p1a: Aggron|78/100|[from] item: Leftovers
|upkeep
|turn|17
|
|t:|1660517983
|move|p1a: Aggron|Stealth Rock|p2a: Doublade
|-sidestart|p2: PULT4C1 Inder|move: Stealth Rock
|move|p2a: Doublade|Shadow Claw|p1a: Aggron
|-damage|p1a: Aggron|56/100
|
|-heal|p1a: Aggron|62/100|[from] item: Leftovers
|upkeep
|turn|18
|
|t:|1660517986
|move|p1a: Aggron|Earthquake|p2a: Doublade
|-supereffective|p2a: Doublade
|-damage|p2a: Doublade|17/100
|move|p2a: Doublade|Close Combat|p1a: Aggron
|-supereffective|p1a: Aggron
|-damage|p1a: Aggron|0 fnt
|-unboost|p2a: Doublade|def|1
|-unboost|p2a: Doublade|spd|1
|faint|p1a: Aggron
|
|upkeep
|
|t:|1660518000
|switch|p1a: Lycanroc|Lycanroc, M|91/100
|turn|19
|
|t:|1660518007
|move|p2a: Doublade|Shadow Sneak|p1a: Lycanroc
|-damage|p1a: Lycanroc|54/100
|move|p1a: Lycanroc|Crunch|p2a: Doublade
|-supereffective|p2a: Doublade
|-damage|p2a: Doublade|0 fnt
|faint|p2a: Doublade
|-damage|p1a: Lycanroc|44/100|[from] item: Life Orb
|
|upkeep
|
|t:|1660518014
|switch|p2a: Silvally|Silvally-Fairy|100/100
|-damage|p2a: Silvally|88/100|[from] Stealth Rock
|turn|20
|
|t:|1660518024
|move|p1a: Lycanroc|Accelerock|p2a: Silvally
|-damage|p2a: Silvally|56/100
|-damage|p1a: Lycanroc|35/100|[from] item: Life Orb
|move|p2a: Silvally|Multi-Attack|p1a: Lycanroc
|-damage|p1a: Lycanroc|0 fnt
|faint|p1a: Lycanroc
|
|upkeep
|
|t:|1660518028
|switch|p1a: Jellicent|Jellicent, M|100/100
|turn|21
|
|t:|1660518038
|move|p2a: Silvally|Multi-Attack|p1a: Jellicent
|-damage|p1a: Jellicent|52/100
|move|p1a: Jellicent|Strength Sap|p2a: Silvally
|-unboost|p2a: Silvally|atk|1
|-heal|p1a: Jellicent|100/100
|
|upkeep
|turn|22
|
|t:|1660518042
|move|p2a: Silvally|Swords Dance|p2a: Silvally
|-boost|p2a: Silvally|atk|2
|move|p1a: Jellicent|Water Spout|p2a: Silvally
|-damage|p2a: Silvally|0 fnt
|faint|p2a: Silvally
|
|upkeep
|-message|PULT4C1 Inder forfeited.
|
|win|detonating
|raw|detonating's rating: 1241 &rarr; <strong>1276</strong><br />(+35 for winning)
|raw|PULT4C1 Inder's rating: 1380 &rarr; <strong>1352</strong><br />(-28 for losing)
|l|☆PULT4C1 Inder
|l|☆detonating
|l| munchlax XXL
