|j|☆zefereater
|j|☆cafay sukray
|t:|1643506783
|gametype|singles
|player|p1|zefereater|zinzolin|1342
|player|p2|cafay sukray|swimmer-gen4dp|1531
|teamsize|p1|6
|teamsize|p2|6
|gen|8
|tier|[Gen 8] PU
|rated|
|rule|Sleep Clause Mod: Limit one foe put to sleep
|rule|Species Clause: Limit one of each Pokémon
|rule|OHKO Clause: OHKO moves are banned
|rule|Evasion Moves Clause: Evasion moves are banned
|rule|Endless Battle Clause: Forcing endless battles is banned
|rule|HP Percentage Mod: HP is shown in percentages
|rule|Dynamax Clause: You cannot dynamax
|clearpoke
|poke|p1|Hakamo-o, M|
|poke|p1|Vanilluxe, F|
|poke|p1|Jellicent, M|
|poke|p1|Trevenant, M|
|poke|p1|Silvally-*|
|poke|p1|Altaria, F|
|poke|p2|Sawk, M|
|poke|p2|Centiskorch, M|
|poke|p2|Sandaconda, F|
|poke|p2|Lurantis, M|
|poke|p2|Kabutops, M|
|poke|p2|Persian-Alola, M|
|teampreview
|j| very tiny rat
|c|☆zefereater|Going for a 0- 0
|c|☆cafay sukray|a wut
|c|☆zefereater|0 - 0
|c|☆cafay sukray|o
|
|t:|1643506830
|start
|switch|p1a: muzari|Trevenant, M|100/100
|switch|p2a: Centiskorch|Centiskorch, M|100/100
|-item|p2a: Centiskorch|Heavy-Duty Boots|[from] ability: Frisk|[of] p1a: muzari|[identify]
|turn|1
|c|☆zefereater|Yea man so im whateevr for whatevrr u throw at me
|
|t:|1643506848
|move|p2a: Centiskorch|Knock Off|p1a: muzari
|-supereffective|p1a: muzari
|-damage|p1a: muzari|26/100
|-enditem|p1a: muzari|Life Orb|[from] move: Knock Off|[of] p2a: Centiskorch
|move|p1a: muzari|Trick Room|p1a: muzari
|-fieldstart|move: Trick Room|[of] p1a: muzari
|
|upkeep
|turn|2
|
|t:|1643506854
|move|p1a: muzari|Destiny Bond|p1a: muzari
|-singlemove|p1a: muzari|Destiny Bond
|move|p2a: Centiskorch|Knock Off|p1a: muzari
|-supereffective|p1a: muzari
|-damage|p1a: muzari|0 fnt
|faint|p1a: muzari
|-activate|p1a: muzari|move: Destiny Bond
|faint|p2a: Centiskorch
|
|upkeep
|
|t:|1643506864
|switch|p1a: renlek|Jellicent, M|100/100
|switch|p2a: Lurantis|Lurantis, M|100/100
|turn|3
|
|t:|1643506875
|switch|p1a: eldaxi|Altaria, F|100/100
|move|p2a: Lurantis|Knock Off|p1a: eldaxi
|-damage|p1a: eldaxi|76/100
|-enditem|p1a: eldaxi|Heavy-Duty Boots|[from] move: Knock Off|[of] p2a: Lurantis
|
|upkeep
|turn|4
|
|t:|1643506880
|switch|p2a: Kabutops|Kabutops, M|100/100
|move|p1a: eldaxi|Hurricane|p2a: Kabutops
|-resisted|p2a: Kabutops
|-damage|p2a: Kabutops|79/100
|-start|p2a: Kabutops|confusion
|
|-heal|p2a: Kabutops|85/100|[from] item: Leftovers
|upkeep
|turn|5
|c|☆zefereater|Man dat big is slow af
|
|t:|1643506899
|switch|p1a: renlek|Jellicent, M|100/100
|-activate|p2a: Kabutops|confusion
|-damage|p2a: Kabutops|71/100|[from] confusion
|
|-heal|p2a: Kabutops|77/100|[from] item: Leftovers
|-fieldend|move: Trick Room
|upkeep
|turn|6
|c|☆cafay sukray|ban confusion
|
|t:|1643506913
|switch|p2a: Lurantis|Lurantis, M|100/100
|move|p1a: renlek|Hydro Pump|p2a: Lurantis|[miss]
|-miss|p1a: renlek|p2a: Lurantis
|
|upkeep
|turn|7
|c|☆zefereater|Ban missing
|
|t:|1643506936
|switch|p1a: eldaxi|Altaria, F|76/100
|move|p2a: Lurantis|Leaf Storm|p1a: eldaxi
|-resisted|p1a: eldaxi
|-damage|p1a: eldaxi|70/100
|-boost|p2a: Lurantis|spa|2
|
|upkeep
|turn|8
|
|t:|1643506940
|switch|p2a: Kabutops|Kabutops, M|77/100
|move|p1a: eldaxi|Toxic|p2a: Kabutops
|-status|p2a: Kabutops|tox
|
|-heal|p2a: Kabutops|83/100 tox|[from] item: Leftovers
|-damage|p2a: Kabutops|77/100 tox|[from] psn
|upkeep
|turn|9
|
|t:|1643506948
|switch|p1a: zuutani|Hakamo-o, M|100/100
|move|p2a: Kabutops|Toxic|p1a: zuutani
|-status|p1a: zuutani|tox
|
|-heal|p2a: Kabutops|83/100 tox|[from] item: Leftovers
|-damage|p1a: zuutani|94/100 tox|[from] psn
|-damage|p2a: Kabutops|71/100 tox|[from] psn
|upkeep
|turn|10
|c|☆cafay sukray|hamak0-0
|
|t:|1643506960
|switch|p2a: Sandaconda|Sandaconda, F|100/100
|move|p1a: zuutani|Dragon Dance|p1a: zuutani
|-boost|p1a: zuutani|atk|1
|-boost|p1a: zuutani|spe|1
|
|-damage|p1a: zuutani|82/100 tox|[from] psn
|upkeep
|turn|11
|c|☆zefereater|Bro thats boring ban that
|
|t:|1643506966
|move|p1a: zuutani|Dragon Dance|p1a: zuutani
|-boost|p1a: zuutani|atk|1
|-boost|p1a: zuutani|spe|1
|move|p2a: Sandaconda|Coil|p2a: Sandaconda
|-boost|p2a: Sandaconda|atk|1
|-boost|p2a: Sandaconda|def|1
|-boost|p2a: Sandaconda|accuracy|1
|
|-damage|p1a: zuutani|64/100 tox|[from] psn
|upkeep
|turn|12
|
|t:|1643506972
|switch|p1a: renlek|Jellicent, M|100/100
|move|p2a: Sandaconda|Earthquake|p1a: renlek
|-damage|p1a: renlek|28/100
|
|upkeep
|turn|13
|
|t:|1643506983
|switch|p1a: zuutani|Hakamo-o, M|64/100 tox
|move|p2a: Sandaconda|Earthquake|p1a: zuutani
|-damage|p1a: zuutani|0 fnt
|faint|p1a: zuutani
|
|upkeep
|
|t:|1643506986
|switch|p1a: mauulexi|Vanilluxe, F|100/100
|-weather|Hail|[from] ability: Snow Warning|[of] p1a: mauulexi
|turn|14
|c|☆cafay sukray|hm where's my switch
|c|☆zefereater|Idk
|
|t:|1643507015
|switch|p2a: Lurantis|Lurantis, M|100/100
|move|p1a: mauulexi|Blizzard|p2a: Lurantis
|-supereffective|p2a: Lurantis
|-damage|p2a: Lurantis|0 fnt
|faint|p2a: Lurantis
|
|-weather|Hail|[upkeep]
|upkeep
|c|☆zefereater|Non existent
|
|t:|1643507019
|switch|p2a: Sawk|Sawk, M|100/100
|-ability|p2a: Sawk|Mold Breaker
|turn|15
|
|t:|1643507025
|switch|p1a: renlek|Jellicent, M|28/100
|move|p2a: Sawk|Stone Edge|p1a: renlek|[miss]
|-miss|p2a: Sawk|p1a: renlek
|
|-weather|Hail|[upkeep]
|-damage|p2a: Sawk|94/100|[from] Hail
|-damage|p1a: renlek|22/100|[from] Hail
|upkeep
|turn|16
|
|t:|1643507033
|move|p2a: Sawk|Stone Edge|p1a: renlek
|-damage|p1a: renlek|0 fnt
|faint|p1a: renlek
|
|-weather|Hail|[upkeep]
|-damage|p2a: Sawk|88/100|[from] Hail
|upkeep
|c|☆zefereater|Man u missed
|
|t:|1643507040
|switch|p1a: zoupy moi|Silvally-Fairy|100/100
|turn|17
|c|☆cafay sukray|oh fuck
|c|☆cafay sukray|gg
|
|t:|1643507047
|switch|p2a: Sandaconda|Sandaconda, F|100/100
|move|p1a: zoupy moi|Swords Dance|p1a: zoupy moi
|-boost|p1a: zoupy moi|atk|2
|
|-weather|Hail|[upkeep]
|-damage|p1a: zoupy moi|94/100|[from] Hail
|-damage|p2a: Sandaconda|94/100|[from] Hail
|-heal|p2a: Sandaconda|100/100|[from] item: Leftovers
|upkeep
|turn|18
|
|t:|1643507051
|move|p1a: zoupy moi|Swords Dance|p1a: zoupy moi
|-boost|p1a: zoupy moi|atk|2
|move|p2a: Sandaconda|Earthquake|p1a: zoupy moi
|-damage|p1a: zoupy moi|45/100
|
|-weather|none
|upkeep
|turn|19
|
|t:|1643507055
|move|p1a: zoupy moi|Multi-Attack|p2a: Sandaconda
|-damage|p2a: Sandaconda|0 fnt
|faint|p2a: Sandaconda
|
|upkeep
|
|t:|1643507058
|switch|p2a: Persian|Persian-Alola, M|100/100
|turn|20
|c|☆zefereater|gg i guess
|c|☆cafay sukray|nah
|
|t:|1643507065
|move|p2a: Persian|Gunk Shot|p1a: zoupy moi
|-supereffective|p1a: zoupy moi
|-damage|p1a: zoupy moi|0 fnt
|faint|p1a: zoupy moi
|
|upkeep
|c|☆cafay sukray|i was bluffing
|c|☆zefereater|AW NA
|
|t:|1643507074
|switch|p1a: mauulexi|Vanilluxe, F|100/100
|-weather|Hail|[from] ability: Snow Warning|[of] p1a: mauulexi
|turn|21
|
|t:|1643507081
|move|p2a: Persian|Knock Off|p1a: mauulexi
|-damage|p1a: mauulexi|62/100
|-enditem|p1a: mauulexi|Choice Specs|[from] move: Knock Off|[of] p2a: Persian
|move|p1a: mauulexi|Freeze-Dry|p2a: Persian
|-damage|p2a: Persian|50/100
|
|-weather|Hail|[upkeep]
|-damage|p2a: Persian|44/100|[from] Hail
|upkeep
|turn|22
|
|t:|1643507089
|switch|p2a: Kabutops|Kabutops, M|71/100 tox
|move|p1a: mauulexi|Blizzard|p2a: Kabutops
|-resisted|p2a: Kabutops
|-damage|p2a: Kabutops|32/100 tox
|
|-weather|Hail|[upkeep]
|-damage|p2a: Kabutops|26/100 tox|[from] Hail
|-heal|p2a: Kabutops|32/100 tox|[from] item: Leftovers
|-damage|p2a: Kabutops|26/100 tox|[from] psn
|upkeep
|turn|23
|j| Gva
|
|t:|1643507096
|move|p1a: mauulexi|Freeze-Dry|p2a: Kabutops
|-supereffective|p2a: Kabutops
|-damage|p2a: Kabutops|0 fnt
|faint|p2a: Kabutops
|
|-weather|Hail|[upkeep]
|upkeep
|
|t:|1643507098
|switch|p2a: Sawk|Sawk, M|88/100
|-ability|p2a: Sawk|Mold Breaker
|turn|24
|c|☆cafay sukray|lets hit
|
|t:|1643507104
|move|p2a: Sawk|Stone Edge|p1a: mauulexi
|-supereffective|p1a: mauulexi
|-crit|p1a: mauulexi
|-damage|p1a: mauulexi|0 fnt
|faint|p1a: mauulexi
|
|-weather|Hail|[upkeep]
|-damage|p2a: Sawk|82/100|[from] Hail
|upkeep
|
|t:|1643507105
|switch|p1a: eldaxi|Altaria, F|70/100
|turn|25
|
|t:|1643507107
|move|p2a: Sawk|Stone Edge|p1a: eldaxi|[miss]
|-miss|p2a: Sawk|p1a: eldaxi
|move|p1a: eldaxi|Hurricane|p2a: Sawk
|-supereffective|p2a: Sawk
|-damage|p2a: Sawk|5/100
|
|-weather|none
|upkeep
|turn|26
|c|☆zefereater|YESS
|c|☆cafay sukray|hitttt
|
|t:|1643507116
|move|p2a: Sawk|Stone Edge|p1a: eldaxi|[miss]
|-miss|p2a: Sawk|p1a: eldaxi
|move|p1a: eldaxi|Toxic|p2a: Sawk
|-status|p2a: Sawk|tox
|
|-damage|p2a: Sawk|0 fnt|[from] psn
|faint|p2a: Sawk
|upkeep
|c|☆cafay sukray|:((((
|
|t:|1643507121
|switch|p2a: Persian|Persian-Alola, M|44/100
|turn|27
|c|☆zefereater|no
|c|☆zefereater|Shine
|
|t:|1643507127
|move|p2a: Persian|Play Rough|p1a: eldaxi
|-supereffective|p1a: eldaxi
|-damage|p1a: eldaxi|32/100
|-unboost|p1a: eldaxi|atk|1
|move|p1a: eldaxi|Hurricane|p2a: Persian
|-damage|p2a: Persian|0 fnt
|faint|p2a: Persian
|
|win|zefereater
|raw|zefereater's rating: 1342 &rarr; <strong>1372</strong><br />(+30 for winning)
|raw|cafay sukray's rating: 1531 &rarr; <strong>1501</strong><br />(-30 for losing)
|c|☆cafay sukray|breh
|c|☆cafay sukray|gg
|c|☆zefereater|NO WAY
|c|☆zefereater|dude
|c|☆zefereater|Im sorrtly
|c|☆cafay sukray|np
|l|☆cafay sukray
|c|☆zefereater|Totally haxxed u
|l|☆zefereater
|l| Gva
|l| very tiny rat
|j|☆cafay sukray
|player|p2|cafay sukray|swimmer-gen4dp
