|raw|<div class="broadcast-blue"><strong>This battle is required to be public due to a player having a name starting with 'pult61a'.</div>
|j|☆pult61a spades
|j|☆quite remarkable
|t:|1626793615
|gametype|singles
|player|p1|pult61a spades|erika|1318
|player|p2|quite remarkable|madame-gen4dp|1433
|teamsize|p1|6
|teamsize|p2|6
|gen|8
|tier|[Gen 8] PU
|rated|
|rule|Sleep Clause Mod: Limit one foe put to sleep
|rule|Species Clause: Limit one of each Pokémon
|rule|OHKO Clause: OHKO moves are banned
|rule|Evasion Moves Clause: Evasion moves are banned
|rule|Endless Battle Clause: Forcing endless battles is banned
|rule|HP Percentage Mod: HP is shown in percentages
|rule|Dynamax Clause: You cannot dynamax
|clearpoke
|poke|p1|Weezing, F|
|poke|p1|Sandaconda, M|
|poke|p1|Silvally-*|
|poke|p1|Charizard, F|
|poke|p1|Ribombee, M|
|poke|p1|Gourgeist-*, M|
|poke|p2|Shiftry, F|
|poke|p2|Sandslash-Alola, M|
|poke|p2|Jellicent, F|
|poke|p2|Ribombee, M|
|poke|p2|Rhydon, F|
|poke|p2|Mesprit|
|teampreview
|inactive|Battle timer is ON: inactive players will automatically lose when time's up. (requested by quite remarkable)
|j| Mara Sattei
|
|t:|1626793691
|start
|switch|p1a: Gourgeist|Gourgeist-Small, M|100/100
|switch|p2a: Ribombee|Ribombee, M|100/100
|-item|p2a: Ribombee|Heavy-Duty Boots|[from] ability: Frisk|[of] p1a: Gourgeist|[identify]
|turn|1
|
|t:|1626793704
|move|p1a: Gourgeist|Poltergeist|p2a: Ribombee
|-activate|p2a: Ribombee|move: Poltergeist|Heavy-Duty Boots
|-damage|p2a: Ribombee|18/100
|move|p2a: Ribombee|Moonblast|p1a: Gourgeist
|-damage|p1a: Gourgeist|29/100
|
|upkeep
|turn|2
|
|t:|1626793714
|switch|p2a: Rhydon|Rhydon, F|100/100
|move|p1a: Gourgeist|Poltergeist|p2a: Rhydon
|-activate|p2a: Rhydon|move: Poltergeist|Eviolite
|-damage|p2a: Rhydon|76/100
|
|upkeep
|turn|3
|
|t:|1626793722
|switch|p1a: Sandaconda|Sandaconda, M|100/100
|move|p2a: Rhydon|Stealth Rock|p1a: Sandaconda
|-sidestart|p1: pult61a spades|move: Stealth Rock
|
|upkeep
|turn|4
|
|t:|1626793728
|switch|p2a: Ribombee|Ribombee, M|18/100
|move|p1a: Sandaconda|Glare|p2a: Ribombee
|-status|p2a: Ribombee|par
|
|upkeep
|turn|5
|
|t:|1626793740
|switch|p1a: Charizard|Charizard, F|100/100
|cant|p2a: Ribombee|par
|
|upkeep
|turn|6
|
|t:|1626793746
|switch|p2a: Jellicent|Jellicent, F|100/100
|move|p1a: Charizard|Flamethrower|p2a: Jellicent
|-resisted|p2a: Jellicent
|-damage|p2a: Jellicent|87/100
|-status|p2a: Jellicent|brn
|
|-damage|p2a: Jellicent|81/100 brn|[from] brn
|upkeep
|turn|7
|
|t:|1626793762
|move|p1a: Charizard|Defog|p2a: Jellicent
|-unboost|p2a: Jellicent|evasion|1
|-sideend|p1: pult61a spades|Stealth Rock|[from] move: Defog|[of] p1a: Charizard
|move|p2a: Jellicent|Scald|p1a: Charizard
|-supereffective|p1a: Charizard
|-damage|p1a: Charizard|47/100
|
|-damage|p2a: Jellicent|75/100 brn|[from] brn
|upkeep
|turn|8
|
|t:|1626793769
|move|p1a: Charizard|Roost|p1a: Charizard
|-heal|p1a: Charizard|98/100
|-singleturn|p1a: Charizard|move: Roost
|move|p2a: Jellicent|Scald|p1a: Charizard
|-supereffective|p1a: Charizard
|-crit|p1a: Charizard
|-damage|p1a: Charizard|20/100
|
|-damage|p2a: Jellicent|69/100 brn|[from] brn
|upkeep
|turn|9
|
|t:|1626793774
|move|p1a: Charizard|Roost|p1a: Charizard
|-heal|p1a: Charizard|70/100
|-singleturn|p1a: Charizard|move: Roost
|move|p2a: Jellicent|Taunt|p1a: Charizard
|-start|p1a: Charizard|move: Taunt
|
|-damage|p2a: Jellicent|62/100 brn|[from] brn
|upkeep
|turn|10
|
|t:|1626793780
|switch|p1a: Ribombee|Ribombee, M|100/100
|move|p2a: Jellicent|Scald|p1a: Ribombee
|-damage|p1a: Ribombee|58/100
|
|-damage|p2a: Jellicent|56/100 brn|[from] brn
|upkeep
|turn|11
|
|t:|1626793790
|move|p1a: Ribombee|Roost|p1a: Ribombee
|-heal|p1a: Ribombee|100/100
|-singleturn|p1a: Ribombee|move: Roost
|move|p2a: Jellicent|Recover|p2a: Jellicent
|-heal|p2a: Jellicent|100/100 brn
|
|-damage|p2a: Jellicent|94/100 brn|[from] brn
|upkeep
|turn|12
|
|t:|1626793793
|switch|p2a: Sandslash|Sandslash-Alola, M|100/100
|move|p1a: Ribombee|Quiver Dance|p1a: Ribombee
|-boost|p1a: Ribombee|spa|1
|-boost|p1a: Ribombee|spd|1
|-boost|p1a: Ribombee|spe|1
|
|upkeep
|turn|13
|
|t:|1626793801
|switch|p1a: Weezing|Weezing, F|100/100
|-ability|p1a: Weezing|Neutralizing Gas
|move|p2a: Sandslash|Spikes|p1a: Weezing
|-sidestart|p1: pult61a spades|Spikes
|
|upkeep
|turn|14
|
|t:|1626793812
|switch|p2a: Mesprit|Mesprit|100/100
|move|p1a: Weezing|Taunt|p2a: Mesprit
|-start|p2a: Mesprit|move: Taunt
|
|upkeep
|turn|15
|
|t:|1626793821
|-end|p1a: Weezing|ability: Neutralizing Gas
|switch|p1a: Silvally|Silvally-Steel|100/100
|-damage|p1a: Silvally|88/100|[from] Spikes
|move|p2a: Mesprit|Psychic|p1a: Silvally
|-resisted|p1a: Silvally
|-damage|p1a: Silvally|68/100
|
|upkeep
|turn|16
|
|t:|1626793831
|switch|p2a: Jellicent|Jellicent, F|94/100 brn
|switch|p1a: Gourgeist|Gourgeist-Small, M|29/100
|-damage|p1a: Gourgeist|16/100|[from] Spikes
|-item|p2a: Jellicent|Colbur Berry|[from] ability: Frisk|[of] p1a: Gourgeist|[identify]
|
|-damage|p2a: Jellicent|88/100 brn|[from] brn
|upkeep
|turn|17
|
|t:|1626793840
|switch|p2a: Shiftry|Shiftry, F|100/100
|move|p1a: Gourgeist|Trick|p2a: Shiftry
|-activate|p1a: Gourgeist|move: Trick|[of] p2a: Shiftry
|-item|p2a: Shiftry|Choice Scarf|[from] move: Trick
|-item|p1a: Gourgeist|Choice Band|[from] move: Trick
|
|upkeep
|turn|18
|
|t:|1626793848
|switch|p1a: Weezing|Weezing, F|100/100
|-ability|p1a: Weezing|Neutralizing Gas
|-damage|p1a: Weezing|88/100|[from] Spikes
|move|p2a: Shiftry|Knock Off|p1a: Weezing
|-damage|p1a: Weezing|58/100
|-damage|p2a: Shiftry|84/100|[from] item: Rocky Helmet|[of] p1a: Weezing
|-enditem|p1a: Weezing|Rocky Helmet|[from] move: Knock Off|[of] p2a: Shiftry
|
|upkeep
|turn|19
|
|t:|1626793874
|switch|p2a: Jellicent|Jellicent, F|88/100 brn
|move|p1a: Weezing|Pain Split|p2a: Jellicent
|-sethp|p2a: Jellicent|68/100 brn|[from] move: Pain Split|[silent]
|-sethp|p1a: Weezing|82/100|[from] move: Pain Split
|
|-damage|p2a: Jellicent|62/100 brn|[from] brn
|upkeep
|turn|20
|
|t:|1626793882
|move|p1a: Weezing|Sludge Bomb|p2a: Jellicent
|-resisted|p2a: Jellicent
|-damage|p2a: Jellicent|51/100 brn
|move|p2a: Jellicent|Recover|p2a: Jellicent
|-heal|p2a: Jellicent|100/100 brn
|
|-damage|p2a: Jellicent|94/100 brn|[from] brn
|upkeep
|turn|21
|
|t:|1626793888
|-end|p1a: Weezing|ability: Neutralizing Gas
|switch|p1a: Ribombee|Ribombee, M|100/100
|move|p2a: Jellicent|Scald|p1a: Ribombee
|-damage|p1a: Ribombee|55/100
|
|-damage|p2a: Jellicent|88/100 brn|[from] brn
|upkeep
|turn|22
|
|t:|1626793893
|switch|p2a: Sandslash|Sandslash-Alola, M|100/100
|move|p1a: Ribombee|Moonblast|p2a: Sandslash
|-resisted|p2a: Sandslash
|-damage|p2a: Sandslash|78/100
|
|-heal|p2a: Sandslash|84/100|[from] item: Leftovers
|upkeep
|turn|23
|
|t:|1626793915
|switch|p1a: Charizard|Charizard, F|70/100
|move|p2a: Sandslash|Toxic|p1a: Charizard|[miss]
|-miss|p2a: Sandslash|p1a: Charizard
|
|-heal|p2a: Sandslash|91/100|[from] item: Leftovers
|upkeep
|turn|24
|
|t:|1626793921
|switch|p2a: Jellicent|Jellicent, F|88/100 brn
|move|p1a: Charizard|Defog|p2a: Jellicent
|-unboost|p2a: Jellicent|evasion|1
|-sideend|p1: pult61a spades|Spikes|[from] move: Defog|[of] p1a: Charizard
|
|-damage|p2a: Jellicent|82/100 brn|[from] brn
|upkeep
|turn|25
|
|t:|1626793928
|move|p1a: Charizard|Roost|p1a: Charizard
|-heal|p1a: Charizard|100/100
|-singleturn|p1a: Charizard|move: Roost
|move|p2a: Jellicent|Scald|p1a: Charizard
|-supereffective|p1a: Charizard
|-damage|p1a: Charizard|44/100
|
|-damage|p2a: Jellicent|76/100 brn|[from] brn
|upkeep
|turn|26
|
|t:|1626793932
|move|p1a: Charizard|Roost|p1a: Charizard
|-heal|p1a: Charizard|94/100
|-singleturn|p1a: Charizard|move: Roost
|move|p2a: Jellicent|Scald|p1a: Charizard
|-supereffective|p1a: Charizard
|-damage|p1a: Charizard|42/100
|
|-damage|p2a: Jellicent|70/100 brn|[from] brn
|upkeep
|turn|27
|
|t:|1626793938
|move|p1a: Charizard|Roost|p1a: Charizard
|-heal|p1a: Charizard|92/100
|-singleturn|p1a: Charizard|move: Roost
|move|p2a: Jellicent|Scald|p1a: Charizard
|-supereffective|p1a: Charizard
|-damage|p1a: Charizard|39/100
|
|-damage|p2a: Jellicent|63/100 brn|[from] brn
|upkeep
|turn|28
|
|t:|1626793941
|move|p1a: Charizard|Roost|p1a: Charizard
|-heal|p1a: Charizard|89/100
|-singleturn|p1a: Charizard|move: Roost
|move|p2a: Jellicent|Recover|p2a: Jellicent
|-heal|p2a: Jellicent|100/100 brn
|
|-damage|p2a: Jellicent|94/100 brn|[from] brn
|upkeep
|turn|29
|
|t:|1626793948
|move|p1a: Charizard|Flamethrower|p2a: Jellicent
|-resisted|p2a: Jellicent
|-damage|p2a: Jellicent|80/100 brn
|move|p2a: Jellicent|Scald|p1a: Charizard
|-supereffective|p1a: Charizard
|-damage|p1a: Charizard|35/100
|
|-damage|p2a: Jellicent|74/100 brn|[from] brn
|upkeep
|turn|30
|
|t:|1626793951
|move|p1a: Charizard|Roost|p1a: Charizard
|-heal|p1a: Charizard|85/100
|-singleturn|p1a: Charizard|move: Roost
|move|p2a: Jellicent|Taunt|p1a: Charizard
|-start|p1a: Charizard|move: Taunt
|
|-damage|p2a: Jellicent|68/100 brn|[from] brn
|upkeep
|turn|31
|
|t:|1626793958
|switch|p1a: Ribombee|Ribombee, M|55/100
|move|p2a: Jellicent|Scald|p1a: Ribombee
|-damage|p1a: Ribombee|10/100
|
|-damage|p2a: Jellicent|62/100 brn|[from] brn
|upkeep
|turn|32
|
|t:|1626793963
|switch|p2a: Sandslash|Sandslash-Alola, M|91/100
|move|p1a: Ribombee|Roost|p1a: Ribombee
|-heal|p1a: Ribombee|60/100
|-singleturn|p1a: Ribombee|move: Roost
|
|-heal|p2a: Sandslash|97/100|[from] item: Leftovers
|upkeep
|turn|33
|
|t:|1626793968
|switch|p1a: Charizard|Charizard, F|85/100
|move|p2a: Sandslash|Spikes|p1a: Charizard
|-sidestart|p1: pult61a spades|Spikes
|
|-heal|p2a: Sandslash|100/100|[from] item: Leftovers
|upkeep
|turn|34
|
|t:|1626793974
|switch|p2a: Rhydon|Rhydon, F|76/100
|move|p1a: Charizard|Defog|p2a: Rhydon
|-unboost|p2a: Rhydon|evasion|1
|-sideend|p1: pult61a spades|Spikes|[from] move: Defog|[of] p1a: Charizard
|
|upkeep
|turn|35
|
|t:|1626793982
|move|p1a: Charizard|Will-O-Wisp|p2a: Rhydon
|-status|p2a: Rhydon|brn
|move|p2a: Rhydon|Stealth Rock|p1a: Charizard
|-sidestart|p1: pult61a spades|move: Stealth Rock
|
|-damage|p2a: Rhydon|70/100 brn|[from] brn
|upkeep
|turn|36
|
|t:|1626793987
|switch|p1a: Sandaconda|Sandaconda, M|100/100
|-damage|p1a: Sandaconda|94/100|[from] Stealth Rock
|move|p2a: Rhydon|Stone Edge|p1a: Sandaconda
|-resisted|p1a: Sandaconda
|-damage|p1a: Sandaconda|86/100
|
|-heal|p1a: Sandaconda|92/100|[from] item: Leftovers
|-damage|p2a: Rhydon|64/100 brn|[from] brn
|upkeep
|turn|37
|inactive|pult61a spades has 120 seconds left.
|
|t:|1626794039
|switch|p2a: Jellicent|Jellicent, F|62/100 brn
|move|p1a: Sandaconda|Stealth Rock|p2a: Jellicent
|-sidestart|p2: quite remarkable|move: Stealth Rock
|
|-heal|p1a: Sandaconda|98/100|[from] item: Leftovers
|-damage|p2a: Jellicent|55/100 brn|[from] brn
|upkeep
|turn|38
|
|t:|1626794047
|switch|p1a: Ribombee|Ribombee, M|60/100
|move|p2a: Jellicent|Recover|p2a: Jellicent
|-heal|p2a: Jellicent|100/100 brn
|
|-damage|p2a: Jellicent|94/100 brn|[from] brn
|upkeep
|turn|39
|
|t:|1626794056
|move|p1a: Ribombee|Moonblast|p2a: Jellicent
|-damage|p2a: Jellicent|62/100 brn
|-start|p1a: Ribombee|Disable|Moonblast|[from] ability: Cursed Body|[of] p2a: Jellicent
|move|p2a: Jellicent|Scald|p1a: Ribombee
|-damage|p1a: Ribombee|21/100
|
|-damage|p2a: Jellicent|56/100 brn|[from] brn
|upkeep
|turn|40
|
|t:|1626794063
|move|p1a: Ribombee|Roost|p1a: Ribombee
|-heal|p1a: Ribombee|71/100
|-singleturn|p1a: Ribombee|move: Roost
|move|p2a: Jellicent|Taunt|p1a: Ribombee
|-start|p1a: Ribombee|move: Taunt
|
|-damage|p2a: Jellicent|50/100 brn|[from] brn
|upkeep
|turn|41
|
|t:|1626794072
|switch|p1a: Gourgeist|Gourgeist-Small, M|16/100
|-damage|p1a: Gourgeist|4/100|[from] Stealth Rock
|-item|p2a: Jellicent|Colbur Berry|[from] ability: Frisk|[of] p1a: Gourgeist|[identify]
|move|p2a: Jellicent|Recover|p2a: Jellicent
|-heal|p2a: Jellicent|99/100 brn
|
|-damage|p2a: Jellicent|94/100 brn|[from] brn
|upkeep
|turn|42
|
|t:|1626794077
|switch|p2a: Ribombee|Ribombee, M|18/100 par
|move|p1a: Gourgeist|Synthesis|p1a: Gourgeist
|-heal|p1a: Gourgeist|54/100
|
|upkeep
|turn|43
|
|t:|1626794086
|switch|p1a: Charizard|Charizard, F|85/100
|move|p2a: Ribombee|Stun Spore|p1a: Charizard
|-status|p1a: Charizard|par
|
|upkeep
|turn|44
|
|t:|1626794093
|switch|p2a: Jellicent|Jellicent, F|94/100 brn
|-damage|p2a: Jellicent|81/100 brn|[from] Stealth Rock
|cant|p1a: Charizard|par
|
|-damage|p2a: Jellicent|75/100 brn|[from] brn
|upkeep
|turn|45
|
|t:|1626794100
|switch|p1a: Ribombee|Ribombee, M|71/100
|move|p2a: Jellicent|Scald|p1a: Ribombee
|-damage|p1a: Ribombee|32/100
|
|-damage|p2a: Jellicent|69/100 brn|[from] brn
|upkeep
|turn|46
|
|t:|1626794105
|switch|p2a: Sandslash|Sandslash-Alola, M|100/100
|-damage|p2a: Sandslash|88/100|[from] Stealth Rock
|move|p1a: Ribombee|Roost|p1a: Ribombee
|-heal|p1a: Ribombee|82/100
|-singleturn|p1a: Ribombee|move: Roost
|
|-heal|p2a: Sandslash|94/100|[from] item: Leftovers
|upkeep
|turn|47
|
|t:|1626794110
|switch|p1a: Charizard|Charizard, F|85/100 par
|move|p2a: Sandslash|Rapid Spin|p1a: Charizard
|-damage|p1a: Charizard|72/100 par
|-boost|p2a: Sandslash|spe|1
|-sideend|p2: quite remarkable|Stealth Rock|[from] move: Rapid Spin|[of] p2a: Sandslash
|
|-heal|p2a: Sandslash|100/100|[from] item: Leftovers
|upkeep
|turn|48
|
|t:|1626794125
|switch|p2a: Jellicent|Jellicent, F|69/100 brn
|move|p1a: Charizard|Flamethrower|p2a: Jellicent
|-resisted|p2a: Jellicent
|-damage|p2a: Jellicent|56/100 brn
|
|-damage|p2a: Jellicent|50/100 brn|[from] brn
|upkeep
|turn|49
|
|t:|1626794130
|switch|p1a: Gourgeist|Gourgeist-Small, M|54/100
|-damage|p1a: Gourgeist|42/100|[from] Stealth Rock
|-item|p2a: Jellicent|Colbur Berry|[from] ability: Frisk|[of] p1a: Gourgeist|[identify]
|move|p2a: Jellicent|Recover|p2a: Jellicent
|-heal|p2a: Jellicent|99/100 brn
|
|-damage|p2a: Jellicent|94/100 brn|[from] brn
|upkeep
|turn|50
|
|t:|1626794137
|switch|p2a: Shiftry|Shiftry, F|84/100
|move|p1a: Gourgeist|Poltergeist|p2a: Shiftry
|-activate|p2a: Shiftry|move: Poltergeist|Choice Scarf
|-resisted|p2a: Shiftry
|-damage|p2a: Shiftry|36/100
|
|upkeep
|turn|51
|
|t:|1626794153
|switch|p1a: Weezing|Weezing, F|82/100
|-ability|p1a: Weezing|Neutralizing Gas
|-damage|p1a: Weezing|70/100|[from] Stealth Rock
|move|p2a: Shiftry|Knock Off|p1a: Weezing
|-damage|p1a: Weezing|49/100
|
|upkeep
|turn|52
|
|t:|1626794172
|switch|p2a: Ribombee|Ribombee, M|18/100 par
|move|p1a: Weezing|Pain Split|p2a: Ribombee
|-sethp|p2a: Ribombee|40/100 par|[from] move: Pain Split|[silent]
|-sethp|p1a: Weezing|31/100|[from] move: Pain Split
|
|upkeep
|turn|53
|
|t:|1626794191
|move|p2a: Ribombee|Stun Spore|p1a: Weezing|[miss]
|-miss|p2a: Ribombee|p1a: Weezing
|move|p1a: Weezing|Sludge Bomb|p2a: Ribombee
|-supereffective|p2a: Ribombee
|-damage|p2a: Ribombee|0 fnt
|faint|p2a: Ribombee
|
|upkeep
|
|t:|1626794198
|switch|p2a: Mesprit|Mesprit|100/100
|turn|54
|
|t:|1626794203
|-end|p1a: Weezing|ability: Neutralizing Gas
|switch|p1a: Silvally|Silvally-Steel|68/100
|-damage|p1a: Silvally|62/100|[from] Stealth Rock
|move|p2a: Mesprit|Psychic|p1a: Silvally
|-resisted|p1a: Silvally
|-damage|p1a: Silvally|41/100
|
|upkeep
|turn|55
|
|t:|1626794220
|switch|p2a: Rhydon|Rhydon, F|64/100 brn
|switch|p1a: Gourgeist|Gourgeist-Small, M|42/100
|-damage|p1a: Gourgeist|29/100|[from] Stealth Rock
|-item|p2a: Rhydon|Eviolite|[from] ability: Frisk|[of] p1a: Gourgeist|[identify]
|
|-damage|p2a: Rhydon|58/100 brn|[from] brn
|upkeep
|turn|56
|
|t:|1626794230
|move|p1a: Gourgeist|Poltergeist|p2a: Rhydon
|-activate|p2a: Rhydon|move: Poltergeist|Eviolite
|-damage|p2a: Rhydon|24/100 brn
|move|p2a: Rhydon|Stone Edge|p1a: Gourgeist
|-damage|p1a: Gourgeist|0 fnt
|faint|p1a: Gourgeist
|
|-damage|p2a: Rhydon|18/100 brn|[from] brn
|upkeep
|
|t:|1626794235
|switch|p1a: Ribombee|Ribombee, M|82/100
|turn|57
|
|t:|1626794239
|switch|p2a: Sandslash|Sandslash-Alola, M|100/100
|move|p1a: Ribombee|Moonblast|p2a: Sandslash
|-resisted|p2a: Sandslash
|-damage|p2a: Sandslash|80/100
|-unboost|p2a: Sandslash|spa|1
|
|-heal|p2a: Sandslash|86/100|[from] item: Leftovers
|upkeep
|turn|58
|
|t:|1626794246
|switch|p1a: Charizard|Charizard, F|72/100 par
|move|p2a: Sandslash|Icicle Crash|p1a: Charizard
|-damage|p1a: Charizard|40/100 par
|
|-heal|p2a: Sandslash|92/100|[from] item: Leftovers
|upkeep
|turn|59
|
|t:|1626794253
|switch|p2a: Jellicent|Jellicent, F|94/100 brn
|move|p1a: Charizard|Roost|p1a: Charizard
|-heal|p1a: Charizard|90/100 par
|-singleturn|p1a: Charizard|move: Roost
|
|-damage|p2a: Jellicent|87/100 brn|[from] brn
|upkeep
|turn|60
|
|t:|1626794259
|switch|p1a: Ribombee|Ribombee, M|82/100
|move|p2a: Jellicent|Taunt|p1a: Ribombee
|-start|p1a: Ribombee|move: Taunt
|
|-damage|p2a: Jellicent|81/100 brn|[from] brn
|upkeep
|turn|61
|
|t:|1626794263
|switch|p2a: Sandslash|Sandslash-Alola, M|92/100
|move|p1a: Ribombee|Moonblast|p2a: Sandslash
|-resisted|p2a: Sandslash
|-damage|p2a: Sandslash|72/100
|
|-heal|p2a: Sandslash|78/100|[from] item: Leftovers
|upkeep
|turn|62
|
|t:|1626794269
|switch|p1a: Charizard|Charizard, F|90/100 par
|switch|p2a: Rhydon|Rhydon, F|18/100 brn
|
|-damage|p2a: Rhydon|12/100 brn|[from] brn
|upkeep
|turn|63
|
|t:|1626794277
|move|p2a: Rhydon|Stone Edge|p1a: Charizard
|-supereffective|p1a: Charizard
|-damage|p1a: Charizard|0 fnt
|faint|p1a: Charizard
|
|-damage|p2a: Rhydon|6/100 brn|[from] brn
|upkeep
|
|t:|1626794280
|switch|p1a: Ribombee|Ribombee, M|82/100
|turn|64
|
|t:|1626794285
|move|p1a: Ribombee|Moonblast|p2a: Rhydon
|-damage|p2a: Rhydon|0 fnt
|faint|p2a: Rhydon
|
|upkeep
|
|t:|1626794288
|switch|p2a: Sandslash|Sandslash-Alola, M|78/100
|turn|65
|
|t:|1626794297
|switch|p1a: Sandaconda|Sandaconda, M|98/100
|-damage|p1a: Sandaconda|92/100|[from] Stealth Rock
|move|p2a: Sandslash|Icicle Crash|p1a: Sandaconda
|-supereffective|p1a: Sandaconda
|-damage|p1a: Sandaconda|58/100
|
|-heal|p2a: Sandslash|84/100|[from] item: Leftovers
|-heal|p1a: Sandaconda|64/100|[from] item: Leftovers
|upkeep
|turn|66
|
|t:|1626794312
|switch|p2a: Shiftry|Shiftry, F|36/100
|move|p1a: Sandaconda|Glare|p2a: Shiftry
|-status|p2a: Shiftry|par
|
|-heal|p1a: Sandaconda|70/100|[from] item: Leftovers
|upkeep
|turn|67
|
|t:|1626794326
|switch|p1a: Ribombee|Ribombee, M|82/100
|move|p2a: Shiftry|Explosion|p1a: Ribombee
|-damage|p1a: Ribombee|0 fnt
|faint|p2a: Shiftry
|faint|p1a: Ribombee
|
|upkeep
|
|t:|1626794335
|switch|p1a: Silvally|Silvally-Steel|41/100
|switch|p2a: Jellicent|Jellicent, F|81/100 brn
|-damage|p1a: Silvally|35/100|[from] Stealth Rock
|turn|68
|
|t:|1626794341
|move|p1a: Silvally|Rock Slide|p2a: Jellicent
|-damage|p2a: Jellicent|63/100 brn
|move|p2a: Jellicent|Scald|p1a: Silvally
|-damage|p1a: Silvally|11/100
|-status|p1a: Silvally|brn
|
|-damage|p1a: Silvally|5/100 brn|[from] brn
|-damage|p2a: Jellicent|57/100 brn|[from] brn
|upkeep
|turn|69
|
|t:|1626794347
|move|p1a: Silvally|Rock Slide|p2a: Jellicent|[miss]
|-miss|p1a: Silvally|p2a: Jellicent
|move|p2a: Jellicent|Recover|p2a: Jellicent
|-heal|p2a: Jellicent|100/100 brn
|
|-damage|p1a: Silvally|0 fnt|[from] brn
|faint|p1a: Silvally
|-damage|p2a: Jellicent|94/100 brn|[from] brn
|upkeep
|
|t:|1626794357
|switch|p1a: Weezing|Weezing, F|31/100
|-ability|p1a: Weezing|Neutralizing Gas
|-damage|p1a: Weezing|19/100|[from] Stealth Rock
|turn|70
|
|t:|1626794361
|move|p1a: Weezing|Pain Split|p2a: Jellicent
|-sethp|p2a: Jellicent|55/100 brn|[from] move: Pain Split|[silent]
|-sethp|p1a: Weezing|67/100|[from] move: Pain Split
|move|p2a: Jellicent|Scald|p1a: Weezing
|-damage|p1a: Weezing|31/100
|
|-damage|p2a: Jellicent|49/100 brn|[from] brn
|upkeep
|turn|71
|
|t:|1626794366
|move|p1a: Weezing|Taunt|p2a: Jellicent
|-start|p2a: Jellicent|move: Taunt
|cant|p2a: Jellicent|move: Taunt|Recover
|
|-damage|p2a: Jellicent|43/100 brn|[from] brn
|upkeep
|turn|72
|
|t:|1626794372
|switch|p2a: Mesprit|Mesprit|100/100
|move|p1a: Weezing|Sludge Bomb|p2a: Mesprit
|-damage|p2a: Mesprit|72/100
|
|upkeep
|turn|73
|
|t:|1626794376
|move|p2a: Mesprit|Psychic|p1a: Weezing
|-supereffective|p1a: Weezing
|-damage|p1a: Weezing|0 fnt
|faint|p1a: Weezing
|-end|p1a: Weezing|ability: Neutralizing Gas
|
|upkeep
|
|t:|1626794378
|switch|p1a: Sandaconda|Sandaconda, M|70/100
|-damage|p1a: Sandaconda|64/100|[from] Stealth Rock
|turn|74
|
|t:|1626794383
|move|p2a: Mesprit|Psychic|p1a: Sandaconda
|-damage|p1a: Sandaconda|14/100
|move|p1a: Sandaconda|Glare|p2a: Mesprit
|-status|p2a: Mesprit|par
|
|-heal|p1a: Sandaconda|20/100|[from] item: Leftovers
|upkeep
|turn|75
|
|t:|1626794386
|move|p2a: Mesprit|Psychic|p1a: Sandaconda
|-damage|p1a: Sandaconda|0 fnt
|faint|p1a: Sandaconda
|
|win|quite remarkable
|raw|pult61a spades's rating: 1331 &rarr; <strong>1317</strong><br />(-14 for losing)
|raw|quite remarkable's rating: 1433 &rarr; <strong>1447</strong><br />(+14 for winning)
|c|☆quite remarkable|gg
|l|☆pult61a spades
|l| Mara Sattei
||Ladder isn't responding, score probably updated but might not have (Request timeout).
