|j|☆Antares
|j|☆sparksblade
|t:|1654366716
|gametype|singles
|player|p1|Antares|galacticgrunt|
|player|p2|sparksblade|roxie|
|teamsize|p1|6
|teamsize|p2|6
|gen|8
|tier|[Gen 8] PU
|rule|Sleep Clause Mod: Limit one foe put to sleep
|rule|Species Clause: Limit one of each Pokémon
|rule|OHKO Clause: OHKO moves are banned
|rule|Evasion Moves Clause: Evasion moves are banned
|rule|Endless Battle Clause: Forcing endless battles is banned
|rule|HP Percentage Mod: HP is shown in percentages
|rule|Dynamax Clause: You cannot dynamax
|clearpoke
|poke|p1|Lycanroc, M|
|poke|p1|Whimsicott, M|
|poke|p1|Lanturn, M|
|poke|p1|Silvally-*|
|poke|p1|Uxie|
|poke|p1|Haunter, F|
|poke|p2|Jellicent, M|
|poke|p2|Scyther, M|
|poke|p2|Gigalith, M|
|poke|p2|Charizard, F|
|poke|p2|Ferroseed, M|
|poke|p2|Silvally-*|
|teampreview
|c|☆sparksblade|hf
|c|☆Antares|gl
|
|t:|1654366767
|start
|switch|p1a: Whimsicott|Whimsicott, M|100/100
|switch|p2a: Gigalith|Gigalith, M|100/100
|-weather|Sandstorm|[from] ability: Sand Stream|[of] p2a: Gigalith
|turn|1
|
|t:|1654366776
|move|p1a: Whimsicott|Knock Off|p2a: Gigalith
|-damage|p2a: Gigalith|88/100
|-enditem|p2a: Gigalith|Leftovers|[from] move: Knock Off|[of] p1a: Whimsicott
|move|p2a: Gigalith|Stealth Rock|p1a: Whimsicott
|-sidestart|p1: Antares|move: Stealth Rock
|
|-weather|Sandstorm|[upkeep]
|-damage|p1a: Whimsicott|94/100|[from] Sandstorm
|upkeep
|turn|2
|
|t:|1654366791
|move|p1a: Whimsicott|Knock Off|p2a: Gigalith
|-damage|p2a: Gigalith|80/100
|move|p2a: Gigalith|Rock Blast|p1a: Whimsicott
|-damage|p1a: Whimsicott|77/100
|-damage|p1a: Whimsicott|61/100
|-damage|p1a: Whimsicott|44/100
|-hitcount|p1a: Whimsicott|3
|
|-weather|Sandstorm|[upkeep]
|-damage|p1a: Whimsicott|38/100|[from] Sandstorm
|upkeep
|turn|3
|
|t:|1654366801
|switch|p2a: Charizard|Charizard, F|100/100
|move|p1a: Whimsicott|Giga Drain|p2a: Charizard
|-resisted|p2a: Charizard
|-damage|p2a: Charizard|91/100
|-heal|p1a: Whimsicott|44/100|[from] drain|[of] p2a: Charizard
|
|-weather|Sandstorm|[upkeep]
|-damage|p1a: Whimsicott|38/100|[from] Sandstorm
|-damage|p2a: Charizard|85/100|[from] Sandstorm
|upkeep
|turn|4
|
|t:|1654366808
|move|p1a: Whimsicott|U-turn|p2a: Charizard
|-resisted|p2a: Charizard
|-damage|p2a: Charizard|81/100
|
|t:|1654366810
|switch|p1a: Lanturn|Lanturn, M|100/100|[from]move: U-turn
|-damage|p1a: Lanturn|88/100|[from] Stealth Rock
|move|p2a: Charizard|Toxic|p1a: Lanturn
|-status|p1a: Lanturn|tox
|
|-weather|Sandstorm|[upkeep]
|-damage|p2a: Charizard|75/100|[from] Sandstorm
|-damage|p1a: Lanturn|82/100 tox|[from] Sandstorm
|-heal|p1a: Lanturn|88/100 tox|[from] item: Leftovers
|-damage|p1a: Lanturn|82/100 tox|[from] psn
|upkeep
|turn|5
|
|t:|1654366848
|switch|p2a: Ferroseed|Ferroseed, M|100/100
|move|p1a: Lanturn|Volt Switch|p2a: Ferroseed
|-resisted|p2a: Ferroseed
|-damage|p2a: Ferroseed|92/100
|
|t:|1654366858
|switch|p1a: Uxie|Uxie|100/100|[from]move: Volt Switch
|-damage|p1a: Uxie|88/100|[from] Stealth Rock
|
|-weather|none
|-heal|p1a: Uxie|94/100|[from] item: Leftovers
|upkeep
|turn|6
|
|t:|1654366873
|move|p1a: Uxie|Knock Off|p2a: Ferroseed
|-damage|p2a: Ferroseed|83/100
|-damage|p1a: Uxie|82/100|[from] ability: Iron Barbs|[of] p2a: Ferroseed
|-enditem|p2a: Ferroseed|Eviolite|[from] move: Knock Off|[of] p1a: Uxie
|move|p2a: Ferroseed|Spikes|p1a: Uxie
|-sidestart|p1: Antares|Spikes
|
|-heal|p1a: Uxie|88/100|[from] item: Leftovers
|upkeep
|turn|7
|
|t:|1654366876
|move|p1a: Uxie|Psychic|p2a: Ferroseed
|-resisted|p2a: Ferroseed
|-damage|p2a: Ferroseed|68/100
|move|p2a: Ferroseed|Knock Off|p1a: Uxie
|-supereffective|p1a: Uxie
|-damage|p1a: Uxie|74/100
|-enditem|p1a: Uxie|Leftovers|[from] move: Knock Off|[of] p2a: Ferroseed
|
|upkeep
|turn|8
|
|t:|1654366880
|move|p1a: Uxie|Psychic|p2a: Ferroseed
|-resisted|p2a: Ferroseed
|-damage|p2a: Ferroseed|51/100
|move|p2a: Ferroseed|Leech Seed|p1a: Uxie
|-start|p1a: Uxie|move: Leech Seed
|
|-damage|p1a: Uxie|62/100|[from] Leech Seed|[of] p2a: Ferroseed
|-heal|p2a: Ferroseed|66/100|[silent]
|upkeep
|turn|9
|
|t:|1654366887
|move|p1a: Uxie|U-turn|p2a: Ferroseed
|-damage|p2a: Ferroseed|56/100
|-damage|p1a: Uxie|49/100|[from] ability: Iron Barbs|[of] p2a: Ferroseed
|
|t:|1654366890
|switch|p1a: Silvally|Silvally-Ghost|100/100|[from]move: U-turn
|-damage|p1a: Silvally|88/100|[from] Stealth Rock
|-damage|p1a: Silvally|76/100|[from] Spikes
|move|p2a: Ferroseed|Spikes|p1a: Silvally
|-sidestart|p1: Antares|Spikes
|
|upkeep
|turn|10
|
|t:|1654366896
|move|p1a: Silvally|Defog|p2a: Ferroseed
|-unboost|p2a: Ferroseed|evasion|1
|-sideend|p1: Antares|Spikes|[from] move: Defog|[of] p1a: Silvally
|-sideend|p1: Antares|Stealth Rock|[from] move: Defog|[of] p1a: Silvally
|move|p2a: Ferroseed|Leech Seed|p1a: Silvally
|-start|p1a: Silvally|move: Leech Seed
|
|-damage|p1a: Silvally|63/100|[from] Leech Seed|[of] p2a: Ferroseed
|-heal|p2a: Ferroseed|73/100|[silent]
|upkeep
|turn|11
|
|t:|1654366903
|switch|p1a: Haunter|Haunter, F|100/100
|switch|p2a: Gigalith|Gigalith, M|80/100
|-weather|Sandstorm|[from] ability: Sand Stream|[of] p2a: Gigalith
|
|-weather|Sandstorm|[upkeep]
|-damage|p1a: Haunter|94/100|[from] Sandstorm
|upkeep
|turn|12
|
|t:|1654366908
|move|p2a: Gigalith|Protect|p2a: Gigalith
|-singleturn|p2a: Gigalith|Protect
|move|p1a: Haunter|Shadow Ball|p2a: Gigalith
|-activate|p2a: Gigalith|move: Protect
|
|-weather|Sandstorm|[upkeep]
|-damage|p1a: Haunter|88/100|[from] Sandstorm
|upkeep
|turn|13
|
|t:|1654366914
|move|p1a: Haunter|Shadow Ball|p2a: Gigalith
|-damage|p2a: Gigalith|53/100
|-unboost|p2a: Gigalith|spd|1
|move|p2a: Gigalith|Stealth Rock|p1a: Haunter
|-sidestart|p1: Antares|move: Stealth Rock
|
|-weather|Sandstorm|[upkeep]
|-damage|p1a: Haunter|82/100|[from] Sandstorm
|upkeep
|turn|14
|
|t:|1654366920
|move|p1a: Haunter|Shadow Ball|p2a: Gigalith
|-damage|p2a: Gigalith|9/100
|move|p2a: Gigalith|Rock Blast|p1a: Haunter
|-damage|p1a: Haunter|51/100
|-damage|p1a: Haunter|21/100
|-damage|p1a: Haunter|0 fnt
|faint|p1a: Haunter
|-hitcount|p1: Haunter|3
|
|-weather|Sandstorm|[upkeep]
|upkeep
|
|t:|1654366927
|switch|p1a: Lanturn|Lanturn, M|82/100 tox
|-damage|p1a: Lanturn|70/100 tox|[from] Stealth Rock
|turn|15
|
|t:|1654366932
|move|p2a: Gigalith|Protect|p2a: Gigalith
|-singleturn|p2a: Gigalith|Protect
|move|p1a: Lanturn|Volt Switch|p2a: Gigalith
|-activate|p2a: Gigalith|move: Protect
|
|-weather|none
|-heal|p1a: Lanturn|76/100 tox|[from] item: Leftovers
|-damage|p1a: Lanturn|70/100 tox|[from] psn
|upkeep
|turn|16
|
|t:|1654366953
|move|p1a: Lanturn|Volt Switch|p2a: Gigalith
|-damage|p2a: Gigalith|0 fnt
|faint|p2a: Gigalith
|
|t:|1654366959
|switch|p1a: Lycanroc|Lycanroc, M|100/100|[from]move: Volt Switch
|-damage|p1a: Lycanroc|88/100|[from] Stealth Rock
|
|upkeep
|
|t:|1654366971
|switch|p2a: Jellicent|Jellicent, M|100/100
|turn|17
|
|t:|1654366977
|switch|p1a: Uxie|Uxie|49/100
|-damage|p1a: Uxie|37/100|[from] Stealth Rock
|move|p2a: Jellicent|Will-O-Wisp|p1a: Uxie
|-status|p1a: Uxie|brn
|
|-damage|p1a: Uxie|30/100 brn|[from] brn
|upkeep
|turn|18
|
|t:|1654366987
|move|p1a: Uxie|U-turn|p2a: Jellicent
|-resisted|p2a: Jellicent
|-damage|p2a: Jellicent|98/100
|-start|p1a: Uxie|Disable|U-turn|[from] ability: Cursed Body|[of] p2a: Jellicent
|
|t:|1654366988
|switch|p1a: Silvally|Silvally-Ghost|63/100|[from]move: U-turn
|-damage|p1a: Silvally|51/100|[from] Stealth Rock
|move|p2a: Jellicent|Hex|p1a: Silvally
|-supereffective|p1a: Silvally
|-damage|p1a: Silvally|13/100
|
|upkeep
|turn|19
|
|t:|1654367042
|switch|p2a: Charizard|Charizard, F|75/100
|move|p1a: Silvally|Defog|p2a: Charizard
|-unboost|p2a: Charizard|evasion|1
|-sideend|p1: Antares|Stealth Rock|[from] move: Defog|[of] p1a: Silvally
|
|upkeep
|turn|20
|
|t:|1654367050
|switch|p1a: Lanturn|Lanturn, M|70/100 tox
|move|p2a: Charizard|Fire Blast|p1a: Lanturn
|-resisted|p1a: Lanturn
|-damage|p1a: Lanturn|45/100 tox
|
|-heal|p1a: Lanturn|51/100 tox|[from] item: Leftovers
|-damage|p1a: Lanturn|45/100 tox|[from] psn
|upkeep
|turn|21
|
|t:|1654367058
|move|p2a: Charizard|Roost|p2a: Charizard
|-heal|p2a: Charizard|100/100
|-singleturn|p2a: Charizard|move: Roost
|move|p1a: Lanturn|Volt Switch|p2a: Charizard
|-damage|p2a: Charizard|75/100
|
|t:|1654367060
|switch|p1a: Lycanroc|Lycanroc, M|88/100|[from]move: Volt Switch
|
|upkeep
|turn|22
|
|t:|1654367066
|move|p1a: Lycanroc|Close Combat|p2a: Charizard
|-resisted|p2a: Charizard
|-damage|p2a: Charizard|37/100
|-unboost|p1a: Lycanroc|def|1
|-unboost|p1a: Lycanroc|spd|1
|move|p2a: Charizard|Fire Blast|p1a: Lycanroc
|-resisted|p1a: Lycanroc
|-damage|p1a: Lycanroc|26/100
|
|upkeep
|turn|23
|
|t:|1654367075
|switch|p1a: Silvally|Silvally-Ghost|13/100
|switch|p2a: Jellicent|Jellicent, M|98/100
|
|upkeep
|turn|24
|
|t:|1654367150
|switch|p2a: Silvally|Silvally-Fairy|100/100
|move|p1a: Silvally|Rest|p1a: Silvally
|-status|p1a: Silvally|slp|[from] move: Rest
|-heal|p1a: Silvally|100/100 slp|[silent]
|
|upkeep
|turn|25
|
|t:|1654367156
|switch|p1a: Uxie|Uxie|30/100 brn
|move|p2a: Silvally|Parting Shot|p1a: Uxie
|-unboost|p1a: Uxie|atk|1
|-unboost|p1a: Uxie|spa|1
|
|t:|1654367163
|switch|p2a: Scyther|Scyther, M|100/100|[from]move: Parting Shot
|
|-damage|p1a: Uxie|24/100 brn|[from] brn
|upkeep
|turn|26
|
|t:|1654367167
|move|p2a: Scyther|U-turn|p1a: Uxie
|-supereffective|p1a: Uxie
|-damage|p1a: Uxie|0 fnt
|faint|p1a: Uxie
|
|t:|1654367177
|switch|p2a: Jellicent|Jellicent, M|98/100|[from]move: U-turn
|
|upkeep
|
|t:|1654367181
|switch|p1a: Lanturn|Lanturn, M|45/100 tox
|turn|27
|
|t:|1654367203
|move|p1a: Lanturn|Heal Bell|p1a: Lanturn
|-activate|p1a: Lanturn|move: Heal Bell
|-curestatus|p1a: Lanturn|tox|[msg]
|-curestatus|p1: Silvally|slp|[msg]
|move|p2a: Jellicent|Hex|p1a: Lanturn
|-damage|p1a: Lanturn|25/100
|
|-heal|p1a: Lanturn|31/100|[from] item: Leftovers
|upkeep
|turn|28
|
|t:|1654367210
|move|p1a: Lanturn|Toxic|p2a: Jellicent
|-status|p2a: Jellicent|tox
|move|p2a: Jellicent|Will-O-Wisp|p1a: Lanturn
|-status|p1a: Lanturn|brn
|
|-heal|p1a: Lanturn|38/100 brn|[from] item: Leftovers
|-damage|p2a: Jellicent|92/100 tox|[from] psn
|-damage|p1a: Lanturn|31/100 brn|[from] brn
|upkeep
|turn|29
|
|t:|1654367215
|switch|p2a: Ferroseed|Ferroseed, M|73/100
|move|p1a: Lanturn|Volt Switch|p2a: Ferroseed
|-resisted|p2a: Ferroseed
|-damage|p2a: Ferroseed|61/100
|
|t:|1654367219
|switch|p1a: Silvally|Silvally-Ghost|100/100|[from]move: Volt Switch
|
|upkeep
|turn|30
|
|t:|1654367226
|move|p1a: Silvally|Multi-Attack|p2a: Ferroseed
|-damage|p2a: Ferroseed|11/100
|-damage|p1a: Silvally|88/100|[from] ability: Iron Barbs|[of] p2a: Ferroseed
|move|p2a: Ferroseed|Leech Seed|p1a: Silvally
|-start|p1a: Silvally|move: Leech Seed
|
|-damage|p1a: Silvally|76/100|[from] Leech Seed|[of] p2a: Ferroseed
|-heal|p2a: Ferroseed|28/100|[silent]
|upkeep
|turn|31
|
|t:|1654367235
|switch|p2a: Scyther|Scyther, M|100/100
|move|p1a: Silvally|Multi-Attack|p2a: Scyther
|-damage|p2a: Scyther|17/100
|
|-damage|p1a: Silvally|63/100|[from] Leech Seed|[of] p2a: Scyther
|-heal|p2a: Scyther|34/100|[silent]
|upkeep
|turn|32
|
|t:|1654367266
|switch|p1a: Whimsicott|Whimsicott, M|38/100
|move|p2a: Scyther|U-turn|p1a: Whimsicott
|-damage|p1a: Whimsicott|0 fnt
|faint|p1a: Whimsicott
|
|t:|1654367292
|switch|p2a: Charizard|Charizard, F|37/100|[from]move: U-turn
|
|upkeep
|
|t:|1654367294
|switch|p1a: Lycanroc|Lycanroc, M|26/100
|turn|33
|
|t:|1654367298
|move|p1a: Lycanroc|Stone Edge|p2a: Charizard
|-supereffective|p2a: Charizard
|-damage|p2a: Charizard|0 fnt
|faint|p2a: Charizard
|
|upkeep
|
|t:|1654367335
|switch|p2a: Silvally|Silvally-Fairy|100/100
|turn|34
|
|t:|1654367339
|switch|p1a: Lanturn|Lanturn, M|31/100 brn
|move|p2a: Silvally|Multi-Attack|p1a: Lanturn
|-crit|p1a: Lanturn
|-damage|p1a: Lanturn|0 fnt
|faint|p1a: Lanturn
|
|upkeep
|
|t:|1654367341
|switch|p1a: Silvally|Silvally-Ghost|63/100
|turn|35
|
|t:|1654367348
|switch|p2a: Ferroseed|Ferroseed, M|28/100
|move|p1a: Silvally|Multi-Attack|p2a: Ferroseed
|-damage|p2a: Ferroseed|0 fnt
|-damage|p1a: Silvally|51/100|[from] ability: Iron Barbs|[of] p2a: Ferroseed
|faint|p2a: Ferroseed
|
|upkeep
|
|t:|1654367383
|switch|p2a: Scyther|Scyther, M|34/100
|turn|36
|
|t:|1654367387
|move|p2a: Scyther|U-turn|p1a: Silvally
|-resisted|p1a: Silvally
|-damage|p1a: Silvally|36/100
|
|t:|1654367390
|switch|p2a: Silvally|Silvally-Fairy|100/100|[from]move: U-turn
|move|p1a: Silvally|Multi-Attack|p2a: Silvally
|-damage|p2a: Silvally|53/100
|
|upkeep
|turn|37
|
|t:|1654367394
|move|p2a: Silvally|Multi-Attack|p1a: Silvally
|-damage|p1a: Silvally|0 fnt
|faint|p1a: Silvally
|
|upkeep
|
|t:|1654367397
|switch|p1a: Lycanroc|Lycanroc, M|26/100
|turn|38
|
|t:|1654367400
|move|p1a: Lycanroc|Stone Edge|p2a: Silvally
|-damage|p2a: Silvally|0 fnt
|faint|p2a: Silvally
|
|upkeep
|
|t:|1654367403
|switch|p2a: Jellicent|Jellicent, M|92/100 tox
|turn|39
|
|t:|1654367406
|move|p1a: Lycanroc|Stone Edge|p2a: Jellicent
|-damage|p2a: Jellicent|33/100 tox
|move|p2a: Jellicent|Hex|p1a: Lycanroc
|-damage|p1a: Lycanroc|0 fnt
|faint|p1a: Lycanroc
|
|win|sparksblade
|c|☆sparksblade|gg
|c|☆Antares|gg
