|j|☆Yank My Funnybone
|j|☆Dominik177
|t:|1608573875
|player|p1|Yank My Funnybone|molayne|1559
|player|p2|Dominik177|steven|1409
|teamsize|p1|6
|teamsize|p2|6
|gametype|singles
|gen|8
|tier|[Gen 8] PU
|rated|
|clearpoke
|poke|p1|Lycanroc, F|
|poke|p1|Omastar, F|
|poke|p1|Indeedee-F, F|
|poke|p1|Hitmonlee, M|
|poke|p1|Silvally-*|
|poke|p1|Turtonator, M|
|poke|p2|Heliolisk, M|
|poke|p2|Roserade, M|
|poke|p2|Mesprit|
|poke|p2|Coalossal, F|
|poke|p2|Indeedee-F, F|
|poke|p2|Silvally-*|
|rule|Sleep Clause Mod: Limit one foe put to sleep
|rule|Species Clause: Limit one of each Pokémon
|rule|OHKO Clause: OHKO moves are banned
|rule|Evasion Moves Clause: Evasion moves are banned
|rule|Endless Battle Clause: Forcing endless battles is banned
|rule|HP Percentage Mod: HP is shown in percentages
|rule|Dynamax Clause: You cannot dynamax
|teampreview
|
|t:|1608573929
|start
|switch|p1a: Lycanroc|Lycanroc, F|100/100
|switch|p2a: Heliolisk|Heliolisk, M|100/100
|turn|1
|
|t:|1608573933
|move|p1a: Lycanroc|Stealth Rock|p2a: Heliolisk
|-sidestart|p2: Dominik177|move: Stealth Rock
|move|p2a: Heliolisk|Volt Switch|p1a: Lycanroc
|-damage|p1a: Lycanroc|24/100
|
|t:|1608573938
|switch|p2a: Coalossal|Coalossal, F|100/100|[from]move: Volt Switch
|
|upkeep
|turn|2
|
|t:|1608573943
|move|p1a: Lycanroc|Endeavor|p2a: Coalossal
|-damage|p2a: Coalossal|17/100
|move|p2a: Coalossal|Rapid Spin|p1a: Lycanroc
|-resisted|p1a: Lycanroc
|-damage|p1a: Lycanroc|16/100
|-boost|p2a: Coalossal|spe|1
|-sideend|p2: Dominik177|Stealth Rock|[from] move: Rapid Spin|[of] p2a: Coalossal
|
|upkeep
|turn|3
|
|t:|1608573950
|move|p1a: Lycanroc|Accelerock|p2a: Coalossal
|-supereffective|p2a: Coalossal
|-damage|p2a: Coalossal|0 fnt
|-status|p1a: Lycanroc|brn|[from] ability: Flame Body|[of] p2a: Coalossal
|faint|p2a: Coalossal
|
|-damage|p1a: Lycanroc|10/100 brn|[from] brn
|upkeep
|
|t:|1608573955
|switch|p2a: Indeedee|Indeedee-F, F|100/100
|-fieldstart|move: Psychic Terrain|[from] ability: Psychic Surge|[of] p2a: Indeedee
|turn|4
|
|t:|1608573958
|move|p2a: Indeedee|Expanding Force|p1a: Lycanroc
|-damage|p1a: Lycanroc|0 fnt
|faint|p1a: Lycanroc
|
|upkeep
|
|t:|1608573967
|switch|p1a: Hitmonlee|Hitmonlee, M|100/100
|-enditem|p1a: Hitmonlee|Psychic Seed
|-boost|p1a: Hitmonlee|spd|1|[from] item: Psychic Seed
|turn|5
|
|t:|1608573973
|switch|p2a: Silvally|Silvally-Fairy|100/100
|move|p1a: Hitmonlee|Knock Off|p2a: Silvally
|-resisted|p2a: Silvally
|-damage|p2a: Silvally|88/100
|
|upkeep
|turn|6
|
|t:|1608573980
|move|p1a: Hitmonlee|Poison Jab|p2a: Silvally
|-supereffective|p2a: Silvally
|-damage|p2a: Silvally|29/100
|move|p2a: Silvally|U-turn|p1a: Hitmonlee
|-resisted|p1a: Hitmonlee
|-damage|p1a: Hitmonlee|80/100
|
|t:|1608573986
|switch|p2a: Mesprit|Mesprit|100/100|[from]move: U-turn
|
|upkeep
|turn|7
|
|t:|1608573988
|move|p1a: Hitmonlee|Knock Off|p2a: Mesprit
|-supereffective|p2a: Mesprit
|-crit|p2a: Mesprit
|-enditem|p2a: Mesprit|Colbur Berry|[eat]
|-enditem|p2a: Mesprit|Colbur Berry|[weaken]
|-damage|p2a: Mesprit|42/100
|move|p2a: Mesprit|Psychic|p1a: Hitmonlee
|-supereffective|p1a: Hitmonlee
|-crit|p1a: Hitmonlee
|-damage|p1a: Hitmonlee|0 fnt
|faint|p1a: Hitmonlee
|
|upkeep
|inactive|Battle timer is ON: inactive players will automatically lose when time's up. (requested by Dominik177)
|
|t:|1608574017
|switch|p1a: Silvally|Silvally-Fairy|100/100
|turn|8
|
|t:|1608574028
|move|p1a: Silvally|Multi-Attack|p2a: Mesprit
|-damage|p2a: Mesprit|0 fnt
|faint|p2a: Mesprit
|
|-fieldend|move: Psychic Terrain
|upkeep
|
|t:|1608574032
|switch|p2a: Roserade|Roserade, M|100/100
|turn|9
|
|t:|1608574038
|switch|p1a: Turtonator|Turtonator, M|100/100
|move|p2a: Roserade|Sludge Bomb|p1a: Turtonator
|-damage|p1a: Turtonator|35/100
|
|upkeep
|turn|10
|
|t:|1608574045
|move|p2a: Roserade|Sludge Bomb|p1a: Turtonator
|-damage|p1a: Turtonator|0 fnt
|faint|p1a: Turtonator
|
|upkeep
|
|t:|1608574047
|switch|p1a: Indeedee|Indeedee-F, F|100/100
|-fieldstart|move: Psychic Terrain|[from] ability: Psychic Surge|[of] p1a: Indeedee
|turn|11
|
|t:|1608574050
|switch|p2a: Silvally|Silvally-Fairy|29/100
|move|p1a: Indeedee|Expanding Force|p2a: Silvally
|-damage|p2a: Silvally|0 fnt
|faint|p2a: Silvally
|
|upkeep
|
|t:|1608574052
|switch|p2a: Indeedee|Indeedee-F, F|100/100
|turn|12
|
|t:|1608574056
|move|p2a: Indeedee|Hyper Voice|p1a: Indeedee
|-damage|p1a: Indeedee|57/100
|move|p1a: Indeedee|Expanding Force|p2a: Indeedee
|-resisted|p2a: Indeedee
|-damage|p2a: Indeedee|64/100
|
|upkeep
|turn|13
|
|t:|1608574061
|switch|p1a: Omastar|Omastar, F|100/100
|move|p2a: Indeedee|Hyper Voice|p1a: Omastar
|-resisted|p1a: Omastar
|-damage|p1a: Omastar|67/100
|
|upkeep
|turn|14
|
|t:|1608574067
|switch|p2a: Heliolisk|Heliolisk, M|100/100
|move|p1a: Omastar|Meteor Beam||[still]
|-prepare|p1a: Omastar|Meteor Beam
|-boost|p1a: Omastar|spa|1
|-enditem|p1a: Omastar|Power Herb
|-anim|p1a: Omastar|Meteor Beam|p2a: Heliolisk|[miss]
|-miss|p1a: Omastar|p2a: Heliolisk
|
|upkeep
|turn|15
|c|☆Yank My Funnybone|lol
|
|t:|1608574079
|move|p2a: Heliolisk|Volt Switch|p1a: Omastar
|-supereffective|p1a: Omastar
|-damage|p1a: Omastar|0 fnt
|faint|p1a: Omastar
|
|t:|1608574086
|switch|p2a: Indeedee|Indeedee-F, F|64/100|[from]move: Volt Switch
|
|upkeep
|
|t:|1608574095
|switch|p1a: Indeedee|Indeedee-F, F|57/100
|turn|16
|
|t:|1608574099
|move|p2a: Indeedee|Hyper Voice|p1a: Indeedee
|-damage|p1a: Indeedee|17/100
|move|p1a: Indeedee|Mystical Fire|p2a: Indeedee
|-damage|p2a: Indeedee|39/100
|-unboost|p2a: Indeedee|spa|1
|
|upkeep
|turn|17
|
|t:|1608574101
|move|p2a: Indeedee|Hyper Voice|p1a: Indeedee
|-damage|p1a: Indeedee|0 fnt
|faint|p1a: Indeedee
|
|upkeep
|
|t:|1608574103
|switch|p1a: Silvally|Silvally-Fairy|100/100
|turn|18
|
|t:|1608574108
|move|p2a: Indeedee|Hyper Voice|p1a: Silvally
|-damage|p1a: Silvally|74/100
|move|p1a: Silvally|Swords Dance|p1a: Silvally
|-boost|p1a: Silvally|atk|2
|
|-fieldend|move: Psychic Terrain
|upkeep
|turn|19
|
|t:|1608574116
|switch|p2a: Heliolisk|Heliolisk, M|100/100
|move|p1a: Silvally|Swords Dance|p1a: Silvally
|-boost|p1a: Silvally|atk|2
|
|upkeep
|turn|20
|
|t:|1608574120
|move|p2a: Heliolisk|Thunderbolt|p1a: Silvally
|-damage|p1a: Silvally|7/100
|move|p1a: Silvally|Flame Charge|p2a: Heliolisk
|-damage|p2a: Heliolisk|0 fnt
|-boost|p1a: Silvally|spe|1
|faint|p2a: Heliolisk
|
|upkeep
|
|t:|1608574126
|switch|p2a: Indeedee|Indeedee-F, F|39/100
|-fieldstart|move: Psychic Terrain|[from] ability: Psychic Surge|[of] p2a: Indeedee
|turn|21
|
|t:|1608574129
|move|p1a: Silvally|Multi-Attack|p2a: Indeedee
|-damage|p2a: Indeedee|0 fnt
|faint|p2a: Indeedee
|
|upkeep
|
|t:|1608574131
|switch|p2a: Roserade|Roserade, M|100/100
|turn|22
|
|t:|1608574133
|move|p1a: Silvally|Flame Charge|p2a: Roserade
|-supereffective|p2a: Roserade
|-damage|p2a: Roserade|0 fnt
|-boost|p1a: Silvally|spe|1
|faint|p2a: Roserade
|
|win|Yank My Funnybone
|l|☆Dominik177
||Ladder (probably) updated, but score could not be retrieved (Request timeout).
|l|☆Yank My Funnybone
|j|☆Yank My Funnybone
|player|p1|Yank My Funnybone|molayne
