|raw|<div class="broadcast-blue"><strong>This battle is required to be public due to a player having a name starting with 'pult61a'.</div>
|j|☆oppolan
|j|☆pult61a hera
|t:|1627063667
|gametype|singles
|player|p1|oppolan|2|1286
|player|p2|pult61a hera|anabel|1544
|teamsize|p1|6
|teamsize|p2|6
|gen|8
|tier|[Gen 8] PU
|rated|
|rule|Sleep Clause Mod: Limit one foe put to sleep
|rule|Species Clause: Limit one of each Pokémon
|rule|OHKO Clause: OHKO moves are banned
|rule|Evasion Moves Clause: Evasion moves are banned
|rule|Endless Battle Clause: Forcing endless battles is banned
|rule|HP Percentage Mod: HP is shown in percentages
|rule|Dynamax Clause: You cannot dynamax
|clearpoke
|poke|p1|Regice|
|poke|p1|Glaceon, M|
|poke|p1|Scyther, F|
|poke|p1|Jellicent, F|
|poke|p1|Sandslash-Alola, M|
|poke|p1|Avalugg, M|
|poke|p2|Audino, F|
|poke|p2|Articuno|
|poke|p2|Quagsire, M|
|poke|p2|Mareanie, F|
|poke|p2|Palossand, M|
|poke|p2|Alcremie-Rainbow-Swirl, F|
|teampreview
|inactive|Battle timer is ON: inactive players will automatically lose when time's up. (requested by pult61a hera)
|j| srwak
|inactive|oppolan has 120 seconds left.
|inactive|pult61a hera has 120 seconds left.
|j| 14sonic11la
|
|t:|1627063727
|start
|switch|p1a: Avalugg|Avalugg, M|100/100
|switch|p2a: Marnie|Mareanie, F|100/100
|turn|1
|
|t:|1627063754
|move|p2a: Marnie|Knock Off|p1a: Avalugg
|-damage|p1a: Avalugg|94/100
|-enditem|p1a: Avalugg|Icy Rock|[from] move: Knock Off|[of] p2a: Marnie
|move|p1a: Avalugg|Hail|p1a: Avalugg
|-weather|Hail
|
|-weather|Hail|[upkeep]
|-damage|p2a: Marnie|95/100|[from] Hail
|-heal|p1a: Avalugg|100/100|[from] ability: Ice Body
|upkeep
|turn|2
|inactive|oppolan has 120 seconds left.
|
|t:|1627063770
|switch|p1a: Glaceon|Glaceon, M|100/100
|move|p2a: Marnie|Toxic Spikes|p1a: Glaceon
|-sidestart|p1: oppolan|move: Toxic Spikes
|
|-weather|Hail|[upkeep]
|-damage|p2a: Marnie|89/100|[from] Hail
|upkeep
|turn|3
|
|t:|1627063778
|switch|p2a: Audacious|Audino, F|100/100
|move|p1a: Glaceon|Freeze-Dry|p2a: Audacious
|-damage|p2a: Audacious|79/100
|
|-weather|Hail|[upkeep]
|-damage|p2a: Audacious|73/100|[from] Hail
|upkeep
|turn|4
|
|t:|1627063785
|move|p2a: Audacious|Protect|p2a: Audacious
|-singleturn|p2a: Audacious|Protect
|move|p1a: Glaceon|Blizzard|p2a: Audacious
|-activate|p2a: Audacious|move: Protect
|
|-weather|Hail|[upkeep]
|-damage|p2a: Audacious|67/100|[from] Hail
|upkeep
|turn|5
|
|t:|1627063793
|switch|p2a: An Arctic Breeze|Articuno|100/100
|-ability|p2a: An Arctic Breeze|Pressure
|move|p1a: Glaceon|Blizzard|p2a: An Arctic Breeze
|-damage|p2a: An Arctic Breeze|71/100
|
|-weather|none
|upkeep
|turn|6
|
|t:|1627063801
|move|p1a: Glaceon|Hail|p1a: Glaceon
|-weather|Hail
|move|p2a: An Arctic Breeze|Roost|p2a: An Arctic Breeze
|-heal|p2a: An Arctic Breeze|100/100
|-singleturn|p2a: An Arctic Breeze|move: Roost
|
|-weather|Hail|[upkeep]
|upkeep
|turn|7
|
|t:|1627063810
|switch|p1a: Avalugg|Avalugg, M|100/100
|-status|p1a: Avalugg|psn
|move|p2a: An Arctic Breeze|Brave Bird|p1a: Avalugg
|-damage|p1a: Avalugg|83/100 psn
|-damage|p2a: An Arctic Breeze|95/100|[from] Recoil
|
|-weather|Hail|[upkeep]
|-heal|p1a: Avalugg|90/100 psn|[from] ability: Ice Body
|-damage|p1a: Avalugg|77/100 psn|[from] psn
|upkeep
|turn|8
|
|t:|1627063823
|switch|p2a: Marnie|Mareanie, F|100/100
|move|p1a: Avalugg|Rapid Spin|p2a: Marnie
|-damage|p2a: Marnie|91/100
|-boost|p1a: Avalugg|spe|1
|-sideend|p1: oppolan|Toxic Spikes|[from] move: Rapid Spin|[of] p1a: Avalugg
|
|-weather|Hail|[upkeep]
|-heal|p1a: Avalugg|83/100 psn|[from] ability: Ice Body
|-damage|p2a: Marnie|85/100|[from] Hail
|-damage|p1a: Avalugg|71/100 psn|[from] psn
|upkeep
|turn|9
|inactive|oppolan has 120 seconds left.
|
|t:|1627063862
|switch|p1a: Scyther|Scyther, F|100/100
|move|p2a: Marnie|Toxic Spikes|p1a: Scyther
|-sidestart|p1: oppolan|move: Toxic Spikes
|
|-weather|Hail|[upkeep]
|-damage|p1a: Scyther|94/100|[from] Hail
|-damage|p2a: Marnie|79/100|[from] Hail
|upkeep
|turn|10
|inactive|oppolan has 120 seconds left.
|
|t:|1627063869
|move|p1a: Scyther|Swords Dance|p1a: Scyther
|-boost|p1a: Scyther|atk|2
|move|p2a: Marnie|Toxic Spikes|p1a: Scyther
|-sidestart|p1: oppolan|move: Toxic Spikes
|
|-weather|Hail|[upkeep]
|-damage|p1a: Scyther|88/100|[from] Hail
|-damage|p2a: Marnie|73/100|[from] Hail
|upkeep
|turn|11
|
|t:|1627063876
|switch|p2a: Sire|Quagsire, M|100/100
|move|p1a: Scyther|Swords Dance|p1a: Scyther
|-boost|p1a: Scyther|atk|2
|
|-weather|Hail|[upkeep]
|-damage|p1a: Scyther|82/100|[from] Hail
|-damage|p2a: Sire|94/100|[from] Hail
|upkeep
|turn|12
|
|t:|1627063884
|move|p1a: Scyther|Dual Wingbeat|p2a: Sire
|-damage|p2a: Sire|75/100
|-damage|p2a: Sire|55/100
|-hitcount|p2a: Sire|2
|move|p2a: Sire|Recover|p2a: Sire
|-heal|p2a: Sire|100/100
|
|-weather|Hail|[upkeep]
|-damage|p1a: Scyther|76/100|[from] Hail
|-damage|p2a: Sire|94/100|[from] Hail
|upkeep
|turn|13
|
|t:|1627063894
|move|p1a: Scyther|Knock Off|p2a: Sire
|-damage|p2a: Sire|74/100
|-enditem|p2a: Sire|Heavy-Duty Boots|[from] move: Knock Off|[of] p1a: Scyther
|move|p2a: Sire|Recover|p2a: Sire
|-heal|p2a: Sire|100/100
|
|-weather|none
|upkeep
|turn|14
|
|t:|1627063904
|move|p1a: Scyther|U-turn|p2a: Sire
|-damage|p2a: Sire|76/100
|
|t:|1627063910
|switch|p1a: Avalugg|Avalugg, M|71/100 psn|[from]move: U-turn
|move|p2a: Sire|Scald|p1a: Avalugg
|-crit|p1a: Avalugg
|-damage|p1a: Avalugg|43/100 psn
|
|-damage|p1a: Avalugg|31/100 psn|[from] psn
|upkeep
|turn|15
|
|t:|1627063919
|switch|p2a: Sand Castle|Palossand, M|100/100
|move|p1a: Avalugg|Rapid Spin|p2a: Sand Castle
|-immune|p2a: Sand Castle
|
|-damage|p1a: Avalugg|18/100 psn|[from] psn
|upkeep
|turn|16
|-message|oppolan forfeited.
|
|win|pult61a hera
|l|☆oppolan
|raw|oppolan's rating: 1286 &rarr; <strong>1277</strong><br />(-9 for losing)
|raw|pult61a hera's rating: 1545 &rarr; <strong>1552</strong><br />(+7 for winning)
|l|☆pult61a hera
|l| srwak
||Ladder isn't responding, score probably updated but might not have (Request timeout).
