|raw|<div class="broadcast-blue"><strong>This battle is required to be public due to a player having a name starting with 'pult4c1'.</div>
|j|☆AzureNB3
|j|☆PULT4C1 LW
|t:|1660926796
|gametype|singles
|player|p1|AzureNB3|misty|1280
|player|p2|PULT4C1 LW|furisodegirl-black|1556
|teamsize|p1|6
|teamsize|p2|6
|gen|8
|tier|[Gen 8] PU
|rated|
|rule|Sleep Clause Mod: Limit one foe put to sleep
|rule|Species Clause: Limit one of each Pokémon
|rule|OHKO Clause: OHKO moves are banned
|rule|Evasion Items Clause: Evasion items are banned
|rule|Evasion Moves Clause: Evasion moves are banned
|rule|Endless Battle Clause: Forcing endless battles is banned
|rule|HP Percentage Mod: HP is shown in percentages
|rule|Dynamax Clause: You cannot dynamax
|clearpoke
|poke|p1|Frosmoth, M|
|poke|p1|Charizard, F|
|poke|p1|Wishiwashi, F|
|poke|p1|Gigalith, F|
|poke|p1|Cinccino, F|
|poke|p1|Aromatisse, F|
|poke|p2|Togedemaru, F|
|poke|p2|Qwilfish, F|
|poke|p2|Doublade, F|
|poke|p2|Eldegoss, M|
|poke|p2|Archeops, F|
|poke|p2|Uxie|
|teampreview
|inactive|Battle timer is ON: inactive players will automatically lose when time's up. (requested by PULT4C1 LW)
|raw|<div class="broadcast-red"><strong>Moderated chat was set to +!</strong><br />Only users of rank + and higher can talk.</div>
|inactive|PULT4C1 LW has 120 seconds left.
|
|t:|1660926829
|start
|switch|p1a: Wishiwashi|Wishiwashi, F|100/100
|switch|p2a: Togedemaru|Togedemaru, F|100/100
|-formechange|p1a: Wishiwashi|Wishiwashi-School||[from] ability: Schooling
|turn|1
|
|t:|1660926849
|move|p2a: Togedemaru|Zing Zap|p1a: Wishiwashi
|-supereffective|p1a: Wishiwashi
|-damage|p1a: Wishiwashi|52/100
|move|p1a: Wishiwashi|U-turn|p2a: Togedemaru
|-resisted|p2a: Togedemaru
|-damage|p2a: Togedemaru|80/100
|j|+asa
|
|t:|1660926859
|switch|p1a: Charizard|Charizard, F|100/100|[from]move: U-turn
|
|upkeep
|turn|2
|
|t:|1660926888
|switch|p2a: Uxie|Uxie|100/100
|move|p1a: Charizard|Flamethrower|p2a: Uxie
|-damage|p2a: Uxie|76/100
|
|-heal|p2a: Uxie|82/100|[from] item: Leftovers
|upkeep
|turn|3
|
|t:|1660926911
|switch|p1a: Gigalith|Gigalith, F|100/100
|-weather|Sandstorm|[from] ability: Sand Stream|[of] p1a: Gigalith
|move|p2a: Uxie|Stealth Rock|p1a: Gigalith
|-sidestart|p1: AzureNB3|move: Stealth Rock
|
|-weather|Sandstorm|[upkeep]
|-damage|p2a: Uxie|76/100|[from] Sandstorm
|-heal|p2a: Uxie|82/100|[from] item: Leftovers
|upkeep
|turn|4
|
|t:|1660926922
|move|p2a: Uxie|Knock Off|p1a: Gigalith
|-damage|p1a: Gigalith|89/100
|-enditem|p1a: Gigalith|Leftovers|[from] move: Knock Off|[of] p2a: Uxie
|move|p1a: Gigalith|Stealth Rock|p2a: Uxie
|-sidestart|p2: PULT4C1 LW|move: Stealth Rock
|
|-weather|Sandstorm|[upkeep]
|-damage|p2a: Uxie|76/100|[from] Sandstorm
|-heal|p2a: Uxie|82/100|[from] item: Leftovers
|upkeep
|turn|5
|
|t:|1660926931
|move|p2a: Uxie|U-turn|p1a: Gigalith
|-damage|p1a: Gigalith|80/100
|
|t:|1660926934
|switch|p2a: Eldegoss|Eldegoss, M|100/100|[from]move: U-turn
|move|p1a: Gigalith|Rock Blast|p2a: Eldegoss
|-damage|p2a: Eldegoss|91/100
|-damage|p2a: Eldegoss|81/100
|-hitcount|p2a: Eldegoss|2
|
|-weather|Sandstorm|[upkeep]
|-damage|p2a: Eldegoss|75/100|[from] Sandstorm
|upkeep
|turn|6
|
|t:|1660926951
|switch|p1a: Frosmoth|Frosmoth, M|100/100
|move|p2a: Eldegoss|Rapid Spin|p1a: Frosmoth
|-damage|p1a: Frosmoth|91/100
|-boost|p2a: Eldegoss|spe|1
|-sideend|p2: PULT4C1 LW|Stealth Rock|[from] move: Rapid Spin|[of] p2a: Eldegoss
|
|-weather|Sandstorm|[upkeep]
|-damage|p1a: Frosmoth|84/100|[from] Sandstorm
|-damage|p2a: Eldegoss|69/100|[from] Sandstorm
|upkeep
|turn|7
|inactive|AzureNB3 has 120 seconds left.
|
|t:|1660926978
|switch|p2a: Togedemaru|Togedemaru, F|80/100
|move|p1a: Frosmoth|Ice Beam|p2a: Togedemaru
|-resisted|p2a: Togedemaru
|-damage|p2a: Togedemaru|41/100
|
|-weather|none
|upkeep
|turn|8
|inactive|AzureNB3 has 120 seconds left.
|
|t:|1660927000
|switch|p1a: Gigalith|Gigalith, F|80/100
|-damage|p1a: Gigalith|68/100|[from] Stealth Rock
|-weather|Sandstorm|[from] ability: Sand Stream|[of] p1a: Gigalith
|move|p2a: Togedemaru|U-turn|p1a: Gigalith
|-damage|p1a: Gigalith|54/100
|
|t:|1660927012
|switch|p2a: Qwilfish|Qwilfish, F|100/100|[from]move: U-turn
|-ability|p2a: Qwilfish|Intimidate|boost
|-unboost|p1a: Gigalith|atk|1
|
|-weather|Sandstorm|[upkeep]
|-damage|p2a: Qwilfish|95/100|[from] Sandstorm
|-heal|p2a: Qwilfish|100/100|[from] item: Black Sludge
|upkeep
|turn|9
|
|t:|1660927040
|switch|p1a: Cinccino|Cinccino, F|100/100
|-damage|p1a: Cinccino|88/100|[from] Stealth Rock
|move|p2a: Qwilfish|Spikes|p1a: Cinccino
|-sidestart|p1: AzureNB3|Spikes
|
|-weather|Sandstorm|[upkeep]
|-damage|p1a: Cinccino|82/100|[from] Sandstorm
|-damage|p2a: Qwilfish|95/100|[from] Sandstorm
|-heal|p2a: Qwilfish|100/100|[from] item: Black Sludge
|upkeep
|turn|10
|inactive|AzureNB3 has 90 seconds left.
|
|t:|1660927056
|switch|p2a: Eldegoss|Eldegoss, M|100/100
|move|p1a: Cinccino|Tail Slap|p2a: Eldegoss
|-crit|p2a: Eldegoss
|-damage|p2a: Eldegoss|84/100
|-damage|p2a: Eldegoss|73/100
|-damage|p2a: Eldegoss|61/100
|-damage|p2a: Eldegoss|49/100
|-damage|p2a: Eldegoss|38/100
|-hitcount|p2a: Eldegoss|5
|-damage|p1a: Cinccino|72/100|[from] item: Life Orb
|
|-weather|Sandstorm|[upkeep]
|-damage|p1a: Cinccino|66/100|[from] Sandstorm
|-damage|p2a: Eldegoss|32/100|[from] Sandstorm
|upkeep
|turn|11
|inactive|AzureNB3 has 90 seconds left.
|
|t:|1660927073
|switch|p2a: Qwilfish|Qwilfish, F|100/100
|-ability|p2a: Qwilfish|Intimidate|boost
|-unboost|p1a: Cinccino|atk|1
|move|p1a: Cinccino|Knock Off|p2a: Qwilfish
|-damage|p2a: Qwilfish|80/100
|-enditem|p2a: Qwilfish|Black Sludge|[from] move: Knock Off|[of] p1a: Cinccino
|-damage|p1a: Cinccino|56/100|[from] item: Life Orb
|
|-weather|Sandstorm|[upkeep]
|-damage|p1a: Cinccino|50/100|[from] Sandstorm
|-damage|p2a: Qwilfish|74/100|[from] Sandstorm
|upkeep
|turn|12
|inactive|AzureNB3 has 90 seconds left.
|
|t:|1660927095
|move|p1a: Cinccino|U-turn|p2a: Qwilfish
|-resisted|p2a: Qwilfish
|-damage|p2a: Qwilfish|67/100
|-damage|p1a: Cinccino|40/100|[from] item: Life Orb
|
|t:|1660927100
|switch|p1a: Wishiwashi|Wishiwashi, F|52/100|[from]move: U-turn
|-damage|p1a: Wishiwashi|39/100|[from] Stealth Rock
|-damage|p1a: Wishiwashi|27/100|[from] Spikes
|-formechange|p1a: Wishiwashi|Wishiwashi-School||[from] ability: Schooling
|move|p2a: Qwilfish|Liquidation|p1a: Wishiwashi
|-resisted|p1a: Wishiwashi
|-damage|p1a: Wishiwashi|18/100
|
|-weather|none
|-heal|p1a: Wishiwashi|24/100|[from] item: Leftovers
|-formechange|p1a: Wishiwashi|Wishiwashi||[from] ability: Schooling
|upkeep
|turn|13
|
|t:|1660927113
|move|p2a: Qwilfish|Taunt|p1a: Wishiwashi
|-start|p1a: Wishiwashi|move: Taunt
|cant|p1a: Wishiwashi|move: Taunt|Rest
|
|-heal|p1a: Wishiwashi|30/100|[from] item: Leftovers
|-formechange|p1a: Wishiwashi|Wishiwashi-School||[from] ability: Schooling
|upkeep
|turn|14
|
|t:|1660927126
|switch|p2a: Eldegoss|Eldegoss, M|65/100
|move|p1a: Wishiwashi|U-turn|p2a: Eldegoss
|-supereffective|p2a: Eldegoss
|-damage|p2a: Eldegoss|28/100
|
|t:|1660927132
|switch|p1a: Frosmoth|Frosmoth, M|84/100|[from]move: U-turn
|
|upkeep
|turn|15
|
|t:|1660927154
|switch|p2a: Doublade|Doublade, F|100/100
|move|p1a: Frosmoth|Ice Beam|p2a: Doublade
|-resisted|p2a: Doublade
|-damage|p2a: Doublade|68/100
|-status|p2a: Doublade|frz
|
|upkeep
|turn|16
|c|☆PULT4C1 LW|ho
|c|☆PULT4C1 LW|no
|c|☆PULT4C1 LW|no
|
|t:|1660927162
|switch|p1a: Charizard|Charizard, F|100/100
|switch|p2a: Togedemaru|Togedemaru, F|41/100
|
|upkeep
|turn|17
|l|+asa
|
|t:|1660927179
|move|p2a: Togedemaru|U-turn|p1a: Charizard
|-resisted|p1a: Charizard
|-damage|p1a: Charizard|94/100
|
|t:|1660927181
|switch|p2a: Uxie|Uxie|82/100|[from]move: U-turn
|move|p1a: Charizard|Flamethrower|p2a: Uxie
|-damage|p2a: Uxie|56/100
|
|-heal|p2a: Uxie|62/100|[from] item: Leftovers
|upkeep
|turn|18
|inactive|AzureNB3 has 90 seconds left.
|
|t:|1660927190
|move|p1a: Charizard|Toxic|p2a: Uxie
|-status|p2a: Uxie|tox
|move|p2a: Uxie|Yawn|p1a: Charizard
|-start|p1a: Charizard|move: Yawn|[of] p2a: Uxie
|
|-heal|p2a: Uxie|68/100 tox|[from] item: Leftovers
|-damage|p2a: Uxie|62/100 tox|[from] psn
|upkeep
|turn|19
|
|t:|1660927198
|switch|p1a: Gigalith|Gigalith, F|54/100
|-damage|p1a: Gigalith|42/100|[from] Stealth Rock
|-damage|p1a: Gigalith|30/100|[from] Spikes
|-weather|Sandstorm|[from] ability: Sand Stream|[of] p1a: Gigalith
|move|p2a: Uxie|U-turn|p1a: Gigalith
|-damage|p1a: Gigalith|21/100
|
|t:|1660927200
|switch|p2a: Eldegoss|Eldegoss, M|61/100|[from]move: U-turn
|
|-weather|Sandstorm|[upkeep]
|-damage|p2a: Eldegoss|55/100|[from] Sandstorm
|upkeep
|turn|20
|
|t:|1660927211
|move|p2a: Eldegoss|Aromatherapy|p2a: Eldegoss
|-activate|p2a: Eldegoss|move: Aromatherapy
|-curestatus|p2: Doublade|frz|[msg]
|-curestatus|p2: Uxie|tox|[msg]
|move|p1a: Gigalith|Rest|p1a: Gigalith
|-status|p1a: Gigalith|slp|[from] move: Rest
|-heal|p1a: Gigalith|100/100 slp|[silent]
|
|-weather|Sandstorm|[upkeep]
|-damage|p2a: Eldegoss|49/100|[from] Sandstorm
|upkeep
|turn|21
|
|t:|1660927224
|switch|p2a: Archeops|Archeops, F|100/100
|switch|p1a: Frosmoth|Frosmoth, M|84/100
|
|-weather|Sandstorm|[upkeep]
|-damage|p1a: Frosmoth|78/100|[from] Sandstorm
|upkeep
|turn|22
|
|t:|1660927243
|switch|p1a: Wishiwashi|Wishiwashi, F|30/100
|-damage|p1a: Wishiwashi|18/100|[from] Stealth Rock
|-damage|p1a: Wishiwashi|6/100|[from] Spikes
|move|p2a: Archeops|Meteor Beam||[still]
|-prepare|p2a: Archeops|Meteor Beam
|-boost|p2a: Archeops|spa|1
|-enditem|p2a: Archeops|Power Herb
|-anim|p2a: Archeops|Meteor Beam|p1a: Wishiwashi
|-damage|p1a: Wishiwashi|0 fnt
|faint|p1a: Wishiwashi
|
|-weather|Sandstorm|[upkeep]
|upkeep
|
|t:|1660927263
|switch|p1a: Cinccino|Cinccino, F|40/100
|-damage|p1a: Cinccino|27/100|[from] Stealth Rock
|-damage|p1a: Cinccino|15/100|[from] Spikes
|turn|23
|
|t:|1660927270
|switch|p2a: Qwilfish|Qwilfish, F|67/100
|-ability|p2a: Qwilfish|Intimidate|boost
|-unboost|p1a: Cinccino|atk|1
|move|p1a: Cinccino|Bullet Seed|p2a: Qwilfish
|-damage|p2a: Qwilfish|62/100
|-damage|p2a: Qwilfish|56/100
|-damage|p2a: Qwilfish|51/100
|-damage|p2a: Qwilfish|46/100
|-damage|p2a: Qwilfish|41/100
|-hitcount|p2a: Qwilfish|5
|-damage|p1a: Cinccino|5/100|[from] item: Life Orb
|
|-weather|none
|upkeep
|turn|24
|
|t:|1660927285
|move|p1a: Cinccino|Tail Slap|p2a: Qwilfish|[miss]
|-miss|p1a: Cinccino|p2a: Qwilfish
|move|p2a: Qwilfish|Spikes|p1a: Cinccino
|-sidestart|p1: AzureNB3|Spikes
|
|upkeep
|turn|25
|
|t:|1660927289
|move|p1a: Cinccino|Tail Slap|p2a: Qwilfish|[miss]
|-miss|p1a: Cinccino|p2a: Qwilfish
|move|p2a: Qwilfish|Spikes|p1a: Cinccino
|-sidestart|p1: AzureNB3|Spikes
|
|upkeep
|turn|26
|
|t:|1660927294
|move|p1a: Cinccino|Tail Slap|p2a: Qwilfish
|-damage|p2a: Qwilfish|33/100
|-damage|p2a: Qwilfish|26/100
|-crit|p2a: Qwilfish
|-damage|p2a: Qwilfish|7/100
|-damage|p2a: Qwilfish|0 fnt
|faint|p2a: Qwilfish
|-hitcount|p2: Qwilfish|4
|-damage|p1a: Cinccino|0 fnt|[from] item: Life Orb
|faint|p1a: Cinccino
|
|upkeep
|inactive|AzureNB3 has 120 seconds left.
|
|t:|1660927307
|switch|p1a: Charizard|Charizard, F|94/100
|switch|p2a: Togedemaru|Togedemaru, F|41/100
|turn|27
|inactive|AzureNB3 has 120 seconds left.
|
|t:|1660927319
|move|p2a: Togedemaru|Zing Zap|p1a: Charizard
|-supereffective|p1a: Charizard
|-damage|p1a: Charizard|0 fnt
|faint|p1a: Charizard
|
|upkeep
|inactive|AzureNB3 has 120 seconds left.
|-message|AzureNB3 forfeited.
|
|win|PULT4C1 LW
|raw|AzureNB3's rating: 1280 &rarr; <strong>1272</strong><br />(-8 for losing)
|raw|PULT4C1 LW's rating: 1556 &rarr; <strong>1563</strong><br />(+7 for winning)
|l|☆AzureNB3
|l|☆PULT4C1 LW
||Ladder isn't responding, score probably updated but might not have (Request timeout).
