|j|☆Joke Sets
|j|☆UberSkitty❤
|t:|1605092478
|player|p1|Joke Sets|#2xthetap|
|player|p2|UberSkitty❤|preschoolerf|
|teamsize|p1|6
|teamsize|p2|6
|gametype|singles
|gen|8
|tier|[Gen 8] PU
|rated|Tournament battle
|clearpoke
|poke|p1|Togedemaru, L1, F|
|poke|p1|Kadabra, M|
|poke|p1|Qwilfish, F|
|poke|p1|Sandaconda, M|
|poke|p1|Jynx, F|
|poke|p1|Zweilous, M|
|poke|p2|Beheeyem, F|
|poke|p2|Sinistea|
|poke|p2|Sandslash, M|
|poke|p2|Liepard, F|
|poke|p2|Rapidash-Galar, F|
|poke|p2|Calyrex|
|rule|Sleep Clause Mod: Limit one foe put to sleep
|rule|Species Clause: Limit one of each Pokémon
|rule|OHKO Clause: OHKO moves are banned
|rule|Evasion Moves Clause: Evasion moves are banned
|rule|Endless Battle Clause: Forcing endless battles is banned
|rule|HP Percentage Mod: HP is shown in percentages
|rule|Dynamax Clause: You cannot dynamax
|teampreview
|c|☆UberSkitty❤|oh no
|
|t:|1605092489
|start
|switch|p1a: Sandaconda|Sandaconda, M|100/100
|switch|p2a: Volleyball|Sandslash, M|100/100
|turn|1
|c|☆Joke Sets|hehe
|j| Metttaaaaa
|
|t:|1605092495
|move|p2a: Volleyball|Stealth Rock|p1a: Sandaconda
|-sidestart|p1: Joke Sets|move: Stealth Rock
|move|p1a: Sandaconda|Stealth Rock|p2a: Volleyball
|-sidestart|p2: UberSkitty❤|move: Stealth Rock
|
|upkeep
|turn|2
|
|t:|1605092507
|move|p2a: Volleyball|Toxic|p1a: Sandaconda|[miss]
|-miss|p2a: Volleyball|p1a: Sandaconda
|move|p1a: Sandaconda|Rock Tomb|p2a: Volleyball
|-resisted|p2a: Volleyball
|-damage|p2a: Volleyball|95/100
|-unboost|p2a: Volleyball|spe|1
|
|-heal|p2a: Volleyball|100/100|[from] item: Leftovers
|upkeep
|turn|3
|
|t:|1605092525
|move|p1a: Sandaconda|Earthquake|p2a: Volleyball
|-damage|p2a: Volleyball|74/100
|move|p2a: Volleyball|Rapid Spin|p1a: Sandaconda
|-damage|p1a: Sandaconda|94/100
|-boost|p2a: Volleyball|spe|1
|-weather|Sandstorm|[from] ability: Sand Spit|[of] p1a: Sandaconda
|-sideend|p2: UberSkitty❤|Stealth Rock|[from] move: Rapid Spin|[of] p2a: Volleyball
|-enditem|p1a: Sandaconda|Eject Button
|
|t:|1605092544
|switch|p1a: Kadabra|Kadabra, M|100/100
|
|-weather|Sandstorm|[upkeep]
|-heal|p2a: Volleyball|80/100|[from] item: Leftovers
|upkeep
|turn|4
|
|t:|1605092570
|switch|p2a: Choice Band|Beheeyem, F|100/100
|move|p1a: Kadabra|Counter||[still]
|-fail|p1a: Kadabra
|
|-weather|Sandstorm|[upkeep]
|-damage|p2a: Choice Band|94/100|[from] Sandstorm
|upkeep
|turn|5
|j| nicogaming16
|
|t:|1605092580
|switch|p1a: Zweilous|Zweilous, M|100/100
|-damage|p1a: Zweilous|88/100|[from] Stealth Rock
|move|p2a: Choice Band|Psychic Terrain|p2a: Choice Band
|-fieldstart|move: Psychic Terrain
|
|-weather|Sandstorm|[upkeep]
|-damage|p1a: Zweilous|82/100|[from] Sandstorm
|-damage|p2a: Choice Band|88/100|[from] Sandstorm
|upkeep
|turn|6
|
|t:|1605092588
|switch|p2a: A Shark|Liepard, F|100/100
|-enditem|p2a: A Shark|Psychic Seed
|-boost|p2a: A Shark|spd|1|[from] item: Psychic Seed
|move|p1a: Zweilous|Crunch|p2a: A Shark
|-resisted|p2a: A Shark
|-damage|p2a: A Shark|64/100
|
|-weather|Sandstorm|[upkeep]
|-damage|p2a: A Shark|58/100|[from] Sandstorm
|-damage|p1a: Zweilous|76/100|[from] Sandstorm
|upkeep
|turn|7
|l| nicogaming16
|
|t:|1605092600
|switch|p1a: Qwilfish|Qwilfish, F|100/100
|-damage|p1a: Qwilfish|88/100|[from] Stealth Rock
|move|p2a: A Shark|Play Rough|p1a: Qwilfish
|-resisted|p1a: Qwilfish
|-crit|p1a: Qwilfish
|-damage|p1a: Qwilfish|58/100
|-damage|p2a: A Shark|42/100|[from] item: Rocky Helmet|[of] p1a: Qwilfish
|
|-weather|none
|upkeep
|turn|8
|
|t:|1605092614
|move|p2a: A Shark|Knock Off|p1a: Qwilfish
|-damage|p1a: Qwilfish|0 fnt
|-damage|p2a: A Shark|26/100|[from] item: Rocky Helmet|[of] p1a: Qwilfish
|-enditem|p1a: Qwilfish|Rocky Helmet|[from] move: Knock Off|[of] p2a: A Shark
|faint|p1a: Qwilfish
|
|upkeep
|
|t:|1605092623
|switch|p1a: Sandaconda|Sandaconda, M|94/100
|-damage|p1a: Sandaconda|88/100|[from] Stealth Rock
|turn|9
|
|t:|1605092630
|move|p2a: A Shark|Knock Off|p1a: Sandaconda
|-damage|p1a: Sandaconda|69/100
|-weather|Sandstorm|[from] ability: Sand Spit|[of] p1a: Sandaconda
|move|p1a: Sandaconda|Rock Tomb|p2a: A Shark
|-damage|p2a: A Shark|0 fnt
|faint|p2a: A Shark
|
|-weather|Sandstorm|[upkeep]
|upkeep
|
|t:|1605092657
|switch|p2a: GORSE GANG|Rapidash-Galar, F|100/100
|turn|10
|
|t:|1605092663
|move|p2a: GORSE GANG|Dazzling Gleam|p1a: Sandaconda
|-damage|p1a: Sandaconda|29/100
|move|p1a: Sandaconda|Rock Tomb|p2a: GORSE GANG
|-damage|p2a: GORSE GANG|78/100
|-unboost|p2a: GORSE GANG|spe|1
|
|-weather|Sandstorm|[upkeep]
|-damage|p2a: GORSE GANG|72/100|[from] Sandstorm
|upkeep
|turn|11
|
|t:|1605092672
|move|p2a: GORSE GANG|Dazzling Gleam|p1a: Sandaconda
|-damage|p1a: Sandaconda|0 fnt
|faint|p1a: Sandaconda
|
|-weather|Sandstorm|[upkeep]
|-damage|p2a: GORSE GANG|66/100|[from] Sandstorm
|upkeep
|
|t:|1605092690
|switch|p1a: Kadabra|Kadabra, M|100/100
|turn|12
|
|t:|1605092700
|switch|p2a: Choice Band|Beheeyem, F|88/100
|move|p1a: Kadabra|Shadow Ball|p2a: Choice Band
|-supereffective|p2a: Choice Band
|-damage|p2a: Choice Band|44/100
|
|-weather|Sandstorm|[upkeep]
|-damage|p2a: Choice Band|38/100|[from] Sandstorm
|-fieldend|move: Psychic Terrain
|upkeep
|turn|13
|
|t:|1605092710
|move|p1a: Kadabra|Shadow Ball|p2a: Choice Band
|-supereffective|p2a: Choice Band
|-damage|p2a: Choice Band|0 fnt
|faint|p2a: Choice Band
|
|-weather|none
|upkeep
|
|t:|1605092715
|switch|p2a: Big Brains|Calyrex|100/100
|-ability|p2a: Big Brains|Unnerve|p1: Joke Sets
|turn|14
|j| Kingcat007
|
|t:|1605092729
|switch|p1a: Zweilous|Zweilous, M|76/100
|-damage|p1a: Zweilous|64/100|[from] Stealth Rock
|move|p2a: Big Brains|Leaf Storm|p1a: Zweilous
|-resisted|p1a: Zweilous
|-damage|p1a: Zweilous|48/100
|-unboost|p2a: Big Brains|spa|2
|-enditem|p2a: Big Brains|Eject Pack
|
|t:|1605092736
|switch|p2a: GORSE GANG|Rapidash-Galar, F|66/100
|
|upkeep
|turn|15
|
|t:|1605092752
|switch|p1a: Togedemaru|Togedemaru, L1, F|100/100
|-damage|p1a: Togedemaru|92/100|[from] Stealth Rock
|move|p2a: GORSE GANG|Dazzling Gleam|p1a: Togedemaru
|-resisted|p1a: Togedemaru
|-damage|p1a: Togedemaru|0 fnt
|faint|p1a: Togedemaru
|
|upkeep
|
|t:|1605092765
|switch|p1a: Kadabra|Kadabra, M|100/100
|turn|16
|
|t:|1605092769
|move|p2a: GORSE GANG|Dazzling Gleam|p1a: Kadabra
|-damage|p1a: Kadabra|34/100
|move|p1a: Kadabra|Shadow Ball|p2a: GORSE GANG
|-supereffective|p2a: GORSE GANG
|-damage|p2a: GORSE GANG|0 fnt
|faint|p2a: GORSE GANG
|
|upkeep
|
|t:|1605092787
|switch|p2a: Drink Me|Sinistea|100/100
|turn|17
|
|t:|1605092793
|switch|p1a: Zweilous|Zweilous, M|48/100
|-damage|p1a: Zweilous|36/100|[from] Stealth Rock
|move|p2a: Drink Me|Shell Smash|p2a: Drink Me
|-unboost|p2a: Drink Me|def|1
|-unboost|p2a: Drink Me|spd|1
|-boost|p2a: Drink Me|atk|2
|-boost|p2a: Drink Me|spa|2
|-boost|p2a: Drink Me|spe|2
|
|upkeep
|turn|18
|
|t:|1605092806
|move|p2a: Drink Me|Shell Smash|p2a: Drink Me
|-unboost|p2a: Drink Me|def|1
|-unboost|p2a: Drink Me|spd|1
|-boost|p2a: Drink Me|atk|2
|-boost|p2a: Drink Me|spa|2
|-boost|p2a: Drink Me|spe|2
|move|p1a: Zweilous|Rest|p1a: Zweilous
|-status|p1a: Zweilous|slp|[from] move: Rest
|-heal|p1a: Zweilous|100/100 slp|[silent]
|
|upkeep
|turn|19
|
|t:|1605092814
|move|p2a: Drink Me|Shadow Ball|p1a: Zweilous
|-resisted|p1a: Zweilous
|-damage|p1a: Zweilous|74/100 slp
|cant|p1a: Zweilous|slp
|move|p1a: Zweilous|Sleep Talk|p1a: Zweilous
|move|p1a: Zweilous|Roar|p2a: Drink Me|[from]Sleep Talk
|drag|p2a: Volleyball|Sandslash, M|80/100
|
|-heal|p2a: Volleyball|87/100|[from] item: Leftovers
|upkeep
|turn|20
|
|t:|1605092835
|move|p2a: Volleyball|Earthquake|p1a: Zweilous
|-damage|p1a: Zweilous|41/100 slp
|cant|p1a: Zweilous|slp
|move|p1a: Zweilous|Sleep Talk|p1a: Zweilous
|move|p1a: Zweilous|Crunch|p2a: Volleyball|[from]Sleep Talk
|-damage|p2a: Volleyball|59/100
|
|-heal|p2a: Volleyball|65/100|[from] item: Leftovers
|upkeep
|turn|21
|
|t:|1605092847
|move|p2a: Volleyball|Earthquake|p1a: Zweilous
|-damage|p1a: Zweilous|9/100 slp
|-curestatus|p1a: Zweilous|slp|[msg]
|move|p1a: Zweilous|Rest|p1a: Zweilous
|-status|p1a: Zweilous|slp|[from] move: Rest
|-heal|p1a: Zweilous|100/100 slp|[silent]
|
|-heal|p2a: Volleyball|71/100|[from] item: Leftovers
|upkeep
|turn|22
|
|t:|1605092856
|move|p2a: Volleyball|Earthquake|p1a: Zweilous
|-damage|p1a: Zweilous|72/100 slp
|cant|p1a: Zweilous|slp
|move|p1a: Zweilous|Sleep Talk|p1a: Zweilous
|move|p1a: Zweilous|Crunch|p2a: Volleyball|[from]Sleep Talk
|-damage|p2a: Volleyball|46/100
|-unboost|p2a: Volleyball|def|1
|
|-heal|p2a: Volleyball|52/100|[from] item: Leftovers
|upkeep
|turn|23
|
|t:|1605092866
|move|p2a: Volleyball|Earthquake|p1a: Zweilous
|-damage|p1a: Zweilous|41/100 slp
|cant|p1a: Zweilous|slp
|move|p1a: Zweilous|Sleep Talk|p1a: Zweilous
|move|p1a: Zweilous|Rest|p1a: Zweilous|[from]Sleep Talk
|-fail|p1a: Zweilous
|
|-heal|p2a: Volleyball|58/100|[from] item: Leftovers
|upkeep
|turn|24
|
|t:|1605092875
|move|p2a: Volleyball|Earthquake|p1a: Zweilous
|-crit|p1a: Zweilous
|-damage|p1a: Zweilous|0 fnt
|faint|p1a: Zweilous
|
|-heal|p2a: Volleyball|64/100|[from] item: Leftovers
|upkeep
|
|t:|1605092890
|switch|p1a: Jynx|Jynx, F|100/100
|-damage|p1a: Jynx|76/100|[from] Stealth Rock
|turn|25
|
|t:|1605092895
|move|p1a: Jynx|Ice Beam|p2a: Volleyball
|-supereffective|p2a: Volleyball
|-damage|p2a: Volleyball|0 fnt
|faint|p2a: Volleyball
|
|upkeep
|
|t:|1605092899
|switch|p2a: Drink Me|Sinistea|100/100
|turn|26
|
|t:|1605092906
|move|p1a: Jynx|Lovely Kiss|p2a: Drink Me
|-status|p2a: Drink Me|slp|[from] move: Lovely Kiss
|cant|p2a: Drink Me|slp
|
|upkeep
|turn|27
|
|t:|1605092913
|move|p1a: Jynx|Ice Beam|p2a: Drink Me
|-enditem|p2a: Drink Me|Focus Sash
|-damage|p2a: Drink Me|1/100 slp
|-curestatus|p2a: Drink Me|slp|[msg]
|move|p2a: Drink Me|Shell Smash|p2a: Drink Me
|-unboost|p2a: Drink Me|def|1
|-unboost|p2a: Drink Me|spd|1
|-boost|p2a: Drink Me|atk|2
|-boost|p2a: Drink Me|spa|2
|-boost|p2a: Drink Me|spe|2
|
|upkeep
|turn|28
|c|☆UberSkitty❤|first turn wake
|c|☆UberSkitty❤|go
|c|☆UberSkitty❤|bop
|c|☆Joke Sets|nooo
|
|t:|1605092925
|move|p2a: Drink Me|Shadow Ball|p1a: Jynx
|-supereffective|p1a: Jynx
|-damage|p1a: Jynx|0 fnt
|faint|p1a: Jynx
|
|upkeep
|l| Kingcat007
|
|t:|1605092929
|switch|p1a: Kadabra|Kadabra, M|34/100
|turn|29
|
|t:|1605092932
|move|p2a: Drink Me|Shadow Ball|p1a: Kadabra
|-supereffective|p1a: Kadabra
|-damage|p1a: Kadabra|0 fnt
|faint|p1a: Kadabra
|
|win|UberSkitty❤
