|j|☆Schizoption
|j|☆Cartsoul
|player|p1|Schizoption|ethan|1457
|player|p2|Cartsoul|170|1402
|teamsize|p1|6
|teamsize|p2|6
|gametype|singles
|gen|8
|tier|[Gen 8] PU
|rated|
|clearpoke
|poke|p1|Lilligant, F|
|poke|p1|Kadabra, M|
|poke|p1|Rotom-Frost|
|poke|p1|Seaking, F|
|poke|p1|Ninjask, F|
|poke|p1|Mawile, M|
|poke|p2|Pinsir, M|
|poke|p2|Trevenant, M|
|poke|p2|Raboot, M|
|poke|p2|Carkol, M|
|poke|p2|Gloom, M|
|poke|p2|Manectric, M|
|rule|Sleep Clause Mod: Limit one foe put to sleep
|rule|Species Clause: Limit one of each Pokémon
|rule|OHKO Clause: OHKO moves are banned
|rule|Evasion Moves Clause: Evasion moves are banned
|rule|Endless Battle Clause: Forcing endless battles is banned
|rule|HP Percentage Mod: HP is shown in percentages
|rule|Dynamax Clause: You cannot dynamax
|teampreview
|
|start
|switch|p1a: Seaking|Seaking, F|100/100
|switch|p2a: Pinsir|Pinsir, M|100/100
|-ability|p2a: Pinsir|Mold Breaker
|turn|1
|
|move|p1a: Seaking|Flip Turn|p2a: Pinsir
|-damage|p2a: Pinsir|70/100
|
|switch|p1a: Rotom|Rotom-Frost|100/100|[from]move: Flip Turn
|move|p2a: Pinsir|Knock Off|p1a: Rotom
|-damage|p1a: Rotom|55/100
|-enditem|p1a: Rotom|Heavy-Duty Boots|[from] move: Knock Off|[of] p2a: Pinsir
|
|upkeep
|turn|2
|
|switch|p2a: Gloom|Gloom, M|100/100
|move|p1a: Rotom|Will-O-Wisp|p2a: Gloom|[miss]
|-miss|p1a: Rotom|p2a: Gloom
|
|upkeep
|turn|3
|
|move|p1a: Rotom|Blizzard|p2a: Gloom
|-supereffective|p2a: Gloom
|-damage|p2a: Gloom|34/100
|move|p2a: Gloom|Leech Seed|p1a: Rotom
|-start|p1a: Rotom|move: Leech Seed
|
|-damage|p1a: Rotom|42/100|[from] Leech Seed|[of] p2a: Gloom
|-heal|p2a: Gloom|43/100|[silent]
|upkeep
|turn|4
|
|switch|p2a: Manectric|Manectric, M|100/100
|move|p1a: Rotom|Volt Switch|p2a: Manectric
|-ability|p2a: Manectric|Lightning Rod|boost
|-boost|p2a: Manectric|spa|1
|
|-damage|p1a: Rotom|30/100|[from] Leech Seed|[of] p2a: Manectric
|upkeep
|turn|5
|
|switch|p1a: Seaking|Seaking, F|100/100
|move|p2a: Manectric|Switcheroo|p1a: Seaking
|-activate|p2a: Manectric|move: Trick|[of] p1a: Seaking
|-item|p1a: Seaking|Choice Specs|[from] move: Switcheroo
|-item|p2a: Manectric|Choice Scarf|[from] move: Switcheroo
|
|upkeep
|turn|6
|
|switch|p2a: Gloom|Gloom, M|43/100
|move|p1a: Seaking|Flip Turn|p2a: Gloom
|-resisted|p2a: Gloom
|-damage|p2a: Gloom|31/100
|
|switch|p1a: Kadabra|Kadabra, M|100/100|[from]move: Flip Turn
|
|upkeep
|turn|7
|
|move|p1a: Kadabra|Psychic|p2a: Gloom
|-supereffective|p2a: Gloom
|-damage|p2a: Gloom|0 fnt
|faint|p2a: Gloom
|
|upkeep
|
|switch|p2a: Carkol|Carkol, M|100/100
|turn|8
|
|switch|p1a: Seaking|Seaking, F|100/100
|move|p2a: Carkol|Scorching Sands|p1a: Seaking
|-damage|p1a: Seaking|86/100
|-status|p1a: Seaking|brn
|
|-damage|p1a: Seaking|80/100 brn|[from] brn
|upkeep
|turn|9
|
|move|p1a: Seaking|Knock Off|p2a: Carkol
|-damage|p2a: Carkol|94/100
|-enditem|p2a: Carkol|Eviolite|[from] move: Knock Off|[of] p1a: Seaking
|move|p2a: Carkol|Body Press|p1a: Seaking
|-damage|p1a: Seaking|42/100 brn
|
|-damage|p1a: Seaking|36/100 brn|[from] brn
|upkeep
|turn|10
|
|move|p1a: Seaking|Knock Off|p2a: Carkol
|-damage|p2a: Carkol|88/100
|move|p2a: Carkol|Body Press|p1a: Seaking
|-damage|p1a: Seaking|0 fnt
|faint|p1a: Seaking
|
|upkeep
|
|switch|p1a: Lilligant|Lilligant, F|100/100
|turn|11
|
|switch|p2a: Trevenant|Trevenant, M|100/100
|move|p1a: Lilligant|Quiver Dance|p1a: Lilligant
|-boost|p1a: Lilligant|spa|1
|-boost|p1a: Lilligant|spd|1
|-boost|p1a: Lilligant|spe|1
|
|upkeep
|turn|12
|
|move|p1a: Lilligant|Giga Drain|p2a: Trevenant
|-resisted|p2a: Trevenant
|-damage|p2a: Trevenant|69/100
|move|p2a: Trevenant|Poltergeist|p1a: Lilligant
|-activate|p1a: Lilligant|move: Poltergeist|Lum Berry
|-damage|p1a: Lilligant|0 fnt
|-damage|p2a: Trevenant|59/100|[from] item: Life Orb
|faint|p1a: Lilligant
|
|upkeep
|
|switch|p1a: Ninjask|Ninjask, F|100/100
|turn|13
|
|switch|p2a: Carkol|Carkol, M|88/100
|move|p1a: Ninjask|Acrobatics|p2a: Carkol
|-resisted|p2a: Carkol
|-damage|p2a: Carkol|71/100
|
|-ability|p1a: Ninjask|Speed Boost|boost
|-boost|p1a: Ninjask|spe|1
|upkeep
|turn|14
|
|switch|p1a: Kadabra|Kadabra, M|100/100
|switch|p2a: Manectric|Manectric, M|100/100
|
|upkeep
|turn|15
|
|switch|p1a: Rotom|Rotom-Frost|30/100
|move|p2a: Manectric|Volt Switch|p1a: Rotom
|-resisted|p1a: Rotom
|-damage|p1a: Rotom|8/100
|
|switch|p2a: Raboot|Raboot, M|100/100|[from]move: Volt Switch
|
|upkeep
|turn|16
|
|move|p2a: Raboot|U-turn|p1a: Rotom
|-start|p2a: Raboot|typechange|Bug|[from] ability: Libero
|-damage|p1a: Rotom|0 fnt
|faint|p1a: Rotom
|
|switch|p2a: Manectric|Manectric, M|100/100|[from]move: U-turn
|
|upkeep
|
|switch|p1a: Ninjask|Ninjask, F|100/100
|turn|17
|
|switch|p2a: Carkol|Carkol, M|71/100
|move|p1a: Ninjask|Protect||[still]
|-fail|p1a: Ninjask
|
|-ability|p1a: Ninjask|Speed Boost|boost
|-boost|p1a: Ninjask|spe|1
|upkeep
|turn|18
|
|move|p1a: Ninjask|U-turn|p2a: Carkol
|-resisted|p2a: Carkol
|-damage|p2a: Carkol|59/100
|-status|p1a: Ninjask|brn|[from] ability: Flame Body|[of] p2a: Carkol
|
|switch|p1a: Kadabra|Kadabra, M|100/100|[from]move: U-turn
|move|p2a: Carkol|Flamethrower|p1a: Kadabra
|-damage|p1a: Kadabra|60/100
|
|upkeep
|turn|19
|
|switch|p2a: Trevenant|Trevenant, M|59/100
|move|p1a: Kadabra|Psychic|p2a: Trevenant
|-damage|p2a: Trevenant|2/100
|
|upkeep
|turn|20
|
|move|p2a: Trevenant|Sucker Punch||[still]
|-fail|p2a: Trevenant
|move|p1a: Kadabra|Encore|p2a: Trevenant
|-start|p2a: Trevenant|Encore
|
|upkeep
|turn|21
|
|switch|p1a: Ninjask|Ninjask, F|100/100 brn
|switch|p2a: Pinsir|Pinsir, M|70/100
|-ability|p2a: Pinsir|Mold Breaker
|
|-damage|p1a: Ninjask|94/100 brn|[from] brn
|upkeep
|turn|22
|
|move|p1a: Ninjask|Acrobatics|p2a: Pinsir
|-supereffective|p2a: Pinsir
|-crit|p2a: Pinsir
|-damage|p2a: Pinsir|0 fnt
|faint|p2a: Pinsir
|
|-damage|p1a: Ninjask|88/100 brn|[from] brn
|-ability|p1a: Ninjask|Speed Boost|boost
|-boost|p1a: Ninjask|spe|1
|upkeep
|
|switch|p2a: Manectric|Manectric, M|100/100
|turn|23
|
|move|p1a: Ninjask|Protect|p1a: Ninjask
|-singleturn|p1a: Ninjask|Protect
|move|p2a: Manectric|Thunderbolt|p1a: Ninjask
|-activate|p1a: Ninjask|move: Protect
|
|-damage|p1a: Ninjask|82/100 brn|[from] brn
|-ability|p1a: Ninjask|Speed Boost|boost
|-boost|p1a: Ninjask|spe|1
|upkeep
|turn|24
|
|move|p1a: Ninjask|U-turn|p2a: Manectric
|-damage|p2a: Manectric|74/100
|
|switch|p1a: Mawile|Mawile, M|100/100|[from]move: U-turn
|-ability|p1a: Mawile|Intimidate|boost
|-unboost|p2a: Manectric|atk|1
|move|p2a: Manectric|Thunderbolt|p1a: Mawile
|-damage|p1a: Mawile|28/100
|
|upkeep
|turn|25
|
|move|p2a: Manectric|Thunderbolt|p1a: Mawile
|-damage|p1a: Mawile|0 fnt
|faint|p1a: Mawile
|
|upkeep
|
|switch|p1a: Ninjask|Ninjask, F|82/100 brn
|turn|26
|-message|Schizoption forfeited.
|
|win|Cartsoul
|l|☆Schizoption
||Ladder (probably) updated, but score could not be retrieved (Request timeout).
