|html|<div class="broadcast-blue"><strong>[Gen 8] PU is currently suspecting Vanilluxe! For information on how to participate check out the <a href="https://www.smogon.com/forums/threads/np-ss-pu-stage-10-ice-cream-vanilluxe-suspect-test.3705646/">suspect thread</a>.</strong></div>
|j|☆Haffling
|j|☆Torntest
|t:|1659553090
|gametype|singles
|player|p1|Haffling|cyrus|
|player|p2|Torntest|medium|
|teamsize|p1|6
|teamsize|p2|6
|gen|8
|tier|[Gen 8] PU
|rated|Tournament battle
|rule|Sleep Clause Mod: Limit one foe put to sleep
|rule|Species Clause: Limit one of each Pokémon
|rule|OHKO Clause: OHKO moves are banned
|rule|Evasion Moves Clause: Evasion moves are banned
|rule|Endless Battle Clause: Forcing endless battles is banned
|rule|HP Percentage Mod: HP is shown in percentages
|rule|Dynamax Clause: You cannot dynamax
|clearpoke
|poke|p1|Sableye, M|
|poke|p1|Mesprit|
|poke|p1|Ribombee, M|
|poke|p1|Togedemaru, M|
|poke|p1|Sandslash, F|
|poke|p1|Wishiwashi, M|
|poke|p2|Abomasnow, F|
|poke|p2|Vanilluxe, F|
|poke|p2|Aromatisse, M|
|poke|p2|Raboot, M|
|poke|p2|Gallade, M|
|poke|p2|Silvally-*|
|teampreview
|j| iluvslugs
|j| magnebro
|j| Kython
|c|☆Torntest|glhf
|
|t:|1659553105
|start
|switch|p1a: Mesprit|Mesprit|100/100
|switch|p2a: Raboot|Raboot, M|100/100
|turn|1
|c|☆Haffling|u2
|
|t:|1659553113
|move|p2a: Raboot|U-turn|p1a: Mesprit
|-start|p2a: Raboot|typechange|Bug|[from] ability: Libero
|-supereffective|p1a: Mesprit
|-damage|p1a: Mesprit|43/100
|
|t:|1659553121
|switch|p2a: Abomasnow|Abomasnow, F|100/100|[from]move: U-turn
|-weather|Hail|[from] ability: Snow Warning|[of] p2a: Abomasnow
|move|p1a: Mesprit|Stealth Rock|p2a: Abomasnow
|-sidestart|p2: Torntest|move: Stealth Rock
|
|-weather|Hail|[upkeep]
|-damage|p1a: Mesprit|37/100|[from] Hail
|upkeep
|turn|2
|
|t:|1659553126
|move|p2a: Abomasnow|Blizzard|p1a: Mesprit
|-damage|p1a: Mesprit|0 fnt
|faint|p1a: Mesprit
|
|-weather|Hail|[upkeep]
|upkeep
|
|t:|1659553130
|switch|p1a: Wishiwashi|Wishiwashi, M|100/100
|-formechange|p1a: Wishiwashi|Wishiwashi-School||[from] ability: Schooling
|turn|3
|
|t:|1659553139
|switch|p2a: Silvally|Silvally-Water|100/100
|-damage|p2a: Silvally|88/100|[from] Stealth Rock
|move|p1a: Wishiwashi|U-turn|p2a: Silvally
|-damage|p2a: Silvally|73/100
|
|t:|1659553151
|switch|p1a: Ribombee|Ribombee, M|100/100|[from]move: U-turn
|
|-weather|Hail|[upkeep]
|-damage|p1a: Ribombee|94/100|[from] Hail
|-damage|p2a: Silvally|66/100|[from] Hail
|upkeep
|turn|4
|
|t:|1659553155
|move|p1a: Ribombee|Quiver Dance|p1a: Ribombee
|-boost|p1a: Ribombee|spa|1
|-boost|p1a: Ribombee|spd|1
|-boost|p1a: Ribombee|spe|1
|move|p2a: Silvally|Thunder Wave|p1a: Ribombee
|-status|p1a: Ribombee|par
|
|-weather|Hail|[upkeep]
|-damage|p1a: Ribombee|88/100 par|[from] Hail
|-damage|p2a: Silvally|60/100|[from] Hail
|upkeep
|turn|5
|
|t:|1659553162
|move|p1a: Ribombee|Aromatherapy|p1a: Ribombee
|-activate|p1a: Ribombee|move: Aromatherapy
|-curestatus|p1a: Ribombee|par|[msg]
|move|p2a: Silvally|Parting Shot|p1a: Ribombee
|-unboost|p1a: Ribombee|atk|1
|-unboost|p1a: Ribombee|spa|1
|
|t:|1659553175
|switch|p2a: Abomasnow|Abomasnow, F|100/100|[from]move: Parting Shot
|-damage|p2a: Abomasnow|76/100|[from] Stealth Rock
|
|-weather|none
|upkeep
|turn|6
|
|t:|1659553182
|move|p1a: Ribombee|Quiver Dance|p1a: Ribombee
|-boost|p1a: Ribombee|spa|1
|-boost|p1a: Ribombee|spd|1
|-boost|p1a: Ribombee|spe|1
|move|p2a: Abomasnow|Rock Slide|p1a: Ribombee
|-supereffective|p1a: Ribombee
|-damage|p1a: Ribombee|29/100
|
|upkeep
|turn|7
|
|t:|1659553189
|move|p1a: Ribombee|Moonblast|p2a: Abomasnow
|-damage|p2a: Abomasnow|5/100
|move|p2a: Abomasnow|Rock Slide|p1a: Ribombee
|-supereffective|p1a: Ribombee
|-damage|p1a: Ribombee|0 fnt
|faint|p1a: Ribombee
|
|upkeep
|
|t:|1659553195
|switch|p1a: Togedemaru|Togedemaru, M|100/100
|turn|8
|
|t:|1659553204
|move|p2a: Abomasnow|Rock Slide|p1a: Togedemaru|[miss]
|-miss|p2a: Abomasnow|p1a: Togedemaru
|move|p1a: Togedemaru|U-turn|p2a: Abomasnow
|-supereffective|p2a: Abomasnow
|-damage|p2a: Abomasnow|0 fnt
|faint|p2a: Abomasnow
|
|t:|1659553211
|switch|p1a: Sableye|Sableye, M|100/100|[from]move: U-turn
|
|upkeep
|
|t:|1659553234
|switch|p2a: Aromatisse|Aromatisse, M|100/100
|-damage|p2a: Aromatisse|88/100|[from] Stealth Rock
|turn|9
|
|t:|1659553244
|switch|p1a: Wishiwashi|Wishiwashi, M|100/100
|-formechange|p1a: Wishiwashi|Wishiwashi-School||[from] ability: Schooling
|move|p2a: Aromatisse|Moonblast|p1a: Wishiwashi
|-damage|p1a: Wishiwashi|77/100
|-unboost|p1a: Wishiwashi|spa|1
|
|-heal|p2a: Aromatisse|94/100|[from] item: Leftovers
|-heal|p1a: Wishiwashi|83/100|[from] item: Leftovers
|upkeep
|turn|10
|
|t:|1659553249
|move|p2a: Aromatisse|Wish|p2a: Aromatisse
|move|p1a: Wishiwashi|U-turn|p2a: Aromatisse
|-resisted|p2a: Aromatisse
|-damage|p2a: Aromatisse|86/100
|
|t:|1659553254
|switch|p1a: Togedemaru|Togedemaru, M|100/100|[from]move: U-turn
|
|-heal|p2a: Aromatisse|92/100|[from] item: Leftovers
|upkeep
|turn|11
|
|t:|1659553258
|move|p2a: Aromatisse|Protect|p2a: Aromatisse
|-singleturn|p2a: Aromatisse|Protect
|move|p1a: Togedemaru|U-turn|p2a: Aromatisse
|-activate|p2a: Aromatisse|move: Protect
|
|-heal|p2a: Aromatisse|100/100|[from] move: Wish|[wisher] Aromatisse
|upkeep
|turn|12
|
|t:|1659553265
|move|p1a: Togedemaru|Iron Head|p2a: Aromatisse
|-supereffective|p2a: Aromatisse
|-damage|p2a: Aromatisse|58/100
|move|p2a: Aromatisse|Wish|p2a: Aromatisse
|
|-heal|p2a: Aromatisse|64/100|[from] item: Leftovers
|upkeep
|turn|13
|j| pkaroem
|
|t:|1659553275
|switch|p2a: Raboot|Raboot, M|100/100
|-damage|p2a: Raboot|76/100|[from] Stealth Rock
|move|p1a: Togedemaru|U-turn|p2a: Raboot
|-resisted|p2a: Raboot
|-damage|p2a: Raboot|66/100
|
|t:|1659553283
|switch|p1a: Sandslash|Sandslash, F|100/100|[from]move: U-turn
|
|-heal|p2a: Raboot|100/100|[from] move: Wish|[wisher] Aromatisse
|upkeep
|turn|14
|
|t:|1659553289
|move|p2a: Raboot|High Jump Kick|p1a: Sandslash
|-start|p2a: Raboot|typechange|Fighting|[from] ability: Libero
|-damage|p1a: Sandslash|63/100
|move|p1a: Sandslash|Earthquake|p2a: Raboot
|-damage|p2a: Raboot|60/100
|
|-heal|p1a: Sandslash|69/100|[from] item: Leftovers
|upkeep
|turn|15
|
|t:|1659553298
|move|p2a: Raboot|U-turn|p1a: Sandslash
|-start|p2a: Raboot|typechange|Bug|[from] ability: Libero
|-damage|p1a: Sandslash|50/100
|
|t:|1659553305
|switch|p2a: Gallade|Gallade, M|100/100|[from]move: U-turn
|-damage|p2a: Gallade|94/100|[from] Stealth Rock
|move|p1a: Sandslash|Earthquake|p2a: Gallade
|-damage|p2a: Gallade|33/100
|
|-heal|p1a: Sandslash|56/100|[from] item: Leftovers
|upkeep
|turn|16
|
|t:|1659553318
|switch|p1a: Sableye|Sableye, M|100/100
|move|p2a: Gallade|Leaf Blade|p1a: Sableye
|-damage|p1a: Sableye|69/100
|
|upkeep
|turn|17
|
|t:|1659553328
|switch|p2a: Silvally|Silvally-Water|60/100
|-damage|p2a: Silvally|48/100|[from] Stealth Rock
|move|p1a: Sableye|Knock Off|p2a: Silvally
|-damage|p2a: Silvally|35/100
|
|upkeep
|turn|18
|
|t:|1659553335
|move|p2a: Silvally|Defog|p1a: Sableye
|-unboost|p1a: Sableye|evasion|1
|-sideend|p2: Torntest|Stealth Rock|[from] move: Defog|[of] p2a: Silvally
|move|p1a: Sableye|Knock Off|p2a: Silvally
|-crit|p2a: Silvally
|-damage|p2a: Silvally|15/100
|
|upkeep
|turn|19
|
|t:|1659553343
|move|p1a: Sableye|Encore|p2a: Silvally
|-start|p2a: Silvally|Encore
|move|p2a: Silvally|Defog|p1a: Sableye
|-unboost|p1a: Sableye|evasion|1
|
|upkeep
|turn|20
|
|t:|1659553355
|move|p2a: Silvally|Defog|p1a: Sableye
|-unboost|p1a: Sableye|evasion|1
|move|p1a: Sableye|Knock Off|p2a: Silvally
|-damage|p2a: Silvally|2/100
|
|upkeep
|turn|21
|
|t:|1659553361
|move|p2a: Silvally|Defog|p1a: Sableye
|-unboost|p1a: Sableye|evasion|1
|move|p1a: Sableye|Knock Off|p2a: Silvally
|-damage|p2a: Silvally|0 fnt
|faint|p2a: Silvally
|
|upkeep
|
|t:|1659553368
|switch|p2a: Vanilluxe|Vanilluxe, F|100/100
|-weather|Hail|[from] ability: Snow Warning|[of] p2a: Vanilluxe
|turn|22
|j| Lord Reyne
|
|t:|1659553375
|switch|p1a: Togedemaru|Togedemaru, M|100/100
|move|p2a: Vanilluxe|Freeze-Dry|p1a: Togedemaru
|-resisted|p1a: Togedemaru
|-damage|p1a: Togedemaru|77/100
|
|-weather|Hail|[upkeep]
|-damage|p1a: Togedemaru|71/100|[from] Hail
|-heal|p1a: Togedemaru|77/100|[from] item: Leftovers
|upkeep
|turn|23
|j| pyxros
|l| pyxros
|inactive|Battle timer is ON: inactive players will automatically lose when time's up. (requested by Haffling)
|
|t:|1659553397
|move|p2a: Vanilluxe|Freeze-Dry|p1a: Togedemaru
|-resisted|p1a: Togedemaru
|-damage|p1a: Togedemaru|54/100
|move|p1a: Togedemaru|Wish|p1a: Togedemaru
|
|-weather|Hail|[upkeep]
|-damage|p1a: Togedemaru|48/100|[from] Hail
|-heal|p1a: Togedemaru|54/100|[from] item: Leftovers
|upkeep
|turn|24
|
|t:|1659553402
|switch|p2a: Raboot|Raboot, M|60/100
|move|p1a: Togedemaru|Iron Head|p2a: Raboot
|-resisted|p2a: Raboot
|-damage|p2a: Raboot|44/100
|
|-weather|Hail|[upkeep]
|-damage|p2a: Raboot|38/100|[from] Hail
|-damage|p1a: Togedemaru|48/100|[from] Hail
|-heal|p1a: Togedemaru|98/100|[from] move: Wish|[wisher] Togedemaru
|-heal|p1a: Togedemaru|100/100|[from] item: Leftovers
|upkeep
|turn|25
|
|t:|1659553410
|move|p1a: Togedemaru|Spiky Shield|p1a: Togedemaru
|-singleturn|p1a: Togedemaru|move: Protect
|move|p2a: Raboot|Blaze Kick|p1a: Togedemaru
|-activate|p1a: Togedemaru|move: Protect
|-damage|p2a: Raboot|26/100|[from] Spiky Shield|[of] p1a: Togedemaru
|
|-weather|Hail|[upkeep]
|-damage|p2a: Raboot|20/100|[from] Hail
|-damage|p1a: Togedemaru|95/100|[from] Hail
|-heal|p1a: Togedemaru|100/100|[from] item: Leftovers
|upkeep
|turn|26
|
|t:|1659553419
|switch|p1a: Sandslash|Sandslash, F|56/100
|move|p2a: Raboot|High Jump Kick|p1a: Sandslash
|-start|p2a: Raboot|typechange|Fighting|[from] ability: Libero
|-damage|p1a: Sandslash|18/100
|
|-weather|none
|-heal|p1a: Sandslash|24/100|[from] item: Leftovers
|upkeep
|turn|27
|
|t:|1659553430
|move|p2a: Raboot|Blaze Kick|p1a: Sandslash
|-start|p2a: Raboot|typechange|Fire|[from] ability: Libero
|-damage|p1a: Sandslash|0 fnt
|faint|p1a: Sandslash
|
|upkeep
|
|t:|1659553435
|switch|p1a: Sableye|Sableye, M|69/100
|turn|28
|
|t:|1659553441
|move|p1a: Sableye|Encore|p2a: Raboot
|-start|p2a: Raboot|Encore
|move|p2a: Raboot|Blaze Kick|p1a: Sableye
|-damage|p1a: Sableye|37/100
|
|upkeep
|turn|29
|
|t:|1659553446
|move|p1a: Sableye|Recover|p1a: Sableye
|-heal|p1a: Sableye|88/100
|move|p2a: Raboot|Blaze Kick|p1a: Sableye
|-damage|p1a: Sableye|55/100
|
|upkeep
|turn|30
|
|t:|1659553452
|switch|p2a: Aromatisse|Aromatisse, M|64/100
|move|p1a: Sableye|Knock Off|p2a: Aromatisse
|-resisted|p2a: Aromatisse
|-damage|p2a: Aromatisse|54/100
|-enditem|p2a: Aromatisse|Leftovers|[from] move: Knock Off|[of] p1a: Sableye
|
|upkeep
|turn|31
|
|t:|1659553460
|switch|p1a: Togedemaru|Togedemaru, M|100/100
|move|p2a: Aromatisse|Wish|p2a: Aromatisse
|
|upkeep
|turn|32
|
|t:|1659553472
|move|p2a: Aromatisse|Protect|p2a: Aromatisse
|-singleturn|p2a: Aromatisse|Protect
|move|p1a: Togedemaru|Iron Head|p2a: Aromatisse
|-activate|p2a: Aromatisse|move: Protect
|
|-heal|p2a: Aromatisse|100/100|[from] move: Wish|[wisher] Aromatisse
|upkeep
|turn|33
|
|t:|1659553475
|move|p1a: Togedemaru|Iron Head|p2a: Aromatisse
|-supereffective|p2a: Aromatisse
|-damage|p2a: Aromatisse|61/100
|move|p2a: Aromatisse|Wish|p2a: Aromatisse
|
|upkeep
|turn|34
|
|t:|1659553491
|move|p1a: Togedemaru|Iron Head|p2a: Aromatisse
|-supereffective|p2a: Aromatisse
|-damage|p2a: Aromatisse|19/100
|move|p2a: Aromatisse|Moonblast|p1a: Togedemaru
|-resisted|p1a: Togedemaru
|-damage|p1a: Togedemaru|87/100
|-unboost|p1a: Togedemaru|spa|1
|
|-heal|p2a: Aromatisse|69/100|[from] move: Wish|[wisher] Aromatisse
|-heal|p1a: Togedemaru|93/100|[from] item: Leftovers
|upkeep
|turn|35
|
|t:|1659553495
|move|p2a: Aromatisse|Protect|p2a: Aromatisse
|-singleturn|p2a: Aromatisse|Protect
|move|p1a: Togedemaru|Iron Head|p2a: Aromatisse
|-activate|p2a: Aromatisse|move: Protect
|
|-heal|p1a: Togedemaru|99/100|[from] item: Leftovers
|upkeep
|turn|36
|
|t:|1659553500
|move|p1a: Togedemaru|Iron Head|p2a: Aromatisse
|-supereffective|p2a: Aromatisse
|-damage|p2a: Aromatisse|29/100
|move|p2a: Aromatisse|Wish|p2a: Aromatisse
|
|-heal|p1a: Togedemaru|100/100|[from] item: Leftovers
|upkeep
|turn|37
|
|t:|1659553504
|move|p2a: Aromatisse|Protect|p2a: Aromatisse
|-singleturn|p2a: Aromatisse|Protect
|move|p1a: Togedemaru|Iron Head|p2a: Aromatisse
|-activate|p2a: Aromatisse|move: Protect
|
|-heal|p2a: Aromatisse|79/100|[from] move: Wish|[wisher] Aromatisse
|upkeep
|turn|38
|
|t:|1659553507
|move|p1a: Togedemaru|Iron Head|p2a: Aromatisse
|-supereffective|p2a: Aromatisse
|-damage|p2a: Aromatisse|37/100
|move|p2a: Aromatisse|Wish|p2a: Aromatisse
|
|upkeep
|turn|39
|c|☆Haffling|my luck
|
|t:|1659553516
|move|p2a: Aromatisse|Protect|p2a: Aromatisse
|-singleturn|p2a: Aromatisse|Protect
|move|p1a: Togedemaru|Iron Head|p2a: Aromatisse
|-activate|p2a: Aromatisse|move: Protect
|
|-heal|p2a: Aromatisse|87/100|[from] move: Wish|[wisher] Aromatisse
|upkeep
|turn|40
|
|t:|1659553523
|move|p1a: Togedemaru|Iron Head|p2a: Aromatisse
|-supereffective|p2a: Aromatisse
|-damage|p2a: Aromatisse|49/100
|move|p2a: Aromatisse|Wish|p2a: Aromatisse
|
|upkeep
|turn|41
|
|t:|1659553529
|move|p2a: Aromatisse|Protect|p2a: Aromatisse
|-singleturn|p2a: Aromatisse|Protect
|move|p1a: Togedemaru|Iron Head|p2a: Aromatisse
|-activate|p2a: Aromatisse|move: Protect
|
|-heal|p2a: Aromatisse|99/100|[from] move: Wish|[wisher] Aromatisse
|upkeep
|turn|42
|c|☆Torntest|Sorry
|c|☆Torntest|You should have it at least once lol
|
|t:|1659553555
|move|p1a: Togedemaru|Iron Head|p2a: Aromatisse
|-supereffective|p2a: Aromatisse
|-damage|p2a: Aromatisse|56/100
|move|p2a: Aromatisse|Wish|p2a: Aromatisse
|
|upkeep
|turn|43
|c|☆Haffling|youd think
|inactive|Torntest has 120 seconds left.
|
|t:|1659553573
|move|p2a: Aromatisse|Protect|p2a: Aromatisse
|-singleturn|p2a: Aromatisse|Protect
|move|p1a: Togedemaru|Iron Head|p2a: Aromatisse
|-activate|p2a: Aromatisse|move: Protect
|
|-heal|p2a: Aromatisse|100/100|[from] move: Wish|[wisher] Aromatisse
|upkeep
|turn|44
|
|t:|1659553582
|move|p1a: Togedemaru|Iron Head|p2a: Aromatisse
|-supereffective|p2a: Aromatisse
|-damage|p2a: Aromatisse|57/100
|cant|p2a: Aromatisse|flinch
|
|upkeep
|turn|45
|l| Lord Reyne
|
|t:|1659553587
|move|p2a: Aromatisse|Protect|p2a: Aromatisse
|-singleturn|p2a: Aromatisse|Protect
|move|p1a: Togedemaru|Iron Head|p2a: Aromatisse
|-activate|p2a: Aromatisse|move: Protect
|
|upkeep
|turn|46
|
|t:|1659553591
|move|p1a: Togedemaru|Iron Head|p2a: Aromatisse
|-supereffective|p2a: Aromatisse
|-damage|p2a: Aromatisse|16/100
|cant|p2a: Aromatisse|flinch
|
|upkeep
|turn|47
|c|☆Haffling|yay
|c|☆Torntest|There it is
|
|t:|1659553599
|move|p2a: Aromatisse|Protect|p2a: Aromatisse
|-singleturn|p2a: Aromatisse|Protect
|move|p1a: Togedemaru|Iron Head|p2a: Aromatisse
|-activate|p2a: Aromatisse|move: Protect
|
|upkeep
|turn|48
|
|t:|1659553601
|move|p2a: Aromatisse|Protect|p2a: Aromatisse
|-singleturn|p2a: Aromatisse|Protect
|move|p1a: Togedemaru|Iron Head|p2a: Aromatisse
|-activate|p2a: Aromatisse|move: Protect
|
|upkeep
|turn|49
|c|☆Haffling|lame
|
|t:|1659553607
|move|p2a: Aromatisse|Protect||[still]
|-fail|p2a: Aromatisse
|move|p1a: Togedemaru|Iron Head|p2a: Aromatisse
|-supereffective|p2a: Aromatisse
|-damage|p2a: Aromatisse|0 fnt
|faint|p2a: Aromatisse
|
|upkeep
|c| pkaroem|why didn't you wish and then switch to raboot?
|c|☆Torntest|I wouldnt live
|c|☆Haffling|bc im spaming iron head
|
|t:|1659553632
|switch|p2a: Gallade|Gallade, M|33/100
|turn|50
|c| pkaroem|i saw it did 16% tho? low roll?
|
|t:|1659553651
|move|p1a: Togedemaru|Spiky Shield|p1a: Togedemaru
|-singleturn|p1a: Togedemaru|move: Protect
|move|p2a: Gallade|Close Combat|p1a: Togedemaru
|-activate|p1a: Togedemaru|move: Protect
|-damage|p2a: Gallade|20/100|[from] Spiky Shield|[of] p1a: Togedemaru
|
|upkeep
|turn|51
|inactive|Haffling has 120 seconds left.
|
|t:|1659553682
|switch|p2a: Vanilluxe|Vanilluxe, F|100/100
|-weather|Hail|[from] ability: Snow Warning|[of] p2a: Vanilluxe
|switch|p1a: Sableye|Sableye, M|55/100
|
|-weather|Hail|[upkeep]
|-damage|p1a: Sableye|49/100|[from] Hail
|upkeep
|turn|52
|
|t:|1659553691
|switch|p1a: Togedemaru|Togedemaru, M|100/100
|move|p2a: Vanilluxe|Blizzard|p1a: Togedemaru
|-resisted|p1a: Togedemaru
|-damage|p1a: Togedemaru|65/100
|-status|p1a: Togedemaru|frz
|
|-weather|Hail|[upkeep]
|-damage|p1a: Togedemaru|59/100 frz|[from] Hail
|-heal|p1a: Togedemaru|65/100 frz|[from] item: Leftovers
|upkeep
|turn|53
|c|☆Haffling|oc
|c|☆Torntest|Wow
|
|t:|1659553698
|move|p2a: Vanilluxe|Blizzard|p1a: Togedemaru
|-resisted|p1a: Togedemaru
|-damage|p1a: Togedemaru|29/100 frz
|-curestatus|p1a: Togedemaru|frz|[msg]
|move|p1a: Togedemaru|Wish|p1a: Togedemaru
|
|-weather|Hail|[upkeep]
|-damage|p1a: Togedemaru|23/100|[from] Hail
|-heal|p1a: Togedemaru|29/100|[from] item: Leftovers
|upkeep
|turn|54
|c|☆Haffling|ooo
|
|t:|1659553721
|switch|p2a: Gallade|Gallade, M|20/100
|move|p1a: Togedemaru|Spiky Shield||[still]
|-fail|p1a: Togedemaru
|
|-weather|Hail|[upkeep]
|-damage|p2a: Gallade|14/100|[from] Hail
|-damage|p1a: Togedemaru|23/100|[from] Hail
|-heal|p1a: Togedemaru|73/100|[from] move: Wish|[wisher] Togedemaru
|-heal|p1a: Togedemaru|79/100|[from] item: Leftovers
|upkeep
|turn|55
|
|t:|1659553728
|move|p1a: Togedemaru|Spiky Shield|p1a: Togedemaru
|-singleturn|p1a: Togedemaru|move: Protect
|move|p2a: Gallade|Close Combat|p1a: Togedemaru
|-activate|p1a: Togedemaru|move: Protect
|-damage|p2a: Gallade|2/100|[from] Spiky Shield|[of] p1a: Togedemaru
|
|-weather|none
|-heal|p1a: Togedemaru|85/100|[from] item: Leftovers
|upkeep
|turn|56
|
|t:|1659553731
|switch|p1a: Sableye|Sableye, M|49/100
|move|p2a: Gallade|Close Combat|p1a: Sableye
|-immune|p1a: Sableye
|
|upkeep
|turn|57
|
|t:|1659553741
|switch|p2a: Raboot|Raboot, M|20/100
|move|p1a: Sableye|Knock Off|p2a: Raboot
|-damage|p2a: Raboot|0 fnt
|-enditem|p2a: Raboot|Eviolite|[from] move: Knock Off|[of] p1a: Sableye
|faint|p2a: Raboot
|
|upkeep
|c|☆Torntest|Gg
|c|☆Haffling|gg
|
|t:|1659553752
|switch|p2a: Vanilluxe|Vanilluxe, F|100/100
|-weather|Hail|[from] ability: Snow Warning|[of] p2a: Vanilluxe
|turn|58
|
|t:|1659553767
|switch|p1a: Wishiwashi|Wishiwashi, M|83/100
|-formechange|p1a: Wishiwashi|Wishiwashi-School||[from] ability: Schooling
|move|p2a: Vanilluxe|Blizzard|p1a: Wishiwashi
|-resisted|p1a: Wishiwashi
|-damage|p1a: Wishiwashi|55/100
|
|-weather|Hail|[upkeep]
|-damage|p1a: Wishiwashi|48/100|[from] Hail
|-heal|p1a: Wishiwashi|55/100|[from] item: Leftovers
|upkeep
|turn|59
|
|t:|1659553772
|move|p2a: Vanilluxe|Blizzard|p1a: Wishiwashi
|-resisted|p1a: Wishiwashi
|-damage|p1a: Wishiwashi|24/100
|-status|p1a: Wishiwashi|frz
|cant|p1a: Wishiwashi|frz
|
|-weather|Hail|[upkeep]
|-damage|p1a: Wishiwashi|18/100 frz|[from] Hail
|-heal|p1a: Wishiwashi|24/100 frz|[from] item: Leftovers
|-formechange|p1a: Wishiwashi|Wishiwashi||[from] ability: Schooling
|upkeep
|turn|60
|c|☆Torntest|STOP
|c|☆Haffling|i mean
|c|☆Haffling|this is p normal for me tbh
|
|t:|1659553793
|move|p2a: Vanilluxe|Blizzard|p1a: Wishiwashi
|-resisted|p1a: Wishiwashi
|-damage|p1a: Wishiwashi|0 fnt
|faint|p1a: Wishiwashi
|
|-weather|Hail|[upkeep]
|upkeep
|
|t:|1659553795
|switch|p1a: Togedemaru|Togedemaru, M|85/100
|turn|61
|
|t:|1659553799
|move|p2a: Vanilluxe|Blizzard|p1a: Togedemaru
|-resisted|p1a: Togedemaru
|-damage|p1a: Togedemaru|48/100
|move|p1a: Togedemaru|Iron Head|p2a: Vanilluxe
|-supereffective|p2a: Vanilluxe
|-damage|p2a: Vanilluxe|23/100
|
|-weather|Hail|[upkeep]
|-damage|p1a: Togedemaru|42/100|[from] Hail
|-heal|p1a: Togedemaru|48/100|[from] item: Leftovers
|upkeep
|turn|62
|
|t:|1659553810
|move|p1a: Togedemaru|Spiky Shield|p1a: Togedemaru
|-singleturn|p1a: Togedemaru|move: Protect
|move|p2a: Vanilluxe|Blizzard|p1a: Togedemaru
|-activate|p1a: Togedemaru|move: Protect
|
|-weather|none
|-heal|p1a: Togedemaru|54/100|[from] item: Leftovers
|upkeep
|turn|63
|
|t:|1659553815
|move|p2a: Vanilluxe|Blizzard|p1a: Togedemaru
|-resisted|p1a: Togedemaru
|-damage|p1a: Togedemaru|15/100
|move|p1a: Togedemaru|Wish|p1a: Togedemaru
|
|-heal|p1a: Togedemaru|21/100|[from] item: Leftovers
|upkeep
|turn|64
|l| pkaroem
|
|t:|1659553825
|-activate|p2a: Vanilluxe|move: Struggle
|move|p2a: Vanilluxe|Struggle|p1a: Togedemaru
|-damage|p1a: Togedemaru|9/100
|-damage|p2a: Vanilluxe|0 fnt|[from] recoil
|faint|p2a: Vanilluxe
|move|p1a: Togedemaru|Iron Head|p2: Vanilluxe|[notarget]
|-fail|p1a: Togedemaru
|
|-heal|p1a: Togedemaru|59/100|[from] move: Wish|[wisher] Togedemaru
|-heal|p1a: Togedemaru|65/100|[from] item: Leftovers
|upkeep
|
|t:|1659553832
|switch|p2a: Gallade|Gallade, M|2/100
|turn|65
|
|t:|1659553841
|move|p1a: Togedemaru|Spiky Shield|p1a: Togedemaru
|-singleturn|p1a: Togedemaru|move: Protect
|move|p2a: Gallade|Zen Headbutt|p1a: Togedemaru
|-activate|p1a: Togedemaru|move: Protect
|-damage|p2a: Gallade|0 fnt|[from] Spiky Shield|[of] p1a: Togedemaru
|faint|p2a: Gallade
|
|win|Haffling
|n|☆Haffling|haffling
|n|☆Torntest|torntest
|n| iluvslugs|iluvslugs
|n| magnebro|magnebro
|n| Kython|kython
