|raw|<div class="broadcast-blue"><strong>This battle is required to be public due to a player having a name starting with 'pult4t2'.</div>
|j|☆Gilgamesh wannabe
|j|☆PULT4T2 Carminable
|t:|1661361389
|gametype|singles
|player|p1|Gilgamesh wannabe|li|1269
|player|p2|PULT4T2 Carminable|firebreather|1522
|teamsize|p1|6
|teamsize|p2|6
|gen|8
|tier|[Gen 8] PU
|rated|
|rule|Sleep Clause Mod: Limit one foe put to sleep
|rule|Species Clause: Limit one of each Pokémon
|rule|OHKO Clause: OHKO moves are banned
|rule|Evasion Items Clause: Evasion items are banned
|rule|Evasion Moves Clause: Evasion moves are banned
|rule|Endless Battle Clause: Forcing endless battles is banned
|rule|HP Percentage Mod: HP is shown in percentages
|rule|Dynamax Clause: You cannot dynamax
|clearpoke
|poke|p1|Sandaconda, M|
|poke|p1|Aggron, M|
|poke|p1|Gallade, M|
|poke|p1|Jynx, F|
|poke|p1|Charizard, F|
|poke|p1|Wishiwashi, F|
|poke|p2|Golduck, M|
|poke|p2|Kangaskhan, F|
|poke|p2|Aromatisse, F|
|poke|p2|Doublade, F|
|poke|p2|Gigalith, F|
|poke|p2|Charizard, M|
|teampreview
|inactive|Battle timer is ON: inactive players will automatically lose when time's up. (requested by PULT4T2 Carminable)
|inactive|Gilgamesh wannabe also wants the timer to be on.
|inactive|Gilgamesh wannabe has 120 seconds left.
|inactive|PULT4T2 Carminable has 120 seconds left.
|j| PULT4T2 Redemption
|j| mange tes tartines
|inactive|PULT4T2 Carminable has 90 seconds left.
|
|t:|1661361453
|start
|switch|p1a: Aggron|Aggron, M|100/100
|switch|p2a: Kangaskhan|Kangaskhan, F|100/100
|turn|1
|
|t:|1661361458
|move|p1a: Aggron|Protect|p1a: Aggron
|-singleturn|p1a: Aggron|Protect
|move|p2a: Kangaskhan|Earthquake|p1a: Aggron
|-activate|p1a: Aggron|move: Protect
|
|upkeep
|turn|2
|
|t:|1661361461
|switch|p1a: Wishiwashi|Wishiwashi, F|100/100
|-formechange|p1a: Wishiwashi|Wishiwashi-School||[from] ability: Schooling
|move|p2a: Kangaskhan|Earthquake|p1a: Wishiwashi
|-damage|p1a: Wishiwashi|79/100
|
|-heal|p1a: Wishiwashi|86/100|[from] item: Leftovers
|upkeep
|turn|3
|
|t:|1661361466
|move|p2a: Kangaskhan|Double-Edge|p1a: Wishiwashi
|-damage|p1a: Wishiwashi|39/100
|-damage|p2a: Kangaskhan|88/100|[from] Recoil
|move|p1a: Wishiwashi|Scald|p2a: Kangaskhan
|-damage|p2a: Kangaskhan|45/100
|
|-heal|p1a: Wishiwashi|45/100|[from] item: Leftovers
|upkeep
|turn|4
|
|t:|1661361478
|switch|p1a: Sandaconda|Sandaconda, M|100/100
|move|p2a: Kangaskhan|Double-Edge|p1a: Sandaconda
|-damage|p1a: Sandaconda|57/100
|-damage|p2a: Kangaskhan|30/100|[from] Recoil
|
|-heal|p1a: Sandaconda|63/100|[from] item: Leftovers
|upkeep
|turn|5
|
|t:|1661361484
|switch|p2a: Golduck|Golduck, M|100/100
|-ability|p2a: Golduck|Cloud Nine
|move|p1a: Sandaconda|Earthquake|p2a: Golduck
|-damage|p2a: Golduck|52/100
|
|-heal|p1a: Sandaconda|69/100|[from] item: Leftovers
|upkeep
|turn|6
|
|t:|1661361501
|switch|p1a: Gallade|Gallade, M, shiny|100/100
|move|p2a: Golduck|Surf|p1a: Gallade
|-damage|p1a: Gallade|37/100
|
|upkeep
|turn|7
|
|t:|1661361510
|switch|p2a: Aromatisse|Aromatisse, F|100/100
|move|p1a: Gallade|Knock Off|p2a: Aromatisse
|-resisted|p2a: Aromatisse
|-damage|p2a: Aromatisse|86/100
|-enditem|p2a: Aromatisse|Leftovers|[from] move: Knock Off|[of] p1a: Gallade
|
|upkeep
|turn|8
|
|t:|1661361515
|switch|p1a: Aggron|Aggron, M|100/100
|move|p2a: Aromatisse|Wish|p2a: Aromatisse
|
|upkeep
|turn|9
|
|t:|1661361527
|switch|p2a: Doublade|Doublade, F|100/100
|move|p1a: Aggron|Head Smash|p2a: Doublade
|-resisted|p2a: Doublade
|-damage|p2a: Doublade|84/100
|
|-heal|p2a: Doublade|100/100|[from] move: Wish|[wisher] Aromatisse
|upkeep
|turn|10
|
|t:|1661361532
|move|p1a: Aggron|Earthquake|p2a: Doublade
|-supereffective|p2a: Doublade
|-damage|p2a: Doublade|72/100
|move|p2a: Doublade|Swords Dance|p2a: Doublade
|-boost|p2a: Doublade|atk|2
|
|upkeep
|turn|11
|
|t:|1661361538
|move|p1a: Aggron|Earthquake|p2a: Doublade
|-supereffective|p2a: Doublade
|-damage|p2a: Doublade|43/100
|move|p2a: Doublade|Close Combat|p1a: Aggron
|-supereffective|p1a: Aggron
|-damage|p1a: Aggron|0 fnt
|-unboost|p2a: Doublade|def|1
|-unboost|p2a: Doublade|spd|1
|faint|p1a: Aggron
|
|upkeep
|
|t:|1661361540
|switch|p1a: Charizard|Charizard, F|100/100
|turn|12
|
|t:|1661361542
|switch|p2a: Gigalith|Gigalith, F|100/100
|-weather|Sandstorm|[from] ability: Sand Stream|[of] p2a: Gigalith
|move|p1a: Charizard|Flamethrower|p2a: Gigalith
|-resisted|p2a: Gigalith
|-damage|p2a: Gigalith|92/100
|
|-weather|Sandstorm|[upkeep]
|-damage|p1a: Charizard|94/100|[from] Sandstorm
|-heal|p2a: Gigalith|98/100|[from] item: Leftovers
|upkeep
|turn|13
|
|t:|1661361546
|switch|p1a: Wishiwashi|Wishiwashi, F|45/100
|-formechange|p1a: Wishiwashi|Wishiwashi-School||[from] ability: Schooling
|move|p2a: Gigalith|Stealth Rock|p1a: Wishiwashi
|-sidestart|p1: Gilgamesh wannabe|move: Stealth Rock
|
|-weather|Sandstorm|[upkeep]
|-damage|p1a: Wishiwashi|39/100|[from] Sandstorm
|-heal|p1a: Wishiwashi|45/100|[from] item: Leftovers
|-heal|p2a: Gigalith|100/100|[from] item: Leftovers
|upkeep
|turn|14
|
|t:|1661361550
|move|p2a: Gigalith|Protect|p2a: Gigalith
|-singleturn|p2a: Gigalith|Protect
|move|p1a: Wishiwashi|Scald|p2a: Gigalith
|-activate|p2a: Gigalith|move: Protect
|
|-weather|Sandstorm|[upkeep]
|-damage|p1a: Wishiwashi|39/100|[from] Sandstorm
|-heal|p1a: Wishiwashi|45/100|[from] item: Leftovers
|upkeep
|turn|15
|
|t:|1661361554
|switch|p2a: Aromatisse|Aromatisse, F|86/100
|move|p1a: Wishiwashi|Scald|p2a: Aromatisse
|-damage|p2a: Aromatisse|50/100
|
|-weather|Sandstorm|[upkeep]
|-damage|p1a: Wishiwashi|39/100|[from] Sandstorm
|-damage|p2a: Aromatisse|44/100|[from] Sandstorm
|-heal|p1a: Wishiwashi|45/100|[from] item: Leftovers
|upkeep
|turn|16
|
|t:|1661361559
|move|p2a: Aromatisse|Protect|p2a: Aromatisse
|-singleturn|p2a: Aromatisse|Protect
|move|p1a: Wishiwashi|Scald|p2a: Aromatisse
|-activate|p2a: Aromatisse|move: Protect
|
|-weather|none
|-heal|p1a: Wishiwashi|52/100|[from] item: Leftovers
|upkeep
|turn|17
|
|t:|1661361561
|move|p1a: Wishiwashi|Scald|p2a: Aromatisse
|-damage|p2a: Aromatisse|8/100
|move|p2a: Aromatisse|Wish|p2a: Aromatisse
|
|-heal|p1a: Wishiwashi|58/100|[from] item: Leftovers
|upkeep
|turn|18
|
|t:|1661361570
|move|p2a: Aromatisse|Protect|p2a: Aromatisse
|-singleturn|p2a: Aromatisse|Protect
|move|p1a: Wishiwashi|Scald|p2a: Aromatisse
|-activate|p2a: Aromatisse|move: Protect
|
|-heal|p2a: Aromatisse|58/100|[from] move: Wish|[wisher] Aromatisse
|-heal|p1a: Wishiwashi|64/100|[from] item: Leftovers
|upkeep
|turn|19
|
|t:|1661361573
|move|p1a: Wishiwashi|Scald|p2a: Aromatisse
|-damage|p2a: Aromatisse|26/100
|-status|p2a: Aromatisse|brn
|move|p2a: Aromatisse|Wish|p2a: Aromatisse
|
|-heal|p1a: Wishiwashi|70/100|[from] item: Leftovers
|-damage|p2a: Aromatisse|19/100 brn|[from] brn
|upkeep
|turn|20
|
|t:|1661361577
|switch|p1a: Jynx|Jynx, F|100/100
|-damage|p1a: Jynx|76/100|[from] Stealth Rock
|move|p2a: Aromatisse|Protect||[still]
|-fail|p2a: Aromatisse
|
|-heal|p2a: Aromatisse|69/100 brn|[from] move: Wish|[wisher] Aromatisse
|-damage|p2a: Aromatisse|63/100 brn|[from] brn
|upkeep
|turn|21
|
|t:|1661361588
|switch|p2a: Gigalith|Gigalith, F|100/100
|-weather|Sandstorm|[from] ability: Sand Stream|[of] p2a: Gigalith
|move|p1a: Jynx|Psyshock|p2a: Gigalith
|-damage|p2a: Gigalith|60/100
|
|-weather|Sandstorm|[upkeep]
|-damage|p1a: Jynx|70/100|[from] Sandstorm
|-heal|p2a: Gigalith|67/100|[from] item: Leftovers
|upkeep
|turn|22
|
|t:|1661361593
|switch|p1a: Sandaconda|Sandaconda, M|69/100
|-damage|p1a: Sandaconda|63/100|[from] Stealth Rock
|move|p2a: Gigalith|Rock Blast|p1a: Sandaconda
|-resisted|p1a: Sandaconda
|-damage|p1a: Sandaconda|60/100
|-resisted|p1a: Sandaconda
|-damage|p1a: Sandaconda|56/100
|-resisted|p1a: Sandaconda
|-damage|p1a: Sandaconda|53/100
|-resisted|p1a: Sandaconda
|-damage|p1a: Sandaconda|49/100
|-hitcount|p1a: Sandaconda|4
|
|-weather|Sandstorm|[upkeep]
|-heal|p1a: Sandaconda|55/100|[from] item: Leftovers
|-heal|p2a: Gigalith|73/100|[from] item: Leftovers
|upkeep
|turn|23
|
|t:|1661361603
|switch|p2a: Charizard|Charizard, M|100/100
|move|p1a: Sandaconda|Earthquake|p2a: Charizard
|-immune|p2a: Charizard
|
|-weather|Sandstorm|[upkeep]
|-damage|p2a: Charizard|94/100|[from] Sandstorm
|-heal|p1a: Sandaconda|61/100|[from] item: Leftovers
|upkeep
|turn|24
|
|t:|1661361607
|move|p2a: Charizard|Flamethrower|p1a: Sandaconda
|-damage|p1a: Sandaconda|21/100
|move|p1a: Sandaconda|Stone Edge|p2a: Charizard
|-supereffective|p2a: Charizard
|-damage|p2a: Charizard|0 fnt
|faint|p2a: Charizard
|
|-weather|Sandstorm|[upkeep]
|-heal|p1a: Sandaconda|27/100|[from] item: Leftovers
|upkeep
|
|t:|1661361612
|switch|p2a: Golduck|Golduck, M|52/100
|-ability|p2a: Golduck|Cloud Nine
|turn|25
|
|t:|1661361618
|switch|p1a: Jynx|Jynx, F|70/100
|-damage|p1a: Jynx|45/100|[from] Stealth Rock
|move|p2a: Golduck|Surf|p1a: Jynx
|-heal|p1a: Jynx|70/100|[from] ability: Dry Skin|[of] p2a: Golduck
|
|-weather|none
|upkeep
|turn|26
|
|t:|1661361627
|switch|p2a: Gigalith|Gigalith, F|73/100
|-weather|Sandstorm|[from] ability: Sand Stream|[of] p2a: Gigalith
|move|p1a: Jynx|Trick|p2a: Gigalith
|-activate|p1a: Jynx|move: Trick|[of] p2a: Gigalith
|-item|p2a: Gigalith|Choice Specs|[from] move: Trick
|-item|p1a: Jynx|Leftovers|[from] move: Trick
|
|-weather|Sandstorm|[upkeep]
|-damage|p1a: Jynx|64/100|[from] Sandstorm
|-heal|p1a: Jynx|70/100|[from] item: Leftovers
|upkeep
|turn|27
|
|t:|1661361640
|switch|p1a: Sandaconda|Sandaconda, M|27/100
|-damage|p1a: Sandaconda|21/100|[from] Stealth Rock
|move|p2a: Gigalith|Rock Blast|p1a: Sandaconda|[miss]
|-miss|p2a: Gigalith|p1a: Sandaconda
|
|-weather|Sandstorm|[upkeep]
|-heal|p1a: Sandaconda|27/100|[from] item: Leftovers
|upkeep
|turn|28
|
|t:|1661361647
|switch|p2a: Golduck|Golduck, M|52/100
|-ability|p2a: Golduck|Cloud Nine
|move|p1a: Sandaconda|Earthquake|p2a: Golduck
|-damage|p2a: Golduck|4/100
|
|-weather|Sandstorm|[upkeep]
|-heal|p1a: Sandaconda|33/100|[from] item: Leftovers
|upkeep
|turn|29
|
|t:|1661361661
|switch|p1a: Charizard|Charizard, F|94/100
|move|p2a: Golduck|Psychic|p1a: Charizard
|-damage|p1a: Charizard|52/100
|
|-weather|Sandstorm|[upkeep]
|upkeep
|turn|30
|
|t:|1661361673
|move|p1a: Charizard|Flamethrower|p2a: Golduck
|-resisted|p2a: Golduck
|-damage|p2a: Golduck|0 fnt
|faint|p2a: Golduck
|
|-weather|none
|upkeep
|
|t:|1661361678
|switch|p2a: Gigalith|Gigalith, F|73/100
|-weather|Sandstorm|[from] ability: Sand Stream|[of] p2a: Gigalith
|turn|31
|
|t:|1661361684
|switch|p1a: Wishiwashi|Wishiwashi, F|70/100
|-damage|p1a: Wishiwashi|58/100|[from] Stealth Rock
|-formechange|p1a: Wishiwashi|Wishiwashi-School||[from] ability: Schooling
|move|p2a: Gigalith|Earthquake|p1a: Wishiwashi
|-damage|p1a: Wishiwashi|36/100
|
|-weather|Sandstorm|[upkeep]
|-damage|p1a: Wishiwashi|30/100|[from] Sandstorm
|-heal|p1a: Wishiwashi|36/100|[from] item: Leftovers
|upkeep
|turn|32
|
|t:|1661361695
|switch|p2a: Aromatisse|Aromatisse, F|63/100 brn
|move|p1a: Wishiwashi|Scald|p2a: Aromatisse
|-damage|p2a: Aromatisse|27/100 brn
|
|-weather|Sandstorm|[upkeep]
|-damage|p1a: Wishiwashi|30/100|[from] Sandstorm
|-damage|p2a: Aromatisse|21/100 brn|[from] Sandstorm
|-heal|p1a: Wishiwashi|36/100|[from] item: Leftovers
|-damage|p2a: Aromatisse|15/100 brn|[from] brn
|upkeep
|turn|33
|
|t:|1661361700
|move|p1a: Wishiwashi|Scald|p2a: Aromatisse
|-damage|p2a: Aromatisse|0 fnt
|faint|p2a: Aromatisse
|
|-weather|Sandstorm|[upkeep]
|-damage|p1a: Wishiwashi|30/100|[from] Sandstorm
|-heal|p1a: Wishiwashi|36/100|[from] item: Leftovers
|upkeep
|
|t:|1661361702
|switch|p2a: Kangaskhan|Kangaskhan, F|30/100
|turn|34
|
|t:|1661361710
|move|p2a: Kangaskhan|Double-Edge|p1a: Wishiwashi
|-damage|p1a: Wishiwashi|0 fnt
|faint|p1a: Wishiwashi
|-damage|p2a: Kangaskhan|21/100|[from] Recoil
|
|-weather|Sandstorm|[upkeep]
|-damage|p2a: Kangaskhan|15/100|[from] Sandstorm
|upkeep
|
|t:|1661361717
|switch|p1a: Gallade|Gallade, M, shiny|37/100
|-damage|p1a: Gallade|30/100|[from] Stealth Rock
|turn|35
|
|t:|1661361732
|switch|p2a: Gigalith|Gigalith, F|73/100
|move|p1a: Gallade|Leaf Blade|p2a: Gigalith
|-supereffective|p2a: Gigalith
|-damage|p2a: Gigalith|20/100
|
|-weather|none
|upkeep
|turn|36
|
|t:|1661361750
|switch|p1a: Sandaconda|Sandaconda, M|33/100
|-damage|p1a: Sandaconda|27/100|[from] Stealth Rock
|move|p2a: Gigalith|Earthquake|p1a: Sandaconda
|-damage|p1a: Sandaconda|8/100
|
|-heal|p1a: Sandaconda|14/100|[from] item: Leftovers
|upkeep
|turn|37
|
|t:|1661361754
|move|p1a: Sandaconda|Rest|p1a: Sandaconda
|-status|p1a: Sandaconda|slp|[from] move: Rest
|-heal|p1a: Sandaconda|100/100 slp|[silent]
|move|p2a: Gigalith|Earthquake|p1a: Sandaconda
|-damage|p1a: Sandaconda|83/100 slp
|
|-heal|p1a: Sandaconda|89/100 slp|[from] item: Leftovers
|upkeep
|turn|38
|
|t:|1661361756
|switch|p2a: Kangaskhan|Kangaskhan, F|15/100
|cant|p1a: Sandaconda|slp
|
|-activate|p1a: Sandaconda|ability: Shed Skin
|-curestatus|p1a: Sandaconda|slp|[msg]
|-heal|p1a: Sandaconda|95/100|[from] item: Leftovers
|upkeep
|turn|39
|
|t:|1661361762
|move|p2a: Kangaskhan|Fake Out|p1a: Sandaconda
|-damage|p1a: Sandaconda|79/100
|cant|p1a: Sandaconda|flinch
|
|-heal|p1a: Sandaconda|85/100|[from] item: Leftovers
|upkeep
|turn|40
|
|t:|1661361766
|move|p2a: Kangaskhan|Double-Edge|p1a: Sandaconda
|-damage|p1a: Sandaconda|42/100
|-damage|p2a: Kangaskhan|0 fnt|[from] Recoil
|faint|p2a: Kangaskhan
|move|p1a: Sandaconda|Earthquake|p2: Kangaskhan|[notarget]
|-fail|p1a: Sandaconda
|
|-heal|p1a: Sandaconda|48/100|[from] item: Leftovers
|upkeep
|
|t:|1661361768
|switch|p2a: Doublade|Doublade, F|43/100
|turn|41
|
|t:|1661361773
|move|p1a: Sandaconda|Earthquake|p2a: Doublade
|-supereffective|p2a: Doublade
|-damage|p2a: Doublade|6/100
|move|p2a: Doublade|Swords Dance|p2a: Doublade
|-boost|p2a: Doublade|atk|2
|
|-heal|p1a: Sandaconda|54/100|[from] item: Leftovers
|upkeep
|turn|42
|
|t:|1661361775
|move|p2a: Doublade|Shadow Sneak|p1a: Sandaconda
|-damage|p1a: Sandaconda|29/100
|move|p1a: Sandaconda|Earthquake|p2a: Doublade
|-supereffective|p2a: Doublade
|-damage|p2a: Doublade|0 fnt
|faint|p2a: Doublade
|
|-heal|p1a: Sandaconda|35/100|[from] item: Leftovers
|upkeep
|
|t:|1661361777
|switch|p2a: Gigalith|Gigalith, F|20/100
|-weather|Sandstorm|[from] ability: Sand Stream|[of] p2a: Gigalith
|turn|43
|c|☆Gilgamesh wannabe|gg
|
|t:|1661361781
|move|p1a: Sandaconda|Earthquake|p2a: Gigalith
|-supereffective|p2a: Gigalith
|-damage|p2a: Gigalith|0 fnt
|faint|p2a: Gigalith
|
|win|Gilgamesh wannabe
|raw|Gilgamesh wannabe's rating: 1269 &rarr; <strong>1310</strong><br />(+41 for winning)
|raw|PULT4T2 Carminable's rating: 1522 &rarr; <strong>1490</strong><br />(-32 for losing)
|c|☆PULT4T2 Carminable|gg
|l|☆PULT4T2 Carminable
|l| mange tes tartines
