|html|<div class="broadcast-blue"><strong>[Gen 8] PU is currently suspecting Virizion! For information on how to participate check out the <a href="https://www.smogon.com/forums/threads/np-pu-stage-4-and-justice-for-all-virizion-suspect-test.3676543/">suspect thread</a>.</strong></div>
|j|☆WellnessD
|j|☆VSTWalidxAlex
|t:|1610957497
|player|p1|WellnessD|lenora|1434
|player|p2|VSTWalidxAlex|acetrainer-gen4dp|1523
|teamsize|p1|6
|teamsize|p2|6
|gametype|singles
|gen|8
|tier|[Gen 8] PU
|rated|
|clearpoke
|poke|p1|Scrafty, M|
|poke|p1|Ribombee, F|
|poke|p1|Cofagrigus, F|
|poke|p1|Ferroseed, F|
|poke|p1|Silvally-*|
|poke|p1|Audino, M|
|poke|p2|Whimsicott, M|
|poke|p2|Toxicroak, M|
|poke|p2|Regirock|
|poke|p2|Froslass, F|
|poke|p2|Silvally-*|
|poke|p2|Lanturn, M|
|rule|Sleep Clause Mod: Limit one foe put to sleep
|rule|Species Clause: Limit one of each Pokémon
|rule|OHKO Clause: OHKO moves are banned
|rule|Evasion Moves Clause: Evasion moves are banned
|rule|Endless Battle Clause: Forcing endless battles is banned
|rule|HP Percentage Mod: HP is shown in percentages
|rule|Dynamax Clause: You cannot dynamax
|teampreview
|inactive|Battle timer is ON: inactive players will automatically lose when time's up. (requested by VSTWalidxAlex)
|inactive|VSTWalidxAlex has 120 seconds left.
|j| Horodro
|c| Horodro|encore oit
|inactive|VSTWalidxAlex has 90 seconds left.
|j| Drafeu-kun
|
|t:|1610957623
|start
|switch|p1a: Audino|Audino, M|100/100
|switch|p2a: Lanturn|Lanturn, M|100/100
|turn|1
|
|t:|1610957630
|move|p2a: Lanturn|Volt Switch|p1a: Audino
|-damage|p1a: Audino|88/100
|
|t:|1610957638
|switch|p2a: Silvally|Silvally-Steel|100/100|[from]move: Volt Switch
|move|p1a: Audino|Knock Off|p2a: Silvally
|-damage|p2a: Silvally|89/100
|
|-heal|p1a: Audino|94/100|[from] item: Leftovers
|upkeep
|turn|2
|
|t:|1610957646
|move|p2a: Silvally|U-turn|p1a: Audino
|-damage|p1a: Audino|76/100
|
|t:|1610957653
|switch|p2a: Froslass|Froslass, F|100/100|[from]move: U-turn
|move|p1a: Audino|Wish|p1a: Audino
|
|-heal|p1a: Audino|82/100|[from] item: Leftovers
|upkeep
|turn|3
|
|t:|1610957661
|switch|p1a: Ferroseed|Ferroseed, F|100/100
|move|p2a: Froslass|Spikes|p1a: Ferroseed
|-sidestart|p1: WellnessD|Spikes
|
|upkeep
|turn|4
|
|t:|1610957664
|switch|p2a: Lanturn|Lanturn, M|100/100
|move|p1a: Ferroseed|Stealth Rock|p2a: Lanturn
|-sidestart|p2: VSTWalidxAlex|move: Stealth Rock
|
|upkeep
|turn|5
|
|t:|1610957671
|move|p2a: Lanturn|Scald|p1a: Ferroseed
|-resisted|p1a: Ferroseed
|-damage|p1a: Ferroseed|90/100
|-status|p1a: Ferroseed|brn
|move|p1a: Ferroseed|Spikes|p2a: Lanturn
|-sidestart|p2: VSTWalidxAlex|Spikes
|
|-damage|p1a: Ferroseed|84/100 brn|[from] brn
|upkeep
|turn|6
|
|t:|1610957675
|switch|p1a: Audino|Audino, M|100/100
|-damage|p1a: Audino|88/100|[from] Spikes
|move|p2a: Lanturn|Volt Switch|p1a: Audino
|-damage|p1a: Audino|74/100
|
|t:|1610957678
|switch|p2a: Froslass|Froslass, F|100/100|[from]move: Volt Switch
|
|-heal|p1a: Audino|80/100|[from] item: Leftovers
|upkeep
|turn|7
|
|t:|1610957685
|move|p2a: Froslass|Spikes|p1a: Audino
|-sidestart|p1: WellnessD|Spikes
|move|p1a: Audino|Heal Bell|p1a: Audino
|-activate|p1a: Audino|move: Heal Bell
|-curestatus|p1: Ferroseed|brn|[msg]
|
|-heal|p1a: Audino|86/100|[from] item: Leftovers
|upkeep
|turn|8
|
|t:|1610957688
|move|p2a: Froslass|Spikes|p1a: Audino
|-sidestart|p1: WellnessD|Spikes
|move|p1a: Audino|Knock Off|p2a: Froslass
|-supereffective|p2a: Froslass
|-damage|p2a: Froslass|49/100
|-enditem|p2a: Froslass|Heavy-Duty Boots|[from] move: Knock Off|[of] p1a: Audino
|
|-heal|p1a: Audino|92/100|[from] item: Leftovers
|upkeep
|turn|9
|
|t:|1610957699
|switch|p2a: Regirock|Regirock|100/100
|-damage|p2a: Regirock|88/100|[from] Stealth Rock
|-damage|p2a: Regirock|76/100|[from] Spikes
|move|p1a: Audino|Wish|p1a: Audino
|
|-heal|p1a: Audino|99/100|[from] item: Leftovers
|-heal|p2a: Regirock|82/100|[from] item: Leftovers
|upkeep
|turn|10
|
|t:|1610957708
|switch|p1a: Ferroseed|Ferroseed, F|84/100
|-damage|p1a: Ferroseed|59/100|[from] Spikes
|move|p2a: Regirock|Stealth Rock|p1a: Ferroseed
|-sidestart|p1: WellnessD|move: Stealth Rock
|
|-heal|p1a: Ferroseed|100/100|[from] move: Wish|[wisher] Audino
|-heal|p2a: Regirock|88/100|[from] item: Leftovers
|upkeep
|turn|11
|
|t:|1610957713
|switch|p2a: Lanturn|Lanturn, M|100/100
|-damage|p2a: Lanturn|88/100|[from] Stealth Rock
|-damage|p2a: Lanturn|76/100|[from] Spikes
|move|p1a: Ferroseed|Spikes|p2a: Lanturn
|-sidestart|p2: VSTWalidxAlex|Spikes
|
|-heal|p2a: Lanturn|82/100|[from] item: Leftovers
|upkeep
|turn|12
|j|+Emeri ✿
|
|t:|1610957718
|move|p2a: Lanturn|Scald|p1a: Ferroseed
|-resisted|p1a: Ferroseed
|-damage|p1a: Ferroseed|91/100
|move|p1a: Ferroseed|Spikes|p2a: Lanturn
|-sidestart|p2: VSTWalidxAlex|Spikes
|
|-heal|p2a: Lanturn|88/100|[from] item: Leftovers
|upkeep
|turn|13
|
|t:|1610957725
|move|p2a: Lanturn|Scald|p1a: Ferroseed
|-resisted|p1a: Ferroseed
|-damage|p1a: Ferroseed|80/100
|move|p1a: Ferroseed|Leech Seed|p2a: Lanturn
|-start|p2a: Lanturn|move: Leech Seed
|
|-heal|p2a: Lanturn|94/100|[from] item: Leftovers
|-damage|p2a: Lanturn|82/100|[from] Leech Seed|[of] p1a: Ferroseed
|-heal|p1a: Ferroseed|97/100|[silent]
|upkeep
|turn|14
|
|t:|1610957729
|move|p2a: Lanturn|Scald|p1a: Ferroseed
|-resisted|p1a: Ferroseed
|-damage|p1a: Ferroseed|86/100
|move|p1a: Ferroseed|Gyro Ball|p2a: Lanturn
|-resisted|p2a: Lanturn
|-damage|p2a: Lanturn|74/100
|
|-heal|p2a: Lanturn|80/100|[from] item: Leftovers
|-damage|p2a: Lanturn|67/100|[from] Leech Seed|[of] p1a: Ferroseed
|-heal|p1a: Ferroseed|100/100|[silent]
|upkeep
|turn|15
|
|t:|1610957736
|move|p2a: Lanturn|Scald|p1a: Ferroseed
|-resisted|p1a: Ferroseed
|-damage|p1a: Ferroseed|90/100
|move|p1a: Ferroseed|Gyro Ball|p2a: Lanturn
|-resisted|p2a: Lanturn
|-damage|p2a: Lanturn|60/100
|
|-heal|p2a: Lanturn|66/100|[from] item: Leftovers
|-damage|p2a: Lanturn|54/100|[from] Leech Seed|[of] p1a: Ferroseed
|-heal|p1a: Ferroseed|100/100|[silent]
|upkeep
|turn|16
|
|t:|1610957745
|move|p2a: Lanturn|Volt Switch|p1a: Ferroseed
|-resisted|p1a: Ferroseed
|-damage|p1a: Ferroseed|91/100
|
|t:|1610957749
|switch|p2a: Silvally|Silvally-Steel|89/100|[from]move: Volt Switch
|-damage|p2a: Silvally|65/100|[from] Spikes
|-damage|p2a: Silvally|59/100|[from] Stealth Rock
|move|p1a: Ferroseed|Gyro Ball|p2a: Silvally
|-resisted|p2a: Silvally
|-damage|p2a: Silvally|39/100
|
|upkeep
|turn|17
|
|t:|1610957758
|switch|p1a: Audino|Audino, M|100/100
|-damage|p1a: Audino|76/100|[from] Spikes
|-damage|p1a: Audino|63/100|[from] Stealth Rock
|move|p2a: Silvally|U-turn|p1a: Audino
|-damage|p1a: Audino|44/100
|
|t:|1610957767
|switch|p2a: Toxicroak|Toxicroak, M|100/100|[from]move: U-turn
|-damage|p2a: Toxicroak|76/100|[from] Spikes
|-damage|p2a: Toxicroak|70/100|[from] Stealth Rock
|
|-heal|p1a: Audino|50/100|[from] item: Leftovers
|upkeep
|turn|18
|
|t:|1610957776
|switch|p1a: Cofagrigus|Cofagrigus, F|100/100
|-damage|p1a: Cofagrigus|76/100|[from] Spikes
|-damage|p1a: Cofagrigus|64/100|[from] Stealth Rock
|move|p2a: Toxicroak|Gunk Shot|p1a: Cofagrigus|[miss]
|-miss|p2a: Toxicroak|p1a: Cofagrigus
|
|upkeep
|turn|19
|
|t:|1610957786
|switch|p2a: Whimsicott|Whimsicott, M|100/100
|move|p1a: Cofagrigus|Shadow Ball|p2a: Whimsicott
|-damage|p2a: Whimsicott|53/100
|
|upkeep
|turn|20
|
|t:|1610957792
|move|p2a: Whimsicott|Giga Drain|p1a: Cofagrigus
|-damage|p1a: Cofagrigus|34/100
|-heal|p2a: Whimsicott|71/100|[from] drain|[of] p1a: Cofagrigus
|move|p1a: Cofagrigus|Rest|p1a: Cofagrigus
|-status|p1a: Cofagrigus|slp|[from] move: Rest
|-enditem|p1a: Cofagrigus|Lum Berry|[eat]
|-curestatus|p1a: Cofagrigus|slp|[msg]
|-heal|p1a: Cofagrigus|100/100|[silent]
|
|upkeep
|turn|21
|
|t:|1610957800
|switch|p1a: Audino|Audino, M|83/100
|-damage|p1a: Audino|71/100|[from] Stealth Rock
|-damage|p1a: Audino|46/100|[from] Spikes
|move|p2a: Whimsicott|Encore||[still]
|-fail|p2a: Whimsicott
|
|-heal|p1a: Audino|52/100|[from] item: Leftovers
|upkeep
|turn|22
|j| 07l中国大妈
|inactive|VSTWalidxAlex has 120 seconds left.
|
|t:|1610957832
|move|p2a: Whimsicott|Moonblast|p1a: Audino
|-damage|p1a: Audino|28/100
|-unboost|p1a: Audino|spa|1
|move|p1a: Audino|Wish|p1a: Audino
|
|-heal|p1a: Audino|34/100|[from] item: Leftovers
|upkeep
|turn|23
|
|t:|1610957840
|move|p2a: Whimsicott|Giga Drain|p1a: Audino
|-damage|p1a: Audino|15/100
|-heal|p2a: Whimsicott|86/100|[from] drain|[of] p1a: Audino
|move|p1a: Audino|Knock Off|p2a: Whimsicott
|-resisted|p2a: Whimsicott
|-damage|p2a: Whimsicott|74/100
|-enditem|p2a: Whimsicott|Heavy-Duty Boots|[from] move: Knock Off|[of] p1a: Audino
|
|-heal|p1a: Audino|65/100|[from] move: Wish|[wisher] Audino
|-heal|p1a: Audino|71/100|[from] item: Leftovers
|upkeep
|turn|24
|
|t:|1610957858
|switch|p1a: Ferroseed|Ferroseed, F|91/100
|-damage|p1a: Ferroseed|85/100|[from] Stealth Rock
|-damage|p1a: Ferroseed|60/100|[from] Spikes
|move|p2a: Whimsicott|Encore||[still]
|-fail|p2a: Whimsicott
|
|upkeep
|turn|25
|
|t:|1610957868
|move|p2a: Whimsicott|U-turn|p1a: Ferroseed
|-damage|p1a: Ferroseed|53/100
|-damage|p2a: Whimsicott|62/100|[from] ability: Iron Barbs|[of] p1a: Ferroseed
|
|t:|1610957874
|switch|p2a: Silvally|Silvally-Steel|39/100|[from]move: U-turn
|-damage|p2a: Silvally|14/100|[from] Spikes
|-damage|p2a: Silvally|8/100|[from] Stealth Rock
|move|p1a: Ferroseed|Gyro Ball|p2a: Silvally
|-resisted|p2a: Silvally
|-damage|p2a: Silvally|0 fnt
|faint|p2a: Silvally
|
|upkeep
|
|t:|1610957882
|switch|p2a: Toxicroak|Toxicroak, M|70/100
|-damage|p2a: Toxicroak|63/100|[from] Stealth Rock
|-damage|p2a: Toxicroak|39/100|[from] Spikes
|turn|26
|
|t:|1610957897
|move|p2a: Toxicroak|Drain Punch|p1a: Ferroseed
|-supereffective|p1a: Ferroseed
|-damage|p1a: Ferroseed|0 fnt
|-heal|p2a: Toxicroak|64/100|[from] drain|[of] p1a: Ferroseed
|-damage|p2a: Toxicroak|51/100|[from] ability: Iron Barbs|[of] p1a: Ferroseed
|-damage|p2a: Toxicroak|42/100|[from] item: Life Orb
|faint|p1a: Ferroseed
|
|upkeep
|
|t:|1610957902
|switch|p1a: Ribombee|Ribombee, F|100/100
|turn|27
|
|t:|1610957907
|switch|p2a: Regirock|Regirock|88/100
|-damage|p2a: Regirock|63/100|[from] Spikes
|-damage|p2a: Regirock|51/100|[from] Stealth Rock
|move|p1a: Ribombee|Psychic|p2a: Regirock
|-damage|p2a: Regirock|26/100
|
|-heal|p2a: Regirock|32/100|[from] item: Leftovers
|upkeep
|turn|28
|
|t:|1610957915
|move|p1a: Ribombee|Energy Ball|p2a: Regirock
|-supereffective|p2a: Regirock
|-damage|p2a: Regirock|0 fnt
|faint|p2a: Regirock
|
|upkeep
|
|t:|1610957921
|switch|p2a: Lanturn|Lanturn, M|54/100
|-damage|p2a: Lanturn|29/100|[from] Spikes
|-damage|p2a: Lanturn|16/100|[from] Stealth Rock
|turn|29
|
|t:|1610957925
|move|p2a: Lanturn|Protect|p2a: Lanturn
|-singleturn|p2a: Lanturn|Protect
|move|p1a: Ribombee|Energy Ball|p2a: Lanturn
|-activate|p2a: Lanturn|move: Protect
|
|-heal|p2a: Lanturn|23/100|[from] item: Leftovers
|upkeep
|turn|30
|
|t:|1610957929
|move|p2a: Lanturn|Protect|p2a: Lanturn
|-singleturn|p2a: Lanturn|Protect
|move|p1a: Ribombee|Energy Ball|p2a: Lanturn
|-activate|p2a: Lanturn|move: Protect
|
|-heal|p2a: Lanturn|29/100|[from] item: Leftovers
|upkeep
|turn|31
|
|t:|1610957932
|move|p1a: Ribombee|Energy Ball|p2a: Lanturn
|-supereffective|p2a: Lanturn
|-damage|p2a: Lanturn|0 fnt
|faint|p2a: Lanturn
|
|upkeep
|
|t:|1610957936
|switch|p2a: Whimsicott|Whimsicott, M|62/100
|-damage|p2a: Whimsicott|50/100|[from] Stealth Rock
|-damage|p2a: Whimsicott|25/100|[from] Spikes
|turn|32
|
|t:|1610957954
|switch|p1a: Audino|Audino, M|100/100
|-damage|p1a: Audino|88/100|[from] Stealth Rock
|-damage|p1a: Audino|63/100|[from] Spikes
|move|p2a: Whimsicott|Encore||[still]
|-fail|p2a: Whimsicott
|
|-heal|p1a: Audino|69/100|[from] item: Leftovers
|upkeep
|turn|33
|
|t:|1610957963
|move|p2a: Whimsicott|Giga Drain|p1a: Audino
|-damage|p1a: Audino|50/100
|-heal|p2a: Whimsicott|41/100|[from] drain|[of] p1a: Audino
|move|p1a: Audino|Toxic|p2a: Whimsicott
|-status|p2a: Whimsicott|tox
|
|-heal|p1a: Audino|56/100|[from] item: Leftovers
|-damage|p2a: Whimsicott|35/100 tox|[from] psn
|upkeep
|turn|34
|
|t:|1610957974
|switch|p1a: Silvally|Silvally-Fairy|100/100
|-damage|p1a: Silvally|88/100|[from] Stealth Rock
|-damage|p1a: Silvally|63/100|[from] Spikes
|move|p2a: Whimsicott|Encore||[still]
|-fail|p2a: Whimsicott
|
|-damage|p2a: Whimsicott|22/100 tox|[from] psn
|upkeep
|turn|35
|
|t:|1610957980
|move|p2a: Whimsicott|Giga Drain|p1a: Silvally
|-damage|p1a: Silvally|35/100
|-heal|p2a: Whimsicott|44/100 tox|[from] drain|[of] p1a: Silvally
|move|p1a: Silvally|Parting Shot|p2a: Whimsicott
|-unboost|p2a: Whimsicott|atk|1
|-unboost|p2a: Whimsicott|spa|1
|
|t:|1610957991
|switch|p1a: Audino|Audino, M|89/100|[from]move: Parting Shot
|-damage|p1a: Audino|76/100|[from] Stealth Rock
|-damage|p1a: Audino|51/100|[from] Spikes
|
|-heal|p1a: Audino|58/100|[from] item: Leftovers
|-damage|p2a: Whimsicott|25/100 tox|[from] psn
|upkeep
|turn|36
|
|t:|1610957996
|move|p2a: Whimsicott|Giga Drain|p1a: Audino
|-damage|p1a: Audino|45/100
|-heal|p2a: Whimsicott|35/100 tox|[from] drain|[of] p1a: Audino
|move|p1a: Audino|Wish|p1a: Audino
|
|-heal|p1a: Audino|51/100|[from] item: Leftovers
|-damage|p2a: Whimsicott|11/100 tox|[from] psn
|upkeep
|turn|37
|
|t:|1610958004
|move|p2a: Whimsicott|Encore|p1a: Audino
|-start|p1a: Audino|Encore
|move|p1a: Audino|Wish||[still]
|-fail|p1a: Audino
|
|-heal|p1a: Audino|100/100|[from] move: Wish|[wisher] Audino
|-damage|p2a: Whimsicott|0 fnt|[from] psn
|faint|p2a: Whimsicott
|upkeep
|
|t:|1610958007
|switch|p2a: Toxicroak|Toxicroak, M|42/100
|-damage|p2a: Toxicroak|17/100|[from] Spikes
|-damage|p2a: Toxicroak|11/100|[from] Stealth Rock
|turn|38
|
|t:|1610958012
|switch|p1a: Cofagrigus|Cofagrigus, F|100/100
|-damage|p1a: Cofagrigus|88/100|[from] Stealth Rock
|-damage|p1a: Cofagrigus|64/100|[from] Spikes
|move|p2a: Toxicroak|Swords Dance|p2a: Toxicroak
|-boost|p2a: Toxicroak|atk|2
|
|upkeep
|turn|39
|
|t:|1610958019
|move|p2a: Toxicroak|Sucker Punch|p1a: Cofagrigus
|-supereffective|p1a: Cofagrigus
|-damage|p1a: Cofagrigus|0 fnt
|-activate|p1a: Cofagrigus|ability: Mummy|Dry Skin|[of] p2a: Toxicroak
|-damage|p2a: Toxicroak|1/100|[from] item: Life Orb
|faint|p1a: Cofagrigus
|
|upkeep
|
|t:|1610958024
|switch|p1a: Ribombee|Ribombee, F|100/100
|turn|40
|
|t:|1610958028
|move|p2a: Toxicroak|Sucker Punch|p1a: Ribombee
|-resisted|p1a: Ribombee
|-damage|p1a: Ribombee|43/100
|-damage|p2a: Toxicroak|0 fnt|[from] item: Life Orb
|faint|p2a: Toxicroak
|move|p1a: Ribombee|Psychic|p2: Toxicroak|[notarget]
|-fail|p1a: Ribombee
|
|upkeep
|
|t:|1610958030
|switch|p2a: Froslass|Froslass, F|49/100
|-damage|p2a: Froslass|24/100|[from] Spikes
|-damage|p2a: Froslass|0 fnt|[from] Stealth Rock
|faint|p2a: Froslass
|
|win|WellnessD
|raw|WellnessD's rating: 1434 &rarr; <strong>1459</strong><br />(+25 for winning)
|raw|VSTWalidxAlex's rating: 1523 &rarr; <strong>1498</strong><br />(-25 for losing)
|l|☆VSTWalidxAlex
|l| Drafeu-kun
