|j|☆sugar ovens
|j|☆Roonie217
|t:|1632613889
|gametype|singles
|player|p1|sugar ovens|265|
|player|p2|Roonie217|flannery|
|teamsize|p1|6
|teamsize|p2|6
|gen|8
|tier|[Gen 8] PU
|rated|Tournament battle
|rule|Sleep Clause Mod: Limit one foe put to sleep
|rule|Species Clause: Limit one of each Pokémon
|rule|OHKO Clause: OHKO moves are banned
|rule|Evasion Moves Clause: Evasion moves are banned
|rule|Endless Battle Clause: Forcing endless battles is banned
|rule|HP Percentage Mod: HP is shown in percentages
|rule|Dynamax Clause: You cannot dynamax
|clearpoke
|poke|p1|Thwackey, M|
|poke|p1|Uxie|
|poke|p1|Swoobat, F|
|poke|p1|Mawile, M|
|poke|p1|Hattrem, F|
|poke|p1|Lycanroc, F|
|poke|p2|Uxie|
|poke|p2|Cofagrigus, F|
|poke|p2|Thwackey, F|
|poke|p2|Charizard, F|
|poke|p2|Togedemaru, F|
|poke|p2|Hitmonlee, M|
|teampreview
|c|☆Roonie217|gl hf
|c|☆sugar ovens|u2
|
|t:|1632613908
|start
|switch|p1a: Swoobat|Swoobat, F|100/100
|switch|p2a: Thwackey|Thwackey, F|100/100
|-fieldstart|move: Grassy Terrain|[from] ability: Grassy Surge|[of] p2a: Thwackey
|-enditem|p1a: Swoobat|Grassy Seed
|-boost|p1a: Swoobat|def|2|[from] item: Grassy Seed
|turn|1
|j|+Oathkeepre
|
|t:|1632613918
|move|p1a: Swoobat|Calm Mind|p1a: Swoobat
|-boost|p1a: Swoobat|spa|2
|-boost|p1a: Swoobat|spd|2
|move|p2a: Thwackey|U-turn|p1a: Swoobat
|-damage|p1a: Swoobat|77/100
|-damage|p2a: Thwackey|91/100|[from] item: Life Orb
|
|t:|1632613921
|switch|p2a: Togedemaru|Togedemaru, F|100/100|[from]move: U-turn
|
|upkeep
|turn|2
|
|t:|1632613931
|move|p1a: Swoobat|Roost|p1a: Swoobat
|-heal|p1a: Swoobat|100/100
|-singleturn|p1a: Swoobat|move: Roost
|move|p2a: Togedemaru|Toxic|p1a: Swoobat
|-status|p1a: Swoobat|tox
|
|-damage|p1a: Swoobat|94/100 tox|[from] psn
|upkeep
|turn|3
|
|t:|1632613939
|move|p1a: Swoobat|Calm Mind|p1a: Swoobat
|-boost|p1a: Swoobat|spa|2
|-boost|p1a: Swoobat|spd|2
|move|p2a: Togedemaru|Iron Head|p1a: Swoobat
|-damage|p1a: Swoobat|69/100 tox
|
|-damage|p1a: Swoobat|57/100 tox|[from] psn
|upkeep
|turn|4
|
|t:|1632613944
|move|p1a: Swoobat|Calm Mind|p1a: Swoobat
|-boost|p1a: Swoobat|spa|2
|-boost|p1a: Swoobat|spd|2
|move|p2a: Togedemaru|Wish|p2a: Togedemaru
|
|-damage|p1a: Swoobat|38/100 tox|[from] psn
|upkeep
|turn|5
|
|t:|1632613951
|switch|p2a: Uxie|Uxie|100/100
|move|p1a: Swoobat|Roost|p1a: Swoobat
|-heal|p1a: Swoobat|88/100 tox
|-singleturn|p1a: Swoobat|move: Roost
|
|-heal|p1a: Swoobat|94/100 tox|[from] Grassy Terrain
|-damage|p1a: Swoobat|70/100 tox|[from] psn
|-fieldend|move: Grassy Terrain
|upkeep
|turn|6
|
|t:|1632613958
|move|p1a: Swoobat|Stored Power|p2a: Uxie
|-resisted|p2a: Uxie
|-damage|p2a: Uxie|0 fnt
|faint|p2a: Uxie
|
|-damage|p1a: Swoobat|40/100 tox|[from] psn
|upkeep
|
|t:|1632613966
|switch|p2a: Thwackey|Thwackey, F|91/100
|-fieldstart|move: Grassy Terrain|[from] ability: Grassy Surge|[of] p2a: Thwackey
|turn|7
|
|t:|1632613971
|switch|p2a: Togedemaru|Togedemaru, F|100/100
|move|p1a: Swoobat|Stored Power|p2a: Togedemaru
|-resisted|p2a: Togedemaru
|-damage|p2a: Togedemaru|0 fnt
|faint|p2a: Togedemaru
|
|-damage|p1a: Swoobat|3/100 tox|[from] psn
|upkeep
|
|t:|1632613973
|switch|p2a: Hitmonlee|Hitmonlee, M|100/100
|-enditem|p2a: Hitmonlee|Grassy Seed
|-boost|p2a: Hitmonlee|def|1|[from] item: Grassy Seed
|turn|8
|
|t:|1632613997
|move|p2a: Hitmonlee|Knock Off|p1a: Swoobat
|-supereffective|p1a: Swoobat
|-damage|p1a: Swoobat|0 fnt
|faint|p1a: Swoobat
|
|upkeep
|
|t:|1632614005
|switch|p1a: Hattrem|Hattrem, F|100/100
|turn|9
|
|t:|1632614012
|move|p2a: Hitmonlee|Bulk Up|p2a: Hitmonlee
|-boost|p2a: Hitmonlee|atk|1
|-boost|p2a: Hitmonlee|def|1
|move|p1a: Hattrem|Nuzzle|p2a: Hitmonlee
|-crit|p2a: Hitmonlee
|-damage|p2a: Hitmonlee|93/100
|-status|p2a: Hitmonlee|par
|
|-heal|p2a: Hitmonlee|99/100 par|[from] Grassy Terrain
|upkeep
|turn|10
|
|t:|1632614029
|move|p2a: Hitmonlee|Knock Off|p1a: Hattrem
|-supereffective|p1a: Hattrem
|-damage|p1a: Hattrem|29/100
|-enditem|p1a: Hattrem|Eviolite|[from] move: Knock Off|[of] p2a: Hitmonlee
|move|p1a: Hattrem|Psychic|p2a: Hitmonlee
|-supereffective|p2a: Hitmonlee
|-damage|p2a: Hitmonlee|26/100 par
|
|-heal|p2a: Hitmonlee|32/100 par|[from] Grassy Terrain
|-heal|p1a: Hattrem|35/100|[from] Grassy Terrain
|upkeep
|turn|11
|
|t:|1632614047
|cant|p2a: Hitmonlee|par
|move|p1a: Hattrem|Psychic|p2a: Hitmonlee
|-supereffective|p2a: Hitmonlee
|-damage|p2a: Hitmonlee|0 fnt
|faint|p2a: Hitmonlee
|
|-heal|p1a: Hattrem|41/100|[from] Grassy Terrain
|-fieldend|move: Grassy Terrain
|upkeep
|
|t:|1632614056
|switch|p2a: Thwackey|Thwackey, F|91/100
|-fieldstart|move: Grassy Terrain|[from] ability: Grassy Surge|[of] p2a: Thwackey
|turn|12
|
|t:|1632614062
|move|p2a: Thwackey|U-turn|p1a: Hattrem
|-supereffective|p1a: Hattrem
|-damage|p1a: Hattrem|0 fnt
|faint|p1a: Hattrem
|-damage|p2a: Thwackey|81/100|[from] item: Life Orb
|j|%asa
|
|t:|1632614081
|switch|p2a: Cofagrigus|Cofagrigus, F|100/100|[from]move: U-turn
|-enditem|p2a: Cofagrigus|Grassy Seed
|-boost|p2a: Cofagrigus|def|1|[from] item: Grassy Seed
|
|upkeep
|
|t:|1632614092
|switch|p1a: Uxie|Uxie|100/100
|-enditem|p1a: Uxie|Grassy Seed
|-boost|p1a: Uxie|def|1|[from] item: Grassy Seed
|turn|13
|
|t:|1632614113
|move|p1a: Uxie|Calm Mind|p1a: Uxie
|-boost|p1a: Uxie|spa|1
|-boost|p1a: Uxie|spd|1
|move|p2a: Cofagrigus|Calm Mind|p2a: Cofagrigus
|-boost|p2a: Cofagrigus|spa|1
|-boost|p2a: Cofagrigus|spd|1
|
|upkeep
|turn|14
|
|t:|1632614117
|move|p1a: Uxie|Calm Mind|p1a: Uxie
|-boost|p1a: Uxie|spa|1
|-boost|p1a: Uxie|spd|1
|move|p2a: Cofagrigus|Calm Mind|p2a: Cofagrigus
|-boost|p2a: Cofagrigus|spa|1
|-boost|p2a: Cofagrigus|spd|1
|
|upkeep
|turn|15
|
|t:|1632614121
|move|p1a: Uxie|Calm Mind|p1a: Uxie
|-boost|p1a: Uxie|spa|1
|-boost|p1a: Uxie|spd|1
|move|p2a: Cofagrigus|Calm Mind|p2a: Cofagrigus
|-boost|p2a: Cofagrigus|spa|1
|-boost|p2a: Cofagrigus|spd|1
|
|upkeep
|turn|16
|
|t:|1632614124
|move|p1a: Uxie|Calm Mind|p1a: Uxie
|-boost|p1a: Uxie|spa|1
|-boost|p1a: Uxie|spd|1
|move|p2a: Cofagrigus|Calm Mind|p2a: Cofagrigus
|-boost|p2a: Cofagrigus|spa|1
|-boost|p2a: Cofagrigus|spd|1
|
|-fieldend|move: Grassy Terrain
|upkeep
|turn|17
|
|t:|1632614127
|move|p1a: Uxie|Calm Mind|p1a: Uxie
|-boost|p1a: Uxie|spa|1
|-boost|p1a: Uxie|spd|1
|move|p2a: Cofagrigus|Shadow Ball|p1a: Uxie
|-supereffective|p1a: Uxie
|-damage|p1a: Uxie|67/100
|
|upkeep
|turn|18
|
|t:|1632614132
|move|p1a: Uxie|Stored Power|p2a: Cofagrigus
|-damage|p2a: Cofagrigus|20/100
|move|p2a: Cofagrigus|Shadow Ball|p1a: Uxie
|-supereffective|p1a: Uxie
|-damage|p1a: Uxie|33/100
|
|upkeep
|turn|19
|
|t:|1632614137
|move|p1a: Uxie|Stored Power|p2a: Cofagrigus
|-damage|p2a: Cofagrigus|0 fnt
|faint|p2a: Cofagrigus
|
|upkeep
|
|t:|1632614140
|switch|p2a: Thwackey|Thwackey, F|81/100
|-fieldstart|move: Grassy Terrain|[from] ability: Grassy Surge|[of] p2a: Thwackey
|turn|20
|
|t:|1632614143
|move|p2a: Thwackey|U-turn|p1a: Uxie
|-supereffective|p1a: Uxie
|-damage|p1a: Uxie|15/100
|-damage|p2a: Thwackey|71/100|[from] item: Life Orb
|c|☆Roonie217|gg
|-message|Roonie217 forfeited.
|
|win|sugar ovens
|n|☆sugar ovens|sugarovens
|n|☆Roonie217|roonie217
|n|+Oathkeepre|oathkeepre
|n|+asa|asa
