|html|<div class="broadcast-blue"><strong>[Gen 8] PU is currently suspecting Virizion! For information on how to participate check out the <a href="https://www.smogon.com/forums/threads/np-pu-stage-4-and-justice-for-all-virizion-suspect-test.3676543/">suspect thread</a>.</strong></div>
|j|☆Auzt
|j|☆Nicogatari ao
|t:|1612108330
|player|p1|Auzt|lucas|1398
|player|p2|Nicogatari ao|unknown|1183
|teamsize|p1|6
|teamsize|p2|6
|gametype|singles
|gen|8
|tier|[Gen 8] PU
|rated|
|clearpoke
|poke|p1|Passimian, M|
|poke|p1|Gallade, M|
|poke|p1|Magneton|
|poke|p1|Vaporeon, M|
|poke|p1|Claydol|
|poke|p1|Weezing, M|
|poke|p2|Dubwool, M|
|poke|p2|Vaporeon, M|
|poke|p2|Lanturn, F|
|poke|p2|Scyther, M|
|poke|p2|Mesprit|
|poke|p2|Whimsicott, M|
|rule|Sleep Clause Mod: Limit one foe put to sleep
|rule|Species Clause: Limit one of each Pokémon
|rule|OHKO Clause: OHKO moves are banned
|rule|Evasion Moves Clause: Evasion moves are banned
|rule|Endless Battle Clause: Forcing endless battles is banned
|rule|HP Percentage Mod: HP is shown in percentages
|rule|Dynamax Clause: You cannot dynamax
|teampreview
|
|t:|1612108340
|start
|switch|p1a: Passimian|Passimian, M|100/100
|switch|p2a: Mesprit|Mesprit|100/100
|turn|1
|
|t:|1612108348
|move|p1a: Passimian|U-turn|p2a: Mesprit
|-supereffective|p2a: Mesprit
|-damage|p2a: Mesprit|55/100
|
|t:|1612108352
|switch|p1a: Gallade|Gallade, M|100/100|[from]move: U-turn
|move|p2a: Mesprit|Stealth Rock|p1a: Gallade
|-sidestart|p1: Auzt|move: Stealth Rock
|
|-heal|p2a: Mesprit|61/100|[from] item: Leftovers
|upkeep
|turn|2
|
|t:|1612108371
|switch|p2a: Whimsicott|Whimsicott, M|100/100
|move|p1a: Gallade|Knock Off|p2a: Whimsicott
|-resisted|p2a: Whimsicott
|-damage|p2a: Whimsicott|85/100
|-enditem|p2a: Whimsicott|Leftovers|[from] move: Knock Off|[of] p1a: Gallade
|
|upkeep
|turn|3
|
|t:|1612108377
|move|p2a: Whimsicott|Encore|p1a: Gallade
|-start|p1a: Gallade|Encore
|move|p1a: Gallade|Knock Off|p2a: Whimsicott
|-resisted|p2a: Whimsicott
|-crit|p2a: Whimsicott
|-damage|p2a: Whimsicott|67/100
|
|upkeep
|turn|4
|
|t:|1612108383
|switch|p1a: Weezing|Weezing, M|100/100
|-damage|p1a: Weezing|88/100|[from] Stealth Rock
|move|p2a: Whimsicott|Leech Seed|p1a: Weezing
|-start|p1a: Weezing|move: Leech Seed
|
|-damage|p1a: Weezing|76/100|[from] Leech Seed|[of] p2a: Whimsicott
|-heal|p2a: Whimsicott|80/100|[silent]
|upkeep
|turn|5
|
|t:|1612108403
|switch|p2a: Mesprit|Mesprit|61/100
|move|p1a: Weezing|Toxic Spikes|p2a: Mesprit
|-sidestart|p2: Nicogatari ao|move: Toxic Spikes
|
|-heal|p2a: Mesprit|68/100|[from] item: Leftovers
|-damage|p1a: Weezing|64/100|[from] Leech Seed|[of] p2a: Mesprit
|-heal|p2a: Mesprit|79/100|[silent]
|upkeep
|turn|6
|
|t:|1612108414
|switch|p1a: Passimian|Passimian, M|100/100
|-damage|p1a: Passimian|94/100|[from] Stealth Rock
|move|p2a: Mesprit|U-turn|p1a: Passimian
|-resisted|p1a: Passimian
|-crit|p1a: Passimian
|-damage|p1a: Passimian|82/100
|
|t:|1612108437
|switch|p2a: Scyther|Scyther, M|100/100|[from]move: U-turn
|
|upkeep
|turn|7
|inactive|Battle timer is ON: inactive players will automatically lose when time's up. (requested by Auzt)
|
|t:|1612108457
|switch|p1a: Weezing|Weezing, M|64/100
|-damage|p1a: Weezing|51/100|[from] Stealth Rock
|switch|p2a: Dubwool|Dubwool, M|100/100
|-status|p2a: Dubwool|psn
|
|-damage|p2a: Dubwool|88/100 psn|[from] psn
|upkeep
|turn|8
|
|t:|1612108465
|move|p2a: Dubwool|Cotton Guard|p2a: Dubwool
|-boost|p2a: Dubwool|def|3
|move|p1a: Weezing|Pain Split|p2a: Dubwool
|-sethp|p2a: Dubwool|69/100 psn|[from] move: Pain Split|[silent]
|-sethp|p1a: Weezing|72/100|[from] move: Pain Split
|
|-heal|p2a: Dubwool|75/100 psn|[from] item: Leftovers
|-damage|p2a: Dubwool|62/100 psn|[from] psn
|upkeep
|turn|9
|
|t:|1612108471
|move|p2a: Dubwool|Cotton Guard|p2a: Dubwool
|-boost|p2a: Dubwool|def|3
|move|p1a: Weezing|Flamethrower|p2a: Dubwool
|-damage|p2a: Dubwool|22/100 psn
|
|-heal|p2a: Dubwool|28/100 psn|[from] item: Leftovers
|-damage|p2a: Dubwool|16/100 psn|[from] psn
|upkeep
|turn|10
|
|t:|1612108477
|move|p2a: Dubwool|Rest|p2a: Dubwool
|-status|p2a: Dubwool|slp|[from] move: Rest
|-heal|p2a: Dubwool|100/100 slp|[silent]
|move|p1a: Weezing|Flamethrower|p2a: Dubwool
|-damage|p2a: Dubwool|65/100 slp
|
|-heal|p2a: Dubwool|71/100 slp|[from] item: Leftovers
|upkeep
|turn|11
|
|t:|1612108483
|cant|p2a: Dubwool|slp
|move|p2a: Dubwool|Sleep Talk|p2a: Dubwool
|move|p2a: Dubwool|Rest||[from]move: Sleep Talk|[still]
|-fail|p2a: Dubwool
|move|p1a: Weezing|Pain Split|p2a: Dubwool
|-sethp|p2a: Dubwool|70/100 slp|[from] move: Pain Split|[silent]
|-sethp|p1a: Weezing|73/100|[from] move: Pain Split
|
|-heal|p2a: Dubwool|76/100 slp|[from] item: Leftovers
|upkeep
|turn|12
|
|t:|1612108492
|cant|p2a: Dubwool|slp
|move|p2a: Dubwool|Sleep Talk|p2a: Dubwool
|move|p2a: Dubwool|Body Press|p1a: Weezing|[from]move: Sleep Talk
|-resisted|p1a: Weezing
|-damage|p1a: Weezing|40/100
|-damage|p2a: Dubwool|59/100 slp|[from] item: Rocky Helmet|[of] p1a: Weezing
|move|p1a: Weezing|Flamethrower|p2a: Dubwool
|-crit|p2a: Dubwool
|-damage|p2a: Dubwool|3/100 slp
|
|-heal|p2a: Dubwool|9/100 slp|[from] item: Leftovers
|upkeep
|turn|13
|
|t:|1612108506
|-curestatus|p2a: Dubwool|slp|[msg]
|move|p2a: Dubwool|Rest|p2a: Dubwool
|-status|p2a: Dubwool|slp|[from] move: Rest
|-heal|p2a: Dubwool|100/100 slp|[silent]
|move|p1a: Weezing|Pain Split|p2a: Dubwool
|-sethp|p2a: Dubwool|69/100 slp|[from] move: Pain Split|[silent]
|-sethp|p1a: Weezing|73/100|[from] move: Pain Split
|
|-heal|p2a: Dubwool|75/100 slp|[from] item: Leftovers
|upkeep
|turn|14
|
|t:|1612108515
|cant|p2a: Dubwool|slp
|move|p2a: Dubwool|Sleep Talk|p2a: Dubwool
|move|p2a: Dubwool|Rest||[from]move: Sleep Talk|[still]
|-fail|p2a: Dubwool
|move|p1a: Weezing|Flamethrower|p2a: Dubwool
|-damage|p2a: Dubwool|34/100 slp
|
|-heal|p2a: Dubwool|40/100 slp|[from] item: Leftovers
|upkeep
|turn|15
|
|t:|1612108535
|switch|p2a: Vaporeon|Vaporeon, M|100/100
|-status|p2a: Vaporeon|psn
|move|p1a: Weezing|Flamethrower|p2a: Vaporeon
|-resisted|p2a: Vaporeon
|-damage|p2a: Vaporeon|96/100 psn
|
|-heal|p2a: Vaporeon|100/100 psn|[from] item: Leftovers
|-damage|p2a: Vaporeon|88/100 psn|[from] psn
|upkeep
|turn|16
|
|t:|1612108541
|switch|p1a: Vaporeon|Vaporeon, M|100/100
|-damage|p1a: Vaporeon|88/100|[from] Stealth Rock
|move|p2a: Vaporeon|Wish|p2a: Vaporeon
|
|-heal|p2a: Vaporeon|94/100 psn|[from] item: Leftovers
|-heal|p1a: Vaporeon|94/100|[from] item: Leftovers
|-damage|p2a: Vaporeon|82/100 psn|[from] psn
|upkeep
|turn|17
|
|t:|1612108553
|switch|p2a: Scyther|Scyther, M|100/100
|move|p1a: Vaporeon|Wish|p1a: Vaporeon
|
|-heal|p1a: Vaporeon|100/100|[from] item: Leftovers
|upkeep
|turn|18
|
|t:|1612108559
|move|p2a: Scyther|Defog|p1a: Vaporeon
|-unboost|p1a: Vaporeon|evasion|1
|-sideend|p1: Auzt|Stealth Rock|[from] move: Defog|[of] p2a: Scyther
|-sideend|p2: Nicogatari ao|Toxic Spikes|[from] move: Defog|[of] p2a: Scyther
|move|p1a: Vaporeon|Scald|p2a: Scyther
|-damage|p2a: Scyther|58/100
|
|upkeep
|turn|19
|
|t:|1612108568
|switch|p2a: Vaporeon|Vaporeon, M|82/100 psn
|move|p1a: Vaporeon|Scald|p2a: Vaporeon
|-heal|p2a: Vaporeon|100/100 psn|[from] ability: Water Absorb|[of] p1a: Vaporeon
|
|-damage|p2a: Vaporeon|88/100 psn|[from] psn
|upkeep
|turn|20
|
|t:|1612108575
|switch|p1a: Magneton|Magneton|100/100
|move|p2a: Vaporeon|Wish|p2a: Vaporeon
|
|-heal|p2a: Vaporeon|94/100 psn|[from] item: Leftovers
|-damage|p2a: Vaporeon|82/100 psn|[from] psn
|upkeep
|turn|21
|
|t:|1612108585
|switch|p2a: Lanturn|Lanturn, F|100/100
|move|p1a: Magneton|Volt Switch|p2a: Lanturn
|-immune|p2a: Lanturn|[from] ability: Volt Absorb
|
|upkeep
|turn|22
|
|t:|1612108598
|switch|p1a: Gallade|Gallade, M|100/100
|move|p2a: Lanturn|Toxic|p1a: Gallade
|-status|p1a: Gallade|tox
|
|-damage|p1a: Gallade|95/100 tox|[from] psn
|upkeep
|turn|23
|
|t:|1612108608
|move|p1a: Gallade|Knock Off|p2a: Lanturn
|-damage|p2a: Lanturn|82/100
|-enditem|p2a: Lanturn|Leftovers|[from] move: Knock Off|[of] p1a: Gallade
|move|p2a: Lanturn|Heal Bell|p2a: Lanturn
|-activate|p2a: Lanturn|move: Heal Bell
|-curestatus|p2: Dubwool|slp|[msg]
|-curestatus|p2: Vaporeon|psn|[msg]
|
|-damage|p1a: Gallade|83/100 tox|[from] psn
|upkeep
|turn|24
|
|t:|1612108622
|move|p1a: Gallade|Drain Punch|p2a: Lanturn
|-damage|p2a: Lanturn|58/100
|-heal|p1a: Gallade|99/100 tox|[from] drain|[of] p2a: Lanturn
|move|p2a: Lanturn|Volt Switch|p1a: Gallade
|-damage|p1a: Gallade|90/100 tox
|
|t:|1612108630
|switch|p2a: Scyther|Scyther, M|58/100|[from]move: Volt Switch
|
|-damage|p1a: Gallade|72/100 tox|[from] psn
|upkeep
|turn|25
|
|t:|1612108638
|switch|p1a: Weezing|Weezing, M|73/100
|move|p2a: Scyther|Dual Wingbeat|p1a: Weezing
|-damage|p1a: Weezing|54/100
|-damage|p2a: Scyther|41/100|[from] item: Rocky Helmet|[of] p1a: Weezing
|-damage|p1a: Weezing|37/100
|-damage|p2a: Scyther|25/100|[from] item: Rocky Helmet|[of] p1a: Weezing
|-hitcount|p1a: Weezing|2
|
|upkeep
|turn|26
|
|t:|1612108652
|move|p2a: Scyther|Dual Wingbeat|p1a: Weezing|[miss]
|-miss|p2a: Scyther|p1a: Weezing
|move|p1a: Weezing|Toxic Spikes|p2a: Scyther
|-sidestart|p2: Nicogatari ao|move: Toxic Spikes
|
|upkeep
|turn|27
|
|t:|1612108658
|move|p2a: Scyther|Defog|p1a: Weezing
|-unboost|p1a: Weezing|evasion|1
|-sideend|p2: Nicogatari ao|Toxic Spikes|[from] move: Defog|[of] p2a: Scyther
|move|p1a: Weezing|Flamethrower|p2a: Scyther
|-supereffective|p2a: Scyther
|-damage|p2a: Scyther|0 fnt
|faint|p2a: Scyther
|
|upkeep
|
|t:|1612108667
|switch|p2a: Mesprit|Mesprit|79/100
|turn|28
|
|t:|1612108673
|switch|p1a: Claydol|Claydol|100/100
|move|p2a: Mesprit|Psychic|p1a: Claydol
|-resisted|p1a: Claydol
|-damage|p1a: Claydol|89/100
|
|-heal|p2a: Mesprit|85/100|[from] item: Leftovers
|-heal|p1a: Claydol|95/100|[from] item: Leftovers
|upkeep
|turn|29
|
|t:|1612108679
|move|p2a: Mesprit|Stealth Rock|p1a: Claydol
|-sidestart|p1: Auzt|move: Stealth Rock
|move|p1a: Claydol|Stealth Rock|p2a: Mesprit
|-sidestart|p2: Nicogatari ao|move: Stealth Rock
|
|-heal|p2a: Mesprit|91/100|[from] item: Leftovers
|-heal|p1a: Claydol|100/100|[from] item: Leftovers
|upkeep
|turn|30
|
|t:|1612108684
|move|p2a: Mesprit|Encore|p1a: Claydol
|-start|p1a: Claydol|Encore
|move|p1a: Claydol|Stealth Rock||[still]
|-fail|p1a: Claydol
|
|-heal|p2a: Mesprit|97/100|[from] item: Leftovers
|upkeep
|turn|31
|
|t:|1612108692
|move|p2a: Mesprit|U-turn|p1a: Claydol
|-supereffective|p1a: Claydol
|-damage|p1a: Claydol|72/100
|
|t:|1612108696
|switch|p2a: Dubwool|Dubwool, M|40/100|[from]move: U-turn
|-damage|p2a: Dubwool|28/100|[from] Stealth Rock
|move|p1a: Claydol|Stealth Rock||[still]
|-fail|p1a: Claydol
|
|-heal|p2a: Dubwool|34/100|[from] item: Leftovers
|-heal|p1a: Claydol|78/100|[from] item: Leftovers
|upkeep
|turn|32
|
|t:|1612108703
|switch|p1a: Weezing|Weezing, M|37/100
|-damage|p1a: Weezing|24/100|[from] Stealth Rock
|move|p2a: Dubwool|Cotton Guard|p2a: Dubwool
|-boost|p2a: Dubwool|def|3
|
|-heal|p2a: Dubwool|40/100|[from] item: Leftovers
|upkeep
|turn|33
|
|t:|1612108710
|move|p2a: Dubwool|Body Press|p1a: Weezing
|-resisted|p1a: Weezing
|-damage|p1a: Weezing|3/100
|-damage|p2a: Dubwool|23/100|[from] item: Rocky Helmet|[of] p1a: Weezing
|move|p1a: Weezing|Flamethrower|p2a: Dubwool
|-damage|p2a: Dubwool|0 fnt
|faint|p2a: Dubwool
|
|upkeep
|
|t:|1612108723
|switch|p2a: Mesprit|Mesprit|97/100
|-damage|p2a: Mesprit|85/100|[from] Stealth Rock
|turn|34
|
|t:|1612108733
|switch|p1a: Claydol|Claydol|78/100
|-damage|p1a: Claydol|72/100|[from] Stealth Rock
|move|p2a: Mesprit|Psychic|p1a: Claydol
|-resisted|p1a: Claydol
|-damage|p1a: Claydol|61/100
|
|-heal|p2a: Mesprit|91/100|[from] item: Leftovers
|-heal|p1a: Claydol|67/100|[from] item: Leftovers
|upkeep
|turn|35
|
|t:|1612108739
|move|p2a: Mesprit|U-turn|p1a: Claydol
|-supereffective|p1a: Claydol
|-damage|p1a: Claydol|35/100
|
|t:|1612108743
|switch|p2a: Whimsicott|Whimsicott, M|80/100|[from]move: U-turn
|-damage|p2a: Whimsicott|67/100|[from] Stealth Rock
|move|p1a: Claydol|Rapid Spin|p2a: Whimsicott
|-damage|p2a: Whimsicott|59/100
|-boost|p1a: Claydol|spe|1
|-sideend|p1: Auzt|Stealth Rock|[from] move: Rapid Spin|[of] p1a: Claydol
|
|-heal|p1a: Claydol|41/100|[from] item: Leftovers
|upkeep
|turn|36
|
|t:|1612108750
|switch|p1a: Magneton|Magneton|100/100
|move|p2a: Whimsicott|Encore||[still]
|-fail|p2a: Whimsicott
|
|upkeep
|turn|37
|
|t:|1612108757
|switch|p2a: Lanturn|Lanturn, F|58/100
|-damage|p2a: Lanturn|45/100|[from] Stealth Rock
|move|p1a: Magneton|Flash Cannon|p2a: Lanturn
|-resisted|p2a: Lanturn
|-damage|p2a: Lanturn|27/100
|
|upkeep
|turn|38
|
|t:|1612108774
|move|p1a: Magneton|Flash Cannon|p2a: Lanturn
|-resisted|p2a: Lanturn
|-damage|p2a: Lanturn|14/100
|move|p2a: Lanturn|Volt Switch|p1a: Magneton
|-resisted|p1a: Magneton
|-damage|p1a: Magneton|82/100
|
|t:|1612108780
|switch|p2a: Vaporeon|Vaporeon, M|82/100|[from]move: Volt Switch
|-damage|p2a: Vaporeon|69/100|[from] Stealth Rock
|
|-heal|p2a: Vaporeon|75/100|[from] item: Leftovers
|upkeep
|turn|39
|
|t:|1612108792
|switch|p1a: Claydol|Claydol|41/100
|move|p2a: Vaporeon|Wish|p2a: Vaporeon
|
|-heal|p1a: Claydol|48/100|[from] item: Leftovers
|-heal|p2a: Vaporeon|82/100|[from] item: Leftovers
|upkeep
|turn|40
|
|t:|1612108799
|move|p1a: Claydol|Earth Power|p2a: Vaporeon
|-damage|p2a: Vaporeon|69/100
|move|p2a: Vaporeon|Scald|p1a: Claydol
|-supereffective|p1a: Claydol
|-damage|p1a: Claydol|9/100
|
|-heal|p2a: Vaporeon|100/100|[from] move: Wish|[wisher] Vaporeon
|-heal|p1a: Claydol|15/100|[from] item: Leftovers
|upkeep
|turn|41
|
|t:|1612108808
|switch|p1a: Vaporeon|Vaporeon, M|100/100
|move|p2a: Vaporeon|Scald|p1a: Vaporeon
|-immune|p1a: Vaporeon|[from] ability: Water Absorb
|
|upkeep
|turn|42
|
|t:|1612108817
|move|p2a: Vaporeon|Wish|p2a: Vaporeon
|move|p1a: Vaporeon|Heal Bell|p1a: Vaporeon
|-activate|p1a: Vaporeon|move: Heal Bell
|-curestatus|p1: Gallade|tox|[msg]
|
|upkeep
|turn|43
|
|t:|1612108828
|switch|p2a: Lanturn|Lanturn, F|14/100
|-damage|p2a: Lanturn|2/100|[from] Stealth Rock
|move|p1a: Vaporeon|Scald|p2a: Lanturn
|-resisted|p2a: Lanturn
|-damage|p2a: Lanturn|0 fnt
|faint|p2a: Lanturn
|
|upkeep
|
|t:|1612108838
|switch|p2a: Whimsicott|Whimsicott, M|59/100
|-damage|p2a: Whimsicott|47/100|[from] Stealth Rock
|turn|44
|
|t:|1612108848
|move|p2a: Whimsicott|Leech Seed|p1a: Vaporeon|[miss]
|-miss|p2a: Whimsicott|p1a: Vaporeon
|move|p1a: Vaporeon|Wish|p1a: Vaporeon
|
|upkeep
|turn|45
|
|t:|1612108853
|switch|p1a: Magneton|Magneton|82/100
|move|p2a: Whimsicott|Leech Seed|p1a: Magneton
|-start|p1a: Magneton|move: Leech Seed
|
|-heal|p1a: Magneton|100/100|[from] move: Wish|[wisher] Vaporeon
|-damage|p1a: Magneton|88/100|[from] Leech Seed|[of] p2a: Whimsicott
|-heal|p2a: Whimsicott|56/100|[silent]
|upkeep
|turn|46
|
|t:|1612108868
|switch|p2a: Vaporeon|Vaporeon, M|100/100
|-damage|p2a: Vaporeon|88/100|[from] Stealth Rock
|move|p1a: Magneton|Volt Switch|p2a: Vaporeon
|-supereffective|p2a: Vaporeon
|-crit|p2a: Vaporeon
|-damage|p2a: Vaporeon|0 fnt
|faint|p2a: Vaporeon
|
|t:|1612108874
|switch|p1a: Passimian|Passimian, M|82/100|[from]move: Volt Switch
|
|upkeep
|
|t:|1612108877
|switch|p2a: Whimsicott|Whimsicott, M|56/100
|-damage|p2a: Whimsicott|44/100|[from] Stealth Rock
|turn|47
|
|t:|1612108882
|move|p2a: Whimsicott|Cotton Guard|p2a: Whimsicott
|-boost|p2a: Whimsicott|def|3
|move|p1a: Passimian|U-turn|p2a: Whimsicott
|-damage|p2a: Whimsicott|33/100
|
|t:|1612108885
|switch|p1a: Magneton|Magneton|88/100|[from]move: U-turn
|
|upkeep
|turn|48
|
|t:|1612108891
|move|p2a: Whimsicott|Leech Seed|p1a: Magneton
|-start|p1a: Magneton|move: Leech Seed
|move|p1a: Magneton|Flash Cannon|p2a: Whimsicott
|-supereffective|p2a: Whimsicott
|-damage|p2a: Whimsicott|0 fnt
|faint|p2a: Whimsicott
|
|upkeep
|
|t:|1612108895
|switch|p2a: Mesprit|Mesprit|91/100
|-damage|p2a: Mesprit|78/100|[from] Stealth Rock
|turn|49
|
|t:|1612108905
|switch|p1a: Gallade|Gallade, M|72/100
|move|p2a: Mesprit|Stealth Rock|p1a: Gallade
|-sidestart|p1: Auzt|move: Stealth Rock
|
|-heal|p2a: Mesprit|84/100|[from] item: Leftovers
|upkeep
|turn|50
|
|t:|1612108911
|move|p2a: Mesprit|Psychic|p1a: Gallade
|-damage|p1a: Gallade|58/100
|move|p1a: Gallade|Knock Off|p2a: Mesprit
|-supereffective|p2a: Mesprit
|-damage|p2a: Mesprit|38/100
|-enditem|p2a: Mesprit|Leftovers|[from] move: Knock Off|[of] p1a: Gallade
|
|upkeep
|turn|51
|
|t:|1612108917
|move|p2a: Mesprit|Psychic|p1a: Gallade
|-damage|p1a: Gallade|45/100
|move|p1a: Gallade|Knock Off|p2a: Mesprit
|-supereffective|p2a: Mesprit
|-damage|p2a: Mesprit|6/100
|
|upkeep
|turn|52
|
|t:|1612108922
|move|p2a: Mesprit|Psychic|p1a: Gallade
|-damage|p1a: Gallade|31/100
|-unboost|p1a: Gallade|spd|1
|move|p1a: Gallade|Drain Punch|p2a: Mesprit
|-resisted|p2a: Mesprit
|-damage|p2a: Mesprit|0 fnt
|-heal|p1a: Gallade|34/100|[from] drain|[of] p2a: Mesprit
|faint|p2a: Mesprit
|
|win|Auzt
|l|☆Nicogatari ao
|c|☆Auzt|Gg
|raw|Auzt's rating: 1398 &rarr; <strong>1406</strong><br />(+8 for winning)
|raw|Nicogatari ao's rating: 1152 &rarr; <strong>1142</strong><br />(-10 for losing)
