|raw|<div class="broadcast-blue"><strong>This battle is required to be public due to a player having a name starting with 'pult4t2'.</div>
|j|☆Be Like Bisharp
|j|☆pult4t2 le s
|t:|1661373719
|gametype|singles
|player|p1|Be Like Bisharp|ethan-masters|1561
|player|p2|pult4t2 le s|#stt4toxicboys|1592
|teamsize|p1|6
|teamsize|p2|6
|gen|8
|tier|[Gen 8] PU
|rated|
|rule|Sleep Clause Mod: Limit one foe put to sleep
|rule|Species Clause: Limit one of each Pokémon
|rule|OHKO Clause: OHKO moves are banned
|rule|Evasion Items Clause: Evasion items are banned
|rule|Evasion Moves Clause: Evasion moves are banned
|rule|Endless Battle Clause: Forcing endless battles is banned
|rule|HP Percentage Mod: HP is shown in percentages
|rule|Dynamax Clause: You cannot dynamax
|clearpoke
|poke|p1|Druddigon, M|
|poke|p1|Vikavolt, F|
|poke|p1|Archeops, F|
|poke|p1|Doublade, M|
|poke|p1|Silvally-*|
|poke|p1|Turtonator, M|
|poke|p2|Lycanroc, F|
|poke|p2|Turtonator, F|
|poke|p2|Doublade, M|
|poke|p2|Silvally-*|
|poke|p2|Aurorus, F|
|poke|p2|Scrafty, M|
|teampreview
|c|☆pult4t2 le s|mais ptn
|inactive|Battle timer is ON: inactive players will automatically lose when time's up. (requested by Be Like Bisharp)
|c|☆pult4t2 le s|hf
|c|☆Be Like Bisharp|c'est qui?
|c|☆Be Like Bisharp|u2
|c|☆pult4t2 le s|squash
|c|☆Be Like Bisharp|aaah
|j| SICKO MODE INDER
|c|☆Be Like Bisharp|coucou squash!
|c|☆pult4t2 le s|slt!
|inactive|Be Like Bisharp has 120 seconds left.
|
|t:|1661373757
|start
|switch|p1a: Druddigon|Druddigon, M|100/100
|switch|p2a: Lycanroc|Lycanroc, F|100/100
|-ability|p1a: Druddigon|Mold Breaker
|turn|1
|j| turtledoggo1
|
|t:|1661373763
|move|p2a: Lycanroc|Stealth Rock|p1a: Druddigon
|-sidestart|p1: Be Like Bisharp|move: Stealth Rock
|move|p1a: Druddigon|Glare|p2a: Lycanroc
|-status|p2a: Lycanroc|par
|
|upkeep
|turn|2
|
|t:|1661373767
|move|p1a: Druddigon|Stealth Rock|p2a: Lycanroc
|-sidestart|p2: pult4t2 le s|move: Stealth Rock
|move|p2a: Lycanroc|Taunt|p1a: Druddigon
|-start|p1a: Druddigon|move: Taunt
|
|upkeep
|turn|3
|c|☆pult4t2 le s|ca me saoule deja
|c|☆pult4t2 le s|ptdr
|
|t:|1661373779
|move|p2a: Lycanroc|Accelerock|p1a: Druddigon
|-damage|p1a: Druddigon|79/100
|move|p1a: Druddigon|Dragon Tail|p2a: Lycanroc
|-damage|p2a: Lycanroc|63/100 par
|drag|p2a: Silvally|Silvally-Grass|100/100
|-damage|p2a: Silvally|88/100|[from] Stealth Rock
|
|upkeep
|turn|4
|
|t:|1661373785
|switch|p2a: Lycanroc|Lycanroc, F|63/100 par
|-damage|p2a: Lycanroc|51/100 par|[from] Stealth Rock
|move|p1a: Druddigon|Dragon Tail|p2a: Lycanroc
|-damage|p2a: Lycanroc|14/100 par
|drag|p2a: Turtonator|Turtonator, F|100/100
|-damage|p2a: Turtonator|76/100|[from] Stealth Rock
|
|upkeep
|turn|5
|
|t:|1661373792
|move|p2a: Turtonator|Draco Meteor|p1a: Druddigon
|-supereffective|p1a: Druddigon
|-damage|p1a: Druddigon|0 fnt
|-unboost|p2a: Turtonator|spa|2
|-enditem|p2a: Turtonator|White Herb
|-clearnegativeboost|p2a: Turtonator|[silent]
|faint|p1a: Druddigon
|
|upkeep
|j| PULT4T2 eifo
|c| SICKO MODE INDER|mdrrr pas mal
|inactive|Be Like Bisharp has 120 seconds left.
|
|t:|1661373826
|switch|p1a: Archeops|Archeops, F|100/100
|-damage|p1a: Archeops|76/100|[from] Stealth Rock
|turn|6
|
|t:|1661373841
|move|p1a: Archeops|Earth Power|p2a: Turtonator
|-supereffective|p2a: Turtonator
|-damage|p2a: Turtonator|0 fnt
|faint|p2a: Turtonator
|
|upkeep
|
|t:|1661373848
|switch|p2a: Lycanroc|Lycanroc, F|14/100 par
|-damage|p2a: Lycanroc|1/100 par|[from] Stealth Rock
|turn|7
|
|t:|1661373854
|switch|p1a: Doublade|Doublade, M|100/100
|-damage|p1a: Doublade|94/100|[from] Stealth Rock
|move|p2a: Lycanroc|Accelerock|p1a: Doublade
|-resisted|p1a: Doublade
|-damage|p1a: Doublade|88/100
|
|upkeep
|turn|8
|
|t:|1661373862
|move|p1a: Doublade|Shadow Sneak|p2a: Lycanroc
|-damage|p2a: Lycanroc|0 fnt
|faint|p2a: Lycanroc
|
|upkeep
|
|t:|1661373874
|switch|p2a: Scrafty|Scrafty, M|100/100
|-damage|p2a: Scrafty|95/100|[from] Stealth Rock
|turn|9
|
|t:|1661373878
|move|p2a: Scrafty|Knock Off|p1a: Doublade
|-supereffective|p1a: Doublade
|-damage|p1a: Doublade|45/100
|-enditem|p1a: Doublade|Eviolite|[from] move: Knock Off|[of] p2a: Scrafty
|move|p1a: Doublade|Close Combat|p2a: Scrafty
|-supereffective|p2a: Scrafty
|-damage|p2a: Scrafty|0 fnt
|-unboost|p1a: Doublade|def|1
|-unboost|p1a: Doublade|spd|1
|faint|p2a: Scrafty
|
|upkeep
|
|t:|1661373896
|switch|p2a: Silvally|Silvally-Grass|88/100
|-damage|p2a: Silvally|76/100|[from] Stealth Rock
|turn|10
|
|t:|1661373914
|move|p2a: Silvally|Swords Dance|p2a: Silvally
|-boost|p2a: Silvally|atk|2
|move|p1a: Doublade|Shadow Claw|p2a: Silvally
|-damage|p2a: Silvally|36/100
|
|upkeep
|turn|11
|
|t:|1661373919
|move|p1a: Doublade|Shadow Sneak|p2a: Silvally
|-damage|p2a: Silvally|14/100
|move|p2a: Silvally|Flame Charge|p1a: Doublade
|-supereffective|p1a: Doublade
|-damage|p1a: Doublade|0 fnt
|-boost|p2a: Silvally|spe|1
|faint|p1a: Doublade
|
|upkeep
|
|t:|1661373927
|switch|p1a: Turtonator|Turtonator, M|100/100
|turn|12
|
|t:|1661373931
|move|p2a: Silvally|Rock Slide|p1a: Turtonator
|-supereffective|p1a: Turtonator
|-damage|p1a: Turtonator|13/100
|move|p1a: Turtonator|Flamethrower|p2a: Silvally
|-supereffective|p2a: Silvally
|-damage|p2a: Silvally|0 fnt
|faint|p2a: Silvally
|
|upkeep
|
|t:|1661373938
|switch|p2a: Aurorus|Aurorus, F|100/100
|-damage|p2a: Aurorus|76/100|[from] Stealth Rock
|-weather|Hail|[from] ability: Snow Warning|[of] p2a: Aurorus
|turn|13
|
|t:|1661373942
|move|p2a: Aurorus|Rock Polish|p2a: Aurorus
|-boost|p2a: Aurorus|spe|2
|move|p1a: Turtonator|Draco Meteor|p2a: Aurorus
|-damage|p2a: Aurorus|23/100
|-unboost|p1a: Turtonator|spa|2
|
|-weather|Hail|[upkeep]
|-damage|p1a: Turtonator|7/100|[from] Hail
|upkeep
|turn|14
|
|t:|1661373945
|move|p2a: Aurorus|Blizzard|p1a: Turtonator
|-damage|p1a: Turtonator|0 fnt
|faint|p1a: Turtonator
|
|-weather|Hail|[upkeep]
|upkeep
|
|t:|1661373961
|switch|p1a: Silvally|Silvally-Fairy|100/100
|-damage|p1a: Silvally|88/100|[from] Stealth Rock
|turn|15
|
|t:|1661373966
|move|p2a: Aurorus|Meteor Beam||[still]
|-prepare|p2a: Aurorus|Meteor Beam
|-boost|p2a: Aurorus|spa|1
|-enditem|p2a: Aurorus|Power Herb
|-anim|p2a: Aurorus|Meteor Beam|p1a: Silvally
|-damage|p1a: Silvally|0 fnt
|faint|p1a: Silvally
|
|-weather|Hail|[upkeep]
|upkeep
|c|☆pult4t2 le s|phew
|
|t:|1661373971
|switch|p1a: Vikavolt|Vikavolt, F|100/100
|-damage|p1a: Vikavolt|76/100|[from] Stealth Rock
|turn|16
|c| SICKO MODE INDER|damn
|
|t:|1661373975
|move|p2a: Aurorus|Blizzard|p1a: Vikavolt
|-damage|p1a: Vikavolt|0 fnt
|faint|p1a: Vikavolt
|
|-weather|Hail|[upkeep]
|upkeep
|c|☆Be Like Bisharp|gg
|c|☆pult4t2 le s|gg
|c| SICKO MODE INDER|reverse sweep
|
|t:|1661373986
|switch|p1a: Archeops|Archeops, F|76/100
|-damage|p1a: Archeops|51/100|[from] Stealth Rock
|turn|17
|
|t:|1661373989
|move|p2a: Aurorus|Blizzard|p1a: Archeops
|-supereffective|p1a: Archeops
|-damage|p1a: Archeops|0 fnt
|faint|p1a: Archeops
|
|win|pult4t2 le s
|raw|Be Like Bisharp's rating: 1561 &rarr; <strong>1543</strong><br />(-18 for losing)
|raw|pult4t2 le s's rating: 1592 &rarr; <strong>1610</strong><br />(+18 for winning)
|l|☆pult4t2 le s
