|j|☆AUTOMAGICO
|j|☆NinjaFromFornait
|player|p1|AUTOMAGICO|294|1399
|player|p2|NinjaFromFornait|beauty-gen4dp|1369
|teamsize|p1|6
|teamsize|p2|6
|gametype|singles
|gen|8
|tier|[Gen 8] PU
|rated|
|clearpoke
|poke|p1|Kadabra, M|
|poke|p1|Drifblim, F|
|poke|p1|Meowstic, M|
|poke|p1|Solrock|
|poke|p1|Exeggutor, M|
|poke|p1|Swoobat, F|
|poke|p2|Grookey, F|
|poke|p2|Drifblim, M|
|poke|p2|Stunfisk, M|
|poke|p2|Mr. Rime, F|
|poke|p2|Unfezant, F|
|poke|p2|Hattrem, F|
|rule|Sleep Clause Mod: Limit one foe put to sleep
|rule|Species Clause: Limit one of each Pokémon
|rule|OHKO Clause: OHKO moves are banned
|rule|Evasion Moves Clause: Evasion moves are banned
|rule|Endless Battle Clause: Forcing endless battles is banned
|rule|HP Percentage Mod: HP is shown in percentages
|rule|Dynamax Clause: You cannot dynamax
|teampreview
|
|start
|switch|p1a: SunStone|Solrock|100/100
|switch|p2a: Unfezant|Unfezant, F|100/100
|turn|1
|
|move|p2a: Unfezant|U-turn|p1a: SunStone
|-supereffective|p1a: SunStone
|-damage|p1a: SunStone|57/100
|
|switch|p2a: Hattrem|Hattrem, F|100/100|[from]move: U-turn
|move|p1a: SunStone|Psychic Terrain|p1a: SunStone
|-fieldstart|move: Psychic Terrain
|
|upkeep
|turn|2
|
|move|p1a: SunStone|Explosion|p2a: Hattrem
|-damage|p2a: Hattrem|64/100
|faint|p1a: SunStone
|move|p2a: Hattrem|Nuzzle|p1: SunStone|[notarget]
|-fail|p2a: Hattrem
|
|upkeep
|inactive|Battle timer is ON: inactive players will automatically lose when time's up. (requested by AUTOMAGICO)
|
|switch|p1a: Kinesis|Kadabra, M|100/100
|turn|3
|
|move|p1a: Kinesis|Shadow Ball|p2a: Hattrem
|-supereffective|p2a: Hattrem
|-damage|p2a: Hattrem|13/100
|move|p2a: Hattrem|Nuzzle|p1a: Kinesis
|-damage|p1a: Kinesis|92/100
|-status|p1a: Kinesis|par
|
|upkeep
|turn|4
|
|switch|p2a: Unfezant|Unfezant, F|100/100
|move|p1a: Kinesis|Expanding Force|p2a: Unfezant
|-damage|p2a: Unfezant|0 fnt
|faint|p2a: Unfezant
|
|upkeep
|
|switch|p2a: Grookey|Grookey, F|100/100
|-fieldstart|move: Grassy Terrain|[from] ability: Grassy Surge|[of] p2a: Grookey
|turn|5
|
|move|p2a: Grookey|Fake Out|p1a: Kinesis
|-damage|p1a: Kinesis|56/100 par
|cant|p1a: Kinesis|flinch
|
|-heal|p1a: Kinesis|62/100 par|[from] Grassy Terrain
|upkeep
|turn|6
|
|move|p2a: Grookey|U-turn|p1a: Kinesis
|-supereffective|p1a: Kinesis
|-damage|p1a: Kinesis|0 fnt
|faint|p1a: Kinesis
|
|switch|p2a: Drifblim|Drifblim, M|100/100|[from]move: U-turn
|-enditem|p2a: Drifblim|Grassy Seed
|-boost|p2a: Drifblim|def|1|[from] item: Grassy Seed
|
|upkeep
|
|switch|p1a: CopyCat|Meowstic, M|100/100
|turn|7
|
|move|p1a: CopyCat|Psychic Terrain|p1a: CopyCat
|-fieldstart|move: Psychic Terrain
|move|p2a: Drifblim|Calm Mind|p2a: Drifblim
|-boost|p2a: Drifblim|spa|1
|-boost|p2a: Drifblim|spd|1
|
|upkeep
|turn|8
|
|move|p1a: CopyCat|Light Screen|p1a: CopyCat
|-sidestart|p1: AUTOMAGICO|move: Light Screen
|move|p2a: Drifblim|Shadow Ball|p1a: CopyCat
|-supereffective|p1a: CopyCat
|-damage|p1a: CopyCat|37/100
|-enditem|p1a: CopyCat|Eject Button
|
|switch|p1a: AirBallon|Drifblim, F|100/100
|-enditem|p1a: AirBallon|Psychic Seed
|-boost|p1a: AirBallon|spd|1|[from] item: Psychic Seed
|
|upkeep
|turn|9
|
|move|p2a: Drifblim|Calm Mind|p2a: Drifblim
|-boost|p2a: Drifblim|spa|1
|-boost|p2a: Drifblim|spd|1
|move|p1a: AirBallon|Calm Mind|p1a: AirBallon
|-boost|p1a: AirBallon|spa|1
|-boost|p1a: AirBallon|spd|1
|
|upkeep
|turn|10
|
|move|p2a: Drifblim|Calm Mind|p2a: Drifblim
|-boost|p2a: Drifblim|spa|1
|-boost|p2a: Drifblim|spd|1
|move|p1a: AirBallon|Calm Mind|p1a: AirBallon
|-boost|p1a: AirBallon|spa|1
|-boost|p1a: AirBallon|spd|1
|
|upkeep
|turn|11
|
|move|p2a: Drifblim|Calm Mind|p2a: Drifblim
|-boost|p2a: Drifblim|spa|1
|-boost|p2a: Drifblim|spd|1
|move|p1a: AirBallon|Calm Mind|p1a: AirBallon
|-boost|p1a: AirBallon|spa|1
|-boost|p1a: AirBallon|spd|1
|
|-fieldend|move: Psychic Terrain
|upkeep
|turn|12
|
|move|p2a: Drifblim|Calm Mind|p2a: Drifblim
|-boost|p2a: Drifblim|spa|1
|-boost|p2a: Drifblim|spd|1
|move|p1a: AirBallon|Calm Mind|p1a: AirBallon
|-boost|p1a: AirBallon|spa|1
|-boost|p1a: AirBallon|spd|1
|
|-sideend|p1: AUTOMAGICO|move: Light Screen
|upkeep
|turn|13
|
|move|p2a: Drifblim|Calm Mind|p2a: Drifblim
|-boost|p2a: Drifblim|spa|1
|-boost|p2a: Drifblim|spd|1
|move|p1a: AirBallon|Calm Mind|p1a: AirBallon
|-boost|p1a: AirBallon|spa|1
|-boost|p1a: AirBallon|spd|1
|
|upkeep
|turn|14
|
|move|p2a: Drifblim|Shadow Ball|p1a: AirBallon
|-supereffective|p1a: AirBallon
|-damage|p1a: AirBallon|25/100
|move|p1a: AirBallon|Shadow Ball|p2a: Drifblim
|-supereffective|p2a: Drifblim
|-damage|p2a: Drifblim|54/100
|
|upkeep
|turn|15
|c|☆NinjaFromFornait|Gg
|-message|AUTOMAGICO forfeited.
|
|win|NinjaFromFornait
|l|☆AUTOMAGICO
|raw|AUTOMAGICO's rating: 1400 &rarr; <strong>1378</strong><br />(-22 for losing)
|raw|NinjaFromFornait's rating: 1370 &rarr; <strong>1392</strong><br />(+22 for winning)
