|j|☆Fwuffy Puff
|j|☆xenon filled lungs
|t:|1608673895
|player|p1|Fwuffy Puff|clair-gen2|1263
|player|p2|xenon filled lungs|molayne|1380
|teamsize|p1|6
|teamsize|p2|6
|gametype|singles
|gen|8
|tier|[Gen 8] PU
|rated|
|clearpoke
|poke|p1|Tauros, M|
|poke|p1|Roserade, M|
|poke|p1|Sawk, M|
|poke|p1|Froslass, F|
|poke|p1|Togedemaru, F|
|poke|p1|Archeops, F|
|poke|p2|Ribombee, M|
|poke|p2|Sigilyph, M|
|poke|p2|Malamar, F|
|poke|p2|Gourgeist-*, F|
|poke|p2|Aggron, F|
|poke|p2|Silvally-*|
|rule|Sleep Clause Mod: Limit one foe put to sleep
|rule|Species Clause: Limit one of each Pokémon
|rule|OHKO Clause: OHKO moves are banned
|rule|Evasion Moves Clause: Evasion moves are banned
|rule|Endless Battle Clause: Forcing endless battles is banned
|rule|HP Percentage Mod: HP is shown in percentages
|rule|Dynamax Clause: You cannot dynamax
|teampreview
|
|t:|1608673930
|start
|switch|p1a: Togedemaru|Togedemaru, F|100/100
|switch|p2a: Silvally|Silvally-Dragon|100/100
|turn|1
|
|t:|1608673938
|move|p1a: Togedemaru|U-turn|p2a: Silvally
|-damage|p2a: Silvally|78/100
|
|t:|1608673940
|switch|p1a: Roserade|Roserade, M|100/100|[from]move: U-turn
|move|p2a: Silvally|Flame Charge|p1a: Roserade
|-supereffective|p1a: Roserade
|-damage|p1a: Roserade|47/100
|-boost|p2a: Silvally|spe|1
|
|upkeep
|turn|2
|
|t:|1608673943
|move|p2a: Silvally|Multi-Attack|p1a: Roserade
|-damage|p1a: Roserade|0 fnt
|faint|p1a: Roserade
|
|upkeep
|
|t:|1608673948
|switch|p1a: Sawk|Sawk, M|100/100
|turn|3
|
|t:|1608673955
|switch|p2a: Gourgeist|Gourgeist-Small, F|100/100
|-item|p1a: Sawk|Heavy-Duty Boots|[from] ability: Frisk|[of] p2a: Gourgeist|[identify]
|move|p1a: Sawk|Close Combat|p2a: Gourgeist
|-immune|p2a: Gourgeist
|
|upkeep
|turn|4
|
|t:|1608673962
|switch|p1a: Froslass|Froslass, F|100/100
|move|p2a: Gourgeist|Will-O-Wisp|p1a: Froslass
|-status|p1a: Froslass|brn
|
|-damage|p1a: Froslass|94/100 brn|[from] brn
|upkeep
|turn|5
|
|t:|1608673967
|switch|p2a: Malamar|Malamar, F|100/100
|move|p1a: Froslass|Triple Axel|p2a: Malamar
|-damage|p2a: Malamar|95/100
|-damage|p2a: Malamar|82/100
|-damage|p2a: Malamar|66/100
|-hitcount|p2a: Malamar|3
|
|-heal|p2a: Malamar|72/100|[from] item: Leftovers
|-damage|p1a: Froslass|88/100 brn|[from] brn
|upkeep
|turn|6
|
|t:|1608673971
|switch|p1a: Togedemaru|Togedemaru, F|100/100
|move|p2a: Malamar|Substitute|p2a: Malamar
|-start|p2a: Malamar|Substitute
|-damage|p2a: Malamar|47/100
|
|-heal|p2a: Malamar|53/100|[from] item: Leftovers
|upkeep
|turn|7
|
|t:|1608673976
|move|p1a: Togedemaru|U-turn|p2a: Malamar
|-supereffective|p2a: Malamar
|-end|p2a: Malamar|Substitute
|
|t:|1608673982
|switch|p1a: Froslass|Froslass, F|88/100 brn|[from]move: U-turn
|move|p2a: Malamar|Knock Off|p1a: Froslass
|-supereffective|p1a: Froslass
|-damage|p1a: Froslass|0 fnt
|-start|p2a: Malamar|Disable|Knock Off|[from] ability: Cursed Body|[of] p1a: Froslass
|-enditem|p1a: Froslass|Choice Band|[from] move: Knock Off|[of] p2a: Malamar
|faint|p1a: Froslass
|
|-heal|p2a: Malamar|60/100|[from] item: Leftovers
|upkeep
|
|t:|1608673986
|switch|p1a: Togedemaru|Togedemaru, F|100/100
|turn|8
|
|t:|1608673989
|switch|p2a: Aggron|Aggron, F|100/100
|move|p1a: Togedemaru|Iron Head|p2a: Aggron
|-damage|p2a: Aggron|74/100
|
|-heal|p2a: Aggron|80/100|[from] item: Leftovers
|upkeep
|turn|9
|
|t:|1608673996
|move|p1a: Togedemaru|Iron Head|p2a: Aggron
|-damage|p2a: Aggron|55/100
|move|p2a: Aggron|Heavy Slam|p1a: Togedemaru
|-resisted|p1a: Togedemaru
|-damage|p1a: Togedemaru|74/100
|-damage|p2a: Aggron|42/100|[from] ability: Iron Barbs|[of] p1a: Togedemaru
|
|-heal|p2a: Aggron|49/100|[from] item: Leftovers
|upkeep
|turn|10
|
|t:|1608674000
|move|p1a: Togedemaru|Iron Head|p2a: Aggron
|-damage|p2a: Aggron|23/100
|cant|p2a: Aggron|flinch
|
|-heal|p2a: Aggron|29/100|[from] item: Leftovers
|upkeep
|turn|11
|
|t:|1608674003
|move|p1a: Togedemaru|Iron Head|p2a: Aggron
|-damage|p2a: Aggron|5/100
|move|p2a: Aggron|Earthquake|p1a: Togedemaru
|-supereffective|p1a: Togedemaru
|-damage|p1a: Togedemaru|0 fnt
|faint|p1a: Togedemaru
|
|-heal|p2a: Aggron|11/100|[from] item: Leftovers
|upkeep
|
|t:|1608674007
|switch|p1a: Sawk|Sawk, M|100/100
|turn|12
|
|t:|1608674010
|move|p1a: Sawk|Knock Off|p2a: Aggron
|-damage|p2a: Aggron|0 fnt
|-enditem|p2a: Aggron|Leftovers|[from] move: Knock Off|[of] p1a: Sawk
|faint|p2a: Aggron
|
|upkeep
|
|t:|1608674016
|switch|p2a: Ribombee|Ribombee, M|100/100
|turn|13
|
|t:|1608674019
|move|p2a: Ribombee|U-turn|p1a: Sawk
|-resisted|p1a: Sawk
|-damage|p1a: Sawk|91/100
|
|t:|1608674024
|switch|p2a: Silvally|Silvally-Dragon|78/100|[from]move: U-turn
|move|p1a: Sawk|Poison Jab|p2a: Silvally
|-damage|p2a: Silvally|50/100
|
|upkeep
|turn|14
|-message|Fwuffy Puff forfeited.
|
|win|xenon filled lungs
|l|☆Fwuffy Puff
||Ladder (probably) updated, but score could not be retrieved (Request timeout).
