|j|☆Tintincpajouer
|j|☆TantePascow
|t:|1637606186
|gametype|singles
|player|p1|Tintincpajouer|265|1297
|player|p2|TantePascow|giovanni|1273
|teamsize|p1|6
|teamsize|p2|6
|gen|8
|tier|[Gen 8] PU
|rated|
|rule|Sleep Clause Mod: Limit one foe put to sleep
|rule|Species Clause: Limit one of each Pokémon
|rule|OHKO Clause: OHKO moves are banned
|rule|Evasion Moves Clause: Evasion moves are banned
|rule|Endless Battle Clause: Forcing endless battles is banned
|rule|HP Percentage Mod: HP is shown in percentages
|rule|Dynamax Clause: You cannot dynamax
|clearpoke
|poke|p1|Haunter, F|
|poke|p1|Gallade, M|
|poke|p1|Froslass, F|
|poke|p1|Carracosta, F|
|poke|p1|Vikavolt, F|
|poke|p1|Flapple, F|
|poke|p2|Jolteon, F|
|poke|p2|Lycanroc, F|
|poke|p2|Silvally-*|
|poke|p2|Absol, M|
|poke|p2|Weezing, F|
|poke|p2|Aromatisse, F|
|teampreview
|inactive|Battle timer is ON: inactive players will automatically lose when time's up. (requested by TantePascow)
|
|t:|1637606193
|start
|switch|p1a: Froslass|Froslass, F|100/100
|switch|p2a: Blitzer|Jolteon, F|100/100
|turn|1
|
|t:|1637606205
|move|p2a: Blitzer|Shadow Ball|p1a: Froslass
|-supereffective|p1a: Froslass
|-crit|p1a: Froslass
|-enditem|p1a: Froslass|Focus Sash
|-damage|p1a: Froslass|1/100
|move|p1a: Froslass|Spikes|p2a: Blitzer
|-sidestart|p2: TantePascow|Spikes
|
|upkeep
|turn|2
|
|t:|1637606214
|move|p2a: Blitzer|Shadow Ball|p1a: Froslass
|-supereffective|p1a: Froslass
|-damage|p1a: Froslass|0 fnt
|faint|p1a: Froslass
|
|upkeep
|
|t:|1637606226
|switch|p1a: Vikavolt|Vikavolt, F|100/100
|turn|3
|
|t:|1637606230
|switch|p2a: Hähnchen|Silvally-Fairy|100/100
|-damage|p2a: Hähnchen|88/100|[from] Spikes
|move|p1a: Vikavolt|Bug Buzz|p2a: Hähnchen
|-resisted|p2a: Hähnchen
|-damage|p2a: Hähnchen|65/100
|
|upkeep
|turn|4
|
|t:|1637606239
|move|p2a: Hähnchen|Defog|p1a: Vikavolt
|-unboost|p1a: Vikavolt|evasion|1
|-sideend|p2: TantePascow|Spikes|[from] move: Defog|[of] p2a: Hähnchen
|move|p1a: Vikavolt|Volt Switch|p2a: Hähnchen
|-damage|p2a: Hähnchen|26/100
|
|t:|1637606249
|switch|p1a: Haunter|Haunter, F|100/100|[from]move: Volt Switch
|
|upkeep
|turn|5
|
|t:|1637606255
|move|p1a: Haunter|Sludge Wave|p2a: Hähnchen
|-supereffective|p2a: Hähnchen
|-damage|p2a: Hähnchen|0 fnt
|faint|p2a: Hähnchen
|
|upkeep
|
|t:|1637606260
|switch|p2a: Weezing|Weezing, F|100/100
|turn|6
|
|t:|1637606274
|switch|p1a: Vikavolt|Vikavolt, F|100/100
|move|p2a: Weezing|Toxic|p1a: Vikavolt
|-status|p1a: Vikavolt|tox
|
|-damage|p1a: Vikavolt|94/100 tox|[from] psn
|upkeep
|turn|7
|
|t:|1637606289
|switch|p1a: Flapple|Flapple, F|100/100
|move|p2a: Weezing|Taunt|p1a: Flapple
|-start|p1a: Flapple|move: Taunt
|
|upkeep
|turn|8
|
|t:|1637606301
|switch|p1a: Haunter|Haunter, F|100/100
|move|p2a: Weezing|Sludge Bomb|p1a: Haunter
|-resisted|p1a: Haunter
|-damage|p1a: Haunter|84/100
|
|upkeep
|turn|9
|
|t:|1637606314
|move|p1a: Haunter|Shadow Ball|p2a: Weezing
|-damage|p2a: Weezing|21/100
|move|p2a: Weezing|Toxic Spikes|p1a: Haunter
|-sidestart|p1: Tintincpajouer|move: Toxic Spikes
|
|-heal|p2a: Weezing|27/100|[from] item: Black Sludge
|upkeep
|turn|10
|
|t:|1637606322
|switch|p2a: Aromatisse|Aromatisse, F|100/100
|move|p1a: Haunter|Shadow Ball|p2a: Aromatisse
|-damage|p2a: Aromatisse|64/100
|
|-heal|p2a: Aromatisse|70/100|[from] item: Leftovers
|upkeep
|turn|11
|
|t:|1637606332
|move|p1a: Haunter|Shadow Ball|p2a: Aromatisse
|-damage|p2a: Aromatisse|32/100
|move|p2a: Aromatisse|Wish|p2a: Aromatisse
|
|-heal|p2a: Aromatisse|38/100|[from] item: Leftovers
|upkeep
|turn|12
|
|t:|1637606340
|switch|p2a: Flocke|Absol, M|100/100
|move|p1a: Haunter|Shadow Ball|p2a: Flocke
|-resisted|p2a: Flocke
|-damage|p2a: Flocke|42/100
|
|-heal|p2a: Flocke|100/100|[from] move: Wish|[wisher] Aromatisse
|upkeep
|turn|13
|
|t:|1637606350
|switch|p1a: Gallade|Gallade, M|100/100
|-status|p1a: Gallade|psn
|move|p2a: Flocke|Knock Off|p1a: Gallade
|-damage|p1a: Gallade|0 fnt
|-enditem|p1a: Gallade|Life Orb|[from] move: Knock Off|[of] p2a: Flocke
|faint|p1a: Gallade
|
|upkeep
|
|t:|1637606360
|switch|p1a: Vikavolt|Vikavolt, F|94/100 tox
|turn|14
|
|t:|1637606367
|switch|p2a: Weezing|Weezing, F|27/100
|move|p1a: Vikavolt|Bug Buzz|p2a: Weezing
|-resisted|p2a: Weezing
|-damage|p2a: Weezing|0 fnt
|faint|p2a: Weezing
|
|-damage|p1a: Vikavolt|88/100 tox|[from] psn
|upkeep
|
|t:|1637606383
|switch|p2a: Aromatisse|Aromatisse, F|38/100
|turn|15
|
|t:|1637606388
|move|p1a: Vikavolt|Thunderbolt|p2a: Aromatisse
|-damage|p2a: Aromatisse|3/100
|move|p2a: Aromatisse|Wish|p2a: Aromatisse
|
|-heal|p2a: Aromatisse|9/100|[from] item: Leftovers
|-damage|p1a: Vikavolt|76/100 tox|[from] psn
|upkeep
|turn|16
|
|t:|1637606400
|move|p2a: Aromatisse|Protect|p2a: Aromatisse
|-singleturn|p2a: Aromatisse|Protect
|move|p1a: Vikavolt|Energy Ball|p2a: Aromatisse
|-activate|p2a: Aromatisse|move: Protect
|
|-heal|p2a: Aromatisse|59/100|[from] move: Wish|[wisher] Aromatisse
|-heal|p2a: Aromatisse|65/100|[from] item: Leftovers
|-damage|p1a: Vikavolt|58/100 tox|[from] psn
|upkeep
|turn|17
|
|t:|1637606414
|switch|p1a: Haunter|Haunter, F|84/100
|move|p2a: Aromatisse|Wish|p2a: Aromatisse
|
|-heal|p2a: Aromatisse|71/100|[from] item: Leftovers
|upkeep
|turn|18
|
|t:|1637606423
|move|p2a: Aromatisse|Protect|p2a: Aromatisse
|-singleturn|p2a: Aromatisse|Protect
|move|p1a: Haunter|Sludge Wave|p2a: Aromatisse
|-activate|p2a: Aromatisse|move: Protect
|
|-heal|p2a: Aromatisse|100/100|[from] move: Wish|[wisher] Aromatisse
|upkeep
|turn|19
|
|t:|1637606434
|move|p1a: Haunter|Sludge Wave|p2a: Aromatisse
|-supereffective|p2a: Aromatisse
|-damage|p2a: Aromatisse|8/100
|move|p2a: Aromatisse|Wish|p2a: Aromatisse
|
|-heal|p2a: Aromatisse|15/100|[from] item: Leftovers
|upkeep
|turn|20
|
|t:|1637606444
|switch|p2a: BöserWolf|Lycanroc, F|100/100
|move|p1a: Haunter|Sludge Wave|p2a: BöserWolf
|-resisted|p2a: BöserWolf
|-damage|p2a: BöserWolf|43/100
|
|-heal|p2a: BöserWolf|100/100|[from] move: Wish|[wisher] Aromatisse
|upkeep
|turn|21
|
|t:|1637606455
|switch|p1a: Carracosta|Carracosta, F|100/100
|move|p2a: BöserWolf|Accelerock|p1a: Carracosta
|-damage|p1a: Carracosta|82/100
|
|upkeep
|turn|22
|
|t:|1637606463
|move|p1a: Carracosta|Aqua Jet|p2a: BöserWolf
|-supereffective|p2a: BöserWolf
|-crit|p2a: BöserWolf
|-damage|p2a: BöserWolf|11/100
|move|p2a: BöserWolf|Close Combat|p1a: Carracosta
|-supereffective|p1a: Carracosta
|-damage|p1a: Carracosta|5/100
|-unboost|p2a: BöserWolf|def|1
|-unboost|p2a: BöserWolf|spd|1
|
|upkeep
|turn|23
|
|t:|1637606473
|move|p2a: BöserWolf|Accelerock|p1a: Carracosta
|-damage|p1a: Carracosta|0 fnt
|faint|p1a: Carracosta
|
|upkeep
|
|t:|1637606481
|switch|p1a: Flapple|Flapple, F|100/100
|-status|p1a: Flapple|psn
|-enditem|p1a: Flapple|Lum Berry|[eat]
|-curestatus|p1a: Flapple|psn|[msg]
|turn|24
|
|t:|1637606490
|switch|p2a: Aromatisse|Aromatisse, F|15/100
|move|p1a: Flapple|Dragon Dance|p1a: Flapple
|-boost|p1a: Flapple|atk|1
|-boost|p1a: Flapple|spe|1
|
|-heal|p2a: Aromatisse|21/100|[from] item: Leftovers
|upkeep
|turn|25
|
|t:|1637606503
|move|p1a: Flapple|Grav Apple|p2a: Aromatisse
|-damage|p2a: Aromatisse|0 fnt
|faint|p2a: Aromatisse
|
|upkeep
|
|t:|1637606510
|switch|p2a: Blitzer|Jolteon, F|100/100
|turn|26
|
|t:|1637606516
|move|p2a: Blitzer|Shadow Ball|p1a: Flapple
|-damage|p1a: Flapple|25/100
|move|p1a: Flapple|Grav Apple|p2a: Blitzer
|-damage|p2a: Blitzer|0 fnt
|faint|p2a: Blitzer
|
|upkeep
|
|t:|1637606525
|switch|p2a: BöserWolf|Lycanroc, F|11/100
|turn|27
|
|t:|1637606529
|move|p1a: Flapple|Sucker Punch|p2a: BöserWolf
|-damage|p2a: BöserWolf|0 fnt
|faint|p2a: BöserWolf
|
|upkeep
|
|t:|1637606533
|switch|p2a: Flocke|Absol, M|100/100
|turn|28
|
|t:|1637606539
|move|p1a: Flapple|Sucker Punch|p2a: Flocke|[miss]
|-miss|p1a: Flapple|p2a: Flocke
|move|p2a: Flocke|Knock Off|p1a: Flapple
|-damage|p1a: Flapple|0 fnt
|faint|p1a: Flapple
|
|upkeep
|c|☆TantePascow|Gg
|c|☆Tintincpajouer|Gg
|
|t:|1637606553
|switch|p1a: Haunter|Haunter, F|84/100
|turn|29
|
|t:|1637606561
|move|p1a: Haunter|Destiny Bond|p1a: Haunter
|-singlemove|p1a: Haunter|Destiny Bond
|move|p2a: Flocke|Knock Off|p1a: Haunter
|-supereffective|p1a: Haunter
|-damage|p1a: Haunter|0 fnt
|-enditem|p1a: Haunter|Choice Specs|[from] move: Knock Off|[of] p2a: Flocke
|faint|p1a: Haunter
|-activate|p1a: Haunter|move: Destiny Bond
|faint|p2a: Flocke
|
|win|Tintincpajouer
|raw|Tintincpajouer's rating: 1297 &rarr; <strong>1320</strong><br />(+23 for winning)
|raw|TantePascow's rating: 1273 &rarr; <strong>1250</strong><br />(-23 for losing)
|l|☆TantePascow
||Ladder isn't responding, score probably updated but might not have (Request timeout).
