|j|☆allstarapology
|j|☆Noyzy
|player|p1|allstarapology|parasollady|1507
|player|p2|Noyzy|169|1272
|teamsize|p1|6
|teamsize|p2|6
|gametype|singles
|gen|8
|tier|[Gen 8] PU
|rated|
|clearpoke
|poke|p1|Mr. Rime, F|
|poke|p1|Throh, M|
|poke|p1|Mawile, M|
|poke|p1|Gloom, F|
|poke|p1|Silvally-*|
|poke|p1|Manectric, M|
|poke|p2|Manectric, F|
|poke|p2|Hitmontop, M|
|poke|p2|Raboot, F|
|poke|p2|Lapras, M|
|poke|p2|Grapploct, M|
|poke|p2|Pawniard, M|
|rule|Sleep Clause Mod: Limit one foe put to sleep
|rule|Species Clause: Limit one of each Pokémon
|rule|OHKO Clause: OHKO moves are banned
|rule|Evasion Moves Clause: Evasion moves are banned
|rule|Endless Battle Clause: Forcing endless battles is banned
|rule|HP Percentage Mod: HP is shown in percentages
|rule|Dynamax Clause: You cannot dynamax
|teampreview
|inactive|Battle timer is ON: inactive players will automatically lose when time's up. (requested by allstarapology)
|
|start
|switch|p1a: Throh|Throh, M|100/100
|switch|p2a: Lapras|Lapras, M|100/100
|turn|1
|
|switch|p2a: Hitmontop|Hitmontop, M|100/100
|-ability|p2a: Hitmontop|Intimidate|boost
|-unboost|p1a: Throh|atk|1
|move|p1a: Throh|Circle Throw|p2a: Hitmontop
|-damage|p2a: Hitmontop|90/100
|drag|p2a: Lapras|Lapras, M|100/100
|
|upkeep
|turn|2
|
|switch|p2a: Hitmontop|Hitmontop, M|90/100
|-ability|p2a: Hitmontop|Intimidate|boost
|-unboost|p1a: Throh|atk|1
|move|p1a: Throh|Toxic|p2a: Hitmontop|[miss]
|-miss|p1a: Throh|p2a: Hitmontop
|
|-heal|p2a: Hitmontop|96/100|[from] item: Leftovers
|upkeep
|turn|3
|
|switch|p2a: Raboot|Raboot, F|100/100
|move|p1a: Throh|Toxic|p2a: Raboot
|-status|p2a: Raboot|tox
|
|-damage|p2a: Raboot|94/100 tox|[from] psn
|upkeep
|turn|4
|
|move|p2a: Raboot|Taunt|p1a: Throh
|-start|p1a: Throh|move: Taunt
|cant|p1a: Throh|move: Taunt|Rest
|
|-damage|p2a: Raboot|82/100 tox|[from] psn
|upkeep
|turn|5
|
|switch|p1a: Silvally|Silvally-Rock|100/100
|move|p2a: Raboot|U-turn|p1a: Silvally
|-damage|p1a: Silvally|86/100
|
|switch|p2a: Grapploct|Grapploct, M|100/100|[from]move: U-turn
|
|upkeep
|turn|6
|
|move|p1a: Silvally|U-turn|p2a: Grapploct
|-resisted|p2a: Grapploct
|-damage|p2a: Grapploct|92/100
|
|switch|p1a: Gloom|Gloom, F|100/100|[from]move: U-turn
|move|p2a: Grapploct|Circle Throw|p1a: Gloom
|-resisted|p1a: Gloom
|-damage|p1a: Gloom|77/100
|drag|p1a: Mr. Rime|Mr. Rime, F|100/100
|
|upkeep
|turn|7
|
|switch|p2a: Lapras|Lapras, M|100/100
|move|p1a: Mr. Rime|Psychic|p2a: Lapras
|-damage|p2a: Lapras|70/100
|
|upkeep
|turn|8
|
|switch|p1a: Throh|Throh, M|100/100
|move|p2a: Lapras|Hydro Pump|p1a: Throh|[miss]
|-miss|p2a: Lapras|p1a: Throh
|
|upkeep
|turn|9
|
|switch|p2a: Hitmontop|Hitmontop, M|96/100
|-ability|p2a: Hitmontop|Intimidate|boost
|-unboost|p1a: Throh|atk|1
|move|p1a: Throh|Circle Throw|p2a: Hitmontop
|-damage|p2a: Hitmontop|84/100
|drag|p2a: Grapploct|Grapploct, M|92/100
|
|upkeep
|turn|10
|
|move|p2a: Grapploct|Close Combat|p1a: Throh
|-damage|p1a: Throh|12/100
|-unboost|p2a: Grapploct|def|1
|-unboost|p2a: Grapploct|spd|1
|move|p1a: Throh|Toxic|p2a: Grapploct
|-status|p2a: Grapploct|tox
|
|-heal|p1a: Throh|18/100|[from] item: Leftovers
|-damage|p2a: Grapploct|86/100 tox|[from] psn
|upkeep
|turn|11
|
|switch|p1a: Gloom|Gloom, F|77/100
|move|p2a: Grapploct|Close Combat|p1a: Gloom
|-resisted|p1a: Gloom
|-damage|p1a: Gloom|48/100
|-unboost|p2a: Grapploct|def|1
|-unboost|p2a: Grapploct|spd|1
|
|-damage|p2a: Grapploct|74/100 tox|[from] psn
|upkeep
|turn|12
|
|switch|p2a: Raboot|Raboot, F|82/100 tox
|move|p1a: Gloom|Moonblast|p2a: Raboot
|-resisted|p2a: Raboot
|-damage|p2a: Raboot|75/100 tox
|-unboost|p2a: Raboot|spa|1
|
|-damage|p2a: Raboot|69/100 tox|[from] psn
|upkeep
|turn|13
|
|move|p2a: Raboot|Blaze Kick|p1a: Gloom
|-supereffective|p1a: Gloom
|-damage|p1a: Gloom|16/100
|move|p1a: Gloom|Strength Sap|p2a: Raboot
|-unboost|p2a: Raboot|atk|1
|-heal|p1a: Gloom|81/100
|
|-damage|p2a: Raboot|56/100 tox|[from] psn
|upkeep
|turn|14
|
|move|p2a: Raboot|U-turn|p1a: Gloom
|-damage|p1a: Gloom|74/100
|
|switch|p2a: Manectric|Manectric, F|100/100|[from]move: U-turn
|move|p1a: Gloom|Sludge Bomb|p2a: Manectric
|-damage|p2a: Manectric|47/100
|
|upkeep
|turn|15
|j| FRS TyIer
|
|switch|p1a: Manectric|Manectric, M|100/100
|move|p2a: Manectric|Flamethrower|p1a: Manectric
|-damage|p1a: Manectric|26/100
|
|upkeep
|turn|16
|
|switch|p2a: Raboot|Raboot, F|56/100 tox
|move|p1a: Manectric|Flamethrower|p2a: Raboot
|-resisted|p2a: Raboot
|-damage|p2a: Raboot|45/100 tox
|
|-damage|p2a: Raboot|39/100 tox|[from] psn
|upkeep
|turn|17
|
|switch|p1a: Silvally|Silvally-Rock|86/100
|move|p2a: Raboot|U-turn|p1a: Silvally
|-damage|p1a: Silvally|74/100
|
|switch|p2a: Grapploct|Grapploct, M|74/100 tox|[from]move: U-turn
|
|-damage|p2a: Grapploct|68/100 tox|[from] psn
|upkeep
|turn|18
|
|move|p1a: Silvally|U-turn|p2a: Grapploct
|-resisted|p2a: Grapploct
|-crit|p2a: Grapploct
|-damage|p2a: Grapploct|54/100 tox
|
|switch|p1a: Mawile|Mawile, M|100/100|[from]move: U-turn
|move|p2a: Grapploct|Circle Throw|p1a: Mawile
|-damage|p1a: Mawile|0 fnt
|faint|p1a: Mawile
|
|-damage|p2a: Grapploct|42/100 tox|[from] psn
|upkeep
|
|switch|p1a: Throh|Throh, M|18/100
|turn|19
|
|move|p1a: Throh|Rest|p1a: Throh
|-status|p1a: Throh|slp|[from] move: Rest
|-heal|p1a: Throh|100/100 slp|[silent]
|move|p2a: Grapploct|Circle Throw|p1a: Throh
|-damage|p1a: Throh|43/100 slp
|drag|p1a: Gloom|Gloom, F|74/100
|
|-damage|p2a: Grapploct|24/100 tox|[from] psn
|upkeep
|turn|20
|
|switch|p2a: Manectric|Manectric, F|47/100
|move|p1a: Gloom|Growth|p1a: Gloom
|-boost|p1a: Gloom|atk|1
|-boost|p1a: Gloom|spa|1
|
|upkeep
|turn|21
|
|switch|p1a: Silvally|Silvally-Rock|74/100
|move|p2a: Manectric|Flamethrower|p1a: Silvally
|-resisted|p1a: Silvally
|-crit|p1a: Silvally
|-damage|p1a: Silvally|47/100
|
|upkeep
|turn|22
|
|switch|p2a: Hitmontop|Hitmontop, M|84/100
|-ability|p2a: Hitmontop|Intimidate|boost
|-unboost|p1a: Silvally|atk|1
|move|p1a: Silvally|U-turn|p2a: Hitmontop
|-resisted|p2a: Hitmontop
|-damage|p2a: Hitmontop|80/100
|
|switch|p1a: Mr. Rime|Mr. Rime, F|100/100|[from]move: U-turn
|
|-heal|p2a: Hitmontop|86/100|[from] item: Leftovers
|upkeep
|turn|23
|
|switch|p2a: Pawniard|Pawniard, M|100/100
|move|p1a: Mr. Rime|Ice Beam|p2a: Pawniard
|-resisted|p2a: Pawniard
|-damage|p2a: Pawniard|43/100
|
|upkeep
|turn|24
|
|switch|p1a: Silvally|Silvally-Rock|47/100
|move|p2a: Pawniard|Knock Off|p1a: Silvally
|-damage|p1a: Silvally|23/100
|
|upkeep
|turn|25
|
|move|p2a: Pawniard|Sucker Punch|p1a: Silvally
|-damage|p1a: Silvally|0 fnt
|faint|p1a: Silvally
|
|upkeep
|
|switch|p1a: Mr. Rime|Mr. Rime, F|100/100
|turn|26
|
|move|p2a: Pawniard|Sucker Punch|p1a: Mr. Rime
|-supereffective|p1a: Mr. Rime
|-crit|p1a: Mr. Rime
|-damage|p1a: Mr. Rime|0 fnt
|faint|p1a: Mr. Rime
|
|upkeep
|-message|allstarapology forfeited.
|
|win|Noyzy
|l|☆allstarapology
|raw|allstarapology's rating: 1507 &rarr; <strong>1475</strong><br />(-32 for losing)
|raw|Noyzy's rating: 1272 &rarr; <strong>1312</strong><br />(+40 for winning)
