|j|☆Haffling
|j|☆Lambovino
|t:|1667147023
|gametype|singles
|player|p1|Haffling|cyrus|
|player|p2|Lambovino|#scl2spartans|
|teamsize|p1|6
|teamsize|p2|6
|gen|8
|tier|[Gen 8] PU
|rated|Tournament battle
|rule|Sleep Clause Mod: Limit one foe put to sleep
|rule|Species Clause: Limit one of each Pokémon
|rule|OHKO Clause: OHKO moves are banned
|rule|Evasion Items Clause: Evasion items are banned
|rule|Evasion Moves Clause: Evasion moves are banned
|rule|Endless Battle Clause: Forcing endless battles is banned
|rule|HP Percentage Mod: HP is shown in percentages
|rule|Dynamax Clause: You cannot dynamax
|clearpoke
|poke|p1|Arctovish|
|poke|p1|Gigalith, F|
|poke|p1|Mesprit|
|poke|p1|Eldegoss, F|
|poke|p1|Scrafty, M|
|poke|p1|Weezing, M|
|poke|p2|Lapras, M|
|poke|p2|Weezing, F|
|poke|p2|Claydol|
|poke|p2|Lycanroc, M|
|poke|p2|Ribombee, M|
|poke|p2|Ferroseed, F|
|teampreview
|c|☆Lambovino|hf
|c|☆Haffling|u2
|
|t:|1667147036
|start
|switch|p1a: Weezing|Weezing, M|100/100
|switch|p2a: Weezing|Weezing, F|100/100
|-ability|p1a: Weezing|Neutralizing Gas
|-ability|p2a: Weezing|Neutralizing Gas
|turn|1
|
|t:|1667147052
|switch|p1a: Mesprit|Mesprit|100/100
|move|p2a: Weezing|Toxic Spikes|p1a: Mesprit
|-sidestart|p1: Haffling|move: Toxic Spikes
|
|upkeep
|turn|2
|j| aiba ai ◕‿◕
|j| shiny mr mime
|
|t:|1667147059
|switch|p1a: Weezing|Weezing, M|100/100
|-ability|p1a: Weezing|Neutralizing Gas
|-sideend|p1: Haffling|move: Toxic Spikes|[of] p1a: Weezing
|switch|p2a: Claydol|Claydol|100/100
|
|upkeep
|turn|3
|l| shiny mr mime
|
|t:|1667147071
|move|p2a: Claydol|Toxic|p1a: Weezing
|-immune|p1a: Weezing
|move|p1a: Weezing|Toxic Spikes|p2a: Claydol
|-sidestart|p2: Lambovino|move: Toxic Spikes
|
|upkeep
|turn|4
|
|t:|1667147078
|-end|p1a: Weezing|ability: Neutralizing Gas
|switch|p1a: Arctovish|Arctovish|100/100
|move|p2a: Claydol|Teleport|p2a: Claydol
|
|t:|1667147080
|switch|p2a: Weezing|Weezing, F|100/100|[from]move: Teleport
|-ability|p2a: Weezing|Neutralizing Gas
|-sideend|p2: Lambovino|move: Toxic Spikes|[of] p2a: Weezing
|
|upkeep
|turn|5
|
|t:|1667147115
|switch|p1a: Mesprit|Mesprit|100/100
|move|p2a: Weezing|Pain Split|p1a: Mesprit
|-sethp|p1a: Mesprit|100/100|[from] move: Pain Split|[silent]
|-sethp|p2a: Weezing|95/100|[from] move: Pain Split
|
|upkeep
|turn|6
|
|t:|1667147124
|-end|p2a: Weezing|ability: Neutralizing Gas
|switch|p2a: Ferroseed|Ferroseed, F|100/100
|move|p1a: Mesprit|U-turn|p2a: Ferroseed
|-damage|p2a: Ferroseed|89/100
|-damage|p1a: Mesprit|88/100|[from] ability: Iron Barbs|[of] p2a: Ferroseed
|
|t:|1667147128
|switch|p1a: Scrafty|Scrafty, M|100/100|[from]move: U-turn
|
|upkeep
|turn|7
|
|t:|1667147147
|switch|p2a: Ribombee|Ribombee, M|100/100
|move|p1a: Scrafty|Knock Off|p2a: Ribombee
|-resisted|p2a: Ribombee
|-damage|p2a: Ribombee|77/100
|-enditem|p2a: Ribombee|Ring Target|[from] move: Knock Off|[of] p1a: Scrafty
|
|upkeep
|turn|8
|c|☆Haffling|thats scary
|c|☆Lambovino|lol
|
|t:|1667147170
|switch|p1a: Weezing|Weezing, M|100/100
|-ability|p1a: Weezing|Neutralizing Gas
|move|p2a: Ribombee|Switcheroo|p1a: Weezing
|-activate|p2a: Ribombee|move: Trick|[of] p1a: Weezing
|-enditem|p1a: Weezing|Black Sludge|[silent]|[from] move: Switcheroo
|-item|p2a: Ribombee|Black Sludge|[from] move: Switcheroo
|
|-damage|p2a: Ribombee|64/100|[from] item: Black Sludge
|upkeep
|turn|9
|j| shiny mr mime
|
|t:|1667147179
|switch|p2a: Lapras|Lapras, M|100/100
|move|p1a: Weezing|Sludge Bomb|p2a: Lapras
|-damage|p2a: Lapras|80/100
|
|upkeep
|turn|10
|
|t:|1667147183
|move|p2a: Lapras|Rain Dance|p2a: Lapras
|-weather|RainDance
|move|p1a: Weezing|Sludge Bomb|p2a: Lapras
|-damage|p2a: Lapras|59/100
|
|-weather|RainDance|[upkeep]
|upkeep
|turn|11
|
|t:|1667147188
|move|p2a: Lapras|Surf|p1a: Weezing
|-damage|p1a: Weezing|32/100
|move|p1a: Weezing|Sludge Bomb|p2a: Lapras
|-damage|p2a: Lapras|40/100
|
|-weather|RainDance|[upkeep]
|upkeep
|turn|12
|
|t:|1667147197
|-end|p1a: Weezing|ability: Neutralizing Gas
|switch|p1a: Scrafty|Scrafty, M|100/100
|move|p2a: Lapras|Rest|p2a: Lapras
|-status|p2a: Lapras|slp|[from] move: Rest
|-heal|p2a: Lapras|100/100 slp|[silent]
|
|-weather|RainDance|[upkeep]
|-activate|p2a: Lapras|ability: Hydration
|-curestatus|p2a: Lapras|slp|[msg]
|upkeep
|turn|13
|c|☆Haffling|oh
|j| briandude
|l| briandude
|c|☆Haffling|i can click rend
|
|t:|1667147219
|switch|p2a: Claydol|Claydol|100/100
|move|p1a: Scrafty|Drain Punch|p2a: Claydol
|-resisted|p2a: Claydol
|-damage|p2a: Claydol|92/100
|
|-weather|RainDance|[upkeep]
|upkeep
|turn|14
|l| shiny mr mime
|
|t:|1667147225
|switch|p1a: Mesprit|Mesprit|88/100
|move|p2a: Claydol|Teleport|p2a: Claydol
|
|t:|1667147229
|switch|p2a: Lycanroc|Lycanroc, M|100/100|[from]move: Teleport
|
|-weather|none
|upkeep
|turn|15
|
|t:|1667147235
|move|p2a: Lycanroc|Stealth Rock|p1a: Mesprit
|-sidestart|p1: Haffling|move: Stealth Rock
|move|p1a: Mesprit|Psychic|p2a: Lycanroc
|-damage|p2a: Lycanroc|30/100
|
|upkeep
|turn|16
|
|t:|1667147241
|move|p2a: Lycanroc|Close Combat|p1a: Mesprit
|-resisted|p1a: Mesprit
|-damage|p1a: Mesprit|69/100
|-unboost|p2a: Lycanroc|def|1
|-unboost|p2a: Lycanroc|spd|1
|-enditem|p2a: Lycanroc|Eject Pack
|
|t:|1667147244
|switch|p2a: Ferroseed|Ferroseed, F|89/100
|move|p1a: Mesprit|Psychic|p2a: Ferroseed
|-resisted|p2a: Ferroseed
|-damage|p2a: Ferroseed|76/100
|
|upkeep
|turn|17
|
|t:|1667147249
|move|p1a: Mesprit|Healing Wish|p1a: Mesprit
|faint|p1a: Mesprit
|move|p2a: Ferroseed|Knock Off|p1: Mesprit|[notarget]
|-fail|p2a: Ferroseed
|
|upkeep
|
|t:|1667147252
|switch|p1a: Weezing|Weezing, M|32/100
|-ability|p1a: Weezing|Neutralizing Gas
|-heal|p1a: Weezing|100/100|[from] move: Healing Wish
|-damage|p1a: Weezing|88/100|[from] Stealth Rock
|turn|18
|
|t:|1667147257
|switch|p2a: Claydol|Claydol|92/100
|move|p1a: Weezing|Flamethrower|p2a: Claydol
|-damage|p2a: Claydol|75/100
|
|upkeep
|turn|19
|
|t:|1667147264
|move|p1a: Weezing|Sludge Bomb|p2a: Claydol
|-resisted|p2a: Claydol
|-damage|p2a: Claydol|62/100
|move|p2a: Claydol|Teleport|p2a: Claydol
|
|t:|1667147267
|switch|p2a: Lapras|Lapras, M|100/100|[from]move: Teleport
|
|upkeep
|turn|20
|
|t:|1667147277
|switch|p2a: Weezing|Weezing, F|95/100
|-ability|p2a: Weezing|Neutralizing Gas
|switch|p1a: Eldegoss|Eldegoss, F|100/100
|
|upkeep
|turn|21
|
|t:|1667147281
|move|p2a: Weezing|Sludge Bomb|p1a: Eldegoss
|-supereffective|p1a: Eldegoss
|-damage|p1a: Eldegoss|48/100
|move|p1a: Eldegoss|Rapid Spin|p2a: Weezing
|-damage|p2a: Weezing|91/100
|-boost|p1a: Eldegoss|spe|1
|-sideend|p1: Haffling|Stealth Rock|[from] move: Rapid Spin|[of] p1a: Eldegoss
|
|upkeep
|turn|22
|
|t:|1667147291
|switch|p1a: Scrafty|Scrafty, M|100/100
|move|p2a: Weezing|Toxic Spikes|p1a: Scrafty
|-sidestart|p1: Haffling|move: Toxic Spikes
|
|upkeep
|turn|23
|
|t:|1667147295
|move|p2a: Weezing|Sludge Bomb|p1a: Scrafty
|-damage|p1a: Scrafty|81/100
|-status|p1a: Scrafty|psn
|move|p1a: Scrafty|Bulk Up|p1a: Scrafty
|-boost|p1a: Scrafty|atk|1
|-boost|p1a: Scrafty|def|1
|
|-heal|p1a: Scrafty|87/100 psn|[from] item: Leftovers
|-damage|p1a: Scrafty|74/100 psn|[from] psn
|upkeep
|turn|24
|
|t:|1667147302
|move|p2a: Weezing|Sludge Bomb|p1a: Scrafty
|-damage|p1a: Scrafty|54/100 psn
|move|p1a: Scrafty|Rest|p1a: Scrafty
|-status|p1a: Scrafty|slp|[from] move: Rest
|-heal|p1a: Scrafty|100/100 slp|[silent]
|
|upkeep
|turn|25
|
|t:|1667147307
|-end|p2a: Weezing|ability: Neutralizing Gas
|switch|p2a: Ribombee|Ribombee, M|64/100
|cant|p1a: Scrafty|slp
|
|-damage|p2a: Ribombee|52/100|[from] item: Black Sludge
|upkeep
|turn|26
|
|t:|1667147312
|switch|p1a: Weezing|Weezing, M|88/100
|-ability|p1a: Weezing|Neutralizing Gas
|-sideend|p1: Haffling|move: Toxic Spikes|[of] p1a: Weezing
|move|p2a: Ribombee|Switcheroo|p1a: Weezing
|-activate|p2a: Ribombee|move: Trick|[of] p1a: Weezing
|-item|p1a: Weezing|Black Sludge|[from] move: Switcheroo
|-enditem|p2a: Ribombee|Black Sludge|[silent]|[from] move: Switcheroo
|
|-heal|p1a: Weezing|94/100|[from] item: Black Sludge
|upkeep
|turn|27
|
|t:|1667147321
|-end|p1a: Weezing|ability: Neutralizing Gas
|switch|p1a: Scrafty|Scrafty, M|100/100 slp
|move|p2a: Ribombee|Moonblast|p1a: Scrafty
|-supereffective|p1a: Scrafty
|-damage|p1a: Scrafty|2/100 slp
|
|-heal|p1a: Scrafty|8/100 slp|[from] item: Leftovers
|upkeep
|turn|28
|
|t:|1667147327
|switch|p1a: Weezing|Weezing, M|94/100
|-ability|p1a: Weezing|Neutralizing Gas
|move|p2a: Ribombee|Moonblast|p1a: Weezing
|-resisted|p1a: Weezing
|-damage|p1a: Weezing|71/100
|
|-heal|p1a: Weezing|77/100|[from] item: Black Sludge
|upkeep
|turn|29
|
|t:|1667147338
|switch|p2a: Lapras|Lapras, M|100/100
|move|p1a: Weezing|Sludge Bomb|p2a: Lapras
|-damage|p2a: Lapras|80/100
|
|-heal|p1a: Weezing|83/100|[from] item: Black Sludge
|upkeep
|turn|30
|
|t:|1667147344
|-end|p1a: Weezing|ability: Neutralizing Gas
|switch|p1a: Arctovish|Arctovish|100/100
|move|p2a: Lapras|Rain Dance|p2a: Lapras
|-weather|RainDance
|
|-weather|RainDance|[upkeep]
|upkeep
|turn|31
|
|t:|1667147347
|move|p1a: Arctovish|Fishious Rend|p2a: Lapras
|-resisted|p2a: Lapras
|-damage|p2a: Lapras|4/100
|move|p2a: Lapras|Freeze-Dry|p1a: Arctovish
|-damage|p1a: Arctovish|70/100
|
|-weather|RainDance|[upkeep]
|upkeep
|turn|32
|
|t:|1667147350
|switch|p2a: Ferroseed|Ferroseed, F|76/100
|move|p1a: Arctovish|Fishious Rend|p2a: Ferroseed
|-resisted|p2a: Ferroseed
|-damage|p2a: Ferroseed|2/100
|-damage|p1a: Arctovish|57/100|[from] ability: Iron Barbs|[of] p2a: Ferroseed
|
|-weather|RainDance|[upkeep]
|upkeep
|turn|33
|c|☆Lambovino|loool
|
|t:|1667147360
|switch|p1a: Eldegoss|Eldegoss, F|48/100
|move|p2a: Ferroseed|Spikes|p1a: Eldegoss
|-sidestart|p1: Haffling|Spikes
|
|-weather|RainDance|[upkeep]
|upkeep
|turn|34
|
|t:|1667147370
|move|p1a: Eldegoss|Rapid Spin|p2a: Ferroseed
|-resisted|p2a: Ferroseed
|-damage|p2a: Ferroseed|0 fnt
|-boost|p1a: Eldegoss|spe|1
|-damage|p1a: Eldegoss|36/100|[from] ability: Iron Barbs|[of] p2a: Ferroseed
|-sideend|p1: Haffling|Spikes|[from] move: Rapid Spin|[of] p1a: Eldegoss
|faint|p2a: Ferroseed
|
|-weather|none
|upkeep
|
|t:|1667147381
|switch|p2a: Lycanroc|Lycanroc, M|30/100
|turn|35
|
|t:|1667147385
|switch|p1a: Scrafty|Scrafty, M|8/100 slp
|move|p2a: Lycanroc|Stone Edge|p1a: Scrafty|[miss]
|-miss|p2a: Lycanroc|p1a: Scrafty
|
|-heal|p1a: Scrafty|14/100 slp|[from] item: Leftovers
|upkeep
|turn|36
|
|t:|1667147391
|move|p2a: Lycanroc|Close Combat|p1a: Scrafty
|-supereffective|p1a: Scrafty
|-damage|p1a: Scrafty|0 fnt
|-unboost|p2a: Lycanroc|def|1
|-unboost|p2a: Lycanroc|spd|1
|faint|p1a: Scrafty
|
|upkeep
|
|t:|1667147395
|switch|p1a: Weezing|Weezing, M|83/100
|-ability|p1a: Weezing|Neutralizing Gas
|turn|37
|
|t:|1667147400
|switch|p2a: Weezing|Weezing, F|91/100
|-ability|p2a: Weezing|Neutralizing Gas
|move|p1a: Weezing|Sludge Bomb|p2a: Weezing
|-resisted|p2a: Weezing
|-damage|p2a: Weezing|73/100
|
|-heal|p1a: Weezing|89/100|[from] item: Black Sludge
|upkeep
|turn|38
|
|t:|1667147409
|move|p1a: Weezing|Flamethrower|p2a: Weezing
|-damage|p2a: Weezing|50/100
|-enditem|p2a: Weezing|Sitrus Berry|[eat]
|-heal|p2a: Weezing|75/100|[from] item: Sitrus Berry
|move|p2a: Weezing|Toxic Spikes|p1a: Weezing
|-sidestart|p1: Haffling|move: Toxic Spikes
|
|-heal|p1a: Weezing|95/100|[from] item: Black Sludge
|upkeep
|turn|39
|
|t:|1667147413
|move|p1a: Weezing|Flamethrower|p2a: Weezing
|-damage|p2a: Weezing|52/100
|move|p2a: Weezing|Flamethrower|p1a: Weezing
|-damage|p1a: Weezing|68/100
|
|-heal|p1a: Weezing|74/100|[from] item: Black Sludge
|upkeep
|turn|40
|
|t:|1667147417
|move|p1a: Weezing|Flamethrower|p2a: Weezing
|-damage|p2a: Weezing|27/100
|move|p2a: Weezing|Pain Split|p1a: Weezing
|-sethp|p1a: Weezing|50/100|[from] move: Pain Split|[silent]
|-sethp|p2a: Weezing|50/100|[from] move: Pain Split
|
|-heal|p1a: Weezing|56/100|[from] item: Black Sludge
|upkeep
|turn|41
|
|t:|1667147421
|move|p1a: Weezing|Flamethrower|p2a: Weezing
|-damage|p2a: Weezing|24/100
|move|p2a: Weezing|Pain Split|p1a: Weezing
|-sethp|p1a: Weezing|40/100|[from] move: Pain Split|[silent]
|-sethp|p2a: Weezing|40/100|[from] move: Pain Split
|
|-heal|p1a: Weezing|46/100|[from] item: Black Sludge
|upkeep
|turn|42
|
|t:|1667147427
|move|p1a: Weezing|Flamethrower|p2a: Weezing
|-damage|p2a: Weezing|14/100
|move|p2a: Weezing|Flamethrower|p1a: Weezing
|-damage|p1a: Weezing|19/100
|
|-heal|p1a: Weezing|25/100|[from] item: Black Sludge
|upkeep
|turn|43
|
|t:|1667147431
|move|p1a: Weezing|Toxic Spikes|p2a: Weezing
|-sidestart|p2: Lambovino|move: Toxic Spikes
|move|p2a: Weezing|Flamethrower|p1a: Weezing
|-damage|p1a: Weezing|1/100
|
|-heal|p1a: Weezing|7/100|[from] item: Black Sludge
|upkeep
|turn|44
|
|t:|1667147434
|switch|p2a: Claydol|Claydol|62/100
|-status|p2a: Claydol|psn
|move|p1a: Weezing|Flamethrower|p2a: Claydol
|-damage|p2a: Claydol|46/100 psn
|
|-heal|p1a: Weezing|13/100|[from] item: Black Sludge
|-damage|p2a: Claydol|34/100 psn|[from] psn
|upkeep
|turn|45
|
|t:|1667147441
|-end|p1a: Weezing|ability: Neutralizing Gas
|switch|p1a: Eldegoss|Eldegoss, F|69/100
|move|p2a: Claydol|Teleport|p2a: Claydol
|j| jsffgjfg
|
|t:|1667147446
|switch|p2a: Weezing|Weezing, F|14/100|[from]move: Teleport
|-ability|p2a: Weezing|Neutralizing Gas
|-sideend|p2: Lambovino|move: Toxic Spikes|[of] p2a: Weezing
|
|upkeep
|turn|46
|
|t:|1667147455
|switch|p1a: Weezing|Weezing, M|13/100
|-ability|p1a: Weezing|Neutralizing Gas
|-sideend|p1: Haffling|move: Toxic Spikes|[of] p1a: Weezing
|move|p2a: Weezing|Sludge Bomb|p1a: Weezing
|-resisted|p1a: Weezing
|-damage|p1a: Weezing|0 fnt
|faint|p1a: Weezing
|
|upkeep
|
|t:|1667147458
|switch|p1a: Arctovish|Arctovish|57/100
|turn|47
|
|t:|1667147462
|move|p1a: Arctovish|Fishious Rend|p2a: Weezing
|-damage|p2a: Weezing|0 fnt
|faint|p2a: Weezing
|-end|p2a: Weezing|ability: Neutralizing Gas
|
|upkeep
|
|t:|1667147465
|switch|p2a: Lycanroc|Lycanroc, M|30/100
|turn|48
|
|t:|1667147470
|switch|p1a: Gigalith|Gigalith, F|100/100
|-weather|Sandstorm|[from] ability: Sand Stream|[of] p1a: Gigalith
|move|p2a: Lycanroc|Close Combat|p1a: Gigalith
|-supereffective|p1a: Gigalith
|-damage|p1a: Gigalith|46/100
|-unboost|p2a: Lycanroc|def|1
|-unboost|p2a: Lycanroc|spd|1
|
|-weather|Sandstorm|[upkeep]
|-heal|p1a: Gigalith|53/100|[from] item: Leftovers
|upkeep
|turn|49
|j| barba atun
|
|t:|1667147474
|move|p1a: Gigalith|Protect|p1a: Gigalith
|-singleturn|p1a: Gigalith|Protect
|move|p2a: Lycanroc|Stealth Rock|p1a: Gigalith
|-sidestart|p1: Haffling|move: Stealth Rock
|
|-weather|Sandstorm|[upkeep]
|-heal|p1a: Gigalith|59/100|[from] item: Leftovers
|upkeep
|turn|50
|
|t:|1667147480
|switch|p2a: Claydol|Claydol|34/100 psn
|move|p1a: Gigalith|Earthquake|p2a: Claydol
|-immune|p2a: Claydol|[from] ability: Levitate
|
|-weather|Sandstorm|[upkeep]
|-heal|p1a: Gigalith|65/100|[from] item: Leftovers
|-damage|p2a: Claydol|22/100 psn|[from] psn
|upkeep
|turn|51
|
|t:|1667147487
|move|p2a: Claydol|Earth Power|p1a: Gigalith
|-supereffective|p1a: Gigalith
|-damage|p1a: Gigalith|41/100
|move|p1a: Gigalith|Stealth Rock|p2a: Claydol
|-sidestart|p2: Lambovino|move: Stealth Rock
|
|-weather|Sandstorm|[upkeep]
|-heal|p1a: Gigalith|47/100|[from] item: Leftovers
|-damage|p2a: Claydol|9/100 psn|[from] psn
|upkeep
|turn|52
|
|t:|1667147490
|move|p1a: Gigalith|Protect|p1a: Gigalith
|-singleturn|p1a: Gigalith|Protect
|move|p2a: Claydol|Rapid Spin|p1a: Gigalith
|-activate|p1a: Gigalith|move: Protect
|
|-weather|none
|-heal|p1a: Gigalith|53/100|[from] item: Leftovers
|-damage|p2a: Claydol|0 fnt|[from] psn
|faint|p2a: Claydol
|upkeep
|
|t:|1667147497
|switch|p2a: Lycanroc|Lycanroc, M|30/100
|-damage|p2a: Lycanroc|18/100|[from] Stealth Rock
|turn|53
|
|t:|1667147502
|move|p2a: Lycanroc|Close Combat|p1a: Gigalith
|-supereffective|p1a: Gigalith
|-damage|p1a: Gigalith|0 fnt
|-unboost|p2a: Lycanroc|def|1
|-unboost|p2a: Lycanroc|spd|1
|faint|p1a: Gigalith
|
|upkeep
|
|t:|1667147505
|switch|p1a: Eldegoss|Eldegoss, F|69/100
|turn|54
|
|t:|1667147510
|move|p2a: Lycanroc|Close Combat|p1a: Eldegoss
|-damage|p1a: Eldegoss|36/100
|-unboost|p2a: Lycanroc|def|1
|-unboost|p2a: Lycanroc|spd|1
|move|p1a: Eldegoss|Giga Drain|p2a: Lycanroc
|-supereffective|p2a: Lycanroc
|-damage|p2a: Lycanroc|0 fnt
|-heal|p1a: Eldegoss|44/100|[from] drain|[of] p2a: Lycanroc
|faint|p2a: Lycanroc
|
|upkeep
|
|t:|1667147513
|switch|p2a: Ribombee|Ribombee, M|52/100
|-damage|p2a: Ribombee|27/100|[from] Stealth Rock
|turn|55
|
|t:|1667147517
|move|p2a: Ribombee|Roost|p2a: Ribombee
|-heal|p2a: Ribombee|77/100
|-singleturn|p2a: Ribombee|move: Roost
|move|p1a: Eldegoss|Rapid Spin|p2a: Ribombee
|-damage|p2a: Ribombee|68/100
|-boost|p1a: Eldegoss|spe|1
|-sideend|p1: Haffling|Stealth Rock|[from] move: Rapid Spin|[of] p1a: Eldegoss
|
|upkeep
|turn|56
|
|t:|1667147520
|move|p2a: Ribombee|Moonblast|p1a: Eldegoss
|-crit|p1a: Eldegoss
|-damage|p1a: Eldegoss|0 fnt
|faint|p1a: Eldegoss
|
|upkeep
|
|t:|1667147522
|switch|p1a: Arctovish|Arctovish|57/100
|turn|57
|c|☆Lambovino|wait i choked
|
|t:|1667147536
|move|p2a: Ribombee|Moonblast|p1a: Arctovish
|-damage|p1a: Arctovish|12/100
|move|p1a: Arctovish|Fishious Rend|p2a: Ribombee
|-damage|p2a: Ribombee|0 fnt
|faint|p2a: Ribombee
|
|upkeep
|
|t:|1667147540
|switch|p2a: Lapras|Lapras, M|4/100
|turn|58
|c|☆Lambovino|gg was fun
|
|t:|1667147543
|move|p1a: Arctovish|Fishious Rend|p2a: Lapras
|-resisted|p2a: Lapras
|-damage|p2a: Lapras|0 fnt
|faint|p2a: Lapras
|
|win|Haffling
|n|☆Haffling|haffling
|n|☆Lambovino|lambovino
|n| aiba ai ◕‿◕|aibaai
|n| jsffgjfg|jsffgjfg
|n| barba atun|barbaatun
