|html|<div class="broadcast-blue"><strong>[Gen 8] PU is currently suspecting Exeggutor-Alola! For information on how to participate check out the <a href="https://www.smogon.com/forums/threads/np-pu-stage-6-hate-to-see-you-k-o-love-to-watch-you-leaf-storm.3686048/">suspect thread</a>.</strong></div>
|j|☆snatchless
|j|☆one of the bouys
|t:|1624790633
|gametype|singles
|player|p1|snatchless|170|1441
|player|p2|one of the bouys|266|1656
|teamsize|p1|6
|teamsize|p2|6
|gen|8
|tier|[Gen 8] PU
|rated|
|rule|Sleep Clause Mod: Limit one foe put to sleep
|rule|Species Clause: Limit one of each Pokémon
|rule|OHKO Clause: OHKO moves are banned
|rule|Evasion Moves Clause: Evasion moves are banned
|rule|Endless Battle Clause: Forcing endless battles is banned
|rule|HP Percentage Mod: HP is shown in percentages
|rule|Dynamax Clause: You cannot dynamax
|clearpoke
|poke|p1|Passimian, F|
|poke|p1|Charizard, F|
|poke|p1|Silvally-*|
|poke|p1|Tsareena, F|
|poke|p1|Sandaconda, F|
|poke|p1|Aromatisse, F|
|poke|p2|Scyther, M|
|poke|p2|Morpeko, F|
|poke|p2|Lunatone|
|poke|p2|Poliwrath, M|
|poke|p2|Weezing, M|
|poke|p2|Stunfisk-Galar, F|
|teampreview
|inactive|Battle timer is ON: inactive players will automatically lose when time's up. (requested by snatchless)
|
|t:|1624790663
|start
|switch|p1a: Passimian|Passimian, F|100/100
|switch|p2a: Weezing|Weezing, M|100/100
|-ability|p2a: Weezing|Neutralizing Gas
|turn|1
|
|t:|1624790679
|move|p1a: Passimian|Earthquake|p2a: Weezing
|-supereffective|p2a: Weezing
|-damage|p2a: Weezing|60/100
|move|p2a: Weezing|Toxic Spikes|p1a: Passimian
|-sidestart|p1: snatchless|move: Toxic Spikes
|
|-heal|p2a: Weezing|66/100|[from] item: Black Sludge
|upkeep
|turn|2
|
|t:|1624790684
|switch|p1a: Charizard|Charizard, F|100/100
|-end|p2a: Weezing|ability: Neutralizing Gas
|switch|p2a: Lunatone|Lunatone|100/100
|
|upkeep
|turn|3
|
|t:|1624790694
|move|p1a: Charizard|Defog|p2a: Lunatone
|-unboost|p2a: Lunatone|evasion|1
|-sideend|p1: snatchless|Toxic Spikes|[from] move: Defog|[of] p1a: Charizard
|move|p2a: Lunatone|Power Gem|p1a: Charizard
|-supereffective|p1a: Charizard
|-crit|p1a: Charizard
|-damage|p1a: Charizard|0 fnt
|faint|p1a: Charizard
|
|upkeep
|
|t:|1624790705
|switch|p1a: Tsareena|Tsareena, F|100/100
|turn|4
|
|t:|1624790713
|switch|p2a: Weezing|Weezing, M|66/100
|-ability|p2a: Weezing|Neutralizing Gas
|move|p1a: Tsareena|Power Whip|p2a: Weezing
|-resisted|p2a: Weezing
|-damage|p2a: Weezing|47/100
|
|-heal|p2a: Weezing|53/100|[from] item: Black Sludge
|upkeep
|turn|5
|
|t:|1624790720
|move|p1a: Tsareena|U-turn|p2a: Weezing
|-resisted|p2a: Weezing
|-damage|p2a: Weezing|46/100
|
|t:|1624790727
|switch|p1a: Silvally|Silvally-Steel|100/100|[from]move: U-turn
|move|p2a: Weezing|Toxic Spikes|p1a: Silvally
|-sidestart|p1: snatchless|move: Toxic Spikes
|
|-heal|p2a: Weezing|52/100|[from] item: Black Sludge
|upkeep
|turn|6
|
|t:|1624790734
|-end|p2a: Weezing|ability: Neutralizing Gas
|switch|p2a: Poliwrath|Poliwrath, M|100/100
|move|p1a: Silvally|Multi-Attack|p2a: Poliwrath
|-resisted|p2a: Poliwrath
|-damage|p2a: Poliwrath|83/100
|
|-heal|p2a: Poliwrath|89/100|[from] item: Leftovers
|upkeep
|turn|7
|
|t:|1624790742
|switch|p1a: Tsareena|Tsareena, F|100/100
|move|p2a: Poliwrath|Circle Throw|p1a: Tsareena
|-damage|p1a: Tsareena|78/100
|drag|p1a: Passimian|Passimian, F|100/100
|-status|p1a: Passimian|psn
|
|-heal|p2a: Poliwrath|95/100|[from] item: Leftovers
|-damage|p1a: Passimian|88/100 psn|[from] psn
|upkeep
|turn|8
|
|t:|1624790753
|move|p1a: Passimian|Knock Off|p2a: Poliwrath
|-resisted|p2a: Poliwrath
|-damage|p2a: Poliwrath|85/100
|-enditem|p2a: Poliwrath|Leftovers|[from] move: Knock Off|[of] p1a: Passimian
|move|p2a: Poliwrath|Circle Throw|p1a: Passimian|[miss]
|-miss|p2a: Poliwrath|p1a: Passimian
|
|-damage|p1a: Passimian|76/100 psn|[from] psn
|upkeep
|turn|9
|
|t:|1624790761
|switch|p1a: Aromatisse|Aromatisse, F|100/100
|-status|p1a: Aromatisse|psn
|move|p2a: Poliwrath|Circle Throw|p1a: Aromatisse
|-resisted|p1a: Aromatisse
|-damage|p1a: Aromatisse|93/100 psn
|drag|p1a: Silvally|Silvally-Steel|100/100
|
|upkeep
|turn|10
|
|t:|1624790770
|switch|p1a: Aromatisse|Aromatisse, F|93/100 psn
|move|p2a: Poliwrath|Circle Throw|p1a: Aromatisse|[miss]
|-miss|p2a: Poliwrath|p1a: Aromatisse
|
|-heal|p1a: Aromatisse|99/100 psn|[from] item: Leftovers
|-damage|p1a: Aromatisse|87/100 psn|[from] psn
|upkeep
|turn|11
|
|t:|1624790782
|switch|p2a: Lunatone|Lunatone|100/100
|move|p1a: Aromatisse|Wish|p1a: Aromatisse
|
|-heal|p1a: Aromatisse|93/100 psn|[from] item: Leftovers
|-damage|p1a: Aromatisse|81/100 psn|[from] psn
|upkeep
|turn|12
|
|t:|1624790785
|move|p2a: Lunatone|Future Sight|p1a: Aromatisse
|-start|p2a: Lunatone|move: Future Sight
|move|p1a: Aromatisse|Moonblast|p2a: Lunatone
|-crit|p2a: Lunatone
|-damage|p2a: Lunatone|50/100
|-unboost|p2a: Lunatone|spa|1
|
|-heal|p1a: Aromatisse|100/100 psn|[from] move: Wish|[wisher] Aromatisse
|-heal|p2a: Lunatone|56/100|[from] item: Leftovers
|-damage|p1a: Aromatisse|88/100 psn|[from] psn
|upkeep
|turn|13
|
|t:|1624790791
|move|p2a: Lunatone|Moonlight|p2a: Lunatone
|-heal|p2a: Lunatone|100/100
|move|p1a: Aromatisse|Heal Bell|p1a: Aromatisse
|-activate|p1a: Aromatisse|move: Heal Bell
|-curestatus|p1a: Aromatisse|psn|[msg]
|-curestatus|p1: Passimian|psn|[msg]
|
|-heal|p1a: Aromatisse|94/100|[from] item: Leftovers
|upkeep
|turn|14
|
|t:|1624790805
|switch|p2a: Stunfisk|Stunfisk-Galar, F|100/100
|move|p1a: Aromatisse|Moonblast|p2a: Stunfisk
|-resisted|p2a: Stunfisk
|-damage|p2a: Stunfisk|91/100
|-unboost|p2a: Stunfisk|spa|1
|
|-end|p1a: Aromatisse|move: Future Sight
|-damage|p1a: Aromatisse|40/100
|-heal|p2a: Stunfisk|97/100|[from] item: Leftovers
|-heal|p1a: Aromatisse|46/100|[from] item: Leftovers
|upkeep
|turn|15
|
|t:|1624790812
|move|p1a: Aromatisse|Protect|p1a: Aromatisse
|-singleturn|p1a: Aromatisse|Protect
|move|p2a: Stunfisk|Snap Trap|p1a: Aromatisse
|-activate|p1a: Aromatisse|move: Protect
|
|-heal|p2a: Stunfisk|100/100|[from] item: Leftovers
|-heal|p1a: Aromatisse|52/100|[from] item: Leftovers
|upkeep
|turn|16
|
|t:|1624790817
|move|p2a: Stunfisk|Snap Trap|p1a: Aromatisse
|-damage|p1a: Aromatisse|48/100
|-activate|p1a: Aromatisse|move: Snap Trap|[of] p2a: Stunfisk
|move|p1a: Aromatisse|Wish|p1a: Aromatisse
|
|-heal|p1a: Aromatisse|54/100|[from] item: Leftovers
|-damage|p1a: Aromatisse|41/100|[from] move: Snap Trap|[partiallytrapped]
|upkeep
|turn|17
|
|t:|1624790826
|move|p2a: Stunfisk|Stealth Rock|p1a: Aromatisse
|-sidestart|p1: snatchless|move: Stealth Rock
|move|p1a: Aromatisse|Moonblast|p2a: Stunfisk
|-resisted|p2a: Stunfisk
|-damage|p2a: Stunfisk|89/100
|
|-heal|p1a: Aromatisse|91/100|[from] move: Wish|[wisher] Aromatisse
|-heal|p2a: Stunfisk|95/100|[from] item: Leftovers
|-heal|p1a: Aromatisse|98/100|[from] item: Leftovers
|-damage|p1a: Aromatisse|85/100|[from] move: Snap Trap|[partiallytrapped]
|upkeep
|turn|18
|
|t:|1624790830
|move|p2a: Stunfisk|Yawn|p1a: Aromatisse
|-start|p1a: Aromatisse|move: Yawn|[of] p2a: Stunfisk
|move|p1a: Aromatisse|Moonblast|p2a: Stunfisk
|-resisted|p2a: Stunfisk
|-damage|p2a: Stunfisk|85/100
|
|-heal|p2a: Stunfisk|91/100|[from] item: Leftovers
|-heal|p1a: Aromatisse|91/100|[from] item: Leftovers
|-damage|p1a: Aromatisse|79/100|[from] move: Snap Trap|[partiallytrapped]
|upkeep
|turn|19
|
|t:|1624790837
|move|p2a: Stunfisk|Earthquake|p1a: Aromatisse
|-damage|p1a: Aromatisse|56/100
|move|p1a: Aromatisse|Moonblast|p2a: Stunfisk
|-resisted|p2a: Stunfisk
|-damage|p2a: Stunfisk|80/100
|
|-heal|p2a: Stunfisk|86/100|[from] item: Leftovers
|-heal|p1a: Aromatisse|62/100|[from] item: Leftovers
|-damage|p1a: Aromatisse|50/100|[from] move: Snap Trap|[partiallytrapped]
|-end|p1a: Aromatisse|move: Yawn|[silent]
|-status|p1a: Aromatisse|slp
|upkeep
|turn|20
|
|t:|1624790841
|cant|p1a: Aromatisse|slp
|move|p2a: Stunfisk|Earthquake|p1a: Aromatisse
|-damage|p1a: Aromatisse|29/100 slp
|
|-heal|p2a: Stunfisk|92/100|[from] item: Leftovers
|-heal|p1a: Aromatisse|35/100 slp|[from] item: Leftovers
|-end|p1a: Aromatisse|Snap Trap|[partiallytrapped]
|upkeep
|turn|21
|
|t:|1624790844
|move|p2a: Stunfisk|Snap Trap|p1a: Aromatisse
|-damage|p1a: Aromatisse|31/100 slp
|-activate|p1a: Aromatisse|move: Snap Trap|[of] p2a: Stunfisk
|cant|p1a: Aromatisse|slp
|
|-heal|p2a: Stunfisk|98/100|[from] item: Leftovers
|-heal|p1a: Aromatisse|37/100 slp|[from] item: Leftovers
|-damage|p1a: Aromatisse|24/100 slp|[from] move: Snap Trap|[partiallytrapped]
|upkeep
|turn|22
|
|t:|1624790847
|cant|p1a: Aromatisse|slp
|move|p2a: Stunfisk|Earthquake|p1a: Aromatisse
|-damage|p1a: Aromatisse|4/100 slp
|
|-heal|p2a: Stunfisk|100/100|[from] item: Leftovers
|-heal|p1a: Aromatisse|10/100 slp|[from] item: Leftovers
|-damage|p1a: Aromatisse|0 fnt|[from] move: Snap Trap|[partiallytrapped]
|faint|p1a: Aromatisse
|upkeep
|
|t:|1624790852
|switch|p1a: Passimian|Passimian, F|76/100
|-damage|p1a: Passimian|70/100|[from] Stealth Rock
|-status|p1a: Passimian|psn
|turn|23
|
|t:|1624790861
|move|p1a: Passimian|Close Combat|p2a: Stunfisk
|-supereffective|p2a: Stunfisk
|-damage|p2a: Stunfisk|0 fnt
|-unboost|p1a: Passimian|def|1
|-unboost|p1a: Passimian|spd|1
|faint|p2a: Stunfisk
|
|-damage|p1a: Passimian|58/100 psn|[from] psn
|upkeep
|
|t:|1624790864
|switch|p2a: Scyther|Scyther, M|100/100
|turn|24
|
|t:|1624790867
|switch|p1a: Silvally|Silvally-Steel|100/100
|-damage|p1a: Silvally|94/100|[from] Stealth Rock
|move|p2a: Scyther|Knock Off|p1a: Silvally
|-damage|p1a: Silvally|73/100
|
|upkeep
|turn|25
|
|t:|1624790874
|move|p2a: Scyther|U-turn|p1a: Silvally
|-resisted|p1a: Silvally
|-damage|p1a: Silvally|57/100
|
|t:|1624790876
|switch|p2a: Morpeko|Morpeko, F|100/100|[from]move: U-turn
|move|p1a: Silvally|Multi-Attack|p2a: Morpeko
|-resisted|p2a: Morpeko
|-damage|p2a: Morpeko|51/100
|
|-formechange|p2a: Morpeko|Morpeko-Hangry||[from] ability: Hunger Switch
|upkeep
|turn|26
|
|t:|1624790887
|switch|p1a: Sandaconda|Sandaconda, F|100/100
|-status|p1a: Sandaconda|psn
|-damage|p1a: Sandaconda|94/100 psn|[from] Stealth Rock
|move|p2a: Morpeko|Aura Wheel|p1a: Sandaconda
|-damage|p1a: Sandaconda|66/100 psn
|-boost|p2a: Morpeko|spe|1
|
|-activate|p1a: Sandaconda|ability: Shed Skin
|-curestatus|p1a: Sandaconda|psn|[msg]
|-heal|p1a: Sandaconda|72/100|[from] item: Leftovers
|-formechange|p2a: Morpeko|Morpeko||[from] ability: Hunger Switch
|upkeep
|turn|27
|
|t:|1624790902
|move|p2a: Morpeko|Parting Shot|p1a: Sandaconda
|-unboost|p1a: Sandaconda|atk|1
|-unboost|p1a: Sandaconda|spa|1
|
|t:|1624790904
|switch|p2a: Lunatone|Lunatone|100/100|[from]move: Parting Shot
|move|p1a: Sandaconda|Glare|p2a: Lunatone
|-status|p2a: Lunatone|par
|
|-heal|p1a: Sandaconda|78/100|[from] item: Leftovers
|upkeep
|turn|28
|
|t:|1624790913
|switch|p1a: Tsareena|Tsareena, F|78/100
|move|p2a: Lunatone|Future Sight|p1a: Tsareena
|-start|p2a: Lunatone|move: Future Sight
|
|upkeep
|turn|29
|
|t:|1624790918
|switch|p2a: Weezing|Weezing, M|52/100
|-ability|p2a: Weezing|Neutralizing Gas
|move|p1a: Tsareena|Rapid Spin|p2a: Weezing
|-damage|p2a: Weezing|41/100
|-boost|p1a: Tsareena|spe|1
|-sideend|p1: snatchless|Toxic Spikes|[from] move: Rapid Spin|[of] p1a: Tsareena
|-sideend|p1: snatchless|Stealth Rock|[from] move: Rapid Spin|[of] p1a: Tsareena
|
|-heal|p2a: Weezing|47/100|[from] item: Black Sludge
|upkeep
|turn|30
|
|t:|1624790926
|move|p1a: Tsareena|U-turn|p2a: Weezing
|-resisted|p2a: Weezing
|-damage|p2a: Weezing|39/100
|
|t:|1624790949
|switch|p1a: Silvally|Silvally-Steel|57/100|[from]move: U-turn
|move|p2a: Weezing|Will-O-Wisp|p1a: Silvally
|-status|p1a: Silvally|brn
|
|-end|p1a: Silvally|move: Future Sight
|-resisted|p1a: Silvally
|-damage|p1a: Silvally|27/100 brn
|-heal|p2a: Weezing|45/100|[from] item: Black Sludge
|-damage|p1a: Silvally|21/100 brn|[from] brn
|upkeep
|turn|31
|
|t:|1624790961
|switch|p1a: Passimian|Passimian, F|58/100 psn
|-end|p2a: Weezing|ability: Neutralizing Gas
|switch|p2a: Scyther|Scyther, M|100/100
|
|-damage|p1a: Passimian|45/100 psn|[from] psn
|upkeep
|turn|32
|
|t:|1624790966
|switch|p2a: Poliwrath|Poliwrath, M|85/100
|move|p1a: Passimian|U-turn|p2a: Poliwrath
|-resisted|p2a: Poliwrath
|-damage|p2a: Poliwrath|77/100
|
|t:|1624790969
|switch|p1a: Tsareena|Tsareena, F|78/100|[from]move: U-turn
|
|upkeep
|turn|33
|
|t:|1624790976
|switch|p2a: Scyther|Scyther, M|100/100
|move|p1a: Tsareena|Power Whip|p2a: Scyther
|-resisted|p2a: Scyther
|-damage|p2a: Scyther|81/100
|
|upkeep
|turn|34
|
|t:|1624790979
|move|p2a: Scyther|Dual Wingbeat|p1a: Tsareena
|-supereffective|p1a: Tsareena
|-damage|p1a: Tsareena|8/100
|-supereffective|p1a: Tsareena
|-damage|p1a: Tsareena|0 fnt
|faint|p1a: Tsareena
|-hitcount|p1: Tsareena|2
|
|upkeep
|
|t:|1624790983
|switch|p1a: Sandaconda|Sandaconda, F|78/100
|turn|35
|
|t:|1624790987
|switch|p1a: Passimian|Passimian, F|45/100 psn
|move|p2a: Scyther|U-turn|p1a: Passimian
|-resisted|p1a: Passimian
|-damage|p1a: Passimian|28/100 psn
|
|t:|1624790992
|switch|p2a: Morpeko|Morpeko, F|51/100|[from]move: U-turn
|
|-damage|p1a: Passimian|15/100 psn|[from] psn
|-formechange|p2a: Morpeko|Morpeko-Hangry||[from] ability: Hunger Switch
|upkeep
|turn|36
|
|t:|1624790995
|move|p2a: Morpeko|Protect|p2a: Morpeko
|-singleturn|p2a: Morpeko|Protect
|move|p1a: Passimian|U-turn|p2a: Morpeko
|-activate|p2a: Morpeko|move: Protect
|
|-damage|p1a: Passimian|3/100 psn|[from] psn
|-formechange|p2a: Morpeko|Morpeko||[from] ability: Hunger Switch
|upkeep
|turn|37
|-message|snatchless forfeited.
|
|win|one of the bouys
|raw|snatchless's rating: 1441 &rarr; <strong>1432</strong><br />(-9 for losing)
|raw|one of the bouys's rating: 1656 &rarr; <strong>1665</strong><br />(+9 for winning)
|l|☆snatchless
