|j|☆Maxou_yolo34
|j|☆un vigoroth
|t:|1605491827
|player|p1|Maxou_yolo34|dancer|1326
|player|p2|un vigoroth|swimmer-gen4dp|1509
|teamsize|p1|6
|teamsize|p2|6
|gametype|singles
|gen|8
|tier|[Gen 8] PU
|rated|
|clearpoke
|poke|p1|Flareon, F|
|poke|p1|Clefairy, F|
|poke|p1|Silvally-*|
|poke|p1|Sandslash, F|
|poke|p1|Wishiwashi, M|
|poke|p1|Trevenant, M|
|poke|p2|Alcremie, F|
|poke|p2|Bouffalant, F|
|poke|p2|Jolteon, M|
|poke|p2|Sandaconda, F|
|poke|p2|Carracosta, F|
|poke|p2|Drifblim, F|
|rule|Sleep Clause Mod: Limit one foe put to sleep
|rule|Species Clause: Limit one of each Pokémon
|rule|OHKO Clause: OHKO moves are banned
|rule|Evasion Moves Clause: Evasion moves are banned
|rule|Endless Battle Clause: Forcing endless battles is banned
|rule|HP Percentage Mod: HP is shown in percentages
|rule|Dynamax Clause: You cannot dynamax
|teampreview
|
|t:|1605491855
|start
|switch|p1a: Wishiwashi|Wishiwashi, M|100/100
|switch|p2a: Bouffalant|Bouffalant, F|100/100
|-formechange|p1a: Wishiwashi|Wishiwashi-School||[from] ability: Schooling
|turn|1
|
|t:|1605491867
|switch|p1a: Sandslash|Sandslash, F|100/100
|move|p2a: Bouffalant|Head Charge|p1a: Sandslash
|-damage|p1a: Sandslash|38/100
|-damage|p2a: Bouffalant|84/100|[from] item: Rocky Helmet|[of] p1a: Sandslash
|-damage|p2a: Bouffalant|67/100|[from] Recoil
|
|upkeep
|turn|2
|
|t:|1605491875
|switch|p1a: Trevenant|Trevenant, M|100/100
|move|p2a: Bouffalant|Head Charge|p1a: Trevenant
|-immune|p1a: Trevenant
|
|upkeep
|turn|3
|
|t:|1605491883
|switch|p2a: Drifblim|Drifblim, F|100/100
|move|p1a: Trevenant|Earthquake|p2a: Drifblim
|-immune|p2a: Drifblim
|
|upkeep
|turn|4
|
|t:|1605491898
|switch|p1a: Wishiwashi|Wishiwashi, M|100/100
|-formechange|p1a: Wishiwashi|Wishiwashi-School||[from] ability: Schooling
|move|p2a: Drifblim|Shadow Ball|p1a: Wishiwashi
|-damage|p1a: Wishiwashi|77/100
|-unboost|p1a: Wishiwashi|spd|1
|
|upkeep
|turn|5
|
|t:|1605491912
|switch|p1a: Clefairy|Clefairy, F|100/100
|move|p2a: Drifblim|Shadow Ball|p1a: Clefairy
|-damage|p1a: Clefairy|84/100
|
|upkeep
|turn|6
|
|t:|1605491917
|switch|p2a: Sandaconda|Sandaconda, F|100/100
|move|p1a: Clefairy|Wish|p1a: Clefairy
|
|upkeep
|turn|7
|
|t:|1605491923
|switch|p1a: Sandslash|Sandslash, F|38/100
|move|p2a: Sandaconda|Stealth Rock|p1a: Sandslash
|-sidestart|p1: Maxou_yolo34|move: Stealth Rock
|
|-heal|p1a: Sandslash|86/100|[from] move: Wish|[wisher] Clefairy
|upkeep
|turn|8
|
|t:|1605491929
|move|p2a: Sandaconda|Earthquake|p1a: Sandslash
|-damage|p1a: Sandslash|61/100
|move|p1a: Sandslash|Knock Off|p2a: Sandaconda
|-damage|p2a: Sandaconda|86/100
|-damage|p1a: Sandslash|44/100|[from] item: Rocky Helmet|[of] p2a: Sandaconda
|-enditem|p2a: Sandaconda|Rocky Helmet|[from] move: Knock Off|[of] p1a: Sandslash
|
|upkeep
|turn|9
|
|t:|1605491935
|move|p2a: Sandaconda|Earthquake|p1a: Sandslash
|-damage|p1a: Sandslash|22/100
|move|p1a: Sandslash|Rapid Spin|p2a: Sandaconda
|-damage|p2a: Sandaconda|78/100
|-boost|p1a: Sandslash|spe|1
|-sideend|p1: Maxou_yolo34|Stealth Rock|[from] move: Rapid Spin|[of] p1a: Sandslash
|
|upkeep
|turn|10
|
|t:|1605491950
|switch|p1a: Trevenant|Trevenant, M|100/100
|move|p2a: Sandaconda|Stealth Rock|p1a: Trevenant
|-sidestart|p1: Maxou_yolo34|move: Stealth Rock
|
|upkeep
|turn|11
|
|t:|1605491959
|switch|p2a: Bouffalant|Bouffalant, F|67/100
|move|p1a: Trevenant|Poltergeist|p2a: Bouffalant
|-immune|p2a: Bouffalant
|
|upkeep
|turn|12
|
|t:|1605491979
|switch|p1a: Sandslash|Sandslash, F|22/100
|-damage|p1a: Sandslash|16/100|[from] Stealth Rock
|move|p2a: Bouffalant|Throat Chop|p1a: Sandslash
|-damage|p1a: Sandslash|0 fnt
|-damage|p2a: Bouffalant|50/100|[from] item: Rocky Helmet|[of] p1a: Sandslash
|faint|p1a: Sandslash
|
|upkeep
|
|t:|1605492027
|switch|p1a: Silvally|Silvally-Poison|100/100
|-damage|p1a: Silvally|88/100|[from] Stealth Rock
|turn|13
|
|t:|1605492030
|switch|p2a: Drifblim|Drifblim, F|100/100
|move|p1a: Silvally|Swords Dance|p1a: Silvally
|-boost|p1a: Silvally|atk|2
|
|upkeep
|turn|14
|
|t:|1605492036
|move|p1a: Silvally|Parting Shot|p2a: Drifblim
|-unboost|p2a: Drifblim|atk|1
|-unboost|p2a: Drifblim|spa|1
|
|t:|1605492044
|switch|p1a: Flareon|Flareon, F|100/100|[from]move: Parting Shot
|move|p2a: Drifblim|Haze|p2a: Drifblim
|-clearallboost
|
|upkeep
|turn|15
|
|t:|1605492050
|switch|p2a: Sandaconda|Sandaconda, F|78/100
|move|p1a: Flareon|Toxic|p2a: Sandaconda
|-status|p2a: Sandaconda|tox
|
|-damage|p2a: Sandaconda|72/100 tox|[from] psn
|upkeep
|turn|16
|
|t:|1605492063
|switch|p1a: Trevenant|Trevenant, M|100/100
|-damage|p1a: Trevenant|88/100|[from] Stealth Rock
|move|p2a: Sandaconda|Earthquake|p1a: Trevenant
|-resisted|p1a: Trevenant
|-damage|p1a: Trevenant|67/100
|
|-damage|p2a: Sandaconda|60/100 tox|[from] psn
|upkeep
|turn|17
|
|t:|1605492070
|switch|p2a: Bouffalant|Bouffalant, F|50/100
|move|p1a: Trevenant|Earthquake|p2a: Bouffalant
|-damage|p2a: Bouffalant|0 fnt
|faint|p2a: Bouffalant
|
|upkeep
|
|t:|1605492079
|switch|p2a: Jolteon|Jolteon, M|100/100
|turn|18
|
|t:|1605492089
|switch|p1a: Clefairy|Clefairy, F|84/100
|move|p2a: Jolteon|Volt Switch|p1a: Clefairy
|-damage|p1a: Clefairy|51/100
|
|t:|1605492099
|switch|p2a: Sandaconda|Sandaconda, F|60/100 tox|[from]move: Volt Switch
|
|-damage|p2a: Sandaconda|54/100 tox|[from] psn
|upkeep
|turn|19
|
|t:|1605492106
|move|p1a: Clefairy|Protect|p1a: Clefairy
|-singleturn|p1a: Clefairy|Protect
|move|p2a: Sandaconda|Earthquake|p1a: Clefairy
|-activate|p1a: Clefairy|move: Protect
|
|-activate|p2a: Sandaconda|ability: Shed Skin
|-curestatus|p2a: Sandaconda|tox|[msg]
|upkeep
|turn|20
|
|t:|1605492120
|switch|p1a: Trevenant|Trevenant, M|67/100
|-damage|p1a: Trevenant|55/100|[from] Stealth Rock
|move|p2a: Sandaconda|Glare|p1a: Trevenant
|-status|p1a: Trevenant|par
|
|upkeep
|turn|21
|
|t:|1605492128
|switch|p2a: Drifblim|Drifblim, F|100/100
|move|p1a: Trevenant|Poltergeist|p2a: Drifblim
|-activate|p2a: Drifblim|move: Poltergeist|Heavy-Duty Boots
|-supereffective|p2a: Drifblim
|-damage|p2a: Drifblim|0 fnt
|faint|p2a: Drifblim
|
|upkeep
|
|t:|1605492141
|switch|p2a: Jolteon|Jolteon, M|100/100
|turn|22
|
|t:|1605492145
|move|p2a: Jolteon|Shadow Ball|p1a: Trevenant
|-supereffective|p1a: Trevenant
|-damage|p1a: Trevenant|0 fnt
|faint|p1a: Trevenant
|
|upkeep
|
|t:|1605492152
|switch|p1a: Clefairy|Clefairy, F|51/100
|turn|23
|
|t:|1605492155
|move|p2a: Jolteon|Shadow Ball|p1a: Clefairy
|-damage|p1a: Clefairy|29/100
|move|p1a: Clefairy|Wish|p1a: Clefairy
|
|upkeep
|turn|24
|
|t:|1605492165
|move|p2a: Jolteon|Shadow Ball|p1a: Clefairy
|-damage|p1a: Clefairy|6/100
|move|p1a: Clefairy|Moonblast|p2a: Jolteon
|-crit|p2a: Jolteon
|-damage|p2a: Jolteon|61/100
|-unboost|p2a: Jolteon|spa|1
|
|-heal|p1a: Clefairy|56/100|[from] move: Wish|[wisher] Clefairy
|upkeep
|turn|25
|
|t:|1605492174
|switch|p2a: Alcremie|Alcremie, F|100/100
|move|p1a: Clefairy|Wish|p1a: Clefairy
|
|upkeep
|turn|26
|j| 07l中国大妈
|
|t:|1605492183
|move|p2a: Alcremie|Mystical Fire|p1a: Clefairy
|-damage|p1a: Clefairy|45/100
|-unboost|p1a: Clefairy|spa|1
|move|p1a: Clefairy|Teleport|p1a: Clefairy
|
|t:|1605492188
|switch|p1a: Silvally|Silvally-Poison|88/100|[from]move: Teleport
|-damage|p1a: Silvally|76/100|[from] Stealth Rock
|
|-heal|p1a: Silvally|100/100|[from] move: Wish|[wisher] Clefairy
|upkeep
|turn|27
|
|t:|1605492197
|switch|p2a: Sandaconda|Sandaconda, F|54/100
|move|p1a: Silvally|Multi-Attack|p2a: Sandaconda
|-resisted|p2a: Sandaconda
|-damage|p2a: Sandaconda|36/100
|
|upkeep
|turn|28
|
|t:|1605492208
|move|p1a: Silvally|Parting Shot|p2a: Sandaconda
|-unboost|p2a: Sandaconda|atk|1
|-unboost|p2a: Sandaconda|spa|1
|
|t:|1605492214
|switch|p1a: Wishiwashi|Wishiwashi, M|77/100|[from]move: Parting Shot
|-formechange|p1a: Wishiwashi|Wishiwashi-School||[from] ability: Schooling
|move|p2a: Sandaconda|Rest|p2a: Sandaconda
|-status|p2a: Sandaconda|slp|[from] move: Rest
|-heal|p2a: Sandaconda|100/100 slp|[silent]
|
|upkeep
|turn|29
|
|t:|1605492221
|switch|p2a: Alcremie|Alcremie, F|100/100
|move|p1a: Wishiwashi|Scald|p2a: Alcremie
|-damage|p2a: Alcremie|69/100
|
|-heal|p2a: Alcremie|75/100|[from] item: Leftovers
|upkeep
|turn|30
|
|t:|1605492229
|switch|p1a: Silvally|Silvally-Poison|100/100
|-damage|p1a: Silvally|88/100|[from] Stealth Rock
|move|p2a: Alcremie|Calm Mind|p2a: Alcremie
|-boost|p2a: Alcremie|spa|1
|-boost|p2a: Alcremie|spd|1
|
|-heal|p2a: Alcremie|81/100|[from] item: Leftovers
|upkeep
|turn|31
|
|t:|1605492237
|switch|p2a: Sandaconda|Sandaconda, F|100/100 slp
|move|p1a: Silvally|Multi-Attack|p2a: Sandaconda
|-resisted|p2a: Sandaconda
|-damage|p2a: Sandaconda|84/100 slp
|
|upkeep
|turn|32
|
|t:|1605492242
|move|p1a: Silvally|Parting Shot|p2a: Sandaconda
|-unboost|p2a: Sandaconda|atk|1
|-unboost|p2a: Sandaconda|spa|1
|
|t:|1605492244
|switch|p1a: Wishiwashi|Wishiwashi, M|77/100|[from]move: Parting Shot
|-formechange|p1a: Wishiwashi|Wishiwashi-School||[from] ability: Schooling
|cant|p2a: Sandaconda|slp
|
|upkeep
|turn|33
|
|t:|1605492250
|switch|p2a: Alcremie|Alcremie, F|81/100
|move|p1a: Wishiwashi|Flip Turn|p2a: Alcremie
|-damage|p2a: Alcremie|46/100
|
|t:|1605492256
|switch|p1a: Silvally|Silvally-Poison|88/100|[from]move: Flip Turn
|-damage|p1a: Silvally|76/100|[from] Stealth Rock
|
|-heal|p2a: Alcremie|52/100|[from] item: Leftovers
|upkeep
|turn|34
|
|t:|1605492264
|switch|p2a: Sandaconda|Sandaconda, F|84/100 slp
|move|p1a: Silvally|Multi-Attack|p2a: Sandaconda
|-resisted|p2a: Sandaconda
|-damage|p2a: Sandaconda|67/100 slp
|
|upkeep
|turn|35
|
|t:|1605492273
|move|p1a: Silvally|Parting Shot|p2a: Sandaconda
|-unboost|p2a: Sandaconda|atk|1
|-unboost|p2a: Sandaconda|spa|1
|
|t:|1605492276
|switch|p1a: Wishiwashi|Wishiwashi, M|77/100|[from]move: Parting Shot
|-formechange|p1a: Wishiwashi|Wishiwashi-School||[from] ability: Schooling
|cant|p2a: Sandaconda|slp
|
|upkeep
|turn|36
|
|t:|1605492288
|switch|p2a: Alcremie|Alcremie, F|52/100
|move|p1a: Wishiwashi|Scald|p2a: Alcremie
|-damage|p2a: Alcremie|21/100
|
|-heal|p2a: Alcremie|27/100|[from] item: Leftovers
|upkeep
|turn|37
|l| 07l中国大妈
|
|t:|1605492295
|move|p2a: Alcremie|Recover|p2a: Alcremie
|-heal|p2a: Alcremie|77/100
|move|p1a: Wishiwashi|Flip Turn|p2a: Alcremie
|-damage|p2a: Alcremie|41/100
|
|t:|1605492300
|switch|p1a: Silvally|Silvally-Poison|76/100|[from]move: Flip Turn
|-damage|p1a: Silvally|63/100|[from] Stealth Rock
|
|-heal|p2a: Alcremie|47/100|[from] item: Leftovers
|upkeep
|turn|38
|
|t:|1605492305
|switch|p2a: Sandaconda|Sandaconda, F|67/100 slp
|move|p1a: Silvally|Parting Shot|p2a: Sandaconda
|-unboost|p2a: Sandaconda|atk|1
|-unboost|p2a: Sandaconda|spa|1
|
|t:|1605492307
|switch|p1a: Wishiwashi|Wishiwashi, M|77/100|[from]move: Parting Shot
|-formechange|p1a: Wishiwashi|Wishiwashi-School||[from] ability: Schooling
|
|-activate|p2a: Sandaconda|ability: Shed Skin
|-curestatus|p2a: Sandaconda|slp|[msg]
|upkeep
|turn|39
|
|t:|1605492313
|switch|p2a: Alcremie|Alcremie, F|47/100
|move|p1a: Wishiwashi|Scald|p2a: Alcremie
|-damage|p2a: Alcremie|12/100
|-status|p2a: Alcremie|brn
|
|-heal|p2a: Alcremie|18/100 brn|[from] item: Leftovers
|-damage|p2a: Alcremie|12/100 brn|[from] brn
|upkeep
|turn|40
|
|t:|1605492321
|move|p2a: Alcremie|Recover|p2a: Alcremie
|-heal|p2a: Alcremie|62/100 brn
|move|p1a: Wishiwashi|Flip Turn|p2a: Alcremie
|-damage|p2a: Alcremie|30/100 brn
|
|t:|1605492324
|switch|p1a: Silvally|Silvally-Poison|63/100|[from]move: Flip Turn
|-damage|p1a: Silvally|51/100|[from] Stealth Rock
|
|-heal|p2a: Alcremie|36/100 brn|[from] item: Leftovers
|-damage|p2a: Alcremie|30/100 brn|[from] brn
|upkeep
|turn|41
|
|t:|1605492326
|switch|p2a: Sandaconda|Sandaconda, F|67/100
|move|p1a: Silvally|Parting Shot|p2a: Sandaconda
|-unboost|p2a: Sandaconda|atk|1
|-unboost|p2a: Sandaconda|spa|1
|
|t:|1605492329
|switch|p1a: Wishiwashi|Wishiwashi, M|77/100|[from]move: Parting Shot
|-formechange|p1a: Wishiwashi|Wishiwashi-School||[from] ability: Schooling
|
|upkeep
|turn|42
|
|t:|1605492333
|switch|p2a: Alcremie|Alcremie, F|30/100 brn
|move|p1a: Wishiwashi|Scald|p2a: Alcremie
|-damage|p2a: Alcremie|0 fnt
|faint|p2a: Alcremie
|
|upkeep
|
|t:|1605492335
|switch|p2a: Jolteon|Jolteon, M|61/100
|turn|43
|
|t:|1605492355
|switch|p1a: Flareon|Flareon, F|100/100
|move|p2a: Jolteon|Thunderbolt|p1a: Flareon
|-damage|p1a: Flareon|26/100
|
|upkeep
|turn|44
|
|t:|1605492363
|move|p2a: Jolteon|Thunderbolt|p1a: Flareon
|-damage|p1a: Flareon|0 fnt
|faint|p1a: Flareon
|
|upkeep
|
|t:|1605492365
|switch|p1a: Clefairy|Clefairy, F|45/100
|turn|45
|
|t:|1605492367
|move|p2a: Jolteon|Thunderbolt|p1a: Clefairy
|-damage|p1a: Clefairy|3/100
|move|p1a: Clefairy|Wish|p1a: Clefairy
|
|upkeep
|turn|46
|
|t:|1605492370
|move|p1a: Clefairy|Protect|p1a: Clefairy
|-singleturn|p1a: Clefairy|Protect
|move|p2a: Jolteon|Thunderbolt|p1a: Clefairy
|-activate|p1a: Clefairy|move: Protect
|
|-heal|p1a: Clefairy|52/100|[from] move: Wish|[wisher] Clefairy
|upkeep
|turn|47
|
|t:|1605492373
|move|p2a: Jolteon|Thunderbolt|p1a: Clefairy
|-damage|p1a: Clefairy|14/100
|move|p1a: Clefairy|Wish|p1a: Clefairy
|
|upkeep
|turn|48
|
|t:|1605492376
|move|p1a: Clefairy|Protect|p1a: Clefairy
|-singleturn|p1a: Clefairy|Protect
|move|p2a: Jolteon|Thunderbolt|p1a: Clefairy
|-activate|p1a: Clefairy|move: Protect
|
|-heal|p1a: Clefairy|63/100|[from] move: Wish|[wisher] Clefairy
|upkeep
|turn|49
|
|t:|1605492381
|move|p2a: Jolteon|Thunderbolt|p1a: Clefairy
|-damage|p1a: Clefairy|21/100
|move|p1a: Clefairy|Wish|p1a: Clefairy
|
|upkeep
|turn|50
|
|t:|1605492386
|move|p1a: Clefairy|Protect|p1a: Clefairy
|-singleturn|p1a: Clefairy|Protect
|move|p2a: Jolteon|Thunderbolt|p1a: Clefairy
|-activate|p1a: Clefairy|move: Protect
|
|-heal|p1a: Clefairy|70/100|[from] move: Wish|[wisher] Clefairy
|upkeep
|turn|51
|
|t:|1605492390
|move|p2a: Jolteon|Thunderbolt|p1a: Clefairy
|-damage|p1a: Clefairy|30/100
|move|p1a: Clefairy|Wish|p1a: Clefairy
|
|upkeep
|turn|52
|
|t:|1605492394
|move|p1a: Clefairy|Protect|p1a: Clefairy
|-singleturn|p1a: Clefairy|Protect
|move|p2a: Jolteon|Thunderbolt|p1a: Clefairy
|-activate|p1a: Clefairy|move: Protect
|
|-heal|p1a: Clefairy|80/100|[from] move: Wish|[wisher] Clefairy
|upkeep
|turn|53
|
|t:|1605492399
|move|p2a: Jolteon|Thunderbolt|p1a: Clefairy
|-damage|p1a: Clefairy|38/100
|-status|p1a: Clefairy|par
|move|p1a: Clefairy|Wish|p1a: Clefairy
|
|upkeep
|turn|54
|
|t:|1605492402
|move|p1a: Clefairy|Protect|p1a: Clefairy
|-singleturn|p1a: Clefairy|Protect
|move|p2a: Jolteon|Thunderbolt|p1a: Clefairy
|-activate|p1a: Clefairy|move: Protect
|
|-heal|p1a: Clefairy|88/100 par|[from] move: Wish|[wisher] Clefairy
|upkeep
|turn|55
|
|t:|1605492412
|move|p2a: Jolteon|Thunderbolt|p1a: Clefairy
|-damage|p1a: Clefairy|52/100 par
|move|p1a: Clefairy|Moonblast|p2a: Jolteon
|-damage|p2a: Jolteon|31/100
|
|upkeep
|turn|56
|
|t:|1605492431
|move|p2a: Jolteon|Thunderbolt|p1a: Clefairy
|-damage|p1a: Clefairy|15/100 par
|move|p1a: Clefairy|Wish|p1a: Clefairy
|
|upkeep
|turn|57
|
|t:|1605492435
|move|p1a: Clefairy|Protect|p1a: Clefairy
|-singleturn|p1a: Clefairy|Protect
|move|p2a: Jolteon|Thunderbolt|p1a: Clefairy
|-activate|p1a: Clefairy|move: Protect
|
|-heal|p1a: Clefairy|65/100 par|[from] move: Wish|[wisher] Clefairy
|upkeep
|turn|58
|
|t:|1605492441
|move|p2a: Jolteon|Thunderbolt|p1a: Clefairy
|-damage|p1a: Clefairy|29/100 par
|cant|p1a: Clefairy|par
|
|upkeep
|turn|59
|
|t:|1605492446
|cant|p1a: Clefairy|par
|move|p2a: Jolteon|Thunderbolt|p1a: Clefairy
|-damage|p1a: Clefairy|0 fnt
|faint|p1a: Clefairy
|
|upkeep
|
|t:|1605492450
|switch|p1a: Silvally|Silvally-Poison|51/100
|-damage|p1a: Silvally|39/100|[from] Stealth Rock
|turn|60
|
|t:|1605492452
|move|p2a: Jolteon|Thunderbolt|p1a: Silvally
|-damage|p1a: Silvally|0 fnt
|faint|p1a: Silvally
|
|upkeep
|c|☆Maxou_yolo34|ass
|
|t:|1605492460
|switch|p1a: Wishiwashi|Wishiwashi, M|77/100
|-formechange|p1a: Wishiwashi|Wishiwashi-School||[from] ability: Schooling
|turn|61
|
|t:|1605492463
|move|p2a: Jolteon|Thunderbolt|p1a: Wishiwashi
|-supereffective|p1a: Wishiwashi
|-damage|p1a: Wishiwashi|0 fnt
|faint|p1a: Wishiwashi
|
|win|un vigoroth
|c|☆un vigoroth|?
|l|☆Maxou_yolo34
|c|☆un vigoroth|carra sweeps you
|raw|Maxou_yolo34's rating: 1326 &rarr; <strong>1315</strong><br />(-11 for losing)
|raw|un vigoroth's rating: 1509 &rarr; <strong>1520</strong><br />(+11 for winning)
