|raw|<div class="broadcast-blue"><strong>This battle is required to be public due to a player having a name starting with 'pult4t2'.</div>
|j|☆PULT4T2 za
|j|☆PULT4T2 Redemption
|t:|1661607259
|gametype|singles
|player|p1|PULT4T2 za|acetrainer-gen4dp|1392
|player|p2|PULT4T2 Redemption|2|1648
|teamsize|p1|6
|teamsize|p2|6
|gen|8
|tier|[Gen 8] PU
|rated|
|rule|Sleep Clause Mod: Limit one foe put to sleep
|rule|Species Clause: Limit one of each Pokémon
|rule|OHKO Clause: OHKO moves are banned
|rule|Evasion Items Clause: Evasion items are banned
|rule|Evasion Moves Clause: Evasion moves are banned
|rule|Endless Battle Clause: Forcing endless battles is banned
|rule|HP Percentage Mod: HP is shown in percentages
|rule|Dynamax Clause: You cannot dynamax
|clearpoke
|poke|p1|Doublade, F|
|poke|p1|Sandslash, M|
|poke|p1|Eldegoss, F|
|poke|p1|Ribombee, M|
|poke|p1|Scyther, M|
|poke|p1|Gigalith, F|
|poke|p2|Jolteon, M|
|poke|p2|Scyther, F|
|poke|p2|Basculin, F|
|poke|p2|Eldegoss, M|
|poke|p2|Gigalith, F|
|poke|p2|Weezing, F|
|teampreview
|inactive|Battle timer is ON: inactive players will automatically lose when time's up. (requested by PULT4T2 Redemption)
|inactive|PULT4T2 za has 120 seconds left.
|j| Jannis1-Gegner0
|
|t:|1661607325
|start
|switch|p1a: Gigalith|Gigalith, F|100/100
|switch|p2a: Basculin|Basculin, F|100/100
|-weather|Sandstorm|[from] ability: Sand Stream|[of] p1a: Gigalith
|turn|1
|
|t:|1661607330
|switch|p1a: Eldegoss|Eldegoss, F|100/100
|move|p2a: Basculin|Liquidation|p1a: Eldegoss
|-resisted|p1a: Eldegoss
|-damage|p1a: Eldegoss|70/100
|
|-weather|Sandstorm|[upkeep]
|-damage|p2a: Basculin|94/100|[from] Sandstorm
|-damage|p1a: Eldegoss|63/100|[from] Sandstorm
|upkeep
|turn|2
|
|t:|1661607354
|switch|p2a: Eldegoss|Eldegoss, M|100/100
|move|p1a: Eldegoss|Giga Drain|p2a: Eldegoss
|-resisted|p2a: Eldegoss
|-damage|p2a: Eldegoss|90/100
|-heal|p1a: Eldegoss|69/100|[from] drain|[of] p2a: Eldegoss
|
|-weather|Sandstorm|[upkeep]
|-damage|p1a: Eldegoss|62/100|[from] Sandstorm
|-damage|p2a: Eldegoss|84/100|[from] Sandstorm
|upkeep
|turn|3
|
|t:|1661607360
|switch|p1a: Scyther|Scyther, M|100/100
|move|p2a: Eldegoss|Sleep Powder|p1a: Scyther|[miss]
|-miss|p2a: Eldegoss|p1a: Scyther
|
|-weather|Sandstorm|[upkeep]
|-damage|p1a: Scyther|94/100|[from] Sandstorm
|-damage|p2a: Eldegoss|78/100|[from] Sandstorm
|upkeep
|turn|4
|inactive|PULT4T2 za has 120 seconds left.
|
|t:|1661607392
|switch|p2a: Weezing|Weezing, F|100/100
|-ability|p2a: Weezing|Neutralizing Gas
|move|p1a: Scyther|Knock Off|p2a: Weezing
|-damage|p2a: Weezing|83/100
|-enditem|p2a: Weezing|Black Sludge|[from] move: Knock Off|[of] p1a: Scyther
|
|-weather|Sandstorm|[upkeep]
|-damage|p1a: Scyther|88/100|[from] Sandstorm
|-damage|p2a: Weezing|77/100|[from] Sandstorm
|upkeep
|turn|5
|
|t:|1661607395
|move|p1a: Scyther|U-turn|p2a: Weezing
|-resisted|p2a: Weezing
|-damage|p2a: Weezing|66/100
|inactive|PULT4T2 za has 120 seconds left.
|
|t:|1661607415
|switch|p1a: Gigalith|Gigalith, F|100/100|[from]move: U-turn
|move|p2a: Weezing|Toxic Spikes|p1a: Gigalith
|-sidestart|p1: PULT4T2 za|move: Toxic Spikes
|
|-weather|none
|upkeep
|turn|6
|
|t:|1661607431
|move|p2a: Weezing|Pain Split|p1a: Gigalith
|-sethp|p1a: Gigalith|80/100|[from] move: Pain Split|[silent]
|-sethp|p2a: Weezing|89/100|[from] move: Pain Split
|move|p1a: Gigalith|Stealth Rock|p2a: Weezing
|-sidestart|p2: PULT4T2 Redemption|move: Stealth Rock
|
|-heal|p1a: Gigalith|86/100|[from] item: Leftovers
|upkeep
|turn|7
|j| Carmin
|
|t:|1661607448
|-end|p2a: Weezing|ability: Neutralizing Gas
|-weather|Sandstorm|[from] ability: Sand Stream|[of] p1a: Gigalith
|switch|p2a: Eldegoss|Eldegoss, M|100/100
|move|p1a: Gigalith|Earthquake|p2a: Eldegoss
|-resisted|p2a: Eldegoss
|-damage|p2a: Eldegoss|87/100
|
|-weather|Sandstorm|[upkeep]
|-damage|p2a: Eldegoss|81/100|[from] Sandstorm
|-heal|p1a: Gigalith|92/100|[from] item: Leftovers
|upkeep
|turn|8
|
|t:|1661607461
|switch|p2a: Scyther|Scyther, F|100/100
|switch|p1a: Doublade|Doublade, F|100/100
|
|-weather|Sandstorm|[upkeep]
|-damage|p2a: Scyther|94/100|[from] Sandstorm
|upkeep
|turn|9
|
|t:|1661607471
|move|p2a: Scyther|Knock Off|p1a: Doublade
|-supereffective|p1a: Doublade
|-damage|p1a: Doublade|69/100
|-enditem|p1a: Doublade|Eviolite|[from] move: Knock Off|[of] p2a: Scyther
|move|p1a: Doublade|Rock Slide|p2a: Scyther
|-supereffective|p2a: Scyther
|-damage|p2a: Scyther|0 fnt
|faint|p2a: Scyther
|
|-weather|Sandstorm|[upkeep]
|upkeep
|
|t:|1661607483
|switch|p2a: Jolteon|Jolteon, M|100/100
|turn|10
|
|t:|1661607490
|switch|p1a: Sandslash|Sandslash, M|100/100
|-status|p1a: Sandslash|psn
|move|p2a: Jolteon|Toxic||[still]
|-fail|p2a: Jolteon
|
|-weather|Sandstorm|[upkeep]
|-damage|p2a: Jolteon|95/100|[from] Sandstorm
|-damage|p1a: Sandslash|88/100 psn|[from] psn
|upkeep
|turn|11
|j| Haffling
|
|t:|1661607509
|switch|p2a: Eldegoss|Eldegoss, M|100/100
|move|p1a: Sandslash|Knock Off|p2a: Eldegoss
|-damage|p2a: Eldegoss|81/100
|-enditem|p2a: Eldegoss|Heavy-Duty Boots|[from] move: Knock Off|[of] p1a: Sandslash
|
|-weather|none
|-heal|p1a: Sandslash|94/100 psn|[from] item: Leftovers
|-damage|p1a: Sandslash|82/100 psn|[from] psn
|upkeep
|turn|12
|
|t:|1661607521
|switch|p1a: Eldegoss|Eldegoss, F|96/100
|move|p2a: Eldegoss|Rapid Spin|p1a: Eldegoss
|-damage|p1a: Eldegoss|90/100
|-boost|p2a: Eldegoss|spe|1
|-sideend|p2: PULT4T2 Redemption|Stealth Rock|[from] move: Rapid Spin|[of] p2a: Eldegoss
|
|upkeep
|turn|13
|
|t:|1661607532
|switch|p2a: Weezing|Weezing, F|89/100
|-ability|p2a: Weezing|Neutralizing Gas
|move|p1a: Eldegoss|Rapid Spin|p2a: Weezing
|-damage|p2a: Weezing|86/100
|-boost|p1a: Eldegoss|spe|1
|-sideend|p1: PULT4T2 za|Toxic Spikes|[from] move: Rapid Spin|[of] p1a: Eldegoss
|
|upkeep
|turn|14
|
|t:|1661607541
|switch|p1a: Sandslash|Sandslash, M|82/100 psn
|move|p2a: Weezing|Toxic Spikes|p1a: Sandslash
|-sidestart|p1: PULT4T2 za|move: Toxic Spikes
|
|-heal|p1a: Sandslash|88/100 psn|[from] item: Leftovers
|-damage|p1a: Sandslash|76/100 psn|[from] psn
|upkeep
|turn|15
|
|t:|1661607549
|move|p1a: Sandslash|Spikes|p2a: Weezing
|-sidestart|p2: PULT4T2 Redemption|Spikes
|move|p2a: Weezing|Flamethrower|p1a: Sandslash
|-damage|p1a: Sandslash|46/100 psn
|
|-heal|p1a: Sandslash|52/100 psn|[from] item: Leftovers
|-damage|p1a: Sandslash|40/100 psn|[from] psn
|upkeep
|turn|16
|
|t:|1661607575
|-end|p2a: Weezing|ability: Neutralizing Gas
|switch|p2a: Eldegoss|Eldegoss, M|100/100
|-damage|p2a: Eldegoss|88/100|[from] Spikes
|move|p1a: Sandslash|Spikes|p2a: Eldegoss
|-sidestart|p2: PULT4T2 Redemption|Spikes
|
|-heal|p1a: Sandslash|46/100 psn|[from] item: Leftovers
|-damage|p1a: Sandslash|34/100 psn|[from] psn
|upkeep
|turn|17
|
|t:|1661607584
|switch|p1a: Doublade|Doublade, F|69/100
|move|p2a: Eldegoss|Sleep Powder|p1a: Doublade
|-status|p1a: Doublade|slp|[from] move: Sleep Powder
|
|upkeep
|turn|18
|
|t:|1661607591
|move|p2a: Eldegoss|Rapid Spin|p1a: Doublade
|-immune|p1a: Doublade
|cant|p1a: Doublade|slp
|
|upkeep
|turn|19
|
|t:|1661607600
|move|p2a: Eldegoss|Leech Seed|p1a: Doublade
|-start|p1a: Doublade|move: Leech Seed
|cant|p1a: Doublade|slp
|
|-damage|p1a: Doublade|56/100 slp|[from] Leech Seed|[of] p2a: Eldegoss
|-heal|p2a: Eldegoss|99/100|[silent]
|upkeep
|turn|20
|
|t:|1661607605
|move|p2a: Eldegoss|Rapid Spin|p1a: Doublade
|-immune|p1a: Doublade
|-curestatus|p1a: Doublade|slp|[msg]
|move|p1a: Doublade|Swords Dance|p1a: Doublade
|-boost|p1a: Doublade|atk|2
|
|-damage|p1a: Doublade|44/100|[from] Leech Seed|[of] p2a: Eldegoss
|-heal|p2a: Eldegoss|100/100|[silent]
|upkeep
|turn|21
|
|t:|1661607613
|switch|p1a: Ribombee|Ribombee, M|100/100
|move|p2a: Eldegoss|Sleep Powder|p1a: Ribombee|[miss]
|-miss|p2a: Eldegoss|p1a: Ribombee
|
|upkeep
|turn|22
|
|t:|1661607621
|switch|p1a: Doublade|Doublade, F|44/100
|move|p2a: Eldegoss|Rapid Spin|p1a: Doublade
|-immune|p1a: Doublade
|
|upkeep
|turn|23
|
|t:|1661607626
|move|p2a: Eldegoss|Sleep Powder|p1a: Doublade
|-status|p1a: Doublade|slp|[from] move: Sleep Powder
|cant|p1a: Doublade|slp
|
|upkeep
|turn|24
|
|t:|1661607631
|switch|p1a: Eldegoss|Eldegoss, F|90/100
|move|p2a: Eldegoss|Rapid Spin|p1a: Eldegoss
|-damage|p1a: Eldegoss|85/100
|-boost|p2a: Eldegoss|spe|1
|-sideend|p2: PULT4T2 Redemption|Spikes|[from] move: Rapid Spin|[of] p2a: Eldegoss
|
|upkeep
|turn|25
|
|t:|1661607637
|switch|p2a: Weezing|Weezing, F|86/100
|-ability|p2a: Weezing|Neutralizing Gas
|move|p1a: Eldegoss|Rapid Spin|p2a: Weezing
|-damage|p2a: Weezing|81/100
|-boost|p1a: Eldegoss|spe|1
|-sideend|p1: PULT4T2 za|Toxic Spikes|[from] move: Rapid Spin|[of] p1a: Eldegoss
|
|upkeep
|turn|26
|
|t:|1661607646
|switch|p1a: Gigalith|Gigalith, F|92/100
|move|p2a: Weezing|Toxic Spikes|p1a: Gigalith
|-sidestart|p1: PULT4T2 za|move: Toxic Spikes
|
|-heal|p1a: Gigalith|98/100|[from] item: Leftovers
|upkeep
|turn|27
|
|t:|1661607660
|-end|p2a: Weezing|ability: Neutralizing Gas
|-weather|Sandstorm|[from] ability: Sand Stream|[of] p1a: Gigalith
|switch|p2a: Basculin|Basculin, F|94/100
|move|p1a: Gigalith|Stealth Rock|p2a: Basculin
|-sidestart|p2: PULT4T2 Redemption|move: Stealth Rock
|
|-weather|Sandstorm|[upkeep]
|-damage|p2a: Basculin|88/100|[from] Sandstorm
|-heal|p1a: Gigalith|100/100|[from] item: Leftovers
|upkeep
|turn|28
|
|t:|1661607671
|switch|p1a: Eldegoss|Eldegoss, F|85/100
|move|p2a: Basculin|Flip Turn|p1a: Eldegoss
|-resisted|p1a: Eldegoss
|-damage|p1a: Eldegoss|64/100
|
|t:|1661607675
|switch|p2a: Weezing|Weezing, F|81/100|[from]move: Flip Turn
|-ability|p2a: Weezing|Neutralizing Gas
|-damage|p2a: Weezing|69/100|[from] Stealth Rock
|
|-weather|Sandstorm|[upkeep]
|-damage|p1a: Eldegoss|57/100|[from] Sandstorm
|-damage|p2a: Weezing|63/100|[from] Sandstorm
|upkeep
|turn|29
|
|t:|1661607683
|switch|p1a: Sandslash|Sandslash, M|34/100 psn
|move|p2a: Weezing|Sludge Bomb|p1a: Sandslash
|-resisted|p1a: Sandslash
|-damage|p1a: Sandslash|13/100 psn
|
|-weather|Sandstorm|[upkeep]
|-damage|p2a: Weezing|57/100|[from] Sandstorm
|-heal|p1a: Sandslash|19/100 psn|[from] item: Leftovers
|-damage|p1a: Sandslash|7/100 psn|[from] psn
|upkeep
|turn|30
|
|t:|1661607693
|switch|p1a: Scyther|Scyther, M|88/100
|-end|p2a: Weezing|ability: Neutralizing Gas
|switch|p2a: Eldegoss|Eldegoss, M|100/100
|-damage|p2a: Eldegoss|88/100|[from] Stealth Rock
|
|-weather|Sandstorm|[upkeep]
|-damage|p1a: Scyther|82/100|[from] Sandstorm
|-damage|p2a: Eldegoss|82/100|[from] Sandstorm
|upkeep
|turn|31
|
|t:|1661607722
|switch|p2a: Gigalith|Gigalith, F|100/100
|-damage|p2a: Gigalith|88/100|[from] Stealth Rock
|move|p1a: Scyther|Knock Off|p2a: Gigalith
|-damage|p2a: Gigalith|65/100
|-enditem|p2a: Gigalith|Leftovers|[from] move: Knock Off|[of] p1a: Scyther
|
|-weather|none
|upkeep
|turn|32
|
|t:|1661607735
|move|p1a: Scyther|U-turn|p2a: Gigalith
|-damage|p2a: Gigalith|41/100
|
|t:|1661607746
|switch|p1a: Eldegoss|Eldegoss, F|57/100|[from]move: U-turn
|move|p2a: Gigalith|Stealth Rock|p1a: Eldegoss
|-sidestart|p1: PULT4T2 za|move: Stealth Rock
|
|upkeep
|turn|33
|
|t:|1661607756
|move|p1a: Eldegoss|Rapid Spin|p2a: Gigalith
|-resisted|p2a: Gigalith
|-damage|p2a: Gigalith|38/100
|-boost|p1a: Eldegoss|spe|1
|-sideend|p1: PULT4T2 za|Toxic Spikes|[from] move: Rapid Spin|[of] p1a: Eldegoss
|-sideend|p1: PULT4T2 za|Stealth Rock|[from] move: Rapid Spin|[of] p1a: Eldegoss
|move|p2a: Gigalith|Toxic|p1a: Eldegoss
|-status|p1a: Eldegoss|tox
|
|-damage|p1a: Eldegoss|51/100 tox|[from] psn
|upkeep
|turn|34
|
|t:|1661607762
|switch|p2a: Eldegoss|Eldegoss, M|100/100
|-damage|p2a: Eldegoss|88/100|[from] Stealth Rock
|move|p1a: Eldegoss|Giga Drain|p2a: Eldegoss
|-resisted|p2a: Eldegoss
|-damage|p2a: Eldegoss|78/100
|-heal|p1a: Eldegoss|57/100 tox|[from] drain|[of] p2a: Eldegoss
|
|-damage|p1a: Eldegoss|44/100 tox|[from] psn
|upkeep
|turn|35
|
|t:|1661607769
|switch|p1a: Doublade|Doublade, F|44/100 slp
|move|p2a: Eldegoss|Rapid Spin|p1a: Doublade
|-immune|p1a: Doublade
|
|upkeep
|turn|36
|
|t:|1661607772
|move|p2a: Eldegoss|Leech Seed|p1a: Doublade
|-start|p1a: Doublade|move: Leech Seed
|cant|p1a: Doublade|slp
|
|-damage|p1a: Doublade|31/100 slp|[from] Leech Seed|[of] p2a: Eldegoss
|-heal|p2a: Eldegoss|89/100|[silent]
|upkeep
|turn|37
|
|t:|1661607776
|move|p2a: Eldegoss|Rapid Spin|p1a: Doublade
|-immune|p1a: Doublade
|-curestatus|p1a: Doublade|slp|[msg]
|move|p1a: Doublade|Swords Dance|p1a: Doublade
|-boost|p1a: Doublade|atk|2
|
|-damage|p1a: Doublade|19/100|[from] Leech Seed|[of] p2a: Eldegoss
|-heal|p2a: Eldegoss|99/100|[silent]
|upkeep
|turn|38
|
|t:|1661607780
|move|p2a: Eldegoss|Giga Drain|p1a: Doublade
|-resisted|p1a: Doublade
|-damage|p1a: Doublade|0 fnt
|-heal|p2a: Eldegoss|100/100|[from] drain|[of] p1a: Doublade
|faint|p1a: Doublade
|
|upkeep
|
|t:|1661607782
|switch|p1a: Scyther|Scyther, M|82/100
|turn|39
|
|t:|1661607799
|move|p1a: Scyther|Dual Wingbeat|p2a: Eldegoss
|-supereffective|p2a: Eldegoss
|-damage|p2a: Eldegoss|54/100
|-supereffective|p2a: Eldegoss
|-damage|p2a: Eldegoss|7/100
|-hitcount|p2a: Eldegoss|2
|move|p2a: Eldegoss|Rapid Spin|p1a: Scyther
|-damage|p1a: Scyther|73/100
|-boost|p2a: Eldegoss|spe|1
|-sideend|p2: PULT4T2 Redemption|Stealth Rock|[from] move: Rapid Spin|[of] p2a: Eldegoss
|
|upkeep
|turn|40
|j| Squash
|inactive|PULT4T2 Redemption has 120 seconds left.
|
|t:|1661607842
|switch|p2a: Gigalith|Gigalith, F|38/100
|-weather|Sandstorm|[from] ability: Sand Stream|[of] p2a: Gigalith
|move|p1a: Scyther|Dual Wingbeat|p2a: Gigalith
|-resisted|p2a: Gigalith
|-damage|p2a: Gigalith|28/100
|-resisted|p2a: Gigalith
|-damage|p2a: Gigalith|18/100
|-hitcount|p2a: Gigalith|2
|
|-weather|Sandstorm|[upkeep]
|-damage|p1a: Scyther|67/100|[from] Sandstorm
|upkeep
|turn|41
|
|t:|1661607851
|move|p2a: Gigalith|Protect|p2a: Gigalith
|-singleturn|p2a: Gigalith|Protect
|move|p1a: Scyther|U-turn|p2a: Gigalith
|-activate|p2a: Gigalith|move: Protect
|
|-weather|Sandstorm|[upkeep]
|-damage|p1a: Scyther|61/100|[from] Sandstorm
|upkeep
|turn|42
|j| Royal1604
|
|t:|1661607874
|move|p1a: Scyther|Dual Wingbeat|p2a: Gigalith
|-resisted|p2a: Gigalith
|-damage|p2a: Gigalith|8/100
|-resisted|p2a: Gigalith
|-damage|p2a: Gigalith|0 fnt
|faint|p2a: Gigalith
|-hitcount|p2: Gigalith|2
|
|-weather|Sandstorm|[upkeep]
|-damage|p1a: Scyther|55/100|[from] Sandstorm
|upkeep
|
|t:|1661607881
|switch|p2a: Jolteon|Jolteon, M|95/100
|turn|43
|
|t:|1661607888
|switch|p1a: Gigalith|Gigalith, F|100/100
|move|p2a: Jolteon|Volt Switch|p1a: Gigalith
|-damage|p1a: Gigalith|83/100
|
|t:|1661607891
|switch|p2a: Basculin|Basculin, F|88/100|[from]move: Volt Switch
|
|-weather|Sandstorm|[upkeep]
|-damage|p2a: Basculin|82/100|[from] Sandstorm
|-heal|p1a: Gigalith|90/100|[from] item: Leftovers
|upkeep
|turn|44
|inactive|PULT4T2 Redemption has 120 seconds left.
|l| Squash
|
|t:|1661607899
|switch|p1a: Eldegoss|Eldegoss, F|77/100 tox
|move|p2a: Basculin|Liquidation|p1a: Eldegoss
|-resisted|p1a: Eldegoss
|-damage|p1a: Eldegoss|49/100 tox
|
|-weather|none
|-damage|p1a: Eldegoss|43/100 tox|[from] psn
|upkeep
|turn|45
|
|t:|1661607907
|switch|p2a: Weezing|Weezing, F|57/100
|-ability|p2a: Weezing|Neutralizing Gas
|move|p1a: Eldegoss|Giga Drain|p2a: Weezing
|-resisted|p2a: Weezing
|-damage|p2a: Weezing|42/100
|-heal|p1a: Eldegoss|51/100 tox|[from] drain|[of] p2a: Weezing
|
|-damage|p1a: Eldegoss|38/100 tox|[from] psn
|upkeep
|turn|46
|
|t:|1661607925
|switch|p1a: Ribombee|Ribombee, M|100/100
|move|p2a: Weezing|Toxic Spikes|p1a: Ribombee
|-sidestart|p1: PULT4T2 za|move: Toxic Spikes
|
|upkeep
|turn|47
|j| Squash
|
|t:|1661607934
|move|p1a: Ribombee|Aromatherapy|p1a: Ribombee
|-activate|p1a: Ribombee|move: Aromatherapy
|-curestatus|p1: Sandslash|psn|[msg]
|-curestatus|p1: Eldegoss|tox|[msg]
|move|p2a: Weezing|Pain Split|p1a: Ribombee
|-sethp|p1a: Ribombee|76/100|[from] move: Pain Split|[silent]
|-sethp|p2a: Weezing|61/100|[from] move: Pain Split
|
|upkeep
|turn|48
|
|t:|1661607940
|switch|p1a: Gigalith|Gigalith, F|90/100
|-status|p1a: Gigalith|psn
|move|p2a: Weezing|Sludge Bomb|p1a: Gigalith
|-resisted|p1a: Gigalith
|-damage|p1a: Gigalith|80/100 psn
|
|-heal|p1a: Gigalith|86/100 psn|[from] item: Leftovers
|-damage|p1a: Gigalith|74/100 psn|[from] psn
|upkeep
|turn|49
|
|t:|1661607946
|-end|p2a: Weezing|ability: Neutralizing Gas
|-weather|Sandstorm|[from] ability: Sand Stream|[of] p1a: Gigalith
|switch|p2a: Eldegoss|Eldegoss, M|41/100
|move|p1a: Gigalith|Stealth Rock|p2a: Eldegoss
|-sidestart|p2: PULT4T2 Redemption|move: Stealth Rock
|
|-weather|Sandstorm|[upkeep]
|-damage|p2a: Eldegoss|34/100|[from] Sandstorm
|-heal|p1a: Gigalith|80/100 psn|[from] item: Leftovers
|-damage|p1a: Gigalith|68/100 psn|[from] psn
|upkeep
|turn|50
|
|t:|1661607957
|switch|p1a: Eldegoss|Eldegoss, F|38/100
|move|p2a: Eldegoss|Giga Drain|p1a: Eldegoss
|-resisted|p1a: Eldegoss
|-damage|p1a: Eldegoss|30/100
|-heal|p2a: Eldegoss|39/100|[from] drain|[of] p1a: Eldegoss
|
|-weather|Sandstorm|[upkeep]
|-damage|p1a: Eldegoss|23/100|[from] Sandstorm
|-damage|p2a: Eldegoss|33/100|[from] Sandstorm
|upkeep
|turn|51
|
|t:|1661607965
|move|p1a: Eldegoss|Rapid Spin|p2a: Eldegoss
|-damage|p2a: Eldegoss|27/100
|-boost|p1a: Eldegoss|spe|1
|-sideend|p1: PULT4T2 za|Toxic Spikes|[from] move: Rapid Spin|[of] p1a: Eldegoss
|move|p2a: Eldegoss|Rapid Spin|p1a: Eldegoss
|-damage|p1a: Eldegoss|18/100
|-boost|p2a: Eldegoss|spe|1
|-sideend|p2: PULT4T2 Redemption|Stealth Rock|[from] move: Rapid Spin|[of] p2a: Eldegoss
|
|-weather|Sandstorm|[upkeep]
|-damage|p1a: Eldegoss|12/100|[from] Sandstorm
|-damage|p2a: Eldegoss|21/100|[from] Sandstorm
|upkeep
|turn|52
|
|t:|1661607972
|switch|p1a: Gigalith|Gigalith, F|68/100 psn
|switch|p2a: Jolteon|Jolteon, M|95/100
|
|-weather|Sandstorm|[upkeep]
|-damage|p2a: Jolteon|89/100|[from] Sandstorm
|-heal|p1a: Gigalith|74/100 psn|[from] item: Leftovers
|-damage|p1a: Gigalith|61/100 psn|[from] psn
|upkeep
|turn|53
|
|t:|1661607982
|move|p2a: Jolteon|Volt Switch|p1a: Gigalith
|-damage|p1a: Gigalith|44/100 psn
|
|t:|1661607987
|switch|p2a: Eldegoss|Eldegoss, M|55/100|[from]move: Volt Switch
|move|p1a: Gigalith|Stealth Rock|p2a: Eldegoss
|-sidestart|p2: PULT4T2 Redemption|move: Stealth Rock
|
|-weather|none
|-heal|p1a: Gigalith|50/100 psn|[from] item: Leftovers
|-damage|p1a: Gigalith|38/100 psn|[from] psn
|upkeep
|turn|54
|
|t:|1661607999
|switch|p1a: Eldegoss|Eldegoss, F|45/100
|move|p2a: Eldegoss|Rapid Spin|p1a: Eldegoss
|-damage|p1a: Eldegoss|40/100
|-boost|p2a: Eldegoss|spe|1
|-sideend|p2: PULT4T2 Redemption|Stealth Rock|[from] move: Rapid Spin|[of] p2a: Eldegoss
|
|upkeep
|turn|55
|j| mange tes tartines
|
|t:|1661608007
|switch|p1a: Gigalith|Gigalith, F|38/100 psn
|-weather|Sandstorm|[from] ability: Sand Stream|[of] p1a: Gigalith
|move|p2a: Eldegoss|Giga Drain|p1a: Gigalith
|-supereffective|p1a: Gigalith
|-damage|p1a: Gigalith|17/100 psn
|-heal|p2a: Eldegoss|67/100|[from] drain|[of] p1a: Gigalith
|
|-weather|Sandstorm|[upkeep]
|-damage|p2a: Eldegoss|61/100|[from] Sandstorm
|-heal|p1a: Gigalith|23/100 psn|[from] item: Leftovers
|-damage|p1a: Gigalith|11/100 psn|[from] psn
|upkeep
|turn|56
|
|t:|1661608021
|switch|p1a: Scyther|Scyther, M|55/100
|move|p2a: Eldegoss|Giga Drain|p1a: Scyther
|-resisted|p1a: Scyther
|-damage|p1a: Scyther|47/100
|-heal|p2a: Eldegoss|64/100|[from] drain|[of] p1a: Scyther
|
|-weather|Sandstorm|[upkeep]
|-damage|p1a: Scyther|41/100|[from] Sandstorm
|-damage|p2a: Eldegoss|58/100|[from] Sandstorm
|upkeep
|turn|57
|inactive|PULT4T2 Redemption has 120 seconds left.
|inactive|PULT4T2 za has 120 seconds left.
|l| Jannis1-Gegner0
|inactive|PULT4T2 Redemption has 90 seconds left.
|inactive|PULT4T2 Redemption has 60 seconds left.
|
|t:|1661608120
|switch|p2a: Basculin|Basculin, F|82/100
|move|p1a: Scyther|Dual Wingbeat|p2a: Basculin|[miss]
|-miss|p1a: Scyther|p2a: Basculin
|
|-weather|Sandstorm|[upkeep]
|-damage|p1a: Scyther|35/100|[from] Sandstorm
|-damage|p2a: Basculin|76/100|[from] Sandstorm
|upkeep
|turn|58
|inactive|PULT4T2 Redemption has 60 seconds left.
|
|t:|1661608129
|switch|p1a: Eldegoss|Eldegoss, F|73/100
|move|p2a: Basculin|Aqua Jet|p1a: Eldegoss
|-resisted|p1a: Eldegoss
|-damage|p1a: Eldegoss|58/100
|
|-weather|Sandstorm|[upkeep]
|-damage|p2a: Basculin|70/100|[from] Sandstorm
|-damage|p1a: Eldegoss|52/100|[from] Sandstorm
|upkeep
|turn|59
|
|t:|1661608137
|switch|p2a: Weezing|Weezing, F|61/100
|-ability|p2a: Weezing|Neutralizing Gas
|move|p1a: Eldegoss|Leech Seed|p2a: Weezing
|-start|p2a: Weezing|move: Leech Seed
|
|-weather|none
|-damage|p2a: Weezing|49/100|[from] Leech Seed|[of] p1a: Eldegoss
|-heal|p1a: Eldegoss|65/100|[silent]
|upkeep
|turn|60
|inactive|PULT4T2 za has 120 seconds left.
|
|t:|1661608152
|-end|p2a: Weezing|ability: Neutralizing Gas
|switch|p2a: Jolteon|Jolteon, M|89/100
|move|p1a: Eldegoss|Giga Drain|p2a: Jolteon
|-damage|p2a: Jolteon|59/100
|-heal|p1a: Eldegoss|78/100|[from] drain|[of] p2a: Jolteon
|
|upkeep
|turn|61
|inactive|PULT4T2 za has 120 seconds left.
|
|t:|1661608166
|move|p2a: Jolteon|Toxic|p1a: Eldegoss
|-status|p1a: Eldegoss|tox
|move|p1a: Eldegoss|Giga Drain|p2a: Jolteon
|-damage|p2a: Jolteon|29/100
|-heal|p1a: Eldegoss|90/100 tox|[from] drain|[of] p2a: Jolteon
|
|-damage|p1a: Eldegoss|84/100 tox|[from] psn
|upkeep
|turn|62
|inactive|PULT4T2 za has 120 seconds left.
|
|t:|1661608180
|switch|p1a: Sandslash|Sandslash, M|7/100
|move|p2a: Jolteon|Volt Switch|p1a: Sandslash
|-immune|p1a: Sandslash
|
|-heal|p1a: Sandslash|13/100|[from] item: Leftovers
|upkeep
|turn|63
|
|t:|1661608187
|switch|p1a: Eldegoss|Eldegoss, F|100/100 tox
|move|p2a: Jolteon|Shadow Ball|p1a: Eldegoss
|-damage|p1a: Eldegoss|79/100 tox
|
|-damage|p1a: Eldegoss|73/100 tox|[from] psn
|upkeep
|turn|64
|
|t:|1661608193
|move|p2a: Jolteon|Volt Switch|p1a: Eldegoss
|-resisted|p1a: Eldegoss
|-damage|p1a: Eldegoss|58/100 tox
|
|t:|1661608196
|switch|p2a: Eldegoss|Eldegoss, M|91/100|[from]move: Volt Switch
|move|p1a: Eldegoss|Leech Seed|p2a: Eldegoss
|-immune|p2a: Eldegoss
|
|-damage|p1a: Eldegoss|45/100 tox|[from] psn
|upkeep
|turn|65
|inactive|PULT4T2 Redemption has 90 seconds left.
|
|t:|1661608222
|switch|p1a: Scyther|Scyther, M|35/100
|move|p2a: Eldegoss|Sleep Powder|p1a: Scyther
|-status|p1a: Scyther|slp|[from] move: Sleep Powder
|
|upkeep
|turn|66
|
|t:|1661608244
|switch|p1a: Ribombee|Ribombee, M|76/100
|move|p2a: Eldegoss|Giga Drain|p1a: Ribombee
|-resisted|p1a: Ribombee
|-damage|p1a: Ribombee|58/100
|-heal|p2a: Eldegoss|99/100|[from] drain|[of] p1a: Ribombee
|
|upkeep
|turn|67
|inactive|PULT4T2 za has 120 seconds left.
|inactive|PULT4T2 Redemption has 60 seconds left.
|inactive|PULT4T2 za has 90 seconds left.
|
|t:|1661608299
|move|p1a: Ribombee|Aromatherapy|p1a: Ribombee
|-activate|p1a: Ribombee|move: Aromatherapy
|-curestatus|p1: Eldegoss|tox|[msg]
|-curestatus|p1: Scyther|slp|[msg]
|-curestatus|p1: Gigalith|psn|[msg]
|move|p2a: Eldegoss|Rapid Spin|p1a: Ribombee
|-damage|p1a: Ribombee|46/100
|-boost|p2a: Eldegoss|spe|1
|
|upkeep
|turn|68
|inactive|PULT4T2 za has 90 seconds left.
|
|t:|1661608309
|move|p1a: Ribombee|Roost|p1a: Ribombee
|-heal|p1a: Ribombee|96/100
|-singleturn|p1a: Ribombee|move: Roost
|move|p2a: Eldegoss|Sleep Powder|p1a: Ribombee
|-status|p1a: Ribombee|slp|[from] move: Sleep Powder
|
|upkeep
|turn|69
|
|t:|1661608319
|cant|p1a: Ribombee|slp
|move|p2a: Eldegoss|Rapid Spin|p1a: Ribombee
|-damage|p1a: Ribombee|85/100 slp
|-boost|p2a: Eldegoss|spe|1
|
|upkeep
|turn|70
|
|t:|1661608326
|cant|p1a: Ribombee|slp
|move|p2a: Eldegoss|Rapid Spin|p1a: Ribombee
|-damage|p1a: Ribombee|74/100 slp
|-boost|p2a: Eldegoss|spe|1
|
|upkeep
|turn|71
|
|t:|1661608330
|switch|p1a: Scyther|Scyther, M|35/100
|move|p2a: Eldegoss|Leech Seed|p1a: Scyther|[miss]
|-miss|p2a: Eldegoss|p1a: Scyther
|
|upkeep
|turn|72
|inactive|PULT4T2 za has 120 seconds left.
|inactive|PULT4T2 Redemption has 90 seconds left.
|c|☆PULT4T2 Redemption|ff
|
|t:|1661608342
|move|p2a: Eldegoss|Leech Seed|p1a: Scyther
|-start|p1a: Scyther|move: Leech Seed
|move|p1a: Scyther|Dual Wingbeat|p2a: Eldegoss
|-supereffective|p2a: Eldegoss
|-damage|p2a: Eldegoss|54/100
|-supereffective|p2a: Eldegoss
|-damage|p2a: Eldegoss|8/100
|-hitcount|p2a: Eldegoss|2
|
|-damage|p1a: Scyther|23/100|[from] Leech Seed|[of] p2a: Eldegoss
|-heal|p2a: Eldegoss|18/100|[silent]
|upkeep
|turn|73
|inactive|PULT4T2 za has 120 seconds left.
|inactive|PULT4T2 Redemption has 90 seconds left.
|
|t:|1661608351
|switch|p2a: Weezing|Weezing, F|49/100
|-ability|p2a: Weezing|Neutralizing Gas
|move|p1a: Scyther|U-turn|p2a: Weezing
|-resisted|p2a: Weezing
|-damage|p2a: Weezing|37/100
|
|t:|1661608353
|switch|p1a: Sandslash|Sandslash, M|13/100|[from]move: U-turn
|
|-heal|p1a: Sandslash|19/100|[from] item: Leftovers
|upkeep
|turn|74
|
|t:|1661608362
|move|p1a: Sandslash|Earthquake|p2a: Weezing
|-supereffective|p2a: Weezing
|-damage|p2a: Weezing|0 fnt
|faint|p2a: Weezing
|-end|p2a: Weezing|ability: Neutralizing Gas
|
|-heal|p1a: Sandslash|25/100|[from] item: Leftovers
|upkeep
|
|t:|1661608374
|switch|p2a: Jolteon|Jolteon, M|29/100
|turn|75
|
|t:|1661608380
|switch|p1a: Eldegoss|Eldegoss, F|79/100
|move|p2a: Jolteon|Shadow Ball|p1a: Eldegoss
|-damage|p1a: Eldegoss|56/100
|
|upkeep
|turn|76
|
|t:|1661608386
|move|p2a: Jolteon|Volt Switch|p1a: Eldegoss
|-resisted|p1a: Eldegoss
|-damage|p1a: Eldegoss|40/100
|
|t:|1661608388
|switch|p2a: Eldegoss|Eldegoss, M|52/100|[from]move: Volt Switch
|move|p1a: Eldegoss|Giga Drain|p2a: Eldegoss
|-resisted|p2a: Eldegoss
|-damage|p2a: Eldegoss|42/100
|-heal|p1a: Eldegoss|44/100|[from] drain|[of] p2a: Eldegoss
|
|upkeep
|turn|77
|
|t:|1661608393
|switch|p1a: Scyther|Scyther, M|23/100
|move|p2a: Eldegoss|Rapid Spin|p1a: Scyther
|-damage|p1a: Scyther|15/100
|-boost|p2a: Eldegoss|spe|1
|
|upkeep
|turn|78
|
|t:|1661608399
|switch|p2a: Basculin|Basculin, F|70/100
|move|p1a: Scyther|U-turn|p2a: Basculin
|-damage|p2a: Basculin|14/100
|
|t:|1661608404
|switch|p1a: Eldegoss|Eldegoss, F|78/100|[from]move: U-turn
|
|upkeep
|turn|79
|
|t:|1661608409
|move|p2a: Basculin|Superpower|p1a: Eldegoss
|-damage|p1a: Eldegoss|34/100
|-unboost|p2a: Basculin|atk|1
|-unboost|p2a: Basculin|def|1
|move|p1a: Eldegoss|Rapid Spin|p2a: Basculin
|-damage|p2a: Basculin|0 fnt
|-boost|p1a: Eldegoss|spe|1
|faint|p2a: Basculin
|
|upkeep
|
|t:|1661608414
|switch|p2a: Eldegoss|Eldegoss, M|76/100
|turn|80
|
|t:|1661608418
|switch|p1a: Scyther|Scyther, M|15/100
|move|p2a: Eldegoss|Rapid Spin|p1a: Scyther
|-damage|p1a: Scyther|7/100
|-boost|p2a: Eldegoss|spe|1
|
|upkeep
|turn|81
|
|t:|1661608423
|move|p1a: Scyther|U-turn|p2a: Eldegoss
|-supereffective|p2a: Eldegoss
|-damage|p2a: Eldegoss|24/100
|
|t:|1661608427
|switch|p1a: Eldegoss|Eldegoss, F|67/100|[from]move: U-turn
|move|p2a: Eldegoss|Rapid Spin|p1a: Eldegoss
|-damage|p1a: Eldegoss|61/100
|-boost|p2a: Eldegoss|spe|1
|
|upkeep
|turn|82
|
|t:|1661608430
|move|p2a: Eldegoss|Giga Drain|p1a: Eldegoss
|-resisted|p1a: Eldegoss
|-damage|p1a: Eldegoss|51/100
|-heal|p2a: Eldegoss|29/100|[from] drain|[of] p1a: Eldegoss
|move|p1a: Eldegoss|Giga Drain|p2a: Eldegoss
|-resisted|p2a: Eldegoss
|-damage|p2a: Eldegoss|20/100
|-heal|p1a: Eldegoss|56/100|[from] drain|[of] p2a: Eldegoss
|
|upkeep
|turn|83
|
|t:|1661608437
|move|p2a: Eldegoss|Giga Drain|p1a: Eldegoss
|-resisted|p1a: Eldegoss
|-damage|p1a: Eldegoss|47/100
|-heal|p2a: Eldegoss|24/100|[from] drain|[of] p1a: Eldegoss
|move|p1a: Eldegoss|Giga Drain|p2a: Eldegoss
|-resisted|p2a: Eldegoss
|-damage|p2a: Eldegoss|15/100
|-heal|p1a: Eldegoss|52/100|[from] drain|[of] p2a: Eldegoss
|
|upkeep
|turn|84
|
|t:|1661608440
|move|p2a: Eldegoss|Rapid Spin|p1a: Eldegoss
|-damage|p1a: Eldegoss|47/100
|-boost|p2a: Eldegoss|spe|1
|move|p1a: Eldegoss|Giga Drain|p2a: Eldegoss
|-resisted|p2a: Eldegoss
|-damage|p2a: Eldegoss|5/100
|-heal|p1a: Eldegoss|52/100|[from] drain|[of] p2a: Eldegoss
|
|upkeep
|turn|85
|
|t:|1661608444
|move|p2a: Eldegoss|Giga Drain|p1a: Eldegoss
|-resisted|p1a: Eldegoss
|-damage|p1a: Eldegoss|43/100
|-heal|p2a: Eldegoss|9/100|[from] drain|[of] p1a: Eldegoss
|move|p1a: Eldegoss|Giga Drain|p2a: Eldegoss
|-resisted|p2a: Eldegoss
|-damage|p2a: Eldegoss|0 fnt
|-heal|p1a: Eldegoss|48/100|[from] drain|[of] p2a: Eldegoss
|faint|p2a: Eldegoss
|
|upkeep
|-message|PULT4T2 Redemption forfeited.
|
|win|PULT4T2 za
|raw|PULT4T2 za's rating: 1414 &rarr; <strong>1444</strong><br />(+30 for winning)
|raw|PULT4T2 Redemption's rating: 1614 &rarr; <strong>1584</strong><br />(-30 for losing)
|l|☆PULT4T2 Redemption
