|j|☆Toxicidad Fuera
|j|☆ShuckleDeath
|t:|1617490194
|gametype|singles
|player|p1|Toxicidad Fuera|argenta|
|player|p2|ShuckleDeath|red-gen1title|
|teamsize|p1|6
|teamsize|p2|6
|gen|8
|tier|[Gen 8] PU
|rated|Tournament battle
|clearpoke
|poke|p1|Jolteon, M|
|poke|p1|Miltank, F|
|poke|p1|Aggron, M|
|poke|p1|Scrafty, F|
|poke|p1|Altaria, M|
|poke|p1|Rotom|
|poke|p2|Type: Null|
|poke|p2|Gourgeist-*, F|
|poke|p2|Sandaconda, M|
|poke|p2|Mesprit|
|poke|p2|Coalossal, M|
|poke|p2|Toxicroak, M|
|rule|Sleep Clause Mod: Limit one foe put to sleep
|rule|Species Clause: Limit one of each Pokémon
|rule|OHKO Clause: OHKO moves are banned
|rule|Evasion Moves Clause: Evasion moves are banned
|rule|Endless Battle Clause: Forcing endless battles is banned
|rule|HP Percentage Mod: HP is shown in percentages
|rule|Dynamax Clause: You cannot dynamax
|teampreview
|c|☆ShuckleDeath|hf
|c|☆Toxicidad Fuera|same
|inactive|Battle timer is ON: inactive players will automatically lose when time's up. (requested by Toxicidad Fuera)
|
|t:|1617490272
|start
|switch|p1a: Jolteon|Jolteon, M|100/100
|switch|p2a: This Charming Man|Sandaconda, M|100/100
|turn|1
|
|t:|1617490288
|move|p1a: Jolteon|Reflect|p1a: Jolteon
|-sidestart|p1: Toxicidad Fuera|Reflect
|move|p2a: This Charming Man|Rock Blast|p1a: Jolteon
|-damage|p1a: Jolteon|95/100
|-damage|p1a: Jolteon|91/100
|-damage|p1a: Jolteon|86/100
|-hitcount|p1a: Jolteon|3
|
|upkeep
|turn|2
|
|t:|1617490298
|move|p1a: Jolteon|Light Screen|p1a: Jolteon
|-sidestart|p1: Toxicidad Fuera|move: Light Screen
|move|p2a: This Charming Man|Stealth Rock|p1a: Jolteon
|-sidestart|p1: Toxicidad Fuera|move: Stealth Rock
|
|upkeep
|turn|3
|
|t:|1617490303
|move|p1a: Jolteon|Yawn|p2a: This Charming Man
|-start|p2a: This Charming Man|move: Yawn|[of] p1a: Jolteon
|move|p2a: This Charming Man|Glare|p1a: Jolteon
|-immune|p1a: Jolteon
|
|upkeep
|turn|4
|
|t:|1617490308
|switch|p1a: Scrafty|Scrafty, F|100/100
|-damage|p1a: Scrafty|95/100|[from] Stealth Rock
|switch|p2a: My Name is Mud|Type: Null|100/100
|
|-heal|p1a: Scrafty|100/100|[from] item: Leftovers
|upkeep
|turn|5
|
|t:|1617490317
|move|p2a: My Name is Mud|U-turn|p1a: Scrafty
|-damage|p1a: Scrafty|94/100
|
|t:|1617490322
|switch|p2a: L'Enfant Savauge|Toxicroak, M|100/100|[from]move: U-turn
|move|p1a: Scrafty|Bulk Up|p1a: Scrafty
|-boost|p1a: Scrafty|atk|1
|-boost|p1a: Scrafty|def|1
|
|-heal|p1a: Scrafty|99/100|[from] item: Leftovers
|upkeep
|turn|6
|
|t:|1617490332
|move|p2a: L'Enfant Savauge|Nasty Plot|p2a: L'Enfant Savauge
|-boost|p2a: L'Enfant Savauge|spa|2
|move|p1a: Scrafty|Bulk Up|p1a: Scrafty
|-boost|p1a: Scrafty|atk|1
|-boost|p1a: Scrafty|def|1
|
|-heal|p1a: Scrafty|100/100|[from] item: Leftovers
|upkeep
|turn|7
|
|t:|1617490336
|move|p2a: L'Enfant Savauge|Nasty Plot|p2a: L'Enfant Savauge
|-boost|p2a: L'Enfant Savauge|spa|2
|move|p1a: Scrafty|Knock Off|p2a: L'Enfant Savauge
|-resisted|p2a: L'Enfant Savauge
|-damage|p2a: L'Enfant Savauge|55/100
|-enditem|p2a: L'Enfant Savauge|Black Sludge|[from] move: Knock Off|[of] p1a: Scrafty
|
|upkeep
|turn|8
|
|t:|1617490343
|move|p2a: L'Enfant Savauge|Sludge Bomb|p1a: Scrafty
|-damage|p1a: Scrafty|67/100
|move|p1a: Scrafty|Drain Punch|p2a: L'Enfant Savauge
|-resisted|p2a: L'Enfant Savauge
|-crit|p2a: L'Enfant Savauge
|-damage|p2a: L'Enfant Savauge|0 fnt
|-heal|p1a: Scrafty|92/100|[from] drain|[of] p2a: L'Enfant Savauge
|faint|p2a: L'Enfant Savauge
|
|-heal|p1a: Scrafty|98/100|[from] item: Leftovers
|-sideend|p1: Toxicidad Fuera|Reflect
|upkeep
|
|t:|1617490349
|switch|p2a: Jeremy|Mesprit|100/100
|turn|9
|
|t:|1617490352
|move|p2a: Jeremy|Dazzling Gleam|p1a: Scrafty
|-supereffective|p1a: Scrafty
|-damage|p1a: Scrafty|66/100
|move|p1a: Scrafty|Knock Off|p2a: Jeremy
|-supereffective|p2a: Jeremy
|-enditem|p2a: Jeremy|Colbur Berry|[eat]
|-enditem|p2a: Jeremy|Colbur Berry|[weaken]
|-damage|p2a: Jeremy|32/100
|
|-heal|p1a: Scrafty|72/100|[from] item: Leftovers
|-sideend|p1: Toxicidad Fuera|move: Light Screen
|upkeep
|turn|10
|
|t:|1617490362
|move|p2a: Jeremy|Dazzling Gleam|p1a: Scrafty
|-supereffective|p1a: Scrafty
|-crit|p1a: Scrafty
|-damage|p1a: Scrafty|0 fnt
|faint|p1a: Scrafty
|
|upkeep
|
|t:|1617490372
|switch|p1a: Jolteon|Jolteon, M|86/100
|-damage|p1a: Jolteon|74/100|[from] Stealth Rock
|turn|11
|
|t:|1617490378
|switch|p2a: Snowing Still|Coalossal, M|100/100
|move|p1a: Jolteon|Light Screen|p1a: Jolteon
|-sidestart|p1: Toxicidad Fuera|move: Light Screen
|
|upkeep
|turn|12
|
|t:|1617490404
|move|p1a: Jolteon|Light Screen||[still]
|-fail|p1a: Jolteon
|move|p2a: Snowing Still|Spikes|p1a: Jolteon
|-sidestart|p1: Toxicidad Fuera|Spikes
|
|upkeep
|turn|13
|
|t:|1617490408
|move|p1a: Jolteon|Reflect|p1a: Jolteon
|-sidestart|p1: Toxicidad Fuera|Reflect
|move|p2a: Snowing Still|Spikes|p1a: Jolteon
|-sidestart|p1: Toxicidad Fuera|Spikes
|
|upkeep
|turn|14
|
|t:|1617490413
|move|p1a: Jolteon|Yawn|p2a: Snowing Still
|-start|p2a: Snowing Still|move: Yawn|[of] p1a: Jolteon
|move|p2a: Snowing Still|Spikes|p1a: Jolteon
|-sidestart|p1: Toxicidad Fuera|Spikes
|
|upkeep
|turn|15
|
|t:|1617490421
|switch|p1a: Aggron|Aggron, M|100/100
|-damage|p1a: Aggron|76/100|[from] Spikes
|-damage|p1a: Aggron|70/100|[from] Stealth Rock
|switch|p2a: This Charming Man|Sandaconda, M|100/100
|
|upkeep
|turn|16
|
|t:|1617490430
|move|p2a: This Charming Man|Earthquake|p1a: Aggron
|-supereffective|p1a: Aggron
|-damage|p1a: Aggron|14/100
|-enditem|p1a: Aggron|Weakness Policy
|-boost|p1a: Aggron|atk|2|[from] item: Weakness Policy
|-boost|p1a: Aggron|spa|2|[from] item: Weakness Policy
|move|p1a: Aggron|Rock Polish|p1a: Aggron
|-boost|p1a: Aggron|spe|2
|
|upkeep
|turn|17
|
|t:|1617490443
|move|p1a: Aggron|Heavy Slam|p2a: This Charming Man
|-damage|p2a: This Charming Man|20/100
|-damage|p1a: Aggron|0 fnt|[from] item: Rocky Helmet|[of] p2a: This Charming Man
|faint|p1a: Aggron
|move|p2a: This Charming Man|Earthquake|p1: Aggron|[notarget]
|-fail|p2a: This Charming Man
|
|upkeep
|
|t:|1617490448
|switch|p1a: Rotom|Rotom|100/100
|turn|18
|j| Toy Time Kingdra
|
|t:|1617490454
|switch|p2a: My Name is Mud|Type: Null|100/100
|move|p1a: Rotom|Nasty Plot|p1a: Rotom
|-boost|p1a: Rotom|spa|2
|
|-sideend|p1: Toxicidad Fuera|move: Light Screen
|upkeep
|turn|19
|
|t:|1617490465
|move|p1a: Rotom|Nasty Plot|p1a: Rotom
|-boost|p1a: Rotom|spa|2
|move|p2a: My Name is Mud|U-turn|p1a: Rotom
|-resisted|p1a: Rotom
|-damage|p1a: Rotom|93/100
|
|t:|1617490477
|switch|p2a: Big Empty|Gourgeist-Small, F|100/100|[from]move: U-turn
|-item|p1a: Rotom|Heavy-Duty Boots|[from] ability: Frisk|[of] p2a: Big Empty|[identify]
|
|upkeep
|turn|20
|
|t:|1617490484
|switch|p2a: My Name is Mud|Type: Null|100/100
|move|p1a: Rotom|Shadow Ball|p2a: My Name is Mud
|-immune|p2a: My Name is Mud
|
|-sideend|p1: Toxicidad Fuera|Reflect
|upkeep
|turn|21
|
|t:|1617490491
|move|p1a: Rotom|Thunderbolt|p2a: My Name is Mud
|-damage|p2a: My Name is Mud|51/100
|-status|p2a: My Name is Mud|par
|move|p2a: My Name is Mud|U-turn|p1a: Rotom
|-resisted|p1a: Rotom
|-damage|p1a: Rotom|81/100
|
|t:|1617490499
|switch|p2a: Big Empty|Gourgeist-Small, F|100/100|[from]move: U-turn
|-item|p1a: Rotom|Heavy-Duty Boots|[from] ability: Frisk|[of] p2a: Big Empty|[identify]
|
|upkeep
|turn|22
|
|t:|1617490506
|move|p2a: Big Empty|Power Whip|p1a: Rotom
|-damage|p1a: Rotom|0 fnt
|-damage|p2a: Big Empty|91/100|[from] item: Life Orb
|faint|p1a: Rotom
|
|upkeep
|
|t:|1617490514
|switch|p1a: Jolteon|Jolteon, M|74/100
|-damage|p1a: Jolteon|49/100|[from] Spikes
|-damage|p1a: Jolteon|37/100|[from] Stealth Rock
|turn|23
|
|t:|1617490519
|move|p1a: Jolteon|Reflect|p1a: Jolteon
|-sidestart|p1: Toxicidad Fuera|Reflect
|move|p2a: Big Empty|Poltergeist|p1a: Jolteon
|-activate|p1a: Jolteon|move: Poltergeist|Light Clay
|-damage|p1a: Jolteon|0 fnt
|-damage|p2a: Big Empty|81/100|[from] item: Life Orb
|faint|p1a: Jolteon
|
|upkeep
|
|t:|1617490522
|switch|p1a: Altaria|Altaria, M|100/100
|turn|24
|
|t:|1617490532
|switch|p2a: This Charming Man|Sandaconda, M|20/100
|move|p1a: Altaria|Dragon Dance|p1a: Altaria
|-boost|p1a: Altaria|atk|1
|-boost|p1a: Altaria|spe|1
|
|upkeep
|turn|25
|
|t:|1617490544
|move|p1a: Altaria|Earthquake|p2a: This Charming Man
|-damage|p2a: This Charming Man|0 fnt
|faint|p2a: This Charming Man
|
|upkeep
|
|t:|1617490551
|switch|p2a: My Name is Mud|Type: Null|51/100 par
|turn|26
|
|t:|1617490557
|move|p1a: Altaria|Dragon Dance|p1a: Altaria
|-boost|p1a: Altaria|atk|1
|-boost|p1a: Altaria|spe|1
|cant|p2a: My Name is Mud|par
|
|upkeep
|turn|27
|
|t:|1617490565
|move|p1a: Altaria|Dual Wingbeat|p2a: My Name is Mud
|-damage|p2a: My Name is Mud|32/100 par
|-damage|p2a: My Name is Mud|12/100 par
|-hitcount|p2a: My Name is Mud|2
|move|p2a: My Name is Mud|Thunder Wave|p1a: Altaria
|-status|p1a: Altaria|par
|
|upkeep
|turn|28
|
|t:|1617490575
|move|p1a: Altaria|Dragon Dance|p1a: Altaria
|-boost|p1a: Altaria|atk|1
|-boost|p1a: Altaria|spe|1
|cant|p2a: My Name is Mud|par
|
|upkeep
|turn|29
|
|t:|1617490579
|cant|p1a: Altaria|par
|move|p2a: My Name is Mud|Rest|p2a: My Name is Mud
|-status|p2a: My Name is Mud|slp|[from] move: Rest
|-heal|p2a: My Name is Mud|100/100 slp|[silent]
|
|upkeep
|turn|30
|
|t:|1617490583
|cant|p1a: Altaria|par
|cant|p2a: My Name is Mud|slp
|move|p2a: My Name is Mud|Sleep Talk|p2a: My Name is Mud
|move|p2a: My Name is Mud|Rest||[from]move: Sleep Talk|[still]
|-fail|p2a: My Name is Mud
|
|-sideend|p1: Toxicidad Fuera|Reflect
|upkeep
|turn|31
|
|t:|1617490589
|move|p1a: Altaria|Dragon Dance|p1a: Altaria
|-boost|p1a: Altaria|atk|1
|-boost|p1a: Altaria|spe|1
|cant|p2a: My Name is Mud|slp
|move|p2a: My Name is Mud|Sleep Talk|p2a: My Name is Mud
|move|p2a: My Name is Mud|Rest||[from]move: Sleep Talk|[still]
|-fail|p2a: My Name is Mud
|
|upkeep
|turn|32
|
|t:|1617490599
|move|p1a: Altaria|Dragon Dance|p1a: Altaria
|-boost|p1a: Altaria|atk|1
|-boost|p1a: Altaria|spe|1
|-curestatus|p2a: My Name is Mud|slp|[msg]
|move|p2a: My Name is Mud|U-turn|p1a: Altaria
|-resisted|p1a: Altaria
|-crit|p1a: Altaria
|-damage|p1a: Altaria|87/100 par
|j|+gum
|
|t:|1617490609
|switch|p2a: Snowing Still|Coalossal, M|100/100|[from]move: U-turn
|
|upkeep
|turn|33
|
|t:|1617490614
|move|p1a: Altaria|Earthquake|p2a: Snowing Still
|-supereffective|p2a: Snowing Still
|-damage|p2a: Snowing Still|0 fnt
|faint|p2a: Snowing Still
|
|upkeep
|
|t:|1617490616
|switch|p2a: Jeremy|Mesprit|32/100
|turn|34
|
|t:|1617490619
|move|p1a: Altaria|Dual Wingbeat|p2a: Jeremy
|-damage|p2a: Jeremy|0 fnt
|-hitcount|p2a: Jeremy|1
|faint|p2a: Jeremy
|
|upkeep
|
|t:|1617490624
|switch|p2a: Big Empty|Gourgeist-Small, F|81/100
|-item|p1a: Altaria|Heavy-Duty Boots|[from] ability: Frisk|[of] p2a: Big Empty|[identify]
|turn|35
|
|t:|1617490628
|move|p1a: Altaria|Dual Wingbeat|p2a: Big Empty
|-supereffective|p2a: Big Empty
|-damage|p2a: Big Empty|0 fnt
|-hitcount|p2a: Big Empty|1
|faint|p2a: Big Empty
|
|upkeep
|
|t:|1617490630
|switch|p2a: My Name is Mud|Type: Null|100/100
|turn|36
|
|t:|1617490632
|move|p1a: Altaria|Dual Wingbeat|p2a: My Name is Mud
|-damage|p2a: My Name is Mud|67/100
|-damage|p2a: My Name is Mud|35/100
|-hitcount|p2a: My Name is Mud|2
|move|p2a: My Name is Mud|U-turn|p1a: Altaria
|-resisted|p1a: Altaria
|-damage|p1a: Altaria|78/100 par
|
|upkeep
|turn|37
|
|t:|1617490637
|cant|p1a: Altaria|par
|move|p2a: My Name is Mud|U-turn|p1a: Altaria
|-resisted|p1a: Altaria
|-damage|p1a: Altaria|69/100 par
|
|upkeep
|turn|38
|
|t:|1617490639
|move|p1a: Altaria|Dual Wingbeat|p2a: My Name is Mud
|-damage|p2a: My Name is Mud|3/100
|-damage|p2a: My Name is Mud|0 fnt
|-hitcount|p2a: My Name is Mud|2
|faint|p2a: My Name is Mud
|
|win|Toxicidad Fuera
|n|☆Toxicidad Fuera|toxicidadfuera
|n|☆ShuckleDeath|shuckledeath
|n| Toy Time Kingdra|toytimekingdra
|n|+gum|gum
|c|☆ShuckleDeath|gg
|c|☆Toxicidad Fuera|gg
