|j|☆BiscotteKouloulou
|j|☆stump 123
|t:|1663756212
|gametype|singles
|player|p1|BiscotteKouloulou|unknown|1437
|player|p2|stump 123|170|1348
|teamsize|p1|6
|teamsize|p2|6
|gen|8
|tier|[Gen 8] PU
|rated|
|rule|Sleep Clause Mod: Limit one foe put to sleep
|rule|Species Clause: Limit one of each Pokémon
|rule|OHKO Clause: OHKO moves are banned
|rule|Evasion Items Clause: Evasion items are banned
|rule|Evasion Moves Clause: Evasion moves are banned
|rule|Endless Battle Clause: Forcing endless battles is banned
|rule|HP Percentage Mod: HP is shown in percentages
|rule|Dynamax Clause: You cannot dynamax
|clearpoke
|poke|p1|Ferroseed, M|
|poke|p1|Gigalith, M|
|poke|p1|Centiskorch, F|
|poke|p1|Rhydon, F|
|poke|p1|Ribombee, F|
|poke|p1|Poliwrath, F|
|poke|p2|Comfey, F|
|poke|p2|Thwackey, F|
|poke|p2|Doublade, F|
|poke|p2|Magneton|
|poke|p2|Coalossal, M|
|poke|p2|Lanturn, M|
|teampreview
|inactive|Battle timer is ON: inactive players will automatically lose when time's up. (requested by BiscotteKouloulou)
|
|t:|1663756324
|start
|switch|p1a: Centiskorch|Centiskorch, F|100/100
|switch|p2a: Thwackey|Thwackey, F|100/100
|-fieldstart|move: Grassy Terrain|[from] ability: Grassy Surge|[of] p2a: Thwackey
|turn|1
|
|t:|1663756333
|move|p2a: Thwackey|U-turn|p1a: Centiskorch
|-resisted|p1a: Centiskorch
|-damage|p1a: Centiskorch|80/100
|
|t:|1663756336
|switch|p2a: Coalossal|Coalossal, M|100/100|[from]move: U-turn
|move|p1a: Centiskorch|Knock Off|p2a: Coalossal
|-damage|p2a: Coalossal|78/100
|-enditem|p2a: Coalossal|Heavy-Duty Boots|[from] move: Knock Off|[of] p1a: Centiskorch
|
|-heal|p1a: Centiskorch|87/100|[from] Grassy Terrain
|-heal|p2a: Coalossal|84/100|[from] Grassy Terrain
|upkeep
|turn|2
|
|t:|1663756351
|switch|p1a: Doug|Poliwrath, F|100/100
|move|p2a: Coalossal|Stealth Rock|p1a: Doug
|-sidestart|p1: BiscotteKouloulou|move: Stealth Rock
|
|-heal|p2a: Coalossal|90/100|[from] Grassy Terrain
|upkeep
|turn|3
|
|t:|1663756361
|switch|p2a: Lanturn|Lanturn, M|100/100
|move|p1a: Doug|Circle Throw|p2a: Lanturn
|-damage|p2a: Lanturn|80/100
|drag|p2a: Comfey|Comfey, F|100/100
|
|upkeep
|turn|4
|
|t:|1663756367
|switch|p2a: Doublade|Doublade, F|100/100
|switch|p1a: Centiskorch|Centiskorch, F|87/100
|
|-heal|p1a: Centiskorch|93/100|[from] Grassy Terrain
|upkeep
|turn|5
|
|t:|1663756372
|move|p1a: Centiskorch|Knock Off|p2a: Doublade
|-supereffective|p2a: Doublade
|-damage|p2a: Doublade|64/100
|-enditem|p2a: Doublade|Eviolite|[from] move: Knock Off|[of] p1a: Centiskorch
|move|p2a: Doublade|Rock Slide|p1a: Centiskorch
|-supereffective|p1a: Centiskorch
|-damage|p1a: Centiskorch|0 fnt
|faint|p1a: Centiskorch
|
|-heal|p2a: Doublade|70/100|[from] Grassy Terrain
|-fieldend|move: Grassy Terrain
|upkeep
|
|t:|1663756387
|switch|p1a: Rhydon|Rhydon, F|100/100
|-damage|p1a: Rhydon|94/100|[from] Stealth Rock
|turn|6
|
|t:|1663756397
|switch|p2a: Thwackey|Thwackey, F|100/100
|-fieldstart|move: Grassy Terrain|[from] ability: Grassy Surge|[of] p2a: Thwackey
|move|p1a: Rhydon|Earthquake|p2a: Thwackey
|-resisted|p2a: Thwackey
|-damage|p2a: Thwackey|77/100
|
|-heal|p2a: Thwackey|83/100|[from] Grassy Terrain
|-heal|p1a: Rhydon|100/100|[from] Grassy Terrain
|upkeep
|turn|7
|
|t:|1663756407
|switch|p1a: Ferroseed|Ferroseed, M|100/100
|-damage|p1a: Ferroseed|94/100|[from] Stealth Rock
|move|p2a: Thwackey|Wood Hammer|p1a: Ferroseed
|-resisted|p1a: Ferroseed
|-damage|p1a: Ferroseed|79/100
|-damage|p2a: Thwackey|71/100|[from] ability: Iron Barbs|[of] p1a: Ferroseed
|-damage|p2a: Thwackey|65/100|[from] Recoil
|
|-heal|p2a: Thwackey|71/100|[from] Grassy Terrain
|-heal|p1a: Ferroseed|85/100|[from] Grassy Terrain
|upkeep
|turn|8
|
|t:|1663756415
|switch|p2a: Magneton|Magneton|100/100
|move|p1a: Ferroseed|Spikes|p2a: Magneton
|-sidestart|p2: stump 123|Spikes
|
|-heal|p1a: Ferroseed|91/100|[from] Grassy Terrain
|upkeep
|turn|9
|
|t:|1663756419
|move|p2a: Magneton|Substitute|p2a: Magneton
|-start|p2a: Magneton|Substitute
|-damage|p2a: Magneton|75/100
|move|p1a: Ferroseed|Leech Seed||[still]
|-fail|p1a: Ferroseed
|
|-heal|p2a: Magneton|82/100|[from] Grassy Terrain
|-heal|p2a: Magneton|88/100|[from] item: Leftovers
|-heal|p1a: Ferroseed|97/100|[from] Grassy Terrain
|upkeep
|turn|10
|
|t:|1663756422
|move|p2a: Magneton|Charge Beam|p1a: Ferroseed
|-resisted|p1a: Ferroseed
|-damage|p1a: Ferroseed|89/100
|-boost|p2a: Magneton|spa|1
|move|p1a: Ferroseed|Spikes|p2a: Magneton
|-sidestart|p2: stump 123|Spikes
|
|-heal|p2a: Magneton|94/100|[from] Grassy Terrain
|-heal|p2a: Magneton|100/100|[from] item: Leftovers
|-heal|p1a: Ferroseed|95/100|[from] Grassy Terrain
|-fieldend|move: Grassy Terrain
|upkeep
|turn|11
|
|t:|1663756427
|move|p2a: Magneton|Charge Beam|p1a: Ferroseed
|-resisted|p1a: Ferroseed
|-damage|p1a: Ferroseed|83/100
|move|p1a: Ferroseed|Spikes|p2a: Magneton
|-sidestart|p2: stump 123|Spikes
|
|upkeep
|turn|12
|
|t:|1663756430
|move|p2a: Magneton|Charge Beam|p1a: Ferroseed
|-resisted|p1a: Ferroseed
|-damage|p1a: Ferroseed|72/100
|-boost|p2a: Magneton|spa|1
|move|p1a: Ferroseed|Spikes||[still]
|-fail|p1a: Ferroseed
|
|upkeep
|turn|13
|
|t:|1663756441
|move|p2a: Magneton|Charge Beam|p1a: Ferroseed
|-resisted|p1a: Ferroseed
|-damage|p1a: Ferroseed|55/100
|move|p1a: Ferroseed|Gyro Ball|p2a: Magneton
|-resisted|p2a: Magneton
|-activate|p2a: Magneton|move: Substitute|[damage]
|
|upkeep
|turn|14
|
|t:|1663756444
|move|p2a: Magneton|Charge Beam|p1a: Ferroseed
|-resisted|p1a: Ferroseed
|-damage|p1a: Ferroseed|39/100
|move|p1a: Ferroseed|Gyro Ball|p2a: Magneton
|-resisted|p2a: Magneton
|-activate|p2a: Magneton|move: Substitute|[damage]
|
|upkeep
|turn|15
|
|t:|1663756453
|move|p2a: Magneton|Charge Beam|p1a: Ferroseed
|-resisted|p1a: Ferroseed
|-damage|p1a: Ferroseed|24/100
|move|p1a: Ferroseed|Gyro Ball|p2a: Magneton
|-resisted|p2a: Magneton
|-end|p2a: Magneton|Substitute
|
|upkeep
|turn|16
|
|t:|1663756456
|move|p2a: Magneton|Substitute|p2a: Magneton
|-start|p2a: Magneton|Substitute
|-damage|p2a: Magneton|75/100
|move|p1a: Ferroseed|Gyro Ball|p2a: Magneton
|-resisted|p2a: Magneton
|-activate|p2a: Magneton|move: Substitute|[damage]
|
|-heal|p2a: Magneton|82/100|[from] item: Leftovers
|upkeep
|turn|17
|
|t:|1663756462
|move|p2a: Magneton|Charge Beam|p1a: Ferroseed
|-resisted|p1a: Ferroseed
|-damage|p1a: Ferroseed|7/100
|-boost|p2a: Magneton|spa|1
|move|p1a: Ferroseed|Gyro Ball|p2a: Magneton
|-resisted|p2a: Magneton
|-activate|p2a: Magneton|move: Substitute|[damage]
|
|-heal|p2a: Magneton|88/100|[from] item: Leftovers
|upkeep
|turn|18
|
|t:|1663756479
|move|p2a: Magneton|Thunderbolt|p1a: Ferroseed
|-resisted|p1a: Ferroseed
|-damage|p1a: Ferroseed|0 fnt
|faint|p1a: Ferroseed
|
|-heal|p2a: Magneton|94/100|[from] item: Leftovers
|upkeep
|
|t:|1663756493
|switch|p1a: Ribombee|Ribombee, F|100/100
|turn|19
|
|t:|1663756497
|move|p1a: Ribombee|Moonblast|p2a: Magneton
|-resisted|p2a: Magneton
|-end|p2a: Magneton|Substitute
|move|p2a: Magneton|Tri Attack|p1a: Ribombee
|-damage|p1a: Ribombee|16/100
|
|-heal|p2a: Magneton|100/100|[from] item: Leftovers
|upkeep
|turn|20
|
|t:|1663756509
|move|p1a: Ribombee|Moonblast|p2a: Magneton
|-resisted|p2a: Magneton
|-damage|p2a: Magneton|71/100
|move|p2a: Magneton|Thunderbolt|p1a: Ribombee
|-damage|p1a: Ribombee|0 fnt
|faint|p1a: Ribombee
|
|-heal|p2a: Magneton|77/100|[from] item: Leftovers
|upkeep
|
|t:|1663756517
|switch|p1a: Rhydon|Rhydon, F|100/100
|-damage|p1a: Rhydon|94/100|[from] Stealth Rock
|turn|21
|
|t:|1663756526
|move|p2a: Magneton|Tri Attack|p1a: Rhydon
|-resisted|p1a: Rhydon
|-damage|p1a: Rhydon|60/100
|-status|p1a: Rhydon|frz
|cant|p1a: Rhydon|frz
|
|-heal|p2a: Magneton|83/100|[from] item: Leftovers
|upkeep
|turn|22
|j| kellion180
|
|t:|1663756540
|switch|p2a: Thwackey|Thwackey, F|71/100
|-damage|p2a: Thwackey|46/100|[from] Spikes
|-fieldstart|move: Grassy Terrain|[from] ability: Grassy Surge|[of] p2a: Thwackey
|cant|p1a: Rhydon|frz
|
|-heal|p2a: Thwackey|52/100|[from] Grassy Terrain
|-heal|p1a: Rhydon|66/100 frz|[from] Grassy Terrain
|upkeep
|turn|23
|
|t:|1663756547
|switch|p1a: Gigalith|Gigalith, M|100/100
|-damage|p1a: Gigalith|88/100|[from] Stealth Rock
|-weather|Sandstorm|[from] ability: Sand Stream|[of] p1a: Gigalith
|move|p2a: Thwackey|Grassy Glide|p1a: Gigalith
|-supereffective|p1a: Gigalith
|-damage|p1a: Gigalith|7/100
|
|-weather|Sandstorm|[upkeep]
|-damage|p2a: Thwackey|46/100|[from] Sandstorm
|-heal|p2a: Thwackey|52/100|[from] Grassy Terrain
|-heal|p1a: Gigalith|13/100|[from] Grassy Terrain
|-heal|p1a: Gigalith|20/100|[from] item: Leftovers
|upkeep
|turn|24
|
|t:|1663756552
|move|p2a: Thwackey|Grassy Glide|p1a: Gigalith
|-supereffective|p1a: Gigalith
|-damage|p1a: Gigalith|0 fnt
|faint|p1a: Gigalith
|
|-weather|Sandstorm|[upkeep]
|-damage|p2a: Thwackey|46/100|[from] Sandstorm
|-heal|p2a: Thwackey|52/100|[from] Grassy Terrain
|upkeep
|
|t:|1663756554
|switch|p1a: Doug|Poliwrath, F|100/100
|-damage|p1a: Doug|94/100|[from] Stealth Rock
|turn|25
|
|t:|1663756556
|move|p2a: Thwackey|Grassy Glide|p1a: Doug
|-supereffective|p1a: Doug
|-damage|p1a: Doug|15/100
|-damage|p2a: Thwackey|36/100|[from] item: Rocky Helmet|[of] p1a: Doug
|move|p1a: Doug|Circle Throw|p2a: Thwackey
|-damage|p2a: Thwackey|6/100
|drag|p2a: Comfey|Comfey, F|100/100
|-damage|p2a: Comfey|76/100|[from] Spikes
|
|-weather|Sandstorm|[upkeep]
|-damage|p2a: Comfey|70/100|[from] Sandstorm
|-damage|p1a: Doug|9/100|[from] Sandstorm
|-heal|p2a: Comfey|76/100|[from] Grassy Terrain
|-heal|p1a: Doug|15/100|[from] Grassy Terrain
|upkeep
|turn|26
|
|t:|1663756566
|move|p2a: Comfey|Draining Kiss|p1a: Doug
|-supereffective|p1a: Doug
|-damage|p1a: Doug|0 fnt
|-heal|p2a: Comfey|91/100|[from] drain|[of] p1a: Doug
|-damage|p2a: Comfey|75/100|[from] item: Rocky Helmet|[of] p1a: Doug
|faint|p1a: Doug
|
|-weather|Sandstorm|[upkeep]
|-damage|p2a: Comfey|69/100|[from] Sandstorm
|-heal|p2a: Comfey|75/100|[from] Grassy Terrain
|-fieldend|move: Grassy Terrain
|upkeep
|
|t:|1663756568
|switch|p1a: Rhydon|Rhydon, F|66/100 frz
|-damage|p1a: Rhydon|60/100 frz|[from] Stealth Rock
|turn|27
|
|t:|1663756573
|move|p2a: Comfey|Giga Drain|p1a: Rhydon
|-supereffective|p1a: Rhydon
|-damage|p1a: Rhydon|1/100 frz
|-heal|p2a: Comfey|100/100|[from] drain|[of] p1a: Rhydon
|-curestatus|p1a: Rhydon|frz|[msg]
|move|p1a: Rhydon|Stone Edge|p2a: Comfey
|-damage|p2a: Comfey|38/100
|
|-weather|none
|upkeep
|turn|28
|
|t:|1663756580
|move|p2a: Comfey|Draining Kiss|p1a: Rhydon
|-damage|p1a: Rhydon|0 fnt
|-heal|p2a: Comfey|39/100|[from] drain|[of] p1a: Rhydon
|faint|p1a: Rhydon
|
|win|stump 123
|raw|BiscotteKouloulou's rating: 1437 &rarr; <strong>1412</strong><br />(-25 for losing)
|raw|stump 123's rating: 1348 &rarr; <strong>1373</strong><br />(+25 for winning)
|l|☆BiscotteKouloulou
|l| kellion180
