|raw|<div class="broadcast-blue"><strong>This battle is required to be public due to a player having a name starting with 'pult4c1'.</div>
|j|☆PULT4C1 Haffling
|j|☆PULT4C1 Carmin
|t:|1661089540
|gametype|singles
|player|p1|PULT4C1 Haffling|cyrus|1644
|player|p2|PULT4C1 Carmin|firebreather|1534
|teamsize|p1|6
|teamsize|p2|6
|gen|8
|tier|[Gen 8] PU
|rated|
|rule|Sleep Clause Mod: Limit one foe put to sleep
|rule|Species Clause: Limit one of each Pokémon
|rule|OHKO Clause: OHKO moves are banned
|rule|Evasion Items Clause: Evasion items are banned
|rule|Evasion Moves Clause: Evasion moves are banned
|rule|Endless Battle Clause: Forcing endless battles is banned
|rule|HP Percentage Mod: HP is shown in percentages
|rule|Dynamax Clause: You cannot dynamax
|clearpoke
|poke|p1|Scyther, M|
|poke|p1|Eldegoss, F|
|poke|p1|Weezing, F|
|poke|p1|Audino, F|
|poke|p1|Centiskorch, M|
|poke|p1|Regirock|
|poke|p2|Dubwool, M|
|poke|p2|Sandaconda, F|
|poke|p2|Gallade, M|
|poke|p2|Gigalith, F|
|poke|p2|Eldegoss, M|
|poke|p2|Charizard, F|
|teampreview
|inactive|Battle timer is ON: inactive players will automatically lose when time's up. (requested by PULT4C1 Carmin)
|
|t:|1661089565
|start
|switch|p1a: Regirock|Regirock|100/100
|switch|p2a: Gallade|Gallade, M|100/100
|turn|1
|
|t:|1661089573
|move|p2a: Gallade|Close Combat|p1a: Regirock
|-supereffective|p1a: Regirock
|-damage|p1a: Regirock|39/100
|-unboost|p2a: Gallade|def|1
|-unboost|p2a: Gallade|spd|1
|move|p1a: Regirock|Toxic|p2a: Gallade
|-status|p2a: Gallade|tox
|
|-damage|p2a: Gallade|94/100 tox|[from] psn
|upkeep
|turn|2
|
|t:|1661089582
|switch|p1a: Scyther|Scyther, M|100/100
|move|p2a: Gallade|Knock Off|p1a: Scyther
|-damage|p1a: Scyther|52/100
|-enditem|p1a: Scyther|Heavy-Duty Boots|[from] move: Knock Off|[of] p2a: Gallade
|
|-damage|p2a: Gallade|82/100 tox|[from] psn
|upkeep
|turn|3
|j| SemanticBooby855
|j| PULT4C1 eifo
|
|t:|1661089596
|switch|p2a: Sandaconda|Sandaconda, F|100/100
|move|p1a: Scyther|Knock Off|p2a: Sandaconda
|-damage|p2a: Sandaconda|80/100
|-enditem|p2a: Sandaconda|Leftovers|[from] move: Knock Off|[of] p1a: Scyther
|
|upkeep
|turn|4
|
|t:|1661089604
|move|p1a: Scyther|U-turn|p2a: Sandaconda
|-damage|p2a: Sandaconda|58/100
|
|t:|1661089609
|switch|p1a: Eldegoss|Eldegoss, F|100/100|[from]move: U-turn
|move|p2a: Sandaconda|Coil|p2a: Sandaconda
|-boost|p2a: Sandaconda|atk|1
|-boost|p2a: Sandaconda|def|1
|-boost|p2a: Sandaconda|accuracy|1
|
|upkeep
|turn|5
|
|t:|1661089615
|switch|p2a: Eldegoss|Eldegoss, M|100/100
|move|p1a: Eldegoss|Leech Seed|p2a: Eldegoss
|-immune|p2a: Eldegoss
|
|upkeep
|turn|6
|
|t:|1661089619
|move|p1a: Eldegoss|Rapid Spin|p2a: Eldegoss
|-damage|p2a: Eldegoss|96/100
|-boost|p1a: Eldegoss|spe|1
|move|p2a: Eldegoss|Leech Seed|p1a: Eldegoss
|-immune|p1a: Eldegoss
|
|upkeep
|turn|7
|
|t:|1661089622
|move|p1a: Eldegoss|Sleep Powder|p2a: Eldegoss
|-immune|p2a: Eldegoss
|move|p2a: Eldegoss|Leech Seed|p1a: Eldegoss
|-immune|p1a: Eldegoss
|
|upkeep
|turn|8
|
|t:|1661089626
|move|p1a: Eldegoss|Sleep Powder|p2a: Eldegoss
|-immune|p2a: Eldegoss
|move|p2a: Eldegoss|Rapid Spin|p1a: Eldegoss
|-damage|p1a: Eldegoss|96/100
|-boost|p2a: Eldegoss|spe|1
|
|upkeep
|turn|9
|
|t:|1661089629
|move|p1a: Eldegoss|Sleep Powder|p2a: Eldegoss
|-immune|p2a: Eldegoss
|move|p2a: Eldegoss|Rapid Spin|p1a: Eldegoss
|-damage|p1a: Eldegoss|91/100
|-boost|p2a: Eldegoss|spe|1
|
|upkeep
|turn|10
|
|t:|1661089632
|move|p2a: Eldegoss|Rapid Spin|p1a: Eldegoss
|-damage|p1a: Eldegoss|86/100
|-boost|p2a: Eldegoss|spe|1
|move|p1a: Eldegoss|Leech Seed|p2a: Eldegoss
|-immune|p2a: Eldegoss
|
|upkeep
|turn|11
|
|t:|1661089634
|move|p2a: Eldegoss|Rapid Spin|p1a: Eldegoss
|-damage|p1a: Eldegoss|81/100
|-boost|p2a: Eldegoss|spe|1
|move|p1a: Eldegoss|Rapid Spin|p2a: Eldegoss
|-damage|p2a: Eldegoss|91/100
|-boost|p1a: Eldegoss|spe|1
|
|upkeep
|turn|12
|
|t:|1661089637
|move|p2a: Eldegoss|Rapid Spin|p1a: Eldegoss
|-damage|p1a: Eldegoss|75/100
|-boost|p2a: Eldegoss|spe|1
|move|p1a: Eldegoss|Sleep Powder|p2a: Eldegoss
|-immune|p2a: Eldegoss
|
|upkeep
|turn|13
|
|t:|1661089640
|move|p2a: Eldegoss|Rapid Spin|p1a: Eldegoss
|-damage|p1a: Eldegoss|71/100
|-boost|p2a: Eldegoss|spe|1
|move|p1a: Eldegoss|Leech Seed|p2a: Eldegoss
|-immune|p2a: Eldegoss
|
|upkeep
|turn|14
|
|t:|1661089642
|move|p2a: Eldegoss|Leech Seed|p1a: Eldegoss
|-immune|p1a: Eldegoss
|move|p1a: Eldegoss|Rapid Spin|p2a: Eldegoss
|-damage|p2a: Eldegoss|86/100
|-boost|p1a: Eldegoss|spe|1
|
|upkeep
|turn|15
|
|t:|1661089645
|move|p2a: Eldegoss|Rapid Spin|p1a: Eldegoss
|-damage|p1a: Eldegoss|66/100
|move|p1a: Eldegoss|Sleep Powder|p2a: Eldegoss
|-immune|p2a: Eldegoss
|
|upkeep
|turn|16
|
|t:|1661089647
|move|p2a: Eldegoss|Leech Seed|p1a: Eldegoss
|-immune|p1a: Eldegoss
|move|p1a: Eldegoss|Sleep Powder|p2a: Eldegoss
|-immune|p2a: Eldegoss
|
|upkeep
|turn|17
|
|t:|1661089649
|move|p2a: Eldegoss|Rapid Spin|p1a: Eldegoss
|-damage|p1a: Eldegoss|60/100
|move|p1a: Eldegoss|Sleep Powder|p2a: Eldegoss
|-immune|p2a: Eldegoss
|
|upkeep
|turn|18
|
|t:|1661089652
|move|p2a: Eldegoss|Giga Drain|p1a: Eldegoss
|-resisted|p1a: Eldegoss
|-damage|p1a: Eldegoss|50/100
|-heal|p2a: Eldegoss|91/100|[from] drain|[of] p1a: Eldegoss
|move|p1a: Eldegoss|Rapid Spin|p2a: Eldegoss
|-damage|p2a: Eldegoss|86/100
|-boost|p1a: Eldegoss|spe|1
|
|upkeep
|turn|19
|
|t:|1661089655
|move|p2a: Eldegoss|Rapid Spin|p1a: Eldegoss
|-damage|p1a: Eldegoss|45/100
|move|p1a: Eldegoss|Sleep Powder|p2a: Eldegoss
|-immune|p2a: Eldegoss
|
|upkeep
|turn|20
|
|t:|1661089663
|move|p2a: Eldegoss|Leech Seed|p1a: Eldegoss
|-immune|p1a: Eldegoss
|move|p1a: Eldegoss|Sleep Powder|p2a: Eldegoss
|-immune|p2a: Eldegoss
|
|upkeep
|turn|21
|
|t:|1661089667
|switch|p1a: Centiskorch|Centiskorch, M|100/100
|move|p2a: Eldegoss|Leech Seed|p1a: Centiskorch
|-start|p1a: Centiskorch|move: Leech Seed
|
|-damage|p1a: Centiskorch|88/100|[from] Leech Seed|[of] p2a: Eldegoss
|-heal|p2a: Eldegoss|99/100|[silent]
|upkeep
|turn|22
|
|t:|1661089673
|switch|p2a: Charizard|Charizard, F|100/100
|switch|p1a: Eldegoss|Eldegoss, F|78/100
|
|upkeep
|turn|23
|
|t:|1661089678
|switch|p1a: Audino|Audino, F|100/100
|move|p2a: Charizard|Toxic|p1a: Audino
|-status|p1a: Audino|tox
|
|-damage|p1a: Audino|94/100 tox|[from] psn
|upkeep
|turn|24
|
|t:|1661089687
|switch|p2a: Sandaconda|Sandaconda, F|58/100
|move|p1a: Audino|Wish|p1a: Audino
|
|-damage|p1a: Audino|82/100 tox|[from] psn
|upkeep
|turn|25
|
|t:|1661089699
|switch|p1a: Regirock|Regirock|39/100
|move|p2a: Sandaconda|Rest|p2a: Sandaconda
|-status|p2a: Sandaconda|slp|[from] move: Rest
|-heal|p2a: Sandaconda|100/100 slp|[silent]
|
|-heal|p1a: Regirock|96/100|[from] move: Wish|[wisher] Audino
|upkeep
|turn|26
|
|t:|1661089707
|switch|p2a: Eldegoss|Eldegoss, M|100/100
|move|p1a: Regirock|Stealth Rock|p2a: Eldegoss
|-sidestart|p2: PULT4C1 Carmin|move: Stealth Rock
|
|upkeep
|turn|27
|
|t:|1661089711
|switch|p1a: Scyther|Scyther, M|52/100
|move|p2a: Eldegoss|Rapid Spin|p1a: Scyther
|-damage|p1a: Scyther|42/100
|-boost|p2a: Eldegoss|spe|1
|-sideend|p2: PULT4C1 Carmin|Stealth Rock|[from] move: Rapid Spin|[of] p2a: Eldegoss
|
|upkeep
|turn|28
|
|t:|1661089717
|switch|p2a: Sandaconda|Sandaconda, F|100/100 slp
|move|p1a: Scyther|Roost|p1a: Scyther
|-heal|p1a: Scyther|93/100
|-singleturn|p1a: Scyther|move: Roost
|
|upkeep
|turn|29
|
|t:|1661089722
|move|p1a: Scyther|U-turn|p2a: Sandaconda
|-damage|p2a: Sandaconda|80/100 slp
|
|t:|1661089742
|switch|p1a: Centiskorch|Centiskorch, M|88/100|[from]move: U-turn
|cant|p2a: Sandaconda|slp
|
|-activate|p2a: Sandaconda|ability: Shed Skin
|-curestatus|p2a: Sandaconda|slp|[msg]
|upkeep
|turn|30
|
|t:|1661089748
|switch|p1a: Eldegoss|Eldegoss, F|100/100
|switch|p2a: Charizard|Charizard, F|100/100
|
|upkeep
|turn|31
|
|t:|1661089756
|move|p2a: Charizard|Flamethrower|p1a: Eldegoss
|-supereffective|p1a: Eldegoss
|-damage|p1a: Eldegoss|44/100
|move|p1a: Eldegoss|Sleep Powder|p2a: Charizard
|-status|p2a: Charizard|slp|[from] move: Sleep Powder
|
|upkeep
|turn|32
|
|t:|1661089763
|switch|p1a: Weezing|Weezing, F|100/100
|-ability|p1a: Weezing|Neutralizing Gas
|cant|p2a: Charizard|slp
|
|upkeep
|turn|33
|
|t:|1661089767
|-end|p1a: Weezing|ability: Neutralizing Gas
|switch|p1a: Regirock|Regirock|96/100
|cant|p2a: Charizard|slp
|
|upkeep
|turn|34
|
|t:|1661089771
|switch|p2a: Eldegoss|Eldegoss, M|100/100
|move|p1a: Regirock|Toxic|p2a: Eldegoss
|-status|p2a: Eldegoss|tox
|
|-damage|p2a: Eldegoss|94/100 tox|[from] psn
|upkeep
|turn|35
|
|t:|1661089777
|move|p2a: Eldegoss|Leech Seed|p1a: Regirock
|-start|p1a: Regirock|move: Leech Seed
|move|p1a: Regirock|Stealth Rock|p2a: Eldegoss
|-sidestart|p2: PULT4C1 Carmin|move: Stealth Rock
|
|-damage|p1a: Regirock|83/100|[from] Leech Seed|[of] p2a: Eldegoss
|-heal|p2a: Eldegoss|100/100 tox|[silent]
|-damage|p2a: Eldegoss|88/100 tox|[from] psn
|upkeep
|turn|36
|
|t:|1661089782
|switch|p1a: Centiskorch|Centiskorch, M|88/100
|move|p2a: Eldegoss|Rapid Spin|p1a: Centiskorch
|-damage|p1a: Centiskorch|80/100
|-boost|p2a: Eldegoss|spe|1
|-sideend|p2: PULT4C1 Carmin|Stealth Rock|[from] move: Rapid Spin|[of] p2a: Eldegoss
|
|-damage|p2a: Eldegoss|70/100 tox|[from] psn
|upkeep
|turn|37
|
|t:|1661089788
|switch|p2a: Charizard|Charizard, F|100/100 slp
|move|p1a: Centiskorch|Knock Off|p2a: Charizard
|-damage|p2a: Charizard|58/100 slp
|-enditem|p2a: Charizard|Heavy-Duty Boots|[from] move: Knock Off|[of] p1a: Centiskorch
|
|upkeep
|turn|38
|
|t:|1661089799
|switch|p1a: Regirock|Regirock|83/100
|cant|p2a: Charizard|slp
|
|upkeep
|turn|39
|
|t:|1661089804
|switch|p2a: Eldegoss|Eldegoss, M|100/100 tox
|move|p1a: Regirock|Rock Blast|p2a: Eldegoss
|-damage|p2a: Eldegoss|94/100 tox
|-damage|p2a: Eldegoss|86/100 tox
|-hitcount|p2a: Eldegoss|2
|
|-damage|p2a: Eldegoss|80/100 tox|[from] psn
|upkeep
|turn|40
|
|t:|1661089808
|move|p2a: Eldegoss|Aromatherapy|p2a: Eldegoss
|-activate|p2a: Eldegoss|move: Aromatherapy
|-curestatus|p2a: Eldegoss|tox|[msg]
|-curestatus|p2: Gallade|tox|[msg]
|-curestatus|p2: Charizard|slp|[msg]
|move|p1a: Regirock|Stealth Rock|p2a: Eldegoss
|-sidestart|p2: PULT4C1 Carmin|move: Stealth Rock
|
|upkeep
|turn|41
|
|t:|1661089826
|move|p2a: Eldegoss|Rapid Spin|p1a: Regirock
|-resisted|p1a: Regirock
|-damage|p1a: Regirock|82/100
|-boost|p2a: Eldegoss|spe|1
|-sideend|p2: PULT4C1 Carmin|Stealth Rock|[from] move: Rapid Spin|[of] p2a: Eldegoss
|move|p1a: Regirock|Toxic|p2a: Eldegoss
|-status|p2a: Eldegoss|tox
|
|-damage|p2a: Eldegoss|74/100 tox|[from] psn
|upkeep
|turn|42
|
|t:|1661089830
|move|p2a: Eldegoss|Giga Drain|p1a: Regirock
|-supereffective|p1a: Regirock
|-damage|p1a: Regirock|41/100
|-heal|p2a: Eldegoss|97/100 tox|[from] drain|[of] p1a: Regirock
|move|p1a: Regirock|Stealth Rock|p2a: Eldegoss
|-sidestart|p2: PULT4C1 Carmin|move: Stealth Rock
|
|-damage|p2a: Eldegoss|85/100 tox|[from] psn
|upkeep
|turn|43
|
|t:|1661089839
|switch|p1a: Weezing|Weezing, F|100/100
|-ability|p1a: Weezing|Neutralizing Gas
|move|p2a: Eldegoss|Rapid Spin|p1a: Weezing
|-damage|p1a: Weezing|96/100
|-boost|p2a: Eldegoss|spe|1
|-sideend|p2: PULT4C1 Carmin|Stealth Rock|[from] move: Rapid Spin|[of] p2a: Eldegoss
|
|-heal|p1a: Weezing|100/100|[from] item: Black Sludge
|-damage|p2a: Eldegoss|66/100 tox|[from] psn
|upkeep
|turn|44
|
|t:|1661089850
|switch|p2a: Gigalith|Gigalith, F|100/100
|move|p1a: Weezing|Toxic Spikes|p2a: Gigalith
|-sidestart|p2: PULT4C1 Carmin|move: Toxic Spikes
|
|upkeep
|turn|45
|
|t:|1661089862
|-end|p1a: Weezing|ability: Neutralizing Gas
|-weather|Sandstorm|[from] ability: Sand Stream|[of] p2a: Gigalith
|switch|p1a: Eldegoss|Eldegoss, F|78/100
|move|p2a: Gigalith|Stealth Rock|p1a: Eldegoss
|-sidestart|p1: PULT4C1 Haffling|move: Stealth Rock
|
|-weather|Sandstorm|[upkeep]
|-damage|p1a: Eldegoss|71/100|[from] Sandstorm
|upkeep
|turn|46
|
|t:|1661089866
|move|p1a: Eldegoss|Rapid Spin|p2a: Gigalith
|-resisted|p2a: Gigalith
|-damage|p2a: Gigalith|98/100
|-boost|p1a: Eldegoss|spe|1
|-sideend|p1: PULT4C1 Haffling|Stealth Rock|[from] move: Rapid Spin|[of] p1a: Eldegoss
|move|p2a: Gigalith|Rock Blast|p1a: Eldegoss
|-damage|p1a: Eldegoss|62/100
|-damage|p1a: Eldegoss|54/100
|-damage|p1a: Eldegoss|44/100
|-damage|p1a: Eldegoss|35/100
|-hitcount|p1a: Eldegoss|4
|
|-weather|Sandstorm|[upkeep]
|-damage|p1a: Eldegoss|29/100|[from] Sandstorm
|-heal|p2a: Gigalith|100/100|[from] item: Leftovers
|upkeep
|turn|47
|
|t:|1661089880
|switch|p1a: Regirock|Regirock|41/100
|move|p2a: Gigalith|Stealth Rock|p1a: Regirock
|-sidestart|p1: PULT4C1 Haffling|move: Stealth Rock
|
|-weather|Sandstorm|[upkeep]
|upkeep
|turn|48
|
|t:|1661089885
|move|p1a: Regirock|Body Press|p2a: Gigalith
|-supereffective|p2a: Gigalith
|-damage|p2a: Gigalith|41/100
|move|p2a: Gigalith|Earthquake|p1a: Regirock
|-supereffective|p1a: Regirock
|-crit|p1a: Regirock
|-damage|p1a: Regirock|4/100
|
|-weather|Sandstorm|[upkeep]
|-heal|p2a: Gigalith|47/100|[from] item: Leftovers
|upkeep
|turn|49
|
|t:|1661089894
|switch|p2a: Eldegoss|Eldegoss, M|66/100 tox
|move|p1a: Regirock|Stealth Rock|p2a: Eldegoss
|-sidestart|p2: PULT4C1 Carmin|move: Stealth Rock
|
|-weather|none
|-damage|p2a: Eldegoss|60/100 tox|[from] psn
|upkeep
|turn|50
|
|t:|1661089904
|move|p2a: Eldegoss|Rapid Spin|p1a: Regirock
|-resisted|p1a: Regirock
|-damage|p1a: Regirock|2/100
|-boost|p2a: Eldegoss|spe|1
|-sideend|p2: PULT4C1 Carmin|Toxic Spikes|[from] move: Rapid Spin|[of] p2a: Eldegoss
|-sideend|p2: PULT4C1 Carmin|Stealth Rock|[from] move: Rapid Spin|[of] p2a: Eldegoss
|move|p1a: Regirock|Body Press|p2a: Eldegoss
|-damage|p2a: Eldegoss|29/100 tox
|
|-damage|p2a: Eldegoss|16/100 tox|[from] psn
|upkeep
|turn|51
|
|t:|1661089916
|switch|p2a: Gallade|Gallade, M|82/100
|move|p1a: Regirock|Stealth Rock|p2a: Gallade
|-sidestart|p2: PULT4C1 Carmin|move: Stealth Rock
|
|upkeep
|turn|52
|
|t:|1661089928
|move|p2a: Gallade|Knock Off|p1a: Regirock
|-damage|p1a: Regirock|0 fnt
|-enditem|p1a: Regirock|Mental Herb|[from] move: Knock Off|[of] p2a: Gallade
|faint|p1a: Regirock
|
|upkeep
|
|t:|1661089931
|switch|p1a: Weezing|Weezing, F|100/100
|-ability|p1a: Weezing|Neutralizing Gas
|-damage|p1a: Weezing|88/100|[from] Stealth Rock
|turn|53
|j| QiYu5
|
|t:|1661089935
|move|p2a: Gallade|Earthquake|p1a: Weezing
|-supereffective|p1a: Weezing
|-damage|p1a: Weezing|34/100
|move|p1a: Weezing|Sludge Bomb|p2a: Gallade
|-damage|p2a: Gallade|52/100
|-status|p2a: Gallade|psn
|
|-heal|p1a: Weezing|40/100|[from] item: Black Sludge
|-damage|p2a: Gallade|39/100 psn|[from] psn
|upkeep
|turn|54
|
|t:|1661089951
|-end|p1a: Weezing|ability: Neutralizing Gas
|switch|p1a: Audino|Audino, F|100/100 tox
|move|p2a: Gallade|Earthquake|p1a: Audino
|-damage|p1a: Audino|66/100 tox
|
|-damage|p2a: Gallade|27/100 psn|[from] psn
|-damage|p1a: Audino|60/100 tox|[from] psn
|upkeep
|turn|55
|j| Starfall
|
|t:|1661089959
|switch|p2a: Eldegoss|Eldegoss, M|50/100 tox
|switch|p1a: Eldegoss|Eldegoss, F|62/100
|
|-damage|p2a: Eldegoss|43/100 tox|[from] psn
|upkeep
|turn|56
|
|t:|1661089965
|switch|p1a: Weezing|Weezing, F|40/100
|-ability|p1a: Weezing|Neutralizing Gas
|-damage|p1a: Weezing|27/100|[from] Stealth Rock
|move|p2a: Eldegoss|Rapid Spin|p1a: Weezing
|-damage|p1a: Weezing|23/100
|-boost|p2a: Eldegoss|spe|1
|-sideend|p2: PULT4C1 Carmin|Stealth Rock|[from] move: Rapid Spin|[of] p2a: Eldegoss
|
|-heal|p1a: Weezing|29/100|[from] item: Black Sludge
|-damage|p2a: Eldegoss|31/100 tox|[from] psn
|upkeep
|turn|57
|
|t:|1661089974
|switch|p2a: Gigalith|Gigalith, F|47/100
|move|p1a: Weezing|Toxic Spikes|p2a: Gigalith
|-sidestart|p2: PULT4C1 Carmin|move: Toxic Spikes
|
|-heal|p1a: Weezing|35/100|[from] item: Black Sludge
|-heal|p2a: Gigalith|53/100|[from] item: Leftovers
|upkeep
|turn|58
|
|t:|1661089980
|-end|p1a: Weezing|ability: Neutralizing Gas
|-weather|Sandstorm|[from] ability: Sand Stream|[of] p2a: Gigalith
|switch|p1a: Eldegoss|Eldegoss, F|95/100
|move|p2a: Gigalith|Earthquake|p1a: Eldegoss
|-resisted|p1a: Eldegoss
|-damage|p1a: Eldegoss|83/100
|
|-weather|Sandstorm|[upkeep]
|-damage|p1a: Eldegoss|77/100|[from] Sandstorm
|-heal|p2a: Gigalith|60/100|[from] item: Leftovers
|upkeep
|turn|59
|
|t:|1661089985
|move|p1a: Eldegoss|Rapid Spin|p2a: Gigalith
|-resisted|p2a: Gigalith
|-damage|p2a: Gigalith|57/100
|-boost|p1a: Eldegoss|spe|1
|-sideend|p1: PULT4C1 Haffling|Stealth Rock|[from] move: Rapid Spin|[of] p1a: Eldegoss
|move|p2a: Gigalith|Rock Blast|p1a: Eldegoss
|-damage|p1a: Eldegoss|67/100
|-damage|p1a: Eldegoss|57/100
|-damage|p1a: Eldegoss|48/100
|-damage|p1a: Eldegoss|38/100
|-damage|p1a: Eldegoss|29/100
|-hitcount|p1a: Eldegoss|5
|
|-weather|Sandstorm|[upkeep]
|-damage|p1a: Eldegoss|23/100|[from] Sandstorm
|-heal|p2a: Gigalith|64/100|[from] item: Leftovers
|upkeep
|turn|60
|
|t:|1661089997
|move|p1a: Eldegoss|Sleep Powder|p2a: Gigalith
|-status|p2a: Gigalith|slp|[from] move: Sleep Powder
|cant|p2a: Gigalith|slp
|
|-weather|Sandstorm|[upkeep]
|-damage|p1a: Eldegoss|17/100|[from] Sandstorm
|-heal|p2a: Gigalith|70/100 slp|[from] item: Leftovers
|upkeep
|turn|61
|
|t:|1661090004
|switch|p1a: Scyther|Scyther, M|93/100
|-curestatus|p2a: Gigalith|slp|[msg]
|move|p2a: Gigalith|Stealth Rock|p1a: Scyther
|-sidestart|p1: PULT4C1 Haffling|move: Stealth Rock
|
|-weather|Sandstorm|[upkeep]
|-damage|p1a: Scyther|87/100|[from] Sandstorm
|-heal|p2a: Gigalith|76/100|[from] item: Leftovers
|upkeep
|turn|62
|c|☆PULT4C1 Haffling|wow ok
|
|t:|1661090018
|move|p1a: Scyther|U-turn|p2a: Gigalith
|-damage|p2a: Gigalith|53/100
|c| PULT4C1 eifo|i thought they blasted..
|c|☆PULT4C1 Carmin|i had 3 turns charizard
|
|t:|1661090024
|switch|p1a: Audino|Audino, F|93/100 tox|[from]move: U-turn
|move|p2a: Gigalith|Rock Blast|p1a: Audino
|-damage|p1a: Audino|82/100 tox
|-damage|p1a: Audino|71/100 tox
|-damage|p1a: Audino|60/100 tox
|-damage|p1a: Audino|50/100 tox
|-damage|p1a: Audino|40/100 tox
|-hitcount|p1a: Audino|5
|
|-weather|none
|-heal|p2a: Gigalith|60/100|[from] item: Leftovers
|-damage|p1a: Audino|33/100 tox|[from] psn
|upkeep
|turn|63
|c|☆PULT4C1 Carmin|and you didnt miss once
|c|☆PULT4C1 Carmin|+ poison gallade
|c|☆PULT4C1 Haffling|oh
|c|☆PULT4C1 Carmin|i don't say i'm unlucky
|c|☆PULT4C1 Haffling|so i hax bc i hit moves
|inactive|PULT4C1 Haffling has 120 seconds left.
|c|☆PULT4C1 Carmin|i have a lot of rock blast
|c|☆PULT4C1 Haffling|i believe thats a you qoute
|l| Starfall
|
|t:|1661090070
|move|p1a: Audino|Knock Off|p2a: Gigalith
|-damage|p2a: Gigalith|48/100
|-enditem|p2a: Gigalith|Leftovers|[from] move: Knock Off|[of] p1a: Audino
|move|p2a: Gigalith|Rock Blast|p1a: Audino
|-damage|p1a: Audino|23/100 tox
|-damage|p1a: Audino|13/100 tox
|-damage|p1a: Audino|3/100 tox
|-hitcount|p1a: Audino|3
|
|-damage|p1a: Audino|0 fnt|[from] psn
|faint|p1a: Audino
|upkeep
|
|t:|1661090075
|switch|p1a: Eldegoss|Eldegoss, F|50/100
|turn|64
|
|t:|1661090084
|switch|p2a: Eldegoss|Eldegoss, M|31/100 tox
|move|p1a: Eldegoss|Sleep Powder|p2a: Eldegoss
|-immune|p2a: Eldegoss
|
|-damage|p2a: Eldegoss|25/100 tox|[from] psn
|upkeep
|turn|65
|
|t:|1661090089
|switch|p2a: Charizard|Charizard, F|58/100
|move|p1a: Eldegoss|Rapid Spin|p2a: Charizard
|-damage|p2a: Charizard|51/100
|-boost|p1a: Eldegoss|spe|1
|-sideend|p1: PULT4C1 Haffling|Stealth Rock|[from] move: Rapid Spin|[of] p1a: Eldegoss
|
|upkeep
|turn|66
|
|t:|1661090096
|switch|p1a: Centiskorch|Centiskorch, M|80/100
|move|p2a: Charizard|Defog|p1a: Centiskorch
|-unboost|p1a: Centiskorch|evasion|1
|-sideend|p2: PULT4C1 Carmin|Toxic Spikes|[from] move: Defog|[of] p2a: Charizard
|
|upkeep
|turn|67
|
|t:|1661090102
|move|p2a: Charizard|Toxic|p1a: Centiskorch
|-status|p1a: Centiskorch|tox
|move|p1a: Centiskorch|Fire Lash|p2a: Charizard
|-resisted|p2a: Charizard
|-damage|p2a: Charizard|28/100
|-unboost|p2a: Charizard|def|1
|
|-damage|p1a: Centiskorch|74/100 tox|[from] psn
|upkeep
|turn|68
|
|t:|1661090107
|move|p2a: Charizard|Roost|p2a: Charizard
|-heal|p2a: Charizard|78/100
|-singleturn|p2a: Charizard|move: Roost
|move|p1a: Centiskorch|Power Whip|p2a: Charizard
|-resisted|p2a: Charizard
|-crit|p2a: Charizard
|-damage|p2a: Charizard|23/100
|
|-damage|p1a: Centiskorch|62/100 tox|[from] psn
|upkeep
|turn|69
|
|t:|1661090115
|move|p2a: Charizard|Roost|p2a: Charizard
|-heal|p2a: Charizard|73/100
|-singleturn|p2a: Charizard|move: Roost
|move|p1a: Centiskorch|Fire Lash|p2a: Charizard
|-resisted|p2a: Charizard
|-damage|p2a: Charizard|34/100
|-unboost|p2a: Charizard|def|1
|
|-damage|p1a: Centiskorch|43/100 tox|[from] psn
|upkeep
|turn|70
|
|t:|1661090122
|move|p2a: Charizard|Roost|p2a: Charizard
|-heal|p2a: Charizard|85/100
|-singleturn|p2a: Charizard|move: Roost
|move|p1a: Centiskorch|Knock Off|p2a: Charizard
|-damage|p2a: Charizard|30/100
|
|-damage|p1a: Centiskorch|19/100 tox|[from] psn
|upkeep
|turn|71
|
|t:|1661090127
|move|p2a: Charizard|Roost|p2a: Charizard
|-heal|p2a: Charizard|80/100
|-singleturn|p2a: Charizard|move: Roost
|move|p1a: Centiskorch|Leech Life|p2a: Charizard
|-resisted|p2a: Charizard
|-damage|p2a: Charizard|30/100
|-heal|p1a: Centiskorch|45/100 tox|[from] drain|[of] p2a: Charizard
|
|-damage|p1a: Centiskorch|14/100 tox|[from] psn
|upkeep
|turn|72
|
|t:|1661090134
|switch|p1a: Scyther|Scyther, M|87/100
|move|p2a: Charizard|Roost|p2a: Charizard
|-heal|p2a: Charizard|80/100
|-singleturn|p2a: Charizard|move: Roost
|
|upkeep
|turn|73
|
|t:|1661090140
|move|p1a: Scyther|Dual Wingbeat|p2a: Charizard
|-damage|p2a: Charizard|10/100
|-damage|p2a: Charizard|0 fnt
|faint|p2a: Charizard
|-hitcount|p2: Charizard|2
|
|upkeep
|
|t:|1661090148
|switch|p2a: Sandaconda|Sandaconda, F|80/100
|turn|74
|
|t:|1661090154
|move|p1a: Scyther|U-turn|p2a: Sandaconda
|-damage|p2a: Sandaconda|57/100
|
|t:|1661090157
|switch|p1a: Eldegoss|Eldegoss, F|84/100|[from]move: U-turn
|move|p2a: Sandaconda|Rock Slide|p1a: Eldegoss
|-damage|p1a: Eldegoss|69/100
|
|upkeep
|turn|75
|
|t:|1661090162
|switch|p2a: Eldegoss|Eldegoss, M|58/100 tox
|move|p1a: Eldegoss|Grass Knot|p2a: Eldegoss
|-resisted|p2a: Eldegoss
|-damage|p2a: Eldegoss|55/100 tox
|
|-damage|p2a: Eldegoss|49/100 tox|[from] psn
|upkeep
|turn|76
|
|t:|1661090167
|switch|p1a: Scyther|Scyther, M|87/100
|move|p2a: Eldegoss|Aromatherapy|p2a: Eldegoss
|-activate|p2a: Eldegoss|move: Aromatherapy
|-curestatus|p2a: Eldegoss|tox|[msg]
|-curestatus|p2: Gallade|psn|[msg]
|
|upkeep
|turn|77
|
|t:|1661090170
|switch|p2a: Dubwool|Dubwool, M|100/100
|move|p1a: Scyther|U-turn|p2a: Dubwool
|-damage|p2a: Dubwool|88/100
|
|t:|1661090173
|switch|p1a: Weezing|Weezing, F|35/100|[from]move: U-turn
|-ability|p1a: Weezing|Neutralizing Gas
|
|-heal|p2a: Dubwool|94/100|[from] item: Leftovers
|-heal|p1a: Weezing|41/100|[from] item: Black Sludge
|upkeep
|turn|78
|
|t:|1661090181
|switch|p2a: Sandaconda|Sandaconda, F|57/100
|move|p1a: Weezing|Toxic Spikes|p2a: Sandaconda
|-sidestart|p2: PULT4C1 Carmin|move: Toxic Spikes
|
|-heal|p1a: Weezing|47/100|[from] item: Black Sludge
|upkeep
|turn|79
|
|t:|1661090195
|-end|p1a: Weezing|ability: Neutralizing Gas
|switch|p1a: Eldegoss|Eldegoss, F|100/100
|move|p2a: Sandaconda|Rest|p2a: Sandaconda
|-status|p2a: Sandaconda|slp|[from] move: Rest
|-heal|p2a: Sandaconda|100/100 slp|[silent]
|
|upkeep
|turn|80
|
|t:|1661090205
|switch|p2a: Eldegoss|Eldegoss, M|83/100
|move|p1a: Eldegoss|Leech Seed|p2a: Eldegoss
|-immune|p2a: Eldegoss
|
|upkeep
|turn|81
|
|t:|1661090211
|switch|p1a: Scyther|Scyther, M|87/100
|move|p2a: Eldegoss|Rapid Spin|p1a: Scyther
|-damage|p1a: Scyther|77/100
|-boost|p2a: Eldegoss|spe|1
|-sideend|p2: PULT4C1 Carmin|Toxic Spikes|[from] move: Rapid Spin|[of] p2a: Eldegoss
|
|upkeep
|turn|82
|
|t:|1661090216
|switch|p2a: Dubwool|Dubwool, M|94/100
|move|p1a: Scyther|U-turn|p2a: Dubwool
|-damage|p2a: Dubwool|82/100
|
|t:|1661090218
|switch|p1a: Weezing|Weezing, F|47/100|[from]move: U-turn
|-ability|p1a: Weezing|Neutralizing Gas
|
|-heal|p2a: Dubwool|88/100|[from] item: Leftovers
|-heal|p1a: Weezing|53/100|[from] item: Black Sludge
|upkeep
|turn|83
|
|t:|1661090226
|switch|p2a: Gigalith|Gigalith, F|48/100
|move|p1a: Weezing|Toxic Spikes|p2a: Gigalith
|-sidestart|p2: PULT4C1 Carmin|move: Toxic Spikes
|
|-heal|p1a: Weezing|59/100|[from] item: Black Sludge
|upkeep
|turn|84
|
|t:|1661090231
|-end|p1a: Weezing|ability: Neutralizing Gas
|-weather|Sandstorm|[from] ability: Sand Stream|[of] p2a: Gigalith
|switch|p1a: Eldegoss|Eldegoss, F|100/100
|move|p2a: Gigalith|Stealth Rock|p1a: Eldegoss
|-sidestart|p1: PULT4C1 Haffling|move: Stealth Rock
|
|-weather|Sandstorm|[upkeep]
|-damage|p1a: Eldegoss|94/100|[from] Sandstorm
|upkeep
|turn|85
|
|t:|1661090234
|move|p1a: Eldegoss|Rapid Spin|p2a: Gigalith
|-resisted|p2a: Gigalith
|-damage|p2a: Gigalith|46/100
|-boost|p1a: Eldegoss|spe|1
|-sideend|p1: PULT4C1 Haffling|Stealth Rock|[from] move: Rapid Spin|[of] p1a: Eldegoss
|move|p2a: Gigalith|Rest|p2a: Gigalith
|-status|p2a: Gigalith|slp|[from] move: Rest
|-heal|p2a: Gigalith|100/100 slp|[silent]
|
|-weather|Sandstorm|[upkeep]
|-damage|p1a: Eldegoss|88/100|[from] Sandstorm
|upkeep
|turn|86
|
|t:|1661090240
|switch|p1a: Scyther|Scyther, M|77/100
|switch|p2a: Eldegoss|Eldegoss, M|100/100
|
|-weather|Sandstorm|[upkeep]
|-damage|p1a: Scyther|71/100|[from] Sandstorm
|-damage|p2a: Eldegoss|94/100|[from] Sandstorm
|upkeep
|turn|87
|
|t:|1661090246
|switch|p2a: Sandaconda|Sandaconda, F|100/100 slp
|move|p1a: Scyther|Knock Off|p2a: Sandaconda
|-damage|p2a: Sandaconda|87/100 slp
|
|-weather|Sandstorm|[upkeep]
|-damage|p1a: Scyther|65/100|[from] Sandstorm
|upkeep
|turn|88
|
|t:|1661090251
|move|p1a: Scyther|Roost|p1a: Scyther
|-heal|p1a: Scyther|100/100
|-singleturn|p1a: Scyther|move: Roost
|cant|p2a: Sandaconda|slp
|
|-weather|none
|upkeep
|turn|89
|
|t:|1661090255
|move|p1a: Scyther|U-turn|p2a: Sandaconda
|-damage|p2a: Sandaconda|66/100 slp
|
|t:|1661090258
|switch|p1a: Eldegoss|Eldegoss, F|100/100|[from]move: U-turn
|cant|p2a: Sandaconda|slp
|
|upkeep
|turn|90
|
|t:|1661090264
|switch|p2a: Eldegoss|Eldegoss, M|100/100
|move|p1a: Eldegoss|Grass Knot|p2a: Eldegoss
|-resisted|p2a: Eldegoss
|-damage|p2a: Eldegoss|98/100
|
|upkeep
|turn|91
|
|t:|1661090270
|switch|p1a: Scyther|Scyther, M|100/100
|move|p2a: Eldegoss|Rapid Spin|p1a: Scyther
|-damage|p1a: Scyther|91/100
|-boost|p2a: Eldegoss|spe|1
|-sideend|p2: PULT4C1 Carmin|Toxic Spikes|[from] move: Rapid Spin|[of] p2a: Eldegoss
|
|upkeep
|turn|92
|
|t:|1661090275
|switch|p2a: Dubwool|Dubwool, M|88/100
|move|p1a: Scyther|U-turn|p2a: Dubwool
|-damage|p2a: Dubwool|75/100
|
|t:|1661090277
|switch|p1a: Weezing|Weezing, F|59/100|[from]move: U-turn
|-ability|p1a: Weezing|Neutralizing Gas
|
|-heal|p2a: Dubwool|81/100|[from] item: Leftovers
|-heal|p1a: Weezing|65/100|[from] item: Black Sludge
|upkeep
|turn|93
|
|t:|1661090286
|move|p2a: Dubwool|Cotton Guard|p2a: Dubwool
|-boost|p2a: Dubwool|def|3
|move|p1a: Weezing|Toxic Spikes|p2a: Dubwool
|-sidestart|p2: PULT4C1 Carmin|move: Toxic Spikes
|
|-heal|p2a: Dubwool|87/100|[from] item: Leftovers
|-heal|p1a: Weezing|71/100|[from] item: Black Sludge
|upkeep
|turn|94
|
|t:|1661090288
|move|p2a: Dubwool|Body Press|p1a: Weezing
|-resisted|p1a: Weezing
|-damage|p1a: Weezing|51/100
|move|p1a: Weezing|Sludge Bomb|p2a: Dubwool
|-damage|p2a: Dubwool|59/100
|
|-heal|p2a: Dubwool|65/100|[from] item: Leftovers
|-heal|p1a: Weezing|57/100|[from] item: Black Sludge
|upkeep
|turn|95
|
|t:|1661090294
|move|p2a: Dubwool|Body Press|p1a: Weezing
|-resisted|p1a: Weezing
|-damage|p1a: Weezing|38/100
|move|p1a: Weezing|Pain Split|p2a: Dubwool
|-sethp|p2a: Dubwool|50/100|[from] move: Pain Split|[silent]
|-sethp|p1a: Weezing|53/100|[from] move: Pain Split
|
|-heal|p2a: Dubwool|57/100|[from] item: Leftovers
|-heal|p1a: Weezing|59/100|[from] item: Black Sludge
|upkeep
|turn|96
|
|t:|1661090299
|move|p2a: Dubwool|Cotton Guard|p2a: Dubwool
|-boost|p2a: Dubwool|def|3
|move|p1a: Weezing|Sludge Bomb|p2a: Dubwool
|-damage|p2a: Dubwool|27/100
|-status|p2a: Dubwool|psn
|
|-heal|p2a: Dubwool|33/100 psn|[from] item: Leftovers
|-heal|p1a: Weezing|65/100|[from] item: Black Sludge
|-damage|p2a: Dubwool|21/100 psn|[from] psn
|upkeep
|turn|97
|
|t:|1661090306
|move|p2a: Dubwool|Rest|p2a: Dubwool
|-status|p2a: Dubwool|slp|[from] move: Rest
|-heal|p2a: Dubwool|100/100 slp|[silent]
|move|p1a: Weezing|Sludge Bomb|p2a: Dubwool
|-damage|p2a: Dubwool|73/100 slp
|
|-heal|p2a: Dubwool|79/100 slp|[from] item: Leftovers
|-heal|p1a: Weezing|71/100|[from] item: Black Sludge
|upkeep
|turn|98
|
|t:|1661090310
|cant|p2a: Dubwool|slp
|move|p2a: Dubwool|Sleep Talk|p2a: Dubwool
|move|p2a: Dubwool|Body Press|p1a: Weezing|[from]move: Sleep Talk
|-resisted|p1a: Weezing
|-damage|p1a: Weezing|43/100
|move|p1a: Weezing|Sludge Bomb|p2a: Dubwool
|-damage|p2a: Dubwool|49/100 slp
|
|-heal|p2a: Dubwool|55/100 slp|[from] item: Leftovers
|-heal|p1a: Weezing|49/100|[from] item: Black Sludge
|upkeep
|turn|99
|
|t:|1661090319
|cant|p2a: Dubwool|slp
|move|p2a: Dubwool|Sleep Talk|p2a: Dubwool
|move|p2a: Dubwool|Rest||[from]move: Sleep Talk|[still]
|-fail|p2a: Dubwool
|move|p1a: Weezing|Sludge Bomb|p2a: Dubwool
|-crit|p2a: Dubwool
|-damage|p2a: Dubwool|15/100 slp
|
|-heal|p2a: Dubwool|21/100 slp|[from] item: Leftovers
|-heal|p1a: Weezing|55/100|[from] item: Black Sludge
|upkeep
|turn|100
|
|t:|1661090324
|-curestatus|p2a: Dubwool|slp|[msg]
|move|p2a: Dubwool|Rest|p2a: Dubwool
|-status|p2a: Dubwool|slp|[from] move: Rest
|-heal|p2a: Dubwool|100/100 slp|[silent]
|move|p1a: Weezing|Sludge Bomb|p2a: Dubwool
|-damage|p2a: Dubwool|73/100 slp
|
|-heal|p2a: Dubwool|79/100 slp|[from] item: Leftovers
|-heal|p1a: Weezing|61/100|[from] item: Black Sludge
|upkeep
|turn|101
|
|t:|1661090329
|-end|p1a: Weezing|ability: Neutralizing Gas
|switch|p1a: Scyther|Scyther, M|91/100
|cant|p2a: Dubwool|slp
|move|p2a: Dubwool|Sleep Talk|p2a: Dubwool
|move|p2a: Dubwool|Body Press|p1a: Scyther|[from]move: Sleep Talk
|-resisted|p1a: Scyther
|-damage|p1a: Scyther|58/100
|
|-heal|p2a: Dubwool|85/100 slp|[from] item: Leftovers
|upkeep
|turn|102
|
|t:|1661090337
|switch|p2a: Sandaconda|Sandaconda, F|66/100 slp
|move|p1a: Scyther|Knock Off|p2a: Sandaconda
|-damage|p2a: Sandaconda|54/100 slp
|
|-activate|p2a: Sandaconda|ability: Shed Skin
|-curestatus|p2a: Sandaconda|slp|[msg]
|upkeep
|turn|103
|
|t:|1661090347
|move|p1a: Scyther|U-turn|p2a: Sandaconda
|-damage|p2a: Sandaconda|34/100
|
|t:|1661090349
|switch|p1a: Eldegoss|Eldegoss, F|100/100|[from]move: U-turn
|move|p2a: Sandaconda|Rest|p2a: Sandaconda
|-status|p2a: Sandaconda|slp|[from] move: Rest
|-heal|p2a: Sandaconda|100/100 slp|[silent]
|
|upkeep
|turn|104
|j| Starfall
|
|t:|1661090355
|switch|p2a: Eldegoss|Eldegoss, M|100/100
|switch|p1a: Weezing|Weezing, F|61/100
|-ability|p1a: Weezing|Neutralizing Gas
|
|-heal|p1a: Weezing|67/100|[from] item: Black Sludge
|upkeep
|turn|105
|
|t:|1661090363
|-end|p1a: Weezing|ability: Neutralizing Gas
|switch|p1a: Scyther|Scyther, M|58/100
|switch|p2a: Gigalith|Gigalith, F|100/100 slp
|-weather|Sandstorm|[from] ability: Sand Stream|[of] p2a: Gigalith
|
|-weather|Sandstorm|[upkeep]
|-damage|p1a: Scyther|52/100|[from] Sandstorm
|upkeep
|turn|106
|
|t:|1661090368
|move|p1a: Scyther|Roost|p1a: Scyther
|-heal|p1a: Scyther|100/100
|-singleturn|p1a: Scyther|move: Roost
|cant|p2a: Gigalith|slp
|
|-weather|Sandstorm|[upkeep]
|-damage|p1a: Scyther|94/100|[from] Sandstorm
|upkeep
|turn|107
|l| Starfall
|
|t:|1661090372
|move|p1a: Scyther|U-turn|p2a: Gigalith
|-damage|p2a: Gigalith|76/100 slp
|
|t:|1661090375
|switch|p1a: Eldegoss|Eldegoss, F|100/100|[from]move: U-turn
|cant|p2a: Gigalith|slp
|
|-weather|Sandstorm|[upkeep]
|-damage|p1a: Eldegoss|94/100|[from] Sandstorm
|upkeep
|turn|108
|
|t:|1661090378
|switch|p2a: Eldegoss|Eldegoss, M|100/100
|move|p1a: Eldegoss|Grass Knot|p2a: Eldegoss
|-resisted|p2a: Eldegoss
|-damage|p2a: Eldegoss|98/100
|
|-weather|Sandstorm|[upkeep]
|-damage|p1a: Eldegoss|88/100|[from] Sandstorm
|-damage|p2a: Eldegoss|92/100|[from] Sandstorm
|upkeep
|turn|109
|
|t:|1661090383
|switch|p1a: Scyther|Scyther, M|94/100
|move|p2a: Eldegoss|Rapid Spin|p1a: Scyther
|-damage|p1a: Scyther|86/100
|-boost|p2a: Eldegoss|spe|1
|-sideend|p2: PULT4C1 Carmin|Toxic Spikes|[from] move: Rapid Spin|[of] p2a: Eldegoss
|
|-weather|none
|upkeep
|turn|110
|
|t:|1661090389
|switch|p2a: Sandaconda|Sandaconda, F|100/100 slp
|move|p1a: Scyther|U-turn|p2a: Sandaconda
|-damage|p2a: Sandaconda|79/100 slp
|
|t:|1661090392
|switch|p1a: Eldegoss|Eldegoss, F|100/100|[from]move: U-turn
|
|upkeep
|turn|111
|
|t:|1661090397
|switch|p2a: Eldegoss|Eldegoss, M|100/100
|switch|p1a: Scyther|Scyther, M|86/100
|
|upkeep
|turn|112
|
|t:|1661090404
|switch|p1a: Weezing|Weezing, F|67/100
|-ability|p1a: Weezing|Neutralizing Gas
|switch|p2a: Sandaconda|Sandaconda, F|79/100 slp
|
|-heal|p1a: Weezing|73/100|[from] item: Black Sludge
|upkeep
|turn|113
|j| Starfall
|
|t:|1661090409
|cant|p2a: Sandaconda|slp
|move|p1a: Weezing|Toxic Spikes|p2a: Sandaconda
|-sidestart|p2: PULT4C1 Carmin|move: Toxic Spikes
|
|-heal|p1a: Weezing|79/100|[from] item: Black Sludge
|upkeep
|turn|114
|
|t:|1661090411
|-end|p1a: Weezing|ability: Neutralizing Gas
|switch|p1a: Eldegoss|Eldegoss, F|100/100
|cant|p2a: Sandaconda|slp
|
|upkeep
|turn|115
|
|t:|1661090415
|switch|p2a: Eldegoss|Eldegoss, M|100/100
|move|p1a: Eldegoss|Leech Seed|p2a: Eldegoss
|-immune|p2a: Eldegoss
|
|upkeep
|turn|116
|
|t:|1661090420
|switch|p1a: Scyther|Scyther, M|86/100
|move|p2a: Eldegoss|Rapid Spin|p1a: Scyther
|-damage|p1a: Scyther|77/100
|-boost|p2a: Eldegoss|spe|1
|-sideend|p2: PULT4C1 Carmin|Toxic Spikes|[from] move: Rapid Spin|[of] p2a: Eldegoss
|
|upkeep
|turn|117
|
|t:|1661090424
|switch|p2a: Sandaconda|Sandaconda, F|79/100 slp
|move|p1a: Scyther|U-turn|p2a: Sandaconda
|-damage|p2a: Sandaconda|57/100 slp
|
|t:|1661090428
|switch|p1a: Eldegoss|Eldegoss, F|100/100|[from]move: U-turn
|
|-activate|p2a: Sandaconda|ability: Shed Skin
|-curestatus|p2a: Sandaconda|slp|[msg]
|upkeep
|turn|118
|
|t:|1661090437
|switch|p2a: Eldegoss|Eldegoss, M|100/100
|move|p1a: Eldegoss|Rapid Spin|p2a: Eldegoss
|-damage|p2a: Eldegoss|95/100
|-boost|p1a: Eldegoss|spe|1
|
|upkeep
|turn|119
|
|t:|1661090451
|switch|p2a: Dubwool|Dubwool, M|85/100 slp
|move|p1a: Eldegoss|Rapid Spin|p2a: Dubwool
|-damage|p2a: Dubwool|82/100 slp
|-boost|p1a: Eldegoss|spe|1
|
|-heal|p2a: Dubwool|88/100 slp|[from] item: Leftovers
|upkeep
|turn|120
|
|t:|1661090456
|move|p1a: Eldegoss|Leech Seed|p2a: Dubwool
|-start|p2a: Dubwool|move: Leech Seed
|cant|p2a: Dubwool|slp
|
|-heal|p2a: Dubwool|94/100 slp|[from] item: Leftovers
|-damage|p2a: Dubwool|82/100 slp|[from] Leech Seed|[of] p1a: Eldegoss
|upkeep
|turn|121
|
|t:|1661090463
|switch|p2a: Eldegoss|Eldegoss, M|100/100
|move|p1a: Eldegoss|Grass Knot|p2a: Eldegoss
|-resisted|p2a: Eldegoss
|-damage|p2a: Eldegoss|98/100
|
|upkeep
|turn|122
|
|t:|1661090468
|switch|p1a: Weezing|Weezing, F|79/100
|-ability|p1a: Weezing|Neutralizing Gas
|switch|p2a: Dubwool|Dubwool, M|82/100 slp
|
|-heal|p2a: Dubwool|88/100 slp|[from] item: Leftovers
|-heal|p1a: Weezing|85/100|[from] item: Black Sludge
|upkeep
|turn|123
|
|t:|1661090472
|-curestatus|p2a: Dubwool|slp|[msg]
|move|p2a: Dubwool|Cotton Guard|p2a: Dubwool
|-boost|p2a: Dubwool|def|3
|move|p1a: Weezing|Toxic Spikes|p2a: Dubwool
|-sidestart|p2: PULT4C1 Carmin|move: Toxic Spikes
|
|-heal|p2a: Dubwool|94/100|[from] item: Leftovers
|-heal|p1a: Weezing|91/100|[from] item: Black Sludge
|upkeep
|turn|124
|
|t:|1661090477
|move|p2a: Dubwool|Cotton Guard|p2a: Dubwool
|-boost|p2a: Dubwool|def|3
|move|p1a: Weezing|Sludge Bomb|p2a: Dubwool
|-damage|p2a: Dubwool|65/100
|
|-heal|p2a: Dubwool|71/100|[from] item: Leftovers
|-heal|p1a: Weezing|97/100|[from] item: Black Sludge
|upkeep
|turn|125
|
|t:|1661090482
|move|p2a: Dubwool|Body Press|p1a: Weezing
|-resisted|p1a: Weezing
|-damage|p1a: Weezing|64/100
|move|p1a: Weezing|Sludge Bomb|p2a: Dubwool
|-damage|p2a: Dubwool|40/100
|-status|p2a: Dubwool|psn
|
|-heal|p2a: Dubwool|46/100 psn|[from] item: Leftovers
|-heal|p1a: Weezing|70/100|[from] item: Black Sludge
|-damage|p2a: Dubwool|34/100 psn|[from] psn
|upkeep
|turn|126
|
|t:|1661090487
|move|p2a: Dubwool|Rest|p2a: Dubwool
|-status|p2a: Dubwool|slp|[from] move: Rest
|-heal|p2a: Dubwool|100/100 slp|[silent]
|move|p1a: Weezing|Flamethrower|p2a: Dubwool
|-damage|p2a: Dubwool|79/100 slp
|
|-heal|p2a: Dubwool|85/100 slp|[from] item: Leftovers
|-heal|p1a: Weezing|76/100|[from] item: Black Sludge
|upkeep
|turn|127
|
|t:|1661090493
|-end|p1a: Weezing|ability: Neutralizing Gas
|switch|p1a: Scyther|Scyther, M|77/100
|cant|p2a: Dubwool|slp
|move|p2a: Dubwool|Sleep Talk|p2a: Dubwool
|move|p2a: Dubwool|Rest||[from]move: Sleep Talk|[still]
|-fail|p2a: Dubwool
|
|-heal|p2a: Dubwool|91/100 slp|[from] item: Leftovers
|upkeep
|turn|128
|
|t:|1661090505
|move|p1a: Scyther|Knock Off|p2a: Dubwool
|-damage|p2a: Dubwool|88/100 slp
|-enditem|p2a: Dubwool|Leftovers|[from] move: Knock Off|[of] p1a: Scyther
|cant|p2a: Dubwool|slp
|move|p2a: Dubwool|Sleep Talk|p2a: Dubwool
|move|p2a: Dubwool|Cotton Guard|p2a: Dubwool|[from]move: Sleep Talk
|-boost|p2a: Dubwool|def|0
|
|upkeep
|turn|129
|
|t:|1661090521
|move|p1a: Scyther|Dual Wingbeat|p2a: Dubwool
|-damage|p2a: Dubwool|86/100 slp
|-damage|p2a: Dubwool|83/100 slp
|-hitcount|p2a: Dubwool|2
|-curestatus|p2a: Dubwool|slp|[msg]
|move|p2a: Dubwool|Body Press|p1a: Scyther
|-resisted|p1a: Scyther
|-damage|p1a: Scyther|43/100
|
|upkeep
|turn|130
|
|t:|1661090528
|move|p1a: Scyther|Roost|p1a: Scyther
|-heal|p1a: Scyther|93/100
|-singleturn|p1a: Scyther|move: Roost
|move|p2a: Dubwool|Body Press|p1a: Scyther
|-resisted|p1a: Scyther
|-damage|p1a: Scyther|25/100
|
|upkeep
|turn|131
|
|t:|1661090534
|switch|p1a: Weezing|Weezing, F|76/100
|-ability|p1a: Weezing|Neutralizing Gas
|move|p2a: Dubwool|Body Press|p1a: Weezing
|-resisted|p1a: Weezing
|-damage|p1a: Weezing|44/100
|
|-heal|p1a: Weezing|50/100|[from] item: Black Sludge
|upkeep
|turn|132
|
|t:|1661090539
|move|p2a: Dubwool|Body Press|p1a: Weezing
|-resisted|p1a: Weezing
|-damage|p1a: Weezing|20/100
|move|p1a: Weezing|Pain Split|p2a: Dubwool
|-sethp|p2a: Dubwool|51/100|[from] move: Pain Split|[silent]
|-sethp|p1a: Weezing|53/100|[from] move: Pain Split
|
|-heal|p1a: Weezing|59/100|[from] item: Black Sludge
|upkeep
|turn|133
|
|t:|1661090548
|move|p2a: Dubwool|Body Press|p1a: Weezing
|-resisted|p1a: Weezing
|-damage|p1a: Weezing|28/100
|move|p1a: Weezing|Sludge Bomb|p2a: Dubwool
|-damage|p2a: Dubwool|19/100
|
|-heal|p1a: Weezing|34/100|[from] item: Black Sludge
|upkeep
|turn|134
|
|t:|1661090555
|move|p2a: Dubwool|Rest|p2a: Dubwool
|-status|p2a: Dubwool|slp|[from] move: Rest
|-heal|p2a: Dubwool|100/100 slp|[silent]
|move|p1a: Weezing|Sludge Bomb|p2a: Dubwool
|-damage|p2a: Dubwool|73/100 slp
|
|-heal|p1a: Weezing|40/100|[from] item: Black Sludge
|upkeep
|turn|135
|
|t:|1661090563
|cant|p2a: Dubwool|slp
|move|p2a: Dubwool|Sleep Talk|p2a: Dubwool
|move|p2a: Dubwool|Cotton Guard|p2a: Dubwool|[from]move: Sleep Talk
|-boost|p2a: Dubwool|def|0
|move|p1a: Weezing|Pain Split|p2a: Dubwool
|-sethp|p2a: Dubwool|56/100 slp|[from] move: Pain Split|[silent]
|-sethp|p1a: Weezing|58/100|[from] move: Pain Split
|
|-heal|p1a: Weezing|64/100|[from] item: Black Sludge
|upkeep
|turn|136
|
|t:|1661090571
|cant|p2a: Dubwool|slp
|move|p2a: Dubwool|Sleep Talk|p2a: Dubwool
|move|p2a: Dubwool|Body Press|p1a: Weezing|[from]move: Sleep Talk
|-resisted|p1a: Weezing
|-damage|p1a: Weezing|34/100
|move|p1a: Weezing|Flamethrower|p2a: Dubwool
|-damage|p2a: Dubwool|36/100 slp
|
|-heal|p1a: Weezing|40/100|[from] item: Black Sludge
|upkeep
|turn|137
|
|t:|1661090578
|-curestatus|p2a: Dubwool|slp|[msg]
|move|p2a: Dubwool|Rest|p2a: Dubwool
|-status|p2a: Dubwool|slp|[from] move: Rest
|-heal|p2a: Dubwool|100/100 slp|[silent]
|move|p1a: Weezing|Sludge Bomb|p2a: Dubwool
|-damage|p2a: Dubwool|73/100 slp
|
|-heal|p1a: Weezing|46/100|[from] item: Black Sludge
|upkeep
|turn|138
|
|t:|1661090584
|cant|p2a: Dubwool|slp
|move|p2a: Dubwool|Sleep Talk|p2a: Dubwool
|move|p2a: Dubwool|Rest||[from]move: Sleep Talk|[still]
|-fail|p2a: Dubwool
|move|p1a: Weezing|Pain Split|p2a: Dubwool
|-sethp|p2a: Dubwool|58/100 slp|[from] move: Pain Split|[silent]
|-sethp|p1a: Weezing|61/100|[from] move: Pain Split
|
|-heal|p1a: Weezing|67/100|[from] item: Black Sludge
|upkeep
|turn|139
|
|t:|1661090591
|cant|p2a: Dubwool|slp
|move|p2a: Dubwool|Sleep Talk|p2a: Dubwool
|move|p2a: Dubwool|Cotton Guard|p2a: Dubwool|[from]move: Sleep Talk
|-boost|p2a: Dubwool|def|0
|move|p1a: Weezing|Flamethrower|p2a: Dubwool
|-damage|p2a: Dubwool|38/100 slp
|
|-heal|p1a: Weezing|73/100|[from] item: Black Sludge
|upkeep
|turn|140
|l| Starfall
|
|t:|1661090597
|-curestatus|p2a: Dubwool|slp|[msg]
|move|p2a: Dubwool|Rest|p2a: Dubwool
|-status|p2a: Dubwool|slp|[from] move: Rest
|-heal|p2a: Dubwool|100/100 slp|[silent]
|move|p1a: Weezing|Flamethrower|p2a: Dubwool
|-damage|p2a: Dubwool|81/100 slp
|
|-heal|p1a: Weezing|79/100|[from] item: Black Sludge
|upkeep
|turn|141
|
|t:|1661090606
|cant|p2a: Dubwool|slp
|move|p2a: Dubwool|Sleep Talk|p2a: Dubwool
|move|p2a: Dubwool|Cotton Guard|p2a: Dubwool|[from]move: Sleep Talk
|-boost|p2a: Dubwool|def|0
|move|p1a: Weezing|Flamethrower|p2a: Dubwool
|-damage|p2a: Dubwool|62/100 slp
|
|-heal|p1a: Weezing|85/100|[from] item: Black Sludge
|upkeep
|turn|142
|
|t:|1661090611
|cant|p2a: Dubwool|slp
|move|p1a: Weezing|Sludge Bomb|p2a: Dubwool
|-damage|p2a: Dubwool|30/100 slp
|
|-heal|p1a: Weezing|91/100|[from] item: Black Sludge
|upkeep
|turn|143
|
|t:|1661090617
|-curestatus|p2a: Dubwool|slp|[msg]
|move|p2a: Dubwool|Rest|p2a: Dubwool
|-status|p2a: Dubwool|slp|[from] move: Rest
|-heal|p2a: Dubwool|100/100 slp|[silent]
|move|p1a: Weezing|Flamethrower|p2a: Dubwool
|-damage|p2a: Dubwool|80/100 slp
|
|-heal|p1a: Weezing|97/100|[from] item: Black Sludge
|upkeep
|turn|144
|j| Starfall
|
|t:|1661090622
|cant|p2a: Dubwool|slp
|move|p2a: Dubwool|Sleep Talk|p2a: Dubwool
|move|p2a: Dubwool|Body Press|p1a: Weezing|[from]move: Sleep Talk
|-resisted|p1a: Weezing
|-damage|p1a: Weezing|67/100
|move|p1a: Weezing|Flamethrower|p2a: Dubwool
|-damage|p2a: Dubwool|59/100 slp
|
|-heal|p1a: Weezing|73/100|[from] item: Black Sludge
|upkeep
|turn|145
|
|t:|1661090628
|cant|p2a: Dubwool|slp
|move|p2a: Dubwool|Sleep Talk|p2a: Dubwool
|move|p2a: Dubwool|Rest||[from]move: Sleep Talk|[still]
|-fail|p2a: Dubwool
|move|p1a: Weezing|Flamethrower|p2a: Dubwool
|-damage|p2a: Dubwool|39/100 slp
|
|-heal|p1a: Weezing|79/100|[from] item: Black Sludge
|upkeep
|turn|146
|
|t:|1661090637
|-curestatus|p2a: Dubwool|slp|[msg]
|move|p2a: Dubwool|Rest|p2a: Dubwool
|-status|p2a: Dubwool|slp|[from] move: Rest
|-heal|p2a: Dubwool|100/100 slp|[silent]
|move|p1a: Weezing|Sludge Bomb|p2a: Dubwool
|-damage|p2a: Dubwool|71/100 slp
|
|-heal|p1a: Weezing|85/100|[from] item: Black Sludge
|upkeep
|turn|147
|
|t:|1661090648
|cant|p2a: Dubwool|slp
|move|p1a: Weezing|Flamethrower|p2a: Dubwool
|-damage|p2a: Dubwool|51/100 slp
|
|-heal|p1a: Weezing|91/100|[from] item: Black Sludge
|upkeep
|turn|148
|
|t:|1661090653
|cant|p2a: Dubwool|slp
|move|p1a: Weezing|Flamethrower|p2a: Dubwool
|-damage|p2a: Dubwool|33/100 slp
|
|-heal|p1a: Weezing|97/100|[from] item: Black Sludge
|upkeep
|turn|149
|
|t:|1661090657
|-curestatus|p2a: Dubwool|slp|[msg]
|move|p2a: Dubwool|Rest|p2a: Dubwool
|-status|p2a: Dubwool|slp|[from] move: Rest
|-heal|p2a: Dubwool|100/100 slp|[silent]
|move|p1a: Weezing|Sludge Bomb|p2a: Dubwool
|-damage|p2a: Dubwool|73/100 slp
|
|-heal|p1a: Weezing|100/100|[from] item: Black Sludge
|upkeep
|turn|150
|
|t:|1661090662
|cant|p2a: Dubwool|slp
|move|p1a: Weezing|Flamethrower|p2a: Dubwool
|-damage|p2a: Dubwool|53/100 slp
|
|upkeep
|turn|151
|
|t:|1661090668
|cant|p2a: Dubwool|slp
|move|p1a: Weezing|Flamethrower|p2a: Dubwool
|-damage|p2a: Dubwool|33/100 slp
|
|upkeep
|turn|152
|
|t:|1661090673
|-curestatus|p2a: Dubwool|slp|[msg]
|move|p2a: Dubwool|Rest|p2a: Dubwool
|-status|p2a: Dubwool|slp|[from] move: Rest
|-heal|p2a: Dubwool|100/100 slp|[silent]
|move|p1a: Weezing|Flamethrower|p2a: Dubwool
|-damage|p2a: Dubwool|81/100 slp
|
|upkeep
|turn|153
|
|t:|1661090681
|cant|p2a: Dubwool|slp
|move|p1a: Weezing|Toxic Spikes|p2a: Dubwool
|-sidestart|p2: PULT4C1 Carmin|move: Toxic Spikes
|
|upkeep
|turn|154
|
|t:|1661090689
|cant|p2a: Dubwool|slp
|move|p1a: Weezing|Flamethrower|p2a: Dubwool
|-damage|p2a: Dubwool|61/100 slp
|
|upkeep
|turn|155
|
|t:|1661090694
|-curestatus|p2a: Dubwool|slp|[msg]
|move|p2a: Dubwool|Body Press|p1a: Weezing
|-resisted|p1a: Weezing
|-damage|p1a: Weezing|71/100
|move|p1a: Weezing|Flamethrower|p2a: Dubwool
|-damage|p2a: Dubwool|43/100
|
|-heal|p1a: Weezing|77/100|[from] item: Black Sludge
|upkeep
|turn|156
|
|t:|1661090706
|move|p2a: Dubwool|Body Press|p1a: Weezing
|-resisted|p1a: Weezing
|-damage|p1a: Weezing|45/100
|move|p1a: Weezing|Flamethrower|p2a: Dubwool
|-damage|p2a: Dubwool|22/100
|
|-heal|p1a: Weezing|51/100|[from] item: Black Sludge
|upkeep
|turn|157
|
|t:|1661090711
|move|p2a: Dubwool|Rest|p2a: Dubwool
|-status|p2a: Dubwool|slp|[from] move: Rest
|-heal|p2a: Dubwool|100/100 slp|[silent]
|move|p1a: Weezing|Flamethrower|p2a: Dubwool
|-damage|p2a: Dubwool|82/100 slp
|
|-heal|p1a: Weezing|57/100|[from] item: Black Sludge
|upkeep
|turn|158
|
|t:|1661090715
|cant|p2a: Dubwool|slp
|move|p1a: Weezing|Pain Split|p2a: Dubwool
|-sethp|p2a: Dubwool|68/100 slp|[from] move: Pain Split|[silent]
|-sethp|p1a: Weezing|71/100|[from] move: Pain Split
|
|-heal|p1a: Weezing|77/100|[from] item: Black Sludge
|upkeep
|turn|159
|
|t:|1661090719
|cant|p2a: Dubwool|slp
|move|p1a: Weezing|Toxic Spikes||[still]
|-fail|p1a: Weezing
|
|-heal|p1a: Weezing|83/100|[from] item: Black Sludge
|upkeep
|turn|160
|
|t:|1661090730
|-curestatus|p2a: Dubwool|slp|[msg]
|move|p2a: Dubwool|Body Press|p1a: Weezing
|-resisted|p1a: Weezing
|-damage|p1a: Weezing|53/100
|move|p1a: Weezing|Flamethrower|p2a: Dubwool
|-damage|p2a: Dubwool|48/100
|
|-heal|p1a: Weezing|59/100|[from] item: Black Sludge
|upkeep
|turn|161
|
|t:|1661090738
|move|p2a: Dubwool|Body Press|p1a: Weezing
|-resisted|p1a: Weezing
|-damage|p1a: Weezing|28/100
|move|p1a: Weezing|Sludge Bomb|p2a: Dubwool
|-damage|p2a: Dubwool|20/100
|
|-heal|p1a: Weezing|34/100|[from] item: Black Sludge
|upkeep
|turn|162
|
|t:|1661090744
|move|p2a: Dubwool|Rest|p2a: Dubwool
|-status|p2a: Dubwool|slp|[from] move: Rest
|-heal|p2a: Dubwool|100/100 slp|[silent]
|move|p1a: Weezing|Flamethrower|p2a: Dubwool
|-damage|p2a: Dubwool|81/100 slp
|
|-heal|p1a: Weezing|40/100|[from] item: Black Sludge
|upkeep
|turn|163
|
|t:|1661090747
|cant|p2a: Dubwool|slp
|move|p1a: Weezing|Pain Split|p2a: Dubwool
|-sethp|p2a: Dubwool|59/100 slp|[from] move: Pain Split|[silent]
|-sethp|p1a: Weezing|62/100|[from] move: Pain Split
|
|-heal|p1a: Weezing|68/100|[from] item: Black Sludge
|upkeep
|turn|164
|
|t:|1661090752
|cant|p2a: Dubwool|slp
|move|p1a: Weezing|Toxic Spikes||[still]
|-fail|p1a: Weezing
|
|-heal|p1a: Weezing|74/100|[from] item: Black Sludge
|upkeep
|turn|165
|
|t:|1661090761
|-curestatus|p2a: Dubwool|slp|[msg]
|move|p2a: Dubwool|Rest|p2a: Dubwool
|-status|p2a: Dubwool|slp|[from] move: Rest
|-heal|p2a: Dubwool|100/100 slp|[silent]
|move|p1a: Weezing|Flamethrower|p2a: Dubwool
|-damage|p2a: Dubwool|83/100 slp
|
|-heal|p1a: Weezing|80/100|[from] item: Black Sludge
|upkeep
|turn|166
|
|t:|1661090779
|cant|p2a: Dubwool|slp
|move|p1a: Weezing|Flamethrower|p2a: Dubwool
|-damage|p2a: Dubwool|62/100 slp
|
|-heal|p1a: Weezing|86/100|[from] item: Black Sludge
|upkeep
|turn|167
|
|t:|1661090785
|cant|p2a: Dubwool|slp
|move|p1a: Weezing|Toxic Spikes||[still]
|-fail|p1a: Weezing
|
|-heal|p1a: Weezing|92/100|[from] item: Black Sludge
|upkeep
|turn|168
|
|t:|1661090791
|-curestatus|p2a: Dubwool|slp|[msg]
|move|p2a: Dubwool|Rest|p2a: Dubwool
|-status|p2a: Dubwool|slp|[from] move: Rest
|-heal|p2a: Dubwool|100/100 slp|[silent]
|move|p1a: Weezing|Toxic Spikes||[still]
|-fail|p1a: Weezing
|
|-heal|p1a: Weezing|98/100|[from] item: Black Sludge
|upkeep
|turn|169
|
|t:|1661090795
|cant|p2a: Dubwool|slp
|move|p1a: Weezing|Toxic Spikes||[still]
|-fail|p1a: Weezing
|
|-heal|p1a: Weezing|100/100|[from] item: Black Sludge
|upkeep
|turn|170
|
|t:|1661090799
|cant|p2a: Dubwool|slp
|move|p1a: Weezing|Pain Split|p2a: Dubwool
|-sethp|p2a: Dubwool|98/100 slp|[from] move: Pain Split|[silent]
|-sethp|p1a: Weezing|100/100|[from] move: Pain Split
|
|upkeep
|turn|171
|
|t:|1661090805
|switch|p2a: Eldegoss|Eldegoss, M|98/100
|move|p1a: Weezing|Toxic Spikes||[still]
|-fail|p1a: Weezing
|
|upkeep
|turn|172
|
|t:|1661090810
|-end|p1a: Weezing|ability: Neutralizing Gas
|switch|p1a: Scyther|Scyther, M|25/100
|move|p2a: Eldegoss|Rapid Spin|p1a: Scyther
|-damage|p1a: Scyther|15/100
|-boost|p2a: Eldegoss|spe|1
|-sideend|p2: PULT4C1 Carmin|Toxic Spikes|[from] move: Rapid Spin|[of] p2a: Eldegoss
|
|upkeep
|turn|173
|
|t:|1661090818
|switch|p2a: Gigalith|Gigalith, F|76/100 slp
|-weather|Sandstorm|[from] ability: Sand Stream|[of] p2a: Gigalith
|move|p1a: Scyther|Roost|p1a: Scyther
|-heal|p1a: Scyther|66/100
|-singleturn|p1a: Scyther|move: Roost
|
|-weather|Sandstorm|[upkeep]
|-damage|p1a: Scyther|60/100|[from] Sandstorm
|upkeep
|turn|174
|
|t:|1661090823
|move|p1a: Scyther|U-turn|p2a: Gigalith
|-damage|p2a: Gigalith|51/100 slp
|
|t:|1661090825
|switch|p1a: Eldegoss|Eldegoss, F|100/100|[from]move: U-turn
|-curestatus|p2a: Gigalith|slp|[msg]
|move|p2a: Gigalith|Rock Blast|p1a: Eldegoss
|-damage|p1a: Eldegoss|91/100
|-damage|p1a: Eldegoss|81/100
|-damage|p1a: Eldegoss|72/100
|-damage|p1a: Eldegoss|62/100
|-damage|p1a: Eldegoss|52/100
|-hitcount|p1a: Eldegoss|5
|
|-weather|Sandstorm|[upkeep]
|-damage|p1a: Eldegoss|46/100|[from] Sandstorm
|upkeep
|turn|175
|c|☆PULT4C1 Haffling|really
|c|☆PULT4C1 Carmin|ez
|c| Starfall|mdr
|c|☆PULT4C1 Haffling|thats what the 4th 5th
|
|t:|1661090851
|switch|p1a: Centiskorch|Centiskorch, M|14/100 tox
|move|p2a: Gigalith|Rock Blast|p1a: Centiskorch
|-supereffective|p1a: Centiskorch
|-damage|p1a: Centiskorch|0 fnt
|faint|p1a: Centiskorch
|-hitcount|p1: Centiskorch|1
|
|-weather|Sandstorm|[upkeep]
|upkeep
|
|t:|1661090852
|switch|p1a: Eldegoss|Eldegoss, F|79/100
|turn|176
|
|t:|1661090858
|move|p1a: Eldegoss|Sleep Powder|p2a: Gigalith|[miss]
|-miss|p1a: Eldegoss|p2a: Gigalith
|move|p2a: Gigalith|Rest|p2a: Gigalith
|-status|p2a: Gigalith|slp|[from] move: Rest
|-heal|p2a: Gigalith|100/100 slp|[silent]
|
|-weather|Sandstorm|[upkeep]
|-damage|p1a: Eldegoss|73/100|[from] Sandstorm
|upkeep
|turn|177
|
|t:|1661090863
|switch|p1a: Scyther|Scyther, M|60/100
|switch|p2a: Eldegoss|Eldegoss, M|100/100
|
|-weather|none
|upkeep
|turn|178
|c|☆PULT4C1 Carmin|not your karma
|
|t:|1661090870
|switch|p2a: Dubwool|Dubwool, M|98/100 slp
|move|p1a: Scyther|Roost|p1a: Scyther
|-heal|p1a: Scyther|100/100
|-singleturn|p1a: Scyther|move: Roost
|
|upkeep
|turn|179
|c|☆PULT4C1 Carmin|tried to snipe me on ho
|c|☆PULT4C1 Carmin|got to have the sheep
|c|☆PULT4C1 Haffling|i mean its not like you can make qual anyway
|c|☆PULT4C1 Carmin|yes
|inactive|PULT4C1 Haffling has 120 seconds left.
|c|☆PULT4C1 Carmin|but i don't like you
|
|t:|1661090896
|move|p1a: Scyther|U-turn|p2a: Dubwool
|-damage|p2a: Dubwool|85/100 slp
|l| Starfall
|inactive|PULT4C1 Haffling has 120 seconds left.
|c| PULT4C1 eifo|i just dont get why u threw out zard
|c| PULT4C1 eifo|u had the game won
|c|☆PULT4C1 Carmin|and your behavior
|c|☆PULT4C1 Carmin|i forgot about def drop LOL
|c| PULT4C1 eifo|,
|c|☆PULT4C1 Haffling|that sounds like a you prob tbh
|
|t:|1661090919
|switch|p1a: Weezing|Weezing, F|100/100|[from]move: U-turn
|-ability|p1a: Weezing|Neutralizing Gas
|-curestatus|p2a: Dubwool|slp|[msg]
|move|p2a: Dubwool|Cotton Guard|p2a: Dubwool
|-boost|p2a: Dubwool|def|3
|
|upkeep
|turn|180
|
|t:|1661090928
|switch|p2a: Sandaconda|Sandaconda, F|57/100
|move|p1a: Weezing|Toxic Spikes|p2a: Sandaconda
|-sidestart|p2: PULT4C1 Carmin|move: Toxic Spikes
|
|upkeep
|turn|181
|
|t:|1661090934
|-end|p1a: Weezing|ability: Neutralizing Gas
|switch|p1a: Eldegoss|Eldegoss, F|100/100
|move|p2a: Sandaconda|Rest|p2a: Sandaconda
|-status|p2a: Sandaconda|slp|[from] move: Rest
|-heal|p2a: Sandaconda|100/100 slp|[silent]
|
|upkeep
|turn|182
|c| PULT4C1 eifo|oh also he cant forfeit on purpose btw
|c| PULT4C1 eifo|that would result in a tourban
|c|☆PULT4C1 Carmin|haffling
|c|☆PULT4C1 Carmin|forfeit fast
|inactive|PULT4C1 Haffling has 90 seconds left.
|c|☆PULT4C1 Carmin|you can climb again !
|c|☆PULT4C1 Haffling|did i dc
|c|☆PULT4C1 Carmin|don't waste time
|
|t:|1661090964
|switch|p2a: Eldegoss|Eldegoss, M|100/100
|move|p1a: Eldegoss|Grass Knot|p2a: Eldegoss
|-resisted|p2a: Eldegoss
|-damage|p2a: Eldegoss|98/100
|
|upkeep
|turn|183
|
|t:|1661090972
|switch|p1a: Scyther|Scyther, M|100/100
|move|p2a: Eldegoss|Rapid Spin|p1a: Scyther
|-damage|p1a: Scyther|92/100
|-boost|p2a: Eldegoss|spe|1
|-sideend|p2: PULT4C1 Carmin|Toxic Spikes|[from] move: Rapid Spin|[of] p2a: Eldegoss
|
|upkeep
|turn|184
|c|☆PULT4C1 Haffling|mm nah
|
|t:|1661090980
|switch|p1a: Eldegoss|Eldegoss, F|100/100
|switch|p2a: Sandaconda|Sandaconda, F|100/100 slp
|
|-activate|p2a: Sandaconda|ability: Shed Skin
|-curestatus|p2a: Sandaconda|slp|[msg]
|upkeep
|turn|185
|c|☆PULT4C1 Carmin|thtas ok for me
|c|☆PULT4C1 Haffling|me 2
|c|☆PULT4C1 Carmin|i mean its not like i can make qual anyway
|
|t:|1661090997
|switch|p2a: Eldegoss|Eldegoss, M|100/100
|move|p1a: Eldegoss|Rapid Spin|p2a: Eldegoss
|-damage|p2a: Eldegoss|95/100
|-boost|p1a: Eldegoss|spe|1
|
|upkeep
|turn|186
|inactive|PULT4C1 Carmin has 120 seconds left.
|c|☆PULT4C1 Haffling|yea
|l|☆PULT4C1 Haffling
|inactive|PULT4C1 Haffling disconnected and has a minute to reconnect!
|player|p1|
|c|☆PULT4C1 Carmin|:)
|c|☆PULT4C1 Carmin|au revoir
|c| PULT4C1 eifo|prob not but it depends
|c| PULT4C1 eifo|u should gain 25 from this
|j|☆PULT4C1 Haffling
|inactive|PULT4C1 Haffling reconnected and has 45 seconds left.
|player|p1|PULT4C1 Haffling|cyrus
|c| PULT4C1 eifo|then u need another 90
|c|☆PULT4C1 Carmin|i just repeated him
|
|t:|1661091036
|switch|p2a: Dubwool|Dubwool, M|85/100
|move|p1a: Eldegoss|Rapid Spin|p2a: Dubwool
|-damage|p2a: Dubwool|83/100
|-boost|p1a: Eldegoss|spe|1
|
|upkeep
|turn|187
|c| PULT4C1 eifo|in two hours
|
|t:|1661091052
|switch|p1a: Weezing|Weezing, F|100/100
|-ability|p1a: Weezing|Neutralizing Gas
|switch|p2a: Eldegoss|Eldegoss, M|100/100
|
|upkeep
|turn|188
|
|t:|1661091056
|move|p1a: Weezing|Toxic Spikes|p2a: Eldegoss
|-sidestart|p2: PULT4C1 Carmin|move: Toxic Spikes
|move|p2a: Eldegoss|Leech Seed|p1a: Weezing
|-start|p1a: Weezing|move: Leech Seed
|
|-damage|p1a: Weezing|88/100|[from] Leech Seed|[of] p2a: Eldegoss
|upkeep
|turn|189
|
|t:|1661091062
|-end|p1a: Weezing|ability: Neutralizing Gas
|switch|p1a: Scyther|Scyther, M|92/100
|move|p2a: Eldegoss|Rapid Spin|p1a: Scyther
|-damage|p1a: Scyther|83/100
|-boost|p2a: Eldegoss|spe|1
|-sideend|p2: PULT4C1 Carmin|Toxic Spikes|[from] move: Rapid Spin|[of] p2a: Eldegoss
|
|upkeep
|turn|190
|
|t:|1661091067
|switch|p1a: Eldegoss|Eldegoss, F|100/100
|switch|p2a: Sandaconda|Sandaconda, F|100/100
|
|upkeep
|turn|191
|
|t:|1661091072
|switch|p2a: Eldegoss|Eldegoss, M|100/100
|move|p1a: Eldegoss|Rapid Spin|p2a: Eldegoss
|-damage|p2a: Eldegoss|96/100
|-boost|p1a: Eldegoss|spe|1
|
|upkeep
|turn|192
|
|t:|1661091076
|switch|p1a: Weezing|Weezing, F|88/100
|-ability|p1a: Weezing|Neutralizing Gas
|switch|p2a: Dubwool|Dubwool, M|83/100
|
|-heal|p1a: Weezing|94/100|[from] item: Black Sludge
|upkeep
|turn|193
|
|t:|1661091080
|switch|p2a: Sandaconda|Sandaconda, F|100/100
|move|p1a: Weezing|Toxic Spikes|p2a: Sandaconda
|-sidestart|p2: PULT4C1 Carmin|move: Toxic Spikes
|
|-heal|p1a: Weezing|99/100|[from] item: Black Sludge
|upkeep
|turn|194
|
|t:|1661091087
|switch|p2a: Eldegoss|Eldegoss, M|96/100
|-end|p1a: Weezing|ability: Neutralizing Gas
|switch|p1a: Eldegoss|Eldegoss, F|100/100
|
|upkeep
|turn|195
|
|t:|1661091090
|switch|p1a: Weezing|Weezing, F|99/100
|-ability|p1a: Weezing|Neutralizing Gas
|move|p2a: Eldegoss|Rapid Spin|p1a: Weezing
|-damage|p1a: Weezing|96/100
|-boost|p2a: Eldegoss|spe|1
|-sideend|p2: PULT4C1 Carmin|Toxic Spikes|[from] move: Rapid Spin|[of] p2a: Eldegoss
|
|-heal|p1a: Weezing|100/100|[from] item: Black Sludge
|upkeep
|turn|196
|inactive|PULT4C1 Carmin has 120 seconds left.
|
|t:|1661091096
|switch|p2a: Sandaconda|Sandaconda, F|100/100
|move|p1a: Weezing|Flamethrower|p2a: Sandaconda
|-damage|p2a: Sandaconda|78/100
|
|upkeep
|turn|197
|
|t:|1661091101
|-end|p1a: Weezing|ability: Neutralizing Gas
|switch|p1a: Eldegoss|Eldegoss, F|100/100
|move|p2a: Sandaconda|Coil|p2a: Sandaconda
|-boost|p2a: Sandaconda|atk|1
|-boost|p2a: Sandaconda|def|1
|-boost|p2a: Sandaconda|accuracy|1
|
|upkeep
|turn|198
|
|t:|1661091103
|switch|p2a: Eldegoss|Eldegoss, M|96/100
|switch|p1a: Weezing|Weezing, F|100/100
|-ability|p1a: Weezing|Neutralizing Gas
|
|upkeep
|turn|199
|
|t:|1661091109
|-end|p1a: Weezing|ability: Neutralizing Gas
|switch|p1a: Eldegoss|Eldegoss, F|100/100
|switch|p2a: Sandaconda|Sandaconda, F|78/100
|
|upkeep
|turn|200
|
|t:|1661091112
|switch|p2a: Eldegoss|Eldegoss, M|100/100
|move|p1a: Eldegoss|Rapid Spin|p2a: Eldegoss
|-damage|p2a: Eldegoss|95/100
|-boost|p1a: Eldegoss|spe|1
|
|upkeep
|turn|201
|
|t:|1661091119
|switch|p1a: Weezing|Weezing, F|100/100
|-ability|p1a: Weezing|Neutralizing Gas
|switch|p2a: Dubwool|Dubwool, M|83/100
|
|upkeep
|turn|202
|
|t:|1661091122
|switch|p2a: Sandaconda|Sandaconda, F|78/100
|move|p1a: Weezing|Toxic Spikes|p2a: Sandaconda
|-sidestart|p2: PULT4C1 Carmin|move: Toxic Spikes
|
|upkeep
|turn|203
|
|t:|1661091128
|switch|p2a: Eldegoss|Eldegoss, M|95/100
|-end|p1a: Weezing|ability: Neutralizing Gas
|switch|p1a: Eldegoss|Eldegoss, F|100/100
|
|upkeep
|turn|204
|
|t:|1661091132
|switch|p1a: Weezing|Weezing, F|100/100
|-ability|p1a: Weezing|Neutralizing Gas
|move|p2a: Eldegoss|Rapid Spin|p1a: Weezing
|-damage|p1a: Weezing|96/100
|-boost|p2a: Eldegoss|spe|1
|-sideend|p2: PULT4C1 Carmin|Toxic Spikes|[from] move: Rapid Spin|[of] p2a: Eldegoss
|
|-heal|p1a: Weezing|100/100|[from] item: Black Sludge
|upkeep
|turn|205
|
|t:|1661091136
|move|p2a: Eldegoss|Leech Seed|p1a: Weezing|[miss]
|-miss|p2a: Eldegoss|p1a: Weezing
|move|p1a: Weezing|Flamethrower|p2a: Eldegoss
|-supereffective|p2a: Eldegoss
|-damage|p2a: Eldegoss|63/100
|
|upkeep
|turn|206
|c|☆PULT4C1 Carmin|haxx
|
|t:|1661091145
|switch|p2a: Sandaconda|Sandaconda, F|78/100
|-end|p1a: Weezing|ability: Neutralizing Gas
|switch|p1a: Scyther|Scyther, M|83/100
|
|upkeep
|turn|207
|
|t:|1661091149
|move|p1a: Scyther|U-turn|p2a: Sandaconda
|-damage|p2a: Sandaconda|56/100
|
|t:|1661091151
|switch|p1a: Eldegoss|Eldegoss, F|100/100|[from]move: U-turn
|move|p2a: Sandaconda|Rock Slide|p1a: Eldegoss|[miss]
|-miss|p2a: Sandaconda|p1a: Eldegoss
|
|upkeep
|turn|208
|
|t:|1661091158
|switch|p2a: Eldegoss|Eldegoss, M|63/100
|move|p1a: Eldegoss|Rapid Spin|p2a: Eldegoss
|-damage|p2a: Eldegoss|57/100
|-boost|p1a: Eldegoss|spe|1
|
|upkeep
|turn|209
|
|t:|1661091166
|switch|p1a: Weezing|Weezing, F|100/100
|-ability|p1a: Weezing|Neutralizing Gas
|switch|p2a: Dubwool|Dubwool, M|83/100
|
|upkeep
|turn|210
|
|t:|1661091172
|switch|p2a: Sandaconda|Sandaconda, F|56/100
|move|p1a: Weezing|Toxic Spikes|p2a: Sandaconda
|-sidestart|p2: PULT4C1 Carmin|move: Toxic Spikes
|
|upkeep
|turn|211
|
|t:|1661091177
|switch|p2a: Eldegoss|Eldegoss, M|57/100
|-end|p1a: Weezing|ability: Neutralizing Gas
|switch|p1a: Eldegoss|Eldegoss, F|100/100
|
|upkeep
|turn|212
|
|t:|1661091182
|switch|p1a: Weezing|Weezing, F|100/100
|-ability|p1a: Weezing|Neutralizing Gas
|switch|p2a: Dubwool|Dubwool, M|83/100
|-status|p2a: Dubwool|psn
|
|-damage|p2a: Dubwool|71/100 psn|[from] psn
|upkeep
|turn|213
|inactive|PULT4C1 Carmin has 120 seconds left.
|
|t:|1661091189
|switch|p2a: Sandaconda|Sandaconda, F|56/100
|-status|p2a: Sandaconda|psn
|move|p1a: Weezing|Toxic Spikes|p2a: Sandaconda
|-sidestart|p2: PULT4C1 Carmin|move: Toxic Spikes
|
|-damage|p2a: Sandaconda|43/100 psn|[from] psn
|upkeep
|turn|214
|
|t:|1661091194
|-end|p1a: Weezing|ability: Neutralizing Gas
|switch|p1a: Eldegoss|Eldegoss, F|100/100
|move|p2a: Sandaconda|Rest|p2a: Sandaconda
|-status|p2a: Sandaconda|slp|[from] move: Rest
|-heal|p2a: Sandaconda|100/100 slp|[silent]
|
|upkeep
|turn|215
|inactive|PULT4C1 Carmin has 120 seconds left.
|
|t:|1661091202
|switch|p2a: Eldegoss|Eldegoss, M|57/100
|move|p1a: Eldegoss|Rapid Spin|p2a: Eldegoss
|-damage|p2a: Eldegoss|52/100
|-boost|p1a: Eldegoss|spe|1
|
|upkeep
|turn|216
|
|t:|1661091205
|switch|p1a: Weezing|Weezing, F|100/100
|-ability|p1a: Weezing|Neutralizing Gas
|move|p2a: Eldegoss|Leech Seed|p1a: Weezing
|-start|p1a: Weezing|move: Leech Seed
|
|-damage|p1a: Weezing|88/100|[from] Leech Seed|[of] p2a: Eldegoss
|-heal|p2a: Eldegoss|65/100|[silent]
|upkeep
|turn|217
|inactive|PULT4C1 Haffling has 90 seconds left.
|inactive|PULT4C1 Carmin has 120 seconds left.
|
|t:|1661091215
|-end|p1a: Weezing|ability: Neutralizing Gas
|switch|p1a: Eldegoss|Eldegoss, F|100/100
|switch|p2a: Gigalith|Gigalith, F|100/100 slp
|-weather|Sandstorm|[from] ability: Sand Stream|[of] p2a: Gigalith
|
|-weather|Sandstorm|[upkeep]
|-damage|p1a: Eldegoss|94/100|[from] Sandstorm
|upkeep
|turn|218
|
|t:|1661091219
|switch|p2a: Eldegoss|Eldegoss, M|98/100
|move|p1a: Eldegoss|Grass Knot|p2a: Eldegoss
|-resisted|p2a: Eldegoss
|-damage|p2a: Eldegoss|95/100
|
|-weather|Sandstorm|[upkeep]
|-damage|p2a: Eldegoss|89/100|[from] Sandstorm
|-damage|p1a: Eldegoss|88/100|[from] Sandstorm
|upkeep
|turn|219
|
|t:|1661091223
|switch|p1a: Weezing|Weezing, F|88/100
|-ability|p1a: Weezing|Neutralizing Gas
|move|p2a: Eldegoss|Rapid Spin|p1a: Weezing
|-damage|p1a: Weezing|84/100
|-boost|p2a: Eldegoss|spe|1
|-sideend|p2: PULT4C1 Carmin|Toxic Spikes|[from] move: Rapid Spin|[of] p2a: Eldegoss
|
|-weather|Sandstorm|[upkeep]
|-damage|p2a: Eldegoss|83/100|[from] Sandstorm
|-damage|p1a: Weezing|78/100|[from] Sandstorm
|-heal|p1a: Weezing|84/100|[from] item: Black Sludge
|upkeep
|turn|220
|
|t:|1661091227
|switch|p2a: Gigalith|Gigalith, F|100/100 slp
|move|p1a: Weezing|Toxic Spikes|p2a: Gigalith
|-sidestart|p2: PULT4C1 Carmin|move: Toxic Spikes
|
|-weather|Sandstorm|[upkeep]
|-damage|p1a: Weezing|78/100|[from] Sandstorm
|-heal|p1a: Weezing|84/100|[from] item: Black Sludge
|upkeep
|turn|221
|
|t:|1661091231
|-end|p1a: Weezing|ability: Neutralizing Gas
|switch|p1a: Eldegoss|Eldegoss, F|100/100
|cant|p2a: Gigalith|slp
|
|-weather|none
|upkeep
|turn|222
|
|t:|1661091233
|switch|p1a: Weezing|Weezing, F|84/100
|-ability|p1a: Weezing|Neutralizing Gas
|switch|p2a: Eldegoss|Eldegoss, M|83/100
|
|-heal|p1a: Weezing|90/100|[from] item: Black Sludge
|upkeep
|turn|223
|
|t:|1661091237
|move|p1a: Weezing|Flamethrower|p2a: Eldegoss
|-supereffective|p2a: Eldegoss
|-damage|p2a: Eldegoss|52/100
|move|p2a: Eldegoss|Rapid Spin|p1a: Weezing
|-damage|p1a: Weezing|85/100
|-boost|p2a: Eldegoss|spe|1
|-sideend|p2: PULT4C1 Carmin|Toxic Spikes|[from] move: Rapid Spin|[of] p2a: Eldegoss
|
|-heal|p1a: Weezing|91/100|[from] item: Black Sludge
|upkeep
|turn|224
|
|t:|1661091243
|move|p2a: Eldegoss|Leech Seed|p1a: Weezing
|-start|p1a: Weezing|move: Leech Seed
|move|p1a: Weezing|Toxic Spikes|p2a: Eldegoss
|-sidestart|p2: PULT4C1 Carmin|move: Toxic Spikes
|
|-heal|p1a: Weezing|97/100|[from] item: Black Sludge
|-damage|p1a: Weezing|85/100|[from] Leech Seed|[of] p2a: Eldegoss
|-heal|p2a: Eldegoss|65/100|[silent]
|upkeep
|turn|225
|
|t:|1661091246
|-end|p1a: Weezing|ability: Neutralizing Gas
|switch|p1a: Eldegoss|Eldegoss, F|100/100
|move|p2a: Eldegoss|Rapid Spin|p1a: Eldegoss
|-damage|p1a: Eldegoss|95/100
|-boost|p2a: Eldegoss|spe|1
|-sideend|p2: PULT4C1 Carmin|Toxic Spikes|[from] move: Rapid Spin|[of] p2a: Eldegoss
|
|upkeep
|turn|226
|
|t:|1661091252
|switch|p2a: Dubwool|Dubwool, M|71/100 psn
|move|p1a: Eldegoss|Rapid Spin|p2a: Dubwool
|-damage|p2a: Dubwool|68/100 psn
|-boost|p1a: Eldegoss|spe|1
|
|-damage|p2a: Dubwool|56/100 psn|[from] psn
|upkeep
|turn|227
|
|t:|1661091255
|switch|p1a: Scyther|Scyther, M|83/100
|move|p2a: Dubwool|Rest|p2a: Dubwool
|-status|p2a: Dubwool|slp|[from] move: Rest
|-heal|p2a: Dubwool|100/100 slp|[silent]
|
|upkeep
|turn|228
|
|t:|1661091259
|switch|p2a: Sandaconda|Sandaconda, F|100/100 slp
|move|p1a: Scyther|U-turn|p2a: Sandaconda
|-damage|p2a: Sandaconda|80/100 slp
|
|t:|1661091261
|switch|p1a: Eldegoss|Eldegoss, F|100/100|[from]move: U-turn
|
|upkeep
|turn|229
|
|t:|1661091264
|switch|p2a: Eldegoss|Eldegoss, M|98/100
|move|p1a: Eldegoss|Rapid Spin|p2a: Eldegoss
|-damage|p2a: Eldegoss|93/100
|-boost|p1a: Eldegoss|spe|1
|
|upkeep
|turn|230
|
|t:|1661091274
|switch|p1a: Weezing|Weezing, F|85/100
|-ability|p1a: Weezing|Neutralizing Gas
|switch|p2a: Dubwool|Dubwool, M|100/100 slp
|
|-heal|p1a: Weezing|91/100|[from] item: Black Sludge
|upkeep
|turn|231
|
|t:|1661091277
|switch|p2a: Sandaconda|Sandaconda, F|80/100 slp
|move|p1a: Weezing|Toxic Spikes|p2a: Sandaconda
|-sidestart|p2: PULT4C1 Carmin|move: Toxic Spikes
|
|-heal|p1a: Weezing|97/100|[from] item: Black Sludge
|upkeep
|turn|232
|
|t:|1661091279
|switch|p2a: Eldegoss|Eldegoss, M|93/100
|-end|p1a: Weezing|ability: Neutralizing Gas
|switch|p1a: Eldegoss|Eldegoss, F|100/100
|
|upkeep
|turn|233
|
|t:|1661091284
|switch|p1a: Scyther|Scyther, M|83/100
|move|p2a: Eldegoss|Rapid Spin|p1a: Scyther
|-damage|p1a: Scyther|74/100
|-boost|p2a: Eldegoss|spe|1
|-sideend|p2: PULT4C1 Carmin|Toxic Spikes|[from] move: Rapid Spin|[of] p2a: Eldegoss
|
|upkeep
|turn|234
|
|t:|1661091288
|switch|p2a: Sandaconda|Sandaconda, F|80/100 slp
|move|p1a: Scyther|U-turn|p2a: Sandaconda
|-damage|p2a: Sandaconda|58/100 slp
|
|t:|1661091290
|switch|p1a: Eldegoss|Eldegoss, F|100/100|[from]move: U-turn
|
|upkeep
|turn|235
|
|t:|1661091297
|switch|p2a: Eldegoss|Eldegoss, M|100/100
|move|p1a: Eldegoss|Grass Knot|p2a: Eldegoss
|-resisted|p2a: Eldegoss
|-damage|p2a: Eldegoss|98/100
|
|upkeep
|turn|236
|
|t:|1661091306
|switch|p1a: Scyther|Scyther, M|74/100
|switch|p2a: Dubwool|Dubwool, M|100/100 slp
|
|upkeep
|turn|237
|
|t:|1661091310
|move|p1a: Scyther|Roost|p1a: Scyther
|-heal|p1a: Scyther|100/100
|-singleturn|p1a: Scyther|move: Roost
|cant|p2a: Dubwool|slp
|
|upkeep
|turn|238
|
|t:|1661091312
|move|p1a: Scyther|U-turn|p2a: Dubwool
|-damage|p2a: Dubwool|88/100 slp
|
|t:|1661091314
|switch|p1a: Weezing|Weezing, F|97/100|[from]move: U-turn
|-ability|p1a: Weezing|Neutralizing Gas
|cant|p2a: Dubwool|slp
|
|-heal|p1a: Weezing|100/100|[from] item: Black Sludge
|upkeep
|turn|239
|
|t:|1661091317
|switch|p2a: Sandaconda|Sandaconda, F|58/100 slp
|move|p1a: Weezing|Toxic Spikes|p2a: Sandaconda
|-sidestart|p2: PULT4C1 Carmin|move: Toxic Spikes
|
|upkeep
|turn|240
|
|t:|1661091322
|-end|p1a: Weezing|ability: Neutralizing Gas
|switch|p1a: Eldegoss|Eldegoss, F|100/100
|cant|p2a: Sandaconda|slp
|
|upkeep
|turn|241
|
|t:|1661091326
|switch|p2a: Eldegoss|Eldegoss, M|100/100
|move|p1a: Eldegoss|Rapid Spin|p2a: Eldegoss
|-damage|p2a: Eldegoss|96/100
|-boost|p1a: Eldegoss|spe|1
|
|upkeep
|turn|242
|
|t:|1661091330
|switch|p1a: Scyther|Scyther, M|100/100
|move|p2a: Eldegoss|Rapid Spin|p1a: Scyther
|-damage|p1a: Scyther|92/100
|-boost|p2a: Eldegoss|spe|1
|-sideend|p2: PULT4C1 Carmin|Toxic Spikes|[from] move: Rapid Spin|[of] p2a: Eldegoss
|
|upkeep
|turn|243
|
|t:|1661091335
|switch|p1a: Eldegoss|Eldegoss, F|100/100
|switch|p2a: Dubwool|Dubwool, M|88/100 slp
|
|upkeep
|turn|244
|
|t:|1661091338
|switch|p2a: Eldegoss|Eldegoss, M|100/100
|move|p1a: Eldegoss|Leech Seed|p2a: Eldegoss
|-immune|p2a: Eldegoss
|
|upkeep
|turn|245
|
|t:|1661091342
|switch|p1a: Scyther|Scyther, M|92/100
|switch|p2a: Dubwool|Dubwool, M|88/100 slp
|
|upkeep
|turn|246
|
|t:|1661091347
|switch|p1a: Eldegoss|Eldegoss, F|100/100
|-curestatus|p2a: Dubwool|slp|[msg]
|move|p2a: Dubwool|Cotton Guard|p2a: Dubwool
|-boost|p2a: Dubwool|def|3
|
|upkeep
|turn|247
|
|t:|1661091350
|switch|p1a: Weezing|Weezing, F|100/100
|-ability|p1a: Weezing|Neutralizing Gas
|move|p2a: Dubwool|Cotton Guard|p2a: Dubwool
|-boost|p2a: Dubwool|def|3
|
|upkeep
|turn|248
|
|t:|1661091360
|switch|p2a: Sandaconda|Sandaconda, F|58/100 slp
|move|p1a: Weezing|Toxic Spikes|p2a: Sandaconda
|-sidestart|p2: PULT4C1 Carmin|move: Toxic Spikes
|
|upkeep
|turn|249
|
|t:|1661091364
|-end|p1a: Weezing|ability: Neutralizing Gas
|switch|p1a: Eldegoss|Eldegoss, F|100/100
|cant|p2a: Sandaconda|slp
|
|upkeep
|turn|250
|
|t:|1661091367
|switch|p2a: Eldegoss|Eldegoss, M|100/100
|move|p1a: Eldegoss|Rapid Spin|p2a: Eldegoss
|-damage|p2a: Eldegoss|96/100
|-boost|p1a: Eldegoss|spe|1
|
|upkeep
|turn|251
|
|t:|1661091372
|switch|p1a: Scyther|Scyther, M|92/100
|move|p2a: Eldegoss|Rapid Spin|p1a: Scyther
|-damage|p1a: Scyther|83/100
|-boost|p2a: Eldegoss|spe|1
|-sideend|p2: PULT4C1 Carmin|Toxic Spikes|[from] move: Rapid Spin|[of] p2a: Eldegoss
|
|upkeep
|turn|252
|
|t:|1661091375
|switch|p2a: Dubwool|Dubwool, M|88/100
|move|p1a: Scyther|U-turn|p2a: Dubwool
|-damage|p2a: Dubwool|75/100
|
|t:|1661091377
|switch|p1a: Weezing|Weezing, F|100/100|[from]move: U-turn
|-ability|p1a: Weezing|Neutralizing Gas
|
|upkeep
|turn|253
|
|t:|1661091380
|switch|p2a: Sandaconda|Sandaconda, F|58/100 slp
|-end|p1a: Weezing|ability: Neutralizing Gas
|switch|p1a: Scyther|Scyther, M|83/100
|
|upkeep
|turn|254
|
|t:|1661091384
|switch|p1a: Eldegoss|Eldegoss, F|100/100
|-curestatus|p2a: Sandaconda|slp|[msg]
|move|p2a: Sandaconda|Rest|p2a: Sandaconda
|-status|p2a: Sandaconda|slp|[from] move: Rest
|-heal|p2a: Sandaconda|100/100 slp|[silent]
|
|-activate|p2a: Sandaconda|ability: Shed Skin
|-curestatus|p2a: Sandaconda|slp|[msg]
|upkeep
|turn|255
|
|t:|1661091390
|switch|p2a: Eldegoss|Eldegoss, M|100/100
|move|p1a: Eldegoss|Rapid Spin|p2a: Eldegoss
|-damage|p2a: Eldegoss|96/100
|-boost|p1a: Eldegoss|spe|1
|
|upkeep
|turn|256
|
|t:|1661091397
|switch|p1a: Scyther|Scyther, M|83/100
|move|p2a: Eldegoss|Rapid Spin|p1a: Scyther
|-damage|p1a: Scyther|73/100
|-boost|p2a: Eldegoss|spe|1
|
|upkeep
|turn|257
|
|t:|1661091400
|switch|p2a: Sandaconda|Sandaconda, F|100/100
|move|p1a: Scyther|Roost|p1a: Scyther
|-heal|p1a: Scyther|100/100
|-singleturn|p1a: Scyther|move: Roost
|
|upkeep
|turn|258
|
|t:|1661091406
|switch|p1a: Eldegoss|Eldegoss, F|100/100
|move|p2a: Sandaconda|Coil|p2a: Sandaconda
|-boost|p2a: Sandaconda|atk|1
|-boost|p2a: Sandaconda|def|1
|-boost|p2a: Sandaconda|accuracy|1
|
|upkeep
|turn|259
|
|t:|1661091410
|switch|p2a: Eldegoss|Eldegoss, M|100/100
|move|p1a: Eldegoss|Sleep Powder|p2a: Eldegoss
|-immune|p2a: Eldegoss
|
|upkeep
|turn|260
|
|t:|1661091424
|switch|p1a: Scyther|Scyther, M|100/100
|move|p2a: Eldegoss|Rapid Spin|p1a: Scyther
|-damage|p1a: Scyther|92/100
|-boost|p2a: Eldegoss|spe|1
|
|upkeep
|turn|261
|
|t:|1661091433
|switch|p1a: Eldegoss|Eldegoss, F|100/100
|switch|p2a: Sandaconda|Sandaconda, F|100/100
|
|upkeep
|turn|262
|
|t:|1661091437
|switch|p2a: Eldegoss|Eldegoss, M|100/100
|move|p1a: Eldegoss|Rapid Spin|p2a: Eldegoss
|-damage|p2a: Eldegoss|95/100
|-boost|p1a: Eldegoss|spe|1
|
|upkeep
|turn|263
|
|t:|1661091446
|move|p1a: Eldegoss|Grass Knot|p2a: Eldegoss
|-resisted|p2a: Eldegoss
|-damage|p2a: Eldegoss|93/100
|move|p2a: Eldegoss|Rapid Spin|p1a: Eldegoss
|-crit|p1a: Eldegoss
|-damage|p1a: Eldegoss|92/100
|-boost|p2a: Eldegoss|spe|1
|
|upkeep
|turn|264
|
|t:|1661091453
|switch|p1a: Scyther|Scyther, M|92/100
|move|p2a: Eldegoss|Rapid Spin|p1a: Scyther
|-damage|p1a: Scyther|83/100
|-boost|p2a: Eldegoss|spe|1
|
|upkeep
|turn|265
|
|t:|1661091458
|switch|p2a: Sandaconda|Sandaconda, F|100/100
|move|p1a: Scyther|U-turn|p2a: Sandaconda
|-damage|p2a: Sandaconda|79/100
|
|t:|1661091460
|switch|p1a: Eldegoss|Eldegoss, F|100/100|[from]move: U-turn
|
|upkeep
|turn|266
|
|t:|1661091465
|switch|p2a: Eldegoss|Eldegoss, M|100/100
|move|p1a: Eldegoss|Rapid Spin|p2a: Eldegoss
|-damage|p2a: Eldegoss|95/100
|-boost|p1a: Eldegoss|spe|1
|
|upkeep
|turn|267
|
|t:|1661091468
|switch|p1a: Scyther|Scyther, M|83/100
|move|p2a: Eldegoss|Aromatherapy|p2a: Eldegoss
|-activate|p2a: Eldegoss|move: Aromatherapy
|-curestatus|p2: Gigalith|slp|[msg]
|
|upkeep
|turn|268
|
|t:|1661091474
|switch|p2a: Sandaconda|Sandaconda, F|79/100
|move|p1a: Scyther|U-turn|p2a: Sandaconda
|-damage|p2a: Sandaconda|58/100
|
|t:|1661091476
|switch|p1a: Eldegoss|Eldegoss, F|100/100|[from]move: U-turn
|
|upkeep
|turn|269
|
|t:|1661091480
|switch|p2a: Eldegoss|Eldegoss, M|100/100
|move|p1a: Eldegoss|Grass Knot|p2a: Eldegoss
|-resisted|p2a: Eldegoss
|-damage|p2a: Eldegoss|98/100
|
|upkeep
|turn|270
|
|t:|1661091483
|switch|p2a: Gigalith|Gigalith, F|100/100
|-weather|Sandstorm|[from] ability: Sand Stream|[of] p2a: Gigalith
|switch|p1a: Scyther|Scyther, M|83/100
|
|-weather|Sandstorm|[upkeep]
|-damage|p1a: Scyther|77/100|[from] Sandstorm
|upkeep
|turn|271
|
|t:|1661091489
|move|p1a: Scyther|U-turn|p2a: Gigalith
|-damage|p2a: Gigalith|75/100
|
|t:|1661091491
|switch|p1a: Eldegoss|Eldegoss, F|100/100|[from]move: U-turn
|move|p2a: Gigalith|Rock Blast|p1a: Eldegoss
|-damage|p1a: Eldegoss|91/100
|-damage|p1a: Eldegoss|80/100
|-damage|p1a: Eldegoss|70/100
|-hitcount|p1a: Eldegoss|3
|
|-weather|Sandstorm|[upkeep]
|-damage|p1a: Eldegoss|64/100|[from] Sandstorm
|upkeep
|turn|272
|
|t:|1661091497
|move|p1a: Eldegoss|Leech Seed|p2a: Gigalith
|-start|p2a: Gigalith|move: Leech Seed
|move|p2a: Gigalith|Rock Blast|p1a: Eldegoss
|-crit|p1a: Eldegoss
|-damage|p1a: Eldegoss|48/100
|-damage|p1a: Eldegoss|38/100
|-hitcount|p1a: Eldegoss|2
|
|-weather|Sandstorm|[upkeep]
|-damage|p1a: Eldegoss|32/100|[from] Sandstorm
|-damage|p2a: Gigalith|63/100|[from] Leech Seed|[of] p1a: Eldegoss
|-heal|p1a: Eldegoss|46/100|[silent]
|upkeep
|turn|273
|
|t:|1661091502
|switch|p2a: Eldegoss|Eldegoss, M|100/100
|move|p1a: Eldegoss|Grass Knot|p2a: Eldegoss
|-resisted|p2a: Eldegoss
|-damage|p2a: Eldegoss|98/100
|
|-weather|Sandstorm|[upkeep]
|-damage|p2a: Eldegoss|92/100|[from] Sandstorm
|-damage|p1a: Eldegoss|40/100|[from] Sandstorm
|upkeep
|turn|274
|
|t:|1661091508
|switch|p1a: Weezing|Weezing, F|100/100
|-ability|p1a: Weezing|Neutralizing Gas
|move|p2a: Eldegoss|Rapid Spin|p1a: Weezing
|-damage|p1a: Weezing|96/100
|-boost|p2a: Eldegoss|spe|1
|
|-weather|none
|-heal|p1a: Weezing|100/100|[from] item: Black Sludge
|upkeep
|turn|275
|
|t:|1661091512
|switch|p2a: Sandaconda|Sandaconda, F|58/100
|-end|p1a: Weezing|ability: Neutralizing Gas
|switch|p1a: Eldegoss|Eldegoss, F|73/100
|
|upkeep
|turn|276
|
|t:|1661091517
|switch|p2a: Eldegoss|Eldegoss, M|92/100
|move|p1a: Eldegoss|Rapid Spin|p2a: Eldegoss
|-damage|p2a: Eldegoss|86/100
|-boost|p1a: Eldegoss|spe|1
|
|upkeep
|turn|277
|
|t:|1661091520
|move|p1a: Eldegoss|Grass Knot|p2a: Eldegoss
|-resisted|p2a: Eldegoss
|-damage|p2a: Eldegoss|84/100
|move|p2a: Eldegoss|Rapid Spin|p1a: Eldegoss
|-damage|p1a: Eldegoss|68/100
|-boost|p2a: Eldegoss|spe|1
|
|upkeep
|turn|278
|
|t:|1661091524
|move|p2a: Eldegoss|Rapid Spin|p1a: Eldegoss
|-damage|p1a: Eldegoss|64/100
|-boost|p2a: Eldegoss|spe|1
|move|p1a: Eldegoss|Rapid Spin|p2a: Eldegoss
|-damage|p2a: Eldegoss|79/100
|-boost|p1a: Eldegoss|spe|1
|
|upkeep
|turn|279
|
|t:|1661091527
|move|p1a: Eldegoss|Rapid Spin|p2a: Eldegoss
|-damage|p2a: Eldegoss|74/100
|-boost|p1a: Eldegoss|spe|1
|move|p2a: Eldegoss|Rapid Spin|p1a: Eldegoss
|-damage|p1a: Eldegoss|59/100
|-boost|p2a: Eldegoss|spe|1
|
|upkeep
|turn|280
|
|t:|1661091531
|switch|p1a: Scyther|Scyther, M|77/100
|switch|p2a: Gigalith|Gigalith, F|63/100
|-weather|Sandstorm|[from] ability: Sand Stream|[of] p2a: Gigalith
|
|-weather|Sandstorm|[upkeep]
|-damage|p1a: Scyther|71/100|[from] Sandstorm
|upkeep
|turn|281
|
|t:|1661091535
|move|p1a: Scyther|U-turn|p2a: Gigalith
|-damage|p2a: Gigalith|40/100
|
|t:|1661091537
|switch|p1a: Eldegoss|Eldegoss, F|92/100|[from]move: U-turn
|move|p2a: Gigalith|Rest|p2a: Gigalith
|-status|p2a: Gigalith|slp|[from] move: Rest
|-heal|p2a: Gigalith|100/100 slp|[silent]
|
|-weather|Sandstorm|[upkeep]
|-damage|p1a: Eldegoss|86/100|[from] Sandstorm
|upkeep
|turn|282
|
|t:|1661091543
|switch|p1a: Scyther|Scyther, M|71/100
|switch|p2a: Eldegoss|Eldegoss, M|100/100
|
|-weather|Sandstorm|[upkeep]
|-damage|p1a: Scyther|65/100|[from] Sandstorm
|-damage|p2a: Eldegoss|94/100|[from] Sandstorm
|upkeep
|turn|283
|
|t:|1661091545
|switch|p2a: Sandaconda|Sandaconda, F|58/100
|move|p1a: Scyther|Roost|p1a: Scyther
|-heal|p1a: Scyther|100/100
|-singleturn|p1a: Scyther|move: Roost
|
|-weather|Sandstorm|[upkeep]
|-damage|p1a: Scyther|94/100|[from] Sandstorm
|upkeep
|turn|284
|
|t:|1661091551
|move|p1a: Scyther|U-turn|p2a: Sandaconda
|-damage|p2a: Sandaconda|36/100
|
|t:|1661091553
|switch|p1a: Eldegoss|Eldegoss, F|100/100|[from]move: U-turn
|move|p2a: Sandaconda|Rest|p2a: Sandaconda
|-status|p2a: Sandaconda|slp|[from] move: Rest
|-heal|p2a: Sandaconda|100/100 slp|[silent]
|
|-weather|none
|upkeep
|turn|285
|
|t:|1661091556
|switch|p2a: Eldegoss|Eldegoss, M|100/100
|switch|p1a: Scyther|Scyther, M|94/100
|
|upkeep
|turn|286
|
|t:|1661091560
|switch|p2a: Sandaconda|Sandaconda, F|100/100 slp
|move|p1a: Scyther|Dual Wingbeat|p2a: Sandaconda
|-damage|p2a: Sandaconda|81/100 slp
|-damage|p2a: Sandaconda|63/100 slp
|-hitcount|p2a: Sandaconda|2
|
|upkeep
|turn|287
|
|t:|1661091564
|move|p1a: Scyther|Dual Wingbeat|p2a: Sandaconda
|-damage|p2a: Sandaconda|44/100 slp
|-damage|p2a: Sandaconda|25/100 slp
|-hitcount|p2a: Sandaconda|2
|cant|p2a: Sandaconda|slp
|
|upkeep
|turn|288
|
|t:|1661091569
|switch|p2a: Dubwool|Dubwool, M|75/100
|move|p1a: Scyther|U-turn|p2a: Dubwool
|-damage|p2a: Dubwool|62/100
|
|t:|1661091572
|switch|p1a: Weezing|Weezing, F|100/100|[from]move: U-turn
|-ability|p1a: Weezing|Neutralizing Gas
|
|upkeep
|turn|289
|
|t:|1661091576
|switch|p2a: Sandaconda|Sandaconda, F|25/100 slp
|-end|p1a: Weezing|ability: Neutralizing Gas
|switch|p1a: Scyther|Scyther, M|94/100
|
|upkeep
|turn|290
|
|t:|1661091580
|switch|p2a: Dubwool|Dubwool, M|62/100
|move|p1a: Scyther|U-turn|p2a: Dubwool
|-damage|p2a: Dubwool|48/100
|
|t:|1661091583
|switch|p1a: Weezing|Weezing, F|100/100|[from]move: U-turn
|-ability|p1a: Weezing|Neutralizing Gas
|
|upkeep
|turn|291
|
|t:|1661091588
|move|p2a: Dubwool|Cotton Guard|p2a: Dubwool
|-boost|p2a: Dubwool|def|3
|move|p1a: Weezing|Toxic Spikes|p2a: Dubwool
|-sidestart|p2: PULT4C1 Carmin|move: Toxic Spikes
|
|upkeep
|turn|292
|
|t:|1661091595
|-end|p1a: Weezing|ability: Neutralizing Gas
|switch|p1a: Scyther|Scyther, M|94/100
|move|p2a: Dubwool|Cotton Guard|p2a: Dubwool
|-boost|p2a: Dubwool|def|3
|
|upkeep
|turn|293
|
|t:|1661091603
|move|p1a: Scyther|Dual Wingbeat|p2a: Dubwool
|-damage|p2a: Dubwool|45/100
|-damage|p2a: Dubwool|42/100
|-hitcount|p2a: Dubwool|2
|move|p2a: Dubwool|Body Press|p1a: Scyther
|-resisted|p1a: Scyther
|-damage|p1a: Scyther|64/100
|
|upkeep
|turn|294
|
|t:|1661091611
|move|p1a: Scyther|U-turn|p2a: Dubwool
|-damage|p2a: Dubwool|39/100
|
|t:|1661091613
|switch|p1a: Weezing|Weezing, F|100/100|[from]move: U-turn
|-ability|p1a: Weezing|Neutralizing Gas
|move|p2a: Dubwool|Body Press|p1a: Weezing
|-resisted|p1a: Weezing
|-damage|p1a: Weezing|68/100
|
|-heal|p1a: Weezing|74/100|[from] item: Black Sludge
|upkeep
|turn|295
|
|t:|1661091616
|move|p2a: Dubwool|Body Press|p1a: Weezing
|-resisted|p1a: Weezing
|-damage|p1a: Weezing|45/100
|move|p1a: Weezing|Toxic Spikes|p2a: Dubwool
|-sidestart|p2: PULT4C1 Carmin|move: Toxic Spikes
|
|-heal|p1a: Weezing|51/100|[from] item: Black Sludge
|upkeep
|turn|296
|
|t:|1661091621
|move|p2a: Dubwool|Body Press|p1a: Weezing
|-resisted|p1a: Weezing
|-damage|p1a: Weezing|22/100
|move|p1a: Weezing|Pain Split|p2a: Dubwool
|-sethp|p2a: Dubwool|30/100|[from] move: Pain Split|[silent]
|-sethp|p1a: Weezing|31/100|[from] move: Pain Split
|
|-heal|p1a: Weezing|37/100|[from] item: Black Sludge
|upkeep
|turn|297
|
|t:|1661091630
|move|p2a: Dubwool|Rest|p2a: Dubwool
|-status|p2a: Dubwool|slp|[from] move: Rest
|-heal|p2a: Dubwool|100/100 slp|[silent]
|move|p1a: Weezing|Pain Split|p2a: Dubwool
|-sethp|p2a: Dubwool|68/100 slp|[from] move: Pain Split|[silent]
|-sethp|p1a: Weezing|71/100|[from] move: Pain Split
|
|-heal|p1a: Weezing|77/100|[from] item: Black Sludge
|upkeep
|turn|298
|
|t:|1661091638
|switch|p2a: Sandaconda|Sandaconda, F|25/100 slp
|move|p1a: Weezing|Pain Split|p2a: Sandaconda
|-sethp|p2a: Sandaconda|50/100 slp|[from] move: Pain Split|[silent]
|-sethp|p1a: Weezing|52/100|[from] move: Pain Split
|
|-heal|p1a: Weezing|58/100|[from] item: Black Sludge
|upkeep
|turn|299
|
|t:|1661091644
|-end|p1a: Weezing|ability: Neutralizing Gas
|switch|p1a: Eldegoss|Eldegoss, F|100/100
|cant|p2a: Sandaconda|slp
|
|-activate|p2a: Sandaconda|ability: Shed Skin
|-curestatus|p2a: Sandaconda|slp|[msg]
|upkeep
|turn|300
|
|t:|1661091647
|switch|p2a: Eldegoss|Eldegoss, M|100/100
|move|p1a: Eldegoss|Grass Knot|p2a: Eldegoss
|-resisted|p2a: Eldegoss
|-damage|p2a: Eldegoss|98/100
|
|upkeep
|turn|301
|
|t:|1661091651
|switch|p1a: Scyther|Scyther, M|64/100
|move|p2a: Eldegoss|Rapid Spin|p1a: Scyther
|-damage|p1a: Scyther|54/100
|-boost|p2a: Eldegoss|spe|1
|-sideend|p2: PULT4C1 Carmin|Toxic Spikes|[from] move: Rapid Spin|[of] p2a: Eldegoss
|
|upkeep
|turn|302
|
|t:|1661091656
|switch|p2a: Dubwool|Dubwool, M|68/100 slp
|move|p1a: Scyther|Roost|p1a: Scyther
|-heal|p1a: Scyther|100/100
|-singleturn|p1a: Scyther|move: Roost
|
|upkeep
|turn|303
|
|t:|1661091661
|switch|p2a: Gigalith|Gigalith, F|100/100 slp
|-weather|Sandstorm|[from] ability: Sand Stream|[of] p2a: Gigalith
|move|p1a: Scyther|Knock Off|p2a: Gigalith
|-crit|p2a: Gigalith
|-damage|p2a: Gigalith|79/100 slp
|
|-weather|Sandstorm|[upkeep]
|-damage|p1a: Scyther|94/100|[from] Sandstorm
|upkeep
|turn|304
|
|t:|1661091667
|move|p1a: Scyther|U-turn|p2a: Gigalith
|-damage|p2a: Gigalith|56/100 slp
|
|t:|1661091669
|switch|p1a: Eldegoss|Eldegoss, F|100/100|[from]move: U-turn
|cant|p2a: Gigalith|slp
|
|-weather|Sandstorm|[upkeep]
|-damage|p1a: Eldegoss|94/100|[from] Sandstorm
|upkeep
|turn|305
|
|t:|1661091673
|switch|p1a: Scyther|Scyther, M|94/100
|switch|p2a: Eldegoss|Eldegoss, M|100/100
|
|-weather|Sandstorm|[upkeep]
|-damage|p1a: Scyther|88/100|[from] Sandstorm
|-damage|p2a: Eldegoss|94/100|[from] Sandstorm
|upkeep
|turn|306
|
|t:|1661091678
|switch|p2a: Gigalith|Gigalith, F|56/100 slp
|move|p1a: Scyther|Dual Wingbeat|p2a: Gigalith
|-resisted|p2a: Gigalith
|-damage|p2a: Gigalith|45/100 slp
|-resisted|p2a: Gigalith
|-damage|p2a: Gigalith|35/100 slp
|-hitcount|p2a: Gigalith|2
|
|-weather|Sandstorm|[upkeep]
|-damage|p1a: Scyther|82/100|[from] Sandstorm
|upkeep
|turn|307
|
|t:|1661091684
|move|p1a: Scyther|Dual Wingbeat|p2a: Gigalith
|-resisted|p2a: Gigalith
|-damage|p2a: Gigalith|25/100 slp
|-resisted|p2a: Gigalith
|-damage|p2a: Gigalith|15/100 slp
|-hitcount|p2a: Gigalith|2
|cant|p2a: Gigalith|slp
|
|-weather|none
|upkeep
|turn|308
|
|t:|1661091692
|switch|p2a: Dubwool|Dubwool, M|68/100 slp
|move|p1a: Scyther|U-turn|p2a: Dubwool
|-damage|p2a: Dubwool|56/100 slp
|
|t:|1661091695
|switch|p1a: Weezing|Weezing, F|58/100|[from]move: U-turn
|-ability|p1a: Weezing|Neutralizing Gas
|
|-heal|p1a: Weezing|64/100|[from] item: Black Sludge
|upkeep
|turn|309
|
|t:|1661091700
|switch|p2a: Sandaconda|Sandaconda, F|50/100
|-end|p1a: Weezing|ability: Neutralizing Gas
|switch|p1a: Eldegoss|Eldegoss, F|100/100
|
|upkeep
|turn|310
|
|t:|1661091705
|switch|p2a: Eldegoss|Eldegoss, M|100/100
|move|p1a: Eldegoss|Grass Knot|p2a: Eldegoss
|-resisted|p2a: Eldegoss
|-damage|p2a: Eldegoss|98/100
|
|upkeep
|turn|311
|
|t:|1661091711
|switch|p1a: Scyther|Scyther, M|82/100
|move|p2a: Eldegoss|Leech Seed|p1a: Scyther
|-start|p1a: Scyther|move: Leech Seed
|
|-damage|p1a: Scyther|70/100|[from] Leech Seed|[of] p2a: Eldegoss
|-heal|p2a: Eldegoss|100/100|[silent]
|upkeep
|turn|312
|
|t:|1661091715
|switch|p2a: Sandaconda|Sandaconda, F|50/100
|move|p1a: Scyther|U-turn|p2a: Sandaconda
|-damage|p2a: Sandaconda|28/100
|
|t:|1661091717
|switch|p1a: Eldegoss|Eldegoss, F|100/100|[from]move: U-turn
|
|upkeep
|turn|313
|
|t:|1661091719
|switch|p2a: Eldegoss|Eldegoss, M|100/100
|move|p1a: Eldegoss|Grass Knot|p2a: Eldegoss
|-resisted|p2a: Eldegoss
|-damage|p2a: Eldegoss|98/100
|
|upkeep
|turn|314
|
|t:|1661091725
|move|p1a: Eldegoss|Rapid Spin|p2a: Eldegoss
|-damage|p2a: Eldegoss|93/100
|-boost|p1a: Eldegoss|spe|1
|move|p2a: Eldegoss|Rapid Spin|p1a: Eldegoss
|-damage|p1a: Eldegoss|96/100
|-boost|p2a: Eldegoss|spe|1
|
|upkeep
|turn|315
|
|t:|1661091729
|move|p1a: Eldegoss|Rapid Spin|p2a: Eldegoss
|-damage|p2a: Eldegoss|88/100
|-boost|p1a: Eldegoss|spe|1
|move|p2a: Eldegoss|Rapid Spin|p1a: Eldegoss
|-damage|p1a: Eldegoss|91/100
|-boost|p2a: Eldegoss|spe|1
|
|upkeep
|turn|316
|
|t:|1661091733
|move|p2a: Eldegoss|Rapid Spin|p1a: Eldegoss
|-damage|p1a: Eldegoss|86/100
|-boost|p2a: Eldegoss|spe|1
|move|p1a: Eldegoss|Rapid Spin|p2a: Eldegoss
|-damage|p2a: Eldegoss|83/100
|-boost|p1a: Eldegoss|spe|1
|
|upkeep
|turn|317
|
|t:|1661091737
|move|p2a: Eldegoss|Rapid Spin|p1a: Eldegoss
|-damage|p1a: Eldegoss|81/100
|-boost|p2a: Eldegoss|spe|1
|move|p1a: Eldegoss|Rapid Spin|p2a: Eldegoss
|-damage|p2a: Eldegoss|78/100
|-boost|p1a: Eldegoss|spe|1
|
|upkeep
|turn|318
|
|t:|1661091741
|move|p2a: Eldegoss|Rapid Spin|p1a: Eldegoss
|-damage|p1a: Eldegoss|76/100
|-boost|p2a: Eldegoss|spe|1
|move|p1a: Eldegoss|Rapid Spin|p2a: Eldegoss
|-damage|p2a: Eldegoss|72/100
|-boost|p1a: Eldegoss|spe|1
|
|upkeep
|turn|319
|
|t:|1661091744
|move|p2a: Eldegoss|Rapid Spin|p1a: Eldegoss
|-damage|p1a: Eldegoss|71/100
|-boost|p2a: Eldegoss|spe|1
|move|p1a: Eldegoss|Rapid Spin|p2a: Eldegoss
|-damage|p2a: Eldegoss|67/100
|-boost|p1a: Eldegoss|spe|1
|
|upkeep
|turn|320
|
|t:|1661091754
|move|p1a: Eldegoss|Grass Knot|p2a: Eldegoss
|-resisted|p2a: Eldegoss
|-damage|p2a: Eldegoss|64/100
|move|p2a: Eldegoss|Rapid Spin|p1a: Eldegoss
|-damage|p1a: Eldegoss|65/100
|
|upkeep
|turn|321
|
|t:|1661091758
|switch|p1a: Weezing|Weezing, F|64/100
|-ability|p1a: Weezing|Neutralizing Gas
|move|p2a: Eldegoss|Rapid Spin|p1a: Weezing
|-damage|p1a: Weezing|60/100
|
|-heal|p1a: Weezing|66/100|[from] item: Black Sludge
|upkeep
|turn|322
|
|t:|1661091766
|switch|p2a: Gallade|Gallade, M|27/100
|-end|p1a: Weezing|ability: Neutralizing Gas
|switch|p1a: Scyther|Scyther, M|70/100
|
|upkeep
|turn|323
|
|t:|1661091775
|switch|p1a: Eldegoss|Eldegoss, F|99/100
|switch|p2a: Dubwool|Dubwool, M|56/100 slp
|
|upkeep
|turn|324
|
|t:|1661091782
|switch|p2a: Eldegoss|Eldegoss, M|64/100
|switch|p1a: Scyther|Scyther, M|70/100
|
|upkeep
|turn|325
|
|t:|1661091787
|switch|p2a: Dubwool|Dubwool, M|56/100 slp
|move|p1a: Scyther|Dual Wingbeat|p2a: Dubwool
|-damage|p2a: Dubwool|45/100 slp
|-damage|p2a: Dubwool|33/100 slp
|-hitcount|p2a: Dubwool|2
|
|upkeep
|turn|326
|
|t:|1661091793
|move|p1a: Scyther|Roost|p1a: Scyther
|-heal|p1a: Scyther|100/100
|-singleturn|p1a: Scyther|move: Roost
|cant|p2a: Dubwool|slp
|move|p2a: Dubwool|Sleep Talk|p2a: Dubwool
|move|p2a: Dubwool|Cotton Guard|p2a: Dubwool|[from]move: Sleep Talk
|-boost|p2a: Dubwool|def|3
|
|upkeep
|turn|327
|
|t:|1661091797
|move|p1a: Scyther|Dual Wingbeat|p2a: Dubwool
|-damage|p2a: Dubwool|29/100 slp
|-damage|p2a: Dubwool|24/100 slp
|-hitcount|p2a: Dubwool|2
|cant|p2a: Dubwool|slp
|
|upkeep
|turn|328
|
|t:|1661091803
|move|p1a: Scyther|Dual Wingbeat|p2a: Dubwool
|-damage|p2a: Dubwool|19/100 slp
|-damage|p2a: Dubwool|15/100 slp
|-hitcount|p2a: Dubwool|2
|-curestatus|p2a: Dubwool|slp|[msg]
|move|p2a: Dubwool|Cotton Guard|p2a: Dubwool
|-boost|p2a: Dubwool|def|3
|
|upkeep
|turn|329
|
|t:|1661091811
|move|p1a: Scyther|Knock Off|p2a: Dubwool
|-damage|p2a: Dubwool|13/100
|move|p2a: Dubwool|Cotton Guard|p2a: Dubwool
|-boost|p2a: Dubwool|def|0
|
|upkeep
|turn|330
|c|☆PULT4C1 Haffling|did i dc
|inactive|PULT4C1 Carmin has 120 seconds left.
|
|t:|1661091839
|move|p1a: Scyther|Knock Off|p2a: Dubwool
|-damage|p2a: Dubwool|11/100
|move|p2a: Dubwool|Cotton Guard|p2a: Dubwool
|-boost|p2a: Dubwool|def|0
|
|upkeep
|turn|331
|
|t:|1661091842
|move|p1a: Scyther|Knock Off|p2a: Dubwool
|-damage|p2a: Dubwool|9/100
|move|p2a: Dubwool|Cotton Guard|p2a: Dubwool
|-boost|p2a: Dubwool|def|0
|
|upkeep
|turn|332
|
|t:|1661091845
|move|p1a: Scyther|Knock Off|p2a: Dubwool
|-damage|p2a: Dubwool|7/100
|move|p2a: Dubwool|Cotton Guard|p2a: Dubwool
|-boost|p2a: Dubwool|def|0
|
|upkeep
|turn|333
|
|t:|1661091848
|move|p1a: Scyther|Knock Off|p2a: Dubwool
|-damage|p2a: Dubwool|5/100
|move|p2a: Dubwool|Cotton Guard|p2a: Dubwool
|-boost|p2a: Dubwool|def|0
|
|upkeep
|turn|334
|
|t:|1661091851
|move|p1a: Scyther|Knock Off|p2a: Dubwool
|-damage|p2a: Dubwool|3/100
|move|p2a: Dubwool|Cotton Guard|p2a: Dubwool
|-boost|p2a: Dubwool|def|0
|
|upkeep
|turn|335
|
|t:|1661091854
|move|p1a: Scyther|Knock Off|p2a: Dubwool
|-damage|p2a: Dubwool|0 fnt
|faint|p2a: Dubwool
|
|upkeep
|
|t:|1661091855
|switch|p2a: Gigalith|Gigalith, F|15/100 slp
|-weather|Sandstorm|[from] ability: Sand Stream|[of] p2a: Gigalith
|turn|336
|
|t:|1661091864
|move|p1a: Scyther|U-turn|p2a: Gigalith
|-damage|p2a: Gigalith|0 fnt
|faint|p2a: Gigalith
|
|t:|1661091868
|switch|p1a: Eldegoss|Eldegoss, F|100/100|[from]move: U-turn
|
|-weather|Sandstorm|[upkeep]
|-damage|p1a: Eldegoss|94/100|[from] Sandstorm
|upkeep
|
|t:|1661091872
|switch|p2a: Gallade|Gallade, M|27/100
|turn|337
|
|t:|1661091875
|move|p2a: Gallade|Poison Jab|p1a: Eldegoss
|-supereffective|p1a: Eldegoss
|-damage|p1a: Eldegoss|45/100
|move|p1a: Eldegoss|Grass Knot|p2a: Gallade
|-crit|p2a: Gallade
|-damage|p2a: Gallade|0 fnt
|faint|p2a: Gallade
|
|-weather|Sandstorm|[upkeep]
|-damage|p1a: Eldegoss|38/100|[from] Sandstorm
|upkeep
|
|t:|1661091880
|switch|p2a: Eldegoss|Eldegoss, M|98/100
|turn|338
|c|☆PULT4C1 Haffling|ty g you were alot of hlp killed alot of time
|
|t:|1661091900
|switch|p2a: Sandaconda|Sandaconda, F|28/100
|switch|p1a: Scyther|Scyther, M|100/100
|
|-weather|Sandstorm|[upkeep]
|-damage|p1a: Scyther|94/100|[from] Sandstorm
|upkeep
|turn|339
|c|☆PULT4C1 Carmin|fxd
|
|t:|1661091908
|move|p1a: Scyther|Dual Wingbeat|p2a: Sandaconda
|-damage|p2a: Sandaconda|8/100
|-damage|p2a: Sandaconda|0 fnt
|faint|p2a: Sandaconda
|-hitcount|p2: Sandaconda|2
|
|-weather|Sandstorm|[upkeep]
|-damage|p1a: Scyther|88/100|[from] Sandstorm
|upkeep
|c|☆PULT4C1 Carmin|wpwp
|c|☆PULT4C1 Haffling|gg
|
|t:|1661091915
|switch|p2a: Eldegoss|Eldegoss, M|100/100
|turn|340
|c|☆PULT4C1 Carmin|gg
|c|☆PULT4C1 Haffling|and tbh i dont mind you att all
|
|t:|1661091927
|move|p1a: Scyther|Dual Wingbeat|p2a: Eldegoss
|-supereffective|p2a: Eldegoss
|-damage|p2a: Eldegoss|52/100
|-supereffective|p2a: Eldegoss
|-damage|p2a: Eldegoss|9/100
|-hitcount|p2a: Eldegoss|2
|move|p2a: Eldegoss|Leech Seed|p1a: Scyther
|-start|p1a: Scyther|move: Leech Seed
|
|-weather|none
|-damage|p1a: Scyther|76/100|[from] Leech Seed|[of] p2a: Eldegoss
|-heal|p2a: Eldegoss|20/100|[silent]
|upkeep
|turn|341
|
|t:|1661091939
|move|p1a: Scyther|U-turn|p2a: Eldegoss
|-supereffective|p2a: Eldegoss
|-damage|p2a: Eldegoss|0 fnt
|faint|p2a: Eldegoss
|
|win|PULT4C1 Haffling
|raw|PULT4C1 Haffling's rating: 1644 &rarr; <strong>1658</strong><br />(+14 for winning)
|raw|PULT4C1 Carmin's rating: 1534 &rarr; <strong>1520</strong><br />(-14 for losing)
|j| gu87
|l|☆PULT4C1 Carmin
|l| gu87
||Ladder isn't responding, score probably updated but might not have (Request timeout).
