|j|☆meri berry simp
|j|‽r/chiraqology
|t:|1606287556
|player|p1|meri berry simp|kimonogirl-gen2|1482
|player|p2|r/chiraqology|2|1385
|teamsize|p1|6
|teamsize|p2|6
|gametype|singles
|gen|8
|tier|[Gen 8] PU
|rated|
|clearpoke
|poke|p1|Wishiwashi, F|
|poke|p1|Togedemaru, F|
|poke|p1|Sandaconda, F|
|poke|p1|Jynx, F|
|poke|p1|Skuntank, M|
|poke|p1|Alcremie-Mint-Cream, F|
|poke|p2|Larvesta, M|
|poke|p2|Lickilicky, M|
|poke|p2|Lurantis, F|
|poke|p2|Quagsire, F|
|poke|p2|Silvally-*|
|poke|p2|Alcremie-Ruby-Swirl, F|
|rule|Sleep Clause Mod: Limit one foe put to sleep
|rule|Species Clause: Limit one of each Pokémon
|rule|OHKO Clause: OHKO moves are banned
|rule|Evasion Moves Clause: Evasion moves are banned
|rule|Endless Battle Clause: Forcing endless battles is banned
|rule|HP Percentage Mod: HP is shown in percentages
|rule|Dynamax Clause: You cannot dynamax
|teampreview
|inactive|Battle timer is ON: inactive players will automatically lose when time's up. (requested by r/chiraqology)
|inactive|meri berry simp has 120 seconds left.
|
|t:|1606287597
|start
|switch|p1a: Wishifishi|Wishiwashi, F|100/100
|switch|p2a: Silvally|Silvally-Poison|100/100
|-formechange|p1a: Wishifishi|Wishiwashi-School||[from] ability: Schooling
|turn|1
|inactive|r/chiraqology has 120 seconds left.
|
|t:|1606287634
|move|p2a: Silvally|Parting Shot|p1a: Wishifishi
|-unboost|p1a: Wishifishi|atk|1
|-unboost|p1a: Wishifishi|spa|1
|
|t:|1606287638
|switch|p2a: Quagsire|Quagsire, F|100/100|[from]move: Parting Shot
|move|p1a: Wishifishi|Hydro Pump|p2a: Quagsire|[miss]
|-miss|p1a: Wishifishi|p2a: Quagsire
|
|upkeep
|turn|2
|
|t:|1606287648
|switch|p2a: Lurantis|Lurantis, F|100/100
|move|p1a: Wishifishi|Hydro Pump|p2a: Lurantis
|-resisted|p2a: Lurantis
|-damage|p2a: Lurantis|63/100
|
|-heal|p2a: Lurantis|69/100|[from] item: Leftovers
|upkeep
|turn|3
|
|t:|1606287660
|switch|p1a: Skuntank|Skuntank, M|100/100
|move|p2a: Lurantis|Leaf Storm|p1a: Skuntank
|-resisted|p1a: Skuntank
|-damage|p1a: Skuntank|75/100
|-boost|p2a: Lurantis|spa|2
|
|-heal|p2a: Lurantis|75/100|[from] item: Leftovers
|upkeep
|turn|4
|inactive|r/chiraqology has 120 seconds left.
|j| Mauve Avenger
|
|t:|1606287693
|switch|p2a: Quagsire|Quagsire, F|100/100
|move|p1a: Skuntank|Poison Jab|p2a: Quagsire
|-resisted|p2a: Quagsire
|-damage|p2a: Quagsire|84/100
|
|-heal|p2a: Quagsire|90/100|[from] item: Leftovers
|upkeep
|turn|5
|
|t:|1606287701
|switch|p1a: Jynx|Jynx, F|100/100
|move|p2a: Quagsire|Earthquake|p1a: Jynx
|-damage|p1a: Jynx|19/100
|
|-heal|p2a: Quagsire|96/100|[from] item: Leftovers
|upkeep
|turn|6
|inactive|r/chiraqology has 120 seconds left.
|
|t:|1606287723
|switch|p2a: Larvesta|Larvesta, M|100/100
|move|p1a: Jynx|Energy Ball|p2a: Larvesta
|-resisted|p2a: Larvesta
|-damage|p2a: Larvesta|87/100
|
|upkeep
|turn|7
|
|t:|1606287732
|switch|p1a: Wishifishi|Wishiwashi, F|100/100
|-formechange|p1a: Wishifishi|Wishiwashi-School||[from] ability: Schooling
|move|p2a: Larvesta|U-turn|p1a: Wishifishi
|-damage|p1a: Wishifishi|81/100
|inactive|r/chiraqology has 120 seconds left.
|
|t:|1606287765
|switch|p2a: Lurantis|Lurantis, F|75/100|[from]move: U-turn
|
|-heal|p2a: Lurantis|82/100|[from] item: Leftovers
|upkeep
|turn|8
|
|t:|1606287785
|move|p2a: Lurantis|Leaf Storm|p1a: Wishifishi
|-supereffective|p1a: Wishifishi
|-damage|p1a: Wishifishi|17/100
|-boost|p2a: Lurantis|spa|2
|move|p1a: Wishifishi|Ice Beam|p2a: Lurantis
|-supereffective|p2a: Lurantis
|-damage|p2a: Lurantis|0 fnt
|faint|p2a: Lurantis
|
|-formechange|p1a: Wishifishi|Wishiwashi||[from] ability: Schooling
|upkeep
|inactive|r/chiraqology has 90 seconds left.
|
|t:|1606287810
|switch|p2a: Silvally|Silvally-Poison|100/100
|turn|9
|
|t:|1606287822
|switch|p1a: Sandaconda|Sandaconda, F|100/100
|move|p2a: Silvally|Flamethrower|p1a: Sandaconda
|-damage|p1a: Sandaconda|78/100
|
|upkeep
|turn|10
|
|t:|1606287829
|move|p2a: Silvally|Parting Shot|p1a: Sandaconda
|-unboost|p1a: Sandaconda|atk|1
|-unboost|p1a: Sandaconda|spa|1
|
|t:|1606287838
|switch|p2a: Larvesta|Larvesta, M|87/100|[from]move: Parting Shot
|move|p1a: Sandaconda|Stealth Rock|p2a: Larvesta
|-sidestart|p2: r/chiraqology|move: Stealth Rock
|
|upkeep
|turn|11
|
|t:|1606287849
|move|p1a: Sandaconda|Glare|p2a: Larvesta
|-status|p2a: Larvesta|par
|move|p2a: Larvesta|Toxic|p1a: Sandaconda
|-status|p1a: Sandaconda|tox
|
|-damage|p1a: Sandaconda|72/100 tox|[from] psn
|upkeep
|turn|12
|
|t:|1606287863
|move|p1a: Sandaconda|Earthquake|p2a: Larvesta
|-damage|p2a: Larvesta|61/100 par
|cant|p2a: Larvesta|par
|
|-damage|p1a: Sandaconda|60/100 tox|[from] psn
|upkeep
|turn|13
|
|t:|1606287869
|move|p1a: Sandaconda|Earthquake|p2a: Larvesta
|-damage|p2a: Larvesta|31/100 par
|move|p2a: Larvesta|U-turn|p1a: Sandaconda
|-damage|p1a: Sandaconda|45/100 tox
|-damage|p2a: Larvesta|15/100 par|[from] item: Rocky Helmet|[of] p1a: Sandaconda
|
|t:|1606287872
|switch|p2a: Silvally|Silvally-Poison|100/100|[from]move: U-turn
|-damage|p2a: Silvally|88/100|[from] Stealth Rock
|
|-damage|p1a: Sandaconda|27/100 tox|[from] psn
|upkeep
|turn|14
|
|t:|1606287876
|move|p2a: Silvally|Defog|p1a: Sandaconda
|-unboost|p1a: Sandaconda|evasion|1
|-sideend|p2: r/chiraqology|Stealth Rock|[from] move: Defog|[of] p2a: Silvally
|move|p1a: Sandaconda|Rest|p1a: Sandaconda
|-status|p1a: Sandaconda|slp|[from] move: Rest
|-heal|p1a: Sandaconda|100/100 slp|[silent]
|
|upkeep
|turn|15
|
|t:|1606287887
|move|p2a: Silvally|Parting Shot|p1a: Sandaconda
|-unboost|p1a: Sandaconda|atk|1
|-unboost|p1a: Sandaconda|spa|1
|
|t:|1606287889
|switch|p2a: Larvesta|Larvesta, M|15/100 par|[from]move: Parting Shot
|cant|p1a: Sandaconda|slp
|
|-activate|p1a: Sandaconda|ability: Shed Skin
|-curestatus|p1a: Sandaconda|slp|[msg]
|upkeep
|turn|16
|
|t:|1606287902
|switch|p2a: Lickilicky|Lickilicky, M|100/100
|-ability|p2a: Lickilicky|Cloud Nine
|move|p1a: Sandaconda|Earthquake|p2a: Lickilicky
|-damage|p2a: Lickilicky|85/100
|
|-heal|p2a: Lickilicky|91/100|[from] item: Leftovers
|upkeep
|turn|17
|
|t:|1606287911
|move|p1a: Sandaconda|Stealth Rock|p2a: Lickilicky
|-sidestart|p2: r/chiraqology|move: Stealth Rock
|move|p2a: Lickilicky|Knock Off|p1a: Sandaconda
|-damage|p1a: Sandaconda|87/100
|-damage|p2a: Lickilicky|75/100|[from] item: Rocky Helmet|[of] p1a: Sandaconda
|-enditem|p1a: Sandaconda|Rocky Helmet|[from] move: Knock Off|[of] p2a: Lickilicky
|
|-heal|p2a: Lickilicky|81/100|[from] item: Leftovers
|upkeep
|turn|18
|
|t:|1606287926
|switch|p1a: Togedemaru|Togedemaru, F|100/100
|move|p2a: Lickilicky|Wish|p2a: Lickilicky
|
|-heal|p2a: Lickilicky|87/100|[from] item: Leftovers
|upkeep
|turn|19
|j| Diancie Magic
|
|t:|1606287931
|move|p1a: Togedemaru|Wish|p1a: Togedemaru
|move|p2a: Lickilicky|Knock Off|p1a: Togedemaru
|-damage|p1a: Togedemaru|72/100
|-damage|p2a: Lickilicky|74/100|[from] ability: Iron Barbs|[of] p1a: Togedemaru
|-enditem|p1a: Togedemaru|Leftovers|[from] move: Knock Off|[of] p2a: Lickilicky
|
|-heal|p2a: Lickilicky|100/100|[from] move: Wish|[wisher] Lickilicky
|upkeep
|turn|20
|
|t:|1606287935
|switch|p1a: Wishifishi|Wishiwashi, F|17/100
|move|p2a: Lickilicky|Knock Off|p1a: Wishifishi
|-damage|p1a: Wishifishi|0 fnt
|-enditem|p1a: Wishifishi|Choice Specs|[from] move: Knock Off|[of] p2a: Lickilicky
|faint|p1a: Wishifishi
|
|upkeep
|
|t:|1606287942
|switch|p1a: Alcremie|Alcremie-Mint-Cream, F|100/100
|turn|21
|
|t:|1606287946
|move|p1a: Alcremie|Acid Armor|p1a: Alcremie
|-boost|p1a: Alcremie|def|2
|move|p2a: Lickilicky|Toxic|p1a: Alcremie
|-status|p1a: Alcremie|tox
|
|-damage|p1a: Alcremie|95/100 tox|[from] psn
|upkeep
|turn|22
|
|t:|1606287951
|move|p1a: Alcremie|Acid Armor|p1a: Alcremie
|-boost|p1a: Alcremie|def|2
|move|p2a: Lickilicky|Knock Off|p1a: Alcremie
|-resisted|p1a: Alcremie
|-damage|p1a: Alcremie|92/100 tox
|-enditem|p1a: Alcremie|Chesto Berry|[from] move: Knock Off|[of] p2a: Lickilicky
|
|-damage|p1a: Alcremie|80/100 tox|[from] psn
|upkeep
|turn|23
|
|t:|1606287960
|move|p1a: Alcremie|Calm Mind|p1a: Alcremie
|-boost|p1a: Alcremie|spa|1
|-boost|p1a: Alcremie|spd|1
|move|p2a: Lickilicky|Wish|p2a: Lickilicky
|
|-damage|p1a: Alcremie|62/100 tox|[from] psn
|upkeep
|turn|24
|
|t:|1606287975
|switch|p2a: Silvally|Silvally-Poison|88/100
|-damage|p2a: Silvally|76/100|[from] Stealth Rock
|move|p1a: Alcremie|Stored Power|p2a: Silvally
|-supereffective|p2a: Silvally
|-damage|p2a: Silvally|0 fnt
|faint|p2a: Silvally
|
|-damage|p1a: Alcremie|38/100 tox|[from] psn
|upkeep
|
|t:|1606287980
|switch|p2a: Quagsire|Quagsire, F|96/100
|-damage|p2a: Quagsire|90/100|[from] Stealth Rock
|turn|25
|
|t:|1606287984
|move|p1a: Alcremie|Rest|p1a: Alcremie
|-status|p1a: Alcremie|slp|[from] move: Rest
|-heal|p1a: Alcremie|100/100 slp|[silent]
|move|p2a: Quagsire|Earthquake|p1a: Alcremie
|-damage|p1a: Alcremie|75/100 slp
|
|-heal|p2a: Quagsire|96/100|[from] item: Leftovers
|upkeep
|turn|26
|
|t:|1606287988
|cant|p1a: Alcremie|slp
|move|p2a: Quagsire|Earthquake|p1a: Alcremie
|-crit|p1a: Alcremie
|-damage|p1a: Alcremie|36/100 slp
|
|-heal|p2a: Quagsire|100/100|[from] item: Leftovers
|upkeep
|turn|27
|
|t:|1606287991
|cant|p1a: Alcremie|slp
|move|p2a: Quagsire|Earthquake|p1a: Alcremie
|-damage|p1a: Alcremie|8/100 slp
|
|upkeep
|turn|28
|
|t:|1606287995
|-curestatus|p1a: Alcremie|slp|[msg]
|move|p1a: Alcremie|Rest|p1a: Alcremie
|-status|p1a: Alcremie|slp|[from] move: Rest
|-heal|p1a: Alcremie|100/100 slp|[silent]
|move|p2a: Quagsire|Curse|p2a: Quagsire
|-unboost|p2a: Quagsire|spe|1
|-boost|p2a: Quagsire|atk|1
|-boost|p2a: Quagsire|def|1
|
|upkeep
|turn|29
|
|t:|1606287997
|cant|p1a: Alcremie|slp
|move|p2a: Quagsire|Earthquake|p1a: Alcremie
|-damage|p1a: Alcremie|63/100 slp
|
|upkeep
|turn|30
|
|t:|1606288001
|cant|p1a: Alcremie|slp
|move|p2a: Quagsire|Earthquake|p1a: Alcremie
|-damage|p1a: Alcremie|26/100 slp
|
|upkeep
|turn|31
|
|t:|1606288003
|-curestatus|p1a: Alcremie|slp|[msg]
|move|p1a: Alcremie|Stored Power|p2a: Quagsire
|-damage|p2a: Quagsire|58/100
|move|p2a: Quagsire|Earthquake|p1a: Alcremie
|-damage|p1a: Alcremie|0 fnt
|faint|p1a: Alcremie
|
|-heal|p2a: Quagsire|64/100|[from] item: Leftovers
|upkeep
|
|t:|1606288010
|switch|p1a: Jynx|Jynx, F|19/100
|turn|32
|
|t:|1606288013
|switch|p2a: Lickilicky|Lickilicky, M|100/100
|-damage|p2a: Lickilicky|88/100|[from] Stealth Rock
|-ability|p2a: Lickilicky|Cloud Nine
|move|p1a: Jynx|Energy Ball|p2a: Lickilicky
|-damage|p2a: Lickilicky|70/100
|
|-heal|p2a: Lickilicky|76/100|[from] item: Leftovers
|upkeep
|turn|33
|
|t:|1606288016
|switch|p1a: Skuntank|Skuntank, M|75/100
|move|p2a: Lickilicky|Wish|p2a: Lickilicky
|
|-heal|p2a: Lickilicky|82/100|[from] item: Leftovers
|upkeep
|turn|34
|
|t:|1606288032
|move|p1a: Skuntank|Crunch|p2a: Lickilicky
|-damage|p2a: Lickilicky|43/100
|move|p2a: Lickilicky|Knock Off|p1a: Skuntank
|-resisted|p1a: Skuntank
|-damage|p1a: Skuntank|61/100
|-enditem|p1a: Skuntank|Choice Band|[from] move: Knock Off|[of] p2a: Lickilicky
|
|-heal|p2a: Lickilicky|93/100|[from] move: Wish|[wisher] Lickilicky
|-heal|p2a: Lickilicky|99/100|[from] item: Leftovers
|upkeep
|turn|35
|
|t:|1606288042
|move|p1a: Skuntank|Poison Jab|p2a: Lickilicky
|-damage|p2a: Lickilicky|73/100
|move|p2a: Lickilicky|Wish|p2a: Lickilicky
|
|-heal|p2a: Lickilicky|79/100|[from] item: Leftovers
|upkeep
|turn|36
|
|t:|1606288048
|switch|p2a: Quagsire|Quagsire, F|64/100
|-damage|p2a: Quagsire|58/100|[from] Stealth Rock
|move|p1a: Skuntank|Poison Jab|p2a: Quagsire
|-resisted|p2a: Quagsire
|-damage|p2a: Quagsire|47/100
|
|-heal|p2a: Quagsire|100/100|[from] move: Wish|[wisher] Lickilicky
|upkeep
|turn|37
|
|t:|1606288054
|switch|p1a: Sandaconda|Sandaconda, F|87/100
|move|p2a: Quagsire|Earthquake|p1a: Sandaconda
|-damage|p1a: Sandaconda|69/100
|
|upkeep
|turn|38
|inactive|meri berry simp has 120 seconds left.
|
|t:|1606288100
|move|p1a: Sandaconda|Glare|p2a: Quagsire
|-status|p2a: Quagsire|par
|move|p2a: Quagsire|Earthquake|p1a: Sandaconda
|-damage|p1a: Sandaconda|49/100
|
|upkeep
|turn|39
|
|t:|1606288107
|move|p1a: Sandaconda|Earthquake|p2a: Quagsire
|-damage|p2a: Quagsire|77/100 par
|cant|p2a: Quagsire|par
|
|-heal|p2a: Quagsire|83/100 par|[from] item: Leftovers
|upkeep
|turn|40
|inactive|meri berry simp has 120 seconds left.
|
|t:|1606288118
|move|p1a: Sandaconda|Earthquake|p2a: Quagsire
|-damage|p2a: Quagsire|59/100 par
|move|p2a: Quagsire|Curse|p2a: Quagsire
|-unboost|p2a: Quagsire|spe|1
|-boost|p2a: Quagsire|atk|1
|-boost|p2a: Quagsire|def|1
|
|-heal|p2a: Quagsire|65/100 par|[from] item: Leftovers
|upkeep
|turn|41
|
|t:|1606288123
|switch|p1a: Jynx|Jynx, F|19/100
|move|p2a: Quagsire|Recover|p2a: Quagsire
|-heal|p2a: Quagsire|100/100 par
|
|upkeep
|turn|42
|
|t:|1606288128
|switch|p2a: Lickilicky|Lickilicky, M|79/100
|-damage|p2a: Lickilicky|66/100|[from] Stealth Rock
|-ability|p2a: Lickilicky|Cloud Nine
|move|p1a: Jynx|Psyshock|p2a: Lickilicky
|-damage|p2a: Lickilicky|34/100
|
|-heal|p2a: Lickilicky|41/100|[from] item: Leftovers
|upkeep
|turn|43
|
|t:|1606288136
|switch|p1a: Skuntank|Skuntank, M|61/100
|move|p2a: Lickilicky|Wish|p2a: Lickilicky
|
|-heal|p2a: Lickilicky|47/100|[from] item: Leftovers
|upkeep
|turn|44
|
|t:|1606288142
|move|p2a: Lickilicky|Protect|p2a: Lickilicky
|-singleturn|p2a: Lickilicky|Protect
|move|p1a: Skuntank|Crunch|p2a: Lickilicky
|-activate|p2a: Lickilicky|move: Protect
|
|-heal|p2a: Lickilicky|97/100|[from] move: Wish|[wisher] Lickilicky
|-heal|p2a: Lickilicky|100/100|[from] item: Leftovers
|upkeep
|turn|45
|
|t:|1606288152
|move|p1a: Skuntank|Crunch|p2a: Lickilicky
|-damage|p2a: Lickilicky|71/100
|move|p2a: Lickilicky|Wish|p2a: Lickilicky
|
|-heal|p2a: Lickilicky|77/100|[from] item: Leftovers
|upkeep
|turn|46
|
|t:|1606288162
|switch|p2a: Quagsire|Quagsire, F|100/100 par
|-damage|p2a: Quagsire|94/100 par|[from] Stealth Rock
|move|p1a: Skuntank|Crunch|p2a: Quagsire
|-damage|p2a: Quagsire|71/100 par
|-unboost|p2a: Quagsire|def|1
|
|-heal|p2a: Quagsire|100/100 par|[from] move: Wish|[wisher] Lickilicky
|upkeep
|turn|47
|
|t:|1606288170
|switch|p2a: Alcremie|Alcremie-Ruby-Swirl, F|100/100
|move|p1a: Skuntank|Crunch|p2a: Alcremie
|-resisted|p2a: Alcremie
|-damage|p2a: Alcremie|80/100
|
|upkeep
|turn|48
|
|t:|1606288177
|switch|p2a: Quagsire|Quagsire, F|100/100 par
|-damage|p2a: Quagsire|94/100 par|[from] Stealth Rock
|move|p1a: Skuntank|Crunch|p2a: Quagsire
|-damage|p2a: Quagsire|73/100 par
|
|-heal|p2a: Quagsire|79/100 par|[from] item: Leftovers
|upkeep
|turn|49
|
|t:|1606288181
|move|p1a: Skuntank|Crunch|p2a: Quagsire
|-damage|p2a: Quagsire|54/100 par
|move|p2a: Quagsire|Earthquake|p1a: Skuntank
|-supereffective|p1a: Skuntank
|-damage|p1a: Skuntank|0 fnt
|faint|p1a: Skuntank
|
|-heal|p2a: Quagsire|61/100 par|[from] item: Leftovers
|upkeep
|
|t:|1606288184
|switch|p1a: Jynx|Jynx, F|19/100
|turn|50
|
|t:|1606288192
|switch|p2a: Lickilicky|Lickilicky, M|77/100
|-damage|p2a: Lickilicky|64/100|[from] Stealth Rock
|-ability|p2a: Lickilicky|Cloud Nine
|move|p1a: Jynx|Ice Beam|p2a: Lickilicky
|-damage|p2a: Lickilicky|39/100
|
|-heal|p2a: Lickilicky|45/100|[from] item: Leftovers
|upkeep
|turn|51
|
|t:|1606288195
|move|p1a: Jynx|Ice Beam|p2a: Lickilicky
|-damage|p2a: Lickilicky|20/100
|move|p2a: Lickilicky|Wish|p2a: Lickilicky
|
|-heal|p2a: Lickilicky|26/100|[from] item: Leftovers
|upkeep
|turn|52
|
|t:|1606288201
|switch|p1a: Togedemaru|Togedemaru, F|72/100
|move|p2a: Lickilicky|Protect||[still]
|-fail|p2a: Lickilicky
|
|-heal|p2a: Lickilicky|76/100|[from] move: Wish|[wisher] Lickilicky
|-heal|p2a: Lickilicky|82/100|[from] item: Leftovers
|upkeep
|turn|53
|-message|meri berry simp forfeited.
|
|win|r/chiraqology
|l|☆meri berry simp
|raw|meri berry simp's rating: 1483 &rarr; <strong>1457</strong><br />(-26 for losing)
|raw|r&#x2f;chiraqology's rating: 1385 &rarr; <strong>1410</strong><br />(+25 for winning)
