|raw|<div class="broadcast-blue"><strong>This battle is required to be public due to a player having a name starting with 'pult4t2'.</div>
|j|☆PlusC1028483
|j|☆PULT4T2 Huargensy
|t:|1661264960
|gametype|singles
|player|p1|PlusC1028483|266|1351
|player|p2|PULT4T2 Huargensy|lucas|1461
|teamsize|p1|6
|teamsize|p2|6
|gen|8
|tier|[Gen 8] PU
|rated|
|rule|Sleep Clause Mod: Limit one foe put to sleep
|rule|Species Clause: Limit one of each Pokémon
|rule|OHKO Clause: OHKO moves are banned
|rule|Evasion Items Clause: Evasion items are banned
|rule|Evasion Moves Clause: Evasion moves are banned
|rule|Endless Battle Clause: Forcing endless battles is banned
|rule|HP Percentage Mod: HP is shown in percentages
|rule|Dynamax Clause: You cannot dynamax
|clearpoke
|poke|p1|Gigalith, M|
|poke|p1|Ferroseed, F|
|poke|p1|Comfey, F|
|poke|p1|Togedemaru, M|
|poke|p1|Charizard, M|
|poke|p1|Lilligant, F|
|poke|p2|Charizard, M|
|poke|p2|Quagsire, M|
|poke|p2|Ferroseed, F|
|poke|p2|Weezing, M|
|poke|p2|Gigalith, M|
|poke|p2|Gallade, M|
|teampreview
|inactive|Battle timer is ON: inactive players will automatically lose when time's up. (requested by PULT4T2 Huargensy)
|
|t:|1661264981
|start
|switch|p1a: Charizard|Charizard, M|100/100
|switch|p2a: Weezing|Weezing, M, shiny|100/100
|turn|1
|
|t:|1661265000
|switch|p2a: Gigalith|Gigalith, M, shiny|100/100
|-weather|Sandstorm|[from] ability: Sand Stream|[of] p2a: Gigalith
|move|p1a: Charizard|Fire Blast|p2a: Gigalith
|-resisted|p2a: Gigalith
|-damage|p2a: Gigalith|87/100
|
|-weather|Sandstorm|[upkeep]
|-damage|p1a: Charizard|94/100|[from] Sandstorm
|-heal|p2a: Gigalith|93/100|[from] item: Leftovers
|upkeep
|turn|2
|
|t:|1661265009
|switch|p1a: Ferroseed|Ferroseed, F|100/100
|move|p2a: Gigalith|Stealth Rock|p1a: Ferroseed
|-sidestart|p1: PlusC1028483|move: Stealth Rock
|
|-weather|Sandstorm|[upkeep]
|-heal|p2a: Gigalith|99/100|[from] item: Leftovers
|upkeep
|turn|3
|inactive|PlusC1028483 has 120 seconds left.
|
|t:|1661265052
|switch|p2a: Ferroseed|Ferroseed, F, shiny|100/100
|move|p1a: Ferroseed|Knock Off|p2a: Ferroseed
|-damage|p2a: Ferroseed|89/100
|-damage|p1a: Ferroseed|88/100|[from] ability: Iron Barbs|[of] p2a: Ferroseed
|-enditem|p2a: Ferroseed|Eviolite|[from] move: Knock Off|[of] p1a: Ferroseed
|
|-weather|Sandstorm|[upkeep]
|upkeep
|turn|4
|
|t:|1661265055
|move|p1a: Ferroseed|Spikes|p2a: Ferroseed
|-sidestart|p2: PULT4T2 Huargensy|Spikes
|move|p2a: Ferroseed|Spikes|p1a: Ferroseed
|-sidestart|p1: PlusC1028483|Spikes
|
|-weather|Sandstorm|[upkeep]
|upkeep
|turn|5
|
|t:|1661265059
|move|p1a: Ferroseed|Spikes|p2a: Ferroseed
|-sidestart|p2: PULT4T2 Huargensy|Spikes
|move|p2a: Ferroseed|Spikes|p1a: Ferroseed
|-sidestart|p1: PlusC1028483|Spikes
|
|-weather|none
|upkeep
|turn|6
|
|t:|1661265061
|switch|p2a: Charizard|Charizard, M, shiny|100/100
|move|p1a: Ferroseed|Spikes|p2a: Charizard
|-sidestart|p2: PULT4T2 Huargensy|Spikes
|
|upkeep
|turn|7
|
|t:|1661265064
|switch|p1a: Gigalith|Gigalith, M|100/100
|-damage|p1a: Gigalith|88/100|[from] Stealth Rock
|-damage|p1a: Gigalith|72/100|[from] Spikes
|-weather|Sandstorm|[from] ability: Sand Stream|[of] p1a: Gigalith
|move|p2a: Charizard|Fire Blast|p1a: Gigalith
|-resisted|p1a: Gigalith
|-damage|p1a: Gigalith|60/100
|
|-weather|Sandstorm|[upkeep]
|-damage|p2a: Charizard|94/100|[from] Sandstorm
|-heal|p1a: Gigalith|66/100|[from] item: Leftovers
|upkeep
|turn|8
|
|t:|1661265071
|switch|p2a: Gallade|Gallade, M, shiny|100/100
|-damage|p2a: Gallade|76/100|[from] Spikes
|move|p1a: Gigalith|Stealth Rock|p2a: Gallade
|-sidestart|p2: PULT4T2 Huargensy|move: Stealth Rock
|
|-weather|Sandstorm|[upkeep]
|-damage|p2a: Gallade|69/100|[from] Sandstorm
|-heal|p1a: Gigalith|72/100|[from] item: Leftovers
|upkeep
|turn|9
|
|t:|1661265086
|switch|p1a: Comfey|Comfey, F|100/100
|-damage|p1a: Comfey|88/100|[from] Stealth Rock
|-damage|p1a: Comfey|72/100|[from] Spikes
|move|p2a: Gallade|Knock Off|p1a: Comfey
|-resisted|p1a: Comfey
|-damage|p1a: Comfey|45/100
|-enditem|p1a: Comfey|Choice Specs|[from] move: Knock Off|[of] p2a: Gallade
|
|-weather|Sandstorm|[upkeep]
|-damage|p2a: Gallade|63/100|[from] Sandstorm
|-damage|p1a: Comfey|39/100|[from] Sandstorm
|upkeep
|turn|10
|
|t:|1661265095
|switch|p2a: Charizard|Charizard, M, shiny|94/100
|move|p1a: Comfey|Draining Kiss|p2a: Charizard
|-resisted|p2a: Charizard
|-damage|p2a: Charizard|82/100
|-heal|p1a: Comfey|50/100|[from] drain|[of] p2a: Charizard
|
|-weather|Sandstorm|[upkeep]
|-damage|p1a: Comfey|44/100|[from] Sandstorm
|-damage|p2a: Charizard|76/100|[from] Sandstorm
|upkeep
|turn|11
|
|t:|1661265100
|move|p2a: Charizard|Fire Blast|p1a: Comfey
|-damage|p1a: Comfey|0 fnt
|faint|p1a: Comfey
|
|-weather|none
|upkeep
|
|t:|1661265106
|switch|p1a: Gigalith|Gigalith, M|72/100
|-damage|p1a: Gigalith|60/100|[from] Stealth Rock
|-damage|p1a: Gigalith|43/100|[from] Spikes
|-weather|Sandstorm|[from] ability: Sand Stream|[of] p1a: Gigalith
|turn|12
|
|t:|1661265122
|switch|p2a: Quagsire|Quagsire, M|100/100
|-damage|p2a: Quagsire|76/100|[from] Spikes
|-damage|p2a: Quagsire|70/100|[from] Stealth Rock
|move|p1a: Gigalith|Rock Blast|p2a: Quagsire
|-resisted|p2a: Quagsire
|-damage|p2a: Quagsire|66/100
|-resisted|p2a: Quagsire
|-damage|p2a: Quagsire|62/100
|-resisted|p2a: Quagsire
|-damage|p2a: Quagsire|58/100
|-resisted|p2a: Quagsire
|-damage|p2a: Quagsire|54/100
|-hitcount|p2a: Quagsire|4
|
|-weather|Sandstorm|[upkeep]
|-heal|p1a: Gigalith|49/100|[from] item: Leftovers
|upkeep
|turn|13
|
|t:|1661265127
|switch|p1a: Lilligant|Lilligant, F|100/100
|-damage|p1a: Lilligant|88/100|[from] Stealth Rock
|-damage|p1a: Lilligant|72/100|[from] Spikes
|move|p2a: Quagsire|Recover|p2a: Quagsire
|-heal|p2a: Quagsire|100/100
|
|-weather|Sandstorm|[upkeep]
|-damage|p1a: Lilligant|66/100|[from] Sandstorm
|upkeep
|turn|14
|
|t:|1661265134
|move|p1a: Lilligant|Sleep Powder|p2a: Quagsire
|-status|p2a: Quagsire|slp|[from] move: Sleep Powder
|cant|p2a: Quagsire|slp
|
|-weather|Sandstorm|[upkeep]
|-damage|p1a: Lilligant|60/100|[from] Sandstorm
|upkeep
|turn|15
|
|t:|1661265140
|switch|p2a: Charizard|Charizard, M, shiny|76/100
|move|p1a: Lilligant|Giga Drain|p2a: Charizard
|-resisted|p2a: Charizard
|-crit|p2a: Charizard
|-damage|p2a: Charizard|52/100
|-heal|p1a: Lilligant|72/100|[from] drain|[of] p2a: Charizard
|-damage|p1a: Lilligant|62/100|[from] item: Life Orb
|
|-weather|Sandstorm|[upkeep]
|-damage|p2a: Charizard|46/100|[from] Sandstorm
|-damage|p1a: Lilligant|56/100|[from] Sandstorm
|upkeep
|turn|16
|
|t:|1661265145
|switch|p1a: Charizard|Charizard, M|94/100
|move|p2a: Charizard|Roost|p2a: Charizard
|-heal|p2a: Charizard|96/100
|-singleturn|p2a: Charizard|move: Roost
|
|-weather|none
|upkeep
|turn|17
|
|t:|1661265156
|switch|p2a: Gigalith|Gigalith, M, shiny|99/100
|-damage|p2a: Gigalith|74/100|[from] Spikes
|-damage|p2a: Gigalith|62/100|[from] Stealth Rock
|-weather|Sandstorm|[from] ability: Sand Stream|[of] p2a: Gigalith
|move|p1a: Charizard|Hurricane|p2a: Gigalith
|-resisted|p2a: Gigalith
|-damage|p2a: Gigalith|48/100
|
|-weather|Sandstorm|[upkeep]
|-damage|p1a: Charizard|88/100|[from] Sandstorm
|-heal|p2a: Gigalith|55/100|[from] item: Leftovers
|upkeep
|turn|18
|
|t:|1661265159
|switch|p1a: Lilligant|Lilligant, F|56/100
|-damage|p1a: Lilligant|44/100|[from] Stealth Rock
|-damage|p1a: Lilligant|28/100|[from] Spikes
|move|p2a: Gigalith|Rock Blast|p1a: Lilligant
|-crit|p1a: Lilligant
|-damage|p1a: Lilligant|1/100
|-damage|p1a: Lilligant|0 fnt
|faint|p1a: Lilligant
|-hitcount|p1: Lilligant|2
|
|-weather|Sandstorm|[upkeep]
|-heal|p2a: Gigalith|61/100|[from] item: Leftovers
|upkeep
|
|t:|1661265165
|switch|p1a: Togedemaru|Togedemaru, M|100/100
|-damage|p1a: Togedemaru|95/100|[from] Stealth Rock
|-damage|p1a: Togedemaru|78/100|[from] Spikes
|turn|19
|inactive|PULT4T2 Huargensy has 120 seconds left.
|
|t:|1661265196
|move|p1a: Togedemaru|Iron Head|p2a: Gigalith
|-supereffective|p2a: Gigalith
|-damage|p2a: Gigalith|18/100
|move|p2a: Gigalith|Earthquake|p1a: Togedemaru
|-supereffective|p1a: Togedemaru
|-damage|p1a: Togedemaru|0 fnt
|faint|p1a: Togedemaru
|
|-weather|Sandstorm|[upkeep]
|-heal|p2a: Gigalith|25/100|[from] item: Leftovers
|upkeep
|inactive|PlusC1028483 has 120 seconds left.
|
|t:|1661265228
|switch|p1a: Ferroseed|Ferroseed, F|88/100
|-damage|p1a: Ferroseed|82/100|[from] Stealth Rock
|-damage|p1a: Ferroseed|66/100|[from] Spikes
|turn|20
|inactive|PULT4T2 Huargensy has 120 seconds left.
|
|t:|1661265253
|switch|p2a: Charizard|Charizard, M, shiny|96/100
|move|p1a: Ferroseed|Leech Seed|p2a: Charizard
|-start|p2a: Charizard|move: Leech Seed
|
|-weather|Sandstorm|[upkeep]
|-damage|p2a: Charizard|90/100|[from] Sandstorm
|-damage|p2a: Charizard|78/100|[from] Leech Seed|[of] p1a: Ferroseed
|-heal|p1a: Ferroseed|78/100|[silent]
|upkeep
|turn|21
|
|t:|1661265256
|move|p1a: Ferroseed|Protect|p1a: Ferroseed
|-singleturn|p1a: Ferroseed|Protect
|move|p2a: Charizard|Fire Blast|p1a: Ferroseed
|-activate|p1a: Ferroseed|move: Protect
|
|-weather|none
|-damage|p2a: Charizard|65/100|[from] Leech Seed|[of] p1a: Ferroseed
|-heal|p1a: Ferroseed|91/100|[silent]
|upkeep
|turn|22
|inactive|PlusC1028483 has 120 seconds left.
|inactive|PlusC1028483 has 90 seconds left.
|
|t:|1661265317
|switch|p1a: Gigalith|Gigalith, M|49/100
|-damage|p1a: Gigalith|37/100|[from] Stealth Rock
|-damage|p1a: Gigalith|20/100|[from] Spikes
|-weather|Sandstorm|[from] ability: Sand Stream|[of] p1a: Gigalith
|move|p2a: Charizard|Fire Blast|p1a: Gigalith
|-resisted|p1a: Gigalith
|-damage|p1a: Gigalith|8/100
|-status|p1a: Gigalith|brn
|
|-weather|Sandstorm|[upkeep]
|-damage|p2a: Charizard|59/100|[from] Sandstorm
|-heal|p1a: Gigalith|14/100 brn|[from] item: Leftovers
|-damage|p2a: Charizard|47/100|[from] Leech Seed|[of] p1a: Gigalith
|-heal|p1a: Gigalith|24/100 brn|[silent]
|-damage|p1a: Gigalith|18/100 brn|[from] brn
|upkeep
|turn|23
|inactive|PULT4T2 Huargensy has 120 seconds left.
|
|t:|1661265353
|move|p2a: Charizard|Fire Blast|p1a: Gigalith
|-resisted|p1a: Gigalith
|-damage|p1a: Gigalith|6/100 brn
|move|p1a: Gigalith|Rock Blast|p2a: Charizard
|-supereffective|p2a: Charizard
|-damage|p2a: Charizard|18/100
|-supereffective|p2a: Charizard
|-damage|p2a: Charizard|0 fnt
|faint|p2a: Charizard
|-hitcount|p2: Charizard|2
|
|-weather|Sandstorm|[upkeep]
|-heal|p1a: Gigalith|12/100 brn|[from] item: Leftovers
|-damage|p1a: Gigalith|6/100 brn|[from] brn
|upkeep
|
|t:|1661265364
|switch|p2a: Quagsire|Quagsire, M|100/100 slp
|-damage|p2a: Quagsire|76/100 slp|[from] Spikes
|-damage|p2a: Quagsire|70/100 slp|[from] Stealth Rock
|turn|24
|inactive|PlusC1028483 has 90 seconds left.
|
|t:|1661265389
|switch|p1a: Ferroseed|Ferroseed, F|91/100
|-damage|p1a: Ferroseed|85/100|[from] Stealth Rock
|-damage|p1a: Ferroseed|68/100|[from] Spikes
|-curestatus|p2a: Quagsire|slp|[msg]
|move|p2a: Quagsire|Recover|p2a: Quagsire
|-heal|p2a: Quagsire|100/100
|
|-weather|Sandstorm|[upkeep]
|upkeep
|turn|25
|l|☆PULT4T2 Huargensy
|inactive|PULT4T2 Huargensy disconnected and has a minute to reconnect!
|player|p2|
|j|☆PULT4T2 Huargensy
|inactive|PULT4T2 Huargensy reconnected and has 85 seconds left.
|player|p2|PULT4T2 Huargensy|lucas
|
|t:|1661265436
|switch|p2a: Gigalith|Gigalith, M, shiny|25/100
|-damage|p2a: Gigalith|0 fnt|[from] Spikes
|faint|p2a: Gigalith
|move|p1a: Ferroseed|Leech Seed|p2: Gigalith|[notarget]
|-fail|p1a: Ferroseed
|
|-weather|Sandstorm|[upkeep]
|upkeep
|inactive|PULT4T2 Huargensy has 60 seconds left.
|
|t:|1661265465
|switch|p2a: Gallade|Gallade, M, shiny|63/100
|-damage|p2a: Gallade|38/100|[from] Spikes
|-damage|p2a: Gallade|32/100|[from] Stealth Rock
|turn|26
|
|t:|1661265476
|move|p1a: Ferroseed|Protect|p1a: Ferroseed
|-singleturn|p1a: Ferroseed|Protect
|move|p2a: Gallade|Close Combat|p1a: Ferroseed
|-activate|p1a: Ferroseed|move: Protect
|
|-weather|none
|upkeep
|turn|27
|inactive|PULT4T2 Huargensy has 60 seconds left.
|
|t:|1661265508
|switch|p1a: Charizard|Charizard, M|88/100
|move|p2a: Gallade|Close Combat|p1a: Charizard
|-resisted|p1a: Charizard
|-damage|p1a: Charizard|44/100
|-unboost|p2a: Gallade|def|1
|-unboost|p2a: Gallade|spd|1
|
|upkeep
|turn|28
|
|t:|1661265514
|switch|p2a: Quagsire|Quagsire, M|100/100
|-damage|p2a: Quagsire|76/100|[from] Spikes
|-damage|p2a: Quagsire|70/100|[from] Stealth Rock
|move|p1a: Charizard|Roost|p1a: Charizard
|-heal|p1a: Charizard|94/100
|-singleturn|p1a: Charizard|move: Roost
|
|upkeep
|turn|29
|inactive|PULT4T2 Huargensy has 60 seconds left.
|
|t:|1661265519
|move|p1a: Charizard|Hurricane|p2a: Quagsire|[miss]
|-miss|p1a: Charizard|p2a: Quagsire
|move|p2a: Quagsire|Scald|p1a: Charizard
|-supereffective|p1a: Charizard
|-damage|p1a: Charizard|46/100
|
|upkeep
|turn|30
|
|t:|1661265523
|move|p1a: Charizard|Roost|p1a: Charizard
|-heal|p1a: Charizard|96/100
|-singleturn|p1a: Charizard|move: Roost
|move|p2a: Quagsire|Toxic|p1a: Charizard
|-status|p1a: Charizard|tox
|
|-damage|p1a: Charizard|90/100 tox|[from] psn
|upkeep
|turn|31
|
|t:|1661265529
|switch|p1a: Ferroseed|Ferroseed, F|68/100
|-damage|p1a: Ferroseed|62/100|[from] Stealth Rock
|-damage|p1a: Ferroseed|46/100|[from] Spikes
|move|p2a: Quagsire|Recover|p2a: Quagsire
|-heal|p2a: Quagsire|100/100
|
|upkeep
|turn|32
|
|t:|1661265535
|move|p2a: Quagsire|Earthquake|p1a: Ferroseed
|-damage|p1a: Ferroseed|28/100
|move|p1a: Ferroseed|Leech Seed|p2a: Quagsire|[miss]
|-miss|p1a: Ferroseed|p2a: Quagsire
|
|upkeep
|turn|33
|
|t:|1661265538
|switch|p2a: Ferroseed|Ferroseed, F, shiny|89/100
|-damage|p2a: Ferroseed|64/100|[from] Spikes
|-damage|p2a: Ferroseed|58/100|[from] Stealth Rock
|move|p1a: Ferroseed|Leech Seed|p2a: Ferroseed
|-immune|p2a: Ferroseed
|
|upkeep
|turn|34
|
|t:|1661265550
|switch|p1a: Gigalith|Gigalith, M|6/100 brn
|-damage|p1a: Gigalith|0 fnt|[from] Stealth Rock
|faint|p1a: Gigalith
|move|p2a: Ferroseed|Leech Seed|p1: Gigalith|[notarget]
|-fail|p2a: Ferroseed
|
|upkeep
|
|t:|1661265556
|switch|p1a: Charizard|Charizard, M|90/100 tox
|turn|35
|
|t:|1661265560
|switch|p2a: Weezing|Weezing, M, shiny|100/100
|-damage|p2a: Weezing|88/100|[from] Stealth Rock
|move|p1a: Charizard|Fire Blast|p2a: Weezing
|-damage|p2a: Weezing|21/100
|
|-heal|p2a: Weezing|27/100|[from] item: Black Sludge
|-damage|p1a: Charizard|84/100 tox|[from] psn
|upkeep
|turn|36
|
|t:|1661265562
|move|p1a: Charizard|Fire Blast|p2a: Weezing
|-damage|p2a: Weezing|0 fnt
|faint|p2a: Weezing
|
|-damage|p1a: Charizard|72/100 tox|[from] psn
|upkeep
|
|t:|1661265563
|switch|p2a: Quagsire|Quagsire, M|100/100
|-damage|p2a: Quagsire|76/100|[from] Spikes
|-damage|p2a: Quagsire|70/100|[from] Stealth Rock
|turn|37
|
|t:|1661265566
|move|p1a: Charizard|Hurricane|p2a: Quagsire|[miss]
|-miss|p1a: Charizard|p2a: Quagsire
|move|p2a: Quagsire|Scald|p1a: Charizard
|-supereffective|p1a: Charizard
|-damage|p1a: Charizard|30/100 tox
|
|-damage|p1a: Charizard|12/100 tox|[from] psn
|upkeep
|turn|38
|
|t:|1661265568
|move|p1a: Charizard|Hurricane|p2a: Quagsire
|-damage|p2a: Quagsire|10/100
|-start|p2a: Quagsire|confusion
|-activate|p2a: Quagsire|confusion
|move|p2a: Quagsire|Scald|p1a: Charizard
|-supereffective|p1a: Charizard
|-damage|p1a: Charizard|0 fnt
|faint|p1a: Charizard
|
|upkeep
|
|t:|1661265571
|switch|p1a: Ferroseed|Ferroseed, F|28/100
|-damage|p1a: Ferroseed|22/100|[from] Stealth Rock
|-damage|p1a: Ferroseed|5/100|[from] Spikes
|turn|39
|
|t:|1661265594
|-activate|p2a: Quagsire|confusion
|move|p2a: Quagsire|Earthquake|p1a: Ferroseed
|-damage|p1a: Ferroseed|0 fnt
|faint|p1a: Ferroseed
|
|win|PULT4T2 Huargensy
|raw|PlusC1028483's rating: 1351 &rarr; <strong>1338</strong><br />(-13 for losing)
|raw|PULT4T2 Huargensy's rating: 1470 &rarr; <strong>1483</strong><br />(+13 for winning)
|l|☆PlusC1028483
|l|☆PULT4T2 Huargensy
||Ladder isn't responding, score probably updated but might not have (Request timeout).
