|j|☆PULT4C1 Gomure
|j|☆pult4c1eifo
|t:|1660988219
|gametype|singles
|player|p1|PULT4C1 Gomure|aaron|1287
|player|p2|pult4c1eifo|#ssdivmambas|1642
|teamsize|p1|6
|teamsize|p2|6
|gen|8
|tier|[Gen 8] PU
|rated|
|rule|Sleep Clause Mod: Limit one foe put to sleep
|rule|Species Clause: Limit one of each Pokémon
|rule|OHKO Clause: OHKO moves are banned
|rule|Evasion Items Clause: Evasion items are banned
|rule|Evasion Moves Clause: Evasion moves are banned
|rule|Endless Battle Clause: Forcing endless battles is banned
|rule|HP Percentage Mod: HP is shown in percentages
|rule|Dynamax Clause: You cannot dynamax
|clearpoke
|poke|p1|Silvally-*|
|poke|p1|Centiskorch, F|
|poke|p1|Ferroseed, M|
|poke|p1|Quagsire, F|
|poke|p1|Aromatisse, F|
|poke|p1|Aurorus, F|
|poke|p2|Scyther, M|
|poke|p2|Jellicent, F|
|poke|p2|Audino, F|
|poke|p2|Sandslash, M|
|poke|p2|Aggron, F|
|poke|p2|Comfey, F|
|teampreview
|c|☆PULT4C1 Gomure|hf :)
|c|☆pult4c1eifo|u2
|
|t:|1660988280
|start
|switch|p1a: Ferroseed|Ferroseed, M|100/100
|switch|p2a: Scyther|Scyther, M|100/100
|turn|1
|
|t:|1660988295
|move|p2a: Scyther|U-turn|p1a: Ferroseed
|-damage|p1a: Ferroseed|80/100
|-damage|p2a: Scyther|88/100|[from] ability: Iron Barbs|[of] p1a: Ferroseed
|
|t:|1660988298
|switch|p2a: Audino|Audino, F|100/100|[from]move: U-turn
|move|p1a: Ferroseed|Knock Off|p2a: Audino
|-damage|p2a: Audino|88/100
|-enditem|p2a: Audino|Heavy-Duty Boots|[from] move: Knock Off|[of] p1a: Ferroseed
|
|upkeep
|turn|2
|
|t:|1660988309
|switch|p1a: Aromatisse|Aromatisse, F|100/100
|move|p2a: Audino|Knock Off|p1a: Aromatisse
|-resisted|p1a: Aromatisse
|-damage|p1a: Aromatisse|92/100
|-enditem|p1a: Aromatisse|Leftovers|[from] move: Knock Off|[of] p2a: Audino
|
|upkeep
|turn|3
|
|t:|1660988314
|switch|p2a: Aggron|Aggron, F|100/100
|move|p1a: Aromatisse|Wish|p1a: Aromatisse
|
|upkeep
|turn|4
|
|t:|1660988322
|switch|p1a: Quagsire|Quagsire, F|100/100
|move|p2a: Aggron|Stealth Rock|p1a: Quagsire
|-sidestart|p1: PULT4C1 Gomure|move: Stealth Rock
|
|upkeep
|turn|5
|j| Moontalks
|
|t:|1660988349
|switch|p2a: Audino|Audino, F|100/100
|move|p1a: Quagsire|Toxic|p2a: Audino
|-status|p2a: Audino|tox
|
|-damage|p2a: Audino|94/100 tox|[from] psn
|upkeep
|turn|6
|
|t:|1660988372
|switch|p1a: Ferroseed|Ferroseed, M|80/100
|-damage|p1a: Ferroseed|73/100|[from] Stealth Rock
|move|p2a: Audino|Wish|p2a: Audino
|
|-damage|p2a: Audino|82/100 tox|[from] psn
|upkeep
|turn|7
|
|t:|1660988377
|move|p2a: Audino|Knock Off|p1a: Ferroseed
|-damage|p1a: Ferroseed|65/100
|-damage|p2a: Audino|70/100 tox|[from] ability: Iron Barbs|[of] p1a: Ferroseed
|-enditem|p1a: Ferroseed|Eviolite|[from] move: Knock Off|[of] p2a: Audino
|move|p1a: Ferroseed|Spikes|p2a: Audino
|-sidestart|p2: pult4c1eifo|Spikes
|
|-heal|p2a: Audino|100/100 tox|[from] move: Wish|[wisher] Audino
|-damage|p2a: Audino|82/100 tox|[from] psn
|upkeep
|turn|8
|
|t:|1660988384
|switch|p2a: Scyther|Scyther, M|88/100
|move|p1a: Ferroseed|Leech Seed|p2a: Scyther
|-start|p2a: Scyther|move: Leech Seed
|
|-damage|p2a: Scyther|76/100|[from] Leech Seed|[of] p1a: Ferroseed
|-heal|p1a: Ferroseed|77/100|[silent]
|upkeep
|turn|9
|
|t:|1660988392
|move|p2a: Scyther|U-turn|p1a: Ferroseed
|-damage|p1a: Ferroseed|47/100
|-damage|p2a: Scyther|63/100|[from] ability: Iron Barbs|[of] p1a: Ferroseed
|
|t:|1660988398
|switch|p2a: Sandslash|Sandslash, M|100/100|[from]move: U-turn
|-damage|p2a: Sandslash|88/100|[from] Spikes
|move|p1a: Ferroseed|Knock Off|p2a: Sandslash
|-damage|p2a: Sandslash|78/100
|-enditem|p2a: Sandslash|Leftovers|[from] move: Knock Off|[of] p1a: Ferroseed
|
|upkeep
|turn|10
|
|t:|1660988406
|switch|p1a: Quagsire|Quagsire, F|100/100
|move|p2a: Sandslash|Earthquake|p1a: Quagsire
|-damage|p1a: Quagsire|78/100
|
|upkeep
|turn|11
|
|t:|1660988427
|switch|p2a: Audino|Audino, F|100/100 tox
|-damage|p2a: Audino|88/100 tox|[from] Spikes
|move|p1a: Quagsire|Toxic|p2a: Audino
|-fail|p2a: Audino|tox
|
|-damage|p2a: Audino|82/100 tox|[from] psn
|upkeep
|turn|12
|
|t:|1660988442
|switch|p1a: Aromatisse|Aromatisse, F|92/100
|-damage|p1a: Aromatisse|80/100|[from] Stealth Rock
|move|p2a: Audino|Toxic|p1a: Aromatisse
|-status|p1a: Aromatisse|tox
|
|-damage|p2a: Audino|70/100 tox|[from] psn
|-damage|p1a: Aromatisse|74/100 tox|[from] psn
|upkeep
|turn|13
|
|t:|1660988457
|switch|p2a: Aggron|Aggron, F|100/100
|-damage|p2a: Aggron|88/100|[from] Spikes
|move|p1a: Aromatisse|Wish|p1a: Aromatisse
|
|-heal|p2a: Aggron|94/100|[from] item: Leftovers
|-damage|p1a: Aromatisse|61/100 tox|[from] psn
|upkeep
|turn|14
|
|t:|1660988465
|switch|p1a: Quagsire|Quagsire, F|78/100
|move|p2a: Aggron|Head Smash|p1a: Quagsire
|-resisted|p1a: Quagsire
|-damage|p1a: Quagsire|60/100
|
|-heal|p1a: Quagsire|100/100|[from] move: Wish|[wisher] Aromatisse
|-heal|p2a: Aggron|99/100|[from] item: Leftovers
|upkeep
|turn|15
|
|t:|1660988476
|switch|p2a: Scyther|Scyther, M|63/100
|move|p1a: Quagsire|Earthquake|p2a: Scyther
|-immune|p2a: Scyther
|
|upkeep
|turn|16
|
|t:|1660988502
|move|p2a: Scyther|Knock Off|p1a: Quagsire
|-damage|p1a: Quagsire|80/100
|-enditem|p1a: Quagsire|Heavy-Duty Boots|[from] move: Knock Off|[of] p2a: Scyther
|move|p1a: Quagsire|Liquidation|p2a: Scyther
|-damage|p2a: Scyther|24/100
|
|upkeep
|turn|17
|
|t:|1660988514
|move|p2a: Scyther|Roost|p2a: Scyther
|-heal|p2a: Scyther|74/100
|-singleturn|p2a: Scyther|move: Roost
|move|p1a: Quagsire|Liquidation|p2a: Scyther
|-damage|p2a: Scyther|33/100
|
|upkeep
|turn|18
|
|t:|1660988518
|move|p2a: Scyther|Roost|p2a: Scyther
|-heal|p2a: Scyther|83/100
|-singleturn|p2a: Scyther|move: Roost
|move|p1a: Quagsire|Liquidation|p2a: Scyther
|-damage|p2a: Scyther|47/100
|
|upkeep
|turn|19
|l| Moontalks
|
|t:|1660988523
|move|p2a: Scyther|Roost|p2a: Scyther
|-heal|p2a: Scyther|97/100
|-singleturn|p2a: Scyther|move: Roost
|move|p1a: Quagsire|Liquidation|p2a: Scyther
|-damage|p2a: Scyther|61/100
|-unboost|p2a: Scyther|def|1
|
|upkeep
|turn|20
|
|t:|1660988527
|move|p2a: Scyther|U-turn|p1a: Quagsire
|-damage|p1a: Quagsire|58/100
|
|t:|1660988529
|switch|p2a: Audino|Audino, F|100/100 tox|[from]move: U-turn
|-damage|p2a: Audino|88/100 tox|[from] Spikes
|move|p1a: Quagsire|Liquidation|p2a: Audino
|-damage|p2a: Audino|65/100 tox
|
|-damage|p2a: Audino|59/100 tox|[from] psn
|upkeep
|turn|21
|
|t:|1660988540
|switch|p2a: Scyther|Scyther, M|61/100
|move|p1a: Quagsire|Recover|p1a: Quagsire
|-heal|p1a: Quagsire|100/100
|
|upkeep
|turn|22
|
|t:|1660988552
|move|p2a: Scyther|U-turn|p1a: Quagsire
|-damage|p1a: Quagsire|77/100
|
|t:|1660988554
|switch|p2a: Audino|Audino, F|92/100 tox|[from]move: U-turn
|-damage|p2a: Audino|80/100 tox|[from] Spikes
|move|p1a: Quagsire|Toxic|p2a: Audino
|-fail|p2a: Audino|tox
|
|-damage|p2a: Audino|74/100 tox|[from] psn
|upkeep
|turn|23
|
|t:|1660988559
|move|p2a: Audino|Toxic|p1a: Quagsire
|-status|p1a: Quagsire|tox
|move|p1a: Quagsire|Liquidation|p2a: Audino
|-damage|p2a: Audino|48/100 tox
|
|-damage|p2a: Audino|36/100 tox|[from] psn
|-damage|p1a: Quagsire|71/100 tox|[from] psn
|upkeep
|turn|24
|
|t:|1660988563
|switch|p2a: Scyther|Scyther, M|61/100
|switch|p1a: Aromatisse|Aromatisse, F|61/100 tox
|-damage|p1a: Aromatisse|49/100 tox|[from] Stealth Rock
|
|-damage|p1a: Aromatisse|43/100 tox|[from] psn
|upkeep
|turn|25
|
|t:|1660988567
|move|p2a: Scyther|Dual Wingbeat|p1a: Aromatisse
|-crit|p1a: Aromatisse
|-damage|p1a: Aromatisse|0 fnt
|faint|p1a: Aromatisse
|-hitcount|p1: Aromatisse|1
|
|upkeep
|
|t:|1660988577
|switch|p1a: Aurorus|Aurorus, F|100/100
|-damage|p1a: Aurorus|76/100|[from] Stealth Rock
|turn|26
|
|t:|1660988584
|move|p2a: Scyther|U-turn|p1a: Aurorus
|-damage|p1a: Aurorus|35/100
|
|t:|1660988605
|switch|p2a: Sandslash|Sandslash, M|78/100|[from]move: U-turn
|-damage|p2a: Sandslash|65/100|[from] Spikes
|move|p1a: Aurorus|Rock Polish|p1a: Aurorus
|-boost|p1a: Aurorus|spe|2
|
|upkeep
|turn|27
|
|t:|1660988617
|move|p1a: Aurorus|Hyper Voice|p2a: Sandslash
|-supereffective|p2a: Sandslash
|-damage|p2a: Sandslash|0 fnt
|faint|p2a: Sandslash
|-enditem|p1a: Aurorus|Throat Spray
|-boost|p1a: Aurorus|spa|1|[from] item: Throat Spray
|
|upkeep
|
|t:|1660988619
|switch|p2a: Comfey|Comfey, F|100/100
|-damage|p2a: Comfey|88/100|[from] Spikes
|turn|28
|
|t:|1660988626
|move|p2a: Comfey|Giga Drain|p1a: Aurorus
|-supereffective|p1a: Aurorus
|-damage|p1a: Aurorus|0 fnt
|-heal|p2a: Comfey|100/100|[from] drain|[of] p1a: Aurorus
|faint|p1a: Aurorus
|-damage|p2a: Comfey|91/100|[from] item: Life Orb
|
|upkeep
|
|t:|1660988646
|switch|p1a: Centiskorch|Centiskorch, F|100/100
|turn|29
|
|t:|1660988701
|switch|p2a: Audino|Audino, F|69/100 tox
|-damage|p2a: Audino|57/100 tox|[from] Spikes
|move|p1a: Centiskorch|Power Whip|p2a: Audino
|-damage|p2a: Audino|28/100 tox
|
|-damage|p2a: Audino|22/100 tox|[from] psn
|upkeep
|turn|30
|
|t:|1660988707
|move|p1a: Centiskorch|Fire Lash|p2a: Audino
|-damage|p2a: Audino|0 fnt
|faint|p2a: Audino
|
|upkeep
|
|t:|1660988709
|switch|p2a: Scyther|Scyther, M|61/100
|turn|31
|
|t:|1660988716
|switch|p1a: Ferroseed|Ferroseed, M|47/100
|-damage|p1a: Ferroseed|41/100|[from] Stealth Rock
|move|p2a: Scyther|Dual Wingbeat|p1a: Ferroseed
|-damage|p1a: Ferroseed|15/100
|-damage|p2a: Scyther|49/100|[from] ability: Iron Barbs|[of] p1a: Ferroseed
|-damage|p1a: Ferroseed|0 fnt
|-damage|p2a: Scyther|36/100|[from] ability: Iron Barbs|[of] p1a: Ferroseed
|faint|p1a: Ferroseed
|-hitcount|p1: Ferroseed|2
|
|upkeep
|
|t:|1660988720
|switch|p1a: Quagsire|Quagsire, F|71/100 tox
|-damage|p1a: Quagsire|64/100 tox|[from] Stealth Rock
|turn|32
|
|t:|1660988725
|move|p2a: Scyther|Roost|p2a: Scyther
|-heal|p2a: Scyther|87/100
|-singleturn|p2a: Scyther|move: Roost
|move|p1a: Quagsire|Recover|p1a: Quagsire
|-heal|p1a: Quagsire|100/100 tox
|
|-damage|p1a: Quagsire|94/100 tox|[from] psn
|upkeep
|turn|33
|
|t:|1660988730
|move|p2a: Scyther|Dual Wingbeat|p1a: Quagsire
|-damage|p1a: Quagsire|74/100 tox
|-damage|p1a: Quagsire|54/100 tox
|-hitcount|p1a: Quagsire|2
|move|p1a: Quagsire|Toxic|p2a: Scyther
|-status|p2a: Scyther|tox
|
|-damage|p2a: Scyther|81/100 tox|[from] psn
|-damage|p1a: Quagsire|42/100 tox|[from] psn
|upkeep
|turn|34
|
|t:|1660988734
|move|p2a: Scyther|Dual Wingbeat|p1a: Quagsire|[miss]
|-miss|p2a: Scyther|p1a: Quagsire
|move|p1a: Quagsire|Recover|p1a: Quagsire
|-heal|p1a: Quagsire|92/100 tox
|
|-damage|p2a: Scyther|68/100 tox|[from] psn
|-damage|p1a: Quagsire|74/100 tox|[from] psn
|upkeep
|turn|35
|
|t:|1660988740
|move|p2a: Scyther|U-turn|p1a: Quagsire
|-damage|p1a: Quagsire|52/100 tox
|
|t:|1660988744
|switch|p2a: Jellicent|Jellicent, F|100/100|[from]move: U-turn
|-damage|p2a: Jellicent|88/100|[from] Spikes
|move|p1a: Quagsire|Recover|p1a: Quagsire
|-heal|p1a: Quagsire|100/100 tox
|
|-damage|p1a: Quagsire|76/100 tox|[from] psn
|upkeep
|turn|36
|
|t:|1660988754
|switch|p2a: Scyther|Scyther, M|68/100 tox
|move|p1a: Quagsire|Earthquake|p2a: Scyther
|-immune|p2a: Scyther
|
|-damage|p2a: Scyther|62/100 tox|[from] psn
|-damage|p1a: Quagsire|46/100 tox|[from] psn
|upkeep
|turn|37
|
|t:|1660988765
|move|p2a: Scyther|Dual Wingbeat|p1a: Quagsire
|-damage|p1a: Quagsire|28/100 tox
|-damage|p1a: Quagsire|7/100 tox
|-hitcount|p1a: Quagsire|2
|move|p1a: Quagsire|Liquidation|p2a: Scyther
|-damage|p2a: Scyther|22/100 tox
|
|-damage|p2a: Scyther|10/100 tox|[from] psn
|-damage|p1a: Quagsire|0 fnt|[from] psn
|faint|p1a: Quagsire
|upkeep
|
|t:|1660988767
|switch|p1a: Silvally|Silvally-Ghost|100/100
|-damage|p1a: Silvally|88/100|[from] Stealth Rock
|turn|38
|
|t:|1660988787
|move|p2a: Scyther|U-turn|p1a: Silvally
|-resisted|p1a: Silvally
|-damage|p1a: Silvally|71/100
|
|t:|1660988790
|switch|p2a: Aggron|Aggron, F|99/100|[from]move: U-turn
|-damage|p2a: Aggron|88/100|[from] Spikes
|move|p1a: Silvally|Swords Dance|p1a: Silvally
|-boost|p1a: Silvally|atk|2
|
|-heal|p2a: Aggron|94/100|[from] item: Leftovers
|upkeep
|turn|39
|
|t:|1660988806
|move|p1a: Silvally|Multi-Attack|p2a: Aggron
|-damage|p2a: Aggron|34/100
|move|p2a: Aggron|Head Smash|p1a: Silvally
|-damage|p1a: Silvally|14/100
|
|-heal|p2a: Aggron|40/100|[from] item: Leftovers
|upkeep
|turn|40
|
|t:|1660988819
|switch|p2a: Comfey|Comfey, F|91/100
|-damage|p2a: Comfey|78/100|[from] Spikes
|move|p1a: Silvally|Multi-Attack|p2a: Comfey
|-damage|p2a: Comfey|0 fnt
|faint|p2a: Comfey
|
|upkeep
|
|t:|1660988821
|switch|p2a: Scyther|Scyther, M|10/100 tox
|turn|41
|
|t:|1660988836
|switch|p1a: Centiskorch|Centiskorch, F|100/100
|move|p2a: Scyther|Knock Off|p1a: Centiskorch
|-damage|p1a: Centiskorch|66/100
|-enditem|p1a: Centiskorch|Heavy-Duty Boots|[from] move: Knock Off|[of] p2a: Scyther
|
|-damage|p2a: Scyther|4/100 tox|[from] psn
|upkeep
|turn|42
|
|t:|1660988854
|move|p2a: Scyther|U-turn|p1a: Centiskorch
|-resisted|p1a: Centiskorch
|-damage|p1a: Centiskorch|48/100
|
|t:|1660988906
|switch|p2a: Aggron|Aggron, F|40/100|[from]move: U-turn
|-damage|p2a: Aggron|28/100|[from] Spikes
|move|p1a: Centiskorch|Power Whip|p2a: Aggron
|-damage|p2a: Aggron|9/100
|
|-heal|p2a: Aggron|15/100|[from] item: Leftovers
|upkeep
|turn|43
|
|t:|1660988914
|move|p1a: Centiskorch|Fire Lash|p2a: Aggron
|-damage|p2a: Aggron|0 fnt
|faint|p2a: Aggron
|
|upkeep
|
|t:|1660988916
|switch|p2a: Jellicent|Jellicent, F|88/100
|-damage|p2a: Jellicent|76/100|[from] Spikes
|turn|44
|
|t:|1660988925
|move|p2a: Jellicent|Scald|p1a: Centiskorch
|-supereffective|p1a: Centiskorch
|-damage|p1a: Centiskorch|17/100
|move|p1a: Centiskorch|Knock Off|p2a: Jellicent
|-supereffective|p2a: Jellicent
|-enditem|p2a: Jellicent|Colbur Berry|[eat]
|-enditem|p2a: Jellicent|Colbur Berry|[weaken]
|-damage|p2a: Jellicent|55/100
|
|upkeep
|turn|45
|c|☆pult4c1eifo|wtf
|c|☆pult4c1eifo|why are u no speed
|
|t:|1660988939
|move|p2a: Jellicent|Scald|p1a: Centiskorch
|-supereffective|p1a: Centiskorch
|-damage|p1a: Centiskorch|0 fnt
|faint|p1a: Centiskorch
|
|upkeep
|c|☆PULT4C1 Gomure|spdef
|c|☆pult4c1eifo|bruh
|
|t:|1660988944
|switch|p1a: Silvally|Silvally-Ghost|14/100
|-damage|p1a: Silvally|2/100|[from] Stealth Rock
|turn|46
|
|t:|1660988949
|move|p1a: Silvally|Multi-Attack|p2a: Jellicent
|-supereffective|p2a: Jellicent
|-damage|p2a: Jellicent|0 fnt
|faint|p2a: Jellicent
|
|upkeep
|
|t:|1660988951
|switch|p2a: Scyther|Scyther, M|4/100 tox
|turn|47
|
|t:|1660988955
|move|p2a: Scyther|Knock Off|p1a: Silvally
|-supereffective|p1a: Silvally
|-damage|p1a: Silvally|0 fnt
|faint|p1a: Silvally
|
|win|pult4c1eifo
|raw|PULT4C1 Gomure's rating: 1287 &rarr; <strong>1281</strong><br />(-6 for losing)
|raw|pult4c1eifo's rating: 1642 &rarr; <strong>1647</strong><br />(+5 for winning)
|c|☆pult4c1eifo|gg
|c|☆PULT4C1 Gomure|gg :)
|l|☆pult4c1eifo
