|j|☆kacj0
|j|☆22ncimi
|t:|1638642840
|gametype|singles
|player|p1|kacj0|li|1470
|player|p2|22ncimi|2|1430
|teamsize|p1|6
|teamsize|p2|6
|gen|8
|tier|[Gen 8] PU
|rated|
|rule|Sleep Clause Mod: Limit one foe put to sleep
|rule|Species Clause: Limit one of each Pokémon
|rule|OHKO Clause: OHKO moves are banned
|rule|Evasion Moves Clause: Evasion moves are banned
|rule|Endless Battle Clause: Forcing endless battles is banned
|rule|HP Percentage Mod: HP is shown in percentages
|rule|Dynamax Clause: You cannot dynamax
|clearpoke
|poke|p1|Falinks|
|poke|p1|Turtonator, F|
|poke|p1|Centiskorch, F|
|poke|p1|Charizard, M|
|poke|p1|Flareon, F|
|poke|p1|Magmortar, F|
|poke|p2|Aggron, M|
|poke|p2|Tsareena, F|
|poke|p2|Gigalith, M|
|poke|p2|Lycanroc, F|
|poke|p2|Lapras, M|
|poke|p2|Scyther, F|
|teampreview
|inactive|Battle timer is ON: inactive players will automatically lose when time's up. (requested by 22ncimi)
|c|☆22ncimi|mono fire with falinks?
|
|t:|1638642872
|start
|switch|p1a: Falinks|Falinks|100/100
|switch|p2a: Scyther|Scyther, F|100/100
|turn|1
|c|☆kacj0|nope
|c|☆kacj0|it's 6 cool pokemon
|
|t:|1638642887
|move|p2a: Scyther|Dual Wingbeat|p1a: Falinks
|-supereffective|p1a: Falinks
|-damage|p1a: Falinks|27/100
|-supereffective|p1a: Falinks
|-damage|p1a: Falinks|0 fnt
|faint|p1a: Falinks
|-hitcount|p1: Falinks|2
|
|upkeep
|
|t:|1638642894
|switch|p1a: Centiskorch|Centiskorch, F|100/100
|turn|2
|c|☆22ncimi|i absolutely agree
|
|t:|1638642900
|move|p2a: Scyther|Dual Wingbeat|p1a: Centiskorch
|-supereffective|p1a: Centiskorch
|-damage|p1a: Centiskorch|14/100
|-supereffective|p1a: Centiskorch
|-damage|p1a: Centiskorch|0 fnt
|faint|p1a: Centiskorch
|-hitcount|p1: Centiskorch|2
|
|upkeep
|c|☆kacj0|:)
|
|t:|1638642913
|switch|p1a: Charizard|Charizard, M|100/100
|turn|3
|
|t:|1638642918
|move|p2a: Scyther|Dual Wingbeat|p1a: Charizard
|-damage|p1a: Charizard|71/100
|-damage|p1a: Charizard|43/100
|-hitcount|p1a: Charizard|2
|move|p1a: Charizard|Dragon Dance|p1a: Charizard
|-boost|p1a: Charizard|atk|1
|-boost|p1a: Charizard|spe|1
|
|upkeep
|turn|4
|
|t:|1638642926
|move|p2a: Scyther|Dual Wingbeat|p1a: Charizard
|-damage|p1a: Charizard|16/100
|-damage|p1a: Charizard|0 fnt
|faint|p1a: Charizard
|-hitcount|p1: Charizard|2
|
|upkeep
|c|☆kacj0|it's not that cold
|
|t:|1638642936
|switch|p1a: Turtonator|Turtonator, F|100/100
|turn|5
|c|☆22ncimi|huh
|c|☆22ncimi|not that cold
|
|t:|1638642943
|move|p2a: Scyther|Dual Wingbeat|p1a: Turtonator
|-damage|p1a: Turtonator|72/100
|-damage|p1a: Turtonator|39/100
|-hitcount|p1a: Turtonator|2
|move|p1a: Turtonator|Shell Smash|p1a: Turtonator
|-unboost|p1a: Turtonator|def|1
|-unboost|p1a: Turtonator|spd|1
|-boost|p1a: Turtonator|atk|2
|-boost|p1a: Turtonator|spa|2
|-boost|p1a: Turtonator|spe|2
|-enditem|p1a: Turtonator|White Herb
|-clearnegativeboost|p1a: Turtonator|[silent]
|
|upkeep
|turn|6
|c|☆kacj0|why wear a scarf
|
|t:|1638642955
|move|p2a: Scyther|Dual Wingbeat|p1a: Turtonator
|-damage|p1a: Turtonator|9/100
|-damage|p1a: Turtonator|0 fnt
|faint|p1a: Turtonator
|-hitcount|p1: Turtonator|2
|
|upkeep
|
|t:|1638642961
|switch|p1a: Flareon|Flareon, F|100/100
|turn|7
|c|☆22ncimi|in the start just to catch galvantula and ribombee off gaurd
|c|☆22ncimi|but its pretty good imo
|c|☆kacj0|you catch me off guard!
|j| EmpressoftheElite4
|c|☆22ncimi|so i haven changed it
|inactive|22ncimi has 120 seconds left.
|
|t:|1638642993
|move|p2a: Scyther|Dual Wingbeat|p1a: Flareon
|-damage|p1a: Flareon|49/100
|-damage|p1a: Flareon|0 fnt
|faint|p1a: Flareon
|-hitcount|p1: Flareon|2
|
|upkeep
|c|☆22ncimi|yh
|
|t:|1638642998
|switch|p1a: Magmortar|Magmortar, F|100/100
|turn|8
|c|☆22ncimi|it usually does
|
|t:|1638643004
|move|p1a: Magmortar|Flamethrower|p2a: Scyther
|-supereffective|p2a: Scyther
|-damage|p2a: Scyther|0 fnt
|faint|p2a: Scyther
|
|upkeep
|
|t:|1638643008
|switch|p2a: Gigalith|Gigalith, M|100/100
|-weather|Sandstorm|[from] ability: Sand Stream|[of] p2a: Gigalith
|turn|9
|c|☆kacj0|..
|-message|kacj0 forfeited.
|
|win|22ncimi
|raw|kacj0's rating: 1470 &rarr; <strong>1448</strong><br />(-22 for losing)
|raw|22ncimi's rating: 1430 &rarr; <strong>1452</strong><br />(+22 for winning)
|c|☆22ncimi|...+
|c|☆kacj0|!
|c|☆22ncimi|wait
|c|☆22ncimi|are u my brotha
|c|☆kacj0|!
|c|☆kacj0|no
|c|☆22ncimi|ahh
|c|☆22ncimi|cya
|c|☆kacj0|sya
|l|☆22ncimi
