|html|<div class="broadcast-blue"><strong>[Gen 8] PU is currently suspecting Araquanid! For information on how to participate check out the <a href="https://www.smogon.com/forums/threads/np-pu-stage-9-itsy-bitsy-spider.3704256/">suspect thread</a>.</strong></div>
|j|☆hghishgh
|j|☆mrsoup
|t:|1657688176
|gametype|singles
|player|p1|hghishgh|zinnia|1305
|player|p2|mrsoup|waitress-gen4|1483
|teamsize|p1|6
|teamsize|p2|6
|gen|8
|tier|[Gen 8] PU
|rated|
|rule|Sleep Clause Mod: Limit one foe put to sleep
|rule|Species Clause: Limit one of each Pokémon
|rule|OHKO Clause: OHKO moves are banned
|rule|Evasion Moves Clause: Evasion moves are banned
|rule|Endless Battle Clause: Forcing endless battles is banned
|rule|HP Percentage Mod: HP is shown in percentages
|rule|Dynamax Clause: You cannot dynamax
|clearpoke
|poke|p1|Perrserker, F|
|poke|p1|Charizard, M|
|poke|p1|Jellicent, M|
|poke|p1|Absol, M|
|poke|p1|Comfey, M|
|poke|p1|Rhydon, M|
|poke|p2|Charizard, M|
|poke|p2|Araquanid, M|
|poke|p2|Aggron, M|
|poke|p2|Sandaconda, M|
|poke|p2|Whimsicott, F|
|poke|p2|Rotom-Frost|
|teampreview
|
|t:|1657688193
|start
|switch|p1a: Perrserker|Perrserker, F, shiny|100/100
|switch|p2a: Rotom|Rotom-Frost|100/100
|turn|1
|
|t:|1657688199
|move|p2a: Rotom|Volt Switch|p1a: Perrserker
|-damage|p1a: Perrserker|40/100
|
|t:|1657688203
|switch|p2a: Sandaconda|Sandaconda, M|100/100|[from]move: Volt Switch
|move|p1a: Perrserker|U-turn|p2a: Sandaconda
|-damage|p2a: Sandaconda|71/100
|-damage|p1a: Perrserker|24/100|[from] item: Rocky Helmet|[of] p2a: Sandaconda
|
|t:|1657688206
|switch|p1a: Jellicent|Jellicent, M|100/100|[from]move: U-turn
|
|upkeep
|turn|2
|
|t:|1657688240
|switch|p2a: Whimsicott|Whimsicott, F|100/100
|move|p1a: Jellicent|Toxic|p2a: Whimsicott
|-status|p2a: Whimsicott|tox
|
|-damage|p2a: Whimsicott|94/100 tox|[from] psn
|upkeep
|turn|3
|
|t:|1657688251
|switch|p1a: Perrserker|Perrserker, F, shiny|24/100
|move|p2a: Whimsicott|U-turn|p1a: Perrserker
|-resisted|p1a: Perrserker
|-damage|p1a: Perrserker|18/100
|
|t:|1657688260
|switch|p2a: Rotom|Rotom-Frost|100/100|[from]move: U-turn
|
|upkeep
|turn|4
|
|t:|1657688267
|switch|p1a: Jellicent|Jellicent, M|100/100
|move|p2a: Rotom|Volt Switch|p1a: Jellicent
|-supereffective|p1a: Jellicent
|-damage|p1a: Jellicent|40/100
|
|t:|1657688274
|switch|p2a: Whimsicott|Whimsicott, F|94/100 tox|[from]move: Volt Switch
|
|-damage|p2a: Whimsicott|88/100 tox|[from] psn
|upkeep
|turn|5
|
|t:|1657688280
|switch|p1a: Charizard|Charizard, M|100/100
|move|p2a: Whimsicott|Energy Ball|p1a: Charizard
|-resisted|p1a: Charizard
|-damage|p1a: Charizard|83/100
|
|-damage|p2a: Whimsicott|76/100 tox|[from] psn
|upkeep
|turn|6
|
|t:|1657688290
|switch|p2a: Araquanid|Araquanid, M|100/100
|move|p1a: Charizard|Fire Blast|p2a: Araquanid
|-damage|p2a: Araquanid|78/100
|
|upkeep
|turn|7
|
|t:|1657688301
|switch|p2a: Aggron|Aggron, M|100/100
|move|p1a: Charizard|Hurricane|p2a: Aggron
|-resisted|p2a: Aggron
|-damage|p2a: Aggron|79/100
|-start|p2a: Aggron|confusion
|
|upkeep
|turn|8
|
|t:|1657688310
|switch|p1a: Perrserker|Perrserker, F, shiny|18/100
|-activate|p2a: Aggron|confusion
|-damage|p2a: Aggron|70/100|[from] confusion
|
|upkeep
|turn|9
|
|t:|1657688326
|switch|p2a: Sandaconda|Sandaconda, M|71/100
|move|p1a: Perrserker|Iron Head|p2a: Sandaconda
|-damage|p2a: Sandaconda|20/100
|-damage|p1a: Perrserker|2/100|[from] item: Rocky Helmet|[of] p2a: Sandaconda
|
|upkeep
|turn|10
|
|t:|1657688334
|switch|p2a: Charizard|Charizard, M|100/100
|move|p1a: Perrserker|Iron Head|p2a: Charizard
|-resisted|p2a: Charizard
|-damage|p2a: Charizard|40/100
|
|upkeep
|turn|11
|
|t:|1657688339
|move|p2a: Charizard|Fire Blast|p1a: Perrserker
|-supereffective|p1a: Perrserker
|-damage|p1a: Perrserker|0 fnt
|faint|p1a: Perrserker
|
|upkeep
|
|t:|1657688341
|switch|p1a: Absol|Absol, M|100/100
|turn|12
|
|t:|1657688343
|move|p1a: Absol|Knock Off|p2a: Charizard
|-damage|p2a: Charizard|0 fnt
|-enditem|p2a: Charizard|Heavy-Duty Boots|[from] move: Knock Off|[of] p1a: Absol
|faint|p2a: Charizard
|
|upkeep
|
|t:|1657688347
|switch|p2a: Whimsicott|Whimsicott, F|76/100 tox
|turn|13
|
|t:|1657688350
|switch|p1a: Charizard|Charizard, M|83/100
|move|p2a: Whimsicott|U-turn|p1a: Charizard
|-resisted|p1a: Charizard
|-damage|p1a: Charizard|79/100
|
|t:|1657688356
|switch|p2a: Araquanid|Araquanid, M|78/100|[from]move: U-turn
|
|upkeep
|turn|14
|
|t:|1657688358
|switch|p1a: Jellicent|Jellicent, M|40/100
|move|p2a: Araquanid|Liquidation|p1a: Jellicent
|-heal|p1a: Jellicent|65/100|[from] ability: Water Absorb|[of] p2a: Araquanid
|
|upkeep
|turn|15
|
|t:|1657688370
|switch|p2a: Whimsicott|Whimsicott, F|76/100 tox
|move|p1a: Jellicent|Hex|p2a: Whimsicott
|-damage|p2a: Whimsicott|0 fnt
|faint|p2a: Whimsicott
|
|upkeep
|
|t:|1657688375
|switch|p2a: Rotom|Rotom-Frost|100/100
|turn|16
|
|t:|1657688380
|switch|p1a: Rhydon|Rhydon, M|100/100
|move|p2a: Rotom|Volt Switch|p1a: Rhydon
|-immune|p1a: Rhydon
|
|upkeep
|turn|17
|
|t:|1657688384
|move|p2a: Rotom|Blizzard|p1a: Rhydon
|-supereffective|p1a: Rhydon
|-damage|p1a: Rhydon|0 fnt
|faint|p1a: Rhydon
|
|upkeep
|
|t:|1657688387
|switch|p1a: Absol|Absol, M|100/100
|turn|18
|
|t:|1657688391
|switch|p2a: Sandaconda|Sandaconda, M|20/100
|move|p1a: Absol|Close Combat|p2a: Sandaconda
|-damage|p2a: Sandaconda|0 fnt
|-unboost|p1a: Absol|def|1
|-unboost|p1a: Absol|spd|1
|-damage|p1a: Absol|84/100|[from] item: Rocky Helmet|[of] p2a: Sandaconda
|faint|p2a: Sandaconda
|
|upkeep
|
|t:|1657688395
|switch|p2a: Araquanid|Araquanid, M|78/100
|turn|19
|
|t:|1657688401
|switch|p1a: Comfey|Comfey, M|100/100
|move|p2a: Araquanid|Substitute|p2a: Araquanid
|-start|p2a: Araquanid|Substitute
|-damage|p2a: Araquanid|53/100
|
|upkeep
|turn|20
|
|t:|1657688404
|move|p1a: Comfey|Calm Mind|p1a: Comfey
|-boost|p1a: Comfey|spa|1
|-boost|p1a: Comfey|spd|1
|move|p2a: Araquanid|Liquidation|p1a: Comfey
|-damage|p1a: Comfey|33/100
|-unboost|p1a: Comfey|def|1
|
|upkeep
|turn|21
|
|t:|1657688406
|move|p1a: Comfey|Draining Kiss|p2a: Araquanid
|-end|p2a: Araquanid|Substitute
|-heal|p1a: Comfey|59/100|[from] drain|[of] p2a: Araquanid
|move|p2a: Araquanid|Leech Life|p1a: Comfey
|-resisted|p1a: Comfey
|-damage|p1a: Comfey|34/100
|-heal|p2a: Araquanid|64/100|[from] drain|[of] p1a: Comfey
|
|upkeep
|turn|22
|
|t:|1657688418
|move|p1a: Comfey|Draining Kiss|p2a: Araquanid
|-damage|p2a: Araquanid|39/100
|-heal|p1a: Comfey|60/100|[from] drain|[of] p2a: Araquanid
|move|p2a: Araquanid|Liquidation|p1a: Comfey
|-damage|p1a: Comfey|0 fnt
|faint|p1a: Comfey
|
|upkeep
|
|t:|1657688421
|switch|p1a: Absol|Absol, M|84/100
|turn|23
|
|t:|1657688436
|move|p1a: Absol|Knock Off|p2a: Araquanid
|-damage|p2a: Araquanid|0 fnt
|-enditem|p2a: Araquanid|Heavy-Duty Boots|[from] move: Knock Off|[of] p1a: Absol
|faint|p2a: Araquanid
|
|upkeep
|
|t:|1657688439
|switch|p2a: Aggron|Aggron, M|70/100
|turn|24
|
|t:|1657688444
|switch|p1a: Charizard|Charizard, M|79/100
|move|p2a: Aggron|Head Smash|p1a: Charizard
|-supereffective|p1a: Charizard
|-damage|p1a: Charizard|0 fnt
|faint|p1a: Charizard
|
|upkeep
|
|t:|1657688445
|switch|p1a: Jellicent|Jellicent, M|65/100
|turn|25
|
|t:|1657688450
|switch|p2a: Rotom|Rotom-Frost|100/100
|move|p1a: Jellicent|Hydro Pump|p2a: Rotom|[miss]
|-miss|p1a: Jellicent|p2a: Rotom
|
|upkeep
|turn|26
|
|t:|1657688461
|move|p2a: Rotom|Nasty Plot|p2a: Rotom
|-boost|p2a: Rotom|spa|2
|move|p1a: Jellicent|Hex|p2a: Rotom
|-damage|p2a: Rotom|62/100
|
|upkeep
|turn|27
|
|t:|1657688467
|move|p2a: Rotom|Volt Switch|p1a: Jellicent
|-supereffective|p1a: Jellicent
|-damage|p1a: Jellicent|0 fnt
|faint|p1a: Jellicent
|
|t:|1657688471
|switch|p2a: Aggron|Aggron, M|70/100|[from]move: Volt Switch
|
|upkeep
|
|t:|1657688473
|switch|p1a: Absol|Absol, M|84/100
|turn|28
|
|t:|1657688477
|move|p1a: Absol|Close Combat|p2a: Aggron
|-supereffective|p2a: Aggron
|-damage|p2a: Aggron|0 fnt
|-unboost|p1a: Absol|def|1
|-unboost|p1a: Absol|spd|1
|faint|p2a: Aggron
|
|upkeep
|
|t:|1657688479
|switch|p2a: Rotom|Rotom-Frost|62/100
|turn|29
|
|t:|1657688481
|move|p1a: Absol|Close Combat|p2a: Rotom
|-supereffective|p2a: Rotom
|-damage|p2a: Rotom|0 fnt
|-unboost|p1a: Absol|def|1
|-unboost|p1a: Absol|spd|1
|faint|p2a: Rotom
|
|win|hghishgh
|raw|hghishgh's rating: 1305 &rarr; <strong>1334</strong><br />(+29 for winning)
|raw|mrsoup's rating: 1483 &rarr; <strong>1454</strong><br />(-29 for losing)
|c|☆mrsoup|gg
|c|☆hghishgh|gg
