|j|☆chibi tanjiro
|j|☆acluh1
|t:|1651625470
|gametype|singles
|player|p1|chibi tanjiro|preschooler|1178
|player|p2|acluh1|karen|1369
|teamsize|p1|6
|teamsize|p2|6
|gen|8
|tier|[Gen 8] PU
|rated|
|rule|Sleep Clause Mod: Limit one foe put to sleep
|rule|Species Clause: Limit one of each Pokémon
|rule|OHKO Clause: OHKO moves are banned
|rule|Evasion Moves Clause: Evasion moves are banned
|rule|Endless Battle Clause: Forcing endless battles is banned
|rule|HP Percentage Mod: HP is shown in percentages
|rule|Dynamax Clause: You cannot dynamax
|clearpoke
|poke|p1|Ribombee, M|
|poke|p1|Jellicent, F|
|poke|p1|Sandaconda, F|
|poke|p1|Perrserker, F|
|poke|p1|Charizard, F|
|poke|p1|Audino, F|
|poke|p2|Charizard, M|
|poke|p2|Ferroseed, M|
|poke|p2|Jellicent, M|
|poke|p2|Ribombee, M|
|poke|p2|Scrafty, M|
|poke|p2|Togedemaru, M|
|teampreview
|inactive|Battle timer is ON: inactive players will automatically lose when time's up. (requested by acluh1)
|
|t:|1651625487
|start
|switch|p1a: Charizard|Charizard, F, shiny|100/100
|switch|p2a: Jellicent|Jellicent, M|100/100
|turn|1
|
|t:|1651625496
|switch|p1a: Audino|Audino, F|100/100
|move|p2a: Jellicent|Scald|p1a: Audino
|-damage|p1a: Audino|85/100
|-status|p1a: Audino|brn
|
|-damage|p1a: Audino|79/100 brn|[from] brn
|upkeep
|turn|2
|
|t:|1651625504
|switch|p2a: Ferroseed|Ferroseed, M, shiny|100/100
|move|p1a: Audino|Knock Off|p2a: Ferroseed
|-damage|p2a: Ferroseed|96/100
|-damage|p1a: Audino|67/100 brn|[from] ability: Iron Barbs|[of] p2a: Ferroseed
|-enditem|p2a: Ferroseed|Eviolite|[from] move: Knock Off|[of] p1a: Audino
|
|-damage|p1a: Audino|60/100 brn|[from] brn
|upkeep
|turn|3
|
|t:|1651625511
|switch|p1a: Charizard|Charizard, F, shiny|100/100
|move|p2a: Ferroseed|Spikes|p1a: Charizard
|-sidestart|p1: chibi tanjiro|Spikes
|
|upkeep
|turn|4
|
|t:|1651625518
|switch|p2a: Jellicent|Jellicent, M|100/100
|move|p1a: Charizard|Toxic|p2a: Jellicent
|-status|p2a: Jellicent|tox
|
|-damage|p2a: Jellicent|94/100 tox|[from] psn
|upkeep
|turn|5
|
|t:|1651625524
|switch|p1a: Audino|Audino, F|94/100 brn
|move|p2a: Jellicent|Scald|p1a: Audino
|-damage|p1a: Audino|79/100 brn
|
|-damage|p2a: Jellicent|82/100 tox|[from] psn
|-damage|p1a: Audino|73/100 brn|[from] brn
|upkeep
|turn|6
|
|t:|1651625531
|switch|p2a: Scrafty|Scrafty, M|100/100
|switch|p1a: Charizard|Charizard, F, shiny|100/100
|
|upkeep
|turn|7
|
|t:|1651625541
|switch|p1a: Ribombee|Ribombee, M|100/100
|switch|p2a: Jellicent|Jellicent, M|82/100 tox
|
|-damage|p2a: Jellicent|76/100 tox|[from] psn
|upkeep
|turn|8
|
|t:|1651625555
|move|p1a: Ribombee|U-turn|p2a: Jellicent
|-resisted|p2a: Jellicent
|-damage|p2a: Jellicent|69/100 tox
|-start|p1a: Ribombee|Disable|U-turn|[from] ability: Cursed Body|[of] p2a: Jellicent
|
|t:|1651625557
|switch|p1a: Audino|Audino, F|100/100 brn|[from]move: U-turn
|move|p2a: Jellicent|Will-O-Wisp|p1a: Audino
|-fail|p1a: Audino|brn
|
|-damage|p2a: Jellicent|56/100 tox|[from] psn
|-damage|p1a: Audino|94/100 brn|[from] brn
|upkeep
|turn|9
|
|t:|1651625576
|switch|p2a: Togedemaru|Togedemaru, M|100/100
|move|p1a: Audino|Knock Off|p2a: Togedemaru
|-damage|p2a: Togedemaru|87/100
|-enditem|p2a: Togedemaru|Choice Scarf|[from] move: Knock Off|[of] p1a: Audino
|
|-damage|p1a: Audino|88/100 brn|[from] brn
|upkeep
|turn|10
|
|t:|1651625582
|move|p1a: Audino|Protect|p1a: Audino
|-singleturn|p1a: Audino|Protect
|move|p2a: Togedemaru|Iron Head|p1a: Audino
|-activate|p1a: Audino|move: Protect
|
|-damage|p1a: Audino|82/100 brn|[from] brn
|upkeep
|turn|11
|
|t:|1651625589
|switch|p2a: Charizard|Charizard, M, shiny|100/100
|switch|p1a: Sandaconda|Sandaconda, F|100/100
|-damage|p1a: Sandaconda|88/100|[from] Spikes
|
|upkeep
|turn|12
|
|t:|1651625591
|move|p2a: Charizard|Fire Blast|p1a: Sandaconda
|-damage|p1a: Sandaconda|23/100
|move|p1a: Sandaconda|Stone Edge|p2a: Charizard
|-supereffective|p2a: Charizard
|-damage|p2a: Charizard|0 fnt
|faint|p2a: Charizard
|
|upkeep
|
|t:|1651625607
|switch|p2a: Scrafty|Scrafty, M|100/100
|turn|13
|
|t:|1651625612
|switch|p1a: Ribombee|Ribombee, M|100/100
|move|p2a: Scrafty|Iron Head|p1a: Ribombee
|-supereffective|p1a: Ribombee
|-damage|p1a: Ribombee|24/100
|
|upkeep
|turn|14
|
|t:|1651625619
|switch|p2a: Ferroseed|Ferroseed, M, shiny|96/100
|move|p1a: Ribombee|Moonblast|p2a: Ferroseed
|-resisted|p2a: Ferroseed
|-damage|p2a: Ferroseed|71/100
|-unboost|p2a: Ferroseed|spa|1
|
|upkeep
|turn|15
|
|t:|1651625626
|switch|p1a: Charizard|Charizard, F, shiny|100/100
|move|p2a: Ferroseed|Leech Seed|p1a: Charizard
|-start|p1a: Charizard|move: Leech Seed
|
|-damage|p1a: Charizard|88/100|[from] Leech Seed|[of] p2a: Ferroseed
|-heal|p2a: Ferroseed|86/100|[silent]
|upkeep
|turn|16
|
|t:|1651625631
|switch|p2a: Jellicent|Jellicent, M|56/100 tox
|move|p1a: Charizard|Defog|p2a: Jellicent
|-unboost|p2a: Jellicent|evasion|1
|-sideend|p1: chibi tanjiro|Spikes|[from] move: Defog|[of] p1a: Charizard
|
|-damage|p1a: Charizard|76/100|[from] Leech Seed|[of] p2a: Jellicent
|-heal|p2a: Jellicent|67/100 tox|[silent]
|-damage|p2a: Jellicent|61/100 tox|[from] psn
|upkeep
|turn|17
|
|t:|1651625634
|switch|p1a: Jellicent|Jellicent, F|100/100
|move|p2a: Jellicent|Recover|p2a: Jellicent
|-heal|p2a: Jellicent|100/100 tox
|
|-damage|p2a: Jellicent|88/100 tox|[from] psn
|upkeep
|turn|18
|
|t:|1651625644
|switch|p2a: Ferroseed|Ferroseed, M, shiny|86/100
|move|p1a: Jellicent|Shadow Ball|p2a: Ferroseed
|-damage|p2a: Ferroseed|23/100
|-unboost|p2a: Ferroseed|spd|1
|
|upkeep
|turn|19
|
|t:|1651625646
|move|p1a: Jellicent|Shadow Ball|p2a: Ferroseed
|-damage|p2a: Ferroseed|0 fnt
|faint|p2a: Ferroseed
|
|upkeep
|
|t:|1651625648
|switch|p2a: Scrafty|Scrafty, M|100/100
|turn|20
|
|t:|1651625654
|switch|p1a: Charizard|Charizard, F, shiny|76/100
|move|p2a: Scrafty|Iron Head|p1a: Charizard
|-resisted|p1a: Charizard
|-damage|p1a: Charizard|64/100
|
|upkeep
|turn|21
|
|t:|1651625670
|switch|p2a: Togedemaru|Togedemaru, M|87/100
|move|p1a: Charizard|Mystical Fire|p2a: Togedemaru
|-supereffective|p2a: Togedemaru
|-damage|p2a: Togedemaru|0 fnt
|faint|p2a: Togedemaru
|
|upkeep
|
|t:|1651625675
|switch|p2a: Jellicent|Jellicent, M|88/100 tox
|turn|22
|
|t:|1651625683
|switch|p1a: Audino|Audino, F|100/100 brn
|move|p2a: Jellicent|Scald|p1a: Audino
|-damage|p1a: Audino|84/100 brn
|
|-damage|p2a: Jellicent|82/100 tox|[from] psn
|-damage|p1a: Audino|78/100 brn|[from] brn
|upkeep
|turn|23
|
|t:|1651625692
|switch|p2a: Scrafty|Scrafty, M|100/100
|move|p1a: Audino|Toxic|p2a: Scrafty
|-status|p2a: Scrafty|tox
|-enditem|p2a: Scrafty|Lum Berry|[eat]
|-curestatus|p2a: Scrafty|tox|[msg]
|
|-damage|p1a: Audino|71/100 brn|[from] brn
|upkeep
|turn|24
|
|t:|1651625703
|switch|p1a: Charizard|Charizard, F, shiny|64/100
|move|p2a: Scrafty|Dragon Dance|p2a: Scrafty
|-boost|p2a: Scrafty|atk|1
|-boost|p2a: Scrafty|spe|1
|
|upkeep
|turn|25
|
|t:|1651625709
|move|p2a: Scrafty|Knock Off|p1a: Charizard
|-damage|p1a: Charizard|0 fnt
|-enditem|p1a: Charizard|Heavy-Duty Boots|[from] move: Knock Off|[of] p2a: Scrafty
|faint|p1a: Charizard
|-ability|p2a: Scrafty|Moxie|boost
|-boost|p2a: Scrafty|atk|1
|
|upkeep
|
|t:|1651625714
|switch|p1a: Ribombee|Ribombee, M|24/100
|turn|26
|
|t:|1651625718
|switch|p2a: Ribombee|Ribombee, M, shiny|100/100
|move|p1a: Ribombee|Moonblast|p2a: Ribombee
|-damage|p2a: Ribombee|30/100
|
|upkeep
|turn|27
|
|t:|1651625723
|switch|p1a: Jellicent|Jellicent, F|100/100
|move|p2a: Ribombee|Moonblast|p1a: Jellicent
|-damage|p1a: Jellicent|60/100
|-unboost|p1a: Jellicent|spa|1
|
|upkeep
|turn|28
|
|t:|1651625729
|move|p2a: Ribombee|Energy Ball|p1a: Jellicent
|-supereffective|p1a: Jellicent
|-damage|p1a: Jellicent|15/100
|move|p1a: Jellicent|Shadow Ball|p2a: Ribombee
|-damage|p2a: Ribombee|0 fnt
|faint|p2a: Ribombee
|
|upkeep
|
|t:|1651625732
|switch|p2a: Scrafty|Scrafty, M|100/100
|turn|29
|
|t:|1651625736
|switch|p1a: Perrserker|Perrserker, F|100/100
|move|p2a: Scrafty|Knock Off|p1a: Perrserker
|-damage|p1a: Perrserker|49/100
|-enditem|p1a: Perrserker|Choice Band|[from] move: Knock Off|[of] p2a: Scrafty
|
|upkeep
|turn|30
|
|t:|1651625741
|move|p2a: Scrafty|Close Combat|p1a: Perrserker
|-supereffective|p1a: Perrserker
|-damage|p1a: Perrserker|0 fnt
|-unboost|p2a: Scrafty|def|1
|-unboost|p2a: Scrafty|spd|1
|faint|p1a: Perrserker
|-ability|p2a: Scrafty|Moxie|boost
|-boost|p2a: Scrafty|atk|1
|
|upkeep
|
|t:|1651625743
|switch|p1a: Ribombee|Ribombee, M|24/100
|turn|31
|
|t:|1651625744
|switch|p2a: Jellicent|Jellicent, M|82/100 tox
|move|p1a: Ribombee|Moonblast|p2a: Jellicent
|-damage|p2a: Jellicent|61/100 tox
|
|-damage|p2a: Jellicent|55/100 tox|[from] psn
|upkeep
|turn|32
|
|t:|1651625747
|switch|p2a: Scrafty|Scrafty, M|100/100
|move|p1a: Ribombee|U-turn|p2a: Scrafty
|-damage|p2a: Scrafty|86/100
|
|t:|1651625752
|switch|p1a: Jellicent|Jellicent, F|15/100|[from]move: U-turn
|
|upkeep
|turn|33
|
|t:|1651625758
|move|p2a: Scrafty|Knock Off|p1a: Jellicent
|-supereffective|p1a: Jellicent
|-damage|p1a: Jellicent|0 fnt
|-enditem|p1a: Jellicent|Choice Specs|[from] move: Knock Off|[of] p2a: Scrafty
|faint|p1a: Jellicent
|-ability|p2a: Scrafty|Moxie|boost
|-boost|p2a: Scrafty|atk|1
|
|upkeep
|
|t:|1651625761
|switch|p1a: Ribombee|Ribombee, M|24/100
|turn|34
|
|t:|1651625768
|switch|p2a: Jellicent|Jellicent, M|55/100 tox
|move|p1a: Ribombee|Moonblast|p2a: Jellicent
|-damage|p2a: Jellicent|31/100 tox
|
|-damage|p2a: Jellicent|25/100 tox|[from] psn
|upkeep
|turn|35
|
|t:|1651625771
|switch|p1a: Audino|Audino, F|100/100 brn
|move|p2a: Jellicent|Recover|p2a: Jellicent
|-heal|p2a: Jellicent|75/100 tox
|
|-damage|p2a: Jellicent|62/100 tox|[from] psn
|-damage|p1a: Audino|94/100 brn|[from] brn
|upkeep
|turn|36
|
|t:|1651625775
|switch|p2a: Scrafty|Scrafty, M|86/100
|move|p1a: Audino|Wish|p1a: Audino
|
|-damage|p1a: Audino|88/100 brn|[from] brn
|upkeep
|turn|37
|
|t:|1651625780
|move|p2a: Scrafty|Iron Head|p1a: Audino
|-damage|p1a: Audino|67/100 brn
|move|p1a: Audino|Toxic|p2a: Scrafty
|-status|p2a: Scrafty|tox
|
|-heal|p1a: Audino|100/100 brn|[from] move: Wish|[wisher] Audino
|-damage|p2a: Scrafty|80/100 tox|[from] psn
|-damage|p1a: Audino|94/100 brn|[from] brn
|upkeep
|turn|38
|
|t:|1651625784
|move|p2a: Scrafty|Dragon Dance|p2a: Scrafty
|-boost|p2a: Scrafty|atk|1
|-boost|p2a: Scrafty|spe|1
|move|p1a: Audino|Wish|p1a: Audino
|
|-damage|p2a: Scrafty|68/100 tox|[from] psn
|-damage|p1a: Audino|88/100 brn|[from] brn
|upkeep
|turn|39
|
|t:|1651625790
|switch|p1a: Sandaconda|Sandaconda, F|23/100
|move|p2a: Scrafty|Dragon Dance|p2a: Scrafty
|-boost|p2a: Scrafty|atk|1
|-boost|p2a: Scrafty|spe|1
|
|-heal|p1a: Sandaconda|82/100|[from] move: Wish|[wisher] Audino
|-damage|p2a: Scrafty|50/100 tox|[from] psn
|upkeep
|turn|40
|
|t:|1651625796
|move|p2a: Scrafty|Close Combat|p1a: Sandaconda
|-damage|p1a: Sandaconda|17/100
|-unboost|p2a: Scrafty|def|1
|-unboost|p2a: Scrafty|spd|1
|-damage|p2a: Scrafty|34/100 tox|[from] item: Rocky Helmet|[of] p1a: Sandaconda
|move|p1a: Sandaconda|Earthquake|p2a: Scrafty
|-damage|p2a: Scrafty|0 fnt
|faint|p2a: Scrafty
|
|upkeep
|
|t:|1651625800
|switch|p2a: Jellicent|Jellicent, M|62/100 tox
|turn|41
|
|t:|1651625805
|move|p1a: Sandaconda|Earthquake|p2a: Jellicent
|-damage|p2a: Jellicent|24/100 tox
|move|p2a: Jellicent|Scald|p1a: Sandaconda
|-supereffective|p1a: Sandaconda
|-damage|p1a: Sandaconda|0 fnt
|faint|p1a: Sandaconda
|
|-damage|p2a: Jellicent|17/100 tox|[from] psn
|upkeep
|
|t:|1651625808
|switch|p1a: Ribombee|Ribombee, M|24/100
|turn|42
|c|☆chibi tanjiro|gg
|
|t:|1651625812
|move|p1a: Ribombee|Moonblast|p2a: Jellicent
|-damage|p2a: Jellicent|0 fnt
|faint|p2a: Jellicent
|
|win|chibi tanjiro
|raw|chibi tanjiro's rating: 1178 &rarr; <strong>1216</strong><br />(+38 for winning)
|raw|acluh1's rating: 1369 &rarr; <strong>1339</strong><br />(-30 for losing)
|l|☆acluh1
||Ladder isn't responding, score probably updated but might not have (Request timeout).
