|j|☆pulsar512b
|j|☆Lambovino
|t:|1630262290
|gametype|singles
|player|p1|pulsar512b|acetrainersnowf|
|player|p2|Lambovino|psychic-gen2|
|teamsize|p1|6
|teamsize|p2|6
|gen|8
|tier|[Gen 8] PU
|rule|Sleep Clause Mod: Limit one foe put to sleep
|rule|Species Clause: Limit one of each Pokémon
|rule|OHKO Clause: OHKO moves are banned
|rule|Evasion Moves Clause: Evasion moves are banned
|rule|Endless Battle Clause: Forcing endless battles is banned
|rule|HP Percentage Mod: HP is shown in percentages
|rule|Dynamax Clause: You cannot dynamax
|clearpoke
|poke|p1|Galvantula, F|
|poke|p1|Wishiwashi, F|
|poke|p1|Togedemaru, F|
|poke|p1|Palossand, M|
|poke|p1|Whimsicott, M|
|poke|p1|Silvally-*|
|poke|p2|Archeops, F|
|poke|p2|Whimsicott, M|
|poke|p2|Cofagrigus, F|
|poke|p2|Lanturn, M|
|poke|p2|Stunfisk-Galar, M|
|poke|p2|Weezing, M|
|teampreview
|c|☆Lambovino|hf !
|
|t:|1630262312
|start
|switch|p1a: Galvantula|Galvantula, F|100/100
|switch|p2a: thomas|Lanturn, M|100/100
|turn|1
|
|t:|1630262331
|switch|p2a: 🖖🏾|Stunfisk-Galar, M|100/100
|move|p1a: Galvantula|Giga Drain|p2a: 🖖🏾
|-damage|p2a: 🖖🏾|87/100
|
|-heal|p2a: 🖖🏾|94/100|[from] item: Leftovers
|upkeep
|turn|2
|
|t:|1630262335
|switch|p1a: Wishiwashi|Wishiwashi, F|100/100
|-formechange|p1a: Wishiwashi|Wishiwashi-School||[from] ability: Schooling
|move|p2a: 🖖🏾|Stealth Rock|p1a: Wishiwashi
|-sidestart|p1: pulsar512b|move: Stealth Rock
|
|-heal|p2a: 🖖🏾|99/100|[from] item: Leftovers
|upkeep
|turn|3
|
|t:|1630262342
|switch|p2a: thomas|Lanturn, M|100/100
|move|p1a: Wishiwashi|U-turn|p2a: thomas
|-damage|p2a: thomas|80/100
|
|t:|1630262350
|switch|p1a: Galvantula|Galvantula, F|100/100|[from]move: U-turn
|
|-heal|p2a: thomas|87/100|[from] item: Leftovers
|upkeep
|turn|4
|
|t:|1630262354
|switch|p2a: 🖖🏾|Stunfisk-Galar, M|99/100
|move|p1a: Galvantula|Giga Drain|p2a: 🖖🏾
|-damage|p2a: 🖖🏾|86/100
|
|-heal|p2a: 🖖🏾|92/100|[from] item: Leftovers
|upkeep
|turn|5
|
|t:|1630262357
|switch|p1a: Wishiwashi|Wishiwashi, F|100/100
|-damage|p1a: Wishiwashi|88/100|[from] Stealth Rock
|-formechange|p1a: Wishiwashi|Wishiwashi-School||[from] ability: Schooling
|move|p2a: 🖖🏾|Earthquake|p1a: Wishiwashi
|-damage|p1a: Wishiwashi|61/100
|
|-heal|p2a: 🖖🏾|99/100|[from] item: Leftovers
|-heal|p1a: Wishiwashi|67/100|[from] item: Leftovers
|upkeep
|turn|6
|
|t:|1630262370
|switch|p2a: thomas|Lanturn, M|87/100
|move|p1a: Wishiwashi|U-turn|p2a: thomas
|-damage|p2a: thomas|65/100
|
|t:|1630262372
|switch|p1a: Galvantula|Galvantula, F|100/100|[from]move: U-turn
|
|-heal|p2a: thomas|71/100|[from] item: Leftovers
|upkeep
|turn|7
|
|t:|1630262375
|switch|p1a: Wishiwashi|Wishiwashi, F|67/100
|-damage|p1a: Wishiwashi|54/100|[from] Stealth Rock
|-formechange|p1a: Wishiwashi|Wishiwashi-School||[from] ability: Schooling
|switch|p2a: 🖖🏾|Stunfisk-Galar, M|99/100
|
|-heal|p2a: 🖖🏾|100/100|[from] item: Leftovers
|-heal|p1a: Wishiwashi|61/100|[from] item: Leftovers
|upkeep
|turn|8
|
|t:|1630262379
|switch|p2a: Suga Suga|Whimsicott, M|100/100
|move|p1a: Wishiwashi|Rest|p1a: Wishiwashi
|-status|p1a: Wishiwashi|slp|[from] move: Rest
|-heal|p1a: Wishiwashi|100/100 slp|[silent]
|
|upkeep
|turn|9
|
|t:|1630262383
|move|p2a: Suga Suga|U-turn|p1a: Wishiwashi
|-damage|p1a: Wishiwashi|91/100 slp
|
|t:|1630262385
|switch|p2a: thomas|Lanturn, M|71/100|[from]move: U-turn
|cant|p1a: Wishiwashi|slp
|move|p1a: Wishiwashi|Sleep Talk|p1a: Wishiwashi
|move|p1a: Wishiwashi|Rest||[from]move: Sleep Talk|[still]
|-fail|p1a: Wishiwashi
|
|-heal|p2a: thomas|77/100|[from] item: Leftovers
|-heal|p1a: Wishiwashi|97/100 slp|[from] item: Leftovers
|upkeep
|turn|10
|
|t:|1630262396
|switch|p1a: Palossand|Palossand, M|100/100
|-damage|p1a: Palossand|94/100|[from] Stealth Rock
|move|p2a: thomas|Volt Switch|p1a: Palossand
|-immune|p1a: Palossand
|
|-heal|p2a: thomas|84/100|[from] item: Leftovers
|upkeep
|turn|11
|
|t:|1630262400
|move|p2a: thomas|Toxic|p1a: Palossand
|-status|p1a: Palossand|tox
|move|p1a: Palossand|Stealth Rock|p2a: thomas
|-sidestart|p2: Lambovino|move: Stealth Rock
|
|-heal|p2a: thomas|90/100|[from] item: Leftovers
|-damage|p1a: Palossand|88/100 tox|[from] psn
|upkeep
|turn|12
|
|t:|1630262406
|switch|p2a: Suga Suga|Whimsicott, M|100/100
|switch|p1a: Whimsicott|Whimsicott, M|100/100
|-damage|p1a: Whimsicott|88/100|[from] Stealth Rock
|
|upkeep
|turn|13
|
|t:|1630262411
|switch|p2a: 🖖🏾|Stunfisk-Galar, M|100/100
|-damage|p2a: 🖖🏾|97/100|[from] Stealth Rock
|move|p1a: Whimsicott|Moonblast|p2a: 🖖🏾
|-resisted|p2a: 🖖🏾
|-damage|p2a: 🖖🏾|86/100
|
|-heal|p2a: 🖖🏾|92/100|[from] item: Leftovers
|upkeep
|turn|14
|
|t:|1630262417
|switch|p1a: Wishiwashi|Wishiwashi, F|97/100 slp
|-damage|p1a: Wishiwashi|85/100 slp|[from] Stealth Rock
|-formechange|p1a: Wishiwashi|Wishiwashi-School||[from] ability: Schooling
|move|p2a: 🖖🏾|Earthquake|p1a: Wishiwashi
|-damage|p1a: Wishiwashi|60/100 slp
|
|-heal|p2a: 🖖🏾|98/100|[from] item: Leftovers
|-heal|p1a: Wishiwashi|66/100 slp|[from] item: Leftovers
|upkeep
|turn|15
|
|t:|1630262420
|switch|p2a: thomas|Lanturn, M|90/100
|-damage|p2a: thomas|77/100|[from] Stealth Rock
|cant|p1a: Wishiwashi|slp
|move|p1a: Wishiwashi|Sleep Talk|p1a: Wishiwashi
|move|p1a: Wishiwashi|Liquidation|p2a: thomas|[from]move: Sleep Talk
|-heal|p2a: thomas|100/100|[from] ability: Water Absorb|[of] p1a: Wishiwashi
|
|-heal|p1a: Wishiwashi|73/100 slp|[from] item: Leftovers
|upkeep
|turn|16
|
|t:|1630262424
|move|p2a: thomas|Volt Switch|p1a: Wishiwashi
|-supereffective|p1a: Wishiwashi
|-damage|p1a: Wishiwashi|46/100 slp
|
|t:|1630262429
|switch|p2a: Suga Suga|Whimsicott, M|100/100|[from]move: Volt Switch
|-curestatus|p1a: Wishiwashi|slp|[msg]
|move|p1a: Wishiwashi|U-turn|p2a: Suga Suga
|-damage|p2a: Suga Suga|72/100
|
|t:|1630262432
|switch|p1a: Whimsicott|Whimsicott, M|88/100|[from]move: U-turn
|-damage|p1a: Whimsicott|76/100|[from] Stealth Rock
|
|upkeep
|turn|17
|
|t:|1630262435
|switch|p2a: 🖖🏾|Stunfisk-Galar, M|98/100
|-damage|p2a: 🖖🏾|95/100|[from] Stealth Rock
|move|p1a: Whimsicott|Switcheroo|p2a: 🖖🏾
|-activate|p1a: Whimsicott|move: Trick|[of] p2a: 🖖🏾
|-item|p2a: 🖖🏾|Choice Scarf|[from] move: Switcheroo
|-item|p1a: Whimsicott|Leftovers|[from] move: Switcheroo
|
|-heal|p1a: Whimsicott|82/100|[from] item: Leftovers
|upkeep
|turn|18
|
|t:|1630262439
|move|p1a: Whimsicott|Defog|p2a: 🖖🏾
|-unboost|p2a: 🖖🏾|evasion|1
|-sideend|p2: Lambovino|Stealth Rock|[from] move: Defog|[of] p1a: Whimsicott
|-sideend|p1: pulsar512b|Stealth Rock|[from] move: Defog|[of] p1a: Whimsicott
|move|p2a: 🖖🏾|Earthquake|p1a: Whimsicott
|-resisted|p1a: Whimsicott
|-damage|p1a: Whimsicott|61/100
|
|-heal|p1a: Whimsicott|68/100|[from] item: Leftovers
|upkeep
|turn|19
|
|t:|1630262448
|switch|p1a: Palossand|Palossand, M|88/100 tox
|move|p2a: 🖖🏾|Earthquake|p1a: Palossand
|-damage|p1a: Palossand|69/100 tox
|
|-damage|p1a: Palossand|63/100 tox|[from] psn
|upkeep
|turn|20
|
|t:|1630262454
|switch|p2a: Suga Suga|Whimsicott, M|72/100
|move|p1a: Palossand|Stealth Rock|p2a: Suga Suga
|-sidestart|p2: Lambovino|move: Stealth Rock
|
|-damage|p1a: Palossand|50/100 tox|[from] psn
|upkeep
|turn|21
|
|t:|1630262461
|move|p2a: Suga Suga|U-turn|p1a: Palossand
|-resisted|p1a: Palossand
|-damage|p1a: Palossand|47/100 tox
|-damage|p2a: Suga Suga|55/100|[from] item: Rocky Helmet|[of] p1a: Palossand
|
|t:|1630262467
|switch|p2a: 🖖🏾|Stunfisk-Galar, M|95/100|[from]move: U-turn
|-damage|p2a: 🖖🏾|92/100|[from] Stealth Rock
|move|p1a: Palossand|Shadow Ball|p2a: 🖖🏾
|-damage|p2a: 🖖🏾|74/100
|
|-damage|p1a: Palossand|29/100 tox|[from] psn
|upkeep
|turn|22
|
|t:|1630262470
|move|p2a: 🖖🏾|Stealth Rock|p1a: Palossand
|-sidestart|p1: pulsar512b|move: Stealth Rock
|move|p1a: Palossand|Earth Power|p2a: 🖖🏾
|-supereffective|p2a: 🖖🏾
|-damage|p2a: 🖖🏾|31/100
|
|-damage|p1a: Palossand|4/100 tox|[from] psn
|upkeep
|turn|23
|
|t:|1630262474
|switch|p2a: Suga Suga|Whimsicott, M|55/100
|move|p1a: Palossand|Shadow Ball|p2a: Suga Suga
|-damage|p2a: Suga Suga|17/100
|-unboost|p2a: Suga Suga|spd|1
|
|-damage|p1a: Palossand|0 fnt|[from] psn
|faint|p1a: Palossand
|upkeep
|
|t:|1630262478
|switch|p1a: Whimsicott|Whimsicott, M|68/100
|-damage|p1a: Whimsicott|55/100|[from] Stealth Rock
|turn|24
|
|t:|1630262483
|switch|p2a: 🖖🏾|Stunfisk-Galar, M|31/100
|-damage|p2a: 🖖🏾|28/100|[from] Stealth Rock
|move|p1a: Whimsicott|Moonblast|p2a: 🖖🏾
|-resisted|p2a: 🖖🏾
|-damage|p2a: 🖖🏾|17/100
|-unboost|p2a: 🖖🏾|spa|1
|
|-heal|p1a: Whimsicott|61/100|[from] item: Leftovers
|upkeep
|turn|25
|
|t:|1630262490
|switch|p1a: Togedemaru|Togedemaru, F|100/100
|-damage|p1a: Togedemaru|94/100|[from] Stealth Rock
|move|p2a: 🖖🏾|Stone Edge|p1a: Togedemaru
|-resisted|p1a: Togedemaru
|-damage|p1a: Togedemaru|79/100
|
|upkeep
|turn|26
|
|t:|1630262496
|switch|p2a: je préfère walid|Cofagrigus, F|100/100
|-damage|p2a: je préfère walid|88/100|[from] Stealth Rock
|move|p1a: Togedemaru|U-turn|p2a: je préfère walid
|-resisted|p2a: je préfère walid
|-damage|p2a: je préfère walid|83/100
|-activate|p2a: je préfère walid|ability: Mummy|Iron Barbs|[of] p1a: Togedemaru
|
|t:|1630262500
|switch|p1a: Wishiwashi|Wishiwashi, F|46/100|[from]move: U-turn
|-damage|p1a: Wishiwashi|34/100|[from] Stealth Rock
|-formechange|p1a: Wishiwashi|Wishiwashi-School||[from] ability: Schooling
|
|-heal|p1a: Wishiwashi|40/100|[from] item: Leftovers
|upkeep
|turn|27
|
|t:|1630262504
|move|p2a: je préfère walid|Iron Defense|p2a: je préfère walid
|-boost|p2a: je préfère walid|def|2
|move|p1a: Wishiwashi|Rest|p1a: Wishiwashi
|-status|p1a: Wishiwashi|slp|[from] move: Rest
|-heal|p1a: Wishiwashi|100/100 slp|[silent]
|
|upkeep
|turn|28
|
|t:|1630262507
|switch|p1a: Galvantula|Galvantula, F|100/100
|move|p2a: je préfère walid|Body Press|p1a: Galvantula
|-resisted|p1a: Galvantula
|-damage|p1a: Galvantula|38/100
|
|upkeep
|turn|29
|
|t:|1630262511
|switch|p2a: 🖖🏾|Stunfisk-Galar, M|17/100
|-damage|p2a: 🖖🏾|14/100|[from] Stealth Rock
|move|p1a: Galvantula|Thunder|p2a: 🖖🏾
|-immune|p2a: 🖖🏾
|
|upkeep
|turn|30
|
|t:|1630262516
|move|p1a: Galvantula|Giga Drain|p2a: 🖖🏾
|-damage|p2a: 🖖🏾|0 fnt
|-heal|p1a: Galvantula|48/100|[from] drain|[of] p2a: 🖖🏾
|faint|p2a: 🖖🏾
|
|upkeep
|
|t:|1630262518
|switch|p2a: Basilic|Archeops, F, shiny|100/100
|turn|31
|
|t:|1630262521
|switch|p1a: Togedemaru|Togedemaru, F|79/100
|-damage|p1a: Togedemaru|73/100|[from] Stealth Rock
|move|p2a: Basilic|Earthquake|p1a: Togedemaru
|-supereffective|p1a: Togedemaru
|-damage|p1a: Togedemaru|0 fnt
|faint|p1a: Togedemaru
|
|upkeep
|
|t:|1630262522
|switch|p1a: Whimsicott|Whimsicott, M|61/100
|-damage|p1a: Whimsicott|49/100|[from] Stealth Rock
|turn|32
|
|t:|1630262526
|switch|p2a: 9.81man|Weezing, M|100/100
|-ability|p2a: 9.81man|Neutralizing Gas
|-damage|p2a: 9.81man|88/100|[from] Stealth Rock
|move|p1a: Whimsicott|Moonblast|p2a: 9.81man
|-resisted|p2a: 9.81man
|-damage|p2a: 9.81man|63/100
|
|-heal|p1a: Whimsicott|55/100|[from] item: Leftovers
|-heal|p2a: 9.81man|69/100|[from] item: Black Sludge
|upkeep
|turn|33
|
|t:|1630262528
|move|p1a: Whimsicott|Psychic|p2a: 9.81man
|-supereffective|p2a: 9.81man
|-damage|p2a: 9.81man|6/100
|move|p2a: 9.81man|Toxic Spikes|p1a: Whimsicott
|-sidestart|p1: pulsar512b|move: Toxic Spikes
|
|-heal|p1a: Whimsicott|61/100|[from] item: Leftovers
|-heal|p2a: 9.81man|12/100|[from] item: Black Sludge
|upkeep
|turn|34
|
|t:|1630262531
|move|p1a: Whimsicott|Psychic|p2a: 9.81man
|-supereffective|p2a: 9.81man
|-damage|p2a: 9.81man|0 fnt
|faint|p2a: 9.81man
|-end|p2a: 9.81man|ability: Neutralizing Gas
|
|-heal|p1a: Whimsicott|68/100|[from] item: Leftovers
|upkeep
|
|t:|1630262535
|switch|p2a: thomas|Lanturn, M|100/100
|-damage|p2a: thomas|88/100|[from] Stealth Rock
|turn|35
|
|t:|1630262538
|move|p1a: Whimsicott|Defog|p2a: thomas
|-unboost|p2a: thomas|evasion|1
|-sideend|p2: Lambovino|Stealth Rock|[from] move: Defog|[of] p1a: Whimsicott
|-sideend|p1: pulsar512b|Toxic Spikes|[from] move: Defog|[of] p1a: Whimsicott
|-sideend|p1: pulsar512b|Stealth Rock|[from] move: Defog|[of] p1a: Whimsicott
|move|p2a: thomas|Toxic|p1a: Whimsicott
|-status|p1a: Whimsicott|tox
|
|-heal|p1a: Whimsicott|74/100 tox|[from] item: Leftovers
|-heal|p2a: thomas|94/100|[from] item: Leftovers
|-damage|p1a: Whimsicott|68/100 tox|[from] psn
|upkeep
|turn|36
|
|t:|1630262541
|switch|p1a: Wishiwashi|Wishiwashi, F|100/100 slp
|-formechange|p1a: Wishiwashi|Wishiwashi-School||[from] ability: Schooling
|move|p2a: thomas|Volt Switch|p1a: Wishiwashi
|-supereffective|p1a: Wishiwashi
|-damage|p1a: Wishiwashi|74/100 slp
|
|t:|1630262543
|switch|p2a: je préfère walid|Cofagrigus, F|83/100|[from]move: Volt Switch
|
|-heal|p1a: Wishiwashi|80/100 slp|[from] item: Leftovers
|upkeep
|turn|37
|
|t:|1630262547
|move|p2a: je préfère walid|Shadow Ball|p1a: Wishiwashi
|-damage|p1a: Wishiwashi|62/100 slp
|cant|p1a: Wishiwashi|slp
|move|p1a: Wishiwashi|Sleep Talk|p1a: Wishiwashi
|move|p1a: Wishiwashi|Liquidation|p2a: je préfère walid|[from]move: Sleep Talk
|-damage|p2a: je préfère walid|59/100
|
|-heal|p1a: Wishiwashi|68/100 slp|[from] item: Leftovers
|upkeep
|turn|38
|
|t:|1630262551
|move|p2a: je préfère walid|Iron Defense|p2a: je préfère walid
|-boost|p2a: je préfère walid|def|2
|cant|p1a: Wishiwashi|slp
|move|p1a: Wishiwashi|Sleep Talk|p1a: Wishiwashi
|move|p1a: Wishiwashi|Liquidation|p2a: je préfère walid|[from]move: Sleep Talk
|-damage|p2a: je préfère walid|48/100
|
|-heal|p1a: Wishiwashi|75/100 slp|[from] item: Leftovers
|upkeep
|turn|39
|
|t:|1630262568
|move|p2a: je préfère walid|Rest|p2a: je préfère walid
|-status|p2a: je préfère walid|slp|[from] move: Rest
|-heal|p2a: je préfère walid|100/100 slp|[silent]
|-enditem|p2a: je préfère walid|Chesto Berry|[eat]
|-curestatus|p2a: je préfère walid|slp|[msg]
|-curestatus|p1a: Wishiwashi|slp|[msg]
|move|p1a: Wishiwashi|Liquidation|p2a: je préfère walid
|-damage|p2a: je préfère walid|88/100
|
|-heal|p1a: Wishiwashi|81/100|[from] item: Leftovers
|upkeep
|turn|40
|
|t:|1630262572
|move|p2a: je préfère walid|Body Press|p1a: Wishiwashi
|-damage|p1a: Wishiwashi|19/100
|move|p1a: Wishiwashi|Liquidation|p2a: je préfère walid
|-damage|p2a: je préfère walid|77/100
|-unboost|p2a: je préfère walid|def|1
|
|-heal|p1a: Wishiwashi|25/100|[from] item: Leftovers
|-formechange|p1a: Wishiwashi|Wishiwashi||[from] ability: Schooling
|upkeep
|turn|41
|
|t:|1630262578
|move|p1a: Wishiwashi|Rest|p1a: Wishiwashi
|-status|p1a: Wishiwashi|slp|[from] move: Rest
|-heal|p1a: Wishiwashi|100/100 slp|[silent]
|move|p2a: je préfère walid|Body Press|p1a: Wishiwashi
|-damage|p1a: Wishiwashi|0 fnt
|faint|p1a: Wishiwashi
|
|upkeep
|
|t:|1630262586
|switch|p1a: Galvantula|Galvantula, F|48/100
|turn|42
|
|t:|1630262597
|switch|p2a: Suga Suga|Whimsicott, M|17/100
|move|p1a: Galvantula|Volt Switch|p2a: Suga Suga
|-resisted|p2a: Suga Suga
|-damage|p2a: Suga Suga|0 fnt
|faint|p2a: Suga Suga
|
|t:|1630262600
|switch|p1a: Whimsicott|Whimsicott, M|68/100 tox|[from]move: Volt Switch
|
|-heal|p1a: Whimsicott|74/100 tox|[from] item: Leftovers
|-damage|p1a: Whimsicott|68/100 tox|[from] psn
|upkeep
|
|t:|1630262602
|switch|p2a: thomas|Lanturn, M|94/100
|turn|43
|
|t:|1630262605
|switch|p1a: Galvantula|Galvantula, F|48/100
|move|p2a: thomas|Volt Switch|p1a: Galvantula
|-resisted|p1a: Galvantula
|-crit|p1a: Galvantula
|-damage|p1a: Galvantula|20/100
|
|t:|1630262607
|switch|p2a: Basilic|Archeops, F, shiny|100/100|[from]move: Volt Switch
|
|upkeep
|turn|44
|
|t:|1630262613
|switch|p1a: Silvally|Silvally-Dragon|100/100
|move|p2a: Basilic|U-turn|p1a: Silvally
|-damage|p1a: Silvally|75/100
|
|t:|1630262618
|switch|p2a: je préfère walid|Cofagrigus, F|77/100|[from]move: U-turn
|
|upkeep
|turn|45
|
|t:|1630262621
|move|p1a: Silvally|Swords Dance|p1a: Silvally
|-boost|p1a: Silvally|atk|2
|move|p2a: je préfère walid|Body Press|p1a: Silvally
|-damage|p1a: Silvally|42/100
|
|upkeep
|turn|46
|
|t:|1630262641
|move|p1a: Silvally|Multi-Attack|p2a: je préfère walid
|-damage|p2a: je préfère walid|12/100
|move|p2a: je préfère walid|Iron Defense|p2a: je préfère walid
|-boost|p2a: je préfère walid|def|2
|
|upkeep
|turn|47
|
|t:|1630262647
|move|p1a: Silvally|Multi-Attack|p2a: je préfère walid
|-damage|p2a: je préfère walid|0 fnt
|faint|p2a: je préfère walid
|
|upkeep
|
|t:|1630262650
|switch|p2a: Basilic|Archeops, F, shiny|100/100
|turn|48
|
|t:|1630262652
|move|p2a: Basilic|Stone Edge|p1a: Silvally|[miss]
|-miss|p2a: Basilic|p1a: Silvally
|move|p1a: Silvally|Multi-Attack|p2a: Basilic
|-damage|p2a: Basilic|0 fnt
|faint|p2a: Basilic
|
|upkeep
|c|☆pulsar512b|mb
|c|☆Lambovino|noooooo
|
|t:|1630262657
|switch|p2a: thomas|Lanturn, M|94/100
|turn|49
|c|☆Lambovino|anw i deserve to lose this
|c|☆Lambovino|gg !
|
|t:|1630262670
|move|p1a: Silvally|Multi-Attack|p2a: thomas
|-damage|p2a: thomas|0 fnt
|faint|p2a: thomas
|
|win|pulsar512b
|c|☆pulsar512b|gg
|l|☆Lambovino
