|j|☆binis
|j|☆Gellolo
|t:|1610226818
|player|p1|binis|giovanni|1096
|player|p2|Gellolo|depotagent|1079
|teamsize|p1|6
|teamsize|p2|6
|gametype|singles
|gen|8
|tier|[Gen 8] PU
|rated|
|clearpoke
|poke|p1|Hitmontop, M|
|poke|p1|Pincurchin, F|
|poke|p1|Grovyle, F|
|poke|p1|Butterfree, F|
|poke|p1|Stunfisk-Galar, M|
|poke|p1|Jellicent, F|
|poke|p2|Regigigas|
|poke|p2|Archeops, M|
|poke|p2|Gigalith, M|
|poke|p2|Scrafty, F|
|poke|p2|Tsareena, F|
|poke|p2|Toxicroak, M|
|rule|Sleep Clause Mod: Limit one foe put to sleep
|rule|Species Clause: Limit one of each Pokémon
|rule|OHKO Clause: OHKO moves are banned
|rule|Evasion Moves Clause: Evasion moves are banned
|rule|Endless Battle Clause: Forcing endless battles is banned
|rule|HP Percentage Mod: HP is shown in percentages
|rule|Dynamax Clause: You cannot dynamax
|teampreview
|inactive|Battle timer is ON: inactive players will automatically lose when time's up. (requested by binis)
|
|t:|1610226832
|start
|switch|p1a: Stunfisk|Stunfisk-Galar, M|100/100
|switch|p2a: Scrafty|Scrafty, F|100/100
|turn|1
|
|t:|1610226838
|move|p2a: Scrafty|Dragon Dance|p2a: Scrafty
|-boost|p2a: Scrafty|atk|1
|-boost|p2a: Scrafty|spe|1
|move|p1a: Stunfisk|Yawn|p2a: Scrafty
|-start|p2a: Scrafty|move: Yawn|[of] p1a: Stunfisk
|
|upkeep
|turn|2
|
|t:|1610226848
|switch|p2a: Tsareena|Tsareena, F|100/100
|switch|p1a: Jellicent|Jellicent, F|100/100
|
|upkeep
|turn|3
|
|t:|1610226863
|switch|p1a: Pincurchin|Pincurchin, F|100/100
|-fieldstart|move: Electric Terrain|[from] ability: Electric Surge|[of] p1a: Pincurchin
|move|p2a: Tsareena|U-turn|p1a: Pincurchin
|-damage|p1a: Pincurchin|82/100
|
|t:|1610226870
|switch|p2a: Archeops|Archeops, M|100/100|[from]move: U-turn
|
|upkeep
|turn|4
|
|t:|1610226875
|move|p2a: Archeops|Meteor Beam||[still]
|-prepare|p2a: Archeops|Meteor Beam
|-boost|p2a: Archeops|spa|1
|-enditem|p2a: Archeops|Power Herb
|-anim|p2a: Archeops|Meteor Beam|p1a: Pincurchin
|-damage|p1a: Pincurchin|0 fnt
|faint|p1a: Pincurchin
|
|upkeep
|
|t:|1610226889
|switch|p1a: Stunfisk|Stunfisk-Galar, M|100/100
|-start|p1a: Stunfisk|typechange|Electric|[from] ability: Mimicry
|turn|5
|
|t:|1610226893
|move|p2a: Archeops|Earth Power|p1a: Stunfisk
|-supereffective|p1a: Stunfisk
|-damage|p1a: Stunfisk|45/100
|move|p1a: Stunfisk|Stealth Rock|p2a: Archeops
|-sidestart|p2: Gellolo|move: Stealth Rock
|
|-heal|p1a: Stunfisk|51/100|[from] item: Leftovers
|upkeep
|turn|6
|
|t:|1610226902
|move|p2a: Archeops|Earth Power|p1a: Stunfisk
|-supereffective|p1a: Stunfisk
|-damage|p1a: Stunfisk|0 fnt
|faint|p1a: Stunfisk
|
|upkeep
|
|t:|1610226907
|switch|p1a: Grovyle|Grovyle, F|100/100
|-enditem|p1a: Grovyle|Electric Seed
|-boost|p1a: Grovyle|def|1|[from] item: Electric Seed
|turn|7
|
|t:|1610226913
|move|p1a: Grovyle|Swords Dance|p1a: Grovyle
|-boost|p1a: Grovyle|atk|2
|move|p2a: Archeops|Air Slash|p1a: Grovyle
|-supereffective|p1a: Grovyle
|-damage|p1a: Grovyle|0 fnt
|faint|p1a: Grovyle
|
|upkeep
|-message|binis forfeited.
|
|win|Gellolo
|l|☆binis
