|j|☆ameb14
|j|☆no moomin
|t:|1618005444
|gametype|singles
|player|p1|ameb14|101|1277
|player|p2|no moomin|unknownf|1583
|teamsize|p1|6
|teamsize|p2|6
|gen|8
|tier|[Gen 8] PU
|rated|
|clearpoke
|poke|p1|Scrafty, F|
|poke|p1|Jolteon, M|
|poke|p1|Cofagrigus, F|
|poke|p1|Silvally-*|
|poke|p1|Scyther, M|
|poke|p1|Aromatisse, F|
|poke|p2|Basculin, M|
|poke|p2|Articuno|
|poke|p2|Aromatisse, M|
|poke|p2|Sandaconda, F|
|poke|p2|Togedemaru, F|
|poke|p2|Hitmontop, M|
|rule|Sleep Clause Mod: Limit one foe put to sleep
|rule|Species Clause: Limit one of each Pokémon
|rule|OHKO Clause: OHKO moves are banned
|rule|Evasion Moves Clause: Evasion moves are banned
|rule|Endless Battle Clause: Forcing endless battles is banned
|rule|HP Percentage Mod: HP is shown in percentages
|rule|Dynamax Clause: You cannot dynamax
|teampreview
|inactive|Battle timer is ON: inactive players will automatically lose when time's up. (requested by no moomin)
|inactive|ameb14 has 120 seconds left.
|
|t:|1618005499
|start
|switch|p1a: Cofagrigus|Cofagrigus, F|100/100
|switch|p2a: Sandaconda|Sandaconda, F, shiny|100/100
|turn|1
|
|t:|1618005514
|move|p2a: Sandaconda|Stealth Rock|p1a: Cofagrigus
|-sidestart|p1: ameb14|move: Stealth Rock
|move|p1a: Cofagrigus|Iron Defense|p1a: Cofagrigus
|-boost|p1a: Cofagrigus|def|2
|
|upkeep
|turn|2
|
|t:|1618005539
|switch|p2a: Aromatisse|Aromatisse, M|100/100
|move|p1a: Cofagrigus|Iron Defense|p1a: Cofagrigus
|-boost|p1a: Cofagrigus|def|2
|
|upkeep
|turn|3
|inactive|ameb14 has 120 seconds left.
|
|t:|1618005573
|move|p1a: Cofagrigus|Shadow Ball|p2a: Aromatisse
|-damage|p2a: Aromatisse|76/100
|move|p2a: Aromatisse|Wish|p2a: Aromatisse
|
|upkeep
|turn|4
|
|t:|1618005581
|switch|p1a: Silvally|Silvally-Steel|100/100
|-damage|p1a: Silvally|94/100|[from] Stealth Rock
|move|p2a: Aromatisse|Moonblast|p1a: Silvally
|-resisted|p1a: Silvally
|-damage|p1a: Silvally|82/100
|
|-heal|p2a: Aromatisse|100/100|[from] move: Wish|[wisher] Aromatisse
|upkeep
|turn|5
|inactive|ameb14 has 120 seconds left.
|
|t:|1618005597
|move|p2a: Aromatisse|Protect|p2a: Aromatisse
|-singleturn|p2a: Aromatisse|Protect
|move|p1a: Silvally|Flamethrower|p2a: Aromatisse
|-activate|p2a: Aromatisse|move: Protect
|
|upkeep
|turn|6
|
|t:|1618005624
|switch|p2a: Basculin|Basculin, M, shiny|100/100
|move|p1a: Silvally|Parting Shot|p2a: Basculin
|-unboost|p2a: Basculin|atk|1
|-unboost|p2a: Basculin|spa|1
|inactive|ameb14 has 90 seconds left.
|
|t:|1618005635
|switch|p1a: Jolteon|Jolteon, M|100/100|[from]move: Parting Shot
|-damage|p1a: Jolteon|88/100|[from] Stealth Rock
|
|upkeep
|turn|7
|inactive|ameb14 has 90 seconds left.
|
|t:|1618005664
|switch|p2a: Togedemaru|Togedemaru, F, shiny|100/100
|move|p1a: Jolteon|Hyper Voice|p2a: Togedemaru
|-resisted|p2a: Togedemaru
|-damage|p2a: Togedemaru|65/100
|
|upkeep
|turn|8
|inactive|ameb14 has 60 seconds left.
|
|t:|1618005718
|switch|p1a: Scrafty|Scrafty, F|100/100
|-damage|p1a: Scrafty|95/100|[from] Stealth Rock
|move|p2a: Togedemaru|U-turn|p1a: Scrafty
|-damage|p1a: Scrafty|74/100
|
|t:|1618005726
|switch|p2a: Aromatisse|Aromatisse, M|100/100|[from]move: U-turn
|
|upkeep
|turn|9
|
|t:|1618005731
|switch|p1a: Aromatisse|Aromatisse, F|100/100
|-damage|p1a: Aromatisse|88/100|[from] Stealth Rock
|move|p2a: Aromatisse|Moonblast|p1a: Aromatisse
|-damage|p1a: Aromatisse|65/100
|
|-heal|p1a: Aromatisse|71/100|[from] item: Leftovers
|upkeep
|turn|10
|
|t:|1618005736
|switch|p2a: Basculin|Basculin, M, shiny|100/100
|move|p1a: Aromatisse|Toxic|p2a: Basculin
|-status|p2a: Basculin|tox
|
|-heal|p1a: Aromatisse|78/100|[from] item: Leftovers
|-damage|p2a: Basculin|94/100 tox|[from] psn
|upkeep
|turn|11
|inactive|ameb14 has 60 seconds left.
|
|t:|1618005743
|move|p1a: Aromatisse|Protect|p1a: Aromatisse
|-singleturn|p1a: Aromatisse|Protect
|move|p2a: Basculin|Liquidation|p1a: Aromatisse
|-activate|p1a: Aromatisse|move: Protect
|
|-heal|p1a: Aromatisse|84/100|[from] item: Leftovers
|-damage|p2a: Basculin|82/100 tox|[from] psn
|upkeep
|turn|12
|inactive|ameb14 has 60 seconds left.
|
|t:|1618005758
|switch|p1a: Cofagrigus|Cofagrigus, F|100/100
|-damage|p1a: Cofagrigus|88/100|[from] Stealth Rock
|move|p2a: Basculin|Flip Turn|p1a: Cofagrigus
|-damage|p1a: Cofagrigus|65/100
|-activate|p1a: Cofagrigus|ability: Mummy|Adaptability|[of] p2a: Basculin
|
|t:|1618005763
|switch|p2a: Aromatisse|Aromatisse, M|100/100|[from]move: Flip Turn
|
|upkeep
|turn|13
|
|t:|1618005771
|move|p1a: Cofagrigus|Iron Defense|p1a: Cofagrigus
|-boost|p1a: Cofagrigus|def|2
|move|p2a: Aromatisse|Heal Bell|p2a: Aromatisse
|-activate|p2a: Aromatisse|move: Heal Bell
|-curestatus|p2: Basculin|tox|[msg]
|
|upkeep
|turn|14
|
|t:|1618005777
|move|p1a: Cofagrigus|Body Press|p2a: Aromatisse
|-resisted|p2a: Aromatisse
|-damage|p2a: Aromatisse|77/100
|move|p2a: Aromatisse|Moonblast|p1a: Cofagrigus
|-damage|p1a: Cofagrigus|31/100
|
|upkeep
|turn|15
|
|t:|1618005785
|move|p1a: Cofagrigus|Body Press|p2a: Aromatisse
|-resisted|p2a: Aromatisse
|-damage|p2a: Aromatisse|51/100
|move|p2a: Aromatisse|Wish|p2a: Aromatisse
|
|upkeep
|turn|16
|
|t:|1618005788
|move|p1a: Cofagrigus|Rest|p1a: Cofagrigus
|-status|p1a: Cofagrigus|slp|[from] move: Rest
|-heal|p1a: Cofagrigus|100/100 slp|[silent]
|-enditem|p1a: Cofagrigus|Chesto Berry|[eat]
|-curestatus|p1a: Cofagrigus|slp|[msg]
|move|p2a: Aromatisse|Moonblast|p1a: Cofagrigus
|-damage|p1a: Cofagrigus|68/100
|
|-heal|p2a: Aromatisse|100/100|[from] move: Wish|[wisher] Aromatisse
|upkeep
|turn|17
|
|t:|1618005795
|move|p1a: Cofagrigus|Iron Defense|p1a: Cofagrigus
|-boost|p1a: Cofagrigus|def|2
|move|p2a: Aromatisse|Moonblast|p1a: Cofagrigus
|-damage|p1a: Cofagrigus|35/100
|
|upkeep
|turn|18
|
|t:|1618005818
|move|p1a: Cofagrigus|Body Press|p2a: Aromatisse
|-resisted|p2a: Aromatisse
|-damage|p2a: Aromatisse|64/100
|move|p2a: Aromatisse|Wish|p2a: Aromatisse
|
|upkeep
|turn|19
|inactive|ameb14 has 90 seconds left.
|
|t:|1618005851
|switch|p1a: Silvally|Silvally-Steel|82/100
|-damage|p1a: Silvally|76/100|[from] Stealth Rock
|move|p2a: Aromatisse|Moonblast|p1a: Silvally
|-resisted|p1a: Silvally
|-damage|p1a: Silvally|62/100
|
|-heal|p2a: Aromatisse|100/100|[from] move: Wish|[wisher] Aromatisse
|upkeep
|turn|20
|
|t:|1618005858
|switch|p2a: Basculin|Basculin, M, shiny|82/100
|move|p1a: Silvally|Multi-Attack|p2a: Basculin
|-resisted|p2a: Basculin
|-damage|p2a: Basculin|50/100
|
|upkeep
|turn|21
|
|t:|1618005861
|switch|p1a: Jolteon|Jolteon, M|88/100
|-damage|p1a: Jolteon|76/100|[from] Stealth Rock
|move|p2a: Basculin|Liquidation|p1a: Jolteon
|-damage|p1a: Jolteon|0 fnt
|faint|p1a: Jolteon
|
|upkeep
|
|t:|1618005872
|switch|p1a: Scyther|Scyther, M|100/100
|turn|22
|
|t:|1618005875
|switch|p2a: Sandaconda|Sandaconda, F, shiny|100/100
|move|p1a: Scyther|Dual Wingbeat|p2a: Sandaconda
|-damage|p2a: Sandaconda|83/100
|-damage|p1a: Scyther|84/100|[from] item: Rocky Helmet|[of] p2a: Sandaconda
|-damage|p2a: Sandaconda|65/100
|-damage|p1a: Scyther|68/100|[from] item: Rocky Helmet|[of] p2a: Sandaconda
|-hitcount|p2a: Sandaconda|2
|
|upkeep
|turn|23
|
|t:|1618005896
|move|p1a: Scyther|Swords Dance|p1a: Scyther
|-boost|p1a: Scyther|atk|2
|move|p2a: Sandaconda|Glare|p1a: Scyther
|-status|p1a: Scyther|par
|
|upkeep
|turn|24
|
|t:|1618005901
|move|p2a: Sandaconda|Stone Edge|p1a: Scyther
|-supereffective|p1a: Scyther
|-damage|p1a: Scyther|0 fnt
|faint|p1a: Scyther
|
|upkeep
|inactive|ameb14 has 90 seconds left.
|
|t:|1618005924
|switch|p1a: Scrafty|Scrafty, F|74/100
|-damage|p1a: Scrafty|68/100|[from] Stealth Rock
|turn|25
|
|t:|1618005929
|switch|p2a: Aromatisse|Aromatisse, M|100/100
|move|p1a: Scrafty|Dragon Dance|p1a: Scrafty
|-boost|p1a: Scrafty|atk|1
|-boost|p1a: Scrafty|spe|1
|
|upkeep
|turn|26
|
|t:|1618005937
|switch|p1a: Cofagrigus|Cofagrigus, F|35/100
|-damage|p1a: Cofagrigus|23/100|[from] Stealth Rock
|move|p2a: Aromatisse|Moonblast|p1a: Cofagrigus
|-damage|p1a: Cofagrigus|0 fnt
|faint|p1a: Cofagrigus
|
|upkeep
|
|t:|1618005939
|switch|p1a: Silvally|Silvally-Steel|62/100
|-damage|p1a: Silvally|56/100|[from] Stealth Rock
|turn|27
|
|t:|1618005948
|switch|p2a: Sandaconda|Sandaconda, F, shiny|65/100
|move|p1a: Silvally|Multi-Attack|p2a: Sandaconda
|-damage|p2a: Sandaconda|42/100
|-damage|p1a: Silvally|40/100|[from] item: Rocky Helmet|[of] p2a: Sandaconda
|
|upkeep
|turn|28
|
|t:|1618005953
|move|p1a: Silvally|Parting Shot|p2a: Sandaconda
|-unboost|p2a: Sandaconda|atk|1
|-unboost|p2a: Sandaconda|spa|1
|
|t:|1618005955
|switch|p1a: Aromatisse|Aromatisse, F|84/100|[from]move: Parting Shot
|-damage|p1a: Aromatisse|71/100|[from] Stealth Rock
|move|p2a: Sandaconda|Glare|p1a: Aromatisse
|-status|p1a: Aromatisse|par
|
|-heal|p1a: Aromatisse|78/100 par|[from] item: Leftovers
|upkeep
|turn|29
|
|t:|1618005959
|switch|p2a: Togedemaru|Togedemaru, F, shiny|65/100
|cant|p1a: Aromatisse|par
|
|-heal|p1a: Aromatisse|84/100 par|[from] item: Leftovers
|upkeep
|turn|30
|
|t:|1618005972
|move|p2a: Togedemaru|Iron Head|p1a: Aromatisse
|-supereffective|p1a: Aromatisse
|-damage|p1a: Aromatisse|8/100 par
|move|p1a: Aromatisse|Wish|p1a: Aromatisse
|
|-heal|p1a: Aromatisse|14/100 par|[from] item: Leftovers
|upkeep
|turn|31
|
|t:|1618005975
|switch|p1a: Scrafty|Scrafty, F|68/100
|-damage|p1a: Scrafty|62/100|[from] Stealth Rock
|move|p2a: Togedemaru|Iron Head|p1a: Scrafty
|-crit|p1a: Scrafty
|-damage|p1a: Scrafty|2/100
|
|-heal|p1a: Scrafty|77/100|[from] move: Wish|[wisher] Aromatisse
|upkeep
|turn|32
|
|t:|1618005980
|switch|p2a: Aromatisse|Aromatisse, M|100/100
|move|p1a: Scrafty|Knock Off|p2a: Aromatisse
|-resisted|p2a: Aromatisse
|-damage|p2a: Aromatisse|87/100
|-enditem|p2a: Aromatisse|Heavy-Duty Boots|[from] move: Knock Off|[of] p1a: Scrafty
|
|upkeep
|turn|33
|
|t:|1618005987
|move|p1a: Scrafty|Knock Off|p2a: Aromatisse
|-resisted|p2a: Aromatisse
|-damage|p2a: Aromatisse|77/100
|move|p2a: Aromatisse|Moonblast|p1a: Scrafty
|-supereffective|p1a: Scrafty
|-damage|p1a: Scrafty|0 fnt
|faint|p1a: Scrafty
|
|upkeep
|
|t:|1618005990
|switch|p1a: Aromatisse|Aromatisse, F|14/100 par
|-damage|p1a: Aromatisse|2/100 par|[from] Stealth Rock
|turn|34
|
|t:|1618005996
|move|p2a: Aromatisse|Moonblast|p1a: Aromatisse
|-damage|p1a: Aromatisse|0 fnt
|faint|p1a: Aromatisse
|
|upkeep
|
|t:|1618006004
|switch|p1a: Silvally|Silvally-Steel|40/100
|-damage|p1a: Silvally|34/100|[from] Stealth Rock
|turn|35
|
|t:|1618006006
|switch|p2a: Hitmontop|Hitmontop, M|100/100
|move|p1a: Silvally|Multi-Attack|p2a: Hitmontop
|-damage|p2a: Hitmontop|54/100
|
|upkeep
|turn|36
|
|t:|1618006010
|move|p2a: Hitmontop|Mach Punch|p1a: Silvally
|-supereffective|p1a: Silvally
|-damage|p1a: Silvally|0 fnt
|faint|p1a: Silvally
|
|win|no moomin
|raw|ameb14's rating: 1277 &rarr; <strong>1270</strong><br />(-7 for losing)
|raw|no moomin's rating: 1583 &rarr; <strong>1589</strong><br />(+6 for winning)
|l|☆no moomin
