|j|☆Meg Thee Stallion
|j|☆Vishoclock
|t:|1648118484
|gametype|singles
|player|p1|Meg Thee Stallion|opal|1320
|player|p2|Vishoclock|cyrus|1404
|teamsize|p1|6
|teamsize|p2|6
|gen|8
|tier|[Gen 8] PU
|rated|
|rule|Sleep Clause Mod: Limit one foe put to sleep
|rule|Species Clause: Limit one of each Pokémon
|rule|OHKO Clause: OHKO moves are banned
|rule|Evasion Moves Clause: Evasion moves are banned
|rule|Endless Battle Clause: Forcing endless battles is banned
|rule|HP Percentage Mod: HP is shown in percentages
|rule|Dynamax Clause: You cannot dynamax
|clearpoke
|poke|p1|Gigalith, F|
|poke|p1|Audino, M|
|poke|p1|Glastrier|
|poke|p1|Weezing, F|
|poke|p1|Quagsire, M|
|poke|p1|Whimsicott, M|
|poke|p2|Arctovish|
|poke|p2|Weezing, M|
|poke|p2|Eldegoss, F|
|poke|p2|Scrafty, M|
|poke|p2|Gigalith, F|
|poke|p2|Mesprit|
|teampreview
|
|t:|1648118517
|start
|switch|p1a: Glastrier|Glastrier|100/100
|switch|p2a: Arctovish|Arctovish|100/100
|turn|1
|
|t:|1648118561
|switch|p2a: Weezing|Weezing, M|100/100
|-ability|p2a: Weezing|Neutralizing Gas
|move|p1a: Glastrier|Substitute|p1a: Glastrier
|-start|p1a: Glastrier|Substitute
|-damage|p1a: Glastrier|75/100
|
|-heal|p1a: Glastrier|82/100|[from] item: Leftovers
|upkeep
|turn|2
|
|t:|1648118566
|move|p2a: Weezing|Flamethrower|p1a: Glastrier
|-supereffective|p1a: Glastrier
|-end|p1a: Glastrier|Substitute
|move|p1a: Glastrier|High Horsepower|p2a: Weezing
|-supereffective|p2a: Weezing
|-damage|p2a: Weezing|45/100
|
|-heal|p2a: Weezing|51/100|[from] item: Black Sludge
|-heal|p1a: Glastrier|88/100|[from] item: Leftovers
|upkeep
|turn|3
|
|t:|1648118574
|move|p2a: Weezing|Flamethrower|p1a: Glastrier
|-supereffective|p1a: Glastrier
|-damage|p1a: Glastrier|62/100
|move|p1a: Glastrier|Icicle Spear|p2a: Weezing
|-damage|p2a: Weezing|41/100
|-damage|p2a: Weezing|30/100
|-damage|p2a: Weezing|19/100
|-damage|p2a: Weezing|9/100
|-hitcount|p2a: Weezing|4
|
|-heal|p2a: Weezing|15/100|[from] item: Black Sludge
|-heal|p1a: Glastrier|68/100|[from] item: Leftovers
|upkeep
|turn|4
|j| ii88
|
|t:|1648118584
|move|p2a: Weezing|Flamethrower|p1a: Glastrier
|-supereffective|p1a: Glastrier
|-damage|p1a: Glastrier|38/100
|-status|p1a: Glastrier|brn
|move|p1a: Glastrier|High Horsepower|p2a: Weezing
|-supereffective|p2a: Weezing
|-crit|p2a: Weezing
|-damage|p2a: Weezing|0 fnt
|faint|p2a: Weezing
|-end|p2a: Weezing|ability: Neutralizing Gas
|-ability|p1a: Glastrier|Chilling Neigh|boost
|-boost|p1a: Glastrier|atk|1
|
|-heal|p1a: Glastrier|44/100 brn|[from] item: Leftovers
|-damage|p1a: Glastrier|38/100 brn|[from] brn
|upkeep
|
|t:|1648118587
|switch|p2a: Arctovish|Arctovish|100/100
|turn|5
|
|t:|1648118591
|switch|p1a: Weezing|Weezing, F|100/100
|-ability|p1a: Weezing|Neutralizing Gas
|move|p2a: Arctovish|Fishious Rend|p1a: Weezing
|-damage|p1a: Weezing|0 fnt
|-damage|p2a: Arctovish|84/100|[from] item: Rocky Helmet|[of] p1a: Weezing
|faint|p1a: Weezing
|-end|p1a: Weezing|ability: Neutralizing Gas
|
|upkeep
|
|t:|1648118597
|switch|p1a: Whimsicott|Whimsicott, M|100/100
|turn|6
|
|t:|1648118601
|switch|p2a: Gigalith|Gigalith, F|100/100
|-weather|Sandstorm|[from] ability: Sand Stream|[of] p2a: Gigalith
|move|p1a: Whimsicott|Giga Drain|p2a: Gigalith
|-supereffective|p2a: Gigalith
|-damage|p2a: Gigalith|74/100
|
|-weather|Sandstorm|[upkeep]
|-damage|p1a: Whimsicott|94/100|[from] Sandstorm
|-heal|p2a: Gigalith|80/100|[from] item: Leftovers
|upkeep
|turn|7
|
|t:|1648118605
|move|p1a: Whimsicott|U-turn|p2a: Gigalith
|-damage|p2a: Gigalith|72/100
|
|t:|1648118607
|switch|p1a: Audino|Audino, M|100/100|[from]move: U-turn
|move|p2a: Gigalith|Stealth Rock|p1a: Audino
|-sidestart|p1: Meg Thee Stallion|move: Stealth Rock
|
|-weather|Sandstorm|[upkeep]
|-damage|p1a: Audino|94/100|[from] Sandstorm
|-heal|p1a: Audino|100/100|[from] item: Leftovers
|-heal|p2a: Gigalith|78/100|[from] item: Leftovers
|upkeep
|turn|8
|
|t:|1648118614
|switch|p2a: Scrafty|Scrafty, M|100/100
|move|p1a: Audino|Wish|p1a: Audino
|
|-weather|Sandstorm|[upkeep]
|-damage|p2a: Scrafty|95/100|[from] Sandstorm
|-damage|p1a: Audino|94/100|[from] Sandstorm
|-heal|p2a: Scrafty|100/100|[from] item: Leftovers
|-heal|p1a: Audino|100/100|[from] item: Leftovers
|upkeep
|turn|9
|
|t:|1648118621
|switch|p1a: Whimsicott|Whimsicott, M|94/100
|move|p2a: Scrafty|Knock Off|p1a: Whimsicott
|-resisted|p1a: Whimsicott
|-damage|p1a: Whimsicott|63/100
|-enditem|p1a: Whimsicott|Heavy-Duty Boots|[from] move: Knock Off|[of] p2a: Scrafty
|
|-weather|Sandstorm|[upkeep]
|-damage|p1a: Whimsicott|57/100|[from] Sandstorm
|-damage|p2a: Scrafty|95/100|[from] Sandstorm
|-heal|p1a: Whimsicott|100/100|[from] move: Wish|[wisher] Audino
|-heal|p2a: Scrafty|100/100|[from] item: Leftovers
|upkeep
|turn|10
|
|t:|1648118628
|switch|p2a: Mesprit|Mesprit|100/100
|move|p1a: Whimsicott|Moonblast|p2a: Mesprit
|-damage|p2a: Mesprit|60/100
|-unboost|p2a: Mesprit|spa|1
|
|-weather|none
|upkeep
|turn|11
|
|t:|1648118631
|move|p1a: Whimsicott|U-turn|p2a: Mesprit
|-supereffective|p2a: Mesprit
|-damage|p2a: Mesprit|35/100
|
|t:|1648118633
|switch|p1a: Audino|Audino, M|100/100|[from]move: U-turn
|-damage|p1a: Audino|88/100|[from] Stealth Rock
|move|p2a: Mesprit|U-turn|p1a: Audino
|-damage|p1a: Audino|73/100
|
|t:|1648118635
|switch|p2a: Arctovish|Arctovish|84/100|[from]move: U-turn
|
|-heal|p1a: Audino|79/100|[from] item: Leftovers
|upkeep
|turn|12
|inactive|Battle timer is ON: inactive players will automatically lose when time's up. (requested by Vishoclock)
|
|t:|1648118671
|switch|p1a: Gigalith|Gigalith, F|100/100
|-damage|p1a: Gigalith|88/100|[from] Stealth Rock
|-weather|Sandstorm|[from] ability: Sand Stream|[of] p1a: Gigalith
|move|p2a: Arctovish|Fishious Rend|p1a: Gigalith
|-supereffective|p1a: Gigalith
|-damage|p1a: Gigalith|0 fnt
|faint|p1a: Gigalith
|
|-weather|Sandstorm|[upkeep]
|-damage|p2a: Arctovish|78/100|[from] Sandstorm
|upkeep
|
|t:|1648118674
|switch|p1a: Whimsicott|Whimsicott, M|100/100
|-damage|p1a: Whimsicott|88/100|[from] Stealth Rock
|turn|13
|
|t:|1648118681
|switch|p2a: Eldegoss|Eldegoss, F|100/100
|move|p1a: Whimsicott|Giga Drain|p2a: Eldegoss
|-resisted|p2a: Eldegoss
|-damage|p2a: Eldegoss|88/100
|-heal|p1a: Whimsicott|96/100|[from] drain|[of] p2a: Eldegoss
|
|-weather|Sandstorm|[upkeep]
|-damage|p1a: Whimsicott|90/100|[from] Sandstorm
|-damage|p2a: Eldegoss|81/100|[from] Sandstorm
|upkeep
|turn|14
|
|t:|1648118685
|move|p1a: Whimsicott|Defog|p2a: Eldegoss
|-unboost|p2a: Eldegoss|evasion|1
|-sideend|p1: Meg Thee Stallion|Stealth Rock|[from] move: Defog|[of] p1a: Whimsicott
|move|p2a: Eldegoss|Giga Drain|p1a: Whimsicott
|-resisted|p1a: Whimsicott
|-damage|p1a: Whimsicott|73/100
|-heal|p2a: Eldegoss|88/100|[from] drain|[of] p1a: Whimsicott
|
|-weather|Sandstorm|[upkeep]
|-damage|p1a: Whimsicott|67/100|[from] Sandstorm
|-damage|p2a: Eldegoss|82/100|[from] Sandstorm
|upkeep
|turn|15
|
|t:|1648118691
|move|p1a: Whimsicott|Moonblast|p2a: Eldegoss
|-damage|p2a: Eldegoss|51/100
|move|p2a: Eldegoss|Leech Seed|p1a: Whimsicott
|-immune|p1a: Whimsicott
|
|-weather|Sandstorm|[upkeep]
|-damage|p1a: Whimsicott|61/100|[from] Sandstorm
|-damage|p2a: Eldegoss|45/100|[from] Sandstorm
|upkeep
|turn|16
|
|t:|1648118696
|move|p1a: Whimsicott|Moonblast|p2a: Eldegoss
|-damage|p2a: Eldegoss|14/100
|move|p2a: Eldegoss|Giga Drain|p1a: Whimsicott
|-resisted|p1a: Whimsicott
|-damage|p1a: Whimsicott|43/100
|-heal|p2a: Eldegoss|21/100|[from] drain|[of] p1a: Whimsicott
|
|-weather|none
|upkeep
|turn|17
|
|t:|1648118699
|switch|p2a: Gigalith|Gigalith, F|78/100
|-weather|Sandstorm|[from] ability: Sand Stream|[of] p2a: Gigalith
|move|p1a: Whimsicott|Moonblast|p2a: Gigalith
|-damage|p2a: Gigalith|61/100
|
|-weather|Sandstorm|[upkeep]
|-damage|p1a: Whimsicott|37/100|[from] Sandstorm
|-heal|p2a: Gigalith|67/100|[from] item: Leftovers
|upkeep
|turn|18
|
|t:|1648118704
|move|p1a: Whimsicott|Giga Drain|p2a: Gigalith
|-supereffective|p2a: Gigalith
|-damage|p2a: Gigalith|37/100
|-heal|p1a: Whimsicott|59/100|[from] drain|[of] p2a: Gigalith
|move|p2a: Gigalith|Stealth Rock|p1a: Whimsicott
|-sidestart|p1: Meg Thee Stallion|move: Stealth Rock
|
|-weather|Sandstorm|[upkeep]
|-damage|p1a: Whimsicott|53/100|[from] Sandstorm
|-heal|p2a: Gigalith|43/100|[from] item: Leftovers
|upkeep
|turn|19
|
|t:|1648118709
|move|p1a: Whimsicott|Giga Drain|p2a: Gigalith
|-supereffective|p2a: Gigalith
|-damage|p2a: Gigalith|15/100
|-heal|p1a: Whimsicott|73/100|[from] drain|[of] p2a: Gigalith
|move|p2a: Gigalith|Rock Blast|p1a: Whimsicott
|-damage|p1a: Whimsicott|55/100
|-damage|p1a: Whimsicott|36/100
|-hitcount|p1a: Whimsicott|2
|
|-weather|Sandstorm|[upkeep]
|-damage|p1a: Whimsicott|30/100|[from] Sandstorm
|-heal|p2a: Gigalith|21/100|[from] item: Leftovers
|upkeep
|turn|20
|
|t:|1648118717
|move|p2a: Gigalith|Protect|p2a: Gigalith
|-singleturn|p2a: Gigalith|Protect
|move|p1a: Whimsicott|Giga Drain|p2a: Gigalith
|-activate|p2a: Gigalith|move: Protect
|
|-weather|Sandstorm|[upkeep]
|-damage|p1a: Whimsicott|24/100|[from] Sandstorm
|-heal|p2a: Gigalith|28/100|[from] item: Leftovers
|upkeep
|turn|21
|
|t:|1648118724
|switch|p2a: Eldegoss|Eldegoss, F|55/100
|move|p1a: Whimsicott|Giga Drain|p2a: Eldegoss
|-resisted|p2a: Eldegoss
|-damage|p2a: Eldegoss|42/100
|-heal|p1a: Whimsicott|32/100|[from] drain|[of] p2a: Eldegoss
|
|-weather|none
|upkeep
|turn|22
|
|t:|1648118733
|switch|p2a: Mesprit|Mesprit|35/100
|move|p1a: Whimsicott|Moonblast|p2a: Mesprit
|-damage|p2a: Mesprit|0 fnt
|faint|p2a: Mesprit
|
|upkeep
|
|t:|1648118735
|switch|p2a: Gigalith|Gigalith, F|28/100
|-weather|Sandstorm|[from] ability: Sand Stream|[of] p2a: Gigalith
|turn|23
|
|t:|1648118737
|move|p2a: Gigalith|Protect|p2a: Gigalith
|-singleturn|p2a: Gigalith|Protect
|move|p1a: Whimsicott|Giga Drain|p2a: Gigalith
|-activate|p2a: Gigalith|move: Protect
|
|-weather|Sandstorm|[upkeep]
|-damage|p1a: Whimsicott|26/100|[from] Sandstorm
|-heal|p2a: Gigalith|34/100|[from] item: Leftovers
|upkeep
|turn|24
|
|t:|1648118740
|move|p1a: Whimsicott|Giga Drain|p2a: Gigalith
|-supereffective|p2a: Gigalith
|-damage|p2a: Gigalith|6/100
|-heal|p1a: Whimsicott|45/100|[from] drain|[of] p2a: Gigalith
|move|p2a: Gigalith|Rock Blast|p1a: Whimsicott
|-damage|p1a: Whimsicott|29/100
|-damage|p1a: Whimsicott|12/100
|-damage|p1a: Whimsicott|0 fnt
|faint|p1a: Whimsicott
|-hitcount|p1: Whimsicott|3
|
|-weather|Sandstorm|[upkeep]
|-heal|p2a: Gigalith|13/100|[from] item: Leftovers
|upkeep
|
|t:|1648118745
|switch|p1a: Audino|Audino, M|100/100
|-damage|p1a: Audino|88/100|[from] Stealth Rock
|turn|25
|-message|Meg Thee Stallion forfeited.
|
|win|Vishoclock
|raw|Meg Thee Stallion's rating: 1320 &rarr; <strong>1305</strong><br />(-15 for losing)
|raw|Vishoclock's rating: 1404 &rarr; <strong>1419</strong><br />(+15 for winning)
|l|☆Meg Thee Stallion
|l| ii88
