|j|☆Slayerboy752
|j|☆acluh1
|t:|1667431670
|gametype|singles
|player|p1|Slayerboy752|petrel|1309
|player|p2|acluh1|karen|1412
|teamsize|p1|6
|teamsize|p2|6
|gen|8
|tier|[Gen 8] PU
|rated|
|rule|Sleep Clause Mod: Limit one foe put to sleep
|rule|Species Clause: Limit one of each Pokémon
|rule|OHKO Clause: OHKO moves are banned
|rule|Evasion Items Clause: Evasion items are banned
|rule|Evasion Moves Clause: Evasion moves are banned
|rule|Endless Battle Clause: Forcing endless battles is banned
|rule|HP Percentage Mod: HP is shown in percentages
|rule|Dynamax Clause: You cannot dynamax
|clearpoke
|poke|p1|Charizard, M|
|poke|p1|Scrafty, F|
|poke|p1|Lanturn, F|
|poke|p1|Weezing, M|
|poke|p1|Uxie|
|poke|p1|Cradily, M|
|poke|p2|Archeops, M|
|poke|p2|Doublade, F|
|poke|p2|Gigalith, F|
|poke|p2|Ribombee, F|
|poke|p2|Sandslash, M|
|poke|p2|Wishiwashi, M|
|teampreview
|inactive|Battle timer is ON: inactive players will automatically lose when time's up. (requested by acluh1)
|
|t:|1667431687
|start
|switch|p1a: Weezing|Weezing, M|100/100
|switch|p2a: Doublade|Doublade, F|100/100
|turn|1
|
|t:|1667431699
|switch|p2a: Wishiwashi|Wishiwashi, M|100/100
|-formechange|p2a: Wishiwashi|Wishiwashi-School||[from] ability: Schooling
|move|p1a: Weezing|Taunt|p2a: Wishiwashi
|-start|p2a: Wishiwashi|move: Taunt
|
|upkeep
|turn|2
|
|t:|1667431708
|move|p1a: Weezing|Pain Split|p2a: Wishiwashi
|-sethp|p2a: Wishiwashi|100/100|[from] move: Pain Split|[silent]
|-sethp|p1a: Weezing|95/100|[from] move: Pain Split
|move|p2a: Wishiwashi|Scald|p1a: Weezing
|-damage|p1a: Weezing|60/100
|-status|p1a: Weezing|brn
|
|-heal|p1a: Weezing|66/100 brn|[from] item: Black Sludge
|-damage|p1a: Weezing|60/100 brn|[from] brn
|upkeep
|turn|3
|
|t:|1667431716
|move|p1a: Weezing|Pain Split|p2a: Wishiwashi
|-sethp|p2a: Wishiwashi|85/100|[from] move: Pain Split|[silent]
|-sethp|p1a: Weezing|74/100 brn|[from] move: Pain Split
|move|p2a: Wishiwashi|Scald|p1a: Weezing
|-damage|p1a: Weezing|40/100 brn
|
|-heal|p1a: Weezing|46/100 brn|[from] item: Black Sludge
|-heal|p2a: Wishiwashi|91/100|[from] item: Leftovers
|-damage|p1a: Weezing|40/100 brn|[from] brn
|-end|p2a: Wishiwashi|move: Taunt
|upkeep
|turn|4
|
|t:|1667431724
|move|p1a: Weezing|Pain Split|p2a: Wishiwashi
|-sethp|p2a: Wishiwashi|68/100|[from] move: Pain Split|[silent]
|-sethp|p1a: Weezing|60/100 brn|[from] move: Pain Split
|move|p2a: Wishiwashi|Scald|p1a: Weezing
|-damage|p1a: Weezing|27/100 brn
|
|-heal|p1a: Weezing|33/100 brn|[from] item: Black Sludge
|-heal|p2a: Wishiwashi|74/100|[from] item: Leftovers
|-damage|p1a: Weezing|27/100 brn|[from] brn
|upkeep
|turn|5
|
|t:|1667431733
|switch|p1a: Cradily|Cradily, M|100/100
|move|p2a: Wishiwashi|Scald|p1a: Cradily
|-ability|p1a: Cradily|Storm Drain|boost
|-boost|p1a: Cradily|spa|1
|
|-heal|p2a: Wishiwashi|80/100|[from] item: Leftovers
|upkeep
|turn|6
|
|t:|1667431746
|move|p1a: Cradily|Curse|p1a: Cradily
|-unboost|p1a: Cradily|spe|1
|-boost|p1a: Cradily|atk|1
|-boost|p1a: Cradily|def|1
|move|p2a: Wishiwashi|U-turn|p1a: Cradily
|-supereffective|p1a: Cradily
|-damage|p1a: Cradily|73/100
|inactive|acluh1 has 120 seconds left.
|
|t:|1667431773
|switch|p2a: Doublade|Doublade, F|100/100|[from]move: U-turn
|
|-heal|p1a: Cradily|79/100|[from] item: Leftovers
|upkeep
|turn|7
|
|t:|1667431782
|move|p2a: Doublade|Swords Dance|p2a: Doublade
|-boost|p2a: Doublade|atk|2
|move|p1a: Cradily|Earthquake|p2a: Doublade
|-supereffective|p2a: Doublade
|-damage|p2a: Doublade|74/100
|
|-heal|p1a: Cradily|86/100|[from] item: Leftovers
|upkeep
|turn|8
|
|t:|1667431793
|move|p2a: Doublade|Shadow Claw|p1a: Cradily
|-damage|p1a: Cradily|42/100
|move|p1a: Cradily|Earthquake|p2a: Doublade
|-supereffective|p2a: Doublade
|-damage|p2a: Doublade|43/100
|
|-heal|p1a: Cradily|48/100|[from] item: Leftovers
|upkeep
|turn|9
|
|t:|1667431800
|move|p2a: Doublade|Shadow Claw|p1a: Cradily
|-damage|p1a: Cradily|5/100
|move|p1a: Cradily|Recover|p1a: Cradily
|-heal|p1a: Cradily|55/100
|
|-heal|p1a: Cradily|61/100|[from] item: Leftovers
|upkeep
|turn|10
|
|t:|1667431809
|move|p2a: Doublade|Close Combat|p1a: Cradily
|-supereffective|p1a: Cradily
|-damage|p1a: Cradily|0 fnt
|-unboost|p2a: Doublade|def|1
|-unboost|p2a: Doublade|spd|1
|faint|p1a: Cradily
|
|upkeep
|
|t:|1667431815
|switch|p1a: Charizard|Charizard, M|100/100
|turn|11
|
|t:|1667431820
|move|p1a: Charizard|Flamethrower|p2a: Doublade
|-supereffective|p2a: Doublade
|-damage|p2a: Doublade|0 fnt
|faint|p2a: Doublade
|
|upkeep
|
|t:|1667431822
|switch|p2a: Archeops|Archeops, M|100/100
|turn|12
|
|t:|1667431832
|switch|p1a: Weezing|Weezing, M|27/100 brn
|move|p2a: Archeops|Meteor Beam||[still]
|-prepare|p2a: Archeops|Meteor Beam
|-boost|p2a: Archeops|spa|1
|-enditem|p2a: Archeops|Power Herb
|-anim|p2a: Archeops|Meteor Beam|p1a: Weezing
|-damage|p1a: Weezing|0 fnt
|faint|p1a: Weezing
|
|upkeep
|
|t:|1667431844
|switch|p1a: Uxie|Uxie|100/100
|turn|13
|
|t:|1667431848
|move|p2a: Archeops|Air Slash|p1a: Uxie
|-damage|p1a: Uxie|67/100
|move|p1a: Uxie|Psychic|p2a: Archeops
|-damage|p2a: Archeops|57/100
|
|upkeep
|turn|14
|
|t:|1667431859
|move|p2a: Archeops|Air Slash|p1a: Uxie
|-damage|p1a: Uxie|38/100
|cant|p1a: Uxie|flinch
|
|upkeep
|turn|15
|
|t:|1667431862
|move|p2a: Archeops|Air Slash|p1a: Uxie
|-crit|p1a: Uxie
|-damage|p1a: Uxie|0 fnt
|faint|p1a: Uxie
|
|upkeep
|
|t:|1667431868
|switch|p1a: Lanturn|Lanturn, F|100/100
|turn|16
|
|t:|1667431871
|move|p2a: Archeops|Earth Power|p1a: Lanturn
|-supereffective|p1a: Lanturn
|-damage|p1a: Lanturn|16/100
|move|p1a: Lanturn|Scald|p2a: Archeops
|-supereffective|p2a: Archeops
|-damage|p2a: Archeops|0 fnt
|faint|p2a: Archeops
|
|-heal|p1a: Lanturn|22/100|[from] item: Leftovers
|upkeep
|
|t:|1667431883
|switch|p2a: Ribombee|Ribombee, F, shiny|100/100
|turn|17
|
|t:|1667431891
|switch|p1a: Charizard|Charizard, M|100/100
|move|p2a: Ribombee|Moonblast|p1a: Charizard
|-resisted|p1a: Charizard
|-damage|p1a: Charizard|72/100
|-unboost|p1a: Charizard|spa|1
|
|upkeep
|turn|18
|
|t:|1667431895
|switch|p2a: Gigalith|Gigalith, F, shiny|100/100
|-weather|Sandstorm|[from] ability: Sand Stream|[of] p2a: Gigalith
|switch|p1a: Scrafty|Scrafty, F, shiny|100/100
|
|-weather|Sandstorm|[upkeep]
|-damage|p1a: Scrafty|95/100|[from] Sandstorm
|-heal|p1a: Scrafty|100/100|[from] item: Leftovers
|upkeep
|turn|19
|
|t:|1667431905
|switch|p2a: Ribombee|Ribombee, F, shiny|100/100
|move|p1a: Scrafty|Knock Off|p2a: Ribombee
|-resisted|p2a: Ribombee
|-damage|p2a: Ribombee|57/100
|-enditem|p2a: Ribombee|Heavy-Duty Boots|[from] move: Knock Off|[of] p1a: Scrafty
|
|-weather|Sandstorm|[upkeep]
|-damage|p2a: Ribombee|51/100|[from] Sandstorm
|-damage|p1a: Scrafty|95/100|[from] Sandstorm
|-heal|p1a: Scrafty|100/100|[from] item: Leftovers
|upkeep
|turn|20
|
|t:|1667431909
|switch|p2a: Gigalith|Gigalith, F, shiny|100/100
|switch|p1a: Charizard|Charizard, M|72/100
|
|-weather|Sandstorm|[upkeep]
|-damage|p1a: Charizard|66/100|[from] Sandstorm
|upkeep
|turn|21
|
|t:|1667431913
|switch|p1a: Scrafty|Scrafty, F, shiny|100/100
|move|p2a: Gigalith|Rock Blast|p1a: Scrafty
|-resisted|p1a: Scrafty
|-damage|p1a: Scrafty|94/100
|-resisted|p1a: Scrafty
|-damage|p1a: Scrafty|88/100
|-hitcount|p1a: Scrafty|2
|
|-weather|Sandstorm|[upkeep]
|-damage|p1a: Scrafty|82/100|[from] Sandstorm
|-heal|p1a: Scrafty|88/100|[from] item: Leftovers
|upkeep
|turn|22
|
|t:|1667431920
|switch|p2a: Wishiwashi|Wishiwashi, M|80/100
|-formechange|p2a: Wishiwashi|Wishiwashi-School||[from] ability: Schooling
|move|p1a: Scrafty|Knock Off|p2a: Wishiwashi
|-damage|p2a: Wishiwashi|49/100
|-enditem|p2a: Wishiwashi|Leftovers|[from] move: Knock Off|[of] p1a: Scrafty
|
|-weather|none
|-heal|p1a: Scrafty|93/100|[from] item: Leftovers
|upkeep
|turn|23
|
|t:|1667431927
|move|p1a: Scrafty|Dragon Dance|p1a: Scrafty
|-boost|p1a: Scrafty|atk|1
|-boost|p1a: Scrafty|spe|1
|move|p2a: Wishiwashi|Scald|p1a: Scrafty
|-crit|p1a: Scrafty
|-damage|p1a: Scrafty|31/100
|
|-heal|p1a: Scrafty|37/100|[from] item: Leftovers
|upkeep
|turn|24
|
|t:|1667431932
|move|p1a: Scrafty|Drain Punch|p2a: Wishiwashi
|-damage|p2a: Wishiwashi|15/100
|-heal|p1a: Scrafty|56/100|[from] drain|[of] p2a: Wishiwashi
|move|p2a: Wishiwashi|Scald|p1a: Scrafty
|-damage|p1a: Scrafty|16/100
|
|-heal|p1a: Scrafty|22/100|[from] item: Leftovers
|-formechange|p2a: Wishiwashi|Wishiwashi||[from] ability: Schooling
|upkeep
|turn|25
|
|t:|1667431945
|move|p1a: Scrafty|Dragon Dance|p1a: Scrafty
|-boost|p1a: Scrafty|atk|1
|-boost|p1a: Scrafty|spe|1
|move|p2a: Wishiwashi|Scald|p1a: Scrafty
|-damage|p1a: Scrafty|11/100
|-status|p1a: Scrafty|brn
|
|-activate|p1a: Scrafty|ability: Shed Skin
|-curestatus|p1a: Scrafty|brn|[msg]
|-heal|p1a: Scrafty|17/100|[from] item: Leftovers
|upkeep
|turn|26
|
|t:|1667431963
|move|p1a: Scrafty|Drain Punch|p2a: Wishiwashi
|-damage|p2a: Wishiwashi|0 fnt
|-heal|p1a: Scrafty|25/100|[from] drain|[of] p2a: Wishiwashi
|faint|p2a: Wishiwashi
|
|-heal|p1a: Scrafty|31/100|[from] item: Leftovers
|upkeep
|
|t:|1667431971
|switch|p2a: Ribombee|Ribombee, F, shiny|51/100
|turn|27
|
|t:|1667431974
|move|p1a: Scrafty|Poison Jab|p2a: Ribombee
|-supereffective|p2a: Ribombee
|-damage|p2a: Ribombee|0 fnt
|faint|p2a: Ribombee
|
|-heal|p1a: Scrafty|37/100|[from] item: Leftovers
|upkeep
|
|t:|1667431976
|switch|p2a: Sandslash|Sandslash, M|100/100
|turn|28
|
|t:|1667431981
|move|p1a: Scrafty|Drain Punch|p2a: Sandslash
|-damage|p2a: Sandslash|41/100
|-heal|p1a: Scrafty|72/100|[from] drain|[of] p2a: Sandslash
|move|p2a: Sandslash|Earthquake|p1a: Scrafty
|-damage|p1a: Scrafty|17/100
|
|-heal|p1a: Scrafty|23/100|[from] item: Leftovers
|-heal|p2a: Sandslash|47/100|[from] item: Leftovers
|upkeep
|turn|29
|
|t:|1667431989
|move|p1a: Scrafty|Drain Punch|p2a: Sandslash
|-damage|p2a: Sandslash|0 fnt
|-heal|p1a: Scrafty|51/100|[from] drain|[of] p2a: Sandslash
|faint|p2a: Sandslash
|
|-heal|p1a: Scrafty|57/100|[from] item: Leftovers
|upkeep
|-message|acluh1 forfeited.
|
|win|Slayerboy752
|raw|Slayerboy752's rating: 1309 &rarr; <strong>1335</strong><br />(+26 for winning)
|raw|acluh1's rating: 1412 &rarr; <strong>1386</strong><br />(-26 for losing)
|l|☆acluh1
||Ladder isn't responding, score probably updated but might not have (Request timeout).
