|j|☆DBasso ♛
|j|☆Ctown6
|player|p1|DBasso ♛|drake-gen3|1366
|player|p2|Ctown6|101|1175
|teamsize|p1|6
|teamsize|p2|6
|gametype|singles
|gen|8
|tier|[Gen 8] PU
|rated|
|clearpoke
|poke|p1|Arctovish|
|poke|p1|Shuckle, M|
|poke|p1|Gothitelle, M|
|poke|p1|Shedinja|
|poke|p1|Silvally-*|
|poke|p1|Bellossom, F|
|poke|p2|Dusclops, M|
|poke|p2|Arctovish|
|poke|p2|Greedent, F|
|poke|p2|Glaceon, F|
|poke|p2|Swoobat, M|
|poke|p2|Lunatone|
|rule|Sleep Clause Mod: Limit one foe put to sleep
|rule|Species Clause: Limit one of each Pokémon
|rule|OHKO Clause: OHKO moves are banned
|rule|Evasion Moves Clause: Evasion moves are banned
|rule|Endless Battle Clause: Forcing endless battles is banned
|rule|HP Percentage Mod: HP is shown in percentages
|rule|Dynamax Clause: You cannot dynamax
|teampreview
|inactive|Battle timer is ON: inactive players will automatically lose when time's up. (requested by Ctown6)
|inactive|DBasso ♛ has 120 seconds left.
|
|start
|switch|p1a: Shuckle|Shuckle, M|100/100
|switch|p2a: Lunatone|Lunatone|100/100
|turn|1
|
|move|p2a: Lunatone|Stealth Rock|p1a: Shuckle
|-sidestart|p1: DBasso ♛|move: Stealth Rock
|move|p1a: Shuckle|Stealth Rock|p2a: Lunatone
|-sidestart|p2: Ctown6|move: Stealth Rock
|
|upkeep
|turn|2
|
|move|p1a: Shuckle|Encore|p2a: Lunatone
|-start|p2a: Lunatone|Encore
|move|p2a: Lunatone|Stealth Rock||[still]
|-fail|p2a: Lunatone
|
|upkeep
|turn|3
|
|switch|p2a: Dusclops|Dusclops, M|100/100
|-damage|p2a: Dusclops|88/100|[from] Stealth Rock
|-item|p1a: Shuckle|Mental Herb|[from] ability: Frisk|[of] p2a: Dusclops|[identify]
|move|p1a: Shuckle|Sticky Web|p2a: Dusclops
|-sidestart|p2: Ctown6|move: Sticky Web
|
|upkeep
|turn|4
|
|move|p1a: Shuckle|Encore||[still]
|-fail|p1a: Shuckle
|move|p2a: Dusclops|Trick Room|p2a: Dusclops
|-fieldstart|move: Trick Room|[of] p2a: Dusclops
|
|upkeep
|turn|5
|
|switch|p2a: Arctovish|Arctovish|100/100
|-damage|p2a: Arctovish|75/100|[from] Stealth Rock
|-activate|p2a: Arctovish|move: Sticky Web
|-unboost|p2a: Arctovish|spe|1
|move|p1a: Shuckle|Encore||[still]
|-fail|p1a: Shuckle
|
|upkeep
|turn|6
|
|move|p1a: Shuckle|Final Gambit|p2a: Arctovish
|-damage|p2a: Arctovish|12/100
|faint|p1a: Shuckle
|move|p2a: Arctovish|Stone Edge|p1: Shuckle|[notarget]
|-fail|p2a: Arctovish
|
|upkeep
|
|switch|p1a: Shedinja|Shedinja|100/100
|turn|7
|
|move|p1a: Shedinja|Shadow Sneak|p2a: Arctovish
|-damage|p2a: Arctovish|0 fnt
|faint|p2a: Arctovish
|
|upkeep
|
|switch|p2a: Dusclops|Dusclops, M|88/100
|-activate|p2a: Dusclops|move: Sticky Web
|-unboost|p2a: Dusclops|spe|1
|-damage|p2a: Dusclops|76/100|[from] Stealth Rock
|-item|p1a: Shedinja|Heavy-Duty Boots|[from] ability: Frisk|[of] p2a: Dusclops|[identify]
|turn|8
|
|switch|p1a: Gothitelle|Gothitelle, M|100/100
|-damage|p1a: Gothitelle|88/100|[from] Stealth Rock
|move|p2a: Dusclops|Night Shade|p1a: Gothitelle
|-damage|p1a: Gothitelle|52/100
|
|-fieldend|move: Trick Room
|upkeep
|turn|9
|
|move|p1a: Gothitelle|Nasty Plot|p1a: Gothitelle
|-boost|p1a: Gothitelle|spa|2
|move|p2a: Dusclops|Night Shade|p1a: Gothitelle
|-damage|p1a: Gothitelle|17/100
|
|upkeep
|turn|10
|
|move|p1a: Gothitelle|Shadow Ball|p2a: Dusclops
|-supereffective|p2a: Dusclops
|-damage|p2a: Dusclops|18/100
|-damage|p1a: Gothitelle|7/100|[from] item: Life Orb
|move|p2a: Dusclops|Trick Room|p2a: Dusclops
|-fieldstart|move: Trick Room|[of] p2a: Dusclops
|
|upkeep
|turn|11
|
|move|p2a: Dusclops|Curse|p1a: Gothitelle
|-start|p1a: Gothitelle|Curse|[of] p2a: Dusclops
|-damage|p2a: Dusclops|0 fnt
|faint|p2a: Dusclops
|move|p1a: Gothitelle|Shadow Ball|p2: Dusclops|[notarget]
|-fail|p1a: Gothitelle
|
|-damage|p1a: Gothitelle|0 fnt|[from] Curse
|faint|p1a: Gothitelle
|upkeep
|
|switch|p2a: Greedent|Greedent, F|100/100
|switch|p1a: Silvally|Silvally-Fire|100/100
|-damage|p2a: Greedent|88/100|[from] Stealth Rock
|-activate|p2a: Greedent|move: Sticky Web
|-unboost|p2a: Greedent|spe|1
|-damage|p1a: Silvally|76/100|[from] Stealth Rock
|turn|12
|
|move|p2a: Greedent|Belly Drum|p2a: Greedent
|-damage|p2a: Greedent|38/100
|-setboost|p2a: Greedent|atk|6|[from] move: Belly Drum
|-enditem|p2a: Greedent|Sitrus Berry|[eat]
|-heal|p2a: Greedent|63/100|[from] item: Sitrus Berry
|-heal|p2a: Greedent|96/100|[from] ability: Cheek Pouch
|move|p1a: Silvally|Parting Shot|p2a: Greedent
|-unboost|p2a: Greedent|atk|1
|-unboost|p2a: Greedent|spa|1
|
|switch|p1a: Shedinja|Shedinja|100/100|[from]move: Parting Shot
|
|upkeep
|turn|13
|
|switch|p1a: Silvally|Silvally-Fire|76/100
|-damage|p1a: Silvally|51/100|[from] Stealth Rock
|move|p2a: Greedent|Crunch|p1a: Silvally
|-damage|p1a: Silvally|0 fnt
|faint|p1a: Silvally
|
|upkeep
|
|switch|p1a: Shedinja|Shedinja|100/100
|turn|14
|
|move|p2a: Greedent|Crunch|p1a: Shedinja
|-supereffective|p1a: Shedinja
|-damage|p1a: Shedinja|0 fnt
|faint|p1a: Shedinja
|
|-fieldend|move: Trick Room
|upkeep
|
|switch|p1a: Arctovish|Arctovish|100/100
|-damage|p1a: Arctovish|76/100|[from] Stealth Rock
|turn|15
|
|move|p1a: Arctovish|Fishious Rend|p2a: Greedent
|-damage|p2a: Greedent|8/100
|move|p2a: Greedent|Superpower|p1a: Arctovish
|-supereffective|p1a: Arctovish
|-damage|p1a: Arctovish|0 fnt
|-unboost|p2a: Greedent|atk|1
|-unboost|p2a: Greedent|def|1
|faint|p1a: Arctovish
|
|upkeep
|
|switch|p1a: Bellossom|Bellossom, F|100/100
|-damage|p1a: Bellossom|88/100|[from] Stealth Rock
|turn|16
|
|move|p1a: Bellossom|Strength Sap|p2a: Greedent
|-unboost|p2a: Greedent|atk|1
|-heal|p1a: Bellossom|100/100
|move|p2a: Greedent|Crunch|p1a: Bellossom
|-damage|p1a: Bellossom|54/100
|
|-heal|p1a: Bellossom|60/100|[from] item: Leftovers
|upkeep
|turn|17
|
|switch|p2a: Lunatone|Lunatone|100/100
|-damage|p2a: Lunatone|88/100|[from] Stealth Rock
|move|p1a: Bellossom|Strength Sap|p2a: Lunatone
|-unboost|p2a: Lunatone|atk|1
|-heal|p1a: Bellossom|91/100
|
|-heal|p2a: Lunatone|94/100|[from] item: Leftovers
|-heal|p1a: Bellossom|97/100|[from] item: Leftovers
|upkeep
|turn|18
|
|move|p2a: Lunatone|Moonblast|p1a: Bellossom
|-damage|p1a: Bellossom|73/100
|-unboost|p1a: Bellossom|spa|1
|move|p1a: Bellossom|Quiver Dance|p1a: Bellossom
|-boost|p1a: Bellossom|spa|1
|-boost|p1a: Bellossom|spd|1
|-boost|p1a: Bellossom|spe|1
|
|-heal|p1a: Bellossom|79/100|[from] item: Leftovers
|-heal|p2a: Lunatone|100/100|[from] item: Leftovers
|upkeep
|turn|19
|
|move|p1a: Bellossom|Quiver Dance|p1a: Bellossom
|-boost|p1a: Bellossom|spa|1
|-boost|p1a: Bellossom|spd|1
|-boost|p1a: Bellossom|spe|1
|move|p2a: Lunatone|Moonblast|p1a: Bellossom
|-damage|p1a: Bellossom|68/100
|
|-heal|p1a: Bellossom|74/100|[from] item: Leftovers
|upkeep
|turn|20
|
|switch|p2a: Swoobat|Swoobat, M|100/100
|-damage|p2a: Swoobat|75/100|[from] Stealth Rock
|move|p1a: Bellossom|Quiver Dance|p1a: Bellossom
|-boost|p1a: Bellossom|spa|1
|-boost|p1a: Bellossom|spd|1
|-boost|p1a: Bellossom|spe|1
|
|-heal|p1a: Bellossom|81/100|[from] item: Leftovers
|upkeep
|turn|21
|
|move|p1a: Bellossom|Moonblast|p2a: Swoobat
|-damage|p2a: Swoobat|0 fnt
|faint|p2a: Swoobat
|
|-heal|p1a: Bellossom|87/100|[from] item: Leftovers
|upkeep
|
|switch|p2a: Glaceon|Glaceon, F|100/100
|-damage|p2a: Glaceon|75/100|[from] Stealth Rock
|-activate|p2a: Glaceon|move: Sticky Web
|-unboost|p2a: Glaceon|spe|1
|turn|22
|
|move|p1a: Bellossom|Giga Drain|p2a: Glaceon
|-damage|p2a: Glaceon|9/100
|-heal|p1a: Bellossom|100/100|[from] drain|[of] p2a: Glaceon
|move|p2a: Glaceon|Ice Beam|p1a: Bellossom
|-supereffective|p1a: Bellossom
|-damage|p1a: Bellossom|56/100
|
|-heal|p1a: Bellossom|62/100|[from] item: Leftovers
|upkeep
|turn|23
|
|move|p1a: Bellossom|Giga Drain|p2a: Glaceon
|-damage|p2a: Glaceon|0 fnt
|-heal|p1a: Bellossom|66/100|[from] drain|[of] p2a: Glaceon
|faint|p2a: Glaceon
|
|-heal|p1a: Bellossom|72/100|[from] item: Leftovers
|upkeep
|
|switch|p2a: Lunatone|Lunatone|100/100
|-damage|p2a: Lunatone|88/100|[from] Stealth Rock
|turn|24
|
|move|p1a: Bellossom|Giga Drain|p2a: Lunatone
|-supereffective|p2a: Lunatone
|-damage|p2a: Lunatone|5/100
|-heal|p1a: Bellossom|100/100|[from] drain|[of] p2a: Lunatone
|move|p2a: Lunatone|Trick Room|p2a: Lunatone
|-fieldstart|move: Trick Room|[of] p2a: Lunatone
|
|-heal|p2a: Lunatone|11/100|[from] item: Leftovers
|upkeep
|turn|25
|
|move|p2a: Lunatone|Moonblast|p1a: Bellossom
|-damage|p1a: Bellossom|92/100
|move|p1a: Bellossom|Giga Drain|p2a: Lunatone
|-supereffective|p2a: Lunatone
|-damage|p2a: Lunatone|0 fnt
|-heal|p1a: Bellossom|98/100|[from] drain|[of] p2a: Lunatone
|faint|p2a: Lunatone
|
|-heal|p1a: Bellossom|100/100|[from] item: Leftovers
|upkeep
|c|☆DBasso ♛|gg
|
|switch|p2a: Greedent|Greedent, F|8/100
|-damage|p2a: Greedent|0 fnt|[from] Stealth Rock
|-activate|p2a: Greedent|move: Sticky Web
|faint|p2a: Greedent
|
|win|DBasso ♛
|c|☆Ctown6|Oof
|c|☆Ctown6|gg
|l|☆Ctown6
||Ladder (probably) updated, but score could not be retrieved (Response not received).
