|raw|<div class="broadcast-blue"><strong>This battle is required to be public due to a player having a name starting with 'pult4c1'.</div>
|j|☆yassy slay
|j|☆PULT4C1 Redemption
|t:|1661076081
|gametype|singles
|player|p1|yassy slay|clown|1638
|player|p2|PULT4C1 Redemption|170|1544
|teamsize|p1|6
|teamsize|p2|6
|gen|8
|tier|[Gen 8] PU
|rated|
|rule|Sleep Clause Mod: Limit one foe put to sleep
|rule|Species Clause: Limit one of each Pokémon
|rule|OHKO Clause: OHKO moves are banned
|rule|Evasion Items Clause: Evasion items are banned
|rule|Evasion Moves Clause: Evasion moves are banned
|rule|Endless Battle Clause: Forcing endless battles is banned
|rule|HP Percentage Mod: HP is shown in percentages
|rule|Dynamax Clause: You cannot dynamax
|clearpoke
|poke|p1|Flapple, M|
|poke|p1|Weezing, F|
|poke|p1|Comfey, F|
|poke|p1|Gourgeist-*, F|
|poke|p1|Gigalith, M|
|poke|p1|Sandslash, F|
|poke|p2|Doublade, M|
|poke|p2|Gigalith, M|
|poke|p2|Sneasel, F|
|poke|p2|Sandslash, M|
|poke|p2|Ribombee, F|
|poke|p2|Whimsicott, F|
|teampreview
|j| PULT4C1 Haffling
|
|t:|1661076100
|start
|switch|p1a: Comfey|Comfey, F|100/100
|switch|p2a: Sneasel|Sneasel, F|100/100
|turn|1
|
|t:|1661076107
|switch|p2a: Gigalith|Gigalith, M|100/100
|-weather|Sandstorm|[from] ability: Sand Stream|[of] p2a: Gigalith
|move|p1a: Comfey|Trick|p2a: Gigalith
|-activate|p1a: Comfey|move: Trick|[of] p2a: Gigalith
|-item|p2a: Gigalith|Choice Specs|[from] move: Trick
|-item|p1a: Comfey|Leftovers|[from] move: Trick
|
|-weather|Sandstorm|[upkeep]
|-damage|p1a: Comfey|95/100|[from] Sandstorm
|-heal|p1a: Comfey|100/100|[from] item: Leftovers
|upkeep
|turn|2
|
|t:|1661076116
|switch|p1a: Flapple|Flapple, M|100/100
|move|p2a: Gigalith|Stealth Rock|p1a: Flapple
|-sidestart|p1: yassy slay|move: Stealth Rock
|
|-weather|Sandstorm|[upkeep]
|-damage|p1a: Flapple|94/100|[from] Sandstorm
|upkeep
|turn|3
|
|t:|1661076127
|switch|p2a: Doublade|Doublade, M|100/100
|move|p1a: Flapple|Grav Apple|p2a: Doublade
|-resisted|p2a: Doublade
|-damage|p2a: Doublade|79/100
|-unboost|p2a: Doublade|def|1
|-damage|p1a: Flapple|84/100|[from] item: Life Orb
|
|-weather|Sandstorm|[upkeep]
|-damage|p1a: Flapple|78/100|[from] Sandstorm
|upkeep
|turn|4
|
|t:|1661076135
|switch|p2a: Whimsicott|Whimsicott, F|100/100
|move|p1a: Flapple|U-turn|p2a: Whimsicott
|-damage|p2a: Whimsicott|47/100
|-damage|p1a: Flapple|68/100|[from] item: Life Orb
|
|t:|1661076145
|switch|p1a: Weezing|Weezing, F|100/100|[from]move: U-turn
|-ability|p1a: Weezing|Neutralizing Gas
|-damage|p1a: Weezing|88/100|[from] Stealth Rock
|
|-weather|Sandstorm|[upkeep]
|-damage|p2a: Whimsicott|41/100|[from] Sandstorm
|-damage|p1a: Weezing|82/100|[from] Sandstorm
|-heal|p1a: Weezing|88/100|[from] item: Black Sludge
|upkeep
|turn|5
|
|t:|1661076162
|move|p2a: Whimsicott|U-turn|p1a: Weezing
|-resisted|p1a: Weezing
|-damage|p1a: Weezing|84/100
|
|t:|1661076169
|switch|p2a: Gigalith|Gigalith, M|100/100|[from]move: U-turn
|move|p1a: Weezing|Toxic Spikes|p2a: Gigalith
|-sidestart|p2: PULT4C1 Redemption|move: Toxic Spikes
|
|-weather|none
|-heal|p1a: Weezing|90/100|[from] item: Black Sludge
|upkeep
|turn|6
|j| pult4c1eifo
|
|t:|1661076180
|-end|p1a: Weezing|ability: Neutralizing Gas
|-weather|Sandstorm|[from] ability: Sand Stream|[of] p2a: Gigalith
|switch|p1a: Comfey|Comfey, F|100/100
|-damage|p1a: Comfey|88/100|[from] Stealth Rock
|move|p2a: Gigalith|Earthquake|p1a: Comfey
|-damage|p1a: Comfey|54/100
|
|-weather|Sandstorm|[upkeep]
|-damage|p1a: Comfey|48/100|[from] Sandstorm
|-heal|p1a: Comfey|54/100|[from] item: Leftovers
|upkeep
|turn|7
|
|t:|1661076187
|switch|p1a: Sandslash|Sandslash, F|100/100
|move|p2a: Gigalith|Earthquake|p1a: Sandslash
|-damage|p1a: Sandslash|71/100
|
|-weather|Sandstorm|[upkeep]
|upkeep
|turn|8
|
|t:|1661076194
|move|p1a: Sandslash|Swords Dance|p1a: Sandslash
|-boost|p1a: Sandslash|atk|2
|move|p2a: Gigalith|Earthquake|p1a: Sandslash
|-damage|p1a: Sandslash|41/100
|
|-weather|Sandstorm|[upkeep]
|upkeep
|turn|9
|
|t:|1661076208
|switch|p2a: Whimsicott|Whimsicott, F|41/100
|move|p1a: Sandslash|Earthquake|p2a: Whimsicott
|-resisted|p2a: Whimsicott
|-damage|p2a: Whimsicott|0 fnt
|faint|p2a: Whimsicott
|
|-weather|Sandstorm|[upkeep]
|upkeep
|
|t:|1661076210
|switch|p2a: Sneasel|Sneasel, F|100/100
|turn|10
|
|t:|1661076216
|switch|p1a: Weezing|Weezing, F|90/100
|-ability|p1a: Weezing|Neutralizing Gas
|-damage|p1a: Weezing|78/100|[from] Stealth Rock
|move|p2a: Sneasel|Ice Shard|p1a: Weezing
|-damage|p1a: Weezing|66/100
|
|-weather|none
|-heal|p1a: Weezing|72/100|[from] item: Black Sludge
|upkeep
|turn|11
|j| Carmin
|j| ekelelelele
|
|t:|1661076232
|move|p2a: Sneasel|Knock Off|p1a: Weezing
|-damage|p1a: Weezing|45/100
|-enditem|p1a: Weezing|Black Sludge|[from] move: Knock Off|[of] p2a: Sneasel
|move|p1a: Weezing|Flamethrower|p2a: Sneasel
|-supereffective|p2a: Sneasel
|-damage|p2a: Sneasel|38/100
|
|upkeep
|turn|12
|
|t:|1661076241
|switch|p2a: Gigalith|Gigalith, M|100/100
|-status|p2a: Gigalith|psn
|move|p1a: Weezing|Flamethrower|p2a: Gigalith
|-resisted|p2a: Gigalith
|-damage|p2a: Gigalith|94/100 psn
|
|-damage|p2a: Gigalith|82/100 psn|[from] psn
|upkeep
|turn|13
|
|t:|1661076260
|move|p1a: Weezing|Pain Split|p2a: Gigalith
|-sethp|p2a: Gigalith|61/100 psn|[from] move: Pain Split|[silent]
|-sethp|p1a: Weezing|68/100|[from] move: Pain Split
|move|p2a: Gigalith|Earthquake|p1a: Weezing
|-supereffective|p1a: Weezing
|-damage|p1a: Weezing|31/100
|
|-damage|p2a: Gigalith|49/100 psn|[from] psn
|upkeep
|turn|14
|
|t:|1661076267
|-end|p1a: Weezing|ability: Neutralizing Gas
|-weather|Sandstorm|[from] ability: Sand Stream|[of] p2a: Gigalith
|switch|p1a: Gourgeist|Gourgeist-Super, F|100/100
|-damage|p1a: Gourgeist|88/100|[from] Stealth Rock
|-item|p2a: Gigalith|Choice Specs|[from] ability: Frisk|[of] p1a: Gourgeist|[identify]
|move|p2a: Gigalith|Earthquake|p1a: Gourgeist
|-resisted|p1a: Gourgeist
|-damage|p1a: Gourgeist|76/100
|
|-weather|Sandstorm|[upkeep]
|-damage|p1a: Gourgeist|70/100|[from] Sandstorm
|-damage|p2a: Gigalith|36/100 psn|[from] psn
|upkeep
|turn|15
|
|t:|1661076301
|switch|p2a: Sneasel|Sneasel, F|38/100
|move|p1a: Gourgeist|Poltergeist|p2a: Sneasel
|-activate|p2a: Sneasel|move: Poltergeist|Heavy-Duty Boots
|-resisted|p2a: Sneasel
|-damage|p2a: Sneasel|0 fnt
|faint|p2a: Sneasel
|
|-weather|Sandstorm|[upkeep]
|-damage|p1a: Gourgeist|64/100|[from] Sandstorm
|upkeep
|
|t:|1661076311
|switch|p2a: Ribombee|Ribombee, F|100/100
|-status|p2a: Ribombee|psn
|turn|16
|
|t:|1661076316
|switch|p1a: Gigalith|Gigalith, M|100/100
|-damage|p1a: Gigalith|88/100|[from] Stealth Rock
|move|p2a: Ribombee|Moonblast|p1a: Gigalith
|-crit|p1a: Gigalith
|-damage|p1a: Gigalith|42/100
|
|-weather|Sandstorm|[upkeep]
|-damage|p2a: Ribombee|94/100 psn|[from] Sandstorm
|-heal|p1a: Gigalith|48/100|[from] item: Leftovers
|-damage|p2a: Ribombee|82/100 psn|[from] psn
|upkeep
|turn|17
|
|t:|1661076334
|move|p2a: Ribombee|Moonblast|p1a: Gigalith
|-damage|p1a: Gigalith|15/100
|move|p1a: Gigalith|Rock Blast|p2a: Ribombee
|-supereffective|p2a: Ribombee
|-damage|p2a: Ribombee|34/100 psn
|-supereffective|p2a: Ribombee
|-damage|p2a: Ribombee|0 fnt
|faint|p2a: Ribombee
|-hitcount|p2: Ribombee|2
|
|-weather|Sandstorm|[upkeep]
|-heal|p1a: Gigalith|22/100|[from] item: Leftovers
|upkeep
|
|t:|1661076349
|switch|p2a: Doublade|Doublade, M|79/100
|turn|18
|
|t:|1661076353
|move|p2a: Doublade|Swords Dance|p2a: Doublade
|-boost|p2a: Doublade|atk|2
|move|p1a: Gigalith|Earthquake|p2a: Doublade
|-supereffective|p2a: Doublade
|-damage|p2a: Doublade|47/100
|
|-weather|none
|-heal|p1a: Gigalith|28/100|[from] item: Leftovers
|upkeep
|turn|19
|
|t:|1661076362
|move|p2a: Doublade|Iron Head|p1a: Gigalith
|-supereffective|p1a: Gigalith
|-damage|p1a: Gigalith|0 fnt
|faint|p1a: Gigalith
|
|upkeep
|
|t:|1661076388
|switch|p1a: Flapple|Flapple, M|68/100
|-damage|p1a: Flapple|56/100|[from] Stealth Rock
|turn|20
|
|t:|1661076392
|move|p1a: Flapple|Sucker Punch||[still]
|-fail|p1a: Flapple
|move|p2a: Doublade|Swords Dance|p2a: Doublade
|-boost|p2a: Doublade|atk|2
|
|upkeep
|turn|21
|
|t:|1661076398
|move|p1a: Flapple|Sucker Punch||[still]
|-fail|p1a: Flapple
|move|p2a: Doublade|Swords Dance|p2a: Doublade
|-boost|p2a: Doublade|atk|2
|
|upkeep
|turn|22
|
|t:|1661076403
|move|p1a: Flapple|Sucker Punch||[still]
|-fail|p1a: Flapple
|move|p2a: Doublade|Swords Dance|p2a: Doublade
|-boost|p2a: Doublade|atk|0
|
|upkeep
|turn|23
|
|t:|1661076407
|move|p1a: Flapple|Grav Apple|p2a: Doublade
|-resisted|p2a: Doublade
|-damage|p2a: Doublade|26/100
|-unboost|p2a: Doublade|def|1
|-damage|p1a: Flapple|46/100|[from] item: Life Orb
|move|p2a: Doublade|Swords Dance|p2a: Doublade
|-boost|p2a: Doublade|atk|0
|
|upkeep
|turn|24
|
|t:|1661076412
|move|p1a: Flapple|Sucker Punch|p2a: Doublade
|-supereffective|p2a: Doublade
|-damage|p2a: Doublade|0 fnt
|faint|p2a: Doublade
|-damage|p1a: Flapple|36/100|[from] item: Life Orb
|
|upkeep
|
|t:|1661076413
|switch|p2a: Gigalith|Gigalith, M|36/100 psn
|-weather|Sandstorm|[from] ability: Sand Stream|[of] p2a: Gigalith
|turn|25
|
|t:|1661076416
|move|p1a: Flapple|Grav Apple|p2a: Gigalith
|-supereffective|p2a: Gigalith
|-damage|p2a: Gigalith|0 fnt
|faint|p2a: Gigalith
|-damage|p1a: Flapple|26/100|[from] item: Life Orb
|
|-weather|Sandstorm|[upkeep]
|-damage|p1a: Flapple|20/100|[from] Sandstorm
|upkeep
|
|t:|1661076418
|switch|p2a: Sandslash|Sandslash, M|100/100
|-status|p2a: Sandslash|psn
|turn|26
|
|t:|1661076423
|move|p2a: Sandslash|Earthquake|p1a: Flapple
|-resisted|p1a: Flapple
|-damage|p1a: Flapple|0 fnt
|faint|p1a: Flapple
|-damage|p2a: Sandslash|91/100 psn|[from] item: Life Orb
|
|-weather|Sandstorm|[upkeep]
|-damage|p2a: Sandslash|78/100 psn|[from] psn
|upkeep
|
|t:|1661076429
|switch|p1a: Comfey|Comfey, F|54/100
|-damage|p1a: Comfey|41/100|[from] Stealth Rock
|turn|27
|
|t:|1661076431
|move|p1a: Comfey|Draining Kiss|p2a: Sandslash
|-damage|p2a: Sandslash|41/100 psn
|-heal|p1a: Comfey|72/100|[from] drain|[of] p2a: Sandslash
|move|p2a: Sandslash|Earthquake|p1a: Comfey
|-damage|p1a: Comfey|0 fnt
|faint|p1a: Comfey
|-damage|p2a: Sandslash|31/100 psn|[from] item: Life Orb
|
|-weather|Sandstorm|[upkeep]
|-damage|p2a: Sandslash|18/100 psn|[from] psn
|upkeep
|
|t:|1661076434
|switch|p1a: Gourgeist|Gourgeist-Super, F|64/100
|-damage|p1a: Gourgeist|51/100|[from] Stealth Rock
|-item|p2a: Sandslash|Life Orb|[from] ability: Frisk|[of] p1a: Gourgeist|[identify]
|turn|28
|
|t:|1661076436
|move|p1a: Gourgeist|Shadow Sneak|p2a: Sandslash
|-damage|p2a: Sandslash|0 fnt
|faint|p2a: Sandslash
|
|win|yassy slay
|raw|yassy slay's rating: 1638 &rarr; <strong>1653</strong><br />(+15 for winning)
|raw|PULT4C1 Redemption's rating: 1544 &rarr; <strong>1529</strong><br />(-15 for losing)
|l|☆PULT4C1 Redemption
|c|☆yassy slay|gg
|l| ekelelelele
