|raw|<div class="broadcast-blue"><strong>This battle is required to be public due to a player having a name starting with 'pult4t2'.</div>
|j|☆pult4t2 le s
|j|☆PULT4T2 Irish
|t:|1661373327
|gametype|singles
|player|p1|pult4t2 le s|#stt4toxicboys|1619
|player|p2|PULT4T2 Irish|misty|1484
|teamsize|p1|6
|teamsize|p2|6
|gen|8
|tier|[Gen 8] PU
|rated|
|rule|Sleep Clause Mod: Limit one foe put to sleep
|rule|Species Clause: Limit one of each Pokémon
|rule|OHKO Clause: OHKO moves are banned
|rule|Evasion Items Clause: Evasion items are banned
|rule|Evasion Moves Clause: Evasion moves are banned
|rule|Endless Battle Clause: Forcing endless battles is banned
|rule|HP Percentage Mod: HP is shown in percentages
|rule|Dynamax Clause: You cannot dynamax
|clearpoke
|poke|p1|Lycanroc, F|
|poke|p1|Turtonator, F|
|poke|p1|Doublade, M|
|poke|p1|Silvally-*|
|poke|p1|Aurorus, F|
|poke|p1|Scrafty, M|
|poke|p2|Scrafty, M|
|poke|p2|Weezing, F|
|poke|p2|Doublade, F|
|poke|p2|Jolteon, M|
|poke|p2|Coalossal, F|
|poke|p2|Wishiwashi, M|
|teampreview
|inactive|Battle timer is ON: inactive players will automatically lose when time's up. (requested by pult4t2 le s)
|c|☆pult4t2 le s|hf
|c|☆PULT4T2 Irish|u2
|
|t:|1661373347
|start
|switch|p1a: Lycanroc|Lycanroc, F|100/100
|switch|p2a: Doublade|Doublade, F|100/100
|turn|1
|
|t:|1661373357
|move|p1a: Lycanroc|Stealth Rock|p2a: Doublade
|-sidestart|p2: PULT4T2 Irish|move: Stealth Rock
|move|p2a: Doublade|Iron Head|p1a: Lycanroc
|-supereffective|p1a: Lycanroc
|-enditem|p1a: Lycanroc|Focus Sash
|-damage|p1a: Lycanroc|1/100
|
|upkeep
|turn|2
|
|t:|1661373367
|switch|p1a: Scrafty|Scrafty, M|100/100
|move|p2a: Doublade|Shadow Sneak|p1a: Scrafty
|-resisted|p1a: Scrafty
|-damage|p1a: Scrafty|89/100
|
|upkeep
|turn|3
|
|t:|1661373378
|switch|p1a: Turtonator|Turtonator, F|100/100
|move|p2a: Doublade|Swords Dance|p2a: Doublade
|-boost|p2a: Doublade|atk|2
|
|upkeep
|turn|4
|
|t:|1661373389
|switch|p2a: Coalossal|Coalossal, F|100/100
|move|p1a: Turtonator|Shell Smash|p1a: Turtonator
|-unboost|p1a: Turtonator|def|1
|-unboost|p1a: Turtonator|spd|1
|-boost|p1a: Turtonator|atk|2
|-boost|p1a: Turtonator|spa|2
|-boost|p1a: Turtonator|spe|2
|-enditem|p1a: Turtonator|White Herb
|-clearnegativeboost|p1a: Turtonator|[silent]
|
|upkeep
|turn|5
|inactive|pult4t2 le s has 120 seconds left.
|
|t:|1661373427
|move|p1a: Turtonator|Draco Meteor|p2a: Coalossal
|-damage|p2a: Coalossal|30/100
|-unboost|p1a: Turtonator|spa|2
|move|p2a: Coalossal|Stone Edge|p1a: Turtonator|[miss]
|-miss|p2a: Coalossal|p1a: Turtonator
|
|upkeep
|turn|6
|inactive|pult4t2 le s has 120 seconds left.
|
|t:|1661373443
|move|p1a: Turtonator|Draco Meteor|p2a: Coalossal|[miss]
|-miss|p1a: Turtonator|p2a: Coalossal
|move|p2a: Coalossal|Stone Edge|p1a: Turtonator|[miss]
|-miss|p2a: Coalossal|p1a: Turtonator
|
|upkeep
|turn|7
|c|☆pult4t2 le s|mb
|
|t:|1661373447
|move|p1a: Turtonator|Draco Meteor|p2a: Coalossal
|-damage|p2a: Coalossal|0 fnt
|-unboost|p1a: Turtonator|spa|2
|faint|p2a: Coalossal
|
|upkeep
|
|t:|1661373456
|switch|p2a: Wishiwashi|Wishiwashi, M|100/100
|-damage|p2a: Wishiwashi|88/100|[from] Stealth Rock
|-formechange|p2a: Wishiwashi|Wishiwashi-School||[from] ability: Schooling
|turn|8
|
|t:|1661373460
|switch|p1a: Lycanroc|Lycanroc, F|1/100
|move|p2a: Wishiwashi|Scald|p1a: Lycanroc
|-supereffective|p1a: Lycanroc
|-damage|p1a: Lycanroc|0 fnt
|faint|p1a: Lycanroc
|
|-heal|p2a: Wishiwashi|94/100|[from] item: Leftovers
|upkeep
|
|t:|1661373468
|switch|p1a: Silvally|Silvally-Grass|100/100
|turn|9
|
|t:|1661373474
|switch|p1a: Aurorus|Aurorus, F|100/100
|-weather|Hail|[from] ability: Snow Warning|[of] p1a: Aurorus
|move|p2a: Wishiwashi|U-turn|p1a: Aurorus
|-damage|p1a: Aurorus|80/100
|
|t:|1661373481
|switch|p2a: Scrafty|Scrafty, M|100/100|[from]move: U-turn
|-damage|p2a: Scrafty|95/100|[from] Stealth Rock
|
|-weather|Hail|[upkeep]
|-damage|p2a: Scrafty|89/100|[from] Hail
|upkeep
|turn|10
|
|t:|1661373497
|move|p2a: Scrafty|Drain Punch|p1a: Aurorus
|-supereffective|p1a: Aurorus
|-damage|p1a: Aurorus|0 fnt
|-heal|p2a: Scrafty|100/100|[from] drain|[of] p1a: Aurorus
|faint|p1a: Aurorus
|
|-weather|Hail|[upkeep]
|-damage|p2a: Scrafty|95/100|[from] Hail
|upkeep
|
|t:|1661373510
|switch|p1a: Turtonator|Turtonator, F|100/100
|turn|11
|
|t:|1661373513
|move|p2a: Scrafty|Drain Punch|p1a: Turtonator
|-damage|p1a: Turtonator|54/100
|-heal|p2a: Scrafty|100/100|[from] drain|[of] p1a: Turtonator
|move|p1a: Turtonator|Shell Smash|p1a: Turtonator
|-unboost|p1a: Turtonator|def|1
|-unboost|p1a: Turtonator|spd|1
|-boost|p1a: Turtonator|atk|2
|-boost|p1a: Turtonator|spa|2
|-boost|p1a: Turtonator|spe|2
|
|-weather|Hail|[upkeep]
|-damage|p1a: Turtonator|48/100|[from] Hail
|-damage|p2a: Scrafty|95/100|[from] Hail
|upkeep
|turn|12
|
|t:|1661373518
|move|p1a: Turtonator|Fire Blast|p2a: Scrafty
|-damage|p2a: Scrafty|0 fnt
|faint|p2a: Scrafty
|
|-weather|Hail|[upkeep]
|-damage|p1a: Turtonator|42/100|[from] Hail
|upkeep
|
|t:|1661373521
|switch|p2a: Jolteon|Jolteon, M|100/100
|turn|13
|
|t:|1661373540
|switch|p1a: Silvally|Silvally-Grass|100/100
|move|p2a: Jolteon|Shadow Ball|p1a: Silvally
|-damage|p1a: Silvally|75/100
|
|-weather|none
|upkeep
|turn|14
|
|t:|1661373545
|move|p2a: Jolteon|Volt Switch|p1a: Silvally
|-resisted|p1a: Silvally
|-damage|p1a: Silvally|57/100
|
|t:|1661373547
|switch|p2a: Weezing|Weezing, F|100/100|[from]move: Volt Switch
|-damage|p2a: Weezing|88/100|[from] Stealth Rock
|move|p1a: Silvally|Swords Dance|p1a: Silvally
|-boost|p1a: Silvally|atk|2
|
|upkeep
|turn|15
|
|t:|1661373553
|switch|p1a: Turtonator|Turtonator, F|42/100
|move|p2a: Weezing|Sludge Bomb|p1a: Turtonator
|-damage|p1a: Turtonator|4/100
|
|upkeep
|turn|16
|
|t:|1661373560
|switch|p2a: Jolteon|Jolteon, M|100/100
|move|p1a: Turtonator|Draco Meteor|p2a: Jolteon
|-damage|p2a: Jolteon|28/100
|-unboost|p1a: Turtonator|spa|2
|
|upkeep
|turn|17
|
|t:|1661373572
|move|p2a: Jolteon|Volt Switch|p1a: Turtonator
|-resisted|p1a: Turtonator
|-damage|p1a: Turtonator|0 fnt
|faint|p1a: Turtonator
|
|t:|1661373574
|switch|p2a: Weezing|Weezing, F|88/100|[from]move: Volt Switch
|-damage|p2a: Weezing|76/100|[from] Stealth Rock
|
|upkeep
|j| turtledoggo1
|
|t:|1661373583
|switch|p1a: Scrafty|Scrafty, M|89/100
|turn|18
|
|t:|1661373589
|move|p1a: Scrafty|Knock Off|p2a: Weezing
|-damage|p2a: Weezing|57/100
|move|p2a: Weezing|Will-O-Wisp|p1a: Scrafty
|-status|p1a: Scrafty|brn
|
|-damage|p1a: Scrafty|84/100 brn|[from] brn
|upkeep
|turn|19
|
|t:|1661373595
|move|p1a: Scrafty|Dragon Dance|p1a: Scrafty
|-boost|p1a: Scrafty|atk|1
|-boost|p1a: Scrafty|spe|1
|move|p2a: Weezing|Sludge Bomb|p1a: Scrafty
|-damage|p1a: Scrafty|53/100 brn
|
|-damage|p1a: Scrafty|47/100 brn|[from] brn
|upkeep
|turn|20
|
|t:|1661373599
|move|p1a: Scrafty|Dragon Dance|p1a: Scrafty
|-boost|p1a: Scrafty|atk|1
|-boost|p1a: Scrafty|spe|1
|move|p2a: Weezing|Sludge Bomb|p1a: Scrafty
|-damage|p1a: Scrafty|16/100 brn
|
|-damage|p1a: Scrafty|10/100 brn|[from] brn
|upkeep
|turn|21
|
|t:|1661373600
|move|p1a: Scrafty|Knock Off|p2a: Weezing
|-damage|p2a: Weezing|40/100
|move|p2a: Weezing|Sludge Bomb|p1a: Scrafty
|-damage|p1a: Scrafty|0 fnt
|faint|p1a: Scrafty
|
|upkeep
|j| SICKO MODE INDER
|l| turtledoggo1
|c|☆pult4t2 le s|yea shouldn't have play one more
|
|t:|1661373617
|switch|p1a: Silvally|Silvally-Grass|57/100
|turn|22
|c| SICKO MODE INDER|flinch
|
|t:|1661373629
|move|p1a: Silvally|Rock Slide|p2a: Weezing
|-damage|p2a: Weezing|26/100
|cant|p2a: Weezing|flinch
|
|upkeep
|turn|23
|
|t:|1661373638
|move|p1a: Silvally|Rock Slide|p2a: Weezing
|-damage|p2a: Weezing|11/100
|move|p2a: Weezing|Sludge Bomb|p1a: Silvally
|-supereffective|p1a: Silvally
|-damage|p1a: Silvally|1/100
|
|upkeep
|turn|24
|c|☆PULT4T2 Irish|ladders fun like that
|c|☆PULT4T2 Irish|i was at 1575 last night
|c|☆PULT4T2 Irish|played 2 games and went under 1500
|c|☆pult4t2 le s|:(
|
|t:|1661373668
|move|p1a: Silvally|Rock Slide|p2a: Weezing
|-crit|p2a: Weezing
|-damage|p2a: Weezing|0 fnt
|faint|p2a: Weezing
|
|upkeep
|
|t:|1661373671
|switch|p2a: Jolteon|Jolteon, M|28/100
|turn|25
|
|t:|1661373675
|move|p2a: Jolteon|Volt Switch|p1a: Silvally
|-resisted|p1a: Silvally
|-damage|p1a: Silvally|0 fnt
|faint|p1a: Silvally
|
|t:|1661373677
|switch|p2a: Wishiwashi|Wishiwashi, M|94/100|[from]move: Volt Switch
|-damage|p2a: Wishiwashi|82/100|[from] Stealth Rock
|-formechange|p2a: Wishiwashi|Wishiwashi-School||[from] ability: Schooling
|
|-heal|p2a: Wishiwashi|88/100|[from] item: Leftovers
|upkeep
|
|t:|1661373679
|switch|p1a: Doublade|Doublade, M|100/100
|turn|26
|
|t:|1661373683
|move|p1a: Doublade|Swords Dance|p1a: Doublade
|-boost|p1a: Doublade|atk|2
|move|p2a: Wishiwashi|Scald|p1a: Doublade
|-damage|p1a: Doublade|45/100
|
|-heal|p2a: Wishiwashi|94/100|[from] item: Leftovers
|upkeep
|turn|27
|
|t:|1661373707
|move|p1a: Doublade|Close Combat|p2a: Wishiwashi
|-damage|p2a: Wishiwashi|42/100
|-unboost|p1a: Doublade|def|1
|-unboost|p1a: Doublade|spd|1
|move|p2a: Wishiwashi|Scald|p1a: Doublade
|-damage|p1a: Doublade|0 fnt
|faint|p1a: Doublade
|
|win|PULT4T2 Irish
|raw|pult4t2 le s's rating: 1619 &rarr; <strong>1592</strong><br />(-27 for losing)
|raw|PULT4T2 Irish's rating: 1484 &rarr; <strong>1511</strong><br />(+27 for winning)
|c|☆pult4t2 le s|gg
|l|☆pult4t2 le s
|c|☆PULT4T2 Irish|gg
