|j|☆Play New Mystery
|j|☆MentalAdversity
|t:|1644688075
|gametype|singles
|player|p1|Play New Mystery|skyla|1293
|player|p2|MentalAdversity|pokefanf-gen4|1544
|teamsize|p1|6
|teamsize|p2|6
|gen|8
|tier|[Gen 8] PU
|rated|
|rule|Sleep Clause Mod: Limit one foe put to sleep
|rule|Species Clause: Limit one of each Pokémon
|rule|OHKO Clause: OHKO moves are banned
|rule|Evasion Moves Clause: Evasion moves are banned
|rule|Endless Battle Clause: Forcing endless battles is banned
|rule|HP Percentage Mod: HP is shown in percentages
|rule|Dynamax Clause: You cannot dynamax
|clearpoke
|poke|p1|Archeops, F|
|poke|p1|Espeon, M|
|poke|p1|Skuntank, F|
|poke|p1|Scrafty, M|
|poke|p1|Magmortar, F|
|poke|p1|Trevenant, M|
|poke|p2|Eldegoss, M|
|poke|p2|Tangela, M|
|poke|p2|Audino, M|
|poke|p2|Articuno|
|poke|p2|Corsola-Galar, F|
|poke|p2|Quagsire, M|
|teampreview
|
|t:|1644688087
|start
|switch|p1a: Meet the Pyro|Magmortar, F|100/100
|switch|p2a: Perry the platypus|Quagsire, M, shiny|100/100
|turn|1
|
|t:|1644688091
|move|p1a: Meet the Pyro|Overheat|p2a: Perry the platypus
|-resisted|p2a: Perry the platypus
|-damage|p2a: Perry the platypus|40/100
|-unboost|p1a: Meet the Pyro|spa|2
|move|p2a: Perry the platypus|Scald|p1a: Meet the Pyro
|-supereffective|p1a: Meet the Pyro
|-damage|p1a: Meet the Pyro|53/100
|
|-heal|p2a: Perry the platypus|46/100|[from] item: Leftovers
|upkeep
|turn|2
|
|t:|1644688103
|switch|p1a: Brady|Scrafty, M|100/100
|switch|p2a: Nurse Joy|Audino, M, shiny|100/100
|
|upkeep
|turn|3
|
|t:|1644688108
|switch|p2a: Mom's spaghetti|Tangela, M, shiny|100/100
|move|p1a: Brady|Substitute|p1a: Brady
|-start|p1a: Brady|Substitute
|-damage|p1a: Brady|75/100
|
|upkeep
|turn|4
|
|t:|1644688115
|switch|p2a: Perry the platypus|Quagsire, M, shiny|46/100
|move|p1a: Brady|Dragon Dance|p1a: Brady
|-boost|p1a: Brady|atk|1
|-boost|p1a: Brady|spe|1
|
|-heal|p2a: Perry the platypus|52/100|[from] item: Leftovers
|upkeep
|turn|5
|
|t:|1644688118
|move|p1a: Brady|Close Combat|p2a: Perry the platypus
|-damage|p2a: Perry the platypus|20/100
|-unboost|p1a: Brady|def|1
|-unboost|p1a: Brady|spd|1
|move|p2a: Perry the platypus|Recover|p2a: Perry the platypus
|-heal|p2a: Perry the platypus|70/100
|
|-heal|p2a: Perry the platypus|76/100|[from] item: Leftovers
|upkeep
|turn|6
|
|t:|1644688122
|move|p1a: Brady|Poison Jab|p2a: Perry the platypus
|-resisted|p2a: Perry the platypus
|-damage|p2a: Perry the platypus|69/100
|move|p2a: Perry the platypus|Recover|p2a: Perry the platypus
|-heal|p2a: Perry the platypus|100/100
|
|upkeep
|turn|7
|
|t:|1644688137
|switch|p2a: GROUD0N|Corsola-Galar, F|100/100
|move|p1a: Brady|Close Combat|p2a: GROUD0N
|-immune|p2a: GROUD0N
|
|upkeep
|turn|8
|
|t:|1644688144
|move|p1a: Brady|Poison Jab|p2a: GROUD0N
|-resisted|p2a: GROUD0N
|-damage|p2a: GROUD0N|92/100
|move|p2a: GROUD0N|Stealth Rock|p1a: Brady
|-sidestart|p1: Play New Mystery|move: Stealth Rock
|
|upkeep
|turn|9
|
|t:|1644688152
|switch|p1a: Stinky|Skuntank, F|100/100
|-damage|p1a: Stinky|88/100|[from] Stealth Rock
|move|p2a: GROUD0N|Night Shade|p1a: Stinky
|-damage|p1a: Stinky|64/100
|
|upkeep
|turn|10
|
|t:|1644688156
|switch|p2a: Nurse Joy|Audino, M, shiny|100/100
|move|p1a: Stinky|Defog|p2a: Nurse Joy
|-unboost|p2a: Nurse Joy|evasion|1
|-sideend|p1: Play New Mystery|Stealth Rock|[from] move: Defog|[of] p1a: Stinky
|
|upkeep
|turn|11
|
|t:|1644688169
|switch|p1a: Meet the Pyro|Magmortar, F|53/100
|move|p2a: Nurse Joy|Knock Off|p1a: Meet the Pyro
|-damage|p1a: Meet the Pyro|28/100
|-enditem|p1a: Meet the Pyro|Choice Specs|[from] move: Knock Off|[of] p2a: Nurse Joy
|
|upkeep
|turn|12
|
|t:|1644688176
|move|p2a: Nurse Joy|Protect|p2a: Nurse Joy
|-singleturn|p2a: Nurse Joy|Protect
|move|p1a: Meet the Pyro|Overheat|p2a: Nurse Joy
|-activate|p2a: Nurse Joy|move: Protect
|
|upkeep
|turn|13
|
|t:|1644688180
|move|p1a: Meet the Pyro|Overheat|p2a: Nurse Joy
|-damage|p2a: Nurse Joy|45/100
|-unboost|p1a: Meet the Pyro|spa|2
|move|p2a: Nurse Joy|Toxic|p1a: Meet the Pyro
|-status|p1a: Meet the Pyro|tox
|
|-damage|p1a: Meet the Pyro|22/100 tox|[from] psn
|upkeep
|turn|14
|
|t:|1644688186
|switch|p1a: Minerva|Archeops, F, shiny|100/100
|move|p2a: Nurse Joy|Protect||[still]
|-fail|p2a: Nurse Joy
|
|upkeep
|turn|15
|
|t:|1644688206
|switch|p2a: Perry the platypus|Quagsire, M, shiny|100/100
|move|p1a: Minerva|Air Slash|p2a: Perry the platypus
|-damage|p2a: Perry the platypus|59/100
|
|-heal|p2a: Perry the platypus|65/100|[from] item: Leftovers
|upkeep
|turn|16
|
|t:|1644688210
|move|p1a: Minerva|Air Slash|p2a: Perry the platypus
|-damage|p2a: Perry the platypus|20/100
|cant|p2a: Perry the platypus|flinch
|
|-heal|p2a: Perry the platypus|26/100|[from] item: Leftovers
|upkeep
|turn|17
|
|t:|1644688225
|switch|p2a: Nurse Joy|Audino, M, shiny|78/100
|move|p1a: Minerva|Air Slash|p2a: Nurse Joy
|-damage|p2a: Nurse Joy|52/100
|
|upkeep
|turn|18
|
|t:|1644688228
|move|p1a: Minerva|Meteor Beam||[still]
|-prepare|p1a: Minerva|Meteor Beam
|-boost|p1a: Minerva|spa|1
|-enditem|p1a: Minerva|Power Herb
|-anim|p1a: Minerva|Meteor Beam|p2a: Nurse Joy
|-damage|p2a: Nurse Joy|0 fnt
|faint|p2a: Nurse Joy
|
|upkeep
|
|t:|1644688237
|switch|p2a: GROUD0N|Corsola-Galar, F|92/100
|turn|19
|
|t:|1644688241
|move|p1a: Minerva|Meteor Beam||[still]
|-prepare|p1a: Minerva|Meteor Beam
|-boost|p1a: Minerva|spa|1
|move|p2a: GROUD0N|Will-O-Wisp|p1a: Minerva
|-status|p1a: Minerva|brn
|
|-damage|p1a: Minerva|94/100 brn|[from] brn
|upkeep
|turn|20
|
|t:|1644688248
|move|p1a: Minerva|Meteor Beam|p2a: GROUD0N|[from]lockedmove|[miss]
|-miss|p1a: Minerva|p2a: GROUD0N
|move|p2a: GROUD0N|Night Shade|p1a: Minerva
|-damage|p1a: Minerva|60/100 brn
|
|-damage|p1a: Minerva|54/100 brn|[from] brn
|upkeep
|turn|21
|
|t:|1644688252
|move|p1a: Minerva|Air Slash|p2a: GROUD0N
|-damage|p2a: GROUD0N|39/100
|cant|p2a: GROUD0N|flinch
|
|-damage|p1a: Minerva|48/100 brn|[from] brn
|upkeep
|turn|22
|
|t:|1644688258
|switch|p2a: PlDGEOTTO|Articuno|100/100
|-ability|p2a: PlDGEOTTO|Pressure
|move|p1a: Minerva|Air Slash|p2a: PlDGEOTTO
|-damage|p2a: PlDGEOTTO|82/100
|
|-damage|p1a: Minerva|42/100 brn|[from] brn
|upkeep
|turn|23
|
|t:|1644688265
|move|p1a: Minerva|Heat Wave|p2a: PlDGEOTTO
|-supereffective|p2a: PlDGEOTTO
|-damage|p2a: PlDGEOTTO|50/100
|move|p2a: PlDGEOTTO|Haze|p2a: PlDGEOTTO
|-clearallboost
|
|-damage|p1a: Minerva|35/100 brn|[from] brn
|upkeep
|turn|24
|
|t:|1644688269
|move|p1a: Minerva|Heat Wave|p2a: PlDGEOTTO
|-supereffective|p2a: PlDGEOTTO
|-damage|p2a: PlDGEOTTO|32/100
|move|p2a: PlDGEOTTO|Roost|p2a: PlDGEOTTO
|-heal|p2a: PlDGEOTTO|82/100
|-singleturn|p2a: PlDGEOTTO|move: Roost
|
|-damage|p1a: Minerva|29/100 brn|[from] brn
|upkeep
|turn|25
|
|t:|1644688272
|move|p1a: Minerva|Meteor Beam||[still]
|-prepare|p1a: Minerva|Meteor Beam
|-boost|p1a: Minerva|spa|1
|move|p2a: PlDGEOTTO|Haze|p2a: PlDGEOTTO
|-clearallboost
|
|-damage|p1a: Minerva|23/100 brn|[from] brn
|upkeep
|turn|26
|
|t:|1644688277
|switch|p2a: Candy Land|Eldegoss, M|100/100
|move|p1a: Minerva|Meteor Beam|p2a: Candy Land|[from]lockedmove
|-damage|p2a: Candy Land|83/100
|
|-damage|p1a: Minerva|17/100 brn|[from] brn
|upkeep
|turn|27
|
|t:|1644688280
|switch|p2a: PlDGEOTTO|Articuno|82/100
|-ability|p2a: PlDGEOTTO|Pressure
|move|p1a: Minerva|Air Slash|p2a: PlDGEOTTO
|-damage|p2a: PlDGEOTTO|72/100
|
|-damage|p1a: Minerva|11/100 brn|[from] brn
|upkeep
|turn|28
|
|t:|1644688283
|move|p1a: Minerva|Meteor Beam||[still]
|-prepare|p1a: Minerva|Meteor Beam
|-boost|p1a: Minerva|spa|1
|move|p2a: PlDGEOTTO|Roost|p2a: PlDGEOTTO
|-heal|p2a: PlDGEOTTO|100/100
|-singleturn|p2a: PlDGEOTTO|move: Roost
|
|-damage|p1a: Minerva|5/100 brn|[from] brn
|upkeep
|turn|29
|
|t:|1644688288
|switch|p2a: Candy Land|Eldegoss, M|100/100
|move|p1a: Minerva|Meteor Beam|p2a: Candy Land|[from]lockedmove|[miss]
|-miss|p1a: Minerva|p2a: Candy Land
|
|-damage|p1a: Minerva|0 fnt|[from] brn
|faint|p1a: Minerva
|upkeep
|
|t:|1644688296
|switch|p1a: Meet the Pyro|Magmortar, F|22/100 tox
|turn|30
|
|t:|1644688300
|move|p2a: Candy Land|Protect|p2a: Candy Land
|-singleturn|p2a: Candy Land|Protect
|move|p1a: Meet the Pyro|Overheat|p2a: Candy Land
|-activate|p2a: Candy Land|move: Protect
|
|-damage|p1a: Meet the Pyro|16/100 tox|[from] psn
|upkeep
|turn|31
|inactive|Battle timer is ON: inactive players will automatically lose when time's up. (requested by Play New Mystery)
|
|t:|1644688333
|switch|p2a: Perry the platypus|Quagsire, M, shiny|26/100
|move|p1a: Meet the Pyro|Overheat|p2a: Perry the platypus
|-resisted|p2a: Perry the platypus
|-damage|p2a: Perry the platypus|0 fnt
|-unboost|p1a: Meet the Pyro|spa|2
|faint|p2a: Perry the platypus
|
|-damage|p1a: Meet the Pyro|4/100 tox|[from] psn
|upkeep
|
|t:|1644688340
|switch|p2a: Mom's spaghetti|Tangela, M, shiny|100/100
|turn|32
|
|t:|1644688342
|move|p2a: Mom's spaghetti|Protect|p2a: Mom's spaghetti
|-singleturn|p2a: Mom's spaghetti|Protect
|move|p1a: Meet the Pyro|Overheat|p2a: Mom's spaghetti
|-activate|p2a: Mom's spaghetti|move: Protect
|
|-damage|p1a: Meet the Pyro|0 fnt|[from] psn
|faint|p1a: Meet the Pyro
|upkeep
|
|t:|1644688346
|switch|p1a: Brady|Scrafty, M|75/100
|turn|33
|
|t:|1644688351
|move|p1a: Brady|Substitute|p1a: Brady
|-start|p1a: Brady|Substitute
|-damage|p1a: Brady|50/100
|move|p2a: Mom's spaghetti|Leech Seed||[still]
|-fail|p2a: Mom's spaghetti
|
|upkeep
|turn|34
|
|t:|1644688357
|switch|p2a: PlDGEOTTO|Articuno|100/100
|-ability|p2a: PlDGEOTTO|Pressure
|move|p1a: Brady|Dragon Dance|p1a: Brady
|-boost|p1a: Brady|atk|1
|-boost|p1a: Brady|spe|1
|
|upkeep
|turn|35
|
|t:|1644688359
|move|p1a: Brady|Dragon Dance|p1a: Brady
|-boost|p1a: Brady|atk|1
|-boost|p1a: Brady|spe|1
|move|p2a: PlDGEOTTO|Haze|p2a: PlDGEOTTO
|-clearallboost
|
|upkeep
|turn|36
|
|t:|1644688363
|move|p1a: Brady|Dragon Dance|p1a: Brady
|-boost|p1a: Brady|atk|1
|-boost|p1a: Brady|spe|1
|move|p2a: PlDGEOTTO|Haze|p2a: PlDGEOTTO
|-clearallboost
|
|upkeep
|turn|37
|
|t:|1644688368
|move|p1a: Brady|Dragon Dance|p1a: Brady
|-boost|p1a: Brady|atk|1
|-boost|p1a: Brady|spe|1
|move|p2a: PlDGEOTTO|Haze|p2a: PlDGEOTTO
|-clearallboost
|
|upkeep
|turn|38
|
|t:|1644688373
|move|p1a: Brady|Dragon Dance|p1a: Brady
|-boost|p1a: Brady|atk|1
|-boost|p1a: Brady|spe|1
|move|p2a: PlDGEOTTO|Haze|p2a: PlDGEOTTO
|-clearallboost
|
|upkeep
|turn|39
|
|t:|1644688376
|move|p1a: Brady|Close Combat|p2a: PlDGEOTTO
|-damage|p2a: PlDGEOTTO|60/100
|-unboost|p1a: Brady|def|1
|-unboost|p1a: Brady|spd|1
|move|p2a: PlDGEOTTO|Haze|p2a: PlDGEOTTO
|-clearallboost
|
|upkeep
|turn|40
|
|t:|1644688380
|move|p1a: Brady|Dragon Dance|p1a: Brady
|-boost|p1a: Brady|atk|1
|-boost|p1a: Brady|spe|1
|move|p2a: PlDGEOTTO|Roost|p2a: PlDGEOTTO
|-heal|p2a: PlDGEOTTO|100/100
|-singleturn|p2a: PlDGEOTTO|move: Roost
|
|upkeep
|turn|41
|
|t:|1644688383
|move|p1a: Brady|Close Combat|p2a: PlDGEOTTO
|-damage|p2a: PlDGEOTTO|35/100
|-unboost|p1a: Brady|def|1
|-unboost|p1a: Brady|spd|1
|move|p2a: PlDGEOTTO|Haze|p2a: PlDGEOTTO
|-clearallboost
|
|upkeep
|turn|42
|
|t:|1644688389
|move|p1a: Brady|Dragon Dance|p1a: Brady
|-boost|p1a: Brady|atk|1
|-boost|p1a: Brady|spe|1
|move|p2a: PlDGEOTTO|Roost|p2a: PlDGEOTTO
|-heal|p2a: PlDGEOTTO|85/100
|-singleturn|p2a: PlDGEOTTO|move: Roost
|
|upkeep
|turn|43
|
|t:|1644688391
|move|p1a: Brady|Close Combat|p2a: PlDGEOTTO
|-damage|p2a: PlDGEOTTO|21/100
|-unboost|p1a: Brady|def|1
|-unboost|p1a: Brady|spd|1
|move|p2a: PlDGEOTTO|Haze|p2a: PlDGEOTTO
|-clearallboost
|
|upkeep
|turn|44
|
|t:|1644688396
|move|p1a: Brady|Poison Jab|p2a: PlDGEOTTO
|-damage|p2a: PlDGEOTTO|0 fnt
|faint|p2a: PlDGEOTTO
|-ability|p1a: Brady|Moxie|boost
|-boost|p1a: Brady|atk|1
|
|upkeep
|
|t:|1644688402
|switch|p2a: GROUD0N|Corsola-Galar, F|39/100
|turn|45
|
|t:|1644688405
|move|p1a: Brady|Poison Jab|p2a: GROUD0N
|-resisted|p2a: GROUD0N
|-damage|p2a: GROUD0N|31/100
|-start|p1a: Brady|Disable|Poison Jab|[from] ability: Cursed Body|[of] p2a: GROUD0N
|move|p2a: GROUD0N|Night Shade|p1a: Brady
|-end|p1a: Brady|Substitute
|
|upkeep
|turn|46
|
|t:|1644688416
|move|p1a: Brady|Substitute|p1a: Brady
|-start|p1a: Brady|Substitute
|-damage|p1a: Brady|25/100
|move|p2a: GROUD0N|Strength Sap||[still]
|-fail|p2a: GROUD0N
|
|upkeep
|turn|47
|
|t:|1644688430
|switch|p1a: Melia|Espeon, M|100/100
|move|p2a: GROUD0N|Night Shade|p1a: Melia
|-damage|p1a: Melia|71/100
|
|-heal|p1a: Melia|77/100|[from] item: Leftovers
|upkeep
|turn|48
|
|t:|1644688437
|switch|p2a: Candy Land|Eldegoss, M|100/100
|move|p1a: Melia|Psychic|p2a: Candy Land
|-damage|p2a: Candy Land|76/100
|
|-heal|p1a: Melia|83/100|[from] item: Leftovers
|upkeep
|turn|49
|
|t:|1644688439
|move|p1a: Melia|Toxic|p2a: Candy Land
|-status|p2a: Candy Land|tox
|move|p2a: Candy Land|Rapid Spin|p1a: Melia
|-damage|p1a: Melia|77/100
|-boost|p2a: Candy Land|spe|1
|
|-heal|p1a: Melia|83/100|[from] item: Leftovers
|-damage|p2a: Candy Land|70/100 tox|[from] psn
|upkeep
|turn|50
|
|t:|1644688442
|move|p1a: Melia|Psychic|p2a: Candy Land
|-crit|p2a: Candy Land
|-damage|p2a: Candy Land|29/100 tox
|-unboost|p2a: Candy Land|spd|1
|move|p2a: Candy Land|Aromatherapy|p2a: Candy Land
|-activate|p2a: Candy Land|move: Aromatherapy
|-curestatus|p2a: Candy Land|tox|[msg]
|
|-heal|p1a: Melia|89/100|[from] item: Leftovers
|upkeep
|turn|51
|
|t:|1644688445
|move|p2a: Candy Land|Protect|p2a: Candy Land
|-singleturn|p2a: Candy Land|Protect
|move|p1a: Melia|Psychic|p2a: Candy Land
|-activate|p2a: Candy Land|move: Protect
|
|-heal|p1a: Melia|95/100|[from] item: Leftovers
|upkeep
|turn|52
|
|t:|1644688467
|switch|p2a: GROUD0N|Corsola-Galar, F|31/100
|move|p1a: Melia|Psychic|p2a: GROUD0N
|-damage|p2a: GROUD0N|3/100
|-start|p1a: Melia|Disable|Psychic|[from] ability: Cursed Body|[of] p2a: GROUD0N
|
|-heal|p1a: Melia|100/100|[from] item: Leftovers
|upkeep
|turn|53
|
|t:|1644688470
|move|p1a: Melia|Toxic|p2a: GROUD0N
|-status|p2a: GROUD0N|tox
|move|p2a: GROUD0N|Strength Sap|p1a: Melia
|move|p1a: Melia|Strength Sap|p2a: GROUD0N|[from]ability: Magic Bounce
|-unboost|p2a: GROUD0N|atk|1
|
|-damage|p2a: GROUD0N|0 fnt|[from] psn
|faint|p2a: GROUD0N
|upkeep
|
|t:|1644688475
|switch|p2a: Mom's spaghetti|Tangela, M, shiny|100/100
|turn|54
|
|t:|1644688477
|move|p1a: Melia|Toxic|p2a: Mom's spaghetti
|-status|p2a: Mom's spaghetti|tox
|move|p2a: Mom's spaghetti|Knock Off|p1a: Melia
|-supereffective|p1a: Melia
|-damage|p1a: Melia|72/100
|-enditem|p1a: Melia|Leftovers|[from] move: Knock Off|[of] p2a: Mom's spaghetti
|
|-damage|p2a: Mom's spaghetti|95/100 tox|[from] psn
|upkeep
|turn|55
|
|t:|1644688480
|move|p1a: Melia|Substitute|p1a: Melia
|-start|p1a: Melia|Substitute
|-damage|p1a: Melia|48/100
|move|p2a: Mom's spaghetti|Knock Off|p1a: Melia
|-supereffective|p1a: Melia
|-activate|p1a: Melia|move: Substitute|[damage]
|
|-damage|p2a: Mom's spaghetti|83/100 tox|[from] psn
|-end|p1a: Melia|Disable
|upkeep
|turn|56
|
|t:|1644688482
|move|p1a: Melia|Psychic|p2a: Mom's spaghetti
|-damage|p2a: Mom's spaghetti|26/100 tox
|move|p2a: Mom's spaghetti|Knock Off|p1a: Melia
|-supereffective|p1a: Melia
|-end|p1a: Melia|Substitute
|
|-damage|p2a: Mom's spaghetti|8/100 tox|[from] psn
|upkeep
|turn|57
|
|t:|1644688485
|switch|p2a: Candy Land|Eldegoss, M|63/100
|move|p1a: Melia|Psychic|p2a: Candy Land
|-damage|p2a: Candy Land|37/100
|
|upkeep
|turn|58
|
|t:|1644688488
|move|p1a: Melia|Psychic|p2a: Candy Land
|-damage|p2a: Candy Land|9/100
|move|p2a: Candy Land|Aromatherapy|p2a: Candy Land
|-activate|p2a: Candy Land|move: Aromatherapy
|-curestatus|p2: Mom's spaghetti|tox|[msg]
|
|upkeep
|turn|59
|
|t:|1644688490
|move|p2a: Candy Land|Protect|p2a: Candy Land
|-singleturn|p2a: Candy Land|Protect
|move|p1a: Melia|Psychic|p2a: Candy Land
|-activate|p2a: Candy Land|move: Protect
|
|upkeep
|turn|60
|
|t:|1644688492
|switch|p2a: Mom's spaghetti|Tangela, M, shiny|41/100
|move|p1a: Melia|Psychic|p2a: Mom's spaghetti
|-damage|p2a: Mom's spaghetti|0 fnt
|faint|p2a: Mom's spaghetti
|
|upkeep
|-message|MentalAdversity forfeited.
|
|win|Play New Mystery
|raw|Play New Mystery's rating: 1293 &rarr; <strong>1333</strong><br />(+40 for winning)
|raw|MentalAdversity's rating: 1544 &rarr; <strong>1512</strong><br />(-32 for losing)
|l|☆MentalAdversity
