|j|☆Thebeanboi69 5
|j|☆Bigkevinm84
|t:|1622587182
|gametype|singles
|player|p1|Thebeanboi69 5|101|1166
|player|p2|Bigkevinm84|acetrainer-gen4dp|1381
|teamsize|p1|6
|teamsize|p2|6
|gen|8
|tier|[Gen 8] PU
|rated|
|rule|Sleep Clause Mod: Limit one foe put to sleep
|rule|Species Clause: Limit one of each Pokémon
|rule|OHKO Clause: OHKO moves are banned
|rule|Evasion Moves Clause: Evasion moves are banned
|rule|Endless Battle Clause: Forcing endless battles is banned
|rule|HP Percentage Mod: HP is shown in percentages
|rule|Dynamax Clause: You cannot dynamax
|clearpoke
|poke|p1|Pikachu, F|
|poke|p1|Toxicroak, F|
|poke|p1|Hitmontop, M|
|poke|p1|Metang|
|poke|p1|Fletchinder, M|
|poke|p1|Gourgeist-*, M|
|poke|p2|Ribombee, F|
|poke|p2|Wartortle, M|
|poke|p2|Silvally-*|
|poke|p2|Aggron, M|
|poke|p2|Roselia, F|
|poke|p2|Mesprit|
|teampreview
|
|t:|1622587189
|start
|switch|p1a: Metang|Metang|100/100
|switch|p2a: Roselia|Roselia, F, shiny|100/100
|turn|1
|
|t:|1622587196
|move|p2a: Roselia|Spikes|p1a: Metang
|-sidestart|p1: Thebeanboi69 5|Spikes
|move|p1a: Metang|Stealth Rock|p2a: Roselia
|-sidestart|p2: Bigkevinm84|move: Stealth Rock
|
|upkeep
|turn|2
|
|t:|1622587204
|switch|p2a: Wartortle|Wartortle, M|100/100
|-damage|p2a: Wartortle|88/100|[from] Stealth Rock
|move|p1a: Metang|Meteor Mash|p2a: Wartortle
|-resisted|p2a: Wartortle
|-damage|p2a: Wartortle|78/100
|-boost|p1a: Metang|atk|1
|
|upkeep
|turn|3
|
|t:|1622587210
|move|p2a: Wartortle|Scald|p1a: Metang
|-damage|p1a: Metang|83/100
|-status|p1a: Metang|brn
|move|p1a: Metang|Earthquake|p2a: Wartortle
|-damage|p2a: Wartortle|67/100
|
|-damage|p1a: Metang|76/100 brn|[from] brn
|upkeep
|turn|4
|
|t:|1622587224
|switch|p1a: Hitmontop|Hitmontop, M|100/100
|-damage|p1a: Hitmontop|88/100|[from] Spikes
|move|p2a: Wartortle|Toxic|p1a: Hitmontop|[miss]
|-miss|p2a: Wartortle|p1a: Hitmontop
|
|upkeep
|turn|5
|
|t:|1622587229
|move|p1a: Hitmontop|Rapid Spin|p2a: Wartortle
|-damage|p2a: Wartortle|55/100
|-boost|p1a: Hitmontop|spe|1
|-sideend|p1: Thebeanboi69 5|Spikes|[from] move: Rapid Spin|[of] p1a: Hitmontop
|move|p2a: Wartortle|Rapid Spin|p1a: Hitmontop
|-damage|p1a: Hitmontop|78/100
|-boost|p2a: Wartortle|spe|1
|-sideend|p2: Bigkevinm84|Stealth Rock|[from] move: Rapid Spin|[of] p2a: Wartortle
|
|upkeep
|turn|6
|
|t:|1622587233
|move|p1a: Hitmontop|Close Combat|p2a: Wartortle
|-damage|p2a: Wartortle|25/100
|-unboost|p1a: Hitmontop|def|1
|-unboost|p1a: Hitmontop|spd|1
|move|p2a: Wartortle|Scald|p1a: Hitmontop
|-damage|p1a: Hitmontop|37/100
|
|upkeep
|turn|7
|j| fregfgre
|
|t:|1622587242
|switch|p2a: Mesprit|Mesprit|100/100
|move|p1a: Hitmontop|Close Combat|p2a: Mesprit
|-resisted|p2a: Mesprit
|-damage|p2a: Mesprit|71/100
|-unboost|p1a: Hitmontop|def|1
|-unboost|p1a: Hitmontop|spd|1
|
|upkeep
|turn|8
|l| fregfgre
|
|t:|1622587251
|switch|p1a: Gourgeist|Gourgeist-Super, M|100/100
|-item|p2a: Mesprit|Kasib Berry|[from] ability: Frisk|[of] p1a: Gourgeist|[identify]
|move|p2a: Mesprit|Stealth Rock|p1a: Gourgeist
|-sidestart|p1: Thebeanboi69 5|move: Stealth Rock
|
|upkeep
|turn|9
|
|t:|1622587259
|move|p2a: Mesprit|Ice Beam|p1a: Gourgeist
|-supereffective|p1a: Gourgeist
|-damage|p1a: Gourgeist|46/100
|move|p1a: Gourgeist|Leech Seed|p2a: Mesprit
|-start|p2a: Mesprit|move: Leech Seed
|
|-heal|p1a: Gourgeist|52/100|[from] item: Leftovers
|-damage|p2a: Mesprit|58/100|[from] Leech Seed|[of] p1a: Gourgeist
|-heal|p1a: Gourgeist|62/100|[silent]
|upkeep
|turn|10
|
|t:|1622587266
|switch|p2a: Roselia|Roselia, F, shiny|100/100
|move|p1a: Gourgeist|Protect||[still]
|-fail|p1a: Gourgeist
|
|-heal|p1a: Gourgeist|68/100|[from] item: Leftovers
|upkeep
|turn|11
|
|t:|1622587273
|switch|p1a: Fletchinder|Fletchinder, M|100/100
|move|p2a: Roselia|Sludge Bomb|p1a: Fletchinder
|-damage|p1a: Fletchinder|31/100
|
|upkeep
|turn|12
|
|t:|1622587280
|switch|p2a: Aggron|Aggron, M|100/100
|move|p1a: Fletchinder|Dual Wingbeat|p2a: Aggron
|-resisted|p2a: Aggron
|-damage|p2a: Aggron|98/100
|-resisted|p2a: Aggron
|-damage|p2a: Aggron|95/100
|-hitcount|p2a: Aggron|2
|
|upkeep
|turn|13
|
|t:|1622587295
|switch|p1a: Metang|Metang|76/100 brn
|-damage|p1a: Metang|70/100 brn|[from] Stealth Rock
|move|p2a: Aggron|Earthquake|p1a: Metang
|-supereffective|p1a: Metang
|-damage|p1a: Metang|3/100 brn
|
|-damage|p1a: Metang|0 fnt|[from] brn
|faint|p1a: Metang
|upkeep
|
|t:|1622587301
|switch|p1a: Toxicroak|Toxicroak, F|100/100
|-damage|p1a: Toxicroak|94/100|[from] Stealth Rock
|turn|14
|
|t:|1622587308
|switch|p2a: Wartortle|Wartortle, M|25/100
|move|p1a: Toxicroak|Focus Blast|p2a: Wartortle
|-damage|p2a: Wartortle|0 fnt
|faint|p2a: Wartortle
|
|upkeep
|
|t:|1622587315
|switch|p2a: Mesprit|Mesprit|58/100
|turn|15
|
|t:|1622587322
|switch|p1a: Hitmontop|Hitmontop, M|37/100
|-damage|p1a: Hitmontop|30/100|[from] Stealth Rock
|move|p2a: Mesprit|Psychic|p1a: Hitmontop
|-supereffective|p1a: Hitmontop
|-damage|p1a: Hitmontop|0 fnt
|faint|p1a: Hitmontop
|
|upkeep
|
|t:|1622587325
|switch|p1a: Pikachu|Pikachu, F|100/100
|-damage|p1a: Pikachu|88/100|[from] Stealth Rock
|turn|16
|
|t:|1622587331
|switch|p2a: Silvally|Silvally-Ground|100/100
|move|p1a: Pikachu|Fake Out|p2a: Silvally
|-damage|p2a: Silvally|81/100
|
|upkeep
|turn|17
|
|t:|1622587337
|switch|p1a: Fletchinder|Fletchinder, M|31/100
|move|p2a: Silvally|Flame Charge|p1a: Fletchinder
|-resisted|p1a: Fletchinder
|-damage|p1a: Fletchinder|16/100
|-boost|p2a: Silvally|spe|1
|
|upkeep
|turn|18
|
|t:|1622587344
|move|p2a: Silvally|Rock Slide|p1a: Fletchinder
|-supereffective|p1a: Fletchinder
|-damage|p1a: Fletchinder|0 fnt
|faint|p1a: Fletchinder
|
|upkeep
|
|t:|1622587351
|switch|p1a: Gourgeist|Gourgeist-Super, M|68/100
|-damage|p1a: Gourgeist|56/100|[from] Stealth Rock
|-item|p2a: Silvally|Ground Memory|[from] ability: Frisk|[of] p1a: Gourgeist|[identify]
|turn|19
|
|t:|1622587358
|switch|p2a: Roselia|Roselia, F, shiny|100/100
|move|p1a: Gourgeist|Leech Seed|p2a: Roselia
|-immune|p2a: Roselia
|
|-heal|p1a: Gourgeist|62/100|[from] item: Leftovers
|upkeep
|turn|20
|
|t:|1622587362
|move|p1a: Gourgeist|Shadow Sneak|p2a: Roselia
|-damage|p2a: Roselia|75/100
|move|p2a: Roselia|Spikes|p1a: Gourgeist
|-sidestart|p1: Thebeanboi69 5|Spikes
|
|-heal|p1a: Gourgeist|68/100|[from] item: Leftovers
|upkeep
|turn|21
|
|t:|1622587370
|switch|p1a: Toxicroak|Toxicroak, F|94/100
|-damage|p1a: Toxicroak|82/100|[from] Spikes
|-damage|p1a: Toxicroak|76/100|[from] Stealth Rock
|move|p2a: Roselia|Sludge Bomb|p1a: Toxicroak
|-resisted|p1a: Toxicroak
|-damage|p1a: Toxicroak|49/100
|
|upkeep
|turn|22
|inactive|Battle timer is ON: inactive players will automatically lose when time's up. (requested by Bigkevinm84)
|
|t:|1622587378
|move|p1a: Toxicroak|Sludge Bomb|p2a: Roselia
|-damage|p2a: Roselia|44/100
|move|p2a: Roselia|Giga Drain|p1a: Toxicroak
|-resisted|p1a: Toxicroak
|-damage|p1a: Toxicroak|28/100
|-heal|p2a: Roselia|55/100|[from] drain|[of] p1a: Toxicroak
|
|upkeep
|turn|23
|
|t:|1622587385
|switch|p1a: Pikachu|Pikachu, F|88/100
|-damage|p1a: Pikachu|76/100|[from] Stealth Rock
|-damage|p1a: Pikachu|64/100|[from] Spikes
|move|p2a: Roselia|Giga Drain|p1a: Pikachu
|-damage|p1a: Pikachu|0 fnt
|-heal|p2a: Roselia|77/100|[from] drain|[of] p1a: Pikachu
|faint|p1a: Pikachu
|
|upkeep
|-message|Thebeanboi69 5 forfeited.
|
|win|Bigkevinm84
|raw|Thebeanboi69 5's rating: 1166 &rarr; <strong>1155</strong><br />(-11 for losing)
|raw|Bigkevinm84's rating: 1381 &rarr; <strong>1390</strong><br />(+9 for winning)
|l|☆Thebeanboi69 5
