|j|☆allstarapology
|j|☆Nalei
|player|p1|allstarapology|101|1499
|player|p2|Nalei|acetrainerf-gen4dp|1566
|teamsize|p1|6
|teamsize|p2|6
|gametype|singles
|gen|8
|tier|[Gen 8] PU
|rated|
|clearpoke
|poke|p1|Stonjourner, F|
|poke|p1|Beheeyem, F|
|poke|p1|Mawile, F|
|poke|p1|Type: Null|
|poke|p1|Silvally-*|
|poke|p1|Gourgeist-*, F|
|poke|p2|Throh, M|
|poke|p2|Grapploct, F|
|poke|p2|Type: Null|
|poke|p2|Basculin-Blue-Striped, F|
|poke|p2|Mareanie, M|
|poke|p2|Silvally-*|
|rule|Sleep Clause Mod: Limit one foe put to sleep
|rule|Species Clause: Limit one of each Pokémon
|rule|OHKO Clause: OHKO moves are banned
|rule|Evasion Moves Clause: Evasion moves are banned
|rule|Endless Battle Clause: Forcing endless battles is banned
|rule|HP Percentage Mod: HP is shown in percentages
|rule|Dynamax Clause: You cannot dynamax
|teampreview
|c|☆Nalei|glh
|c|☆Nalei|f
|inactive|Battle timer is ON: inactive players will automatically lose when time's up. (requested by allstarapology)
|c|☆allstarapology|u2
|
|start
|switch|p1a: Beheeyem|Beheeyem, F|100/100
|switch|p2a: Grapploct|Grapploct, F|100/100
|turn|1
|
|move|p2a: Grapploct|Brutal Swing|p1a: Beheeyem
|-supereffective|p1a: Beheeyem
|-enditem|p1a: Beheeyem|Colbur Berry|[eat]
|-enditem|p1a: Beheeyem|Colbur Berry|[weaken]
|-damage|p1a: Beheeyem|62/100
|move|p1a: Beheeyem|Future Sight|p2a: Grapploct
|-start|p1a: Beheeyem|move: Future Sight
|
|upkeep
|turn|2
|
|switch|p2a: Type: Null|Type: Null|100/100
|switch|p1a: Mawile|Mawile, F|100/100
|-ability|p1a: Mawile|Intimidate|boost
|-unboost|p2a: Type: Null|atk|1
|
|upkeep
|turn|3
|
|switch|p2a: Silvally|Silvally-Psychic|100/100
|move|p1a: Mawile|Knock Off|p2a: Silvally
|-supereffective|p2a: Silvally
|-damage|p2a: Silvally|77/100
|
|-end|p2a: Silvally|move: Future Sight
|-resisted|p2a: Silvally
|-crit|p2a: Silvally
|-damage|p2a: Silvally|38/100
|upkeep
|turn|4
|
|switch|p1a: Type: Null|Type: Null|100/100
|move|p2a: Silvally|Flamethrower|p1a: Type: Null
|-damage|p1a: Type: Null|92/100
|
|upkeep
|turn|5
|
|move|p2a: Silvally|U-turn|p1a: Type: Null
|-damage|p1a: Type: Null|82/100
|
|switch|p2a: Throh|Throh, M|100/100|[from]move: U-turn
|move|p1a: Type: Null|U-turn|p2a: Throh
|-resisted|p2a: Throh
|-damage|p2a: Throh|95/100
|
|switch|p1a: Beheeyem|Beheeyem, F|62/100|[from]move: U-turn
|
|-heal|p2a: Throh|100/100|[from] item: Leftovers
|upkeep
|turn|6
|
|move|p2a: Throh|Knock Off|p1a: Beheeyem
|-supereffective|p1a: Beheeyem
|-damage|p1a: Beheeyem|38/100
|move|p1a: Beheeyem|Recover|p1a: Beheeyem
|-heal|p1a: Beheeyem|88/100
|
|upkeep
|turn|7
|
|move|p2a: Throh|Substitute|p2a: Throh
|-start|p2a: Throh|Substitute
|-damage|p2a: Throh|76/100
|move|p1a: Beheeyem|Future Sight|p2a: Throh
|-start|p1a: Beheeyem|move: Future Sight
|
|-heal|p2a: Throh|82/100|[from] item: Leftovers
|upkeep
|turn|8
|
|move|p2a: Throh|Bulk Up|p2a: Throh
|-boost|p2a: Throh|atk|1
|-boost|p2a: Throh|def|1
|move|p1a: Beheeyem|Teleport|p1a: Beheeyem
|
|switch|p1a: Silvally|Silvally-Poison|100/100|[from]move: Teleport
|
|-heal|p2a: Throh|88/100|[from] item: Leftovers
|upkeep
|turn|9
|
|move|p1a: Silvally|Multi-Attack|p2a: Throh
|-end|p2a: Throh|Substitute
|move|p2a: Throh|Substitute|p2a: Throh
|-start|p2a: Throh|Substitute
|-damage|p2a: Throh|63/100
|
|-end|p2a: Throh|move: Future Sight
|-supereffective|p2a: Throh
|-end|p2a: Throh|Substitute
|-heal|p2a: Throh|69/100|[from] item: Leftovers
|upkeep
|turn|10
|
|move|p1a: Silvally|Multi-Attack|p2a: Throh
|-damage|p2a: Throh|41/100
|move|p2a: Throh|Bulk Up|p2a: Throh
|-boost|p2a: Throh|atk|1
|-boost|p2a: Throh|def|1
|
|-heal|p2a: Throh|47/100|[from] item: Leftovers
|upkeep
|turn|11
|
|move|p1a: Silvally|U-turn|p2a: Throh
|-resisted|p2a: Throh
|-damage|p2a: Throh|44/100
|
|switch|p1a: Mawile|Mawile, F|100/100|[from]move: U-turn
|-ability|p1a: Mawile|Intimidate|boost
|-unboost|p2a: Throh|atk|1
|move|p2a: Throh|Storm Throw|p1a: Mawile
|-crit|p1a: Mawile
|-damage|p1a: Mawile|59/100
|
|-heal|p2a: Throh|50/100|[from] item: Leftovers
|-heal|p1a: Mawile|65/100|[from] item: Leftovers
|upkeep
|turn|12
|
|move|p2a: Throh|Substitute|p2a: Throh
|-start|p2a: Throh|Substitute
|-damage|p2a: Throh|25/100
|move|p1a: Mawile|Taunt|p2a: Throh
|-start|p2a: Throh|move: Taunt
|
|-heal|p2a: Throh|31/100|[from] item: Leftovers
|-heal|p1a: Mawile|71/100|[from] item: Leftovers
|upkeep
|turn|13
|
|move|p2a: Throh|Storm Throw|p1a: Mawile
|-crit|p1a: Mawile
|-damage|p1a: Mawile|25/100
|move|p1a: Mawile|Stealth Rock|p2a: Throh
|-sidestart|p2: Nalei|move: Stealth Rock
|
|-heal|p2a: Throh|37/100|[from] item: Leftovers
|-heal|p1a: Mawile|32/100|[from] item: Leftovers
|upkeep
|turn|14
|
|switch|p1a: Silvally|Silvally-Poison|100/100
|move|p2a: Throh|Storm Throw|p1a: Silvally
|-resisted|p1a: Silvally
|-crit|p1a: Silvally
|-damage|p1a: Silvally|75/100
|
|-heal|p2a: Throh|43/100|[from] item: Leftovers
|upkeep
|turn|15
|
|move|p1a: Silvally|Multi-Attack|p2a: Throh
|-activate|p2a: Throh|move: Substitute|[damage]
|move|p2a: Throh|Storm Throw|p1a: Silvally
|-resisted|p1a: Silvally
|-crit|p1a: Silvally
|-damage|p1a: Silvally|49/100
|
|-heal|p2a: Throh|49/100|[from] item: Leftovers
|-end|p2a: Throh|move: Taunt
|upkeep
|turn|16
|
|move|p1a: Silvally|Multi-Attack|p2a: Throh
|-end|p2a: Throh|Substitute
|move|p2a: Throh|Bulk Up|p2a: Throh
|-boost|p2a: Throh|atk|1
|-boost|p2a: Throh|def|1
|
|-heal|p2a: Throh|55/100|[from] item: Leftovers
|upkeep
|turn|17
|
|move|p1a: Silvally|Multi-Attack|p2a: Throh
|-damage|p2a: Throh|38/100
|move|p2a: Throh|Bulk Up|p2a: Throh
|-boost|p2a: Throh|atk|1
|-boost|p2a: Throh|def|1
|
|-heal|p2a: Throh|44/100|[from] item: Leftovers
|upkeep
|turn|18
|
|move|p1a: Silvally|Multi-Attack|p2a: Throh
|-damage|p2a: Throh|31/100
|move|p2a: Throh|Bulk Up|p2a: Throh
|-boost|p2a: Throh|atk|1
|-boost|p2a: Throh|def|1
|
|-heal|p2a: Throh|37/100|[from] item: Leftovers
|upkeep
|turn|19
|
|move|p1a: Silvally|Multi-Attack|p2a: Throh
|-damage|p2a: Throh|26/100
|move|p2a: Throh|Substitute|p2a: Throh
|-start|p2a: Throh|Substitute
|-damage|p2a: Throh|1/100
|
|-heal|p2a: Throh|7/100|[from] item: Leftovers
|upkeep
|turn|20
|
|move|p1a: Silvally|U-turn|p2a: Throh
|-resisted|p2a: Throh
|-activate|p2a: Throh|move: Substitute|[damage]
|
|switch|p1a: Gourgeist|Gourgeist, F|100/100|[from]move: U-turn
|-item|p2a: Throh|Leftovers|[from] ability: Frisk|[of] p1a: Gourgeist|[identify]
|move|p2a: Throh|Storm Throw|p1a: Gourgeist
|-immune|p1a: Gourgeist
|
|-heal|p2a: Throh|13/100|[from] item: Leftovers
|upkeep
|turn|21
|
|move|p1a: Gourgeist|Explosion|p2a: Throh
|-activate|p2a: Throh|move: Substitute|[damage]
|faint|p1a: Gourgeist
|move|p2a: Throh|Knock Off|p1: Gourgeist|[notarget]
|-fail|p2a: Throh
|
|-heal|p2a: Throh|19/100|[from] item: Leftovers
|upkeep
|
|switch|p1a: Silvally|Silvally-Poison|49/100
|turn|22
|
|move|p1a: Silvally|Multi-Attack|p2a: Throh
|-end|p2a: Throh|Substitute
|move|p2a: Throh|Storm Throw|p1a: Silvally
|-resisted|p1a: Silvally
|-crit|p1a: Silvally
|-damage|p1a: Silvally|0 fnt
|faint|p1a: Silvally
|
|-heal|p2a: Throh|25/100|[from] item: Leftovers
|upkeep
|
|switch|p1a: Stonjourner|Stonjourner, F|100/100
|turn|23
|
|move|p1a: Stonjourner|Heat Crash|p2a: Throh
|-damage|p2a: Throh|9/100
|move|p2a: Throh|Storm Throw|p1a: Stonjourner
|-supereffective|p1a: Stonjourner
|-crit|p1a: Stonjourner
|-damage|p1a: Stonjourner|0 fnt
|faint|p1a: Stonjourner
|
|-heal|p2a: Throh|15/100|[from] item: Leftovers
|upkeep
|-message|allstarapology forfeited.
|
|win|Nalei
|l|☆allstarapology
|raw|allstarapology's rating: 1500 &rarr; <strong>1484</strong><br />(-16 for losing)
|raw|Nalei's rating: 1566 &rarr; <strong>1582</strong><br />(+16 for winning)
