|j|☆Hax ruins pokemon
|j|☆PULT4C1 Haffling
|t:|1660582052
|gametype|singles
|player|p1|Hax ruins pokemon|170|1335
|player|p2|PULT4C1 Haffling|cyrus|1406
|teamsize|p1|6
|teamsize|p2|6
|gen|8
|tier|[Gen 8] PU
|rated|
|rule|Sleep Clause Mod: Limit one foe put to sleep
|rule|Species Clause: Limit one of each Pokémon
|rule|OHKO Clause: OHKO moves are banned
|rule|Evasion Items Clause: Evasion items are banned
|rule|Evasion Moves Clause: Evasion moves are banned
|rule|Endless Battle Clause: Forcing endless battles is banned
|rule|HP Percentage Mod: HP is shown in percentages
|rule|Dynamax Clause: You cannot dynamax
|clearpoke
|poke|p1|Lanturn, F|
|poke|p1|Weezing, F|
|poke|p1|Charizard, M|
|poke|p1|Comfey, M|
|poke|p1|Sandaconda, M|
|poke|p1|Scrafty, M|
|poke|p2|Thwackey, M|
|poke|p2|Perrserker, F|
|poke|p2|Weezing, M|
|poke|p2|Charizard, M|
|poke|p2|Regirock|
|poke|p2|Lanturn, F|
|teampreview
|
|t:|1660582087
|start
|switch|p1a: Weezing|Weezing, F|100/100
|switch|p2a: THWACK|Thwackey, M|100/100
|-ability|p1a: Weezing|Neutralizing Gas
|turn|1
|
|t:|1660582100
|move|p2a: THWACK|U-turn|p1a: Weezing
|-resisted|p1a: Weezing
|-damage|p1a: Weezing|91/100
|
|t:|1660582105
|switch|p2a: Zarders|Charizard, M|100/100|[from]move: U-turn
|move|p1a: Weezing|Sludge Bomb|p2a: Zarders
|-damage|p2a: Zarders|63/100
|
|-heal|p1a: Weezing|97/100|[from] item: Black Sludge
|upkeep
|turn|2
|inactive|Battle timer is ON: inactive players will automatically lose when time's up. (requested by PULT4C1 Haffling)
|
|t:|1660582132
|-end|p1a: Weezing|ability: Neutralizing Gas
|switch|p1a: Sandaconda|Sandaconda, M|100/100
|move|p2a: Zarders|Roost|p2a: Zarders
|-heal|p2a: Zarders|100/100
|-singleturn|p2a: Zarders|move: Roost
|
|upkeep
|turn|3
|
|t:|1660582143
|switch|p2a: THWACK|Thwackey, M|100/100
|-fieldstart|move: Grassy Terrain|[from] ability: Grassy Surge|[of] p2a: THWACK
|move|p1a: Sandaconda|Stone Edge|p2a: THWACK|[miss]
|-miss|p1a: Sandaconda|p2a: THWACK
|
|upkeep
|turn|4
|
|t:|1660582149
|switch|p1a: Weezing|Weezing, F|97/100
|-ability|p1a: Weezing|Neutralizing Gas
|move|p2a: THWACK|Knock Off|p1a: Weezing
|-damage|p1a: Weezing|68/100
|-enditem|p1a: Weezing|Black Sludge|[from] move: Knock Off|[of] p2a: THWACK
|
|-heal|p1a: Weezing|74/100|[from] Grassy Terrain
|upkeep
|turn|5
|
|t:|1660582157
|switch|p2a: Kash-Mmoney|Perrserker, F, shiny|100/100
|move|p1a: Weezing|Toxic Spikes|p2a: Kash-Mmoney
|-sidestart|p2: PULT4C1 Haffling|move: Toxic Spikes
|
|-heal|p1a: Weezing|80/100|[from] Grassy Terrain
|upkeep
|turn|6
|
|t:|1660582163
|move|p2a: Kash-Mmoney|Substitute|p2a: Kash-Mmoney
|-start|p2a: Kash-Mmoney|Substitute
|-damage|p2a: Kash-Mmoney|76/100
|move|p1a: Weezing|Will-O-Wisp||[still]
|-fail|p1a: Weezing
|
|-heal|p2a: Kash-Mmoney|82/100|[from] Grassy Terrain
|-heal|p2a: Kash-Mmoney|88/100|[from] item: Leftovers
|-heal|p1a: Weezing|86/100|[from] Grassy Terrain
|upkeep
|turn|7
|
|t:|1660582174
|-end|p1a: Weezing|ability: Neutralizing Gas
|switch|p1a: Lanturn|Lanturn, F|100/100
|move|p2a: Kash-Mmoney|Swords Dance|p2a: Kash-Mmoney
|-boost|p2a: Kash-Mmoney|atk|2
|
|-heal|p2a: Kash-Mmoney|94/100|[from] Grassy Terrain
|-heal|p2a: Kash-Mmoney|99/100|[from] item: Leftovers
|-fieldend|move: Grassy Terrain
|upkeep
|turn|8
|
|t:|1660582177
|move|p2a: Kash-Mmoney|Seed Bomb|p1a: Lanturn
|-supereffective|p1a: Lanturn
|-damage|p1a: Lanturn|0 fnt
|faint|p1a: Lanturn
|
|-heal|p2a: Kash-Mmoney|100/100|[from] item: Leftovers
|upkeep
|
|t:|1660582195
|switch|p1a: Charizard|Charizard, M|100/100
|turn|9
|
|t:|1660582211
|move|p1a: Charizard|Earthquake|p2a: Kash-Mmoney
|-supereffective|p2a: Kash-Mmoney
|-end|p2a: Kash-Mmoney|Substitute
|move|p2a: Kash-Mmoney|Iron Head|p1a: Charizard
|-resisted|p1a: Charizard
|-damage|p1a: Charizard|16/100
|
|upkeep
|turn|10
|
|t:|1660582227
|switch|p2a: Mix-Max|Regirock|100/100
|-status|p2a: Mix-Max|psn
|move|p1a: Charizard|Flare Blitz|p2a: Mix-Max
|-resisted|p2a: Mix-Max
|-damage|p2a: Mix-Max|87/100 psn
|-damage|p1a: Charizard|10/100|[from] Recoil
|
|-heal|p2a: Mix-Max|93/100 psn|[from] item: Leftovers
|-damage|p2a: Mix-Max|80/100 psn|[from] psn
|upkeep
|turn|11
|
|t:|1660582240
|switch|p1a: Sandaconda|Sandaconda, M|100/100
|move|p2a: Mix-Max|Stealth Rock|p1a: Sandaconda
|-sidestart|p1: Hax ruins pokemon|move: Stealth Rock
|
|-heal|p2a: Mix-Max|86/100 psn|[from] item: Leftovers
|-damage|p2a: Mix-Max|74/100 psn|[from] psn
|upkeep
|turn|12
|inactive|Hax ruins pokemon has 120 seconds left.
|
|t:|1660582265
|switch|p2a: THWACK|Thwackey, M|100/100
|-status|p2a: THWACK|psn
|-fieldstart|move: Grassy Terrain|[from] ability: Grassy Surge|[of] p2a: THWACK
|move|p1a: Sandaconda|Earthquake|p2a: THWACK
|-resisted|p2a: THWACK
|-damage|p2a: THWACK|86/100 psn
|
|-heal|p2a: THWACK|92/100 psn|[from] Grassy Terrain
|-damage|p2a: THWACK|79/100 psn|[from] psn
|upkeep
|turn|13
|
|t:|1660582273
|switch|p1a: Weezing|Weezing, F|86/100
|-ability|p1a: Weezing|Neutralizing Gas
|-damage|p1a: Weezing|74/100|[from] Stealth Rock
|move|p2a: THWACK|Wood Hammer|p1a: Weezing
|-resisted|p1a: Weezing
|-damage|p1a: Weezing|38/100
|-damage|p2a: THWACK|65/100 psn|[from] Recoil
|
|-heal|p2a: THWACK|71/100 psn|[from] Grassy Terrain
|-heal|p1a: Weezing|44/100|[from] Grassy Terrain
|-damage|p2a: THWACK|59/100 psn|[from] psn
|upkeep
|turn|14
|inactive|Hax ruins pokemon has 120 seconds left.
|
|t:|1660582309
|switch|p2a: Burble Dink|Weezing, M|100/100
|-ability|p2a: Burble Dink|Neutralizing Gas
|-sideend|p2: PULT4C1 Haffling|move: Toxic Spikes|[of] p2a: Burble Dink
|move|p1a: Weezing|Will-O-Wisp|p2a: Burble Dink|[miss]
|-miss|p1a: Weezing|p2a: Burble Dink
|
|-heal|p1a: Weezing|50/100|[from] Grassy Terrain
|upkeep
|turn|15
|
|t:|1660582318
|move|p2a: Burble Dink|Toxic Spikes|p1a: Weezing
|-sidestart|p1: Hax ruins pokemon|move: Toxic Spikes
|move|p1a: Weezing|Pain Split|p2a: Burble Dink
|-sethp|p2a: Burble Dink|75/100|[from] move: Pain Split|[silent]
|-sethp|p1a: Weezing|75/100|[from] move: Pain Split
|
|-heal|p2a: Burble Dink|81/100|[from] Grassy Terrain
|-heal|p2a: Burble Dink|87/100|[from] item: Black Sludge
|-heal|p1a: Weezing|81/100|[from] Grassy Terrain
|upkeep
|turn|16
|j|+avarice
|
|t:|1660582330
|switch|p1a: Sandaconda|Sandaconda, M|100/100
|-damage|p1a: Sandaconda|94/100|[from] Stealth Rock
|-status|p1a: Sandaconda|psn
|move|p2a: Burble Dink|Flamethrower|p1a: Sandaconda
|-damage|p1a: Sandaconda|77/100 psn
|
|-heal|p1a: Sandaconda|83/100 psn|[from] Grassy Terrain
|-heal|p1a: Sandaconda|89/100 psn|[from] item: Leftovers
|-heal|p2a: Burble Dink|93/100|[from] Grassy Terrain
|-heal|p2a: Burble Dink|99/100|[from] item: Black Sludge
|-damage|p1a: Sandaconda|76/100 psn|[from] psn
|-fieldend|move: Grassy Terrain
|upkeep
|turn|17
|
|t:|1660582348
|-end|p2a: Burble Dink|ability: Neutralizing Gas
|switch|p2a: THWACK|Thwackey, M|59/100 psn
|-fieldstart|move: Grassy Terrain|[from] ability: Grassy Surge|[of] p2a: THWACK
|move|p1a: Sandaconda|Earthquake|p2a: THWACK
|-resisted|p2a: THWACK
|-damage|p2a: THWACK|42/100 psn
|
|-heal|p2a: THWACK|48/100 psn|[from] Grassy Terrain
|-heal|p1a: Sandaconda|82/100 psn|[from] Grassy Terrain
|-heal|p1a: Sandaconda|88/100 psn|[from] item: Leftovers
|-damage|p2a: THWACK|35/100 psn|[from] psn
|-damage|p1a: Sandaconda|76/100 psn|[from] psn
|upkeep
|turn|18
|
|t:|1660582355
|switch|p1a: Weezing|Weezing, F|81/100
|-ability|p1a: Weezing|Neutralizing Gas
|-damage|p1a: Weezing|69/100|[from] Stealth Rock
|-sideend|p1: Hax ruins pokemon|move: Toxic Spikes|[of] p1a: Weezing
|move|p2a: THWACK|U-turn|p1a: Weezing
|-resisted|p1a: Weezing
|-damage|p1a: Weezing|59/100
|
|t:|1660582358
|switch|p2a: Zarders|Charizard, M|100/100|[from]move: U-turn
|
|-heal|p1a: Weezing|65/100|[from] Grassy Terrain
|upkeep
|turn|19
|inactive|Hax ruins pokemon has 120 seconds left.
|
|t:|1660582373
|move|p2a: Zarders|Flamethrower|p1a: Weezing
|-damage|p1a: Weezing|4/100
|move|p1a: Weezing|Pain Split|p2a: Zarders
|-sethp|p2a: Zarders|52/100|[from] move: Pain Split|[silent]
|-sethp|p1a: Weezing|47/100|[from] move: Pain Split
|
|-heal|p1a: Weezing|53/100|[from] Grassy Terrain
|upkeep
|turn|20
|inactive|Hax ruins pokemon has 120 seconds left.
|inactive|Hax ruins pokemon has 90 seconds left.
|
|t:|1660582411
|move|p2a: Zarders|Flamethrower|p1a: Weezing
|-damage|p1a: Weezing|0 fnt
|faint|p1a: Weezing
|-end|p1a: Weezing|ability: Neutralizing Gas
|
|upkeep
|inactive|Hax ruins pokemon has 90 seconds left.
|inactive|Hax ruins pokemon has 60 seconds left.
|
|t:|1660582449
|switch|p1a: Scrafty|Scrafty, M|100/100
|-damage|p1a: Scrafty|95/100|[from] Stealth Rock
|turn|21
|
|t:|1660582455
|move|p2a: Zarders|Hurricane|p1a: Scrafty|[miss]
|-miss|p2a: Zarders|p1a: Scrafty
|move|p1a: Scrafty|Dragon Dance|p1a: Scrafty
|-boost|p1a: Scrafty|atk|1
|-boost|p1a: Scrafty|spe|1
|
|-heal|p1a: Scrafty|100/100|[from] Grassy Terrain
|-fieldend|move: Grassy Terrain
|upkeep
|turn|22
|
|t:|1660582462
|move|p1a: Scrafty|Knock Off|p2a: Zarders
|-damage|p2a: Zarders|0 fnt
|-enditem|p2a: Zarders|Heavy-Duty Boots|[from] move: Knock Off|[of] p1a: Scrafty
|faint|p2a: Zarders
|-ability|p1a: Scrafty|Moxie|boost
|-boost|p1a: Scrafty|atk|1
|
|upkeep
|
|t:|1660582465
|switch|p2a: Burble Dink|Weezing, M|99/100
|-ability|p2a: Burble Dink|Neutralizing Gas
|turn|23
|
|t:|1660582471
|move|p1a: Scrafty|Knock Off|p2a: Burble Dink
|-damage|p2a: Burble Dink|42/100
|-enditem|p2a: Burble Dink|Black Sludge|[from] move: Knock Off|[of] p1a: Scrafty
|move|p2a: Burble Dink|Sludge Bomb|p1a: Scrafty
|-damage|p1a: Scrafty|69/100
|
|upkeep
|turn|24
|
|t:|1660582485
|move|p1a: Scrafty|Knock Off|p2a: Burble Dink
|-damage|p2a: Burble Dink|6/100
|move|p2a: Burble Dink|Sludge Bomb|p1a: Scrafty
|-damage|p1a: Scrafty|41/100
|
|upkeep
|turn|25
|
|t:|1660582491
|move|p1a: Scrafty|Knock Off|p2a: Burble Dink
|-damage|p2a: Burble Dink|0 fnt
|faint|p2a: Burble Dink
|-end|p2a: Burble Dink|ability: Neutralizing Gas
|-ability|p1a: Scrafty|Moxie|boost
|-boost|p1a: Scrafty|atk|1
|
|upkeep
|
|t:|1660582495
|switch|p2a: THWACK|Thwackey, M|35/100 psn
|-fieldstart|move: Grassy Terrain|[from] ability: Grassy Surge|[of] p2a: THWACK
|turn|26
|
|t:|1660582500
|move|p2a: THWACK|Grassy Glide|p1a: Scrafty
|-damage|p1a: Scrafty|0 fnt
|faint|p1a: Scrafty
|
|-heal|p2a: THWACK|41/100 psn|[from] Grassy Terrain
|-damage|p2a: THWACK|29/100 psn|[from] psn
|upkeep
|inactive|Hax ruins pokemon has 90 seconds left.
|c|☆PULT4C1 Haffling|did i dc
|c|☆Hax ruins pokemon|no lol
|inactive|Hax ruins pokemon has 60 seconds left.
|
|t:|1660582546
|switch|p1a: Comfey|Comfey, M|100/100
|-damage|p1a: Comfey|88/100|[from] Stealth Rock
|turn|27
|
|t:|1660582554
|switch|p2a: Kash-Mmoney|Perrserker, F, shiny|100/100
|move|p1a: Comfey|Draining Kiss|p2a: Kash-Mmoney
|-resisted|p2a: Kash-Mmoney
|-damage|p2a: Kash-Mmoney|88/100
|-heal|p1a: Comfey|98/100|[from] drain|[of] p2a: Kash-Mmoney
|
|-heal|p1a: Comfey|100/100|[from] Grassy Terrain
|-heal|p2a: Kash-Mmoney|94/100|[from] Grassy Terrain
|-heal|p2a: Kash-Mmoney|99/100|[from] item: Leftovers
|upkeep
|turn|28
|
|t:|1660582567
|switch|p1a: Sandaconda|Sandaconda, M|76/100 psn
|-damage|p1a: Sandaconda|70/100 psn|[from] Stealth Rock
|move|p2a: Kash-Mmoney|Iron Head|p1a: Sandaconda
|-damage|p1a: Sandaconda|18/100 psn
|
|-heal|p2a: Kash-Mmoney|100/100|[from] Grassy Terrain
|-heal|p1a: Sandaconda|24/100 psn|[from] Grassy Terrain
|-heal|p1a: Sandaconda|30/100 psn|[from] item: Leftovers
|-damage|p1a: Sandaconda|18/100 psn|[from] psn
|upkeep
|turn|29
|
|t:|1660582574
|move|p2a: Kash-Mmoney|Swords Dance|p2a: Kash-Mmoney
|-boost|p2a: Kash-Mmoney|atk|2
|move|p1a: Sandaconda|Earthquake|p2a: Kash-Mmoney
|-supereffective|p2a: Kash-Mmoney
|-damage|p2a: Kash-Mmoney|51/100
|
|-heal|p2a: Kash-Mmoney|57/100|[from] Grassy Terrain
|-heal|p2a: Kash-Mmoney|63/100|[from] item: Leftovers
|-heal|p1a: Sandaconda|24/100 psn|[from] Grassy Terrain
|-heal|p1a: Sandaconda|30/100 psn|[from] item: Leftovers
|-damage|p1a: Sandaconda|18/100 psn|[from] psn
|upkeep
|turn|30
|
|t:|1660582577
|move|p2a: Kash-Mmoney|Iron Head|p1a: Sandaconda
|-crit|p1a: Sandaconda
|-damage|p1a: Sandaconda|0 fnt
|faint|p1a: Sandaconda
|
|-heal|p2a: Kash-Mmoney|69/100|[from] Grassy Terrain
|-heal|p2a: Kash-Mmoney|75/100|[from] item: Leftovers
|-fieldend|move: Grassy Terrain
|upkeep
|
|t:|1660582579
|switch|p1a: Charizard|Charizard, M|10/100
|turn|31
|inactive|Hax ruins pokemon has 90 seconds left.
|
|t:|1660582585
|switch|p2a: Tonton|Lanturn, F|100/100
|move|p1a: Charizard|Flare Blitz|p2a: Tonton
|-resisted|p2a: Tonton
|-damage|p2a: Tonton|66/100
|-damage|p1a: Charizard|0 fnt|[from] Recoil
|faint|p1a: Charizard
|
|-heal|p2a: Tonton|72/100|[from] item: Leftovers
|upkeep
|
|t:|1660582588
|switch|p1a: Comfey|Comfey, M|100/100
|-damage|p1a: Comfey|88/100|[from] Stealth Rock
|turn|32
|
|t:|1660582592
|move|p1a: Comfey|Substitute|p1a: Comfey
|-start|p1a: Comfey|Substitute
|-damage|p1a: Comfey|63/100
|move|p2a: Tonton|Volt Switch|p1a: Comfey
|-activate|p1a: Comfey|move: Substitute|[damage]
|
|t:|1660582595
|switch|p2a: Kash-Mmoney|Perrserker, F, shiny|75/100|[from]move: Volt Switch
|
|-heal|p1a: Comfey|69/100|[from] item: Leftovers
|-heal|p2a: Kash-Mmoney|81/100|[from] item: Leftovers
|upkeep
|turn|33
|
|t:|1660582599
|move|p1a: Comfey|Leech Seed|p2a: Kash-Mmoney
|-start|p2a: Kash-Mmoney|move: Leech Seed
|move|p2a: Kash-Mmoney|Iron Head|p1a: Comfey
|-supereffective|p1a: Comfey
|-end|p1a: Comfey|Substitute
|
|-heal|p1a: Comfey|76/100|[from] item: Leftovers
|-heal|p2a: Kash-Mmoney|87/100|[from] item: Leftovers
|-damage|p2a: Kash-Mmoney|74/100|[from] Leech Seed|[of] p1a: Comfey
|-heal|p1a: Comfey|88/100|[silent]
|upkeep
|turn|34
|
|t:|1660582606
|move|p1a: Comfey|Substitute|p1a: Comfey
|-start|p1a: Comfey|Substitute
|-damage|p1a: Comfey|63/100
|move|p2a: Kash-Mmoney|Iron Head|p1a: Comfey
|-supereffective|p1a: Comfey
|-end|p1a: Comfey|Substitute
|
|-heal|p1a: Comfey|69/100|[from] item: Leftovers
|-heal|p2a: Kash-Mmoney|80/100|[from] item: Leftovers
|-damage|p2a: Kash-Mmoney|68/100|[from] Leech Seed|[of] p1a: Comfey
|-heal|p1a: Comfey|81/100|[silent]
|upkeep
|turn|35
|
|t:|1660582613
|switch|p2a: THWACK|Thwackey, M|29/100 psn
|-fieldstart|move: Grassy Terrain|[from] ability: Grassy Surge|[of] p2a: THWACK
|move|p1a: Comfey|Substitute|p1a: Comfey
|-start|p1a: Comfey|Substitute
|-damage|p1a: Comfey|56/100
|
|-heal|p2a: THWACK|35/100 psn|[from] Grassy Terrain
|-heal|p1a: Comfey|63/100|[from] Grassy Terrain
|-heal|p1a: Comfey|69/100|[from] item: Leftovers
|-damage|p2a: THWACK|23/100 psn|[from] psn
|upkeep
|turn|36
|
|t:|1660582630
|move|p1a: Comfey|Draining Kiss|p2a: THWACK
|-damage|p2a: THWACK|0 fnt
|-heal|p1a: Comfey|84/100|[from] drain|[of] p2a: THWACK
|faint|p2a: THWACK
|
|-heal|p1a: Comfey|90/100|[from] Grassy Terrain
|-heal|p1a: Comfey|97/100|[from] item: Leftovers
|upkeep
|
|t:|1660582632
|switch|p2a: Kash-Mmoney|Perrserker, F, shiny|68/100
|turn|37
|
|t:|1660582637
|move|p1a: Comfey|Leech Seed|p2a: Kash-Mmoney
|-start|p2a: Kash-Mmoney|move: Leech Seed
|move|p2a: Kash-Mmoney|Iron Head|p1a: Comfey
|-supereffective|p1a: Comfey
|-end|p1a: Comfey|Substitute
|
|-heal|p1a: Comfey|100/100|[from] Grassy Terrain
|-heal|p2a: Kash-Mmoney|74/100|[from] Grassy Terrain
|-heal|p2a: Kash-Mmoney|80/100|[from] item: Leftovers
|-damage|p2a: Kash-Mmoney|68/100|[from] Leech Seed|[of] p1a: Comfey
|upkeep
|turn|38
|
|t:|1660582664
|switch|p2a: Tonton|Lanturn, F|72/100
|move|p1a: Comfey|Substitute|p1a: Comfey
|-start|p1a: Comfey|Substitute
|-damage|p1a: Comfey|76/100
|
|-heal|p1a: Comfey|82/100|[from] Grassy Terrain
|-heal|p1a: Comfey|88/100|[from] item: Leftovers
|-heal|p2a: Tonton|78/100|[from] Grassy Terrain
|-heal|p2a: Tonton|85/100|[from] item: Leftovers
|upkeep
|turn|39
|
|t:|1660582668
|move|p1a: Comfey|Calm Mind|p1a: Comfey
|-boost|p1a: Comfey|spa|1
|-boost|p1a: Comfey|spd|1
|move|p2a: Tonton|Volt Switch|p1a: Comfey
|-activate|p1a: Comfey|move: Substitute|[damage]
|
|t:|1660582671
|switch|p2a: Kash-Mmoney|Perrserker, F, shiny|68/100|[from]move: Volt Switch
|
|-heal|p1a: Comfey|94/100|[from] Grassy Terrain
|-heal|p1a: Comfey|100/100|[from] item: Leftovers
|-heal|p2a: Kash-Mmoney|74/100|[from] Grassy Terrain
|-heal|p2a: Kash-Mmoney|80/100|[from] item: Leftovers
|-fieldend|move: Grassy Terrain
|upkeep
|turn|40
|
|t:|1660582675
|move|p1a: Comfey|Leech Seed|p2a: Kash-Mmoney
|-start|p2a: Kash-Mmoney|move: Leech Seed
|move|p2a: Kash-Mmoney|Iron Head|p1a: Comfey
|-supereffective|p1a: Comfey
|-end|p1a: Comfey|Substitute
|
|-heal|p2a: Kash-Mmoney|86/100|[from] item: Leftovers
|-damage|p2a: Kash-Mmoney|73/100|[from] Leech Seed|[of] p1a: Comfey
|upkeep
|turn|41
|
|t:|1660582678
|switch|p2a: Tonton|Lanturn, F|85/100
|move|p1a: Comfey|Substitute|p1a: Comfey
|-start|p1a: Comfey|Substitute
|-damage|p1a: Comfey|76/100
|
|-heal|p1a: Comfey|82/100|[from] item: Leftovers
|-heal|p2a: Tonton|91/100|[from] item: Leftovers
|upkeep
|turn|42
|
|t:|1660582681
|move|p1a: Comfey|Calm Mind|p1a: Comfey
|-boost|p1a: Comfey|spa|1
|-boost|p1a: Comfey|spd|1
|move|p2a: Tonton|Volt Switch|p1a: Comfey
|-activate|p1a: Comfey|move: Substitute|[damage]
|
|t:|1660582684
|switch|p2a: Kash-Mmoney|Perrserker, F, shiny|73/100|[from]move: Volt Switch
|
|-heal|p1a: Comfey|88/100|[from] item: Leftovers
|-heal|p2a: Kash-Mmoney|79/100|[from] item: Leftovers
|upkeep
|turn|43
|
|t:|1660582696
|move|p1a: Comfey|Leech Seed|p2a: Kash-Mmoney
|-start|p2a: Kash-Mmoney|move: Leech Seed
|move|p2a: Kash-Mmoney|Iron Head|p1a: Comfey
|-supereffective|p1a: Comfey
|-end|p1a: Comfey|Substitute
|
|-heal|p1a: Comfey|94/100|[from] item: Leftovers
|-heal|p2a: Kash-Mmoney|85/100|[from] item: Leftovers
|-damage|p2a: Kash-Mmoney|73/100|[from] Leech Seed|[of] p1a: Comfey
|-heal|p1a: Comfey|100/100|[silent]
|upkeep
|turn|44
|c|☆PULT4C1 Haffling|stop
|c|☆PULT4C1 Haffling|landidng them
|c|☆Hax ruins pokemon|no u
|
|t:|1660582707
|switch|p2a: Tonton|Lanturn, F|91/100
|move|p1a: Comfey|Substitute|p1a: Comfey
|-start|p1a: Comfey|Substitute
|-damage|p1a: Comfey|76/100
|
|-heal|p1a: Comfey|82/100|[from] item: Leftovers
|-heal|p2a: Tonton|97/100|[from] item: Leftovers
|upkeep
|turn|45
|
|t:|1660582721
|move|p1a: Comfey|Calm Mind|p1a: Comfey
|-boost|p1a: Comfey|spa|1
|-boost|p1a: Comfey|spd|1
|move|p2a: Tonton|Volt Switch|p1a: Comfey
|-activate|p1a: Comfey|move: Substitute|[damage]
|
|t:|1660582723
|switch|p2a: Kash-Mmoney|Perrserker, F, shiny|73/100|[from]move: Volt Switch
|
|-heal|p1a: Comfey|88/100|[from] item: Leftovers
|-heal|p2a: Kash-Mmoney|79/100|[from] item: Leftovers
|upkeep
|turn|46
|
|t:|1660582732
|move|p1a: Comfey|Leech Seed|p2a: Kash-Mmoney
|-start|p2a: Kash-Mmoney|move: Leech Seed
|move|p2a: Kash-Mmoney|Iron Head|p1a: Comfey
|-supereffective|p1a: Comfey
|-end|p1a: Comfey|Substitute
|
|-heal|p1a: Comfey|94/100|[from] item: Leftovers
|-heal|p2a: Kash-Mmoney|85/100|[from] item: Leftovers
|-damage|p2a: Kash-Mmoney|73/100|[from] Leech Seed|[of] p1a: Comfey
|-heal|p1a: Comfey|100/100|[silent]
|upkeep
|turn|47
|c|☆PULT4C1 Haffling|bruh
|c|☆Hax ruins pokemon|100%
|
|t:|1660582749
|switch|p2a: Mix-Max|Regirock|74/100 psn
|move|p1a: Comfey|Substitute|p1a: Comfey
|-start|p1a: Comfey|Substitute
|-damage|p1a: Comfey|76/100
|
|-heal|p1a: Comfey|82/100|[from] item: Leftovers
|-heal|p2a: Mix-Max|80/100 psn|[from] item: Leftovers
|-damage|p2a: Mix-Max|68/100 psn|[from] psn
|upkeep
|turn|48
|
|t:|1660582763
|move|p1a: Comfey|Draining Kiss|p2a: Mix-Max
|-damage|p2a: Mix-Max|31/100 psn
|-heal|p1a: Comfey|100/100|[from] drain|[of] p2a: Mix-Max
|move|p2a: Mix-Max|Rock Blast|p1a: Comfey
|-activate|p1a: Comfey|move: Substitute|[damage]
|-activate|p1a: Comfey|move: Substitute|[damage]
|-activate|p1a: Comfey|move: Substitute|[damage]
|-end|p1a: Comfey|Substitute
|-damage|p1a: Comfey|93/100
|-hitcount|p1a: Comfey|5
|
|-heal|p1a: Comfey|99/100|[from] item: Leftovers
|-heal|p2a: Mix-Max|37/100 psn|[from] item: Leftovers
|-damage|p2a: Mix-Max|25/100 psn|[from] psn
|upkeep
|turn|49
|c|☆Hax ruins pokemon|wow 5 hits
|c|☆Hax ruins pokemon|thats broken
|
|t:|1660582786
|move|p1a: Comfey|Substitute|p1a: Comfey
|-start|p1a: Comfey|Substitute
|-damage|p1a: Comfey|74/100
|move|p2a: Mix-Max|Rock Blast|p1a: Comfey
|-activate|p1a: Comfey|move: Substitute|[damage]
|-crit|p1a: Comfey
|-activate|p1a: Comfey|move: Substitute|[damage]
|-hitcount|p1a: Comfey|2
|
|-heal|p1a: Comfey|80/100|[from] item: Leftovers
|-heal|p2a: Mix-Max|31/100 psn|[from] item: Leftovers
|-damage|p2a: Mix-Max|19/100 psn|[from] psn
|upkeep
|turn|50
|
|t:|1660582796
|move|p1a: Comfey|Draining Kiss|p2a: Mix-Max
|-damage|p2a: Mix-Max|0 fnt
|-heal|p1a: Comfey|97/100|[from] drain|[of] p2a: Mix-Max
|faint|p2a: Mix-Max
|
|-heal|p1a: Comfey|100/100|[from] item: Leftovers
|upkeep
|
|t:|1660582798
|switch|p2a: Kash-Mmoney|Perrserker, F, shiny|73/100
|turn|51
|
|t:|1660582801
|move|p1a: Comfey|Leech Seed|p2a: Kash-Mmoney
|-start|p2a: Kash-Mmoney|move: Leech Seed
|move|p2a: Kash-Mmoney|Iron Head|p1a: Comfey
|-supereffective|p1a: Comfey
|-end|p1a: Comfey|Substitute
|
|-heal|p2a: Kash-Mmoney|79/100|[from] item: Leftovers
|-damage|p2a: Kash-Mmoney|66/100|[from] Leech Seed|[of] p1a: Comfey
|upkeep
|turn|52
|c|☆PULT4C1 Haffling|so lucky man
|c|☆Hax ruins pokemon|luckiest man alive
|
|t:|1660582818
|switch|p2a: Tonton|Lanturn, F|97/100
|move|p1a: Comfey|Substitute|p1a: Comfey
|-start|p1a: Comfey|Substitute
|-damage|p1a: Comfey|76/100
|
|-heal|p1a: Comfey|82/100|[from] item: Leftovers
|-heal|p2a: Tonton|100/100|[from] item: Leftovers
|upkeep
|turn|53
|
|t:|1660582823
|move|p1a: Comfey|Calm Mind|p1a: Comfey
|-boost|p1a: Comfey|spa|1
|-boost|p1a: Comfey|spd|1
|move|p2a: Tonton|Volt Switch|p1a: Comfey
|-activate|p1a: Comfey|move: Substitute|[damage]
|
|t:|1660582825
|switch|p2a: Kash-Mmoney|Perrserker, F, shiny|66/100|[from]move: Volt Switch
|
|-heal|p1a: Comfey|88/100|[from] item: Leftovers
|-heal|p2a: Kash-Mmoney|72/100|[from] item: Leftovers
|upkeep
|turn|54
|
|t:|1660582828
|move|p1a: Comfey|Leech Seed|p2a: Kash-Mmoney
|-start|p2a: Kash-Mmoney|move: Leech Seed
|move|p2a: Kash-Mmoney|Iron Head|p1a: Comfey
|-supereffective|p1a: Comfey
|-end|p1a: Comfey|Substitute
|
|-heal|p1a: Comfey|94/100|[from] item: Leftovers
|-heal|p2a: Kash-Mmoney|78/100|[from] item: Leftovers
|-damage|p2a: Kash-Mmoney|66/100|[from] Leech Seed|[of] p1a: Comfey
|-heal|p1a: Comfey|100/100|[silent]
|upkeep
|turn|55
|c|☆PULT4C1 Haffling|wow
|c|☆PULT4C1 Haffling|just wow
|
|t:|1660582840
|switch|p2a: Tonton|Lanturn, F|100/100
|move|p1a: Comfey|Substitute|p1a: Comfey
|-start|p1a: Comfey|Substitute
|-damage|p1a: Comfey|76/100
|
|-heal|p1a: Comfey|82/100|[from] item: Leftovers
|upkeep
|turn|56
|c|☆Hax ruins pokemon|im a straight A student
|c|☆Hax ruins pokemon|90%
|
|t:|1660582860
|move|p1a: Comfey|Calm Mind|p1a: Comfey
|-boost|p1a: Comfey|spa|1
|-boost|p1a: Comfey|spd|1
|move|p2a: Tonton|Volt Switch|p1a: Comfey
|-activate|p1a: Comfey|move: Substitute|[damage]
|c|☆PULT4C1 Haffling|so stupid
|
|t:|1660582866
|switch|p2a: Kash-Mmoney|Perrserker, F, shiny|66/100|[from]move: Volt Switch
|
|-heal|p1a: Comfey|88/100|[from] item: Leftovers
|-heal|p2a: Kash-Mmoney|72/100|[from] item: Leftovers
|upkeep
|turn|57
|c|☆Hax ruins pokemon|no its smart
|
|t:|1660582872
|move|p1a: Comfey|Leech Seed|p2a: Kash-Mmoney
|-start|p2a: Kash-Mmoney|move: Leech Seed
|move|p2a: Kash-Mmoney|Iron Head|p1a: Comfey
|-supereffective|p1a: Comfey
|-end|p1a: Comfey|Substitute
|
|-heal|p1a: Comfey|94/100|[from] item: Leftovers
|-heal|p2a: Kash-Mmoney|78/100|[from] item: Leftovers
|-damage|p2a: Kash-Mmoney|66/100|[from] Leech Seed|[of] p1a: Comfey
|-heal|p1a: Comfey|100/100|[silent]
|upkeep
|turn|58
|c|☆PULT4C1 Haffling|what a joke man
|
|t:|1660582882
|switch|p2a: Tonton|Lanturn, F|100/100
|move|p1a: Comfey|Substitute|p1a: Comfey
|-start|p1a: Comfey|Substitute
|-damage|p1a: Comfey|76/100
|
|-heal|p1a: Comfey|82/100|[from] item: Leftovers
|upkeep
|turn|59
|c|☆Hax ruins pokemon|dont depend on luck bro
|
|t:|1660582893
|move|p1a: Comfey|Calm Mind|p1a: Comfey
|-boost|p1a: Comfey|spa|1
|-boost|p1a: Comfey|spd|1
|move|p2a: Tonton|Volt Switch|p1a: Comfey
|-activate|p1a: Comfey|move: Substitute|[damage]
|c|☆PULT4C1 Haffling|like you?
|
|t:|1660582899
|switch|p2a: Kash-Mmoney|Perrserker, F, shiny|66/100|[from]move: Volt Switch
|
|-heal|p1a: Comfey|88/100|[from] item: Leftovers
|-heal|p2a: Kash-Mmoney|72/100|[from] item: Leftovers
|upkeep
|turn|60
|
|t:|1660582909
|switch|p2a: Tonton|Lanturn, F|100/100
|move|p1a: Comfey|Draining Kiss|p2a: Tonton
|-crit|p2a: Tonton
|-damage|p2a: Tonton|32/100
|-heal|p1a: Comfey|100/100|[from] drain|[of] p2a: Tonton
|
|-heal|p2a: Tonton|38/100|[from] item: Leftovers
|upkeep
|turn|61
|
|t:|1660582916
|move|p1a: Comfey|Draining Kiss|p2a: Tonton
|-damage|p2a: Tonton|0 fnt
|faint|p2a: Tonton
|
|upkeep
|
|t:|1660582920
|switch|p2a: Kash-Mmoney|Perrserker, F, shiny|72/100
|turn|62
|
|t:|1660582926
|move|p1a: Comfey|Draining Kiss|p2a: Kash-Mmoney
|-resisted|p2a: Kash-Mmoney
|-damage|p2a: Kash-Mmoney|22/100
|move|p2a: Kash-Mmoney|Iron Head|p1a: Comfey
|-supereffective|p1a: Comfey
|-end|p1a: Comfey|Substitute
|
|-heal|p2a: Kash-Mmoney|28/100|[from] item: Leftovers
|upkeep
|turn|63
|c|☆PULT4C1 Haffling|lame
|c|☆Hax ruins pokemon|GG
|
|t:|1660582933
|move|p1a: Comfey|Draining Kiss|p2a: Kash-Mmoney
|-resisted|p2a: Kash-Mmoney
|-damage|p2a: Kash-Mmoney|0 fnt
|faint|p2a: Kash-Mmoney
|
|win|Hax ruins pokemon
|raw|Hax ruins pokemon's rating: 1335 &rarr; <strong>1359</strong><br />(+24 for winning)
|raw|PULT4C1 Haffling's rating: 1406 &rarr; <strong>1382</strong><br />(-24 for losing)
|l|☆Hax ruins pokemon
|c|☆PULT4C1 Haffling|sigh
|l|☆PULT4C1 Haffling
||Ladder isn't responding, score probably updated but might not have (Request timeout).
