|j|☆Jmash324
|j|☆Haffling
|t:|1656814676
|gametype|singles
|player|p1|Jmash324|lucas|
|player|p2|Haffling|cyrus|
|teamsize|p1|6
|teamsize|p2|6
|gen|8
|tier|[Gen 8] PU
|rated|Tournament battle
|rule|Sleep Clause Mod: Limit one foe put to sleep
|rule|OHKO Clause: OHKO moves are banned
|rule|Evasion Moves Clause: Evasion moves are banned
|rule|Endless Battle Clause: Forcing endless battles is banned
|rule|HP Percentage Mod: HP is shown in percentages
|rule|Dynamax Clause: You cannot dynamax
|clearpoke
|poke|p1|Araquanid, M|
|poke|p1|Araquanid, F|
|poke|p1|Araquanid, F|
|poke|p1|Araquanid, M|
|poke|p1|Araquanid, F|
|poke|p1|Araquanid, M|
|poke|p2|Araquanid, M|
|poke|p2|Araquanid, M|
|poke|p2|Araquanid, F|
|poke|p2|Araquanid, M|
|poke|p2|Araquanid, F|
|poke|p2|Araquanid, F|
|teampreview
|c|☆Haffling|hf
|c|☆Jmash324|U2
|j|+zoowi
|
|t:|1656814689
|start
|switch|p1a: what’s good|Araquanid, F|100/100
|switch|p2a: Araquanid|Araquanid, M|100/100
|turn|1
|j|@ShuckleDeath
|
|t:|1656814693
|move|p1a: what’s good|Magic Coat|p1a: what’s good
|-singleturn|p1a: what’s good|move: Magic Coat
|move|p2a: Araquanid|Sticky Web|p1a: what’s good
|move|p1a: what’s good|Sticky Web|p2a: Araquanid|[from]Magic Coat
|-sidestart|p2: Haffling|move: Sticky Web
|
|upkeep
|turn|2
|c|☆Jmash324|everybody has fallen for it
|c|☆Jmash324|nice
|c|☆Jmash324|doesn’t matter tho lol
|c|☆Haffling|it dont matter
|
|t:|1656814708
|move|p1a: what’s good|Magic Coat|p1a: what’s good
|-singleturn|p1a: what’s good|move: Magic Coat
|move|p2a: Araquanid|Sticky Web|p1a: what’s good
|move|p1a: what’s good|Sticky Web||[from]Magic Coat|[still]
|-fail|p1a: what’s good
|
|upkeep
|turn|3
|c|@ShuckleDeath|hot
|inactive|Battle timer is ON: inactive players will automatically lose when time's up. (requested by Haffling)
|c|☆Jmash324|matters if I go god mode
|
|t:|1656814722
|move|p1a: what’s good|Magic Coat|p1a: what’s good
|-singleturn|p1a: what’s good|move: Magic Coat
|move|p2a: Araquanid|Sticky Web|p1a: what’s good
|move|p1a: what’s good|Sticky Web||[from]Magic Coat|[still]
|-fail|p1a: what’s good
|
|upkeep
|turn|4
|
|t:|1656814728
|move|p1a: what’s good|Magic Coat|p1a: what’s good
|-singleturn|p1a: what’s good|move: Magic Coat
|move|p2a: Araquanid|Sticky Web|p1a: what’s good
|move|p1a: what’s good|Sticky Web||[from]Magic Coat|[still]
|-fail|p1a: what’s good
|
|upkeep
|turn|5
|
|t:|1656814733
|move|p1a: what’s good|Magic Coat|p1a: what’s good
|-singleturn|p1a: what’s good|move: Magic Coat
|move|p2a: Araquanid|Sticky Web|p1a: what’s good
|move|p1a: what’s good|Sticky Web||[from]Magic Coat|[still]
|-fail|p1a: what’s good
|
|upkeep
|turn|6
|c|☆Jmash324|PP nvm
|
|t:|1656814742
|move|p2a: Araquanid|Sticky Web|p1a: what’s good
|-sidestart|p1: Jmash324|move: Sticky Web
|move|p1a: what’s good|Lunge|p2a: Araquanid
|-damage|p2a: Araquanid|51/100
|-unboost|p2a: Araquanid|atk|1
|
|-heal|p2a: Araquanid|57/100|[from] item: Leftovers
|upkeep
|turn|7
|
|t:|1656814750
|switch|p2a: Araquanid|Araquanid, M|100/100
|-activate|p2a: Araquanid|move: Sticky Web
|-unboost|p2a: Araquanid|spe|1
|move|p1a: what’s good|Leech Life|p2a: Araquanid
|-damage|p2a: Araquanid|69/100
|
|-heal|p2a: Araquanid|75/100|[from] item: Leftovers
|upkeep
|turn|8
|
|t:|1656814760
|switch|p1a: yo|Araquanid, M|100/100
|-activate|p1a: yo|move: Sticky Web
|-unboost|p1a: yo|spe|1
|move|p2a: Araquanid|Lunge|p1a: yo
|-damage|p1a: yo|82/100
|-unboost|p1a: yo|atk|1
|
|-heal|p2a: Araquanid|81/100|[from] item: Leftovers
|-heal|p1a: yo|88/100|[from] item: Leftovers
|upkeep
|turn|9
|
|t:|1656814766
|move|p2a: Araquanid|Aqua Ring|p2a: Araquanid
|-start|p2a: Araquanid|Aqua Ring
|move|p1a: yo|Laser Focus|p1a: yo
|-start|p1a: yo|move: Laser Focus
|
|-heal|p2a: Araquanid|87/100|[from] item: Leftovers
|-heal|p1a: yo|94/100|[from] item: Leftovers
|-heal|p2a: Araquanid|93/100|[from] Aqua Ring
|upkeep
|turn|10
|j| suloxiv ✿
|
|t:|1656814770
|move|p2a: Araquanid|Lunge|p1a: yo
|-damage|p1a: yo|73/100
|-unboost|p1a: yo|atk|1
|move|p1a: yo|Leech Life|p2a: Araquanid
|-crit|p2a: Araquanid
|-damage|p2a: Araquanid|56/100
|-heal|p1a: yo|89/100|[from] drain|[of] p2a: Araquanid
|
|-heal|p2a: Araquanid|62/100|[from] item: Leftovers
|-heal|p1a: yo|95/100|[from] item: Leftovers
|-heal|p2a: Araquanid|68/100|[from] Aqua Ring
|-end|p1a: yo|move: Laser Focus|[silent]
|upkeep
|turn|11
|
|t:|1656814779
|move|p2a: Araquanid|Toxic|p1a: yo|[miss]
|-miss|p2a: Araquanid|p1a: yo
|move|p1a: yo|Laser Focus|p1a: yo
|-start|p1a: yo|move: Laser Focus
|
|-heal|p2a: Araquanid|74/100|[from] item: Leftovers
|-heal|p1a: yo|100/100|[from] item: Leftovers
|-heal|p2a: Araquanid|80/100|[from] Aqua Ring
|upkeep
|turn|12
|
|t:|1656814783
|move|p2a: Araquanid|Toxic|p1a: yo
|-status|p1a: yo|tox
|move|p1a: yo|Leech Life|p2a: Araquanid
|-crit|p2a: Araquanid
|-damage|p2a: Araquanid|44/100
|
|-heal|p2a: Araquanid|50/100|[from] item: Leftovers
|-heal|p2a: Araquanid|56/100|[from] Aqua Ring
|-damage|p1a: yo|94/100 tox|[from] psn
|-end|p1a: yo|move: Laser Focus|[silent]
|upkeep
|turn|13
|
|t:|1656814788
|move|p2a: Araquanid|Lunge|p1a: yo
|-damage|p1a: yo|74/100 tox
|-unboost|p1a: yo|atk|1
|move|p1a: yo|Laser Focus|p1a: yo
|-start|p1a: yo|move: Laser Focus
|
|-heal|p2a: Araquanid|62/100|[from] item: Leftovers
|-heal|p1a: yo|80/100 tox|[from] item: Leftovers
|-heal|p2a: Araquanid|68/100|[from] Aqua Ring
|-damage|p1a: yo|68/100 tox|[from] psn
|upkeep
|turn|14
|
|t:|1656814802
|move|p2a: Araquanid|Lunge|p1a: yo
|-damage|p1a: yo|47/100 tox
|-unboost|p1a: yo|atk|1
|move|p1a: yo|Leech Life|p2a: Araquanid
|-crit|p2a: Araquanid
|-damage|p2a: Araquanid|29/100
|-heal|p1a: yo|64/100 tox|[from] drain|[of] p2a: Araquanid
|
|-heal|p2a: Araquanid|35/100|[from] item: Leftovers
|-heal|p1a: yo|70/100 tox|[from] item: Leftovers
|-heal|p2a: Araquanid|41/100|[from] Aqua Ring
|-damage|p1a: yo|51/100 tox|[from] psn
|-end|p1a: yo|move: Laser Focus|[silent]
|upkeep
|turn|15
|
|t:|1656814819
|switch|p1a: this guy|Araquanid, M|100/100
|-activate|p1a: this guy|move: Sticky Web
|-unboost|p1a: this guy|spe|1
|move|p2a: Araquanid|Lunge|p1a: this guy
|-damage|p1a: this guy|85/100
|-unboost|p1a: this guy|atk|1
|
|-heal|p2a: Araquanid|47/100|[from] item: Leftovers
|-heal|p1a: this guy|92/100|[from] item: Leftovers
|-heal|p2a: Araquanid|53/100|[from] Aqua Ring
|upkeep
|turn|16
|
|t:|1656814824
|move|p2a: Araquanid|Rest|p2a: Araquanid
|-status|p2a: Araquanid|slp|[from] move: Rest
|-heal|p2a: Araquanid|100/100 slp|[silent]
|move|p1a: this guy|Toxic||[still]
|-fail|p1a: this guy
|
|-heal|p1a: this guy|98/100|[from] item: Leftovers
|upkeep
|turn|17
|j| Xerche
|
|t:|1656814835
|switch|p1a: that’s right|Araquanid, F|100/100
|-activate|p1a: that’s right|move: Sticky Web
|-unboost|p1a: that’s right|spe|1
|cant|p2a: Araquanid|slp
|
|upkeep
|turn|18
|c|☆Haffling|my hot hot hot tec of aqua ring has paid off
|
|t:|1656814861
|cant|p2a: Araquanid|slp
|move|p1a: that’s right|Infestation|p2a: Araquanid
|-damage|p2a: Araquanid|97/100 slp
|-activate|p2a: Araquanid|move: Infestation|[of] p1a: that’s right
|
|-heal|p2a: Araquanid|100/100 slp|[from] item: Leftovers
|-damage|p2a: Araquanid|88/100 slp|[from] move: Infestation|[partiallytrapped]
|upkeep
|turn|19
|
|t:|1656814866
|switch|p1a: this guy|Araquanid, M|98/100
|-activate|p1a: this guy|move: Sticky Web
|-unboost|p1a: this guy|spe|1
|-curestatus|p2a: Araquanid|slp|[msg]
|move|p2a: Araquanid|Toxic|p1a: this guy
|-status|p1a: this guy|tox
|
|-heal|p2a: Araquanid|94/100|[from] item: Leftovers
|-heal|p1a: this guy|100/100 tox|[from] item: Leftovers
|-heal|p2a: Araquanid|99/100|[from] Aqua Ring
|-damage|p1a: this guy|94/100 tox|[from] psn
|-end|p2a: Araquanid|Infestation|[partiallytrapped]|[silent]
|upkeep
|turn|20
|c|@ShuckleDeath|i used aqua ring
|
|t:|1656814884
|switch|p2a: Araquanid|Araquanid, F|100/100
|-activate|p2a: Araquanid|move: Sticky Web
|-unboost|p2a: Araquanid|spe|1
|move|p1a: this guy|Toxic|p2a: Araquanid
|-status|p2a: Araquanid|tox
|
|-heal|p1a: this guy|100/100 tox|[from] item: Leftovers
|-damage|p1a: this guy|88/100 tox|[from] psn
|-damage|p2a: Araquanid|94/100 tox|[from] psn
|upkeep
|turn|21
|
|t:|1656814894
|switch|p1a: yo|Araquanid, M|51/100 tox
|-activate|p1a: yo|move: Sticky Web
|-unboost|p1a: yo|spe|1
|switch|p2a: Araquanid|Araquanid, F|100/100
|-activate|p2a: Araquanid|move: Sticky Web
|-unboost|p2a: Araquanid|spe|1
|
|-heal|p1a: yo|58/100 tox|[from] item: Leftovers
|-damage|p1a: yo|51/100 tox|[from] psn
|upkeep
|turn|22
|j|+Nat
|c|@ShuckleDeath|the sub id + metro bug buzz
|l|+Nat
|
|t:|1656814902
|move|p1a: yo|Leech Life|p2a: Araquanid
|-damage|p2a: Araquanid|72/100
|-heal|p1a: yo|66/100 tox|[from] drain|[of] p2a: Araquanid
|move|p2a: Araquanid|Bug Buzz|p1a: yo
|-damage|p1a: yo|43/100 tox
|
|-heal|p2a: Araquanid|78/100|[from] item: Leftovers
|-heal|p1a: yo|49/100 tox|[from] item: Leftovers
|-damage|p1a: yo|37/100 tox|[from] psn
|upkeep
|turn|23
|
|t:|1656814913
|switch|p1a: le epic|Araquanid, F|100/100
|-activate|p1a: le epic|move: Sticky Web
|-unboost|p1a: le epic|spe|1
|move|p2a: Araquanid|Infestation|p1a: le epic
|-damage|p1a: le epic|95/100
|-activate|p1a: le epic|move: Infestation|[of] p2a: Araquanid
|
|-heal|p2a: Araquanid|84/100|[from] item: Leftovers
|-damage|p1a: le epic|82/100|[from] move: Infestation|[partiallytrapped]
|upkeep
|turn|24
|
|t:|1656814920
|move|p1a: le epic|Leech Life|p2a: Araquanid
|-damage|p2a: Araquanid|32/100
|-heal|p1a: le epic|100/100|[from] drain|[of] p2a: Araquanid
|move|p2a: Araquanid|Bug Buzz|p1a: le epic
|-damage|p1a: le epic|79/100
|
|-heal|p2a: Araquanid|38/100|[from] item: Leftovers
|-damage|p1a: le epic|66/100|[from] move: Infestation|[partiallytrapped]
|upkeep
|turn|25
|
|t:|1656814931
|switch|p2a: Araquanid|Araquanid, M|99/100
|-activate|p2a: Araquanid|move: Sticky Web
|-unboost|p2a: Araquanid|spe|1
|move|p1a: le epic|Leech Life|p2a: Araquanid
|-damage|p2a: Araquanid|58/100
|-heal|p1a: le epic|85/100|[from] drain|[of] p2a: Araquanid
|
|-heal|p2a: Araquanid|64/100|[from] item: Leftovers
|-end|p1a: le epic|Infestation|[partiallytrapped]|[silent]
|upkeep
|turn|26
|
|t:|1656814935
|move|p2a: Araquanid|Lunge|p1a: le epic
|-damage|p1a: le epic|64/100
|-unboost|p1a: le epic|atk|1
|move|p1a: le epic|Leech Life|p2a: Araquanid
|-damage|p2a: Araquanid|39/100
|-heal|p1a: le epic|75/100|[from] drain|[of] p2a: Araquanid
|
|-heal|p2a: Araquanid|45/100|[from] item: Leftovers
|upkeep
|turn|27
|
|t:|1656814944
|switch|p1a: this guy|Araquanid, M|88/100 tox
|-activate|p1a: this guy|move: Sticky Web
|-unboost|p1a: this guy|spe|1
|move|p2a: Araquanid|Aqua Ring|p2a: Araquanid
|-start|p2a: Araquanid|Aqua Ring
|
|-heal|p2a: Araquanid|51/100|[from] item: Leftovers
|-heal|p1a: this guy|94/100 tox|[from] item: Leftovers
|-heal|p2a: Araquanid|57/100|[from] Aqua Ring
|-damage|p1a: this guy|88/100 tox|[from] psn
|upkeep
|turn|28
|
|t:|1656814953
|move|p2a: Araquanid|Lunge|p1a: this guy
|-damage|p1a: this guy|71/100 tox
|-unboost|p1a: this guy|atk|1
|move|p1a: this guy|Toxic|p2a: Araquanid
|-status|p2a: Araquanid|tox
|
|-heal|p2a: Araquanid|63/100 tox|[from] item: Leftovers
|-heal|p1a: this guy|78/100 tox|[from] item: Leftovers
|-heal|p2a: Araquanid|69/100 tox|[from] Aqua Ring
|-damage|p2a: Araquanid|63/100 tox|[from] psn
|-damage|p1a: this guy|65/100 tox|[from] psn
|upkeep
|turn|29
|
|t:|1656814962
|switch|p2a: Araquanid|Araquanid, M|100/100
|-activate|p2a: Araquanid|move: Sticky Web
|-unboost|p2a: Araquanid|spe|1
|move|p1a: this guy|Rest|p1a: this guy
|-status|p1a: this guy|slp|[from] move: Rest
|-heal|p1a: this guy|100/100 slp|[silent]
|
|upkeep
|turn|30
|
|t:|1656814967
|move|p2a: Araquanid|Leech Life|p1a: this guy
|-damage|p1a: this guy|66/100 slp
|cant|p1a: this guy|slp
|
|-heal|p1a: this guy|72/100 slp|[from] item: Leftovers
|upkeep
|turn|31
|
|t:|1656814971
|move|p2a: Araquanid|Leech Life|p1a: this guy
|-damage|p1a: this guy|37/100 slp
|cant|p1a: this guy|slp
|
|-heal|p1a: this guy|43/100 slp|[from] item: Leftovers
|upkeep
|turn|32
|
|t:|1656814974
|move|p2a: Araquanid|Leech Life|p1a: this guy
|-damage|p1a: this guy|8/100 slp
|-curestatus|p1a: this guy|slp|[msg]
|move|p1a: this guy|Rest|p1a: this guy
|-status|p1a: this guy|slp|[from] move: Rest
|-heal|p1a: this guy|100/100 slp|[silent]
|
|upkeep
|turn|33
|
|t:|1656814979
|switch|p1a: that’s right|Araquanid, F|100/100
|-activate|p1a: that’s right|move: Sticky Web
|-unboost|p1a: that’s right|spe|1
|move|p2a: Araquanid|Leech Life|p1a: that’s right
|-damage|p1a: that’s right|56/100
|
|-heal|p1a: that’s right|62/100|[from] item: Leftovers
|upkeep
|turn|34
|
|t:|1656814983
|move|p1a: that’s right|Protect|p1a: that’s right
|-singleturn|p1a: that’s right|Protect
|move|p2a: Araquanid|Leech Life|p1a: that’s right
|-activate|p1a: that’s right|move: Protect
|
|-heal|p1a: that’s right|68/100|[from] item: Leftovers
|upkeep
|turn|35
|
|t:|1656814986
|move|p2a: Araquanid|Leech Life|p1a: that’s right
|-crit|p1a: that’s right
|-damage|p1a: that’s right|0 fnt
|faint|p1a: that’s right
|
|upkeep
|c|☆Jmash324|oh
|c|☆Jmash324|rip
|
|t:|1656814998
|switch|p1a: what’s good|Araquanid, F|100/100
|-activate|p1a: what’s good|move: Sticky Web
|-unboost|p1a: what’s good|spe|1
|turn|36
|
|t:|1656815013
|switch|p2a: Araquanid|Araquanid, M|63/100 tox
|-activate|p2a: Araquanid|move: Sticky Web
|-unboost|p2a: Araquanid|spe|1
|move|p1a: what’s good|Lunge|p2a: Araquanid
|-damage|p2a: Araquanid|29/100 tox
|-unboost|p2a: Araquanid|atk|1
|
|-heal|p2a: Araquanid|35/100 tox|[from] item: Leftovers
|-damage|p2a: Araquanid|29/100 tox|[from] psn
|upkeep
|turn|37
|
|t:|1656815022
|move|p2a: Araquanid|Rest|p2a: Araquanid
|-status|p2a: Araquanid|slp|[from] move: Rest
|-heal|p2a: Araquanid|100/100 slp|[silent]
|move|p1a: what’s good|Lunge|p2a: Araquanid
|-damage|p2a: Araquanid|70/100 slp
|-unboost|p2a: Araquanid|atk|1
|
|-heal|p2a: Araquanid|76/100 slp|[from] item: Leftovers
|upkeep
|turn|38
|
|t:|1656815030
|cant|p2a: Araquanid|slp
|move|p1a: what’s good|Lunge|p2a: Araquanid
|-damage|p2a: Araquanid|46/100 slp
|-unboost|p2a: Araquanid|atk|1
|
|-heal|p2a: Araquanid|52/100 slp|[from] item: Leftovers
|upkeep
|turn|39
|
|t:|1656815034
|cant|p2a: Araquanid|slp
|move|p1a: what’s good|Lunge|p2a: Araquanid
|-damage|p2a: Araquanid|21/100 slp
|-unboost|p2a: Araquanid|atk|1
|
|-heal|p2a: Araquanid|27/100 slp|[from] item: Leftovers
|upkeep
|turn|40
|
|t:|1656815039
|-curestatus|p2a: Araquanid|slp|[msg]
|move|p2a: Araquanid|Rest|p2a: Araquanid
|-status|p2a: Araquanid|slp|[from] move: Rest
|-heal|p2a: Araquanid|100/100 slp|[silent]
|move|p1a: what’s good|Lunge|p2a: Araquanid
|-damage|p2a: Araquanid|71/100 slp
|-unboost|p2a: Araquanid|atk|1
|
|-heal|p2a: Araquanid|77/100 slp|[from] item: Leftovers
|upkeep
|turn|41
|c|+zoowi|fun
|
|t:|1656815044
|cant|p2a: Araquanid|slp
|move|p1a: what’s good|Lunge|p2a: Araquanid
|-damage|p2a: Araquanid|46/100 slp
|-unboost|p2a: Araquanid|atk|1
|
|-heal|p2a: Araquanid|52/100 slp|[from] item: Leftovers
|upkeep
|turn|42
|
|t:|1656815051
|cant|p2a: Araquanid|slp
|move|p1a: what’s good|Lunge|p2a: Araquanid
|-damage|p2a: Araquanid|22/100 slp
|
|-heal|p2a: Araquanid|28/100 slp|[from] item: Leftovers
|upkeep
|turn|43
|c|@ShuckleDeath|i think its fun
|
|t:|1656815058
|-curestatus|p2a: Araquanid|slp|[msg]
|move|p2a: Araquanid|Rest|p2a: Araquanid
|-status|p2a: Araquanid|slp|[from] move: Rest
|-heal|p2a: Araquanid|100/100 slp|[silent]
|move|p1a: what’s good|Lunge|p2a: Araquanid
|-damage|p2a: Araquanid|71/100 slp
|
|-heal|p2a: Araquanid|77/100 slp|[from] item: Leftovers
|upkeep
|turn|44
|
|t:|1656815072
|switch|p1a: le epic|Araquanid, F|75/100
|-activate|p1a: le epic|move: Sticky Web
|-unboost|p1a: le epic|spe|1
|cant|p2a: Araquanid|slp
|
|-heal|p2a: Araquanid|83/100 slp|[from] item: Leftovers
|upkeep
|turn|45
|
|t:|1656815075
|cant|p2a: Araquanid|slp
|move|p1a: le epic|Leech Life|p2a: Araquanid
|-damage|p2a: Araquanid|45/100 slp
|-heal|p1a: le epic|92/100|[from] drain|[of] p2a: Araquanid
|
|-heal|p2a: Araquanid|51/100 slp|[from] item: Leftovers
|upkeep
|turn|46
|j| NoahDeKnight
|
|t:|1656815081
|-curestatus|p2a: Araquanid|slp|[msg]
|move|p2a: Araquanid|Aqua Ring|p2a: Araquanid
|-start|p2a: Araquanid|Aqua Ring
|move|p1a: le epic|Leech Life|p2a: Araquanid
|-damage|p2a: Araquanid|8/100
|-heal|p1a: le epic|100/100|[from] drain|[of] p2a: Araquanid
|
|-heal|p2a: Araquanid|14/100|[from] item: Leftovers
|-heal|p2a: Araquanid|20/100|[from] Aqua Ring
|upkeep
|turn|47
|
|t:|1656815085
|move|p2a: Araquanid|Rest|p2a: Araquanid
|-status|p2a: Araquanid|slp|[from] move: Rest
|-heal|p2a: Araquanid|100/100 slp|[silent]
|move|p1a: le epic|Leech Life|p2a: Araquanid
|-damage|p2a: Araquanid|61/100 slp
|
|-heal|p2a: Araquanid|67/100 slp|[from] item: Leftovers
|-heal|p2a: Araquanid|73/100 slp|[from] Aqua Ring
|upkeep
|turn|48
|
|t:|1656815089
|cant|p2a: Araquanid|slp
|move|p1a: le epic|Leech Life|p2a: Araquanid
|-damage|p2a: Araquanid|30/100 slp
|
|-heal|p2a: Araquanid|36/100 slp|[from] item: Leftovers
|-heal|p2a: Araquanid|42/100 slp|[from] Aqua Ring
|upkeep
|turn|49
|
|t:|1656815094
|cant|p2a: Araquanid|slp
|move|p1a: le epic|Leech Life|p2a: Araquanid
|-damage|p2a: Araquanid|0 fnt
|faint|p2a: Araquanid
|
|upkeep
|l| NoahDeKnight
|
|t:|1656815106
|switch|p2a: Araquanid|Araquanid, F|100/100
|-activate|p2a: Araquanid|move: Sticky Web
|-unboost|p2a: Araquanid|spe|1
|turn|50
|
|t:|1656815123
|move|p1a: le epic|Leech Life|p2a: Araquanid
|-damage|p2a: Araquanid|55/100
|move|p2a: Araquanid|Lunge|p1a: le epic
|-damage|p1a: le epic|76/100
|-unboost|p1a: le epic|atk|1
|
|upkeep
|turn|51
|
|t:|1656815127
|move|p1a: le epic|Leech Life|p2a: Araquanid
|-damage|p2a: Araquanid|22/100
|-heal|p1a: le epic|93/100|[from] drain|[of] p2a: Araquanid
|move|p2a: Araquanid|Lunge|p1a: le epic
|-damage|p1a: le epic|69/100
|-unboost|p1a: le epic|atk|1
|
|upkeep
|turn|52
|
|t:|1656815143
|switch|p2a: Araquanid|Araquanid, F|94/100 tox
|-activate|p2a: Araquanid|move: Sticky Web
|-unboost|p2a: Araquanid|spe|1
|move|p1a: le epic|Leech Life|p2a: Araquanid
|-damage|p2a: Araquanid|68/100 tox
|-heal|p1a: le epic|82/100|[from] drain|[of] p2a: Araquanid
|
|-heal|p2a: Araquanid|74/100 tox|[from] item: Leftovers
|-damage|p2a: Araquanid|68/100 tox|[from] psn
|upkeep
|turn|53
|
|t:|1656815154
|switch|p1a: what’s good|Araquanid, F|100/100
|-activate|p1a: what’s good|move: Sticky Web
|-unboost|p1a: what’s good|spe|1
|move|p2a: Araquanid|Stockpile|p2a: Araquanid
|-start|p2a: Araquanid|stockpile1
|-boost|p2a: Araquanid|def|1
|-boost|p2a: Araquanid|spd|1
|
|-heal|p2a: Araquanid|74/100 tox|[from] item: Leftovers
|-damage|p2a: Araquanid|62/100 tox|[from] psn
|upkeep
|turn|54
|
|t:|1656815158
|move|p1a: what’s good|Lunge|p2a: Araquanid
|-damage|p2a: Araquanid|36/100 tox
|-unboost|p2a: Araquanid|atk|1
|move|p2a: Araquanid|Rest|p2a: Araquanid
|-status|p2a: Araquanid|slp|[from] move: Rest
|-heal|p2a: Araquanid|100/100 slp|[silent]
|
|upkeep
|turn|55
|
|t:|1656815166
|switch|p1a: ye|Araquanid, M|100/100
|-activate|p1a: ye|move: Sticky Web
|-unboost|p1a: ye|spe|1
|cant|p2a: Araquanid|slp
|
|upkeep
|turn|56
|
|t:|1656815170
|move|p1a: ye|Infestation|p2a: Araquanid
|-damage|p2a: Araquanid|98/100 slp
|-activate|p2a: Araquanid|move: Infestation|[of] p1a: ye
|cant|p2a: Araquanid|slp
|
|-heal|p2a: Araquanid|100/100 slp|[from] item: Leftovers
|-damage|p2a: Araquanid|88/100 slp|[from] move: Infestation|[partiallytrapped]
|upkeep
|turn|57
|
|t:|1656815173
|move|p1a: ye|Laser Focus|p1a: ye
|-start|p1a: ye|move: Laser Focus
|-curestatus|p2a: Araquanid|slp|[msg]
|move|p2a: Araquanid|Stockpile|p2a: Araquanid
|-start|p2a: Araquanid|stockpile2
|-boost|p2a: Araquanid|def|1
|-boost|p2a: Araquanid|spd|1
|
|-heal|p2a: Araquanid|94/100|[from] item: Leftovers
|-damage|p2a: Araquanid|82/100|[from] move: Infestation|[partiallytrapped]
|upkeep
|turn|58
|
|t:|1656815177
|move|p1a: ye|Leech Life|p2a: Araquanid
|-crit|p2a: Araquanid
|-damage|p2a: Araquanid|31/100
|move|p2a: Araquanid|Leech Life|p1a: ye
|-damage|p1a: ye|77/100
|-heal|p2a: Araquanid|43/100|[from] drain|[of] p1a: ye
|
|-heal|p1a: ye|83/100|[from] item: Leftovers
|-heal|p2a: Araquanid|49/100|[from] item: Leftovers
|-damage|p2a: Araquanid|36/100|[from] move: Infestation|[partiallytrapped]
|-end|p1a: ye|move: Laser Focus|[silent]
|upkeep
|turn|59
|
|t:|1656815183
|move|p1a: ye|Laser Focus|p1a: ye
|-start|p1a: ye|move: Laser Focus
|move|p2a: Araquanid|Rest|p2a: Araquanid
|-status|p2a: Araquanid|slp|[from] move: Rest
|-heal|p2a: Araquanid|100/100 slp|[silent]
|
|-heal|p1a: ye|90/100|[from] item: Leftovers
|-damage|p2a: Araquanid|88/100 slp|[from] move: Infestation|[partiallytrapped]
|upkeep
|turn|60
|
|t:|1656815186
|cant|p2a: Araquanid|slp
|move|p1a: ye|Leech Life|p2a: Araquanid
|-crit|p2a: Araquanid
|-damage|p2a: Araquanid|36/100 slp
|-heal|p1a: ye|100/100|[from] drain|[of] p2a: Araquanid
|
|-heal|p2a: Araquanid|42/100 slp|[from] item: Leftovers
|-damage|p2a: Araquanid|30/100 slp|[from] move: Infestation|[partiallytrapped]
|-end|p1a: ye|move: Laser Focus|[silent]
|upkeep
|turn|61
|
|t:|1656815192
|move|p1a: ye|Laser Focus|p1a: ye
|-start|p1a: ye|move: Laser Focus
|cant|p2a: Araquanid|slp
|
|-heal|p2a: Araquanid|36/100 slp|[from] item: Leftovers
|-end|p2a: Araquanid|Infestation|[partiallytrapped]
|upkeep
|turn|62
|
|t:|1656815200
|move|p1a: ye|Leech Life|p2a: Araquanid
|-crit|p2a: Araquanid
|-damage|p2a: Araquanid|0 fnt
|faint|p2a: Araquanid
|
|-end|p1a: ye|move: Laser Focus|[silent]
|upkeep
|
|t:|1656815203
|switch|p2a: Araquanid|Araquanid, M|100/100
|-activate|p2a: Araquanid|move: Sticky Web
|-unboost|p2a: Araquanid|spe|1
|turn|63
|
|t:|1656815207
|move|p1a: ye|Protect|p1a: ye
|-singleturn|p1a: ye|Protect
|move|p2a: Araquanid|Leech Life|p1a: ye
|-activate|p1a: ye|move: Protect
|
|upkeep
|turn|64
|
|t:|1656815212
|move|p2a: Araquanid|Leech Life|p1a: ye
|-damage|p1a: ye|53/100
|move|p1a: ye|Leech Life|p2a: Araquanid
|-damage|p2a: Araquanid|63/100
|-heal|p1a: ye|68/100|[from] drain|[of] p2a: Araquanid
|
|-heal|p1a: ye|74/100|[from] item: Leftovers
|upkeep
|turn|65
|
|t:|1656815217
|move|p1a: ye|Protect|p1a: ye
|-singleturn|p1a: ye|Protect
|move|p2a: Araquanid|Leech Life|p1a: ye
|-activate|p1a: ye|move: Protect
|
|-heal|p1a: ye|80/100|[from] item: Leftovers
|upkeep
|turn|66
|
|t:|1656815218
|move|p2a: Araquanid|Leech Life|p1a: ye
|-damage|p1a: ye|27/100
|-heal|p2a: Araquanid|96/100|[from] drain|[of] p1a: ye
|move|p1a: ye|Leech Life|p2a: Araquanid
|-damage|p2a: Araquanid|58/100
|-heal|p1a: ye|43/100|[from] drain|[of] p2a: Araquanid
|
|-heal|p1a: ye|49/100|[from] item: Leftovers
|upkeep
|turn|67
|
|t:|1656815224
|move|p1a: ye|Protect|p1a: ye
|-singleturn|p1a: ye|Protect
|move|p2a: Araquanid|Leech Life|p1a: ye
|-activate|p1a: ye|move: Protect
|
|-heal|p1a: ye|55/100|[from] item: Leftovers
|upkeep
|turn|68
|
|t:|1656815238
|move|p2a: Araquanid|Leech Life|p1a: ye
|-damage|p1a: ye|10/100
|-heal|p2a: Araquanid|86/100|[from] drain|[of] p1a: ye
|move|p1a: ye|Leech Life|p2a: Araquanid
|-damage|p2a: Araquanid|47/100
|-heal|p1a: ye|26/100|[from] drain|[of] p2a: Araquanid
|
|-heal|p1a: ye|32/100|[from] item: Leftovers
|upkeep
|turn|69
|
|t:|1656815251
|move|p2a: Araquanid|Leech Life|p1a: ye
|-crit|p1a: ye
|-damage|p1a: ye|0 fnt
|-heal|p2a: Araquanid|67/100|[from] drain|[of] p1a: ye
|faint|p1a: ye
|
|upkeep
|
|t:|1656815252
|switch|p1a: le epic|Araquanid, F|82/100
|-activate|p1a: le epic|move: Sticky Web
|-unboost|p1a: le epic|spe|1
|turn|70
|
|t:|1656815257
|switch|p2a: Araquanid|Araquanid, F|22/100
|-activate|p2a: Araquanid|move: Sticky Web
|-unboost|p2a: Araquanid|spe|1
|move|p1a: le epic|Lunge|p2a: Araquanid
|-damage|p2a: Araquanid|0 fnt
|faint|p2a: Araquanid
|
|upkeep
|
|t:|1656815266
|switch|p2a: Araquanid|Araquanid, M|57/100
|-activate|p2a: Araquanid|move: Sticky Web
|-unboost|p2a: Araquanid|spe|1
|turn|71
|
|t:|1656815281
|move|p2a: Araquanid|Leech Life|p1a: le epic
|-damage|p1a: le epic|53/100
|-heal|p2a: Araquanid|74/100|[from] drain|[of] p1a: le epic
|move|p1a: le epic|Lunge|p2a: Araquanid
|-damage|p2a: Araquanid|17/100
|-unboost|p2a: Araquanid|atk|1
|
|-heal|p2a: Araquanid|23/100|[from] item: Leftovers
|upkeep
|turn|72
|
|t:|1656815288
|move|p2a: Araquanid|Leech Life|p1a: le epic
|-damage|p1a: le epic|33/100
|-heal|p2a: Araquanid|36/100|[from] drain|[of] p1a: le epic
|move|p1a: le epic|Lunge|p2a: Araquanid
|-damage|p2a: Araquanid|0 fnt
|faint|p2a: Araquanid
|
|upkeep
|
|t:|1656815296
|switch|p2a: Araquanid|Araquanid, M|67/100
|-activate|p2a: Araquanid|move: Sticky Web
|-unboost|p2a: Araquanid|spe|1
|turn|73
|
|t:|1656815303
|switch|p1a: what’s good|Araquanid, F|100/100
|-activate|p1a: what’s good|move: Sticky Web
|-unboost|p1a: what’s good|spe|1
|move|p2a: Araquanid|Leech Life|p1a: what’s good
|-damage|p1a: what’s good|55/100
|-heal|p2a: Araquanid|95/100|[from] drain|[of] p1a: what’s good
|
|upkeep
|turn|74
|
|t:|1656815306
|move|p2a: Araquanid|Leech Life|p1a: what’s good
|-damage|p1a: what’s good|1/100
|-heal|p2a: Araquanid|100/100|[from] drain|[of] p1a: what’s good
|move|p1a: what’s good|Leech Life|p2a: Araquanid
|-damage|p2a: Araquanid|48/100
|-heal|p1a: what’s good|23/100|[from] drain|[of] p2a: Araquanid
|
|upkeep
|turn|75
|
|t:|1656815311
|move|p2a: Araquanid|Leech Life|p1a: what’s good
|-damage|p1a: what’s good|0 fnt
|-heal|p2a: Araquanid|62/100|[from] drain|[of] p1a: what’s good
|faint|p1a: what’s good
|
|upkeep
|
|t:|1656815318
|switch|p1a: this guy|Araquanid, M|100/100 slp
|-activate|p1a: this guy|move: Sticky Web
|-unboost|p1a: this guy|spe|1
|turn|76
|
|t:|1656815322
|switch|p2a: Araquanid|Araquanid, F|38/100
|-activate|p2a: Araquanid|move: Sticky Web
|-unboost|p2a: Araquanid|spe|1
|cant|p1a: this guy|slp
|
|-heal|p2a: Araquanid|45/100|[from] item: Leftovers
|upkeep
|turn|77
|
|t:|1656815327
|cant|p1a: this guy|slp
|move|p2a: Araquanid|Giga Drain|p1a: this guy
|-damage|p1a: this guy|88/100 slp
|-heal|p2a: Araquanid|51/100|[from] drain|[of] p1a: this guy
|
|-heal|p1a: this guy|94/100 slp|[from] item: Leftovers
|-heal|p2a: Araquanid|57/100|[from] item: Leftovers
|upkeep
|turn|78
|
|t:|1656815336
|move|p2a: Araquanid|Infestation|p1a: this guy
|-damage|p1a: this guy|88/100 slp
|-activate|p1a: this guy|move: Infestation|[of] p2a: Araquanid
|-curestatus|p1a: this guy|slp|[msg]
|move|p1a: this guy|Toxic|p2a: Araquanid
|-status|p2a: Araquanid|tox
|
|-heal|p2a: Araquanid|63/100 tox|[from] item: Leftovers
|-heal|p1a: this guy|95/100|[from] item: Leftovers
|-damage|p2a: Araquanid|57/100 tox|[from] psn
|-damage|p1a: this guy|82/100|[from] move: Infestation|[partiallytrapped]
|upkeep
|turn|79
|
|t:|1656815339
|move|p2a: Araquanid|Giga Drain|p1a: this guy
|-damage|p1a: this guy|70/100
|-heal|p2a: Araquanid|63/100 tox|[from] drain|[of] p1a: this guy
|move|p1a: this guy|Iron Defense|p1a: this guy
|-boost|p1a: this guy|def|2
|
|-heal|p2a: Araquanid|70/100 tox|[from] item: Leftovers
|-heal|p1a: this guy|76/100|[from] item: Leftovers
|-damage|p2a: Araquanid|57/100 tox|[from] psn
|-damage|p1a: this guy|64/100|[from] move: Infestation|[partiallytrapped]
|upkeep
|turn|80
|
|t:|1656815347
|move|p1a: this guy|Leech Life|p2a: Araquanid
|-damage|p2a: Araquanid|34/100 tox
|-heal|p1a: this guy|75/100|[from] drain|[of] p2a: Araquanid
|move|p2a: Araquanid|Bug Buzz|p1a: this guy
|-damage|p1a: this guy|54/100
|
|-heal|p2a: Araquanid|40/100 tox|[from] item: Leftovers
|-heal|p1a: this guy|60/100|[from] item: Leftovers
|-damage|p2a: Araquanid|22/100 tox|[from] psn
|-damage|p1a: this guy|48/100|[from] move: Infestation|[partiallytrapped]
|upkeep
|turn|81
|
|t:|1656815351
|move|p2a: Araquanid|Rest|p2a: Araquanid
|-status|p2a: Araquanid|slp|[from] move: Rest
|-heal|p2a: Araquanid|100/100 slp|[silent]
|move|p1a: this guy|Rest|p1a: this guy
|-status|p1a: this guy|slp|[from] move: Rest
|-heal|p1a: this guy|100/100 slp|[silent]
|
|-damage|p1a: this guy|88/100 slp|[from] move: Infestation|[partiallytrapped]
|upkeep
|turn|82
|
|t:|1656815360
|cant|p1a: this guy|slp
|cant|p2a: Araquanid|slp
|
|-heal|p1a: this guy|94/100 slp|[from] item: Leftovers
|-end|p1a: this guy|Infestation|[partiallytrapped]
|upkeep
|turn|83
|
|t:|1656815365
|switch|p1a: le epic|Araquanid, F|33/100
|-activate|p1a: le epic|move: Sticky Web
|-unboost|p1a: le epic|spe|1
|cant|p2a: Araquanid|slp
|
|upkeep
|turn|84
|
|t:|1656815368
|move|p1a: le epic|Leech Life|p2a: Araquanid
|-damage|p2a: Araquanid|50/100 slp
|-heal|p1a: le epic|58/100|[from] drain|[of] p2a: Araquanid
|-curestatus|p2a: Araquanid|slp|[msg]
|move|p2a: Araquanid|Bug Buzz|p1a: le epic
|-damage|p1a: le epic|37/100
|
|-heal|p2a: Araquanid|56/100|[from] item: Leftovers
|upkeep
|turn|85
|
|t:|1656815375
|move|p1a: le epic|Leech Life|p2a: Araquanid
|-damage|p2a: Araquanid|10/100
|-heal|p1a: le epic|60/100|[from] drain|[of] p2a: Araquanid
|move|p2a: Araquanid|Bug Buzz|p1a: le epic
|-damage|p1a: le epic|37/100
|
|-heal|p2a: Araquanid|16/100|[from] item: Leftovers
|upkeep
|turn|86
|
|t:|1656815377
|move|p1a: le epic|Leech Life|p2a: Araquanid
|-damage|p2a: Araquanid|0 fnt
|-heal|p1a: le epic|45/100|[from] drain|[of] p2a: Araquanid
|faint|p2a: Araquanid
|
|upkeep
|
|t:|1656815379
|switch|p2a: Araquanid|Araquanid, M|62/100
|-activate|p2a: Araquanid|move: Sticky Web
|-unboost|p2a: Araquanid|spe|1
|turn|87
|
|t:|1656815383
|move|p2a: Araquanid|Facade|p1a: le epic
|-damage|p1a: le epic|17/100
|move|p1a: le epic|Leech Life|p2a: Araquanid
|-damage|p2a: Araquanid|0 fnt
|-heal|p1a: le epic|43/100|[from] drain|[of] p2a: Araquanid
|faint|p2a: Araquanid
|
|win|Jmash324
|n|☆Jmash324|jmash324
|n|☆Haffling|haffling
|n| zoowi|zoowi
|n|+ShuckleDeath|shuckledeath
|n| suloxiv ✿|suloxiv
|n| Xerche|xerche
