|j|‽PUDouche
|j|☆cafay sen sukr
|t:|1603676796
|player|p1|PUDouche|wattson|1266
|player|p2|cafay sen sukr|swimmer-gen4dp|1374
|teamsize|p1|6
|teamsize|p2|6
|gametype|singles
|gen|8
|tier|[Gen 8] PU
|rated|
|clearpoke
|poke|p1|Marowak, F|
|poke|p1|Cramorant, F|
|poke|p1|Bouffalant, M|
|poke|p1|Pikachu, F|
|poke|p1|Shedinja|
|poke|p1|Qwilfish, F|
|poke|p2|Roselia, M|
|poke|p2|Magmar, M|
|poke|p2|Glaceon, M|
|poke|p2|Unfezant, F|
|poke|p2|Hattrem, F|
|poke|p2|Stunfisk, M|
|rule|Sleep Clause Mod: Limit one foe put to sleep
|rule|Species Clause: Limit one of each Pokémon
|rule|OHKO Clause: OHKO moves are banned
|rule|Evasion Moves Clause: Evasion moves are banned
|rule|Endless Battle Clause: Forcing endless battles is banned
|rule|HP Percentage Mod: HP is shown in percentages
|rule|Dynamax Clause: You cannot dynamax
|teampreview
|inactive|Battle timer is ON: inactive players will automatically lose when time's up. (requested by PUDouche)
|
|t:|1603676815
|start
|switch|p1a: Marowak|Marowak, F|100/100
|switch|p2a: Glaceon|Glaceon, M|100/100
|turn|1
|
|t:|1603676826
|switch|p1a: Shedinja|Shedinja|100/100
|move|p2a: Glaceon|Ice Beam|p1a: Shedinja
|-immune|p1a: Shedinja|[from] ability: Wonder Guard
|
|upkeep
|turn|2
|
|t:|1603676836
|switch|p2a: Unfezant|Unfezant, F|100/100
|move|p1a: Shedinja|X-Scissor|p2a: Unfezant
|-resisted|p2a: Unfezant
|-damage|p2a: Unfezant|78/100
|
|upkeep
|turn|3
|
|t:|1603676842
|switch|p1a: Qwilfish|Qwilfish, F|100/100
|-ability|p1a: Qwilfish|Intimidate|boost
|-unboost|p2a: Unfezant|atk|1
|move|p2a: Unfezant|Brave Bird|p1a: Qwilfish
|-damage|p1a: Qwilfish|57/100
|-damage|p2a: Unfezant|62/100|[from] item: Rocky Helmet|[of] p1a: Qwilfish
|-damage|p2a: Unfezant|49/100|[from] Recoil
|
|upkeep
|turn|4
|
|t:|1603676857
|move|p2a: Unfezant|Brave Bird|p1a: Qwilfish
|-damage|p1a: Qwilfish|15/100
|-damage|p2a: Unfezant|32/100|[from] item: Rocky Helmet|[of] p1a: Qwilfish
|-damage|p2a: Unfezant|19/100|[from] Recoil
|move|p1a: Qwilfish|Pain Split|p2a: Unfezant
|-sethp|p2a: Unfezant|16/100|[from] move: Pain Split|[silent]
|-sethp|p1a: Qwilfish|18/100|[from] move: Pain Split
|
|upkeep
|turn|5
|
|t:|1603676864
|move|p2a: Unfezant|Brave Bird|p1a: Qwilfish
|-damage|p1a: Qwilfish|0 fnt
|-damage|p2a: Unfezant|0 fnt|[from] item: Rocky Helmet|[of] p1a: Qwilfish
|faint|p1a: Qwilfish
|faint|p2a: Unfezant
|
|upkeep
|
|t:|1603676875
|switch|p2a: Magmar|Magmar, M|100/100
|switch|p1a: Marowak|Marowak, F|100/100
|turn|6
|
|t:|1603676878
|move|p2a: Magmar|Fire Blast|p1a: Marowak
|-damage|p1a: Marowak|0 fnt
|faint|p1a: Marowak
|
|upkeep
|
|t:|1603676882
|switch|p1a: Cramorant|Cramorant, F|100/100
|turn|7
|
|t:|1603676886
|switch|p2a: Roselia|Roselia, M|100/100
|move|p1a: Cramorant|Surf|p2a: Roselia
|-formechange|p1a: Cramorant|Cramorant-Gulping|
|-resisted|p2a: Roselia
|-damage|p2a: Roselia|91/100
|
|upkeep
|turn|8
|
|t:|1603676892
|switch|p1a: Bouffalant|Bouffalant, M|100/100
|move|p2a: Roselia|Sludge Bomb|p1a: Bouffalant
|-damage|p1a: Bouffalant|66/100
|
|-heal|p1a: Bouffalant|72/100|[from] item: Leftovers
|upkeep
|turn|9
|
|t:|1603676901
|switch|p1a: Cramorant|Cramorant, F|100/100
|switch|p2a: Glaceon|Glaceon, M|100/100
|
|upkeep
|turn|10
|
|t:|1603676917
|switch|p2a: Roselia|Roselia, M|91/100
|switch|p1a: Shedinja|Shedinja|100/100
|
|upkeep
|turn|11
|
|t:|1603676924
|switch|p1a: Bouffalant|Bouffalant, M|72/100
|move|p2a: Roselia|Toxic Spikes|p1a: Bouffalant
|-sidestart|p1: PUDouche|move: Toxic Spikes
|
|-heal|p1a: Bouffalant|78/100|[from] item: Leftovers
|upkeep
|turn|12
|
|t:|1603676931
|switch|p2a: Glaceon|Glaceon, M|100/100
|move|p1a: Bouffalant|Body Slam|p2a: Glaceon
|-damage|p2a: Glaceon|53/100
|
|-heal|p1a: Bouffalant|84/100|[from] item: Leftovers
|upkeep
|turn|13
|
|t:|1603676943
|switch|p1a: Cramorant|Cramorant, F|100/100
|move|p2a: Glaceon|Ice Beam|p1a: Cramorant
|-damage|p1a: Cramorant|45/100
|
|upkeep
|turn|14
|
|t:|1603676946
|move|p2a: Glaceon|Ice Beam|p1a: Cramorant
|-damage|p1a: Cramorant|0 fnt
|faint|p1a: Cramorant
|
|upkeep
|
|t:|1603676949
|switch|p1a: Pikachu|Pikachu, F|100/100
|-status|p1a: Pikachu|psn
|turn|15
|
|t:|1603676955
|switch|p2a: Stunfisk|Stunfisk, M|100/100
|move|p1a: Pikachu|Nasty Plot|p1a: Pikachu
|-boost|p1a: Pikachu|spa|2
|
|-damage|p1a: Pikachu|88/100 psn|[from] psn
|upkeep
|turn|16
|
|t:|1603676960
|move|p1a: Pikachu|Surf|p2a: Stunfisk
|-supereffective|p2a: Stunfisk
|-damage|p2a: Stunfisk|0 fnt
|faint|p2a: Stunfisk
|
|-damage|p1a: Pikachu|76/100 psn|[from] psn
|upkeep
|
|t:|1603676963
|switch|p2a: Roselia|Roselia, M|91/100
|turn|17
|
|t:|1603676967
|move|p1a: Pikachu|Knock Off|p2a: Roselia
|-damage|p2a: Roselia|58/100
|-enditem|p2a: Roselia|Eviolite|[from] move: Knock Off|[of] p1a: Pikachu
|move|p2a: Roselia|Sludge Bomb|p1a: Pikachu
|-damage|p1a: Pikachu|0 fnt
|faint|p1a: Pikachu
|
|upkeep
|
|t:|1603676970
|switch|p1a: Bouffalant|Bouffalant, M|84/100
|-status|p1a: Bouffalant|psn
|turn|18
|
|t:|1603676974
|move|p1a: Bouffalant|Body Slam|p2a: Roselia
|-damage|p2a: Roselia|0 fnt
|faint|p2a: Roselia
|
|-heal|p1a: Bouffalant|90/100 psn|[from] item: Leftovers
|-damage|p1a: Bouffalant|78/100 psn|[from] psn
|upkeep
|-message|PUDouche forfeited.
|
|win|cafay sen sukr
|l|‽PUDouche
|raw|PUDouche's rating: 1277 &rarr; <strong>1259</strong><br />(-18 for losing)
|raw|cafay sen sukr's rating: 1374 &rarr; <strong>1389</strong><br />(+15 for winning)
