|j|☆Petey Wheatstraw
|j|☆Uberfiend
|t:|1613951967
|player|p1|Petey Wheatstraw|boarder|1453
|player|p2|Uberfiend|pokefan-gen4|1325
|teamsize|p1|6
|teamsize|p2|6
|gametype|singles
|gen|8
|tier|[Gen 8] PU
|rated|
|clearpoke
|poke|p1|Aggron, M|
|poke|p1|Clawitzer, F|
|poke|p1|Lanturn, F|
|poke|p1|Virizion|
|poke|p1|Sandaconda, M|
|poke|p1|Passimian, F|
|poke|p2|Whimsicott, M|
|poke|p2|Archeops, F|
|poke|p2|Hitmontop, M|
|poke|p2|Braviary, M|
|poke|p2|Druddigon, M|
|poke|p2|Accelgor, F|
|rule|Sleep Clause Mod: Limit one foe put to sleep
|rule|Species Clause: Limit one of each Pokémon
|rule|OHKO Clause: OHKO moves are banned
|rule|Evasion Moves Clause: Evasion moves are banned
|rule|Endless Battle Clause: Forcing endless battles is banned
|rule|HP Percentage Mod: HP is shown in percentages
|rule|Dynamax Clause: You cannot dynamax
|teampreview
|inactive|Battle timer is ON: inactive players will automatically lose when time's up. (requested by Petey Wheatstraw)
|
|t:|1613951984
|start
|switch|p1a: Aggron|Aggron, M|100/100
|switch|p2a: Main character|Druddigon, M|100/100
|-ability|p2a: Main character|Mold Breaker
|turn|1
|
|t:|1613951990
|move|p1a: Aggron|Stealth Rock|p2a: Main character
|-sidestart|p2: Uberfiend|move: Stealth Rock
|move|p2a: Main character|Glare|p1a: Aggron
|-status|p1a: Aggron|par
|
|upkeep
|turn|2
|
|t:|1613951995
|move|p2a: Main character|Earthquake|p1a: Aggron
|-supereffective|p1a: Aggron
|-damage|p1a: Aggron|0 fnt
|faint|p1a: Aggron
|
|upkeep
|
|t:|1613952006
|switch|p1a: Clawitzer|Clawitzer, F|100/100
|turn|3
|
|t:|1613952022
|move|p1a: Clawitzer|Ice Beam|p2a: Main character
|-supereffective|p2a: Main character
|-damage|p2a: Main character|3/100
|move|p2a: Main character|Glare|p1a: Clawitzer
|-status|p1a: Clawitzer|par
|
|upkeep
|turn|4
|
|t:|1613952033
|move|p2a: Main character|Earthquake|p1a: Clawitzer
|-damage|p1a: Clawitzer|49/100 par
|move|p1a: Clawitzer|Ice Beam|p2a: Main character
|-supereffective|p2a: Main character
|-damage|p2a: Main character|0 fnt
|faint|p2a: Main character
|
|upkeep
|
|t:|1613952037
|switch|p2a: 🦅💥|Braviary, M, shiny|100/100
|-damage|p2a: 🦅💥|75/100|[from] Stealth Rock
|turn|5
|
|t:|1613952043
|switch|p1a: Lanturn|Lanturn, F|100/100
|move|p2a: 🦅💥|Defog|p1a: Lanturn
|-unboost|p1a: Lanturn|evasion|1
|-sideend|p2: Uberfiend|Stealth Rock|[from] move: Defog|[of] p2a: 🦅💥
|
|upkeep
|turn|6
|
|t:|1613952050
|move|p2a: 🦅💥|Close Combat|p1a: Lanturn
|-crit|p1a: Lanturn
|-damage|p1a: Lanturn|10/100
|-unboost|p2a: 🦅💥|def|1
|-unboost|p2a: 🦅💥|spd|1
|-damage|p2a: 🦅💥|66/100|[from] item: Life Orb
|move|p1a: Lanturn|Toxic|p2a: 🦅💥
|-status|p2a: 🦅💥|tox
|
|-heal|p1a: Lanturn|16/100|[from] item: Leftovers
|-damage|p2a: 🦅💥|59/100 tox|[from] psn
|upkeep
|turn|7
|
|t:|1613952069
|move|p1a: Lanturn|Protect|p1a: Lanturn
|-singleturn|p1a: Lanturn|Protect
|move|p2a: 🦅💥|Close Combat|p1a: Lanturn
|-activate|p1a: Lanturn|move: Protect
|
|-heal|p1a: Lanturn|22/100|[from] item: Leftovers
|-damage|p2a: 🦅💥|47/100 tox|[from] psn
|upkeep
|turn|8
|
|t:|1613952075
|switch|p1a: Clawitzer|Clawitzer, F|49/100 par
|move|p2a: 🦅💥|Brave Bird|p1a: Clawitzer
|-damage|p1a: Clawitzer|0 fnt
|-damage|p2a: 🦅💥|36/100 tox|[from] Recoil
|-damage|p2a: 🦅💥|26/100 tox|[from] item: Life Orb
|faint|p1a: Clawitzer
|
|-damage|p2a: 🦅💥|7/100 tox|[from] psn
|upkeep
|
|t:|1613952082
|switch|p1a: Passimian|Passimian, F|100/100
|turn|9
|
|t:|1613952088
|move|p1a: Passimian|U-turn|p2a: 🦅💥
|-resisted|p2a: 🦅💥
|-damage|p2a: 🦅💥|0 fnt
|faint|p2a: 🦅💥
|
|t:|1613952094
|switch|p1a: Lanturn|Lanturn, F|22/100|[from]move: U-turn
|
|-heal|p1a: Lanturn|29/100|[from] item: Leftovers
|upkeep
|
|t:|1613952106
|switch|p2a: 🤸‍♂️|Hitmontop, M|100/100
|turn|10
|
|t:|1613952112
|move|p1a: Lanturn|Protect|p1a: Lanturn
|-singleturn|p1a: Lanturn|Protect
|move|p2a: 🤸‍♂️|Bulldoze|p1a: Lanturn
|-activate|p1a: Lanturn|move: Protect
|
|-heal|p1a: Lanturn|35/100|[from] item: Leftovers
|upkeep
|turn|11
|
|t:|1613952122
|switch|p1a: Sandaconda|Sandaconda, M|100/100
|move|p2a: 🤸‍♂️|Bulldoze|p1a: Sandaconda
|-damage|p1a: Sandaconda|80/100
|-unboost|p1a: Sandaconda|spe|1
|
|-heal|p1a: Sandaconda|86/100|[from] item: Leftovers
|upkeep
|turn|12
|
|t:|1613952134
|move|p2a: 🤸‍♂️|Triple Axel|p1a: Sandaconda
|-supereffective|p1a: Sandaconda
|-damage|p1a: Sandaconda|69/100
|-supereffective|p1a: Sandaconda
|-damage|p1a: Sandaconda|41/100
|-supereffective|p1a: Sandaconda
|-damage|p1a: Sandaconda|0 fnt
|-hitcount|p1a: Sandaconda|3
|faint|p1a: Sandaconda
|
|upkeep
|
|t:|1613952142
|switch|p1a: Passimian|Passimian, F|100/100
|turn|13
|
|t:|1613952145
|move|p1a: Passimian|Close Combat|p2a: 🤸‍♂️
|-damage|p2a: 🤸‍♂️|36/100
|-unboost|p1a: Passimian|def|1
|-unboost|p1a: Passimian|spd|1
|move|p2a: 🤸‍♂️|Rapid Spin|p1a: Passimian
|-damage|p1a: Passimian|62/100
|-boost|p2a: 🤸‍♂️|spe|1
|
|upkeep
|turn|14
|-message|Petey Wheatstraw forfeited.
|
|win|Uberfiend
|l|☆Petey Wheatstraw
|raw|Petey Wheatstraw's rating: 1453 &rarr; <strong>1426</strong><br />(-27 for losing)
|raw|Uberfiend's rating: 1325 &rarr; <strong>1352</strong><br />(+27 for winning)
