|j|☆steamy beef
|j|☆sugar ovens
|inactive|Battle timer is ON: inactive players will automatically lose when time's up.
|t:|1664823334
|gametype|singles
|player|p1|steamy beef|acetrainer-gen4dp|
|player|p2|sugar ovens|twins|
|teamsize|p1|6
|teamsize|p2|6
|gen|8
|tier|[Gen 8] PU
|rated|Tournament battle
|rule|Sleep Clause Mod: Limit one foe put to sleep
|rule|Species Clause: Limit one of each Pokémon
|rule|OHKO Clause: OHKO moves are banned
|rule|Evasion Items Clause: Evasion items are banned
|rule|Evasion Moves Clause: Evasion moves are banned
|rule|Endless Battle Clause: Forcing endless battles is banned
|rule|HP Percentage Mod: HP is shown in percentages
|rule|Dynamax Clause: You cannot dynamax
|clearpoke
|poke|p1|Qwilfish, F|
|poke|p1|Aurorus, M|
|poke|p1|Archeops, M|
|poke|p1|Thwackey, F|
|poke|p1|Comfey, F|
|poke|p1|Doublade, M|
|poke|p2|Gigalith, M|
|poke|p2|Sandslash, F|
|poke|p2|Doublade, F|
|poke|p2|Eldegoss, M|
|poke|p2|Charizard, M|
|poke|p2|Mesprit|
|teampreview
|j|*Lady Monita ☽
|j| BB-8-NU
|j| JojoOui
|j| coolguyinasuit
|l| coolguyinasuit
|j| spacevorp
|j| ACrumbOfSerotonin
|inactive|sugar ovens has 120 seconds left.
|j| wqaa
|l| wqaa
|j| bvance121212
|
|t:|1664823384
|start
|switch|p1a: Qwilfish|Qwilfish, F|100/100
|switch|p2a: Charizard|Charizard, M|100/100
|-ability|p1a: Qwilfish|Intimidate|boost
|-unboost|p2a: Charizard|atk|1
|turn|1
|j| wqaa
|
|t:|1664823396
|move|p2a: Charizard|Hurricane|p1a: Qwilfish
|-enditem|p1a: Qwilfish|Focus Sash
|-damage|p1a: Qwilfish|1/100
|-start|p1a: Qwilfish|confusion
|-activate|p1a: Qwilfish|confusion
|-damage|p1a: Qwilfish|0 fnt|[from] confusion
|faint|p1a: Qwilfish
|
|upkeep
|
|t:|1664823404
|switch|p1a: Archeops|Archeops, M|100/100
|turn|2
|
|t:|1664823412
|switch|p2a: Eldegoss|Eldegoss, M|100/100
|move|p1a: Archeops|Meteor Beam||[still]
|-prepare|p1a: Archeops|Meteor Beam
|-boost|p1a: Archeops|spa|1
|-enditem|p1a: Archeops|Power Herb
|-anim|p1a: Archeops|Meteor Beam|p2a: Eldegoss
|-damage|p2a: Eldegoss|22/100
|
|upkeep
|turn|3
|
|t:|1664823420
|switch|p2a: Gigalith|Gigalith, M|100/100
|-weather|Sandstorm|[from] ability: Sand Stream|[of] p2a: Gigalith
|move|p1a: Archeops|Earth Power|p2a: Gigalith
|-supereffective|p2a: Gigalith
|-crit|p2a: Gigalith
|-damage|p2a: Gigalith|42/100
|
|-weather|Sandstorm|[upkeep]
|-heal|p2a: Gigalith|48/100|[from] item: Leftovers
|upkeep
|turn|4
|
|t:|1664823426
|move|p1a: Archeops|Stealth Rock|p2a: Gigalith
|-sidestart|p2: sugar ovens|move: Stealth Rock
|move|p2a: Gigalith|Rock Blast|p1a: Archeops
|-supereffective|p1a: Archeops
|-damage|p1a: Archeops|61/100
|-supereffective|p1a: Archeops
|-crit|p1a: Archeops
|-damage|p1a: Archeops|7/100
|-hitcount|p1a: Archeops|2
|
|-weather|Sandstorm|[upkeep]
|-heal|p2a: Gigalith|54/100|[from] item: Leftovers
|upkeep
|turn|5
|
|t:|1664823435
|move|p1a: Archeops|Earth Power|p2a: Gigalith
|-supereffective|p2a: Gigalith
|-damage|p2a: Gigalith|32/100
|move|p2a: Gigalith|Stealth Rock|p1a: Archeops
|-sidestart|p1: steamy beef|move: Stealth Rock
|
|-weather|Sandstorm|[upkeep]
|-heal|p2a: Gigalith|38/100|[from] item: Leftovers
|upkeep
|turn|6
|
|t:|1664823440
|move|p1a: Archeops|Earth Power|p2a: Gigalith
|-supereffective|p2a: Gigalith
|-damage|p2a: Gigalith|16/100
|move|p2a: Gigalith|Rock Blast|p1a: Archeops
|-supereffective|p1a: Archeops
|-crit|p1a: Archeops
|-damage|p1a: Archeops|0 fnt
|faint|p1a: Archeops
|-hitcount|p1: Archeops|1
|
|-weather|Sandstorm|[upkeep]
|-heal|p2a: Gigalith|22/100|[from] item: Leftovers
|upkeep
|
|t:|1664823458
|switch|p1a: Doublade|Doublade, M|100/100
|-damage|p1a: Doublade|94/100|[from] Stealth Rock
|turn|7
|
|t:|1664823465
|switch|p2a: Charizard|Charizard, M|100/100
|move|p1a: Doublade|Shadow Claw|p2a: Charizard
|-damage|p2a: Charizard|49/100
|
|-weather|none
|upkeep
|turn|8
|
|t:|1664823489
|switch|p1a: Comfey|Comfey, F|100/100
|-damage|p1a: Comfey|88/100|[from] Stealth Rock
|move|p2a: Charizard|Roost|p2a: Charizard
|-heal|p2a: Charizard|99/100
|-singleturn|p2a: Charizard|move: Roost
|
|upkeep
|turn|9
|
|t:|1664823494
|move|p2a: Charizard|Toxic|p1a: Comfey
|-status|p1a: Comfey|tox
|move|p1a: Comfey|Calm Mind|p1a: Comfey
|-boost|p1a: Comfey|spa|1
|-boost|p1a: Comfey|spd|1
|
|-damage|p1a: Comfey|82/100 tox|[from] psn
|upkeep
|turn|10
|
|t:|1664823503
|switch|p2a: Gigalith|Gigalith, M|22/100
|-damage|p2a: Gigalith|10/100|[from] Stealth Rock
|-weather|Sandstorm|[from] ability: Sand Stream|[of] p2a: Gigalith
|move|p1a: Comfey|Calm Mind|p1a: Comfey
|-boost|p1a: Comfey|spa|1
|-boost|p1a: Comfey|spd|1
|
|-weather|Sandstorm|[upkeep]
|-damage|p1a: Comfey|76/100 tox|[from] Sandstorm
|-heal|p2a: Gigalith|16/100|[from] item: Leftovers
|-damage|p1a: Comfey|63/100 tox|[from] psn
|upkeep
|turn|11
|
|t:|1664823507
|move|p1a: Comfey|Draining Kiss|p2a: Gigalith
|-damage|p2a: Gigalith|0 fnt
|-heal|p1a: Comfey|82/100 tox|[from] drain|[of] p2a: Gigalith
|faint|p2a: Gigalith
|-damage|p1a: Comfey|72/100 tox|[from] item: Life Orb
|
|-weather|Sandstorm|[upkeep]
|-damage|p1a: Comfey|66/100 tox|[from] Sandstorm
|-damage|p1a: Comfey|47/100 tox|[from] psn
|upkeep
|inactive|sugar ovens has 120 seconds left.
|
|t:|1664823555
|switch|p2a: Eldegoss|Eldegoss, M|55/100
|turn|12
|
|t:|1664823567
|switch|p2a: Charizard|Charizard, M|99/100
|move|p1a: Comfey|Stored Power|p2a: Charizard
|-damage|p2a: Charizard|9/100
|-damage|p1a: Comfey|37/100 tox|[from] item: Life Orb
|
|-weather|Sandstorm|[upkeep]
|-damage|p2a: Charizard|3/100|[from] Sandstorm
|-damage|p1a: Comfey|31/100 tox|[from] Sandstorm
|-damage|p1a: Comfey|6/100 tox|[from] psn
|upkeep
|turn|13
|j| Staryy
|inactive|sugar ovens has 120 seconds left.
|
|t:|1664823577
|move|p1a: Comfey|Draining Kiss|p2a: Charizard
|-resisted|p2a: Charizard
|-damage|p2a: Charizard|0 fnt
|-heal|p1a: Comfey|8/100 tox|[from] drain|[of] p2a: Charizard
|faint|p2a: Charizard
|-damage|p1a: Comfey|0 fnt|[from] item: Life Orb
|faint|p1a: Comfey
|
|-weather|Sandstorm|[upkeep]
|upkeep
|l| wqaa
|inactive|sugar ovens has 120 seconds left.
|
|t:|1664823591
|switch|p2a: Mesprit|Mesprit|100/100
|switch|p1a: Thwackey|Thwackey, F|100/100
|-damage|p2a: Mesprit|88/100|[from] Stealth Rock
|-damage|p1a: Thwackey|88/100|[from] Stealth Rock
|-fieldstart|move: Grassy Terrain|[from] ability: Grassy Surge|[of] p1a: Thwackey
|turn|14
|
|t:|1664823602
|switch|p1a: Doublade|Doublade, M|94/100
|-damage|p1a: Doublade|88/100|[from] Stealth Rock
|move|p2a: Mesprit|U-turn|p1a: Doublade
|-resisted|p1a: Doublade
|-damage|p1a: Doublade|86/100
|
|t:|1664823608
|switch|p2a: Eldegoss|Eldegoss, M|88/100|[from]move: U-turn
|
|-weather|none
|-heal|p1a: Doublade|92/100|[from] Grassy Terrain
|-heal|p2a: Eldegoss|95/100|[from] Grassy Terrain
|upkeep
|turn|15
|
|t:|1664823612
|move|p1a: Doublade|Swords Dance|p1a: Doublade
|-boost|p1a: Doublade|atk|2
|move|p2a: Eldegoss|Leech Seed|p1a: Doublade
|-start|p1a: Doublade|move: Leech Seed
|
|-heal|p1a: Doublade|98/100|[from] Grassy Terrain
|-heal|p2a: Eldegoss|100/100|[from] Grassy Terrain
|-damage|p1a: Doublade|86/100|[from] Leech Seed|[of] p2a: Eldegoss
|upkeep
|turn|16
|
|t:|1664823615
|move|p1a: Doublade|Shadow Claw|p2a: Eldegoss
|-damage|p2a: Eldegoss|42/100
|move|p2a: Eldegoss|Charm|p1a: Doublade
|-unboost|p1a: Doublade|atk|2
|
|-heal|p1a: Doublade|92/100|[from] Grassy Terrain
|-heal|p2a: Eldegoss|48/100|[from] Grassy Terrain
|-damage|p1a: Doublade|80/100|[from] Leech Seed|[of] p2a: Eldegoss
|-heal|p2a: Eldegoss|58/100|[silent]
|upkeep
|turn|17
|j|%sundays.n_sundaes
|
|t:|1664823624
|switch|p1a: Aurorus|Aurorus, M|100/100
|-damage|p1a: Aurorus|76/100|[from] Stealth Rock
|move|p2a: Eldegoss|Charm|p1a: Aurorus
|-unboost|p1a: Aurorus|atk|2
|
|-heal|p1a: Aurorus|82/100|[from] Grassy Terrain
|-heal|p2a: Eldegoss|64/100|[from] Grassy Terrain
|upkeep
|turn|18
|
|t:|1664823638
|move|p1a: Aurorus|Hyper Voice|p2a: Eldegoss
|-supereffective|p2a: Eldegoss
|-damage|p2a: Eldegoss|0 fnt
|faint|p2a: Eldegoss
|
|-heal|p1a: Aurorus|88/100|[from] Grassy Terrain
|-fieldend|move: Grassy Terrain
|upkeep
|
|t:|1664823652
|switch|p2a: Doublade|Doublade, F|100/100
|-damage|p2a: Doublade|94/100|[from] Stealth Rock
|turn|19
|
|t:|1664823656
|move|p1a: Aurorus|Earth Power|p2a: Doublade
|-supereffective|p2a: Doublade
|-damage|p2a: Doublade|24/100
|move|p2a: Doublade|Close Combat|p1a: Aurorus
|-supereffective|p1a: Aurorus
|-damage|p1a: Aurorus|0 fnt
|-unboost|p2a: Doublade|def|1
|-unboost|p2a: Doublade|spd|1
|faint|p1a: Aurorus
|
|upkeep
|j| thyn3xus
|
|t:|1664823662
|switch|p1a: Thwackey|Thwackey, F|88/100
|-damage|p1a: Thwackey|76/100|[from] Stealth Rock
|-fieldstart|move: Grassy Terrain|[from] ability: Grassy Surge|[of] p1a: Thwackey
|turn|20
|
|t:|1664823673
|move|p2a: Doublade|Shadow Sneak|p1a: Thwackey
|-damage|p1a: Thwackey|54/100
|move|p1a: Thwackey|Knock Off|p2a: Doublade
|-supereffective|p2a: Doublade
|-crit|p2a: Doublade
|-damage|p2a: Doublade|0 fnt
|-enditem|p2a: Doublade|Eviolite|[from] move: Knock Off|[of] p1a: Thwackey
|faint|p2a: Doublade
|
|-heal|p1a: Thwackey|60/100|[from] Grassy Terrain
|upkeep
|
|t:|1664823681
|switch|p2a: Mesprit|Mesprit|88/100
|-damage|p2a: Mesprit|76/100|[from] Stealth Rock
|turn|21
|j| wqaa
|
|t:|1664823688
|switch|p1a: Doublade|Doublade, M|80/100
|-damage|p1a: Doublade|73/100|[from] Stealth Rock
|move|p2a: Mesprit|Psychic|p1a: Doublade
|-resisted|p1a: Doublade
|-damage|p1a: Doublade|42/100
|
|-heal|p1a: Doublade|48/100|[from] Grassy Terrain
|upkeep
|turn|22
|
|t:|1664823698
|switch|p2a: Sandslash|Sandslash, F|100/100
|-damage|p2a: Sandslash|94/100|[from] Stealth Rock
|move|p1a: Doublade|Shadow Claw|p2a: Sandslash
|-damage|p2a: Sandslash|62/100
|
|-heal|p2a: Sandslash|68/100|[from] Grassy Terrain
|-heal|p2a: Sandslash|75/100|[from] item: Leftovers
|-heal|p1a: Doublade|55/100|[from] Grassy Terrain
|upkeep
|turn|23
|j| R.I.P legendss
|
|t:|1664823707
|switch|p2a: Mesprit|Mesprit|76/100
|-damage|p2a: Mesprit|64/100|[from] Stealth Rock
|switch|p1a: Thwackey|Thwackey, F|60/100
|-damage|p1a: Thwackey|47/100|[from] Stealth Rock
|
|-heal|p1a: Thwackey|54/100|[from] Grassy Terrain
|upkeep
|turn|24
|j| Arcanine1929
|j| TxWillis
|
|t:|1664823715
|switch|p1a: Doublade|Doublade, M|55/100
|-damage|p1a: Doublade|48/100|[from] Stealth Rock
|move|p2a: Mesprit|Psychic|p1a: Doublade
|-resisted|p1a: Doublade
|-damage|p1a: Doublade|17/100
|-unboost|p1a: Doublade|spd|1
|
|-heal|p1a: Doublade|23/100|[from] Grassy Terrain
|-fieldend|move: Grassy Terrain
|upkeep
|turn|25
|
|t:|1664823724
|switch|p2a: Sandslash|Sandslash, F|75/100
|-damage|p2a: Sandslash|68/100|[from] Stealth Rock
|move|p1a: Doublade|Shadow Sneak|p2a: Sandslash
|-damage|p2a: Sandslash|48/100
|
|-heal|p2a: Sandslash|54/100|[from] item: Leftovers
|upkeep
|turn|26
|c| R.I.P legendss|Why your names are so weird
|
|t:|1664823743
|switch|p2a: Mesprit|Mesprit|64/100
|-damage|p2a: Mesprit|51/100|[from] Stealth Rock
|move|p1a: Doublade|Shadow Sneak|p2a: Mesprit
|-supereffective|p2a: Mesprit
|-damage|p2a: Mesprit|5/100
|
|upkeep
|turn|27
|
|t:|1664823750
|move|p1a: Doublade|Shadow Sneak|p2a: Mesprit
|-supereffective|p2a: Mesprit
|-damage|p2a: Mesprit|0 fnt
|faint|p2a: Mesprit
|
|upkeep
|
|t:|1664823753
|switch|p2a: Sandslash|Sandslash, F|54/100
|-damage|p2a: Sandslash|48/100|[from] Stealth Rock
|turn|28
|
|t:|1664823756
|move|p1a: Doublade|Shadow Sneak|p2a: Sandslash
|-damage|p2a: Sandslash|29/100
|move|p2a: Sandslash|Earthquake|p1a: Doublade
|-supereffective|p1a: Doublade
|-damage|p1a: Doublade|0 fnt
|faint|p1a: Doublade
|
|-heal|p2a: Sandslash|35/100|[from] item: Leftovers
|upkeep
|
|t:|1664823760
|switch|p1a: Thwackey|Thwackey, F|54/100
|-damage|p1a: Thwackey|41/100|[from] Stealth Rock
|-fieldstart|move: Grassy Terrain|[from] ability: Grassy Surge|[of] p1a: Thwackey
|turn|29
|c| Arcanine1929|gz steamy beaf
|c| R.I.P legendss|Gg
|l| spacevorp
|c|☆sugar ovens|just sand and bullshit HOs
|inactive|sugar ovens has 120 seconds left.
|c|☆sugar ovens|its sad when the tier that you play for years becomes shit
|
|t:|1664823799
|move|p1a: Thwackey|Grassy Glide|p2a: Sandslash
|-supereffective|p2a: Sandslash
|-damage|p2a: Sandslash|0 fnt
|faint|p2a: Sandslash
|
|win|steamy beef
|n|☆steamy beef|steamybeef
|n|☆sugar ovens|sugarovens
|n|*Lady Monita ☽|ladymonita
|n| BB-8-NU|bb8nu
|n| JojoOui|jojooui
|n| ACrumbOfSerotonin|acrumbofserotonin
|n| bvance121212|bvance121212
|n| Staryy|staryy
|n| sundays.n_sundaes|sundaysnsundaes
|n| thyn3xus|thyn3xus
|n| wqaa|wqaa
|n| R.I.P legendss|riplegendss
|n| Arcanine1929|arcanine1929
|n| TxWillis|txwillis
