|raw|<div class="broadcast-blue"><strong>This battle is required to be public due to a player having a name starting with 'pult4s3'.</div>
|j|☆PULT4S3 Dolla $
|j|☆kingqueso141
|t:|1661798308
|gametype|singles
|player|p1|PULT4S3 Dolla $|lucas|1340
|player|p2|kingqueso141|rosa|1313
|teamsize|p1|6
|teamsize|p2|6
|gen|8
|tier|[Gen 8] PU
|rated|
|rule|Sleep Clause Mod: Limit one foe put to sleep
|rule|Species Clause: Limit one of each Pokémon
|rule|OHKO Clause: OHKO moves are banned
|rule|Evasion Items Clause: Evasion items are banned
|rule|Evasion Moves Clause: Evasion moves are banned
|rule|Endless Battle Clause: Forcing endless battles is banned
|rule|HP Percentage Mod: HP is shown in percentages
|rule|Dynamax Clause: You cannot dynamax
|clearpoke
|poke|p1|Regirock|
|poke|p1|Eldegoss, F|
|poke|p1|Quagsire, F|
|poke|p1|Qwilfish, M|
|poke|p1|Cofagrigus, F|
|poke|p1|Articuno-Galar|
|poke|p2|Magneton|
|poke|p2|Archeops, F|
|poke|p2|Scrafty, M|
|poke|p2|Comfey, M|
|poke|p2|Centiskorch, F|
|poke|p2|Cinccino, M|
|teampreview
|
|t:|1661798314
|start
|switch|p1a: Cofagrigus|Cofagrigus, F|100/100
|switch|p2a: Archeops|Archeops, F|100/100
|turn|1
|
|t:|1661798318
|move|p2a: Archeops|Taunt|p1a: Cofagrigus
|-start|p1a: Cofagrigus|move: Taunt
|cant|p1a: Cofagrigus|move: Taunt|Toxic Spikes
|
|upkeep
|turn|2
|
|t:|1661798323
|switch|p1a: Regirock|Regirock|100/100
|move|p2a: Archeops|Stealth Rock|p1a: Regirock
|-sidestart|p1: PULT4S3 Dolla $|move: Stealth Rock
|
|upkeep
|turn|3
|
|t:|1661798326
|move|p2a: Archeops|Earthquake|p1a: Regirock
|-supereffective|p1a: Regirock
|-damage|p1a: Regirock|71/100
|move|p1a: Regirock|Rock Blast|p2a: Archeops
|-supereffective|p2a: Archeops
|-damage|p2a: Archeops|74/100
|-supereffective|p2a: Archeops
|-damage|p2a: Archeops|46/100
|-supereffective|p2a: Archeops
|-damage|p2a: Archeops|17/100
|-hitcount|p2a: Archeops|3
|
|-heal|p1a: Regirock|77/100|[from] item: Leftovers
|upkeep
|turn|4
|
|t:|1661798332
|move|p2a: Archeops|Taunt|p1a: Regirock
|-start|p1a: Regirock|move: Taunt
|cant|p1a: Regirock|move: Taunt|Stealth Rock
|
|-heal|p1a: Regirock|83/100|[from] item: Leftovers
|upkeep
|turn|5
|
|t:|1661798334
|move|p2a: Archeops|Earthquake|p1a: Regirock
|-supereffective|p1a: Regirock
|-damage|p1a: Regirock|68/100
|move|p1a: Regirock|Body Press|p2a: Archeops
|-damage|p2a: Archeops|0 fnt
|faint|p2a: Archeops
|
|-heal|p1a: Regirock|74/100|[from] item: Leftovers
|upkeep
|
|t:|1661798338
|switch|p2a: Magneton|Magneton|100/100
|turn|6
|
|t:|1661798342
|switch|p1a: Quagsire|Quagsire, F|100/100
|-damage|p1a: Quagsire|94/100|[from] Stealth Rock
|move|p2a: Magneton|Flash Cannon|p1a: Quagsire
|-resisted|p1a: Quagsire
|-damage|p1a: Quagsire|57/100
|
|-heal|p1a: Quagsire|63/100|[from] item: Leftovers
|upkeep
|turn|7
|
|t:|1661798359
|switch|p2a: Cinccino|Cinccino, M|100/100
|move|p1a: Quagsire|Recover|p1a: Quagsire
|-heal|p1a: Quagsire|100/100
|
|upkeep
|turn|8
|
|t:|1661798367
|switch|p1a: Qwilfish|Qwilfish, M|100/100
|-damage|p1a: Qwilfish|88/100|[from] Stealth Rock
|-ability|p1a: Qwilfish|Intimidate|boost
|-unboost|p2a: Cinccino|atk|1
|move|p2a: Cinccino|U-turn|p1a: Qwilfish
|-resisted|p1a: Qwilfish
|-damage|p1a: Qwilfish|80/100
|
|t:|1661798377
|switch|p2a: Magneton|Magneton|100/100|[from]move: U-turn
|
|-heal|p1a: Qwilfish|86/100|[from] item: Black Sludge
|upkeep
|turn|9
|
|t:|1661798383
|switch|p1a: Quagsire|Quagsire, F|100/100
|-damage|p1a: Quagsire|94/100|[from] Stealth Rock
|move|p2a: Magneton|Tri Attack|p1a: Quagsire
|-damage|p1a: Quagsire|48/100
|
|-heal|p1a: Quagsire|54/100|[from] item: Leftovers
|upkeep
|turn|10
|
|t:|1661798393
|move|p2a: Magneton|Tri Attack|p1a: Quagsire
|-damage|p1a: Quagsire|17/100
|move|p1a: Quagsire|Recover|p1a: Quagsire
|-heal|p1a: Quagsire|67/100
|
|-heal|p1a: Quagsire|73/100|[from] item: Leftovers
|upkeep
|turn|11
|
|t:|1661798401
|switch|p2a: Cinccino|Cinccino, M|100/100
|move|p1a: Quagsire|Earthquake|p2a: Cinccino
|-damage|p2a: Cinccino|44/100
|
|-heal|p1a: Quagsire|79/100|[from] item: Leftovers
|upkeep
|turn|12
|
|t:|1661798408
|switch|p1a: Eldegoss|Eldegoss, F|100/100
|move|p2a: Cinccino|Bullet Seed|p1a: Eldegoss
|-resisted|p1a: Eldegoss
|-damage|p1a: Eldegoss|95/100
|-resisted|p1a: Eldegoss
|-damage|p1a: Eldegoss|89/100
|-resisted|p1a: Eldegoss
|-damage|p1a: Eldegoss|83/100
|-resisted|p1a: Eldegoss
|-damage|p1a: Eldegoss|76/100
|-resisted|p1a: Eldegoss
|-damage|p1a: Eldegoss|70/100
|-hitcount|p1a: Eldegoss|5
|
|upkeep
|turn|13
|
|t:|1661798413
|switch|p2a: Centiskorch|Centiskorch, F|100/100
|move|p1a: Eldegoss|Rapid Spin|p2a: Centiskorch
|-damage|p2a: Centiskorch|92/100
|-boost|p1a: Eldegoss|spe|1
|-sideend|p1: PULT4S3 Dolla $|Stealth Rock|[from] move: Rapid Spin|[of] p1a: Eldegoss
|
|upkeep
|turn|14
|
|t:|1661798417
|switch|p1a: Regirock|Regirock|74/100
|move|p2a: Centiskorch|Fire Lash|p1a: Regirock
|-resisted|p1a: Regirock
|-damage|p1a: Regirock|65/100
|-unboost|p1a: Regirock|def|1
|
|-heal|p1a: Regirock|71/100|[from] item: Leftovers
|upkeep
|turn|15
|
|t:|1661798423
|move|p2a: Centiskorch|Power Whip|p1a: Regirock
|-supereffective|p1a: Regirock
|-damage|p1a: Regirock|23/100
|move|p1a: Regirock|Rock Blast|p2a: Centiskorch
|-supereffective|p2a: Centiskorch
|-damage|p2a: Centiskorch|47/100
|-supereffective|p2a: Centiskorch
|-damage|p2a: Centiskorch|1/100
|-supereffective|p2a: Centiskorch
|-damage|p2a: Centiskorch|0 fnt
|faint|p2a: Centiskorch
|-hitcount|p2: Centiskorch|3
|
|-heal|p1a: Regirock|29/100|[from] item: Leftovers
|upkeep
|
|t:|1661798432
|switch|p2a: Magneton|Magneton|100/100
|turn|16
|
|t:|1661798444
|move|p2a: Magneton|Tri Attack|p1a: Regirock
|-resisted|p1a: Regirock
|-damage|p1a: Regirock|8/100
|move|p1a: Regirock|Stealth Rock|p2a: Magneton
|-sidestart|p2: kingqueso141|move: Stealth Rock
|
|-heal|p1a: Regirock|15/100|[from] item: Leftovers
|upkeep
|turn|17
|
|t:|1661798450
|switch|p1a: Cofagrigus|Cofagrigus, F|100/100
|move|p2a: Magneton|Tri Attack|p1a: Cofagrigus
|-immune|p1a: Cofagrigus
|
|upkeep
|turn|18
|
|t:|1661798454
|switch|p2a: Scrafty|Scrafty, M|100/100
|-damage|p2a: Scrafty|95/100|[from] Stealth Rock
|move|p1a: Cofagrigus|Toxic Spikes|p2a: Scrafty
|-sidestart|p2: kingqueso141|move: Toxic Spikes
|
|upkeep
|turn|19
|
|t:|1661798462
|switch|p1a: Eldegoss|Eldegoss, F|100/100
|move|p2a: Scrafty|Dragon Dance|p2a: Scrafty
|-boost|p2a: Scrafty|atk|1
|-boost|p2a: Scrafty|spe|1
|
|upkeep
|turn|20
|
|t:|1661798466
|move|p2a: Scrafty|Dragon Dance|p2a: Scrafty
|-boost|p2a: Scrafty|atk|1
|-boost|p2a: Scrafty|spe|1
|move|p1a: Eldegoss|Leech Seed|p2a: Scrafty
|-start|p2a: Scrafty|move: Leech Seed
|
|-damage|p2a: Scrafty|82/100|[from] Leech Seed|[of] p1a: Eldegoss
|upkeep
|turn|21
|
|t:|1661798472
|move|p2a: Scrafty|Knock Off|p1a: Eldegoss
|-damage|p1a: Eldegoss|13/100
|-enditem|p1a: Eldegoss|Heavy-Duty Boots|[from] move: Knock Off|[of] p2a: Scrafty
|move|p1a: Eldegoss|Energy Ball|p2a: Scrafty
|-damage|p2a: Scrafty|53/100
|-unboost|p2a: Scrafty|spd|1
|
|-damage|p2a: Scrafty|41/100|[from] Leech Seed|[of] p1a: Eldegoss
|-heal|p1a: Eldegoss|23/100|[silent]
|upkeep
|turn|22
|
|t:|1661798483
|move|p2a: Scrafty|Knock Off|p1a: Eldegoss
|-damage|p1a: Eldegoss|0 fnt
|faint|p1a: Eldegoss
|-ability|p2a: Scrafty|Moxie|boost
|-boost|p2a: Scrafty|atk|1
|
|upkeep
|
|t:|1661798487
|switch|p1a: Quagsire|Quagsire, F|79/100
|turn|23
|
|t:|1661798492
|move|p2a: Scrafty|Knock Off|p1a: Quagsire
|-damage|p1a: Quagsire|40/100
|-enditem|p1a: Quagsire|Leftovers|[from] move: Knock Off|[of] p2a: Scrafty
|move|p1a: Quagsire|Earthquake|p2a: Scrafty
|-damage|p2a: Scrafty|10/100
|
|-damage|p2a: Scrafty|0 fnt|[from] Leech Seed|[of] p1a: Quagsire
|-heal|p1a: Quagsire|46/100|[silent]
|faint|p2a: Scrafty
|upkeep
|
|t:|1661798508
|switch|p2a: Magneton|Magneton|100/100
|-damage|p2a: Magneton|94/100|[from] Stealth Rock
|turn|24
|
|t:|1661798520
|switch|p1a: Regirock|Regirock|15/100
|move|p2a: Magneton|Tri Attack|p1a: Regirock
|-resisted|p1a: Regirock
|-crit|p1a: Regirock
|-damage|p1a: Regirock|0 fnt
|faint|p1a: Regirock
|
|upkeep
|
|t:|1661798522
|switch|p1a: Cofagrigus|Cofagrigus, F|100/100
|turn|25
|
|t:|1661798530
|switch|p2a: Cinccino|Cinccino, M|44/100
|-damage|p2a: Cinccino|31/100|[from] Stealth Rock
|-status|p2a: Cinccino|psn
|move|p1a: Cofagrigus|Hex|p2a: Cinccino
|-immune|p2a: Cinccino
|
|-damage|p2a: Cinccino|19/100 psn|[from] psn
|upkeep
|turn|26
|
|t:|1661798539
|switch|p1a: Qwilfish|Qwilfish, M|86/100
|-ability|p1a: Qwilfish|Intimidate|boost
|-unboost|p2a: Cinccino|atk|1
|move|p2a: Cinccino|Rock Blast|p1a: Qwilfish
|-damage|p1a: Qwilfish|80/100
|-damage|p1a: Qwilfish|74/100
|-damage|p1a: Qwilfish|69/100
|-damage|p1a: Qwilfish|62/100
|-damage|p1a: Qwilfish|56/100
|-hitcount|p1a: Qwilfish|5
|
|-heal|p1a: Qwilfish|62/100|[from] item: Black Sludge
|-damage|p2a: Cinccino|7/100 psn|[from] psn
|upkeep
|turn|27
|
|t:|1661798555
|move|p2a: Cinccino|Rock Blast|p1a: Qwilfish
|-damage|p1a: Qwilfish|56/100
|-crit|p1a: Qwilfish
|-damage|p1a: Qwilfish|42/100
|-damage|p1a: Qwilfish|36/100
|-damage|p1a: Qwilfish|30/100
|-damage|p1a: Qwilfish|24/100
|-hitcount|p1a: Qwilfish|5
|move|p1a: Qwilfish|Spikes|p2a: Cinccino
|-sidestart|p2: kingqueso141|Spikes
|
|-heal|p1a: Qwilfish|30/100|[from] item: Black Sludge
|-damage|p2a: Cinccino|0 fnt|[from] psn
|faint|p2a: Cinccino
|upkeep
|
|t:|1661798564
|switch|p2a: Magneton|Magneton|94/100
|-damage|p2a: Magneton|88/100|[from] Stealth Rock
|-damage|p2a: Magneton|76/100|[from] Spikes
|turn|28
|
|t:|1661798569
|move|p2a: Magneton|Thunderbolt|p1a: Qwilfish
|-supereffective|p1a: Qwilfish
|-damage|p1a: Qwilfish|0 fnt
|faint|p1a: Qwilfish
|
|upkeep
|
|t:|1661798571
|switch|p1a: Quagsire|Quagsire, F|46/100
|turn|29
|
|t:|1661798575
|switch|p2a: Comfey|Comfey, M|100/100
|-damage|p2a: Comfey|88/100|[from] Stealth Rock
|-status|p2a: Comfey|psn
|-damage|p2a: Comfey|76/100 psn|[from] Spikes
|move|p1a: Quagsire|Earthquake|p2a: Comfey
|-damage|p2a: Comfey|26/100 psn
|
|-damage|p2a: Comfey|14/100 psn|[from] psn
|upkeep
|turn|30
|
|t:|1661798578
|move|p2a: Comfey|Giga Drain|p1a: Quagsire
|-supereffective|p1a: Quagsire
|-damage|p1a: Quagsire|0 fnt
|-heal|p2a: Comfey|51/100 psn|[from] drain|[of] p1a: Quagsire
|faint|p1a: Quagsire
|-damage|p2a: Comfey|41/100 psn|[from] item: Life Orb
|
|-damage|p2a: Comfey|28/100 psn|[from] psn
|upkeep
|
|t:|1661798581
|switch|p1a: Articuno|Articuno-Galar|100/100
|turn|31
|
|t:|1661798585
|move|p2a: Comfey|Draining Kiss|p1a: Articuno
|-damage|p1a: Articuno|77/100
|-heal|p2a: Comfey|53/100 psn|[from] drain|[of] p1a: Articuno
|-damage|p2a: Comfey|43/100 psn|[from] item: Life Orb
|move|p1a: Articuno|Freezing Glare|p2a: Comfey
|-damage|p2a: Comfey|0 fnt
|faint|p2a: Comfey
|
|upkeep
|
|t:|1661798588
|switch|p2a: Magneton|Magneton|76/100
|-damage|p2a: Magneton|69/100|[from] Stealth Rock
|-damage|p2a: Magneton|57/100|[from] Spikes
|turn|32
|
|t:|1661798592
|move|p1a: Articuno|Freezing Glare|p2a: Magneton
|-resisted|p2a: Magneton
|-damage|p2a: Magneton|6/100
|move|p2a: Magneton|Thunderbolt|p1a: Articuno
|-supereffective|p1a: Articuno
|-damage|p1a: Articuno|0 fnt
|faint|p1a: Articuno
|
|upkeep
|
|t:|1661798595
|switch|p1a: Cofagrigus|Cofagrigus, F|100/100
|turn|33
|
|t:|1661798597
|move|p2a: Magneton|Thunderbolt|p1a: Cofagrigus
|-crit|p1a: Cofagrigus
|-damage|p1a: Cofagrigus|0 fnt
|faint|p1a: Cofagrigus
|
|win|kingqueso141
|raw|PULT4S3 Dolla $'s rating: 1340 &rarr; <strong>1318</strong><br />(-22 for losing)
|raw|kingqueso141's rating: 1313 &rarr; <strong>1335</strong><br />(+22 for winning)
|c|☆kingqueso141|wow
|c|☆PULT4S3 Dolla $|lol
|c|☆kingqueso141|did not deserve that
|c|☆kingqueso141|gg
