|j|☆mefrog
|j|☆matitelli
|t:|1614295950
|player|p1|mefrog|pokefan-gen4|1399
|player|p2|matitelli|karen|1517
|teamsize|p1|6
|teamsize|p2|6
|gametype|singles
|gen|8
|tier|[Gen 8] PU
|rated|
|clearpoke
|poke|p1|Omastar, F|
|poke|p1|Dugtrio, M|
|poke|p1|Charizard, M|
|poke|p1|Silvally-*|
|poke|p1|Poliwrath, F|
|poke|p1|Whimsicott, M|
|poke|p2|Sandaconda, M|
|poke|p2|Magmortar, M|
|poke|p2|Scyther, M|
|poke|p2|Silvally-*|
|poke|p2|Uxie|
|poke|p2|Hitmontop, M|
|rule|Sleep Clause Mod: Limit one foe put to sleep
|rule|Species Clause: Limit one of each Pokémon
|rule|OHKO Clause: OHKO moves are banned
|rule|Evasion Moves Clause: Evasion moves are banned
|rule|Endless Battle Clause: Forcing endless battles is banned
|rule|HP Percentage Mod: HP is shown in percentages
|rule|Dynamax Clause: You cannot dynamax
|teampreview
|inactive|Battle timer is ON: inactive players will automatically lose when time's up. (requested by matitelli)
|
|t:|1614295985
|start
|switch|p1a: Dugtrio|Dugtrio, M|100/100
|switch|p2a: Uxie|Uxie|100/100
|turn|1
|inactive|matitelli has 120 seconds left.
|
|t:|1614296032
|move|p1a: Dugtrio|Stealth Rock|p2a: Uxie
|-sidestart|p2: matitelli|move: Stealth Rock
|move|p2a: Uxie|Stealth Rock|p1a: Dugtrio
|-sidestart|p1: mefrog|move: Stealth Rock
|
|upkeep
|turn|2
|inactive|mefrog has 120 seconds left.
|
|t:|1614296070
|move|p1a: Dugtrio|Rock Tomb|p2a: Uxie
|-crit|p2a: Uxie
|-damage|p2a: Uxie|84/100
|-unboost|p2a: Uxie|spe|1
|move|p2a: Uxie|U-turn|p1a: Dugtrio
|-damage|p1a: Dugtrio|64/100
|
|t:|1614296082
|switch|p2a: Hitmontop|Hitmontop, M|100/100|[from]move: U-turn
|-damage|p2a: Hitmontop|94/100|[from] Stealth Rock
|
|upkeep
|turn|3
|
|t:|1614296090
|move|p2a: Hitmontop|Mach Punch|p1a: Dugtrio
|-damage|p1a: Dugtrio|0 fnt
|-damage|p2a: Hitmontop|84/100|[from] item: Life Orb
|faint|p1a: Dugtrio
|
|upkeep
|
|t:|1614296098
|switch|p1a: Whimsicott|Whimsicott, M|100/100
|-damage|p1a: Whimsicott|88/100|[from] Stealth Rock
|turn|4
|
|t:|1614296106
|switch|p2a: Silvally|Silvally-Steel|100/100
|-damage|p2a: Silvally|94/100|[from] Stealth Rock
|move|p1a: Whimsicott|Moonblast|p2a: Silvally
|-resisted|p2a: Silvally
|-damage|p2a: Silvally|72/100
|-damage|p1a: Whimsicott|78/100|[from] item: Life Orb
|
|upkeep
|turn|5
|
|t:|1614296118
|move|p1a: Whimsicott|Memento|p2a: Silvally
|-unboost|p2a: Silvally|atk|2
|-unboost|p2a: Silvally|spa|2
|faint|p1a: Whimsicott
|move|p2a: Silvally|Defog|p1: Whimsicott|[notarget]
|-fail|p2a: Silvally
|
|upkeep
|
|t:|1614296126
|switch|p1a: Poliwrath|Poliwrath, F|100/100
|-damage|p1a: Poliwrath|94/100|[from] Stealth Rock
|turn|6
|
|t:|1614296132
|move|p1a: Poliwrath|Substitute|p1a: Poliwrath
|-start|p1a: Poliwrath|Substitute
|-damage|p1a: Poliwrath|69/100
|move|p2a: Silvally|Toxic|p1a: Poliwrath|[miss]
|-miss|p2a: Silvally|p1a: Poliwrath
|
|upkeep
|turn|7
|
|t:|1614296139
|move|p1a: Poliwrath|Belly Drum|p1a: Poliwrath
|-damage|p1a: Poliwrath|19/100
|-setboost|p1a: Poliwrath|atk|6|[from] move: Belly Drum
|-enditem|p1a: Poliwrath|Salac Berry|[eat]
|-boost|p1a: Poliwrath|spe|1|[from] item: Salac Berry
|move|p2a: Silvally|Parting Shot|p1a: Poliwrath
|-unboost|p1a: Poliwrath|atk|1
|-unboost|p1a: Poliwrath|spa|1
|
|t:|1614296148
|switch|p2a: Scyther|Scyther, M|100/100|[from]move: Parting Shot
|-damage|p2a: Scyther|51/100|[from] Stealth Rock
|
|upkeep
|turn|8
|
|t:|1614296164
|move|p2a: Scyther|Dual Wingbeat|p1a: Poliwrath
|-supereffective|p1a: Poliwrath
|-end|p1a: Poliwrath|Substitute
|-supereffective|p1a: Poliwrath
|-damage|p1a: Poliwrath|0 fnt
|-hitcount|p1a: Poliwrath|2
|faint|p1a: Poliwrath
|
|upkeep
|
|t:|1614296178
|switch|p1a: Omastar|Omastar, F|100/100
|-damage|p1a: Omastar|88/100|[from] Stealth Rock
|turn|9
|
|t:|1614296185
|switch|p2a: Hitmontop|Hitmontop, M|84/100
|-damage|p2a: Hitmontop|78/100|[from] Stealth Rock
|move|p1a: Omastar|Shell Smash|p1a: Omastar
|-unboost|p1a: Omastar|def|1
|-unboost|p1a: Omastar|spd|1
|-boost|p1a: Omastar|atk|2
|-boost|p1a: Omastar|spa|2
|-boost|p1a: Omastar|spe|2
|
|upkeep
|turn|10
|
|t:|1614296195
|move|p2a: Hitmontop|Fake Out|p1a: Omastar
|-resisted|p1a: Omastar
|-damage|p1a: Omastar|71/100
|-ability|p1a: Omastar|Weak Armor|boost
|-unboost|p1a: Omastar|def|1
|-boost|p1a: Omastar|spe|2
|-damage|p2a: Hitmontop|68/100|[from] item: Life Orb
|cant|p1a: Omastar|flinch
|
|upkeep
|turn|11
|
|t:|1614296205
|switch|p1a: Silvally|Silvally-Poison|100/100
|-damage|p1a: Silvally|88/100|[from] Stealth Rock
|move|p2a: Hitmontop|Mach Punch|p1a: Silvally
|-resisted|p1a: Silvally
|-damage|p1a: Silvally|68/100
|-damage|p2a: Hitmontop|58/100|[from] item: Life Orb
|
|upkeep
|turn|12
|
|t:|1614296215
|switch|p2a: Uxie|Uxie|84/100
|-damage|p2a: Uxie|72/100|[from] Stealth Rock
|move|p1a: Silvally|Ice Beam|p2a: Uxie
|-damage|p2a: Uxie|56/100
|
|upkeep
|turn|13
|
|t:|1614296227
|move|p1a: Silvally|Multi-Attack|p2a: Uxie
|-damage|p2a: Uxie|28/100
|move|p2a: Uxie|Memento|p1a: Silvally
|-unboost|p1a: Silvally|atk|2
|-unboost|p1a: Silvally|spa|2
|faint|p2a: Uxie
|
|upkeep
|
|t:|1614296237
|switch|p2a: Sandaconda|Sandaconda, M|100/100
|-damage|p2a: Sandaconda|95/100|[from] Stealth Rock
|turn|14
|
|t:|1614296245
|move|p1a: Silvally|Ice Beam|p2a: Sandaconda
|-supereffective|p2a: Sandaconda
|-damage|p2a: Sandaconda|62/100
|move|p2a: Sandaconda|Scale Shot|p1a: Silvally
|-damage|p1a: Silvally|59/100
|-damage|p1a: Silvally|50/100
|-damage|p1a: Silvally|40/100
|-hitcount|p1a: Silvally|3
|-unboost|p2a: Sandaconda|def|1
|-boost|p2a: Sandaconda|spe|1
|
|-heal|p2a: Sandaconda|68/100|[from] item: Leftovers
|upkeep
|turn|15
|
|t:|1614296260
|move|p2a: Sandaconda|Coil|p2a: Sandaconda
|-boost|p2a: Sandaconda|atk|1
|-boost|p2a: Sandaconda|def|1
|-boost|p2a: Sandaconda|accuracy|1
|move|p1a: Silvally|Ice Beam|p2a: Sandaconda
|-supereffective|p2a: Sandaconda
|-damage|p2a: Sandaconda|37/100
|
|-heal|p2a: Sandaconda|43/100|[from] item: Leftovers
|upkeep
|turn|16
|
|t:|1614296281
|move|p2a: Sandaconda|Earthquake|p1a: Silvally
|-supereffective|p1a: Silvally
|-damage|p1a: Silvally|0 fnt
|faint|p1a: Silvally
|
|-heal|p2a: Sandaconda|49/100|[from] item: Leftovers
|upkeep
|c|☆matitelli|gg
|
|t:|1614296289
|switch|p1a: Charizard|Charizard, M|100/100
|turn|17
|
|t:|1614296293
|move|p2a: Sandaconda|Stone Edge|p1a: Charizard
|-supereffective|p1a: Charizard
|-damage|p1a: Charizard|0 fnt
|faint|p1a: Charizard
|
|-heal|p2a: Sandaconda|55/100|[from] item: Leftovers
|upkeep
|-message|mefrog forfeited.
|
|win|matitelli
|l|☆mefrog
|l|☆matitelli
||Ladder (probably) updated, but score could not be retrieved (Request timeout).
