|html|<div class="broadcast-blue"><strong>[Gen 8] PU is currently suspecting Scyther! For information on how to participate check out the <a href="https://www.smogon.com/forums/threads/np-ss-pu-stage-11-turn-turn-turn-scyther-retest.3707179/">suspect thread</a>.</strong></div>
|j|☆PU11 zoowi
|j|☆PU11 GamrDood69v
|t:|1662345065
|gametype|singles
|player|p1|PU11 zoowi|burglar-gen2|1578
|player|p2|PU11 GamrDood69v|brendan-gen3rs|1492
|teamsize|p1|6
|teamsize|p2|6
|gen|8
|tier|[Gen 8] PU
|rated|
|rule|Sleep Clause Mod: Limit one foe put to sleep
|rule|Species Clause: Limit one of each Pokémon
|rule|OHKO Clause: OHKO moves are banned
|rule|Evasion Items Clause: Evasion items are banned
|rule|Evasion Moves Clause: Evasion moves are banned
|rule|Endless Battle Clause: Forcing endless battles is banned
|rule|HP Percentage Mod: HP is shown in percentages
|rule|Dynamax Clause: You cannot dynamax
|clearpoke
|poke|p1|Silvally-*|
|poke|p1|Gallade, M|
|poke|p1|Scrafty, M|
|poke|p1|Jolteon, F|
|poke|p1|Coalossal, M|
|poke|p1|Poliwrath, F|
|poke|p2|Charizard, M|
|poke|p2|Whimsicott, M|
|poke|p2|Jellicent, M|
|poke|p2|Audino, F|
|poke|p2|Doublade, M|
|poke|p2|Sandaconda, F|
|teampreview
|
|t:|1662345087
|start
|switch|p1a: Gallade|Gallade, M|100/100
|switch|p2a: Whimsicott|Whimsicott, M|100/100
|turn|1
|
|t:|1662345090
|switch|p1a: Coalossal|Coalossal, M|100/100
|move|p2a: Whimsicott|Moonblast|p1a: Coalossal
|-resisted|p1a: Coalossal
|-damage|p1a: Coalossal|75/100
|
|upkeep
|turn|2
|
|t:|1662345093
|switch|p2a: Jellicent|Jellicent, M|100/100
|switch|p1a: Gallade|Gallade, M|100/100
|
|upkeep
|turn|3
|
|t:|1662345096
|move|p1a: Gallade|Knock Off|p2a: Jellicent
|-supereffective|p2a: Jellicent
|-damage|p2a: Jellicent|2/100
|-enditem|p2a: Jellicent|Choice Specs|[from] move: Knock Off|[of] p1a: Gallade
|-damage|p1a: Gallade|91/100|[from] item: Life Orb
|move|p2a: Jellicent|Shadow Ball|p1a: Gallade
|-supereffective|p1a: Gallade
|-damage|p1a: Gallade|17/100
|
|upkeep
|turn|4
|
|t:|1662345103
|move|p1a: Gallade|Psycho Cut|p2a: Jellicent
|-damage|p2a: Jellicent|0 fnt
|faint|p2a: Jellicent
|-damage|p1a: Gallade|7/100|[from] item: Life Orb
|
|upkeep
|
|t:|1662345106
|switch|p2a: Whimsicott|Whimsicott, M|100/100
|turn|5
|
|t:|1662345110
|switch|p1a: Coalossal|Coalossal, M|75/100
|move|p2a: Whimsicott|Energy Ball|p1a: Coalossal
|-damage|p1a: Coalossal|31/100
|
|upkeep
|turn|6
|c|☆PU11 zoowi|um ok
|c|☆PU11 zoowi|ow
|
|t:|1662345127
|switch|p1a: Gallade|Gallade, M|7/100
|move|p2a: Whimsicott|Energy Ball|p1a: Gallade
|-damage|p1a: Gallade|0 fnt
|faint|p1a: Gallade
|
|upkeep
|
|t:|1662345128
|switch|p1a: Poliwrath|Poliwrath, F|100/100
|turn|7
|inactive|Battle timer is ON: inactive players will automatically lose when time's up. (requested by PU11 zoowi)
|
|t:|1662345195
|switch|p2a: Charizard|Charizard, M|100/100
|move|p1a: Poliwrath|Poison Jab|p2a: Charizard
|-damage|p2a: Charizard|68/100
|
|upkeep
|turn|8
|
|t:|1662345198
|move|p2a: Charizard|Air Slash|p1a: Poliwrath
|-supereffective|p1a: Poliwrath
|-damage|p1a: Poliwrath|55/100
|move|p1a: Poliwrath|Liquidation|p2a: Charizard
|-supereffective|p2a: Charizard
|-damage|p2a: Charizard|0 fnt
|faint|p2a: Charizard
|
|upkeep
|
|t:|1662345202
|switch|p2a: Whimsicott|Whimsicott, M|100/100
|turn|9
|
|t:|1662345204
|switch|p1a: Coalossal|Coalossal, M|31/100
|move|p2a: Whimsicott|Energy Ball|p1a: Coalossal
|-damage|p1a: Coalossal|0 fnt
|faint|p1a: Coalossal
|
|upkeep
|
|t:|1662345207
|switch|p1a: Silvally|Silvally-Ghost|100/100
|turn|10
|
|t:|1662345212
|switch|p2a: Sandaconda|Sandaconda, F|100/100
|move|p1a: Silvally|Toxic|p2a: Sandaconda|[miss]
|-miss|p1a: Silvally|p2a: Sandaconda
|
|upkeep
|turn|11
|
|t:|1662345218
|move|p1a: Silvally|Swords Dance|p1a: Silvally
|-boost|p1a: Silvally|atk|2
|move|p2a: Sandaconda|Earthquake|p1a: Silvally
|-damage|p1a: Silvally|44/100
|
|upkeep
|turn|12
|
|t:|1662345219
|move|p1a: Silvally|Multi-Attack|p2a: Sandaconda
|-damage|p2a: Sandaconda|16/100
|move|p2a: Sandaconda|Earthquake|p1a: Silvally
|-damage|p1a: Silvally|0 fnt
|faint|p1a: Silvally
|
|-heal|p2a: Sandaconda|22/100|[from] item: Leftovers
|upkeep
|
|t:|1662345222
|switch|p1a: Poliwrath|Poliwrath, F|55/100
|turn|13
|
|t:|1662345224
|move|p1a: Poliwrath|Liquidation|p2a: Sandaconda
|-supereffective|p2a: Sandaconda
|-damage|p2a: Sandaconda|0 fnt
|faint|p2a: Sandaconda
|
|upkeep
|
|t:|1662345226
|switch|p2a: Whimsicott|Whimsicott, M|100/100
|turn|14
|
|t:|1662345231
|move|p2a: Whimsicott|Moonblast|p1a: Poliwrath
|-supereffective|p1a: Poliwrath
|-crit|p1a: Poliwrath
|-damage|p1a: Poliwrath|0 fnt
|faint|p1a: Poliwrath
|
|upkeep
|
|t:|1662345232
|switch|p1a: Jolteon|Jolteon, F|100/100
|turn|15
|
|t:|1662345241
|move|p1a: Jolteon|Hyper Voice|p2a: Whimsicott
|-damage|p2a: Whimsicott|32/100
|move|p2a: Whimsicott|Moonblast|p1a: Jolteon
|-damage|p1a: Jolteon|34/100
|
|upkeep
|turn|16
|
|t:|1662345247
|switch|p1a: Scrafty|Scrafty, M|100/100
|switch|p2a: Doublade|Doublade, M|100/100
|
|upkeep
|turn|17
|
|t:|1662345253
|move|p1a: Scrafty|Knock Off|p2a: Doublade
|-supereffective|p2a: Doublade
|-damage|p2a: Doublade|70/100
|-enditem|p2a: Doublade|Eviolite|[from] move: Knock Off|[of] p1a: Scrafty
|move|p2a: Doublade|Close Combat|p1a: Scrafty
|-supereffective|p1a: Scrafty
|-damage|p1a: Scrafty|47/100
|-unboost|p2a: Doublade|def|1
|-unboost|p2a: Doublade|spd|1
|
|-heal|p1a: Scrafty|53/100|[from] item: Leftovers
|upkeep
|turn|18
|
|t:|1662345257
|move|p1a: Scrafty|Knock Off|p2a: Doublade
|-supereffective|p2a: Doublade
|-damage|p2a: Doublade|22/100
|move|p2a: Doublade|Close Combat|p1a: Scrafty
|-supereffective|p1a: Scrafty
|-damage|p1a: Scrafty|2/100
|-unboost|p2a: Doublade|def|1
|-unboost|p2a: Doublade|spd|1
|
|-heal|p1a: Scrafty|8/100|[from] item: Leftovers
|upkeep
|turn|19
|
|t:|1662345261
|move|p2a: Doublade|Shadow Sneak|p1a: Scrafty
|-resisted|p1a: Scrafty
|-damage|p1a: Scrafty|0 fnt
|faint|p1a: Scrafty
|
|upkeep
|
|t:|1662345262
|switch|p1a: Jolteon|Jolteon, F|34/100
|turn|20
|
|t:|1662345265
|move|p2a: Doublade|Shadow Sneak|p1a: Jolteon
|-damage|p1a: Jolteon|0 fnt
|faint|p1a: Jolteon
|
|win|PU11 GamrDood69v
|raw|PU11 zoowi's rating: 1578 &rarr; <strong>1553</strong><br />(-25 for losing)
|raw|PU11 GamrDood69v's rating: 1492 &rarr; <strong>1517</strong><br />(+25 for winning)
|l|☆PU11 zoowi
|l|☆PU11 GamrDood69v
|j|☆PU11 GamrDood69v
|player|p2|PU11 GamrDood69v|brendan-gen3rs
