|j|☆Slayerboy752
|j|☆ChickieNuggs
|t:|1618524875
|gametype|singles
|player|p1|Slayerboy752|dancer|1425
|player|p2|ChickieNuggs|brock|1364
|teamsize|p1|6
|teamsize|p2|6
|gen|8
|tier|[Gen 8] PU
|rated|
|clearpoke
|poke|p1|Whiscash, M|
|poke|p1|Ribombee, F|
|poke|p1|Lickilicky, M|
|poke|p1|Gourgeist-*, M|
|poke|p1|Avalugg, M|
|poke|p1|Charizard, F|
|poke|p2|Vikavolt, F|
|poke|p2|Tsareena, F|
|poke|p2|Jellicent, F|
|poke|p2|Passimian, F|
|poke|p2|Alcremie-Lemon-Cream, F|
|poke|p2|Fraxure, M|
|rule|Sleep Clause Mod: Limit one foe put to sleep
|rule|Species Clause: Limit one of each Pokémon
|rule|OHKO Clause: OHKO moves are banned
|rule|Evasion Moves Clause: Evasion moves are banned
|rule|Endless Battle Clause: Forcing endless battles is banned
|rule|HP Percentage Mod: HP is shown in percentages
|rule|Dynamax Clause: You cannot dynamax
|teampreview
|
|t:|1618524904
|start
|switch|p1a: Ribombee|Ribombee, F|100/100
|switch|p2a: Alcremie|Alcremie-Lemon-Cream, F|100/100
|turn|1
|inactive|Battle timer is ON: inactive players will automatically lose when time's up. (requested by ChickieNuggs)
|
|t:|1618524911
|switch|p1a: Lickilicky|Lickilicky, M|100/100
|-ability|p1a: Lickilicky|Cloud Nine
|move|p2a: Alcremie|Mystical Fire|p1a: Lickilicky
|-damage|p1a: Lickilicky|89/100
|-unboost|p1a: Lickilicky|spa|1
|
|upkeep
|turn|2
|
|t:|1618524923
|switch|p2a: Passimian|Passimian, F|100/100
|move|p1a: Lickilicky|Body Slam|p2a: Passimian
|-crit|p2a: Passimian
|-damage|p2a: Passimian|43/100
|
|upkeep
|turn|3
|
|t:|1618524936
|switch|p1a: Avalugg|Avalugg, M|100/100
|move|p2a: Passimian|Knock Off|p1a: Avalugg
|-damage|p1a: Avalugg|80/100
|-damage|p2a: Passimian|27/100|[from] item: Rocky Helmet|[of] p1a: Avalugg
|-enditem|p1a: Avalugg|Rocky Helmet|[from] move: Knock Off|[of] p2a: Passimian
|
|upkeep
|turn|4
|
|t:|1618524953
|switch|p2a: Jellicent|Jellicent, F|100/100
|move|p1a: Avalugg|Toxic|p2a: Jellicent
|-status|p2a: Jellicent|tox
|
|-damage|p2a: Jellicent|94/100 tox|[from] psn
|upkeep
|turn|5
|inactive|Slayerboy752 has 120 seconds left.
|
|t:|1618524979
|switch|p1a: Lickilicky|Lickilicky, M|89/100
|-ability|p1a: Lickilicky|Cloud Nine
|move|p2a: Jellicent|Hydro Pump|p1a: Lickilicky
|-damage|p1a: Lickilicky|58/100
|-damage|p2a: Jellicent|84/100 tox|[from] item: Life Orb
|
|-damage|p2a: Jellicent|72/100 tox|[from] psn
|upkeep
|turn|6
|inactive|Slayerboy752 has 120 seconds left.
|
|t:|1618524992
|switch|p2a: Vikavolt|Vikavolt, F, shiny|100/100
|move|p1a: Lickilicky|Knock Off|p2a: Vikavolt
|-damage|p2a: Vikavolt|79/100
|-enditem|p2a: Vikavolt|Heavy-Duty Boots|[from] move: Knock Off|[of] p1a: Lickilicky
|
|upkeep
|turn|7
|inactive|Slayerboy752 has 120 seconds left.
|
|t:|1618525005
|move|p1a: Lickilicky|Body Slam|p2a: Vikavolt
|-damage|p2a: Vikavolt|52/100
|move|p2a: Vikavolt|Sticky Web|p1a: Lickilicky
|-sidestart|p1: Slayerboy752|move: Sticky Web
|
|upkeep
|turn|8
|inactive|Slayerboy752 has 120 seconds left.
|
|t:|1618525017
|move|p1a: Lickilicky|Body Slam|p2a: Vikavolt
|-damage|p2a: Vikavolt|26/100
|move|p2a: Vikavolt|Roost|p2a: Vikavolt
|-heal|p2a: Vikavolt|77/100
|-singleturn|p2a: Vikavolt|move: Roost
|
|upkeep
|turn|9
|inactive|Slayerboy752 has 120 seconds left.
|
|t:|1618525030
|move|p1a: Lickilicky|Body Slam|p2a: Vikavolt
|-crit|p2a: Vikavolt
|-damage|p2a: Vikavolt|36/100
|move|p2a: Vikavolt|Volt Switch|p1a: Lickilicky
|-damage|p1a: Lickilicky|39/100
|
|t:|1618525037
|switch|p2a: Tsareena|Tsareena, F, shiny|100/100|[from]move: Volt Switch
|
|upkeep
|turn|10
|
|t:|1618525049
|switch|p1a: Avalugg|Avalugg, M|80/100
|-activate|p1a: Avalugg|move: Sticky Web
|-unboost|p1a: Avalugg|spe|1
|move|p2a: Tsareena|Power Whip|p1a: Avalugg
|-damage|p1a: Avalugg|54/100
|
|upkeep
|turn|11
|inactive|Slayerboy752 has 120 seconds left.
|
|t:|1618525067
|switch|p2a: Jellicent|Jellicent, F|72/100 tox
|move|p1a: Avalugg|Recover|p1a: Avalugg
|-heal|p1a: Avalugg|100/100
|
|-damage|p2a: Jellicent|66/100 tox|[from] psn
|upkeep
|turn|12
|inactive|Slayerboy752 has 120 seconds left.
|
|t:|1618525085
|switch|p1a: Gourgeist|Gourgeist-Super, M|100/100
|-activate|p1a: Gourgeist|move: Sticky Web
|-unboost|p1a: Gourgeist|spe|1
|-item|p2a: Jellicent|Life Orb|[from] ability: Frisk|[of] p1a: Gourgeist|[identify]
|move|p2a: Jellicent|Hydro Pump|p1a: Gourgeist
|-resisted|p1a: Gourgeist
|-damage|p1a: Gourgeist|69/100
|-damage|p2a: Jellicent|56/100 tox|[from] item: Life Orb
|
|-heal|p1a: Gourgeist|75/100|[from] item: Leftovers
|-damage|p2a: Jellicent|44/100 tox|[from] psn
|upkeep
|turn|13
|inactive|Slayerboy752 has 120 seconds left.
|
|t:|1618525099
|move|p1a: Gourgeist|Shadow Sneak|p2a: Jellicent
|-supereffective|p2a: Jellicent
|-damage|p2a: Jellicent|0 fnt
|faint|p2a: Jellicent
|
|-heal|p1a: Gourgeist|82/100|[from] item: Leftovers
|upkeep
|
|t:|1618525105
|switch|p2a: Alcremie|Alcremie-Lemon-Cream, F|100/100
|turn|14
|inactive|Slayerboy752 has 120 seconds left.
|
|t:|1618525120
|switch|p1a: Lickilicky|Lickilicky, M|39/100
|-activate|p1a: Lickilicky|move: Sticky Web
|-unboost|p1a: Lickilicky|spe|1
|-ability|p1a: Lickilicky|Cloud Nine
|move|p2a: Alcremie|Mystical Fire|p1a: Lickilicky
|-damage|p1a: Lickilicky|28/100
|-unboost|p1a: Lickilicky|spa|1
|
|upkeep
|turn|15
|inactive|Slayerboy752 has 120 seconds left.
|
|t:|1618525129
|move|p2a: Alcremie|Calm Mind|p2a: Alcremie
|-boost|p2a: Alcremie|spa|1
|-boost|p2a: Alcremie|spd|1
|move|p1a: Lickilicky|Explosion|p2a: Alcremie
|-damage|p2a: Alcremie|2/100
|faint|p1a: Lickilicky
|
|-heal|p2a: Alcremie|9/100|[from] item: Leftovers
|upkeep
|inactive|Slayerboy752 has 120 seconds left.
|
|t:|1618525139
|switch|p1a: Gourgeist|Gourgeist-Super, M|82/100
|-activate|p1a: Gourgeist|move: Sticky Web
|-unboost|p1a: Gourgeist|spe|1
|-item|p2a: Alcremie|Leftovers|[from] ability: Frisk|[of] p1a: Gourgeist|[identify]
|turn|16
|
|t:|1618525144
|move|p1a: Gourgeist|Shadow Sneak|p2a: Alcremie
|-damage|p2a: Alcremie|0 fnt
|faint|p2a: Alcremie
|
|-heal|p1a: Gourgeist|88/100|[from] item: Leftovers
|upkeep
|
|t:|1618525151
|switch|p2a: Passimian|Passimian, F|27/100
|turn|17
|
|t:|1618525167
|switch|p1a: Avalugg|Avalugg, M|100/100
|-activate|p1a: Avalugg|move: Sticky Web
|-unboost|p1a: Avalugg|spe|1
|move|p2a: Passimian|Knock Off|p1a: Avalugg
|-damage|p1a: Avalugg|88/100
|
|upkeep
|turn|18
|j| rdgfhjlkoa
|inactive|Slayerboy752 has 120 seconds left.
|
|t:|1618525199
|switch|p2a: Vikavolt|Vikavolt, F, shiny|36/100
|move|p1a: Avalugg|Toxic|p2a: Vikavolt
|-status|p2a: Vikavolt|tox
|
|-damage|p2a: Vikavolt|30/100 tox|[from] psn
|upkeep
|turn|19
|inactive|Slayerboy752 has 120 seconds left.
|
|t:|1618525210
|switch|p1a: Gourgeist|Gourgeist-Super, M|88/100
|-activate|p1a: Gourgeist|move: Sticky Web
|-unboost|p1a: Gourgeist|spe|1
|move|p2a: Vikavolt|Bug Buzz|p1a: Gourgeist
|-damage|p1a: Gourgeist|42/100
|-unboost|p1a: Gourgeist|spd|1
|
|-heal|p1a: Gourgeist|48/100|[from] item: Leftovers
|-damage|p2a: Vikavolt|17/100 tox|[from] psn
|upkeep
|turn|20
|inactive|Slayerboy752 has 120 seconds left.
|
|t:|1618525221
|move|p1a: Gourgeist|Shadow Sneak|p2a: Vikavolt
|-damage|p2a: Vikavolt|3/100 tox
|move|p2a: Vikavolt|Bug Buzz|p1a: Gourgeist
|-damage|p1a: Gourgeist|0 fnt
|faint|p1a: Gourgeist
|
|-damage|p2a: Vikavolt|0 fnt|[from] psn
|faint|p2a: Vikavolt
|upkeep
|inactive|Slayerboy752 has 120 seconds left.
|inactive|ChickieNuggs has 120 seconds left.
|
|t:|1618525253
|switch|p1a: Avalugg|Avalugg, M|88/100
|switch|p2a: Passimian|Passimian, F|27/100
|-activate|p1a: Avalugg|move: Sticky Web
|-unboost|p1a: Avalugg|spe|1
|turn|21
|
|t:|1618525266
|move|p2a: Passimian|Close Combat|p1a: Avalugg
|-supereffective|p1a: Avalugg
|-damage|p1a: Avalugg|19/100
|-unboost|p2a: Passimian|def|1
|-unboost|p2a: Passimian|spd|1
|move|p1a: Avalugg|Recover|p1a: Avalugg
|-heal|p1a: Avalugg|69/100
|
|upkeep
|turn|22
|
|t:|1618525271
|switch|p1a: Charizard|Charizard, F|100/100
|move|p2a: Passimian|Close Combat|p1a: Charizard
|-resisted|p1a: Charizard
|-damage|p1a: Charizard|39/100
|-unboost|p2a: Passimian|def|1
|-unboost|p2a: Passimian|spd|1
|
|upkeep
|turn|23
|
|t:|1618525296
|move|p1a: Charizard|Air Slash|p2a: Passimian
|-supereffective|p2a: Passimian
|-damage|p2a: Passimian|0 fnt
|faint|p2a: Passimian
|
|upkeep
|
|t:|1618525298
|switch|p2a: Fraxure|Fraxure, M|100/100
|-ability|p2a: Fraxure|Mold Breaker
|turn|24
|inactive|Slayerboy752 has 90 seconds left.
|
|t:|1618525342
|switch|p1a: Avalugg|Avalugg, M|69/100
|-activate|p1a: Avalugg|move: Sticky Web
|-unboost|p1a: Avalugg|spe|1
|move|p2a: Fraxure|Poison Jab|p1a: Avalugg
|-damage|p1a: Avalugg|59/100
|
|upkeep
|turn|25
|
|t:|1618525350
|switch|p2a: Tsareena|Tsareena, F, shiny|100/100
|move|p1a: Avalugg|Recover|p1a: Avalugg
|-heal|p1a: Avalugg|100/100
|
|upkeep
|turn|26
|-message|ChickieNuggs forfeited.
|
|win|Slayerboy752
|raw|Slayerboy752's rating: 1425 &rarr; <strong>1442</strong><br />(+17 for winning)
|raw|ChickieNuggs's rating: 1364 &rarr; <strong>1347</strong><br />(-17 for losing)
|l|☆ChickieNuggs
||Ladder isn't responding, score probably updated but might not have (Request timeout).
