|j|☆cafay olay
|j|☆chchchia
|t:|1625645261
|gametype|singles
|player|p1|cafay olay|swimmer-gen4dp|1436
|player|p2|chchchia|266|1332
|teamsize|p1|6
|teamsize|p2|6
|gen|8
|tier|[Gen 8] PU
|rated|
|rule|Sleep Clause Mod: Limit one foe put to sleep
|rule|Species Clause: Limit one of each Pokémon
|rule|OHKO Clause: OHKO moves are banned
|rule|Evasion Moves Clause: Evasion moves are banned
|rule|Endless Battle Clause: Forcing endless battles is banned
|rule|HP Percentage Mod: HP is shown in percentages
|rule|Dynamax Clause: You cannot dynamax
|clearpoke
|poke|p1|Passimian, F|
|poke|p1|Charizard, M|
|poke|p1|Sandaconda, M|
|poke|p1|Silvally-*|
|poke|p1|Lanturn, F|
|poke|p1|Trevenant, F|
|poke|p2|Pyukumuku, M|
|poke|p2|Sableye, M|
|poke|p2|Aromatisse, F|
|poke|p2|Hattrem, F|
|poke|p2|Tsareena, F|
|poke|p2|Cradily, F|
|teampreview
|inactive|Battle timer is ON: inactive players will automatically lose when time's up. (requested by chchchia)
|c|☆cafay olay|fun..
|
|t:|1625645293
|start
|switch|p1a: Silvally|Silvally-Steel|100/100
|switch|p2a: Cradily|Cradily, F, shiny|100/100
|turn|1
|
|t:|1625645299
|move|p1a: Silvally|Multi-Attack|p2a: Cradily
|-supereffective|p2a: Cradily
|-damage|p2a: Cradily|7/100
|move|p2a: Cradily|Stealth Rock|p1a: Silvally
|-sidestart|p1: cafay olay|move: Stealth Rock
|
|-heal|p2a: Cradily|14/100|[from] item: Leftovers
|upkeep
|turn|2
|
|t:|1625645309
|switch|p2a: Sableye|Sableye, M|100/100
|move|p1a: Silvally|Defog|p2a: Sableye
|-unboost|p2a: Sableye|evasion|1
|-sideend|p1: cafay olay|Stealth Rock|[from] move: Defog|[of] p1a: Silvally
|
|upkeep
|turn|3
|
|t:|1625645317
|move|p1a: Silvally|Toxic|p2a: Sableye
|-status|p2a: Sableye|tox
|move|p2a: Sableye|Knock Off|p1a: Silvally
|-damage|p1a: Silvally|82/100
|
|-damage|p2a: Sableye|94/100 tox|[from] psn
|upkeep
|turn|4
|
|t:|1625645326
|switch|p1a: Charizard|Charizard, M|100/100
|switch|p2a: Tsareena|Tsareena, F, shiny|100/100
|
|upkeep
|turn|5
|
|t:|1625645333
|switch|p2a: Aromatisse|Aromatisse, F|100/100
|move|p1a: Charizard|Flamethrower|p2a: Aromatisse
|-damage|p2a: Aromatisse|71/100
|
|-heal|p2a: Aromatisse|78/100|[from] item: Leftovers
|upkeep
|turn|6
|
|t:|1625645341
|switch|p1a: Silvally|Silvally-Steel|82/100
|move|p2a: Aromatisse|Aromatherapy|p2a: Aromatisse
|-activate|p2a: Aromatisse|move: Aromatherapy
|-curestatus|p2: Sableye|tox|[msg]
|
|-heal|p2a: Aromatisse|84/100|[from] item: Leftovers
|upkeep
|turn|7
|
|t:|1625645348
|move|p2a: Aromatisse|Protect|p2a: Aromatisse
|-singleturn|p2a: Aromatisse|Protect
|move|p1a: Silvally|Multi-Attack|p2a: Aromatisse
|-activate|p2a: Aromatisse|move: Protect
|
|-heal|p2a: Aromatisse|90/100|[from] item: Leftovers
|upkeep
|turn|8
|
|t:|1625645358
|switch|p2a: Hattrem|Hattrem, F, shiny|100/100
|move|p1a: Silvally|Multi-Attack|p2a: Hattrem
|-damage|p2a: Hattrem|65/100
|
|upkeep
|turn|9
|
|t:|1625645378
|move|p1a: Silvally|Multi-Attack|p2a: Hattrem
|-damage|p2a: Hattrem|31/100
|move|p2a: Hattrem|Rest|p2a: Hattrem
|-status|p2a: Hattrem|slp|[from] move: Rest
|-heal|p2a: Hattrem|100/100 slp|[silent]
|
|upkeep
|turn|10
|
|t:|1625645392
|switch|p1a: Trevenant|Trevenant, F|100/100
|switch|p2a: Sableye|Sableye, M|94/100
|
|-heal|p2a: Sableye|100/100|[from] item: Leftovers
|upkeep
|turn|11
|
|t:|1625645402
|switch|p1a: Charizard|Charizard, M|100/100
|move|p2a: Sableye|Knock Off|p1a: Charizard
|-damage|p1a: Charizard|63/100
|-enditem|p1a: Charizard|Heavy-Duty Boots|[from] move: Knock Off|[of] p2a: Sableye
|
|upkeep
|turn|12
|
|t:|1625645414
|switch|p2a: Aromatisse|Aromatisse, F|90/100
|move|p1a: Charizard|Flamethrower|p2a: Aromatisse
|-damage|p2a: Aromatisse|60/100
|
|-heal|p2a: Aromatisse|67/100|[from] item: Leftovers
|upkeep
|turn|13
|
|t:|1625645420
|switch|p1a: Silvally|Silvally-Steel|82/100
|move|p2a: Aromatisse|Wish|p2a: Aromatisse
|
|-heal|p2a: Aromatisse|73/100|[from] item: Leftovers
|upkeep
|turn|14
|
|t:|1625645430
|move|p2a: Aromatisse|Protect|p2a: Aromatisse
|-singleturn|p2a: Aromatisse|Protect
|move|p1a: Silvally|Toxic|p2a: Aromatisse
|-activate|p2a: Aromatisse|move: Protect
|
|-heal|p2a: Aromatisse|100/100|[from] move: Wish|[wisher] Aromatisse
|upkeep
|turn|15
|
|t:|1625645437
|switch|p2a: Tsareena|Tsareena, F, shiny|100/100
|move|p1a: Silvally|Multi-Attack|p2a: Tsareena
|-damage|p2a: Tsareena|64/100
|
|-heal|p2a: Tsareena|70/100|[from] item: Leftovers
|upkeep
|turn|16
|
|t:|1625645450
|move|p1a: Silvally|Toxic|p2a: Tsareena
|-status|p2a: Tsareena|tox
|move|p2a: Tsareena|Synthesis|p2a: Tsareena
|-heal|p2a: Tsareena|100/100 tox
|
|-damage|p2a: Tsareena|94/100 tox|[from] psn
|upkeep
|turn|17
|
|t:|1625645457
|switch|p1a: Passimian|Passimian, F|100/100
|move|p2a: Tsareena|Aromatherapy|p2a: Tsareena
|-activate|p2a: Tsareena|move: Aromatherapy
|-curestatus|p2a: Tsareena|tox|[msg]
|-curestatus|p2: Hattrem|slp|[msg]
|
|-heal|p2a: Tsareena|100/100|[from] item: Leftovers
|upkeep
|turn|18
|
|t:|1625645463
|switch|p2a: Aromatisse|Aromatisse, F|100/100
|move|p1a: Passimian|U-turn|p2a: Aromatisse
|-resisted|p2a: Aromatisse
|-damage|p2a: Aromatisse|89/100
|
|t:|1625645469
|switch|p1a: Silvally|Silvally-Steel|82/100|[from]move: U-turn
|
|-heal|p2a: Aromatisse|96/100|[from] item: Leftovers
|upkeep
|turn|19
|
|t:|1625645477
|switch|p2a: Tsareena|Tsareena, F, shiny|100/100
|move|p1a: Silvally|Flamethrower|p2a: Tsareena
|-supereffective|p2a: Tsareena
|-damage|p2a: Tsareena|63/100
|
|-heal|p2a: Tsareena|69/100|[from] item: Leftovers
|upkeep
|turn|20
|
|t:|1625645485
|move|p1a: Silvally|Flamethrower|p2a: Tsareena
|-supereffective|p2a: Tsareena
|-damage|p2a: Tsareena|30/100
|move|p2a: Tsareena|Trop Kick|p1a: Silvally
|-resisted|p1a: Silvally
|-damage|p1a: Silvally|68/100
|-unboost|p1a: Silvally|atk|1
|
|-heal|p2a: Tsareena|36/100|[from] item: Leftovers
|upkeep
|turn|21
|
|t:|1625645492
|switch|p2a: Aromatisse|Aromatisse, F|96/100
|move|p1a: Silvally|Flamethrower|p2a: Aromatisse
|-damage|p2a: Aromatisse|83/100
|
|-heal|p2a: Aromatisse|89/100|[from] item: Leftovers
|upkeep
|turn|22
|
|t:|1625645498
|move|p1a: Silvally|Toxic|p2a: Aromatisse
|-status|p2a: Aromatisse|tox
|move|p2a: Aromatisse|Wish|p2a: Aromatisse
|
|-heal|p2a: Aromatisse|96/100 tox|[from] item: Leftovers
|-damage|p2a: Aromatisse|89/100 tox|[from] psn
|upkeep
|turn|23
|
|t:|1625645509
|move|p1a: Silvally|Flamethrower|p2a: Aromatisse
|-damage|p2a: Aromatisse|77/100 tox
|move|p2a: Aromatisse|Aromatherapy|p2a: Aromatisse
|-activate|p2a: Aromatisse|move: Aromatherapy
|-curestatus|p2a: Aromatisse|tox|[msg]
|
|-heal|p2a: Aromatisse|100/100|[from] move: Wish|[wisher] Aromatisse
|upkeep
|turn|24
|
|t:|1625645515
|move|p1a: Silvally|Toxic|p2a: Aromatisse
|-status|p2a: Aromatisse|tox
|move|p2a: Aromatisse|Wish|p2a: Aromatisse
|
|-damage|p2a: Aromatisse|94/100 tox|[from] psn
|upkeep
|turn|25
|
|t:|1625645526
|move|p1a: Silvally|Flamethrower|p2a: Aromatisse
|-damage|p2a: Aromatisse|82/100 tox
|move|p2a: Aromatisse|Aromatherapy|p2a: Aromatisse
|-activate|p2a: Aromatisse|move: Aromatherapy
|-curestatus|p2a: Aromatisse|tox|[msg]
|
|-heal|p2a: Aromatisse|100/100|[from] move: Wish|[wisher] Aromatisse
|upkeep
|turn|26
|
|t:|1625645532
|switch|p2a: Hattrem|Hattrem, F, shiny|100/100
|move|p1a: Silvally|Toxic|p2a: Hattrem
|move|p2a: Hattrem|Toxic|p1a: Silvally|[from]ability: Magic Bounce
|-immune|p1a: Silvally
|
|upkeep
|turn|27
|
|t:|1625645538
|switch|p1a: Trevenant|Trevenant, F|100/100
|move|p2a: Hattrem|Psyshock|p1a: Trevenant
|-damage|p1a: Trevenant|66/100
|
|upkeep
|turn|28
|inactive|cafay olay has 120 seconds left.
|inactive|cafay olay has 90 seconds left.
|
|t:|1625645601
|switch|p2a: Sableye|Sableye, M|100/100
|move|p1a: Trevenant|Poltergeist|p2a: Sableye
|-activate|p2a: Sableye|move: Poltergeist|Leftovers
|-damage|p2a: Sableye|18/100
|
|-heal|p2a: Sableye|24/100|[from] item: Leftovers
|upkeep
|turn|29
|
|t:|1625645614
|move|p2a: Sableye|Will-O-Wisp|p1a: Trevenant
|-status|p1a: Trevenant|brn
|move|p1a: Trevenant|Poltergeist|p2a: Sableye
|-activate|p2a: Sableye|move: Poltergeist|Leftovers
|-damage|p2a: Sableye|0 fnt
|faint|p2a: Sableye
|
|-damage|p1a: Trevenant|59/100 brn|[from] brn
|upkeep
|
|t:|1625645620
|switch|p2a: Tsareena|Tsareena, F, shiny|36/100
|turn|30
|
|t:|1625645623
|switch|p1a: Charizard|Charizard, M|63/100
|move|p2a: Tsareena|Synthesis|p2a: Tsareena
|-heal|p2a: Tsareena|86/100
|
|-heal|p2a: Tsareena|92/100|[from] item: Leftovers
|upkeep
|turn|31
|inactive|cafay olay has 120 seconds left.
|
|t:|1625645630
|switch|p2a: Aromatisse|Aromatisse, F|100/100
|move|p1a: Charizard|Flamethrower|p2a: Aromatisse
|-damage|p2a: Aromatisse|71/100
|
|-heal|p2a: Aromatisse|78/100|[from] item: Leftovers
|upkeep
|turn|32
|inactive|cafay olay has 120 seconds left.
|
|t:|1625645644
|move|p1a: Charizard|Air Slash|p2a: Aromatisse
|-damage|p2a: Aromatisse|52/100
|cant|p2a: Aromatisse|flinch
|
|-heal|p2a: Aromatisse|58/100|[from] item: Leftovers
|upkeep
|turn|33
|
|t:|1625645653
|move|p1a: Charizard|Toxic|p2a: Aromatisse
|-status|p2a: Aromatisse|tox
|move|p2a: Aromatisse|Wish|p2a: Aromatisse
|
|-heal|p2a: Aromatisse|65/100 tox|[from] item: Leftovers
|-damage|p2a: Aromatisse|58/100 tox|[from] psn
|upkeep
|turn|34
|
|t:|1625645658
|move|p1a: Charizard|Air Slash|p2a: Aromatisse
|-damage|p2a: Aromatisse|32/100 tox
|cant|p2a: Aromatisse|flinch
|
|-heal|p2a: Aromatisse|82/100 tox|[from] move: Wish|[wisher] Aromatisse
|-heal|p2a: Aromatisse|88/100 tox|[from] item: Leftovers
|-damage|p2a: Aromatisse|76/100 tox|[from] psn
|upkeep
|turn|35
|
|t:|1625645665
|switch|p1a: Silvally|Silvally-Steel|68/100
|switch|p2a: Pyukumuku|Pyukumuku, M|100/100
|
|upkeep
|turn|36
|
|t:|1625645671
|switch|p1a: Trevenant|Trevenant, F|59/100
|switch|p2a: Hattrem|Hattrem, F, shiny|100/100
|
|upkeep
|turn|37
|
|t:|1625645686
|switch|p2a: Cradily|Cradily, F, shiny|14/100
|move|p1a: Trevenant|Poltergeist|p2a: Cradily
|-activate|p2a: Cradily|move: Poltergeist|Leftovers
|-damage|p2a: Cradily|0 fnt
|faint|p2a: Cradily
|
|upkeep
|
|t:|1625645692
|switch|p2a: Tsareena|Tsareena, F, shiny|92/100
|turn|38
|
|t:|1625645699
|switch|p1a: Charizard|Charizard, M|63/100
|move|p2a: Tsareena|Trop Kick|p1a: Charizard
|-resisted|p1a: Charizard
|-damage|p1a: Charizard|53/100
|-unboost|p1a: Charizard|atk|1
|
|-heal|p2a: Tsareena|98/100|[from] item: Leftovers
|upkeep
|turn|39
|
|t:|1625645711
|switch|p2a: Hattrem|Hattrem, F, shiny|100/100
|move|p1a: Charizard|Flamethrower|p2a: Hattrem
|-damage|p2a: Hattrem|64/100
|-status|p2a: Hattrem|brn
|
|-damage|p2a: Hattrem|58/100 brn|[from] brn
|upkeep
|turn|40
|
|t:|1625645719
|switch|p1a: Passimian|Passimian, F|100/100
|move|p2a: Hattrem|Rest|p2a: Hattrem
|-status|p2a: Hattrem|slp|[from] move: Rest
|-heal|p2a: Hattrem|100/100 slp|[silent]
|
|upkeep
|turn|41
|
|t:|1625645728
|switch|p2a: Tsareena|Tsareena, F, shiny|98/100
|move|p1a: Passimian|U-turn|p2a: Tsareena
|-supereffective|p2a: Tsareena
|-damage|p2a: Tsareena|61/100
|
|t:|1625645734
|switch|p1a: Charizard|Charizard, M|53/100|[from]move: U-turn
|
|-heal|p2a: Tsareena|67/100|[from] item: Leftovers
|upkeep
|turn|42
|
|t:|1625645739
|switch|p2a: Pyukumuku|Pyukumuku, M|100/100
|move|p1a: Charizard|Flamethrower|p2a: Pyukumuku
|-resisted|p2a: Pyukumuku
|-damage|p2a: Pyukumuku|85/100
|
|-heal|p2a: Pyukumuku|91/100|[from] item: Leftovers
|upkeep
|turn|43
|
|t:|1625645744
|switch|p1a: Trevenant|Trevenant, F|59/100
|switch|p2a: Aromatisse|Aromatisse, F|76/100 tox
|
|-heal|p2a: Aromatisse|82/100 tox|[from] item: Leftovers
|-damage|p2a: Aromatisse|76/100 tox|[from] psn
|upkeep
|turn|44
|
|t:|1625645751
|switch|p2a: Tsareena|Tsareena, F, shiny|67/100
|move|p1a: Trevenant|Horn Leech|p2a: Tsareena
|-resisted|p2a: Tsareena
|-damage|p2a: Tsareena|45/100
|-heal|p1a: Trevenant|72/100|[from] drain|[of] p2a: Tsareena
|
|-heal|p2a: Tsareena|51/100|[from] item: Leftovers
|upkeep
|turn|45
|
|t:|1625645755
|switch|p1a: Charizard|Charizard, M|53/100
|move|p2a: Tsareena|Trop Kick|p1a: Charizard
|-resisted|p1a: Charizard
|-damage|p1a: Charizard|43/100
|-unboost|p1a: Charizard|atk|1
|
|-heal|p2a: Tsareena|57/100|[from] item: Leftovers
|upkeep
|turn|46
|
|t:|1625645761
|switch|p2a: Pyukumuku|Pyukumuku, M|91/100
|move|p1a: Charizard|Air Slash|p2a: Pyukumuku
|-damage|p2a: Pyukumuku|61/100
|
|-heal|p2a: Pyukumuku|67/100|[from] item: Leftovers
|upkeep
|turn|47
|
|t:|1625645766
|switch|p1a: Trevenant|Trevenant, F|72/100
|move|p2a: Pyukumuku|Recover|p2a: Pyukumuku
|-heal|p2a: Pyukumuku|100/100
|
|upkeep
|turn|48
|
|t:|1625645774
|switch|p2a: Tsareena|Tsareena, F, shiny|57/100
|move|p1a: Trevenant|Horn Leech|p2a: Tsareena
|-resisted|p2a: Tsareena
|-damage|p2a: Tsareena|35/100
|-heal|p1a: Trevenant|84/100|[from] drain|[of] p2a: Tsareena
|
|-heal|p2a: Tsareena|41/100|[from] item: Leftovers
|upkeep
|turn|49
|
|t:|1625645788
|switch|p1a: Passimian|Passimian, F|100/100
|move|p2a: Tsareena|Synthesis|p2a: Tsareena
|-heal|p2a: Tsareena|91/100
|
|-heal|p2a: Tsareena|97/100|[from] item: Leftovers
|upkeep
|turn|50
|
|t:|1625645793
|move|p1a: Passimian|U-turn|p2a: Tsareena
|-supereffective|p2a: Tsareena
|-damage|p2a: Tsareena|59/100
|
|t:|1625645796
|switch|p1a: Charizard|Charizard, M|43/100|[from]move: U-turn
|move|p2a: Tsareena|Trop Kick|p1a: Charizard
|-resisted|p1a: Charizard
|-damage|p1a: Charizard|33/100
|-unboost|p1a: Charizard|atk|1
|
|-heal|p2a: Tsareena|65/100|[from] item: Leftovers
|upkeep
|turn|51
|
|t:|1625645803
|switch|p2a: Pyukumuku|Pyukumuku, M|100/100
|move|p1a: Charizard|Flamethrower|p2a: Pyukumuku
|-resisted|p2a: Pyukumuku
|-damage|p2a: Pyukumuku|76/100
|-status|p2a: Pyukumuku|brn
|
|-heal|p2a: Pyukumuku|82/100 brn|[from] item: Leftovers
|-damage|p2a: Pyukumuku|76/100 brn|[from] brn
|upkeep
|turn|52
|
|t:|1625645810
|switch|p1a: Trevenant|Trevenant, F|84/100
|move|p2a: Pyukumuku|Toxic|p1a: Trevenant|[miss]
|-miss|p2a: Pyukumuku|p1a: Trevenant
|
|-heal|p2a: Pyukumuku|82/100 brn|[from] item: Leftovers
|-damage|p2a: Pyukumuku|76/100 brn|[from] brn
|upkeep
|turn|53
|
|t:|1625645819
|switch|p2a: Tsareena|Tsareena, F, shiny|65/100
|move|p1a: Trevenant|Poltergeist|p2a: Tsareena
|-activate|p2a: Tsareena|move: Poltergeist|Leftovers
|-damage|p2a: Tsareena|2/100
|
|-heal|p2a: Tsareena|8/100|[from] item: Leftovers
|upkeep
|turn|54
|
|t:|1625645826
|move|p1a: Trevenant|Poltergeist|p2a: Tsareena
|-activate|p2a: Tsareena|move: Poltergeist|Leftovers
|-damage|p2a: Tsareena|0 fnt
|faint|p2a: Tsareena
|
|upkeep
|
|t:|1625645838
|switch|p2a: Aromatisse|Aromatisse, F|76/100 tox
|turn|55
|
|t:|1625645843
|move|p1a: Trevenant|Poltergeist|p2a: Aromatisse
|-activate|p2a: Aromatisse|move: Poltergeist|Leftovers
|-damage|p2a: Aromatisse|0 fnt
|faint|p2a: Aromatisse
|
|upkeep
|
|t:|1625645850
|switch|p2a: Pyukumuku|Pyukumuku, M|76/100 brn
|turn|56
|
|t:|1625645854
|switch|p1a: Lanturn|Lanturn, F|100/100
|move|p2a: Pyukumuku|Soak|p1a: Lanturn
|-start|p1a: Lanturn|typechange|Water
|
|-heal|p2a: Pyukumuku|82/100 brn|[from] item: Leftovers
|-damage|p2a: Pyukumuku|76/100 brn|[from] brn
|upkeep
|turn|57
|
|t:|1625645867
|move|p1a: Lanturn|Volt Switch|p2a: Pyukumuku
|-supereffective|p2a: Pyukumuku
|-damage|p2a: Pyukumuku|56/100 brn
|
|t:|1625645871
|switch|p1a: Trevenant|Trevenant, F|84/100|[from]move: Volt Switch
|move|p2a: Pyukumuku|Toxic|p1a: Trevenant|[miss]
|-miss|p2a: Pyukumuku|p1a: Trevenant
|
|-heal|p2a: Pyukumuku|62/100 brn|[from] item: Leftovers
|-damage|p2a: Pyukumuku|56/100 brn|[from] brn
|upkeep
|turn|58
|
|t:|1625645877
|move|p1a: Trevenant|Wood Hammer|p2a: Pyukumuku
|-supereffective|p2a: Pyukumuku
|-damage|p2a: Pyukumuku|0 fnt
|faint|p2a: Pyukumuku
|-damage|p1a: Trevenant|66/100|[from] Recoil
|
|upkeep
|
|t:|1625645880
|switch|p2a: Hattrem|Hattrem, F, shiny|100/100 slp
|turn|59
|
|t:|1625645886
|switch|p1a: Charizard|Charizard, M|33/100
|cant|p2a: Hattrem|slp
|move|p2a: Hattrem|Sleep Talk|p2a: Hattrem
|move|p2a: Hattrem|Rest||[from]move: Sleep Talk|[still]
|-fail|p2a: Hattrem
|
|upkeep
|turn|60
|
|t:|1625645893
|switch|p1a: Trevenant|Trevenant, F|66/100
|cant|p2a: Hattrem|slp
|move|p2a: Hattrem|Sleep Talk|p2a: Hattrem
|move|p2a: Hattrem|Calm Mind|p2a: Hattrem|[from]move: Sleep Talk
|-boost|p2a: Hattrem|spa|1
|-boost|p2a: Hattrem|spd|1
|
|upkeep
|turn|61
|
|t:|1625645898
|move|p1a: Trevenant|Poltergeist|p2a: Hattrem
|-activate|p2a: Hattrem|move: Poltergeist|Eviolite
|-supereffective|p2a: Hattrem
|-damage|p2a: Hattrem|0 fnt
|faint|p2a: Hattrem
|
|win|cafay olay
|raw|cafay olay's rating: 1436 &rarr; <strong>1450</strong><br />(+14 for winning)
|raw|chchchia's rating: 1332 &rarr; <strong>1318</strong><br />(-14 for losing)
|l|☆chchchia
