|j|☆Combaetilics
|j|☆Uberfiend
|t:|1612476417
|player|p1|Combaetilics|203|1515
|player|p2|Uberfiend|youngcouple-gen4dp|1361
|teamsize|p1|6
|teamsize|p2|6
|gametype|singles
|gen|8
|tier|[Gen 8] PU
|rated|
|clearpoke
|poke|p1|Hitmonlee, M|
|poke|p1|Absol, F|
|poke|p1|Weezing, F|
|poke|p1|Claydol|
|poke|p1|Heliolisk, M|
|poke|p1|Scyther, F|
|poke|p2|Whimsicott, M|
|poke|p2|Archeops, M|
|poke|p2|Hitmontop, M|
|poke|p2|Braviary, M|
|poke|p2|Druddigon, F|
|poke|p2|Accelgor, M|
|rule|Sleep Clause Mod: Limit one foe put to sleep
|rule|Species Clause: Limit one of each Pokémon
|rule|OHKO Clause: OHKO moves are banned
|rule|Evasion Moves Clause: Evasion moves are banned
|rule|Endless Battle Clause: Forcing endless battles is banned
|rule|HP Percentage Mod: HP is shown in percentages
|rule|Dynamax Clause: You cannot dynamax
|teampreview
|
|t:|1612476424
|start
|switch|p1a: Scyther|Scyther, F|100/100
|switch|p2a: Main character|Druddigon, F|100/100
|-ability|p2a: Main character|Mold Breaker
|turn|1
|inactive|Battle timer is ON: inactive players will automatically lose when time's up. (requested by Combaetilics)
|
|t:|1612476429
|move|p1a: Scyther|U-turn|p2a: Main character
|-damage|p2a: Main character|60/100
|
|t:|1612476433
|switch|p1a: Claydol|Claydol|100/100|[from]move: U-turn
|move|p2a: Main character|Glare|p1a: Claydol
|-status|p1a: Claydol|par
|
|upkeep
|turn|2
|
|t:|1612476438
|move|p2a: Main character|Stealth Rock|p1a: Claydol
|-sidestart|p1: Combaetilics|move: Stealth Rock
|move|p1a: Claydol|Stealth Rock|p2a: Main character
|-sidestart|p2: Uberfiend|move: Stealth Rock
|
|upkeep
|turn|3
|
|t:|1612476442
|move|p1a: Claydol|Rapid Spin|p2a: Main character
|-damage|p2a: Main character|54/100
|-boost|p1a: Claydol|spe|1
|-sideend|p1: Combaetilics|Stealth Rock|[from] move: Rapid Spin|[of] p1a: Claydol
|move|p2a: Main character|Dragon Tail|p1a: Claydol
|-damage|p1a: Claydol|70/100 par
|drag|p1a: Heliolisk|Heliolisk, M|100/100
|
|upkeep
|turn|4
|
|t:|1612476450
|move|p1a: Heliolisk|Hyper Voice|p2a: Main character
|-damage|p2a: Main character|0 fnt
|faint|p2a: Main character
|
|upkeep
|
|t:|1612476454
|switch|p2a: Eddy|Hitmontop, M|100/100
|-damage|p2a: Eddy|95/100|[from] Stealth Rock
|turn|5
|
|t:|1612476459
|move|p1a: Heliolisk|Hyper Voice|p2a: Eddy
|-damage|p2a: Eddy|51/100
|move|p2a: Eddy|Rapid Spin|p1a: Heliolisk
|-damage|p1a: Heliolisk|49/100
|-boost|p2a: Eddy|spe|1
|-sideend|p2: Uberfiend|Stealth Rock|[from] move: Rapid Spin|[of] p2a: Eddy
|
|upkeep
|turn|6
|
|t:|1612476466
|switch|p1a: Weezing|Weezing, F|100/100
|-ability|p1a: Weezing|Neutralizing Gas
|move|p2a: Eddy|Mach Punch|p1a: Weezing
|-resisted|p1a: Weezing
|-damage|p1a: Weezing|94/100
|-damage|p2a: Eddy|34/100|[from] item: Rocky Helmet|[of] p1a: Weezing
|
|upkeep
|turn|7
|
|t:|1612476473
|switch|p2a: Kawwl|Archeops, M|100/100
|move|p1a: Weezing|Toxic Spikes|p2a: Kawwl
|-sidestart|p2: Uberfiend|move: Toxic Spikes
|
|upkeep
|turn|8
|
|t:|1612476479
|move|p2a: Kawwl|Meteor Beam||[still]
|-prepare|p2a: Kawwl|Meteor Beam
|-boost|p2a: Kawwl|spa|1
|-enditem|p2a: Kawwl|Power Herb
|-anim|p2a: Kawwl|Meteor Beam|p1a: Weezing
|-damage|p1a: Weezing|0 fnt
|faint|p1a: Weezing
|-end|p1a: Weezing|ability: Neutralizing Gas
|
|upkeep
|
|t:|1612476496
|switch|p1a: Absol|Absol, F|100/100
|turn|9
|
|t:|1612476513
|move|p1a: Absol|Sucker Punch|p2a: Kawwl
|-damage|p2a: Kawwl|22/100
|move|p2a: Kawwl|Air Slash|p1a: Absol
|-damage|p1a: Absol|49/100
|
|upkeep
|turn|10
|
|t:|1612476520
|move|p2a: Kawwl|Meteor Beam||[still]
|-prepare|p2a: Kawwl|Meteor Beam
|-boost|p2a: Kawwl|spa|1
|move|p1a: Absol|Knock Off|p2a: Kawwl
|-damage|p2a: Kawwl|0 fnt
|faint|p2a: Kawwl
|
|upkeep
|
|t:|1612476530
|switch|p2a: Birdman|Braviary, M|100/100
|turn|11
|
|t:|1612476535
|move|p1a: Absol|Knock Off|p2a: Birdman
|-damage|p2a: Birdman|30/100
|-enditem|p2a: Birdman|Life Orb|[from] move: Knock Off|[of] p1a: Absol
|move|p2a: Birdman|Defog|p1a: Absol
|-unboost|p1a: Absol|evasion|1
|-sideend|p2: Uberfiend|Toxic Spikes|[from] move: Defog|[of] p2a: Birdman
|
|upkeep
|turn|12
|
|t:|1612476544
|move|p1a: Absol|Knock Off|p2a: Birdman
|-damage|p2a: Birdman|0 fnt
|faint|p2a: Birdman
|
|upkeep
|
|t:|1612476547
|switch|p2a: Ibuki|Accelgor, M|100/100
|turn|13
|
|t:|1612476551
|move|p2a: Ibuki|Bug Buzz|p1a: Absol
|-supereffective|p1a: Absol
|-damage|p1a: Absol|0 fnt
|-enditem|p2a: Ibuki|Throat Spray
|-boost|p2a: Ibuki|spa|1|[from] item: Throat Spray
|faint|p1a: Absol
|
|upkeep
|
|t:|1612476557
|switch|p1a: Scyther|Scyther, F|100/100
|turn|14
|
|t:|1612476565
|move|p2a: Ibuki|Water Shuriken|p1a: Scyther
|-damage|p1a: Scyther|89/100
|-damage|p1a: Scyther|79/100
|-hitcount|p1a: Scyther|2
|move|p1a: Scyther|U-turn|p2a: Ibuki
|-damage|p2a: Ibuki|32/100
|
|t:|1612476573
|switch|p1a: Hitmonlee|Hitmonlee, M|100/100|[from]move: U-turn
|
|upkeep
|turn|15
|
|t:|1612476576
|move|p2a: Ibuki|Focus Blast|p1a: Hitmonlee
|-damage|p1a: Hitmonlee|27/100
|move|p1a: Hitmonlee|Curse|p1a: Hitmonlee
|-unboost|p1a: Hitmonlee|spe|1
|-boost|p1a: Hitmonlee|atk|1
|-boost|p1a: Hitmonlee|def|1
|-enditem|p1a: Hitmonlee|White Herb
|-clearnegativeboost|p1a: Hitmonlee|[silent]
|
|upkeep
|turn|16
|
|t:|1612476585
|move|p2a: Ibuki|Energy Ball|p1a: Hitmonlee
|-damage|p1a: Hitmonlee|0 fnt
|faint|p1a: Hitmonlee
|
|upkeep
|
|t:|1612476595
|switch|p1a: Scyther|Scyther, F|79/100
|turn|17
|inactive|Uberfiend has 120 seconds left.
|
|t:|1612476627
|move|p1a: Scyther|Quick Attack|p2a: Ibuki
|-damage|p2a: Ibuki|0 fnt
|faint|p2a: Ibuki
|
|upkeep
|
|t:|1612476631
|switch|p2a: Surprise attack|Whimsicott, M|100/100
|turn|18
|
|t:|1612476635
|switch|p1a: Claydol|Claydol|70/100 par
|move|p2a: Surprise attack|Moonblast|p1a: Claydol
|-damage|p1a: Claydol|34/100 par
|
|-heal|p1a: Claydol|41/100 par|[from] item: Leftovers
|upkeep
|turn|19
|
|t:|1612476640
|move|p2a: Surprise attack|Energy Ball|p1a: Claydol
|-supereffective|p1a: Claydol
|-damage|p1a: Claydol|0 fnt
|faint|p1a: Claydol
|
|upkeep
|
|t:|1612476643
|switch|p1a: Scyther|Scyther, F|79/100
|turn|20
|
|t:|1612476646
|move|p2a: Surprise attack|Nature Power|p1a: Scyther
|move|p2a: Surprise attack|Tri Attack|p1a: Scyther|[from]move: Nature Power
|-damage|p1a: Scyther|45/100
|move|p1a: Scyther|Dual Wingbeat|p2a: Surprise attack|[miss]
|-miss|p1a: Scyther|p2a: Surprise attack
|
|upkeep
|turn|21
|
|t:|1612476654
|move|p2a: Surprise attack|Nature Power|p1a: Scyther
|move|p2a: Surprise attack|Tri Attack|p1a: Scyther|[from]move: Nature Power
|-damage|p1a: Scyther|13/100
|move|p1a: Scyther|Dual Wingbeat|p2a: Surprise attack|[miss]
|-miss|p1a: Scyther|p2a: Surprise attack
|
|upkeep
|turn|22
|c|☆Uberfiend|F
|c|☆Combaetilics|xddd
|-message|Combaetilics forfeited.
|
|win|Uberfiend
|l|☆Combaetilics
||Ladder (probably) updated, but score could not be retrieved (Request timeout).
