|raw|<div class="broadcast-blue"><strong>This battle is required to be public due to a player having a name starting with 'pult94d'.</div>
|j|☆PULT94d Mix
|j|☆superjester5
|t:|1628713064
|gametype|singles
|player|p1|PULT94d Mix|parasollady|1240
|player|p2|superjester5|266|1347
|teamsize|p1|6
|teamsize|p2|6
|gen|8
|tier|[Gen 8] PU
|rated|
|rule|Sleep Clause Mod: Limit one foe put to sleep
|rule|Species Clause: Limit one of each Pokémon
|rule|OHKO Clause: OHKO moves are banned
|rule|Evasion Moves Clause: Evasion moves are banned
|rule|Endless Battle Clause: Forcing endless battles is banned
|rule|HP Percentage Mod: HP is shown in percentages
|rule|Dynamax Clause: You cannot dynamax
|clearpoke
|poke|p1|Articuno-Galar|
|poke|p1|Silvally-*|
|poke|p1|Lanturn, M|
|poke|p1|Stunfisk-Galar, F|
|poke|p1|Whimsicott, M|
|poke|p1|Passimian, M|
|poke|p2|Drifblim, M|
|poke|p2|Rapidash, M|
|poke|p2|Drampa, M|
|poke|p2|Skuntank, F|
|poke|p2|Tsareena, F|
|poke|p2|Froslass, F|
|teampreview
|inactive|Battle timer is ON: inactive players will automatically lose when time's up. (requested by superjester5)
|
|t:|1628713097
|start
|switch|p1a: Passimian|Passimian, M|100/100
|switch|p2a: Froslass|Froslass, F|100/100
|turn|1
|
|t:|1628713114
|move|p1a: Passimian|Knock Off|p2a: Froslass
|-supereffective|p2a: Froslass
|-enditem|p2a: Froslass|Focus Sash
|-damage|p2a: Froslass|1/100
|move|p2a: Froslass|Thunder Wave|p1a: Passimian|[miss]
|-miss|p2a: Froslass|p1a: Passimian
|
|upkeep
|turn|2
|
|t:|1628713130
|switch|p2a: Drifblim|Drifblim, M|100/100
|move|p1a: Passimian|Knock Off|p2a: Drifblim
|-supereffective|p2a: Drifblim
|-damage|p2a: Drifblim|5/100
|-enditem|p2a: Drifblim|Power Herb|[from] move: Knock Off|[of] p1a: Passimian
|
|upkeep
|turn|3
|
|t:|1628713137
|switch|p1a: Lanturn|Lanturn, M|100/100
|move|p2a: Drifblim|Acrobatics|p1a: Lanturn
|-resisted|p1a: Lanturn
|-damage|p1a: Lanturn|76/100
|
|-heal|p1a: Lanturn|83/100|[from] item: Leftovers
|upkeep
|turn|4
|
|t:|1628713145
|move|p2a: Drifblim|Explosion|p1a: Lanturn
|-damage|p1a: Lanturn|15/100
|faint|p2a: Drifblim
|move|p1a: Lanturn|Volt Switch|p2: Drifblim|[notarget]
|-fail|p1a: Lanturn
|
|-heal|p1a: Lanturn|21/100|[from] item: Leftovers
|upkeep
|
|t:|1628713156
|switch|p2a: Tsareena|Tsareena, F|100/100
|turn|5
|
|t:|1628713165
|switch|p1a: Whimsicott|Whimsicott, M|100/100
|move|p2a: Tsareena|Rapid Spin|p1a: Whimsicott
|-damage|p1a: Whimsicott|75/100
|-boost|p2a: Tsareena|spe|1
|
|upkeep
|turn|6
|
|t:|1628713171
|move|p1a: Whimsicott|Toxic||[still]
|cant|p2a: Tsareena|ability: Queenly Majesty|Toxic|[of] p1a: Whimsicott
|move|p2a: Tsareena|Triple Axel|p1a: Whimsicott
|-supereffective|p1a: Whimsicott
|-damage|p1a: Whimsicott|52/100
|-supereffective|p1a: Whimsicott
|-crit|p1a: Whimsicott
|-damage|p1a: Whimsicott|0 fnt
|faint|p1a: Whimsicott
|-hitcount|p1: Whimsicott|2
|
|upkeep
|
|t:|1628713185
|switch|p1a: Articuno|Articuno-Galar|100/100
|turn|7
|
|t:|1628713191
|move|p2a: Tsareena|Triple Axel|p1a: Articuno
|-supereffective|p1a: Articuno
|-crit|p1a: Articuno
|-damage|p1a: Articuno|73/100
|-supereffective|p1a: Articuno
|-damage|p1a: Articuno|37/100
|-supereffective|p1a: Articuno
|-damage|p1a: Articuno|0 fnt
|faint|p1a: Articuno
|-hitcount|p1: Articuno|3
|
|upkeep
|
|t:|1628713204
|switch|p1a: Silvally|Silvally-Ghost|100/100
|turn|8
|
|t:|1628713209
|move|p2a: Tsareena|Power Whip|p1a: Silvally|[miss]
|-miss|p2a: Tsareena|p1a: Silvally
|move|p1a: Silvally|Explosion|p2a: Tsareena
|-damage|p2a: Tsareena|12/100
|faint|p1a: Silvally
|
|upkeep
|-message|PULT94d Mix forfeited.
|
|win|superjester5
|l|☆PULT94d Mix
|raw|PULT94d Mix's rating: 1241 &rarr; <strong>1223</strong><br />(-18 for losing)
|raw|superjester5's rating: 1347 &rarr; <strong>1361</strong><br />(+14 for winning)
||Ladder isn't responding, score probably updated but might not have (Request timeout).
