|j|☆Deferio
|j|☆Gulag champ
|player|p1|Deferio|102|
|player|p2|Gulag champ|265|
|teamsize|p1|6
|teamsize|p2|6
|gametype|singles
|gen|8
|tier|[Gen 8] PU
|rated|Tournament battle
|clearpoke
|poke|p1|Grapploct, M|
|poke|p1|Manectric, M|
|poke|p1|Mawile, F|
|poke|p1|Charjabug, M|
|poke|p1|Silvally-*|
|poke|p1|Mr. Rime, M|
|poke|p2|Dusknoir, M|
|poke|p2|Carkol, M|
|poke|p2|Shiinotic, M|
|poke|p2|Pawniard, F|
|poke|p2|Mareanie, F|
|poke|p2|Hitmontop, M|
|rule|Sleep Clause Mod: Limit one foe put to sleep
|rule|Species Clause: Limit one of each Pokémon
|rule|OHKO Clause: OHKO moves are banned
|rule|Evasion Moves Clause: Evasion moves are banned
|rule|Endless Battle Clause: Forcing endless battles is banned
|rule|HP Percentage Mod: HP is shown in percentages
|rule|Dynamax Clause: You cannot dynamax
|teampreview
|c|☆Gulag champ|gl bro
|inactive|Battle timer is ON: inactive players will automatically lose when time's up. (requested by Gulag champ)
|j|+tjay
|c|☆Deferio|u2
|inactive|Deferio has 120 seconds left.
|
|start
|switch|p1a: Grapploct|Grapploct, M|100/100
|switch|p2a: Mareanie|Mareanie, F|100/100
|turn|1
|
|switch|p1a: Silvally|Silvally-Psychic|100/100
|switch|p2a: Shiinotic|Shiinotic, M|100/100
|
|upkeep
|turn|2
|
|switch|p1a: Charjabug|Charjabug, M|100/100
|move|p2a: Shiinotic|Spore|p1a: Charjabug
|-status|p1a: Charjabug|slp|[from] move: Spore
|
|upkeep
|turn|3
|
|switch|p2a: Mareanie|Mareanie, F|100/100
|cant|p1a: Charjabug|slp
|
|upkeep
|turn|4
|
|switch|p1a: Silvally|Silvally-Psychic|100/100
|move|p2a: Mareanie|Toxic Spikes|p1a: Silvally
|-sidestart|p1: Deferio|move: Toxic Spikes
|
|upkeep
|turn|5
|j|+keppy ㋛
|
|move|p1a: Silvally|Flame Charge|p2a: Mareanie
|-resisted|p2a: Mareanie
|-damage|p2a: Mareanie|94/100
|-boost|p1a: Silvally|spe|1
|move|p2a: Mareanie|Haze|p2a: Mareanie
|-clearallboost
|
|upkeep
|turn|6
|
|switch|p2a: Shiinotic|Shiinotic, M|100/100
|move|p1a: Silvally|Swords Dance|p1a: Silvally
|-boost|p1a: Silvally|atk|2
|
|upkeep
|turn|7
|j| Roy Fokker
|
|move|p1a: Silvally|Multi-Attack|p2a: Shiinotic
|-damage|p2a: Shiinotic|12/100
|-damage|p1a: Silvally|84/100|[from] item: Rocky Helmet|[of] p2a: Shiinotic
|move|p2a: Shiinotic|Strength Sap|p1a: Silvally
|-unboost|p1a: Silvally|atk|1
|-heal|p2a: Shiinotic|100/100
|
|upkeep
|turn|8
|
|move|p1a: Silvally|Swords Dance|p1a: Silvally
|-boost|p1a: Silvally|atk|2
|move|p2a: Shiinotic|Strength Sap|p1a: Silvally
|-unboost|p1a: Silvally|atk|1
|
|upkeep
|turn|9
|
|move|p1a: Silvally|Flame Charge|p2a: Shiinotic
|-supereffective|p2a: Shiinotic
|-damage|p2a: Shiinotic|48/100
|-boost|p1a: Silvally|spe|1
|-damage|p1a: Silvally|67/100|[from] item: Rocky Helmet|[of] p2a: Shiinotic
|move|p2a: Shiinotic|Moonblast|p1a: Silvally
|-damage|p1a: Silvally|36/100
|
|upkeep
|turn|10
|inactive|Gulag champ has 120 seconds left.
|
|move|p1a: Silvally|Multi-Attack|p2a: Shiinotic
|-damage|p2a: Shiinotic|0 fnt
|-damage|p1a: Silvally|19/100|[from] item: Rocky Helmet|[of] p2a: Shiinotic
|-status|p1a: Silvally|par|[from] ability: Effect Spore|[of] p2a: Shiinotic
|faint|p2a: Shiinotic
|
|upkeep
|inactive|Gulag champ has 120 seconds left.
|
|switch|p2a: Hitmontop|Hitmontop, M|100/100
|turn|11
|
|move|p2a: Hitmontop|Fake Out|p1a: Silvally
|-damage|p1a: Silvally|0 fnt
|faint|p1a: Silvally
|
|upkeep
|
|switch|p1a: Mawile|Mawile, F|100/100
|turn|12
|j| Hiddenlake
|
|switch|p2a: Carkol|Carkol, M|100/100
|move|p1a: Mawile|Swords Dance|p1a: Mawile
|-boost|p1a: Mawile|atk|2
|
|upkeep
|turn|13
|
|switch|p1a: Mr. Rime|Mr. Rime, M|100/100
|move|p2a: Carkol|Fire Spin|p1a: Mr. Rime
|-supereffective|p1a: Mr. Rime
|-damage|p1a: Mr. Rime|84/100
|-activate|p1a: Mr. Rime|move: Fire Spin|[of] p2a: Carkol
|
|-damage|p1a: Mr. Rime|72/100|[from] move: Fire Spin|[partiallytrapped]
|upkeep
|turn|14
|
|switch|p2a: Dusknoir|Dusknoir, M|100/100
|-ability|p2a: Dusknoir|Pressure
|move|p1a: Mr. Rime|Psychic|p2a: Dusknoir
|-damage|p2a: Dusknoir|62/100
|
|-end|p1a: Mr. Rime|Fire Spin|[partiallytrapped]|[silent]
|upkeep
|turn|15
|
|switch|p1a: Charjabug|Charjabug, M|100/100 slp
|move|p2a: Dusknoir|Earthquake|p1a: Charjabug
|-damage|p1a: Charjabug|84/100 slp
|
|upkeep
|turn|16
|
|switch|p2a: Carkol|Carkol, M|100/100
|-curestatus|p1a: Charjabug|slp|[msg]
|move|p1a: Charjabug|Sticky Web|p2a: Carkol
|-sidestart|p2: Gulag champ|move: Sticky Web
|
|upkeep
|turn|17
|
|move|p2a: Carkol|Spikes|p1a: Charjabug
|-sidestart|p1: Deferio|Spikes
|move|p1a: Charjabug|Toxic|p2a: Carkol
|-status|p2a: Carkol|tox
|
|-damage|p2a: Carkol|94/100 tox|[from] psn
|upkeep
|turn|18
|
|switch|p1a: Mr. Rime|Mr. Rime, M|72/100
|move|p2a: Carkol|Spikes|p1a: Mr. Rime
|-sidestart|p1: Deferio|Spikes
|
|-damage|p2a: Carkol|82/100 tox|[from] psn
|upkeep
|turn|19
|
|switch|p2a: Pawniard|Pawniard, F|100/100
|-activate|p2a: Pawniard|move: Sticky Web
|-unboost|p2a: Pawniard|spe|1
|-ability|p2a: Pawniard|Defiant
|-boost|p2a: Pawniard|atk|2
|move|p1a: Mr. Rime|Psychic|p2a: Pawniard
|-immune|p2a: Pawniard
|
|upkeep
|turn|20
|
|switch|p1a: Grapploct|Grapploct, M|100/100
|-damage|p1a: Grapploct|84/100|[from] Spikes
|-status|p1a: Grapploct|psn
|move|p2a: Pawniard|Sucker Punch||[still]
|-fail|p2a: Pawniard
|
|-damage|p1a: Grapploct|72/100 psn|[from] psn
|upkeep
|turn|21
|
|switch|p2a: Mareanie|Mareanie, F|100/100
|-activate|p2a: Mareanie|move: Sticky Web
|-unboost|p2a: Mareanie|spe|1
|move|p1a: Grapploct|Brutal Swing|p2a: Mareanie
|-damage|p2a: Mareanie|66/100
|
|-damage|p1a: Grapploct|59/100 psn|[from] psn
|upkeep
|turn|22
|
|move|p1a: Grapploct|Brutal Swing|p2a: Mareanie
|-damage|p2a: Mareanie|34/100
|move|p2a: Mareanie|Knock Off|p1a: Grapploct
|-resisted|p1a: Grapploct
|-damage|p1a: Grapploct|52/100 psn
|-enditem|p1a: Grapploct|Choice Band|[from] move: Knock Off|[of] p2a: Mareanie
|
|-damage|p1a: Grapploct|40/100 psn|[from] psn
|upkeep
|turn|23
|j| MoolTool
|inactive|Gulag champ has 120 seconds left.
|inactive|Deferio has 120 seconds left.
|inactive|Gulag champ has 90 seconds left.
|
|switch|p1a: Mawile|Mawile, F|100/100
|-damage|p1a: Mawile|84/100|[from] Spikes
|move|p2a: Mareanie|Recover|p2a: Mareanie
|-heal|p2a: Mareanie|84/100
|
|upkeep
|turn|24
|inactive|Gulag champ has 90 seconds left.
|j| Deadpoolslayz
|
|move|p1a: Mawile|Swords Dance|p1a: Mawile
|-boost|p1a: Mawile|atk|2
|move|p2a: Mareanie|Knock Off|p1a: Mawile
|-resisted|p1a: Mawile
|-damage|p1a: Mawile|75/100
|-enditem|p1a: Mawile|Life Orb|[from] move: Knock Off|[of] p2a: Mareanie
|
|upkeep
|turn|25
|l| Deadpoolslayz
|
|move|p1a: Mawile|Psychic Fangs|p2a: Mareanie
|-supereffective|p2a: Mareanie
|-damage|p2a: Mareanie|25/100
|move|p2a: Mareanie|Haze|p2a: Mareanie
|-clearallboost
|
|upkeep
|turn|26
|inactive|Deferio has 120 seconds left.
|inactive|Gulag champ has 90 seconds left.
|
|switch|p2a: Carkol|Carkol, M|82/100 tox
|-activate|p2a: Carkol|move: Sticky Web
|-unboost|p2a: Carkol|spe|1
|move|p1a: Mawile|Psychic Fangs|p2a: Carkol
|-damage|p2a: Carkol|66/100 tox
|
|-damage|p2a: Carkol|60/100 tox|[from] psn
|upkeep
|turn|27
|inactive|Deferio has 120 seconds left.
|inactive|Gulag champ has 90 seconds left.
|
|switch|p1a: Charjabug|Charjabug, M|84/100
|-status|p1a: Charjabug|psn
|-damage|p1a: Charjabug|67/100 psn|[from] Spikes
|move|p2a: Carkol|Fire Spin|p1a: Charjabug
|-supereffective|p1a: Charjabug
|-damage|p1a: Charjabug|54/100 psn
|-activate|p1a: Charjabug|move: Fire Spin|[of] p2a: Carkol
|
|-damage|p1a: Charjabug|41/100 psn|[from] psn
|-damage|p2a: Carkol|48/100 tox|[from] psn
|-damage|p1a: Charjabug|29/100 psn|[from] move: Fire Spin|[partiallytrapped]
|upkeep
|turn|28
|inactive|Gulag champ has 90 seconds left.
|
|move|p1a: Charjabug|Sticky Web||[still]
|-fail|p1a: Charjabug
|move|p2a: Carkol|Stealth Rock|p1a: Charjabug
|-sidestart|p1: Deferio|move: Stealth Rock
|
|-damage|p1a: Charjabug|17/100 psn|[from] psn
|-damage|p2a: Carkol|30/100 tox|[from] psn
|-damage|p1a: Charjabug|5/100 psn|[from] move: Fire Spin|[partiallytrapped]
|upkeep
|turn|29
|inactive|Gulag champ has 90 seconds left.
|
|move|p1a: Charjabug|Toxic|p2a: Carkol
|-fail|p2a: Carkol|tox
|move|p2a: Carkol|Spikes|p1a: Charjabug
|-sidestart|p1: Deferio|Spikes
|
|-damage|p1a: Charjabug|0 fnt|[from] psn
|faint|p1a: Charjabug
|-damage|p2a: Carkol|5/100 tox|[from] psn
|upkeep
|
|switch|p1a: Mr. Rime|Mr. Rime, M|72/100
|turn|30
|
|switch|p2a: Dusknoir|Dusknoir, M|62/100
|-activate|p2a: Dusknoir|move: Sticky Web
|-unboost|p2a: Dusknoir|spe|1
|-ability|p2a: Dusknoir|Pressure
|move|p1a: Mr. Rime|Nasty Plot|p1a: Mr. Rime
|-boost|p1a: Mr. Rime|spa|2
|
|upkeep
|turn|31
|j| Posche
|
|move|p2a: Dusknoir|Shadow Sneak|p1a: Mr. Rime
|-supereffective|p1a: Mr. Rime
|-damage|p1a: Mr. Rime|25/100
|move|p1a: Mr. Rime|Psychic|p2a: Dusknoir
|-damage|p2a: Dusknoir|0 fnt
|faint|p2a: Dusknoir
|
|upkeep
|
|switch|p2a: Hitmontop|Hitmontop, M|100/100
|-activate|p2a: Hitmontop|move: Sticky Web
|-unboost|p2a: Hitmontop|spe|1
|turn|32
|
|switch|p1a: Mawile|Mawile, F|75/100
|-damage|p1a: Mawile|69/100|[from] Stealth Rock
|-damage|p1a: Mawile|44/100|[from] Spikes
|move|p2a: Hitmontop|Fake Out|p1a: Mawile
|-resisted|p1a: Mawile
|-damage|p1a: Mawile|29/100
|
|upkeep
|turn|33
|inactive|Gulag champ has 120 seconds left.
|
|switch|p2a: Carkol|Carkol, M|5/100 tox
|-activate|p2a: Carkol|move: Sticky Web
|-unboost|p2a: Carkol|spe|1
|move|p1a: Mawile|Iron Head|p2a: Carkol
|-damage|p2a: Carkol|0 fnt
|faint|p2a: Carkol
|
|upkeep
|inactive|Gulag champ has 120 seconds left.
|j| Blue YM
|
|switch|p2a: Hitmontop|Hitmontop, M|100/100
|-activate|p2a: Hitmontop|move: Sticky Web
|-unboost|p2a: Hitmontop|spe|1
|turn|34
|
|move|p2a: Hitmontop|Fake Out|p1a: Mawile
|-resisted|p1a: Mawile
|-damage|p1a: Mawile|14/100
|cant|p1a: Mawile|flinch
|
|upkeep
|turn|35
|
|move|p2a: Hitmontop|Mach Punch|p1a: Mawile
|-damage|p1a: Mawile|0 fnt
|faint|p1a: Mawile
|
|upkeep
|
|switch|p1a: Mr. Rime|Mr. Rime, M|25/100
|turn|36
|
|move|p2a: Hitmontop|Mach Punch|p1a: Mr. Rime
|-damage|p1a: Mr. Rime|0 fnt
|faint|p1a: Mr. Rime
|
|upkeep
|c|☆Gulag champ|gg
|
|switch|p1a: Manectric|Manectric, M|100/100
|-status|p1a: Manectric|psn
|-damage|p1a: Manectric|88/100 psn|[from] Stealth Rock
|-damage|p1a: Manectric|63/100 psn|[from] Spikes
|turn|37
|
|switch|p2a: Mareanie|Mareanie, F|58/100
|-activate|p2a: Mareanie|move: Sticky Web
|-unboost|p2a: Mareanie|spe|1
|move|p1a: Manectric|Thunderbolt|p2a: Mareanie
|-supereffective|p2a: Mareanie
|-damage|p2a: Mareanie|0 fnt
|faint|p2a: Mareanie
|
|-damage|p1a: Manectric|51/100 psn|[from] psn
|upkeep
|
|switch|p2a: Hitmontop|Hitmontop, M|100/100
|-activate|p2a: Hitmontop|move: Sticky Web
|-unboost|p2a: Hitmontop|spe|1
|turn|38
|
|move|p2a: Hitmontop|Fake Out|p1a: Manectric
|-damage|p1a: Manectric|19/100 psn
|cant|p1a: Manectric|flinch
|
|-damage|p1a: Manectric|7/100 psn|[from] psn
|upkeep
|turn|39
|
|move|p2a: Hitmontop|Mach Punch|p1a: Manectric
|-damage|p1a: Manectric|0 fnt
|faint|p1a: Manectric
|
|upkeep
|
|switch|p1a: Grapploct|Grapploct, M|40/100 psn
|-damage|p1a: Grapploct|15/100 psn|[from] Spikes
|-damage|p1a: Grapploct|9/100 psn|[from] Stealth Rock
|turn|40
|l| Blue YM
|c|☆Deferio|gg
|
|move|p2a: Hitmontop|Mach Punch|p1a: Grapploct
|-damage|p1a: Grapploct|0 fnt
|faint|p1a: Grapploct
|
|win|Gulag champ
