|j|☆MoolTool
|j|☆Suwa_yriafelc
|player|p1|MoolTool|pryce|1321
|player|p2|Suwa_yriafelc|pokemonranger-gen4|1323
|teamsize|p1|6
|teamsize|p2|6
|gametype|singles
|gen|8
|tier|[Gen 8] PU
|rated|
|clearpoke
|poke|p1|Gloom, F|
|poke|p1|Munchlax, M|
|poke|p1|Raichu, M|
|poke|p1|Raboot, M|
|poke|p1|Mr. Rime, M|
|poke|p1|Hitmontop, M|
|poke|p2|Mareanie, M|
|poke|p2|Raboot, M|
|poke|p2|Leafeon, M|
|poke|p2|Hitmontop, M|
|poke|p2|Musharna, M|
|poke|p2|Mr. Rime, M|
|rule|Sleep Clause Mod: Limit one foe put to sleep
|rule|Species Clause: Limit one of each Pokémon
|rule|OHKO Clause: OHKO moves are banned
|rule|Evasion Moves Clause: Evasion moves are banned
|rule|Endless Battle Clause: Forcing endless battles is banned
|rule|HP Percentage Mod: HP is shown in percentages
|rule|Dynamax Clause: You cannot dynamax
|teampreview
|inactive|Battle timer is ON: inactive players will automatically lose when time's up. (requested by Suwa_yriafelc)
|
|start
|switch|p1a: Hitmontop|Hitmontop, M|100/100
|switch|p2a: Hitmontop|Hitmontop, M|100/100
|turn|1
|
|move|p2a: Hitmontop|Fake Out|p1a: Hitmontop
|-damage|p1a: Hitmontop|78/100
|cant|p1a: Hitmontop|flinch
|
|upkeep
|turn|2
|
|switch|p2a: Mareanie|Mareanie, M|100/100
|switch|p1a: Gloom|Gloom, F|100/100
|
|upkeep
|turn|3
|
|move|p2a: Mareanie|Knock Off|p1a: Gloom
|-damage|p1a: Gloom|91/100
|-enditem|p1a: Gloom|Eviolite|[from] move: Knock Off|[of] p2a: Mareanie
|move|p1a: Gloom|Sludge Bomb|p2a: Mareanie
|-resisted|p2a: Mareanie
|-damage|p2a: Mareanie|81/100
|
|upkeep
|turn|4
|
|move|p2a: Mareanie|Toxic Spikes|p1a: Gloom
|-sidestart|p1: MoolTool|move: Toxic Spikes
|move|p1a: Gloom|Leech Seed|p2a: Mareanie
|-start|p2a: Mareanie|move: Leech Seed
|
|-damage|p2a: Mareanie|69/100|[from] Leech Seed|[of] p1a: Gloom
|-heal|p1a: Gloom|100/100|[silent]
|upkeep
|turn|5
|
|switch|p2a: Musharna|Musharna, M|100/100
|switch|p1a: Mr. Rime|Mr. Rime, M|100/100
|
|upkeep
|turn|6
|
|move|p1a: Mr. Rime|Rapid Spin|p2a: Musharna
|-damage|p2a: Musharna|93/100
|-boost|p1a: Mr. Rime|spe|1
|-sideend|p1: MoolTool|Toxic Spikes|[from] move: Rapid Spin|[of] p1a: Mr. Rime
|move|p2a: Musharna|Calm Mind|p2a: Musharna
|-boost|p2a: Musharna|spa|1
|-boost|p2a: Musharna|spd|1
|
|-heal|p2a: Musharna|99/100|[from] item: Leftovers
|upkeep
|turn|7
|
|switch|p1a: Raboot|Raboot, M|100/100
|move|p2a: Musharna|Psychic|p1a: Raboot
|-damage|p1a: Raboot|14/100
|
|-heal|p2a: Musharna|100/100|[from] item: Leftovers
|upkeep
|turn|8
|
|move|p1a: Raboot|Taunt|p2a: Musharna
|-start|p1a: Raboot|typechange|Dark|[from] ability: Libero
|-start|p2a: Musharna|move: Taunt
|move|p2a: Musharna|Moonblast|p1a: Raboot
|-supereffective|p1a: Raboot
|-damage|p1a: Raboot|0 fnt
|faint|p1a: Raboot
|
|upkeep
|inactive|MoolTool has 120 seconds left.
|inactive|MoolTool has 90 seconds left.
|
|switch|p1a: Munchlax|Munchlax, M|100/100
|turn|9
|
|switch|p2a: Mareanie|Mareanie, M|100/100
|move|p1a: Munchlax|Toxic|p2a: Mareanie
|-immune|p2a: Mareanie
|
|upkeep
|turn|10
|inactive|MoolTool has 90 seconds left.
|inactive|Suwa_yriafelc has 120 seconds left.
|
|switch|p2a: Raboot|Raboot, M|100/100
|switch|p1a: Gloom|Gloom, F|100/100
|
|upkeep
|turn|11
|inactive|MoolTool has 90 seconds left.
|
|switch|p1a: Munchlax|Munchlax, M|100/100
|move|p2a: Raboot|U-turn|p1a: Munchlax
|-start|p2a: Raboot|typechange|Bug|[from] ability: Libero
|-damage|p1a: Munchlax|75/100
|inactive|Suwa_yriafelc has 120 seconds left.
|
|switch|p2a: Hitmontop|Hitmontop, M|100/100|[from]move: U-turn
|
|upkeep
|turn|12
|
|switch|p1a: Gloom|Gloom, F|100/100
|move|p2a: Hitmontop|Mach Punch|p1a: Gloom
|-resisted|p1a: Gloom
|-damage|p1a: Gloom|86/100
|
|upkeep
|turn|13
|inactive|Suwa_yriafelc has 120 seconds left.
|
|switch|p2a: Mareanie|Mareanie, M|100/100
|move|p1a: Gloom|Leech Seed|p2a: Mareanie
|-start|p2a: Mareanie|move: Leech Seed
|
|-damage|p2a: Mareanie|88/100|[from] Leech Seed|[of] p1a: Gloom
|-heal|p1a: Gloom|98/100|[silent]
|upkeep
|turn|14
|
|switch|p1a: Mr. Rime|Mr. Rime, M|100/100
|move|p2a: Mareanie|Toxic Spikes|p1a: Mr. Rime
|-sidestart|p1: MoolTool|move: Toxic Spikes
|
|-damage|p2a: Mareanie|76/100|[from] Leech Seed|[of] p1a: Mr. Rime
|upkeep
|turn|15
|
|switch|p1a: Munchlax|Munchlax, M|75/100
|-status|p1a: Munchlax|psn
|switch|p2a: Raboot|Raboot, M|100/100
|
|-damage|p1a: Munchlax|62/100 psn|[from] psn
|upkeep
|turn|16
|
|move|p2a: Raboot|U-turn|p1a: Munchlax
|-start|p2a: Raboot|typechange|Bug|[from] ability: Libero
|-damage|p1a: Munchlax|34/100 psn
|
|switch|p2a: Mareanie|Mareanie, M|100/100|[from]move: U-turn
|move|p1a: Munchlax|Rest|p1a: Munchlax
|-status|p1a: Munchlax|slp|[from] move: Rest
|-heal|p1a: Munchlax|100/100 slp|[silent]
|
|upkeep
|turn|17
|inactive|MoolTool has 120 seconds left.
|
|switch|p1a: Gloom|Gloom, F|98/100
|-sideend|p1: MoolTool|move: Toxic Spikes|[of] p1a: Gloom
|move|p2a: Mareanie|Knock Off|p1a: Gloom
|-damage|p1a: Gloom|89/100
|
|upkeep
|turn|18
|inactive|Suwa_yriafelc has 120 seconds left.
|
|move|p2a: Mareanie|Toxic Spikes|p1a: Gloom
|-sidestart|p1: MoolTool|move: Toxic Spikes
|move|p1a: Gloom|Leech Seed|p2a: Mareanie
|-start|p2a: Mareanie|move: Leech Seed
|
|-damage|p2a: Mareanie|88/100|[from] Leech Seed|[of] p1a: Gloom
|-heal|p1a: Gloom|100/100|[silent]
|upkeep
|turn|19
|
|switch|p2a: Raboot|Raboot, M|100/100
|move|p1a: Gloom|Giga Drain|p2a: Raboot
|-resisted|p2a: Raboot
|-damage|p2a: Raboot|75/100
|
|upkeep
|turn|20
|inactive|MoolTool has 120 seconds left.
|
|move|p2a: Raboot|Flare Blitz|p1a: Gloom
|-supereffective|p1a: Gloom
|-damage|p1a: Gloom|0 fnt
|-damage|p2a: Raboot|39/100|[from] Recoil
|faint|p1a: Gloom
|
|upkeep
|inactive|MoolTool has 120 seconds left.
|
|switch|p1a: Hitmontop|Hitmontop, M|78/100
|-status|p1a: Hitmontop|psn
|turn|21
|
|switch|p2a: Mareanie|Mareanie, M|100/100
|move|p1a: Hitmontop|Fake Out|p2a: Mareanie
|-damage|p2a: Mareanie|87/100
|
|-damage|p1a: Hitmontop|65/100 psn|[from] psn
|upkeep
|turn|22
|
|move|p1a: Hitmontop|Thief|p2a: Mareanie
|-damage|p2a: Mareanie|67/100
|move|p2a: Mareanie|Knock Off|p1a: Hitmontop
|-resisted|p1a: Hitmontop
|-damage|p1a: Hitmontop|57/100 psn
|-enditem|p1a: Hitmontop|Expert Belt|[from] move: Knock Off|[of] p2a: Mareanie
|
|-damage|p1a: Hitmontop|45/100 psn|[from] psn
|upkeep
|turn|23
|inactive|Suwa_yriafelc has 120 seconds left.
|
|switch|p2a: Hitmontop|Hitmontop, M|100/100
|move|p1a: Hitmontop|Thief|p2a: Hitmontop
|-resisted|p2a: Hitmontop
|-damage|p2a: Hitmontop|83/100
|-enditem|p2a: Hitmontop|Expert Belt|[silent]|[from] move: Thief|[of] p1a: Hitmontop
|-item|p1a: Hitmontop|Expert Belt|[from] move: Thief|[of] p2a: Hitmontop
|
|-damage|p1a: Hitmontop|33/100 psn|[from] psn
|upkeep
|turn|24
|inactive|Suwa_yriafelc has 120 seconds left.
|
|switch|p1a: Mr. Rime|Mr. Rime, M|100/100
|move|p2a: Hitmontop|Thief|p1a: Mr. Rime
|-supereffective|p1a: Mr. Rime
|-damage|p1a: Mr. Rime|27/100
|-enditem|p1a: Mr. Rime|Heavy-Duty Boots|[silent]|[from] move: Thief|[of] p2a: Hitmontop
|-item|p2a: Hitmontop|Heavy-Duty Boots|[from] move: Thief|[of] p1a: Mr. Rime
|
|upkeep
|turn|25
|
|move|p2a: Hitmontop|Mach Punch|p1a: Mr. Rime
|-damage|p1a: Mr. Rime|0 fnt
|faint|p1a: Mr. Rime
|
|upkeep
|-message|MoolTool forfeited.
|
|win|Suwa_yriafelc
|l|☆MoolTool
|raw|MoolTool's rating: 1321 &rarr; <strong>1301</strong><br />(-20 for losing)
|raw|Suwa_yriafelc's rating: 1324 &rarr; <strong>1343</strong><br />(+19 for winning)
