|raw|<div class="broadcast-blue"><strong>This battle is required to be public due to a player having a name starting with 'pult94d'.</div>
|j|☆PULT94D Elfu
|j|☆PULT94D Rb
|t:|1628903604
|gametype|singles
|player|p1|PULT94D Elfu|cyclist|1403
|player|p2|PULT94D Rb|170|1574
|teamsize|p1|6
|teamsize|p2|6
|gen|8
|tier|[Gen 8] PU
|rated|
|rule|Sleep Clause Mod: Limit one foe put to sleep
|rule|Species Clause: Limit one of each Pokémon
|rule|OHKO Clause: OHKO moves are banned
|rule|Evasion Moves Clause: Evasion moves are banned
|rule|Endless Battle Clause: Forcing endless battles is banned
|rule|HP Percentage Mod: HP is shown in percentages
|rule|Dynamax Clause: You cannot dynamax
|clearpoke
|poke|p1|Sneasel, F|
|poke|p1|Rotom|
|poke|p1|Weezing, M|
|poke|p1|Stunfisk-Galar, M|
|poke|p1|Wishiwashi, F|
|poke|p1|Ribombee, F|
|poke|p2|Gourgeist-*, M|
|poke|p2|Weezing, M|
|poke|p2|Type: Null|
|poke|p2|Charizard, M|
|poke|p2|Passimian, M|
|poke|p2|Sandaconda, F|
|teampreview
|inactive|Battle timer is ON: inactive players will automatically lose when time's up. (requested by PULT94D Rb)
|
|t:|1628903644
|start
|switch|p1a: Wishiwashi|Wishiwashi, F|100/100
|switch|p2a: Gourgeist|Gourgeist-Small, M|100/100
|-item|p1a: Wishiwashi|Leftovers|[from] ability: Frisk|[of] p2a: Gourgeist|[identify]
|-formechange|p1a: Wishiwashi|Wishiwashi-School||[from] ability: Schooling
|turn|1
|
|t:|1628903654
|move|p2a: Gourgeist|Poltergeist|p1a: Wishiwashi
|-activate|p1a: Wishiwashi|move: Poltergeist|Leftovers
|-damage|p1a: Wishiwashi|62/100
|-damage|p2a: Gourgeist|91/100|[from] item: Life Orb
|move|p1a: Wishiwashi|U-turn|p2a: Gourgeist
|-damage|p2a: Gourgeist|69/100
|
|t:|1628903666
|switch|p1a: Sneasel|Sneasel, F|100/100|[from]move: U-turn
|
|upkeep
|turn|2
|
|t:|1628903674
|switch|p2a: Weezing|Weezing, M|100/100
|-ability|p2a: Weezing|Neutralizing Gas
|move|p1a: Sneasel|Knock Off|p2a: Weezing
|-damage|p2a: Weezing|56/100
|-damage|p1a: Sneasel|84/100|[from] item: Rocky Helmet|[of] p2a: Weezing
|-enditem|p2a: Weezing|Rocky Helmet|[from] move: Knock Off|[of] p1a: Sneasel
|
|upkeep
|turn|3
|
|t:|1628903683
|switch|p1a: Rotom|Rotom|100/100
|move|p2a: Weezing|Toxic Spikes|p1a: Rotom
|-sidestart|p1: PULT94D Elfu|move: Toxic Spikes
|
|upkeep
|turn|4
|
|t:|1628903692
|-end|p2a: Weezing|ability: Neutralizing Gas
|switch|p2a: Type: Null|Type: Null|100/100
|move|p1a: Rotom|Defog|p2a: Type: Null
|-unboost|p2a: Type: Null|evasion|1
|-sideend|p1: PULT94D Elfu|Toxic Spikes|[from] move: Defog|[of] p1a: Rotom
|
|upkeep
|turn|5
|
|t:|1628903697
|move|p1a: Rotom|Volt Switch|p2a: Type: Null
|-damage|p2a: Type: Null|90/100
|
|t:|1628903701
|switch|p1a: Weezing|Weezing, M|100/100|[from]move: Volt Switch
|move|p2a: Type: Null|U-turn|p1a: Weezing
|-resisted|p1a: Weezing
|-damage|p1a: Weezing|95/100
|
|t:|1628903704
|switch|p2a: Sandaconda|Sandaconda, F|100/100|[from]move: U-turn
|
|-heal|p1a: Weezing|100/100|[from] item: Black Sludge
|upkeep
|turn|6
|
|t:|1628903716
|switch|p1a: Wishiwashi|Wishiwashi, F|62/100
|-formechange|p1a: Wishiwashi|Wishiwashi-School||[from] ability: Schooling
|move|p2a: Sandaconda|Stealth Rock|p1a: Wishiwashi
|-sidestart|p1: PULT94D Elfu|move: Stealth Rock
|
|-heal|p1a: Wishiwashi|68/100|[from] item: Leftovers
|upkeep
|turn|7
|
|t:|1628903731
|switch|p2a: Type: Null|Type: Null|90/100
|move|p1a: Wishiwashi|Scald|p2a: Type: Null
|-damage|p2a: Type: Null|73/100
|
|-heal|p1a: Wishiwashi|74/100|[from] item: Leftovers
|upkeep
|turn|8
|
|t:|1628903745
|switch|p1a: Weezing|Weezing, M|100/100
|-damage|p1a: Weezing|88/100|[from] Stealth Rock
|move|p2a: Type: Null|Toxic|p1a: Weezing
|-immune|p1a: Weezing
|
|-heal|p1a: Weezing|94/100|[from] item: Black Sludge
|upkeep
|turn|9
|
|t:|1628903759
|move|p1a: Weezing|Will-O-Wisp|p2a: Type: Null|[miss]
|-miss|p1a: Weezing|p2a: Type: Null
|move|p2a: Type: Null|U-turn|p1a: Weezing
|-resisted|p1a: Weezing
|-damage|p1a: Weezing|89/100
|
|t:|1628903764
|switch|p2a: Charizard|Charizard, M|100/100|[from]move: U-turn
|
|-heal|p1a: Weezing|95/100|[from] item: Black Sludge
|upkeep
|turn|10
|
|t:|1628903773
|move|p2a: Charizard|Hurricane|p1a: Weezing|[miss]
|-miss|p2a: Charizard|p1a: Weezing
|move|p1a: Weezing|Sludge Bomb|p2a: Charizard
|-damage|p2a: Charizard|65/100
|-status|p2a: Charizard|psn
|
|-heal|p1a: Weezing|100/100|[from] item: Black Sludge
|-damage|p2a: Charizard|53/100 psn|[from] psn
|upkeep
|turn|11
|
|t:|1628903784
|switch|p1a: Wishiwashi|Wishiwashi, F|74/100
|-damage|p1a: Wishiwashi|62/100|[from] Stealth Rock
|-formechange|p1a: Wishiwashi|Wishiwashi-School||[from] ability: Schooling
|move|p2a: Charizard|Hurricane|p1a: Wishiwashi
|-damage|p1a: Wishiwashi|13/100
|
|-heal|p1a: Wishiwashi|19/100|[from] item: Leftovers
|-damage|p2a: Charizard|40/100 psn|[from] psn
|-formechange|p1a: Wishiwashi|Wishiwashi||[from] ability: Schooling
|upkeep
|turn|12
|
|t:|1628903795
|move|p2a: Charizard|Hurricane|p1a: Wishiwashi
|-damage|p1a: Wishiwashi|0 fnt
|faint|p1a: Wishiwashi
|
|-damage|p2a: Charizard|28/100 psn|[from] psn
|upkeep
|inactive|PULT94D Elfu has 120 seconds left.
|
|t:|1628903840
|switch|p1a: Sneasel|Sneasel, F|84/100
|-damage|p1a: Sneasel|59/100|[from] Stealth Rock
|turn|13
|
|t:|1628903846
|switch|p2a: Passimian|Passimian, M|100/100
|move|p1a: Sneasel|Icicle Crash|p2a: Passimian
|-damage|p2a: Passimian|44/100
|
|upkeep
|turn|14
|
|t:|1628903865
|switch|p1a: Ribombee|Ribombee, F|100/100
|move|p2a: Passimian|U-turn|p1a: Ribombee
|-resisted|p1a: Ribombee
|-damage|p1a: Ribombee|76/100
|
|t:|1628903869
|switch|p2a: Type: Null|Type: Null|73/100|[from]move: U-turn
|
|upkeep
|turn|15
|
|t:|1628903876
|switch|p1a: Weezing|Weezing, M|100/100
|-damage|p1a: Weezing|88/100|[from] Stealth Rock
|move|p2a: Type: Null|U-turn|p1a: Weezing
|-resisted|p1a: Weezing
|-damage|p1a: Weezing|83/100
|
|t:|1628903879
|switch|p2a: Charizard|Charizard, M|28/100 psn|[from]move: U-turn
|
|-heal|p1a: Weezing|89/100|[from] item: Black Sludge
|-damage|p2a: Charizard|15/100 psn|[from] psn
|upkeep
|turn|16
|
|t:|1628903889
|move|p2a: Charizard|Roost|p2a: Charizard
|-heal|p2a: Charizard|65/100 psn
|-singleturn|p2a: Charizard|move: Roost
|move|p1a: Weezing|Sludge Bomb|p2a: Charizard
|-damage|p2a: Charizard|32/100 psn
|
|-heal|p1a: Weezing|95/100|[from] item: Black Sludge
|-damage|p2a: Charizard|19/100 psn|[from] psn
|upkeep
|turn|17
|
|t:|1628903895
|move|p2a: Charizard|Roost|p2a: Charizard
|-heal|p2a: Charizard|70/100 psn
|-singleturn|p2a: Charizard|move: Roost
|move|p1a: Weezing|Sludge Bomb|p2a: Charizard
|-damage|p2a: Charizard|33/100 psn
|
|-heal|p1a: Weezing|100/100|[from] item: Black Sludge
|-damage|p2a: Charizard|20/100 psn|[from] psn
|upkeep
|turn|18
|
|t:|1628903901
|move|p2a: Charizard|Roost|p2a: Charizard
|-heal|p2a: Charizard|71/100 psn
|-singleturn|p2a: Charizard|move: Roost
|move|p1a: Weezing|Sludge Bomb|p2a: Charizard
|-damage|p2a: Charizard|33/100 psn
|
|-damage|p2a: Charizard|21/100 psn|[from] psn
|upkeep
|turn|19
|
|t:|1628903909
|move|p2a: Charizard|Roost|p2a: Charizard
|-heal|p2a: Charizard|71/100 psn
|-singleturn|p2a: Charizard|move: Roost
|move|p1a: Weezing|Sludge Bomb|p2a: Charizard
|-damage|p2a: Charizard|34/100 psn
|
|-damage|p2a: Charizard|22/100 psn|[from] psn
|upkeep
|turn|20
|
|t:|1628903913
|move|p2a: Charizard|Roost|p2a: Charizard
|-heal|p2a: Charizard|72/100 psn
|-singleturn|p2a: Charizard|move: Roost
|move|p1a: Weezing|Sludge Bomb|p2a: Charizard
|-damage|p2a: Charizard|33/100 psn
|
|-damage|p2a: Charizard|21/100 psn|[from] psn
|upkeep
|turn|21
|
|t:|1628903920
|switch|p2a: Weezing|Weezing, M|56/100
|-ability|p2a: Weezing|Neutralizing Gas
|move|p1a: Weezing|Sludge Bomb|p2a: Weezing
|-resisted|p2a: Weezing
|-damage|p2a: Weezing|38/100
|
|upkeep
|turn|22
|
|t:|1628903934
|move|p2a: Weezing|Toxic Spikes|p1a: Weezing
|-sidestart|p1: PULT94D Elfu|move: Toxic Spikes
|move|p1a: Weezing|Flamethrower|p2a: Weezing
|-damage|p2a: Weezing|12/100
|
|upkeep
|turn|23
|
|t:|1628903939
|switch|p1a: Rotom|Rotom|100/100
|move|p2a: Weezing|Pain Split|p1a: Rotom
|-sethp|p1a: Rotom|57/100|[from] move: Pain Split|[silent]
|-sethp|p2a: Weezing|52/100|[from] move: Pain Split
|
|upkeep
|turn|24
|
|t:|1628903952
|move|p1a: Rotom|Defog|p2a: Weezing
|-unboost|p2a: Weezing|evasion|1
|-sideend|p1: PULT94D Elfu|Toxic Spikes|[from] move: Defog|[of] p1a: Rotom
|-sideend|p1: PULT94D Elfu|Stealth Rock|[from] move: Defog|[of] p1a: Rotom
|move|p2a: Weezing|Sludge Bomb|p1a: Rotom
|-resisted|p1a: Rotom
|-crit|p1a: Rotom
|-damage|p1a: Rotom|29/100
|
|upkeep
|turn|25
|
|t:|1628903960
|-end|p2a: Weezing|ability: Neutralizing Gas
|switch|p2a: Sandaconda|Sandaconda, F|100/100
|move|p1a: Rotom|Hex|p2a: Sandaconda
|-damage|p2a: Sandaconda|73/100
|
|upkeep
|turn|26
|
|t:|1628903971
|switch|p2a: Type: Null|Type: Null|73/100
|move|p1a: Rotom|Will-O-Wisp|p2a: Type: Null|[miss]
|-miss|p1a: Rotom|p2a: Type: Null
|
|upkeep
|turn|27
|
|t:|1628903978
|move|p1a: Rotom|Volt Switch|p2a: Type: Null
|-damage|p2a: Type: Null|62/100
|
|t:|1628903982
|switch|p1a: Weezing|Weezing, M|100/100|[from]move: Volt Switch
|move|p2a: Type: Null|U-turn|p1a: Weezing
|-resisted|p1a: Weezing
|-damage|p1a: Weezing|95/100
|
|t:|1628903986
|switch|p2a: Sandaconda|Sandaconda, F|73/100|[from]move: U-turn
|
|-heal|p1a: Weezing|100/100|[from] item: Black Sludge
|upkeep
|turn|28
|inactive|PULT94D Elfu has 120 seconds left.
|
|t:|1628904033
|switch|p1a: Sneasel|Sneasel, F|59/100
|move|p2a: Sandaconda|Stealth Rock|p1a: Sneasel
|-sidestart|p1: PULT94D Elfu|move: Stealth Rock
|
|upkeep
|turn|29
|
|t:|1628904056
|switch|p2a: Weezing|Weezing, M|52/100
|-ability|p2a: Weezing|Neutralizing Gas
|move|p1a: Sneasel|Triple Axel|p2a: Weezing|[miss]
|-miss|p1a: Sneasel|p2a: Weezing
|
|upkeep
|turn|30
|
|t:|1628904062
|move|p1a: Sneasel|Triple Axel|p2a: Weezing
|-damage|p2a: Weezing|44/100
|-damage|p2a: Weezing|27/100
|-damage|p2a: Weezing|2/100
|-hitcount|p2a: Weezing|3
|move|p2a: Weezing|Sludge Bomb|p1a: Sneasel
|-damage|p1a: Sneasel|12/100
|-status|p1a: Sneasel|psn
|
|-damage|p1a: Sneasel|0 fnt|[from] psn
|faint|p1a: Sneasel
|upkeep
|
|t:|1628904070
|switch|p1a: Rotom|Rotom|29/100
|turn|31
|
|t:|1628904087
|-end|p2a: Weezing|ability: Neutralizing Gas
|switch|p2a: Type: Null|Type: Null|62/100
|move|p1a: Rotom|Defog|p2a: Type: Null
|-unboost|p2a: Type: Null|evasion|1
|-sideend|p1: PULT94D Elfu|Stealth Rock|[from] move: Defog|[of] p1a: Rotom
|
|upkeep
|turn|32
|
|t:|1628904093
|move|p1a: Rotom|Volt Switch|p2a: Type: Null
|-damage|p2a: Type: Null|51/100
|
|t:|1628904095
|switch|p1a: Weezing|Weezing, M|100/100|[from]move: Volt Switch
|move|p2a: Type: Null|U-turn|p1a: Weezing
|-resisted|p1a: Weezing
|-damage|p1a: Weezing|96/100
|
|t:|1628904106
|switch|p2a: Sandaconda|Sandaconda, F|73/100|[from]move: U-turn
|
|-heal|p1a: Weezing|100/100|[from] item: Black Sludge
|upkeep
|turn|33
|
|t:|1628904115
|switch|p1a: Stunfisk|Stunfisk-Galar, M|100/100
|move|p2a: Sandaconda|Stealth Rock|p1a: Stunfisk
|-sidestart|p1: PULT94D Elfu|move: Stealth Rock
|
|upkeep
|turn|34
|
|t:|1628904128
|switch|p2a: Weezing|Weezing, M|2/100
|-ability|p2a: Weezing|Neutralizing Gas
|move|p1a: Stunfisk|Stealth Rock|p2a: Weezing
|-sidestart|p2: PULT94D Rb|move: Stealth Rock
|
|upkeep
|turn|35
|
|t:|1628904131
|switch|p1a: Rotom|Rotom|29/100
|move|p2a: Weezing|Pain Split|p1a: Rotom
|-sethp|p1a: Rotom|15/100|[from] move: Pain Split|[silent]
|-sethp|p2a: Weezing|14/100|[from] move: Pain Split
|
|upkeep
|turn|36
|
|t:|1628904140
|move|p1a: Rotom|Volt Switch|p2a: Weezing
|-damage|p2a: Weezing|0 fnt
|faint|p2a: Weezing
|-end|p2a: Weezing|ability: Neutralizing Gas
|
|t:|1628904148
|switch|p1a: Weezing|Weezing, M|100/100|[from]move: Volt Switch
|-damage|p1a: Weezing|88/100|[from] Stealth Rock
|
|-heal|p1a: Weezing|94/100|[from] item: Black Sludge
|upkeep
|
|t:|1628904171
|switch|p2a: Sandaconda|Sandaconda, F|73/100
|-damage|p2a: Sandaconda|67/100|[from] Stealth Rock
|turn|37
|inactive|PULT94D Elfu has 120 seconds left.
|
|t:|1628904204
|switch|p2a: Type: Null|Type: Null|51/100
|-damage|p2a: Type: Null|39/100|[from] Stealth Rock
|move|p1a: Weezing|Toxic Spikes|p2a: Type: Null
|-sidestart|p2: PULT94D Rb|move: Toxic Spikes
|
|-heal|p1a: Weezing|99/100|[from] item: Black Sludge
|upkeep
|turn|38
|
|t:|1628904211
|move|p1a: Weezing|Toxic Spikes|p2a: Type: Null
|-sidestart|p2: PULT94D Rb|move: Toxic Spikes
|move|p2a: Type: Null|Rest|p2a: Type: Null
|-status|p2a: Type: Null|slp|[from] move: Rest
|-heal|p2a: Type: Null|100/100 slp|[silent]
|
|-heal|p1a: Weezing|100/100|[from] item: Black Sludge
|upkeep
|turn|39
|
|t:|1628904219
|move|p1a: Weezing|Flamethrower|p2a: Type: Null
|-damage|p2a: Type: Null|93/100 slp
|cant|p2a: Type: Null|slp
|move|p2a: Type: Null|Sleep Talk|p2a: Type: Null
|move|p2a: Type: Null|Rest||[from]move: Sleep Talk|[still]
|-fail|p2a: Type: Null
|
|upkeep
|turn|40
|
|t:|1628904233
|move|p1a: Weezing|Flamethrower|p2a: Type: Null
|-damage|p2a: Type: Null|85/100 slp
|cant|p2a: Type: Null|slp
|
|upkeep
|turn|41
|
|t:|1628904238
|move|p1a: Weezing|Flamethrower|p2a: Type: Null
|-damage|p2a: Type: Null|77/100 slp
|-curestatus|p2a: Type: Null|slp|[msg]
|move|p2a: Type: Null|Rest|p2a: Type: Null
|-status|p2a: Type: Null|slp|[from] move: Rest
|-heal|p2a: Type: Null|100/100 slp|[silent]
|
|upkeep
|turn|42
|
|t:|1628904263
|move|p1a: Weezing|Flamethrower|p2a: Type: Null
|-damage|p2a: Type: Null|92/100 slp
|cant|p2a: Type: Null|slp
|move|p2a: Type: Null|Sleep Talk|p2a: Type: Null
|move|p2a: Type: Null|Toxic|p1a: Weezing|[from]move: Sleep Talk
|-immune|p1a: Weezing
|
|upkeep
|turn|43
|inactive|PULT94D Elfu has 120 seconds left.
|
|t:|1628904278
|move|p1a: Weezing|Flamethrower|p2a: Type: Null
|-damage|p2a: Type: Null|85/100 slp
|cant|p2a: Type: Null|slp
|
|upkeep
|turn|44
|
|t:|1628904285
|move|p1a: Weezing|Flamethrower|p2a: Type: Null
|-damage|p2a: Type: Null|77/100 slp
|-curestatus|p2a: Type: Null|slp|[msg]
|move|p2a: Type: Null|Toxic|p1a: Weezing
|-immune|p1a: Weezing
|
|upkeep
|turn|45
|
|t:|1628904295
|move|p1a: Weezing|Flamethrower|p2a: Type: Null
|-damage|p2a: Type: Null|69/100
|move|p2a: Type: Null|Rest|p2a: Type: Null
|-status|p2a: Type: Null|slp|[from] move: Rest
|-heal|p2a: Type: Null|100/100 slp|[silent]
|
|upkeep
|turn|46
|
|t:|1628904308
|move|p1a: Weezing|Will-O-Wisp||[still]
|-fail|p1a: Weezing
|cant|p2a: Type: Null|slp
|
|upkeep
|turn|47
|
|t:|1628904311
|move|p1a: Weezing|Will-O-Wisp||[still]
|-fail|p1a: Weezing
|cant|p2a: Type: Null|slp
|
|upkeep
|turn|48
|
|t:|1628904317
|switch|p2a: Sandaconda|Sandaconda, F|67/100
|-damage|p2a: Sandaconda|61/100|[from] Stealth Rock
|-status|p2a: Sandaconda|tox
|move|p1a: Weezing|Flamethrower|p2a: Sandaconda
|-damage|p2a: Sandaconda|35/100 tox
|
|-damage|p2a: Sandaconda|29/100 tox|[from] psn
|upkeep
|turn|49
|
|t:|1628904340
|move|p2a: Sandaconda|Rest|p2a: Sandaconda
|-status|p2a: Sandaconda|slp|[from] move: Rest
|-heal|p2a: Sandaconda|100/100 slp|[silent]
|move|p1a: Weezing|Flamethrower|p2a: Sandaconda
|-damage|p2a: Sandaconda|75/100 slp
|
|upkeep
|turn|50
|
|t:|1628904346
|cant|p2a: Sandaconda|slp
|move|p1a: Weezing|Flamethrower|p2a: Sandaconda
|-damage|p2a: Sandaconda|53/100 slp
|
|upkeep
|turn|51
|
|t:|1628904350
|cant|p2a: Sandaconda|slp
|move|p1a: Weezing|Flamethrower|p2a: Sandaconda
|-damage|p2a: Sandaconda|31/100 slp
|
|upkeep
|turn|52
|
|t:|1628904357
|-curestatus|p2a: Sandaconda|slp|[msg]
|move|p2a: Sandaconda|Rest|p2a: Sandaconda
|-status|p2a: Sandaconda|slp|[from] move: Rest
|-heal|p2a: Sandaconda|100/100 slp|[silent]
|move|p1a: Weezing|Flamethrower|p2a: Sandaconda
|-damage|p2a: Sandaconda|78/100 slp
|
|-activate|p2a: Sandaconda|ability: Shed Skin
|-curestatus|p2a: Sandaconda|slp|[msg]
|upkeep
|turn|53
|
|t:|1628904364
|move|p2a: Sandaconda|Glare|p1a: Weezing
|-status|p1a: Weezing|par
|move|p1a: Weezing|Flamethrower|p2a: Sandaconda
|-crit|p2a: Sandaconda
|-damage|p2a: Sandaconda|45/100
|
|upkeep
|turn|54
|
|t:|1628904371
|move|p2a: Sandaconda|Rest|p2a: Sandaconda
|-status|p2a: Sandaconda|slp|[from] move: Rest
|-heal|p2a: Sandaconda|100/100 slp|[silent]
|cant|p1a: Weezing|par
|
|upkeep
|turn|55
|
|t:|1628904376
|switch|p1a: Rotom|Rotom|15/100
|cant|p2a: Sandaconda|slp
|
|upkeep
|turn|56
|
|t:|1628904388
|switch|p2a: Type: Null|Type: Null|100/100 slp
|-damage|p2a: Type: Null|88/100 slp|[from] Stealth Rock
|move|p1a: Rotom|Volt Switch|p2a: Type: Null
|-damage|p2a: Type: Null|79/100 slp
|
|t:|1628904396
|switch|p1a: Stunfisk|Stunfisk-Galar, M|100/100|[from]move: Volt Switch
|-damage|p1a: Stunfisk|97/100|[from] Stealth Rock
|
|-heal|p1a: Stunfisk|100/100|[from] item: Leftovers
|upkeep
|turn|57
|
|t:|1628904401
|switch|p2a: Sandaconda|Sandaconda, F|100/100 slp
|-damage|p2a: Sandaconda|94/100 slp|[from] Stealth Rock
|move|p1a: Stunfisk|Earthquake|p2a: Sandaconda
|-crit|p2a: Sandaconda
|-damage|p2a: Sandaconda|69/100 slp
|
|-activate|p2a: Sandaconda|ability: Shed Skin
|-curestatus|p2a: Sandaconda|slp|[msg]
|upkeep
|turn|58
|
|t:|1628904417
|move|p2a: Sandaconda|Earthquake|p1a: Stunfisk
|-supereffective|p1a: Stunfisk
|-crit|p1a: Stunfisk
|-damage|p1a: Stunfisk|12/100
|move|p1a: Stunfisk|Yawn|p2a: Sandaconda
|-start|p2a: Sandaconda|move: Yawn|[of] p1a: Stunfisk
|
|-heal|p1a: Stunfisk|18/100|[from] item: Leftovers
|upkeep
|turn|59
|
|t:|1628904431
|switch|p2a: Gourgeist|Gourgeist-Small, M|69/100
|-status|p2a: Gourgeist|tox
|-damage|p2a: Gourgeist|56/100 tox|[from] Stealth Rock
|-item|p1a: Stunfisk|Leftovers|[from] ability: Frisk|[of] p2a: Gourgeist|[identify]
|move|p1a: Stunfisk|Rock Slide|p2a: Gourgeist|[miss]
|-miss|p1a: Stunfisk|p2a: Gourgeist
|
|-heal|p1a: Stunfisk|24/100|[from] item: Leftovers
|-damage|p2a: Gourgeist|50/100 tox|[from] psn
|upkeep
|turn|60
|
|t:|1628904441
|move|p2a: Gourgeist|Poltergeist|p1a: Stunfisk|[miss]
|-miss|p2a: Gourgeist|p1a: Stunfisk
|move|p1a: Stunfisk|Rock Slide|p2a: Gourgeist
|-damage|p2a: Gourgeist|33/100 tox
|
|-heal|p1a: Stunfisk|30/100|[from] item: Leftovers
|-damage|p2a: Gourgeist|21/100 tox|[from] psn
|upkeep
|turn|61
|
|t:|1628904449
|move|p2a: Gourgeist|Poltergeist|p1a: Stunfisk
|-activate|p1a: Stunfisk|move: Poltergeist|Leftovers
|-damage|p1a: Stunfisk|0 fnt
|faint|p1a: Stunfisk
|-damage|p2a: Gourgeist|11/100 tox|[from] item: Life Orb
|
|-damage|p2a: Gourgeist|0 fnt|[from] psn
|faint|p2a: Gourgeist
|upkeep
|
|t:|1628904461
|switch|p2a: Type: Null|Type: Null|79/100 slp
|switch|p1a: Weezing|Weezing, M|100/100 par
|-damage|p2a: Type: Null|66/100 slp|[from] Stealth Rock
|-damage|p1a: Weezing|88/100 par|[from] Stealth Rock
|turn|62
|
|t:|1628904467
|-curestatus|p2a: Type: Null|slp|[msg]
|move|p2a: Type: Null|Rest|p2a: Type: Null
|-status|p2a: Type: Null|slp|[from] move: Rest
|-heal|p2a: Type: Null|100/100 slp|[silent]
|move|p1a: Weezing|Flamethrower|p2a: Type: Null
|-damage|p2a: Type: Null|93/100 slp
|
|-heal|p1a: Weezing|94/100 par|[from] item: Black Sludge
|upkeep
|turn|63
|
|t:|1628904493
|switch|p1a: Rotom|Rotom|15/100
|cant|p2a: Type: Null|slp
|
|upkeep
|turn|64
|
|t:|1628904509
|move|p1a: Rotom|Volt Switch|p2a: Type: Null
|-damage|p2a: Type: Null|82/100 slp
|
|t:|1628904512
|switch|p1a: Weezing|Weezing, M|94/100 par|[from]move: Volt Switch
|-damage|p1a: Weezing|82/100 par|[from] Stealth Rock
|cant|p2a: Type: Null|slp
|move|p2a: Type: Null|Sleep Talk|p2a: Type: Null
|move|p2a: Type: Null|Toxic||[from]move: Sleep Talk|[still]
|-fail|p2a: Type: Null
|
|-heal|p1a: Weezing|88/100 par|[from] item: Black Sludge
|upkeep
|turn|65
|
|t:|1628904518
|-curestatus|p2a: Type: Null|slp|[msg]
|move|p2a: Type: Null|U-turn|p1a: Weezing
|-resisted|p1a: Weezing
|-damage|p1a: Weezing|83/100 par
|
|t:|1628904520
|switch|p2a: Sandaconda|Sandaconda, F|69/100|[from]move: U-turn
|-damage|p2a: Sandaconda|62/100|[from] Stealth Rock
|-status|p2a: Sandaconda|tox
|move|p1a: Weezing|Flamethrower|p2a: Sandaconda
|-damage|p2a: Sandaconda|37/100 tox
|
|-heal|p1a: Weezing|89/100 par|[from] item: Black Sludge
|-damage|p2a: Sandaconda|31/100 tox|[from] psn
|upkeep
|turn|66
|
|t:|1628904532
|switch|p1a: Ribombee|Ribombee, F|76/100
|move|p2a: Sandaconda|Rest|p2a: Sandaconda
|-status|p2a: Sandaconda|slp|[from] move: Rest
|-heal|p2a: Sandaconda|100/100 slp|[silent]
|
|-activate|p2a: Sandaconda|ability: Shed Skin
|-curestatus|p2a: Sandaconda|slp|[msg]
|upkeep
|turn|67
|
|t:|1628904537
|switch|p1a: Weezing|Weezing, M|89/100 par
|-damage|p1a: Weezing|77/100 par|[from] Stealth Rock
|switch|p2a: Type: Null|Type: Null|82/100
|-status|p2a: Type: Null|tox
|-damage|p2a: Type: Null|69/100 tox|[from] Stealth Rock
|
|-heal|p1a: Weezing|83/100 par|[from] item: Black Sludge
|-damage|p2a: Type: Null|63/100 tox|[from] psn
|upkeep
|turn|68
|
|t:|1628904552
|switch|p1a: Ribombee|Ribombee, F|76/100
|move|p2a: Type: Null|Rest|p2a: Type: Null
|-status|p2a: Type: Null|slp|[from] move: Rest
|-heal|p2a: Type: Null|100/100 slp|[silent]
|
|upkeep
|turn|69
|
|t:|1628904565
|move|p1a: Ribombee|Quiver Dance|p1a: Ribombee
|-boost|p1a: Ribombee|spa|1
|-boost|p1a: Ribombee|spd|1
|-boost|p1a: Ribombee|spe|1
|cant|p2a: Type: Null|slp
|move|p2a: Type: Null|Sleep Talk|p2a: Type: Null
|move|p2a: Type: Null|Toxic|p1a: Ribombee|[from]move: Sleep Talk
|-status|p1a: Ribombee|tox
|
|-damage|p1a: Ribombee|70/100 tox|[from] psn
|upkeep
|turn|70
|
|t:|1628904576
|move|p1a: Ribombee|Quiver Dance|p1a: Ribombee
|-boost|p1a: Ribombee|spa|1
|-boost|p1a: Ribombee|spd|1
|-boost|p1a: Ribombee|spe|1
|cant|p2a: Type: Null|slp
|move|p2a: Type: Null|Sleep Talk|p2a: Type: Null
|move|p2a: Type: Null|Rest||[from]move: Sleep Talk|[still]
|-fail|p2a: Type: Null
|
|-damage|p1a: Ribombee|58/100 tox|[from] psn
|upkeep
|turn|71
|
|t:|1628904585
|move|p1a: Ribombee|Moonblast|p2a: Type: Null
|-damage|p2a: Type: Null|65/100 slp
|-unboost|p2a: Type: Null|spa|1
|-curestatus|p2a: Type: Null|slp|[msg]
|move|p2a: Type: Null|Rest|p2a: Type: Null
|-status|p2a: Type: Null|slp|[from] move: Rest
|-heal|p2a: Type: Null|100/100 slp|[silent]
|
|-damage|p1a: Ribombee|39/100 tox|[from] psn
|upkeep
|turn|72
|c|☆PULT94D Elfu|Gg
|-message|PULT94D Elfu forfeited.
|
|win|PULT94D Rb
|raw|PULT94D Elfu's rating: 1403 &rarr; <strong>1392</strong><br />(-11 for losing)
|raw|PULT94D Rb's rating: 1580 &rarr; <strong>1591</strong><br />(+11 for winning)
|l|☆PULT94D Elfu
|l|☆PULT94D Rb
|j| 467 11 11p
|l| 467 11 11p
|j| pult94d somalia
