|j|☆aog0
|j|☆panned bomb
|t:|1643920686
|gametype|singles
|player|p1|aog0|ninjaboy|1317
|player|p2|panned bomb|169|1493
|teamsize|p1|6
|teamsize|p2|6
|gen|8
|tier|[Gen 8] PU
|rated|
|rule|Sleep Clause Mod: Limit one foe put to sleep
|rule|Species Clause: Limit one of each Pokémon
|rule|OHKO Clause: OHKO moves are banned
|rule|Evasion Moves Clause: Evasion moves are banned
|rule|Endless Battle Clause: Forcing endless battles is banned
|rule|HP Percentage Mod: HP is shown in percentages
|rule|Dynamax Clause: You cannot dynamax
|clearpoke
|poke|p1|Wishiwashi, F|
|poke|p1|Sawk, M|
|poke|p1|Silvally-*|
|poke|p1|Aromatisse, F|
|poke|p1|Gigalith, M|
|poke|p1|Whimsicott, M|
|poke|p2|Frosmoth, F|
|poke|p2|Lunatone|
|poke|p2|Charizard, M|
|poke|p2|Quagsire, F|
|poke|p2|Skuntank, F|
|poke|p2|Flapple, M|
|teampreview
|inactive|Battle timer is ON: inactive players will automatically lose when time's up. (requested by aog0)
|inactive|panned bomb has 120 seconds left.
|inactive|panned bomb has 90 seconds left.
|
|t:|1643920784
|start
|switch|p1a: Sawk|Sawk, M|100/100
|switch|p2a: Flapple|Flapple, M|100/100
|turn|1
|
|t:|1643920795
|move|p1a: Sawk|Close Combat|p2a: Flapple
|-damage|p2a: Flapple|0 fnt
|-unboost|p1a: Sawk|def|1
|-unboost|p1a: Sawk|spd|1
|faint|p2a: Flapple
|
|upkeep
|
|t:|1643920798
|switch|p2a: Charizard|Charizard, M|100/100
|turn|2
|
|t:|1643920803
|switch|p1a: Gigalith|Gigalith, M|100/100
|-weather|Sandstorm|[from] ability: Sand Stream|[of] p1a: Gigalith
|move|p2a: Charizard|Toxic|p1a: Gigalith
|-status|p1a: Gigalith|tox
|
|-weather|Sandstorm|[upkeep]
|-damage|p2a: Charizard|94/100|[from] Sandstorm
|-damage|p1a: Gigalith|94/100 tox|[from] psn
|upkeep
|turn|3
|
|t:|1643920812
|switch|p2a: Quagsire|Quagsire, F|100/100
|move|p1a: Gigalith|Explosion|p2a: Quagsire
|-damage|p2a: Quagsire|0 fnt
|faint|p1a: Gigalith
|faint|p2a: Quagsire
|
|-weather|Sandstorm|[upkeep]
|upkeep
|
|t:|1643920823
|switch|p1a: Silvally|Silvally|100/100
|switch|p2a: Skuntank|Skuntank, F|100/100
|turn|4
|
|t:|1643920832
|move|p1a: Silvally|Multi-Attack|p2a: Skuntank
|-damage|p2a: Skuntank|0 fnt
|-damage|p1a: Silvally|75/100|[from] ability: Aftermath|[of] p2a: Skuntank
|faint|p2a: Skuntank
|
|-weather|Sandstorm|[upkeep]
|-damage|p1a: Silvally|69/100|[from] Sandstorm
|upkeep
|
|t:|1643920839
|switch|p2a: Lunatone|Lunatone|100/100
|turn|5
|
|t:|1643920845
|move|p1a: Silvally|Multi-Attack|p2a: Lunatone
|-resisted|p2a: Lunatone
|-crit|p2a: Lunatone
|-damage|p2a: Lunatone|13/100
|move|p2a: Lunatone|Stealth Rock|p1a: Silvally
|-sidestart|p1: aog0|move: Stealth Rock
|
|-weather|Sandstorm|[upkeep]
|-damage|p1a: Silvally|63/100|[from] Sandstorm
|-heal|p2a: Lunatone|20/100|[from] item: Leftovers
|upkeep
|turn|6
|
|t:|1643920854
|move|p1a: Silvally|Multi-Attack|p2a: Lunatone
|-resisted|p2a: Lunatone
|-damage|p2a: Lunatone|0 fnt
|faint|p2a: Lunatone
|
|-weather|none
|upkeep
|
|t:|1643920856
|switch|p2a: Charizard|Charizard, M|94/100
|turn|7
|
|t:|1643920861
|move|p2a: Charizard|Flamethrower|p1a: Silvally
|-damage|p1a: Silvally|19/100
|move|p1a: Silvally|Multi-Attack|p2a: Charizard
|-crit|p2a: Charizard
|-damage|p2a: Charizard|0 fnt
|faint|p2a: Charizard
|
|upkeep
|
|t:|1643920863
|switch|p2a: Frosmoth|Frosmoth, F|100/100
|turn|8
|
|t:|1643920869
|move|p1a: Silvally|Multi-Attack|p2a: Frosmoth
|-damage|p2a: Frosmoth|0 fnt
|faint|p2a: Frosmoth
|
|win|aog0
|raw|aog0's rating: 1317 &rarr; <strong>1346</strong><br />(+29 for winning)
|raw|panned bomb's rating: 1493 &rarr; <strong>1464</strong><br />(-29 for losing)
|c|☆panned bomb|GG
|c|☆aog0|gg
|l|☆panned bomb
||Ladder isn't responding, score probably updated but might not have (Request timeout).
