|j|☆Blobfish123_
|j|☆cafay sen sukr
|t:|1643642649
|gametype|singles
|player|p1|Blobfish123_|ethan|1410
|player|p2|cafay sen sukr|swimmer-gen4dp|1597
|teamsize|p1|6
|teamsize|p2|6
|gen|8
|tier|[Gen 8] PU
|rated|
|rule|Sleep Clause Mod: Limit one foe put to sleep
|rule|Species Clause: Limit one of each Pokémon
|rule|OHKO Clause: OHKO moves are banned
|rule|Evasion Moves Clause: Evasion moves are banned
|rule|Endless Battle Clause: Forcing endless battles is banned
|rule|HP Percentage Mod: HP is shown in percentages
|rule|Dynamax Clause: You cannot dynamax
|clearpoke
|poke|p1|Palossand, F|
|poke|p1|Scyther, M|
|poke|p1|Whimsicott, F|
|poke|p1|Hitmontop, M|
|poke|p1|Magmortar, M|
|poke|p1|Ferroseed, F|
|poke|p2|Glastrier|
|poke|p2|Weezing, M|
|poke|p2|Jolteon, F|
|poke|p2|Gigalith, M|
|poke|p2|Lurantis, M|
|poke|p2|Persian-Alola, M|
|teampreview
|inactive|Battle timer is ON: inactive players will automatically lose when time's up. (requested by Blobfish123_)
|
|t:|1643642681
|start
|switch|p1a: Hitmontop|Hitmontop, M|100/100
|switch|p2a: Gigalith|Gigalith, M|100/100
|-weather|Sandstorm|[from] ability: Sand Stream|[of] p2a: Gigalith
|turn|1
|j| Less is More Now
|
|t:|1643642699
|switch|p1a: Magmortar|Magmortar, M|100/100
|switch|p2a: Weezing|Weezing, M|100/100
|-ability|p2a: Weezing|Neutralizing Gas
|
|-weather|Sandstorm|[upkeep]
|-damage|p1a: Magmortar|94/100|[from] Sandstorm
|-damage|p2a: Weezing|95/100|[from] Sandstorm
|upkeep
|turn|2
|
|t:|1643642717
|-end|p2a: Weezing|ability: Neutralizing Gas
|switch|p2a: Gigalith|Gigalith, M|100/100
|move|p1a: Magmortar|Scorching Sands|p2a: Gigalith
|-supereffective|p2a: Gigalith
|-damage|p2a: Gigalith|64/100
|
|-weather|Sandstorm|[upkeep]
|-damage|p1a: Magmortar|88/100|[from] Sandstorm
|-heal|p2a: Gigalith|70/100|[from] item: Leftovers
|upkeep
|turn|3
|
|t:|1643642731
|switch|p1a: Ferroseed|Ferroseed, F|100/100
|move|p2a: Gigalith|Toxic|p1a: Ferroseed
|-immune|p1a: Ferroseed
|
|-weather|Sandstorm|[upkeep]
|-heal|p2a: Gigalith|76/100|[from] item: Leftovers
|upkeep
|turn|4
|
|t:|1643642738
|move|p2a: Gigalith|Stealth Rock|p1a: Ferroseed
|-sidestart|p1: Blobfish123_|move: Stealth Rock
|move|p1a: Ferroseed|Knock Off|p2a: Gigalith
|-damage|p2a: Gigalith|66/100
|-enditem|p2a: Gigalith|Leftovers|[from] move: Knock Off|[of] p1a: Ferroseed
|
|-weather|Sandstorm|[upkeep]
|upkeep
|turn|5
|
|t:|1643642753
|switch|p2a: Lurantis|Lurantis, M|100/100
|move|p1a: Ferroseed|Spikes|p2a: Lurantis
|-sidestart|p2: cafay sen sukr|Spikes
|
|-weather|none
|upkeep
|turn|6
|
|t:|1643642757
|move|p2a: Lurantis|Knock Off|p1a: Ferroseed
|-damage|p1a: Ferroseed|86/100
|-damage|p2a: Lurantis|88/100|[from] ability: Iron Barbs|[of] p1a: Ferroseed
|-enditem|p1a: Ferroseed|Eviolite|[from] move: Knock Off|[of] p2a: Lurantis
|move|p1a: Ferroseed|Thunder Wave|p2a: Lurantis
|-status|p2a: Lurantis|par
|
|-heal|p2a: Lurantis|94/100 par|[from] item: Leftovers
|upkeep
|turn|7
|
|t:|1643642768
|cant|p2a: Lurantis|par
|move|p1a: Ferroseed|Knock Off|p2a: Lurantis
|-damage|p2a: Lurantis|81/100 par
|-enditem|p2a: Lurantis|Leftovers|[from] move: Knock Off|[of] p1a: Ferroseed
|
|upkeep
|turn|8
|
|t:|1643642776
|switch|p1a: Scyther|Scyther, M|100/100
|move|p2a: Lurantis|Superpower|p1a: Scyther
|-resisted|p1a: Scyther
|-damage|p1a: Scyther|90/100
|-boost|p2a: Lurantis|atk|1
|-boost|p2a: Lurantis|def|1
|
|upkeep
|turn|9
|
|t:|1643642792
|switch|p2a: Glastrier|Glastrier|100/100
|move|p1a: Scyther|U-turn|p2a: Glastrier
|-damage|p2a: Glastrier|75/100
|
|t:|1643642805
|switch|p1a: Hitmontop|Hitmontop, M|100/100|[from]move: U-turn
|-damage|p1a: Hitmontop|95/100|[from] Stealth Rock
|
|upkeep
|turn|10
|
|t:|1643642811
|move|p1a: Hitmontop|Rapid Spin|p2a: Glastrier
|-damage|p2a: Glastrier|56/100
|-boost|p1a: Hitmontop|spe|1
|-sideend|p1: Blobfish123_|Stealth Rock|[from] move: Rapid Spin|[of] p1a: Hitmontop
|move|p2a: Glastrier|Icicle Crash|p1a: Hitmontop
|-damage|p1a: Hitmontop|30/100
|
|upkeep
|turn|11
|
|t:|1643642827
|switch|p2a: Weezing|Weezing, M|95/100
|-ability|p2a: Weezing|Neutralizing Gas
|-damage|p2a: Weezing|82/100|[from] Spikes
|move|p1a: Hitmontop|Mach Punch|p2a: Weezing
|-resisted|p2a: Weezing
|-damage|p2a: Weezing|76/100
|-damage|p1a: Hitmontop|13/100|[from] item: Rocky Helmet|[of] p2a: Weezing
|
|upkeep
|turn|12
|
|t:|1643642846
|switch|p1a: Palossand|Palossand, F|100/100
|move|p2a: Weezing|Sludge Bomb|p1a: Palossand
|-resisted|p1a: Palossand
|-damage|p1a: Palossand|93/100
|
|-heal|p1a: Palossand|99/100|[from] item: Leftovers
|upkeep
|turn|13
|inactive|Blobfish123_ has 120 seconds left.
|
|t:|1643642873
|-end|p2a: Weezing|ability: Neutralizing Gas
|switch|p2a: Lurantis|Lurantis, M|81/100 par
|-damage|p2a: Lurantis|68/100 par|[from] Spikes
|move|p1a: Palossand|Stealth Rock|p2a: Lurantis
|-sidestart|p2: cafay sen sukr|move: Stealth Rock
|
|-heal|p1a: Palossand|100/100|[from] item: Leftovers
|upkeep
|turn|14
|inactive|Blobfish123_ has 120 seconds left.
|
|t:|1643642883
|switch|p1a: Scyther|Scyther, M|90/100
|cant|p2a: Lurantis|par
|
|upkeep
|turn|15
|c|☆cafay sen sukr|k
|inactive|Blobfish123_ has 120 seconds left.
|
|t:|1643642903
|switch|p2a: Persian|Persian-Alola, M|100/100
|-damage|p2a: Persian|88/100|[from] Spikes
|-damage|p2a: Persian|75/100|[from] Stealth Rock
|move|p1a: Scyther|U-turn|p2a: Persian
|-supereffective|p2a: Persian
|-damage|p2a: Persian|11/100
|
|t:|1643642914
|switch|p1a: Ferroseed|Ferroseed, F|86/100|[from]move: U-turn
|
|upkeep
|turn|16
|
|t:|1643642918
|switch|p2a: Lurantis|Lurantis, M|68/100 par
|-damage|p2a: Lurantis|56/100 par|[from] Spikes
|-damage|p2a: Lurantis|43/100 par|[from] Stealth Rock
|move|p1a: Ferroseed|Knock Off|p2a: Lurantis
|-damage|p2a: Lurantis|35/100 par
|
|upkeep
|turn|17
|
|t:|1643642928
|switch|p1a: Palossand|Palossand, F|100/100
|move|p2a: Lurantis|Defog|p1a: Palossand
|-unboost|p1a: Palossand|evasion|1
|-sideend|p2: cafay sen sukr|Spikes|[from] move: Defog|[of] p2a: Lurantis
|-sideend|p2: cafay sen sukr|Stealth Rock|[from] move: Defog|[of] p2a: Lurantis
|
|upkeep
|turn|18
|
|t:|1643642947
|switch|p1a: Ferroseed|Ferroseed, F|86/100
|switch|p2a: Glastrier|Glastrier|56/100
|
|upkeep
|turn|19
|
|t:|1643642957
|move|p2a: Glastrier|Close Combat|p1a: Ferroseed
|-supereffective|p1a: Ferroseed
|-damage|p1a: Ferroseed|0 fnt
|-unboost|p2a: Glastrier|def|1
|-unboost|p2a: Glastrier|spd|1
|-damage|p2a: Glastrier|43/100|[from] ability: Iron Barbs|[of] p1a: Ferroseed
|faint|p1a: Ferroseed
|-ability|p2a: Glastrier|Chilling Neigh|boost
|-boost|p2a: Glastrier|atk|1
|
|upkeep
|
|t:|1643642963
|switch|p1a: Magmortar|Magmortar, M|88/100
|turn|20
|
|t:|1643642973
|switch|p2a: Lurantis|Lurantis, M|35/100 par
|move|p1a: Magmortar|Scorching Sands|p2a: Lurantis
|-resisted|p2a: Lurantis
|-damage|p2a: Lurantis|19/100 par
|
|upkeep
|turn|21
|
|t:|1643642988
|switch|p1a: Whimsicott|Whimsicott, F|100/100
|cant|p2a: Lurantis|par
|
|upkeep
|turn|22
|
|t:|1643642994
|move|p1a: Whimsicott|U-turn|p2a: Lurantis
|-supereffective|p2a: Lurantis
|-crit|p2a: Lurantis
|-damage|p2a: Lurantis|0 fnt
|faint|p2a: Lurantis
|
|t:|1643643009
|switch|p1a: Hitmontop|Hitmontop, M|13/100|[from]move: U-turn
|
|upkeep
|
|t:|1643643015
|switch|p2a: Weezing|Weezing, M|76/100
|-ability|p2a: Weezing|Neutralizing Gas
|turn|23
|
|t:|1643643023
|switch|p1a: Palossand|Palossand, F|100/100
|move|p2a: Weezing|Sludge Bomb|p1a: Palossand
|-resisted|p1a: Palossand
|-damage|p1a: Palossand|93/100
|
|-heal|p1a: Palossand|99/100|[from] item: Leftovers
|upkeep
|turn|24
|
|t:|1643643036
|move|p2a: Weezing|Taunt|p1a: Palossand
|-start|p1a: Palossand|move: Taunt
|cant|p1a: Palossand|move: Taunt|Stealth Rock
|
|-heal|p1a: Palossand|100/100|[from] item: Leftovers
|upkeep
|turn|25
|
|t:|1643643040
|-end|p2a: Weezing|ability: Neutralizing Gas
|switch|p2a: Persian|Persian-Alola, M|11/100
|move|p1a: Palossand|Shadow Ball|p2a: Persian
|-resisted|p2a: Persian
|-damage|p2a: Persian|0 fnt
|faint|p2a: Persian
|
|upkeep
|
|t:|1643643043
|switch|p2a: Glastrier|Glastrier|43/100
|turn|26
|
|t:|1643643058
|move|p2a: Glastrier|Icicle Crash|p1a: Palossand
|-supereffective|p1a: Palossand
|-damage|p1a: Palossand|35/100
|move|p1a: Palossand|Shadow Ball|p2a: Glastrier
|-crit|p2a: Glastrier
|-damage|p2a: Glastrier|9/100
|
|-heal|p1a: Palossand|41/100|[from] item: Leftovers
|-end|p1a: Palossand|move: Taunt
|upkeep
|turn|27
|
|t:|1643643075
|switch|p1a: Whimsicott|Whimsicott, F|100/100
|move|p2a: Glastrier|Icicle Crash|p1a: Whimsicott|[miss]
|-miss|p2a: Glastrier|p1a: Whimsicott
|
|upkeep
|turn|28
|
|t:|1643643097
|move|p1a: Whimsicott|U-turn|p2a: Glastrier
|-damage|p2a: Glastrier|0 fnt
|faint|p2a: Glastrier
|inactive|Blobfish123_ has 120 seconds left.
|
|t:|1643643107
|switch|p1a: Hitmontop|Hitmontop, M|13/100|[from]move: U-turn
|
|upkeep
|
|t:|1643643116
|switch|p2a: Weezing|Weezing, M|76/100
|-ability|p2a: Weezing|Neutralizing Gas
|turn|29
|inactive|Blobfish123_ has 120 seconds left.
|
|t:|1643643141
|switch|p1a: Palossand|Palossand, F|41/100
|move|p2a: Weezing|Sludge Bomb|p1a: Palossand
|-resisted|p1a: Palossand
|-damage|p1a: Palossand|33/100
|
|-heal|p1a: Palossand|39/100|[from] item: Leftovers
|upkeep
|turn|30
|inactive|Blobfish123_ has 120 seconds left.
|
|t:|1643643147
|move|p2a: Weezing|Taunt|p1a: Palossand
|-start|p1a: Palossand|move: Taunt
|cant|p1a: Palossand|move: Taunt|Shore Up
|
|-heal|p1a: Palossand|45/100|[from] item: Leftovers
|upkeep
|turn|31
|
|t:|1643643164
|-end|p2a: Weezing|ability: Neutralizing Gas
|switch|p2a: Gigalith|Gigalith, M|66/100
|-weather|Sandstorm|[from] ability: Sand Stream|[of] p2a: Gigalith
|move|p1a: Palossand|Shadow Ball|p2a: Gigalith
|-damage|p2a: Gigalith|51/100
|
|-weather|Sandstorm|[upkeep]
|-heal|p1a: Palossand|51/100|[from] item: Leftovers
|upkeep
|turn|32
|
|t:|1643643176
|switch|p1a: Whimsicott|Whimsicott, F|100/100
|move|p2a: Gigalith|Toxic|p1a: Whimsicott
|-status|p1a: Whimsicott|tox
|
|-weather|Sandstorm|[upkeep]
|-damage|p1a: Whimsicott|94/100 tox|[from] Sandstorm
|-damage|p1a: Whimsicott|88/100 tox|[from] psn
|upkeep
|turn|33
|
|t:|1643643183
|move|p1a: Whimsicott|Encore|p2a: Gigalith
|-start|p2a: Gigalith|Encore
|move|p2a: Gigalith|Toxic|p1a: Whimsicott|[miss]
|-miss|p2a: Gigalith|p1a: Whimsicott
|
|-weather|Sandstorm|[upkeep]
|-damage|p1a: Whimsicott|82/100 tox|[from] Sandstorm
|-damage|p1a: Whimsicott|70/100 tox|[from] psn
|upkeep
|turn|34
|
|t:|1643643190
|move|p1a: Whimsicott|Moonblast|p2a: Gigalith
|-damage|p2a: Gigalith|37/100
|move|p2a: Gigalith|Toxic|p1a: Whimsicott
|-fail|p1a: Whimsicott|tox
|
|-weather|Sandstorm|[upkeep]
|-damage|p1a: Whimsicott|63/100 tox|[from] Sandstorm
|-damage|p1a: Whimsicott|45/100 tox|[from] psn
|upkeep
|turn|35
|
|t:|1643643200
|switch|p2a: Weezing|Weezing, M|76/100
|-ability|p2a: Weezing|Neutralizing Gas
|move|p1a: Whimsicott|Moonblast|p2a: Weezing
|-resisted|p2a: Weezing
|-damage|p2a: Weezing|57/100
|
|-weather|none
|-damage|p1a: Whimsicott|20/100 tox|[from] psn
|upkeep
|turn|36
|
|t:|1643643208
|move|p1a: Whimsicott|U-turn|p2a: Weezing
|-resisted|p2a: Weezing
|-damage|p2a: Weezing|53/100
|-damage|p1a: Whimsicott|4/100 tox|[from] item: Rocky Helmet|[of] p2a: Weezing
|
|t:|1643643213
|switch|p1a: Magmortar|Magmortar, M|88/100|[from]move: U-turn
|move|p2a: Weezing|Sludge Bomb|p1a: Magmortar
|-damage|p1a: Magmortar|56/100
|-status|p1a: Magmortar|psn
|
|-damage|p1a: Magmortar|43/100 psn|[from] psn
|upkeep
|turn|37
|
|t:|1643643221
|-end|p2a: Weezing|ability: Neutralizing Gas
|switch|p2a: Gigalith|Gigalith, M|37/100
|-weather|Sandstorm|[from] ability: Sand Stream|[of] p2a: Gigalith
|move|p1a: Magmortar|Scorching Sands|p2a: Gigalith
|-supereffective|p2a: Gigalith
|-damage|p2a: Gigalith|0 fnt
|faint|p2a: Gigalith
|
|-weather|Sandstorm|[upkeep]
|-damage|p1a: Magmortar|37/100 psn|[from] Sandstorm
|-damage|p1a: Magmortar|25/100 psn|[from] psn
|upkeep
|
|t:|1643643227
|switch|p2a: Jolteon|Jolteon, F|100/100
|turn|38
|
|t:|1643643231
|switch|p1a: Whimsicott|Whimsicott, F|4/100 tox
|move|p2a: Jolteon|Shadow Ball|p1a: Whimsicott
|-damage|p1a: Whimsicott|0 fnt
|faint|p1a: Whimsicott
|
|-weather|Sandstorm|[upkeep]
|-damage|p2a: Jolteon|94/100|[from] Sandstorm
|upkeep
|
|t:|1643643239
|switch|p1a: Scyther|Scyther, M|90/100
|turn|39
|
|t:|1643643250
|move|p2a: Jolteon|Shadow Ball|p1a: Scyther
|-damage|p1a: Scyther|34/100
|move|p1a: Scyther|Knock Off|p2a: Jolteon
|-damage|p2a: Jolteon|42/100
|-enditem|p2a: Jolteon|Choice Specs|[from] move: Knock Off|[of] p1a: Scyther
|
|-weather|Sandstorm|[upkeep]
|-damage|p2a: Jolteon|36/100|[from] Sandstorm
|-damage|p1a: Scyther|28/100|[from] Sandstorm
|upkeep
|turn|40
|
|t:|1643643266
|move|p2a: Jolteon|Shadow Ball|p1a: Scyther
|-damage|p1a: Scyther|0 fnt
|faint|p1a: Scyther
|
|-weather|Sandstorm|[upkeep]
|-damage|p2a: Jolteon|30/100|[from] Sandstorm
|upkeep
|
|t:|1643643272
|switch|p1a: Hitmontop|Hitmontop, M|13/100
|turn|41
|
|t:|1643643286
|switch|p1a: Palossand|Palossand, F|51/100
|move|p2a: Jolteon|Shadow Ball|p1a: Palossand
|-supereffective|p1a: Palossand
|-damage|p1a: Palossand|0 fnt
|faint|p1a: Palossand
|
|-weather|none
|upkeep
|
|t:|1643643291
|switch|p1a: Hitmontop|Hitmontop, M|13/100
|turn|42
|
|t:|1643643293
|switch|p2a: Weezing|Weezing, M|53/100
|-ability|p2a: Weezing|Neutralizing Gas
|move|p1a: Hitmontop|Fake Out|p2a: Weezing
|-damage|p2a: Weezing|45/100
|-damage|p1a: Hitmontop|0 fnt|[from] item: Rocky Helmet|[of] p2a: Weezing
|faint|p1a: Hitmontop
|
|upkeep
|
|t:|1643643295
|switch|p1a: Magmortar|Magmortar, M|25/100 psn
|turn|43
|
|t:|1643643298
|move|p1a: Magmortar|Scorching Sands|p2a: Weezing
|-supereffective|p2a: Weezing
|-damage|p2a: Weezing|0 fnt
|faint|p2a: Weezing
|-end|p2a: Weezing|ability: Neutralizing Gas
|
|-damage|p1a: Magmortar|13/100 psn|[from] psn
|upkeep
|l|☆Blobfish123_
|inactive|Blobfish123_ disconnected and has a minute to reconnect!
|player|p1|
|
|t:|1643643299
|switch|p2a: Jolteon|Jolteon, F|30/100
|turn|44
|c|☆cafay sen sukr|rekt
|inactive|Blobfish123_ has 30 seconds to reconnect!
|inactive|Blobfish123_ has 20 seconds to reconnect!
|inactive|Blobfish123_ has 15 seconds to reconnect!
|inactive|Blobfish123_ has 10 seconds to reconnect!
|inactive|Blobfish123_ has 5 seconds to reconnect!
|-message|Blobfish123_ lost due to inactivity.
|
|win|cafay sen sukr
|raw|Blobfish123_'s rating: 1410 &rarr; <strong>1400</strong><br />(-10 for losing)
|raw|cafay sen sukr's rating: 1597 &rarr; <strong>1607</strong><br />(+10 for winning)
|l| Less is More Now
||Ladder isn't responding, score probably updated but might not have (Request timeout).
