|html|<div class="broadcast-blue"><strong>[Gen 8] PU is currently suspecting Scyther! For information on how to participate check out the <a href="https://www.smogon.com/forums/threads/np-ss-pu-stage-11-turn-turn-turn-scyther-retest.3707179/">suspect thread</a>.</strong></div>
|raw|<div class="broadcast-blue"><strong>This battle is required to be public due to a player having a name starting with 'pult4v4'.</div>
|j|☆PULT4v4 Alice
|j|☆pult4v4 ovens
|t:|1662735653
|gametype|singles
|player|p1|PULT4v4 Alice|#puplviiimoomoomilkers|1319
|player|p2|pult4v4 ovens|twins|1222
|teamsize|p1|6
|teamsize|p2|6
|gen|8
|tier|[Gen 8] PU
|rated|
|rule|Sleep Clause Mod: Limit one foe put to sleep
|rule|Species Clause: Limit one of each Pokémon
|rule|OHKO Clause: OHKO moves are banned
|rule|Evasion Items Clause: Evasion items are banned
|rule|Evasion Moves Clause: Evasion moves are banned
|rule|Endless Battle Clause: Forcing endless battles is banned
|rule|HP Percentage Mod: HP is shown in percentages
|rule|Dynamax Clause: You cannot dynamax
|clearpoke
|poke|p1|Magneton|
|poke|p1|Eldegoss, F|
|poke|p1|Sandslash, M|
|poke|p1|Ribombee, F|
|poke|p1|Gigalith, F|
|poke|p1|Scyther, F|
|poke|p2|Cinccino, M|
|poke|p2|Wishiwashi, M|
|poke|p2|Regirock|
|poke|p2|Togedemaru, M|
|poke|p2|Charizard, F|
|poke|p2|Ribombee, M|
|teampreview
|c|☆PULT4v4 Alice|hf
|c|☆pult4v4 ovens|u2
|
|t:|1662735673
|start
|switch|p1a: Scyther|Scyther, F|100/100
|switch|p2a: Cinccino|Cinccino, M|100/100
|turn|1
|
|t:|1662735679
|switch|p1a: Eldegoss|Eldegoss, F|100/100
|move|p2a: Cinccino|U-turn|p1a: Eldegoss
|-supereffective|p1a: Eldegoss
|-damage|p1a: Eldegoss|66/100
|
|t:|1662735687
|switch|p2a: Charizard|Charizard, F|100/100|[from]move: U-turn
|
|upkeep
|turn|2
|
|t:|1662735690
|switch|p1a: Gigalith|Gigalith, F|100/100
|-weather|Sandstorm|[from] ability: Sand Stream|[of] p1a: Gigalith
|move|p2a: Charizard|Toxic|p1a: Gigalith
|-status|p1a: Gigalith|tox
|
|-weather|Sandstorm|[upkeep]
|-damage|p2a: Charizard|94/100|[from] Sandstorm
|-damage|p1a: Gigalith|94/100 tox|[from] psn
|upkeep
|turn|3
|
|t:|1662735696
|switch|p2a: Regirock|Regirock|100/100
|move|p1a: Gigalith|Stealth Rock|p2a: Regirock
|-sidestart|p2: pult4v4 ovens|move: Stealth Rock
|
|-weather|Sandstorm|[upkeep]
|-damage|p1a: Gigalith|82/100 tox|[from] psn
|upkeep
|turn|4
|
|t:|1662735703
|switch|p1a: Sandslash|Sandslash, M|100/100
|move|p2a: Regirock|Iron Defense|p2a: Regirock
|-boost|p2a: Regirock|def|2
|
|-weather|Sandstorm|[upkeep]
|upkeep
|turn|5
|j| thws
|c|☆PULT4v4 Alice|oh
|
|t:|1662735723
|switch|p1a: Ribombee|Ribombee, F|100/100
|move|p2a: Regirock|Stealth Rock|p1a: Ribombee
|-sidestart|p1: PULT4v4 Alice|move: Stealth Rock
|
|-weather|Sandstorm|[upkeep]
|-damage|p1a: Ribombee|94/100|[from] Sandstorm
|upkeep
|turn|6
|
|t:|1662735730
|switch|p2a: Togedemaru|Togedemaru, M|100/100
|move|p1a: Ribombee|Moonblast|p2a: Togedemaru
|-resisted|p2a: Togedemaru
|-damage|p2a: Togedemaru|81/100
|
|-weather|Sandstorm|[upkeep]
|-damage|p1a: Ribombee|88/100|[from] Sandstorm
|upkeep
|turn|7
|
|t:|1662735741
|switch|p1a: Eldegoss|Eldegoss, F|99/100
|move|p2a: Togedemaru|U-turn|p1a: Eldegoss
|-supereffective|p1a: Eldegoss
|-crit|p1a: Eldegoss
|-damage|p1a: Eldegoss|62/100
|l| thws
|
|t:|1662735752
|switch|p2a: Charizard|Charizard, F|94/100|[from]move: U-turn
|
|-weather|Sandstorm|[upkeep]
|-damage|p2a: Charizard|88/100|[from] Sandstorm
|-damage|p1a: Eldegoss|55/100|[from] Sandstorm
|upkeep
|turn|8
|
|t:|1662735756
|switch|p1a: Gigalith|Gigalith, F|82/100 tox
|-damage|p1a: Gigalith|70/100 tox|[from] Stealth Rock
|move|p2a: Charizard|Flamethrower|p1a: Gigalith
|-resisted|p1a: Gigalith
|-damage|p1a: Gigalith|61/100 tox
|
|-weather|Sandstorm|[upkeep]
|-damage|p2a: Charizard|82/100|[from] Sandstorm
|-damage|p1a: Gigalith|55/100 tox|[from] psn
|upkeep
|turn|9
|
|t:|1662735775
|switch|p2a: Wishiwashi|Wishiwashi, M|100/100
|-damage|p2a: Wishiwashi|88/100|[from] Stealth Rock
|-formechange|p2a: Wishiwashi|Wishiwashi-School||[from] ability: Schooling
|move|p1a: Gigalith|Earthquake|p2a: Wishiwashi
|-damage|p2a: Wishiwashi|59/100
|
|-weather|none
|-heal|p2a: Wishiwashi|65/100|[from] item: Leftovers
|-damage|p1a: Gigalith|43/100 tox|[from] psn
|upkeep
|turn|10
|
|t:|1662735788
|switch|p1a: Eldegoss|Eldegoss, F|89/100
|move|p2a: Wishiwashi|U-turn|p1a: Eldegoss
|-supereffective|p1a: Eldegoss
|-damage|p1a: Eldegoss|54/100
|c|☆PULT4v4 Alice|damn
|
|t:|1662735804
|switch|p2a: Charizard|Charizard, F|82/100|[from]move: U-turn
|
|upkeep
|turn|11
|
|t:|1662735818
|switch|p1a: Gigalith|Gigalith, F|43/100 tox
|-damage|p1a: Gigalith|31/100 tox|[from] Stealth Rock
|-weather|Sandstorm|[from] ability: Sand Stream|[of] p1a: Gigalith
|move|p2a: Charizard|Flamethrower|p1a: Gigalith
|-resisted|p1a: Gigalith
|-damage|p1a: Gigalith|23/100 tox
|
|-weather|Sandstorm|[upkeep]
|-damage|p2a: Charizard|76/100|[from] Sandstorm
|-damage|p1a: Gigalith|17/100 tox|[from] psn
|upkeep
|turn|12
|
|t:|1662735834
|switch|p2a: Regirock|Regirock|100/100
|-damage|p2a: Regirock|88/100|[from] Stealth Rock
|move|p1a: Gigalith|Rest|p1a: Gigalith
|-status|p1a: Gigalith|slp|[from] move: Rest
|-heal|p1a: Gigalith|100/100 slp|[silent]
|
|-weather|Sandstorm|[upkeep]
|-heal|p2a: Regirock|94/100|[from] item: Leftovers
|upkeep
|turn|13
|
|t:|1662735848
|switch|p1a: Eldegoss|Eldegoss, F|88/100
|move|p2a: Regirock|Body Press|p1a: Eldegoss
|-damage|p1a: Eldegoss|53/100
|
|-weather|Sandstorm|[upkeep]
|-damage|p1a: Eldegoss|47/100|[from] Sandstorm
|-heal|p2a: Regirock|99/100|[from] item: Leftovers
|upkeep
|turn|14
|
|t:|1662735873
|move|p1a: Eldegoss|Leech Seed|p2a: Regirock
|-start|p2a: Regirock|move: Leech Seed
|move|p2a: Regirock|Body Press|p1a: Eldegoss
|-damage|p1a: Eldegoss|13/100
|
|-weather|Sandstorm|[upkeep]
|-damage|p1a: Eldegoss|7/100|[from] Sandstorm
|-heal|p2a: Regirock|100/100|[from] item: Leftovers
|-damage|p2a: Regirock|88/100|[from] Leech Seed|[of] p1a: Eldegoss
|-heal|p1a: Eldegoss|21/100|[silent]
|upkeep
|turn|15
|
|t:|1662735884
|move|p1a: Eldegoss|Giga Drain|p2a: Regirock
|-supereffective|p2a: Regirock
|-crit|p2a: Regirock
|-damage|p2a: Regirock|51/100
|-heal|p1a: Eldegoss|41/100|[from] drain|[of] p2a: Regirock
|move|p2a: Regirock|Body Press|p1a: Eldegoss
|-damage|p1a: Eldegoss|7/100
|
|-weather|Sandstorm|[upkeep]
|-damage|p1a: Eldegoss|0 fnt|[from] Sandstorm
|faint|p1a: Eldegoss
|-heal|p2a: Regirock|57/100|[from] item: Leftovers
|upkeep
|
|t:|1662735891
|switch|p1a: Sandslash|Sandslash, M|100/100
|-damage|p1a: Sandslash|94/100|[from] Stealth Rock
|turn|16
|
|t:|1662735908
|switch|p2a: Ribombee|Ribombee, M|100/100
|move|p1a: Sandslash|Earthquake|p2a: Ribombee
|-resisted|p2a: Ribombee
|-damage|p2a: Ribombee|42/100
|-damage|p1a: Sandslash|84/100|[from] item: Life Orb
|
|-weather|Sandstorm|[upkeep]
|-damage|p2a: Ribombee|36/100|[from] Sandstorm
|upkeep
|turn|17
|
|t:|1662735919
|switch|p2a: Wishiwashi|Wishiwashi, M|65/100
|-damage|p2a: Wishiwashi|53/100|[from] Stealth Rock
|-formechange|p2a: Wishiwashi|Wishiwashi-School||[from] ability: Schooling
|move|p1a: Sandslash|Earthquake|p2a: Wishiwashi
|-crit|p2a: Wishiwashi
|-damage|p2a: Wishiwashi|0 fnt
|faint|p2a: Wishiwashi
|-damage|p1a: Sandslash|74/100|[from] item: Life Orb
|
|-weather|Sandstorm|[upkeep]
|upkeep
|
|t:|1662735946
|switch|p2a: Ribombee|Ribombee, M|36/100
|turn|18
|
|t:|1662735954
|move|p1a: Sandslash|Earthquake|p2a: Ribombee
|-resisted|p2a: Ribombee
|-damage|p2a: Ribombee|0 fnt
|faint|p2a: Ribombee
|-damage|p1a: Sandslash|64/100|[from] item: Life Orb
|
|-weather|none
|upkeep
|
|t:|1662735957
|switch|p2a: Cinccino|Cinccino, M|100/100
|-damage|p2a: Cinccino|88/100|[from] Stealth Rock
|turn|19
|
|t:|1662735963
|switch|p1a: Gigalith|Gigalith, F|100/100 slp
|-damage|p1a: Gigalith|88/100 slp|[from] Stealth Rock
|-weather|Sandstorm|[from] ability: Sand Stream|[of] p1a: Gigalith
|move|p2a: Cinccino|Tail Slap|p1a: Gigalith
|-resisted|p1a: Gigalith
|-damage|p1a: Gigalith|84/100 slp
|-resisted|p1a: Gigalith
|-damage|p1a: Gigalith|80/100 slp
|-resisted|p1a: Gigalith
|-damage|p1a: Gigalith|76/100 slp
|-resisted|p1a: Gigalith
|-damage|p1a: Gigalith|72/100 slp
|-resisted|p1a: Gigalith
|-damage|p1a: Gigalith|68/100 slp
|-hitcount|p1a: Gigalith|5
|
|-weather|Sandstorm|[upkeep]
|-damage|p2a: Cinccino|82/100|[from] Sandstorm
|upkeep
|turn|20
|
|t:|1662735973
|switch|p1a: Magneton|Magneton|100/100
|-damage|p1a: Magneton|94/100|[from] Stealth Rock
|move|p2a: Cinccino|Knock Off|p1a: Magneton
|-damage|p1a: Magneton|56/100
|-enditem|p1a: Magneton|Choice Specs|[from] move: Knock Off|[of] p2a: Cinccino
|
|-weather|Sandstorm|[upkeep]
|-damage|p2a: Cinccino|76/100|[from] Sandstorm
|upkeep
|turn|21
|
|t:|1662735985
|move|p2a: Cinccino|U-turn|p1a: Magneton
|-resisted|p1a: Magneton
|-damage|p1a: Magneton|42/100
|
|t:|1662735988
|switch|p2a: Togedemaru|Togedemaru, M|81/100|[from]move: U-turn
|move|p1a: Magneton|Volt Switch|p2a: Togedemaru
|-ability|p2a: Togedemaru|Lightning Rod|boost
|-boost|p2a: Togedemaru|spa|1
|
|-weather|Sandstorm|[upkeep]
|upkeep
|turn|22
|
|t:|1662736001
|move|p1a: Magneton|Tri Attack|p2a: Togedemaru
|-resisted|p2a: Togedemaru
|-crit|p2a: Togedemaru
|-damage|p2a: Togedemaru|62/100
|move|p2a: Togedemaru|Iron Head|p1a: Magneton
|-resisted|p1a: Magneton
|-damage|p1a: Magneton|32/100
|
|-weather|Sandstorm|[upkeep]
|upkeep
|turn|23
|
|t:|1662736013
|switch|p1a: Sandslash|Sandslash, M|64/100
|-damage|p1a: Sandslash|58/100|[from] Stealth Rock
|move|p2a: Togedemaru|Iron Head|p1a: Sandslash
|-damage|p1a: Sandslash|29/100
|
|-weather|Sandstorm|[upkeep]
|upkeep
|turn|24
|
|t:|1662736027
|switch|p2a: Charizard|Charizard, F|76/100
|move|p1a: Sandslash|Rock Slide|p2a: Charizard
|-supereffective|p2a: Charizard
|-damage|p2a: Charizard|0 fnt
|faint|p2a: Charizard
|-damage|p1a: Sandslash|19/100|[from] item: Life Orb
|
|-weather|Sandstorm|[upkeep]
|upkeep
|
|t:|1662736038
|switch|p2a: Regirock|Regirock|57/100
|-damage|p2a: Regirock|45/100|[from] Stealth Rock
|turn|25
|
|t:|1662736042
|move|p1a: Sandslash|Earthquake|p2a: Regirock
|-supereffective|p2a: Regirock
|-damage|p2a: Regirock|0 fnt
|faint|p2a: Regirock
|-damage|p1a: Sandslash|9/100|[from] item: Life Orb
|
|-weather|Sandstorm|[upkeep]
|upkeep
|
|t:|1662736046
|switch|p2a: Togedemaru|Togedemaru, M|62/100
|turn|26
|
|t:|1662736055
|move|p1a: Sandslash|Earthquake|p2a: Togedemaru
|-supereffective|p2a: Togedemaru
|-damage|p2a: Togedemaru|0 fnt
|faint|p2a: Togedemaru
|-damage|p1a: Sandslash|0 fnt|[from] item: Life Orb
|faint|p1a: Sandslash
|
|-weather|none
|upkeep
|
|t:|1662736068
|switch|p2a: Cinccino|Cinccino, M|76/100
|switch|p1a: Gigalith|Gigalith, F|68/100 slp
|-damage|p2a: Cinccino|63/100|[from] Stealth Rock
|-damage|p1a: Gigalith|56/100 slp|[from] Stealth Rock
|-weather|Sandstorm|[from] ability: Sand Stream|[of] p1a: Gigalith
|turn|27
|
|t:|1662736074
|move|p2a: Cinccino|Bullet Seed|p1a: Gigalith
|-supereffective|p1a: Gigalith
|-damage|p1a: Gigalith|46/100 slp
|-supereffective|p1a: Gigalith
|-damage|p1a: Gigalith|35/100 slp
|-supereffective|p1a: Gigalith
|-damage|p1a: Gigalith|25/100 slp
|-supereffective|p1a: Gigalith
|-damage|p1a: Gigalith|13/100 slp
|-supereffective|p1a: Gigalith
|-damage|p1a: Gigalith|2/100 slp
|-hitcount|p1a: Gigalith|5
|cant|p1a: Gigalith|slp
|
|-weather|Sandstorm|[upkeep]
|-damage|p2a: Cinccino|57/100|[from] Sandstorm
|upkeep
|turn|28
|
|t:|1662736079
|move|p2a: Cinccino|Bullet Seed|p1a: Gigalith
|-supereffective|p1a: Gigalith
|-damage|p1a: Gigalith|0 fnt
|faint|p1a: Gigalith
|-hitcount|p1: Gigalith|1
|
|-weather|Sandstorm|[upkeep]
|-damage|p2a: Cinccino|51/100|[from] Sandstorm
|upkeep
|
|t:|1662736080
|switch|p1a: Ribombee|Ribombee, F|88/100
|turn|29
|
|t:|1662736083
|move|p1a: Ribombee|Moonblast|p2a: Cinccino
|-damage|p2a: Cinccino|0 fnt
|faint|p2a: Cinccino
|
|win|PULT4v4 Alice
|raw|PULT4v4 Alice's rating: 1319 &rarr; <strong>1334</strong><br />(+15 for winning)
|raw|pult4v4 ovens's rating: 1222 &rarr; <strong>1204</strong><br />(-18 for losing)
|c|☆PULT4v4 Alice|gg
|l|☆pult4v4 ovens
||Ladder isn't responding, score probably updated but might not have (Request timeout).
