|html|<div class="broadcast-blue"><strong>[Gen 8] PU is currently suspecting Drampa! For information on how to participate check out the <a href="https://www.smogon.com/forums/threads/np-pu-stage-7-i-hear-hyper-voices-in-my-head-drampa-suspect-test.3692992/">suspect thread</a>.</strong></div>
|j|☆zoowi
|j|☆one of the bouys
|t:|1636226590
|gametype|singles
|player|p1|zoowi|burglar-gen2|1426
|player|p2|one of the bouys|clown|1519
|teamsize|p1|6
|teamsize|p2|6
|gen|8
|tier|[Gen 8] PU
|rated|
|rule|Sleep Clause Mod: Limit one foe put to sleep
|rule|Species Clause: Limit one of each Pokémon
|rule|OHKO Clause: OHKO moves are banned
|rule|Evasion Moves Clause: Evasion moves are banned
|rule|Endless Battle Clause: Forcing endless battles is banned
|rule|HP Percentage Mod: HP is shown in percentages
|rule|Dynamax Clause: You cannot dynamax
|clearpoke
|poke|p1|Shiftry, F|
|poke|p1|Regirock|
|poke|p1|Vikavolt, F|
|poke|p1|Froslass, F|
|poke|p1|Articuno-Galar|
|poke|p1|Sandaconda, F|
|poke|p2|Flapple, F|
|poke|p2|Drifblim, M|
|poke|p2|Sandaconda, F|
|poke|p2|Weezing, F|
|poke|p2|Cryogonal|
|poke|p2|Gigalith, F|
|teampreview
|
|t:|1636226608
|start
|switch|p1a: Vikavolt|Vikavolt, F|100/100
|switch|p2a: Cryogonal|Cryogonal|100/100
|turn|1
|
|t:|1636226614
|move|p2a: Cryogonal|Ice Beam|p1a: Vikavolt
|-damage|p1a: Vikavolt|50/100
|move|p1a: Vikavolt|Volt Switch|p2a: Cryogonal
|-damage|p2a: Cryogonal|62/100
|
|t:|1636226624
|switch|p1a: Regirock|Regirock|100/100|[from]move: Volt Switch
|
|upkeep
|turn|2
|
|t:|1636226626
|switch|p2a: Sandaconda|Sandaconda, F|100/100
|move|p1a: Regirock|Stealth Rock|p2a: Sandaconda
|-sidestart|p2: one of the bouys|move: Stealth Rock
|
|upkeep
|turn|3
|
|t:|1636226633
|switch|p1a: Articuno|Articuno-Galar|100/100
|move|p2a: Sandaconda|Stealth Rock|p1a: Articuno
|-sidestart|p1: zoowi|move: Stealth Rock
|
|upkeep
|turn|4
|
|t:|1636226637
|switch|p2a: Gigalith|Gigalith, F|100/100
|-damage|p2a: Gigalith|88/100|[from] Stealth Rock
|-weather|Sandstorm|[from] ability: Sand Stream|[of] p2a: Gigalith
|move|p1a: Articuno|Freezing Glare|p2a: Gigalith
|-damage|p2a: Gigalith|66/100
|
|-weather|Sandstorm|[upkeep]
|-damage|p1a: Articuno|94/100|[from] Sandstorm
|-heal|p2a: Gigalith|72/100|[from] item: Leftovers
|upkeep
|turn|5
|
|t:|1636226642
|switch|p1a: Sandaconda|Sandaconda, F|100/100
|-damage|p1a: Sandaconda|94/100|[from] Stealth Rock
|move|p2a: Gigalith|Sand Tomb|p1a: Sandaconda
|-damage|p1a: Sandaconda|86/100
|-activate|p1a: Sandaconda|move: Sand Tomb|[of] p2a: Gigalith
|
|-weather|Sandstorm|[upkeep]
|-heal|p1a: Sandaconda|92/100|[from] item: Leftovers
|-heal|p2a: Gigalith|79/100|[from] item: Leftovers
|-damage|p1a: Sandaconda|80/100|[from] move: Sand Tomb|[partiallytrapped]
|upkeep
|turn|6
|
|t:|1636226651
|switch|p2a: Drifblim|Drifblim, M|100/100
|move|p1a: Sandaconda|Coil|p1a: Sandaconda
|-boost|p1a: Sandaconda|atk|1
|-boost|p1a: Sandaconda|def|1
|-boost|p1a: Sandaconda|accuracy|1
|
|-weather|Sandstorm|[upkeep]
|-damage|p2a: Drifblim|94/100|[from] Sandstorm
|-heal|p1a: Sandaconda|86/100|[from] item: Leftovers
|-end|p1a: Sandaconda|Sand Tomb|[partiallytrapped]|[silent]
|upkeep
|turn|7
|
|t:|1636226660
|move|p2a: Drifblim|Strength Sap|p1a: Sandaconda
|-unboost|p1a: Sandaconda|atk|1
|-heal|p2a: Drifblim|100/100
|move|p1a: Sandaconda|Stone Edge|p2a: Drifblim
|-supereffective|p2a: Drifblim
|-damage|p2a: Drifblim|49/100
|
|-weather|Sandstorm|[upkeep]
|-damage|p2a: Drifblim|43/100|[from] Sandstorm
|-heal|p1a: Sandaconda|92/100|[from] item: Leftovers
|upkeep
|turn|8
|
|t:|1636226674
|switch|p1a: Articuno|Articuno-Galar|94/100
|move|p2a: Drifblim|Knock Off|p1a: Articuno
|-supereffective|p1a: Articuno
|-damage|p1a: Articuno|48/100
|-enditem|p1a: Articuno|Heavy-Duty Boots|[from] move: Knock Off|[of] p2a: Drifblim
|
|-weather|none
|upkeep
|turn|9
|
|t:|1636226681
|switch|p2a: Gigalith|Gigalith, F|79/100
|-damage|p2a: Gigalith|66/100|[from] Stealth Rock
|-weather|Sandstorm|[from] ability: Sand Stream|[of] p2a: Gigalith
|move|p1a: Articuno|Recover|p1a: Articuno
|-heal|p1a: Articuno|98/100
|
|-weather|Sandstorm|[upkeep]
|-damage|p1a: Articuno|91/100|[from] Sandstorm
|-heal|p2a: Gigalith|72/100|[from] item: Leftovers
|upkeep
|turn|10
|
|t:|1636226690
|switch|p1a: Sandaconda|Sandaconda, F|92/100
|-damage|p1a: Sandaconda|86/100|[from] Stealth Rock
|move|p2a: Gigalith|Rock Blast|p1a: Sandaconda
|-resisted|p1a: Sandaconda
|-damage|p1a: Sandaconda|81/100
|-resisted|p1a: Sandaconda
|-damage|p1a: Sandaconda|76/100
|-hitcount|p1a: Sandaconda|2
|
|-weather|Sandstorm|[upkeep]
|-heal|p1a: Sandaconda|82/100|[from] item: Leftovers
|-heal|p2a: Gigalith|79/100|[from] item: Leftovers
|upkeep
|turn|11
|
|t:|1636226693
|switch|p2a: Flapple|Flapple, F|100/100
|-damage|p2a: Flapple|88/100|[from] Stealth Rock
|move|p1a: Sandaconda|Earthquake|p2a: Flapple
|-resisted|p2a: Flapple
|-damage|p2a: Flapple|58/100
|
|-weather|Sandstorm|[upkeep]
|-damage|p2a: Flapple|52/100|[from] Sandstorm
|-heal|p1a: Sandaconda|88/100|[from] item: Leftovers
|upkeep
|turn|12
|
|t:|1636226707
|switch|p1a: Vikavolt|Vikavolt, F|50/100
|move|p2a: Flapple|Grav Apple|p1a: Vikavolt
|-resisted|p1a: Vikavolt
|-damage|p1a: Vikavolt|5/100
|-unboost|p1a: Vikavolt|def|1
|-damage|p2a: Flapple|42/100|[from] item: Life Orb
|
|-weather|Sandstorm|[upkeep]
|-damage|p2a: Flapple|36/100|[from] Sandstorm
|-damage|p1a: Vikavolt|0 fnt|[from] Sandstorm
|faint|p1a: Vikavolt
|upkeep
|
|t:|1636226710
|switch|p1a: Shiftry|Shiftry, F|100/100
|-damage|p1a: Shiftry|88/100|[from] Stealth Rock
|turn|13
|
|t:|1636226713
|switch|p2a: Weezing|Weezing, F|100/100
|-ability|p2a: Weezing|Neutralizing Gas
|-damage|p2a: Weezing|88/100|[from] Stealth Rock
|move|p1a: Shiftry|Knock Off|p2a: Weezing
|-damage|p2a: Weezing|58/100
|-damage|p1a: Shiftry|72/100|[from] item: Rocky Helmet|[of] p2a: Weezing
|-enditem|p2a: Weezing|Rocky Helmet|[from] move: Knock Off|[of] p1a: Shiftry
|
|-weather|none
|-heal|p1a: Shiftry|78/100|[from] item: Leftovers
|upkeep
|turn|14
|
|t:|1636226720
|switch|p1a: Articuno|Articuno-Galar|91/100
|-damage|p1a: Articuno|67/100|[from] Stealth Rock
|move|p2a: Weezing|Toxic Spikes|p1a: Articuno
|-sidestart|p1: zoowi|move: Toxic Spikes
|
|upkeep
|turn|15
|
|t:|1636226725
|-end|p2a: Weezing|ability: Neutralizing Gas
|switch|p2a: Gigalith|Gigalith, F|79/100
|-damage|p2a: Gigalith|66/100|[from] Stealth Rock
|-weather|Sandstorm|[from] ability: Sand Stream|[of] p2a: Gigalith
|move|p1a: Articuno|Freezing Glare|p2a: Gigalith
|-damage|p2a: Gigalith|42/100
|
|-weather|Sandstorm|[upkeep]
|-damage|p1a: Articuno|60/100|[from] Sandstorm
|-heal|p2a: Gigalith|48/100|[from] item: Leftovers
|upkeep
|turn|16
|
|t:|1636226735
|switch|p1a: Sandaconda|Sandaconda, F|88/100
|-status|p1a: Sandaconda|psn
|-damage|p1a: Sandaconda|82/100 psn|[from] Stealth Rock
|move|p2a: Gigalith|Rock Blast|p1a: Sandaconda
|-resisted|p1a: Sandaconda
|-damage|p1a: Sandaconda|77/100 psn
|-resisted|p1a: Sandaconda
|-damage|p1a: Sandaconda|72/100 psn
|-resisted|p1a: Sandaconda
|-damage|p1a: Sandaconda|68/100 psn
|-resisted|p1a: Sandaconda
|-damage|p1a: Sandaconda|63/100 psn
|-resisted|p1a: Sandaconda
|-damage|p1a: Sandaconda|59/100 psn
|-hitcount|p1a: Sandaconda|5
|
|-weather|Sandstorm|[upkeep]
|-heal|p1a: Sandaconda|65/100 psn|[from] item: Leftovers
|-heal|p2a: Gigalith|54/100|[from] item: Leftovers
|-damage|p1a: Sandaconda|53/100 psn|[from] psn
|upkeep
|turn|17
|
|t:|1636226745
|switch|p2a: Drifblim|Drifblim, M|43/100
|move|p1a: Sandaconda|Rest|p1a: Sandaconda
|-status|p1a: Sandaconda|slp|[from] move: Rest
|-heal|p1a: Sandaconda|100/100 slp|[silent]
|
|-weather|Sandstorm|[upkeep]
|-damage|p2a: Drifblim|37/100|[from] Sandstorm
|-activate|p1a: Sandaconda|ability: Shed Skin
|-curestatus|p1a: Sandaconda|slp|[msg]
|upkeep
|turn|18
|
|t:|1636226749
|switch|p1a: Articuno|Articuno-Galar|60/100
|-damage|p1a: Articuno|35/100|[from] Stealth Rock
|move|p2a: Drifblim|Strength Sap|p1a: Articuno
|-unboost|p1a: Articuno|atk|1
|-ability|p1a: Articuno|Competitive
|-boost|p1a: Articuno|spa|2
|-heal|p2a: Drifblim|72/100
|
|-weather|Sandstorm|[upkeep]
|-damage|p1a: Articuno|29/100|[from] Sandstorm
|-damage|p2a: Drifblim|66/100|[from] Sandstorm
|upkeep
|turn|19
|
|t:|1636226767
|switch|p2a: Sandaconda|Sandaconda, F|100/100
|-damage|p2a: Sandaconda|94/100|[from] Stealth Rock
|move|p1a: Articuno|Recover|p1a: Articuno
|-heal|p1a: Articuno|79/100
|
|-weather|none
|upkeep
|turn|20
|
|t:|1636226770
|move|p1a: Articuno|Freezing Glare|p2a: Sandaconda
|-damage|p2a: Sandaconda|0 fnt
|faint|p2a: Sandaconda
|
|upkeep
|
|t:|1636226772
|switch|p2a: Cryogonal|Cryogonal|62/100
|turn|21
|
|t:|1636226776
|move|p2a: Cryogonal|Ice Beam|p1a: Articuno
|-supereffective|p1a: Articuno
|-damage|p1a: Articuno|0 fnt
|faint|p1a: Articuno
|
|upkeep
|
|t:|1636226779
|switch|p1a: Froslass|Froslass, F|100/100
|turn|22
|
|t:|1636226786
|switch|p2a: Gigalith|Gigalith, F|54/100
|-damage|p2a: Gigalith|42/100|[from] Stealth Rock
|-weather|Sandstorm|[from] ability: Sand Stream|[of] p2a: Gigalith
|move|p1a: Froslass|Avalanche|p2a: Gigalith
|-damage|p2a: Gigalith|28/100
|
|-weather|Sandstorm|[upkeep]
|-damage|p1a: Froslass|94/100|[from] Sandstorm
|-heal|p2a: Gigalith|34/100|[from] item: Leftovers
|upkeep
|turn|23
|
|t:|1636226793
|switch|p1a: Sandaconda|Sandaconda, F|100/100
|-status|p1a: Sandaconda|psn
|-damage|p1a: Sandaconda|94/100 psn|[from] Stealth Rock
|move|p2a: Gigalith|Rock Blast|p1a: Sandaconda
|-resisted|p1a: Sandaconda
|-damage|p1a: Sandaconda|90/100 psn
|-resisted|p1a: Sandaconda
|-damage|p1a: Sandaconda|86/100 psn
|-resisted|p1a: Sandaconda
|-damage|p1a: Sandaconda|80/100 psn
|-resisted|p1a: Sandaconda
|-damage|p1a: Sandaconda|75/100 psn
|-resisted|p1a: Sandaconda
|-damage|p1a: Sandaconda|71/100 psn
|-hitcount|p1a: Sandaconda|5
|
|-weather|Sandstorm|[upkeep]
|-activate|p1a: Sandaconda|ability: Shed Skin
|-curestatus|p1a: Sandaconda|psn|[msg]
|-heal|p1a: Sandaconda|77/100|[from] item: Leftovers
|-heal|p2a: Gigalith|41/100|[from] item: Leftovers
|upkeep
|turn|24
|
|t:|1636226807
|move|p1a: Sandaconda|Coil|p1a: Sandaconda
|-boost|p1a: Sandaconda|atk|1
|-boost|p1a: Sandaconda|def|1
|-boost|p1a: Sandaconda|accuracy|1
|move|p2a: Gigalith|Sand Tomb|p1a: Sandaconda
|-damage|p1a: Sandaconda|71/100
|-activate|p1a: Sandaconda|move: Sand Tomb|[of] p2a: Gigalith
|
|-weather|Sandstorm|[upkeep]
|-heal|p1a: Sandaconda|77/100|[from] item: Leftovers
|-heal|p2a: Gigalith|47/100|[from] item: Leftovers
|-damage|p1a: Sandaconda|65/100|[from] move: Sand Tomb|[partiallytrapped]
|upkeep
|turn|25
|
|t:|1636226812
|move|p1a: Sandaconda|Coil|p1a: Sandaconda
|-boost|p1a: Sandaconda|atk|1
|-boost|p1a: Sandaconda|def|1
|-boost|p1a: Sandaconda|accuracy|1
|move|p2a: Gigalith|Rock Blast|p1a: Sandaconda
|-resisted|p1a: Sandaconda
|-damage|p1a: Sandaconda|62/100
|-resisted|p1a: Sandaconda
|-damage|p1a: Sandaconda|60/100
|-resisted|p1a: Sandaconda
|-damage|p1a: Sandaconda|57/100
|-resisted|p1a: Sandaconda
|-damage|p1a: Sandaconda|55/100
|-resisted|p1a: Sandaconda
|-damage|p1a: Sandaconda|53/100
|-hitcount|p1a: Sandaconda|5
|
|-weather|Sandstorm|[upkeep]
|-heal|p1a: Sandaconda|59/100|[from] item: Leftovers
|-heal|p2a: Gigalith|53/100|[from] item: Leftovers
|-damage|p1a: Sandaconda|46/100|[from] move: Sand Tomb|[partiallytrapped]
|upkeep
|turn|26
|
|t:|1636226816
|move|p1a: Sandaconda|Rest|p1a: Sandaconda
|-status|p1a: Sandaconda|slp|[from] move: Rest
|-heal|p1a: Sandaconda|100/100 slp|[silent]
|move|p2a: Gigalith|Rock Blast|p1a: Sandaconda
|-resisted|p1a: Sandaconda
|-damage|p1a: Sandaconda|98/100 slp
|-resisted|p1a: Sandaconda
|-damage|p1a: Sandaconda|96/100 slp
|-resisted|p1a: Sandaconda
|-damage|p1a: Sandaconda|93/100 slp
|-hitcount|p1a: Sandaconda|3
|
|-weather|none
|-heal|p1a: Sandaconda|99/100 slp|[from] item: Leftovers
|-heal|p2a: Gigalith|59/100|[from] item: Leftovers
|-damage|p1a: Sandaconda|87/100 slp|[from] move: Sand Tomb|[partiallytrapped]
|upkeep
|turn|27
|
|t:|1636226819
|switch|p2a: Cryogonal|Cryogonal|62/100
|cant|p1a: Sandaconda|slp
|
|-activate|p1a: Sandaconda|ability: Shed Skin
|-curestatus|p1a: Sandaconda|slp|[msg]
|-heal|p1a: Sandaconda|93/100|[from] item: Leftovers
|-end|p1a: Sandaconda|Sand Tomb|[partiallytrapped]|[silent]
|upkeep
|turn|28
|
|t:|1636226827
|switch|p1a: Froslass|Froslass, F|94/100
|move|p2a: Cryogonal|Ice Beam|p1a: Froslass
|-resisted|p1a: Froslass
|-damage|p1a: Froslass|68/100
|
|upkeep
|turn|29
|
|t:|1636226841
|move|p1a: Froslass|Spikes|p2a: Cryogonal
|-sidestart|p2: one of the bouys|Spikes
|move|p2a: Cryogonal|Toxic|p1a: Froslass
|-status|p1a: Froslass|tox
|
|-damage|p1a: Froslass|62/100 tox|[from] psn
|upkeep
|turn|30
|
|t:|1636226845
|move|p1a: Froslass|Spikes|p2a: Cryogonal
|-sidestart|p2: one of the bouys|Spikes
|move|p2a: Cryogonal|Recover|p2a: Cryogonal
|-heal|p2a: Cryogonal|100/100
|
|-damage|p1a: Froslass|50/100 tox|[from] psn
|upkeep
|turn|31
|
|t:|1636226850
|move|p1a: Froslass|Spikes|p2a: Cryogonal
|-sidestart|p2: one of the bouys|Spikes
|move|p2a: Cryogonal|Ice Beam|p1a: Froslass
|-resisted|p1a: Froslass
|-damage|p1a: Froslass|26/100 tox
|
|-damage|p1a: Froslass|8/100 tox|[from] psn
|upkeep
|turn|32
|
|t:|1636226853
|move|p1a: Froslass|Destiny Bond|p1a: Froslass
|-singlemove|p1a: Froslass|Destiny Bond
|move|p2a: Cryogonal|Recover||[still]
|-fail|p2a: Cryogonal|heal
|
|-damage|p1a: Froslass|0 fnt|[from] psn
|faint|p1a: Froslass
|upkeep
|
|t:|1636226861
|switch|p1a: Regirock|Regirock|100/100
|-damage|p1a: Regirock|88/100|[from] Stealth Rock
|-status|p1a: Regirock|psn
|turn|33
|
|t:|1636226890
|switch|p2a: Gigalith|Gigalith, F|59/100
|-damage|p2a: Gigalith|47/100|[from] Stealth Rock
|-damage|p2a: Gigalith|22/100|[from] Spikes
|-weather|Sandstorm|[from] ability: Sand Stream|[of] p2a: Gigalith
|move|p1a: Regirock|Body Press|p2a: Gigalith
|-supereffective|p2a: Gigalith
|-damage|p2a: Gigalith|0 fnt
|faint|p2a: Gigalith
|
|-weather|Sandstorm|[upkeep]
|-heal|p1a: Regirock|94/100 psn|[from] item: Leftovers
|-damage|p1a: Regirock|82/100 psn|[from] psn
|upkeep
|
|t:|1636226895
|switch|p2a: Weezing|Weezing, F|58/100
|-ability|p2a: Weezing|Neutralizing Gas
|-damage|p2a: Weezing|45/100|[from] Stealth Rock
|-damage|p2a: Weezing|21/100|[from] Spikes
|turn|34
|
|t:|1636226900
|switch|p1a: Sandaconda|Sandaconda, F|93/100
|-damage|p1a: Sandaconda|87/100|[from] Stealth Rock
|-status|p1a: Sandaconda|psn
|move|p2a: Weezing|Pain Split|p1a: Sandaconda
|-sethp|p1a: Sandaconda|53/100 psn|[from] move: Pain Split|[silent]
|-sethp|p2a: Weezing|56/100|[from] move: Pain Split
|
|-weather|Sandstorm|[upkeep]
|-damage|p2a: Weezing|50/100|[from] Sandstorm
|-heal|p1a: Sandaconda|59/100 psn|[from] item: Leftovers
|-damage|p1a: Sandaconda|47/100 psn|[from] psn
|upkeep
|turn|35
|
|t:|1636226915
|-end|p2a: Weezing|ability: Neutralizing Gas
|switch|p2a: Drifblim|Drifblim, M|66/100
|move|p1a: Sandaconda|Stone Edge|p2a: Drifblim|[miss]
|-miss|p1a: Sandaconda|p2a: Drifblim
|
|-weather|Sandstorm|[upkeep]
|-damage|p2a: Drifblim|60/100|[from] Sandstorm
|-heal|p1a: Sandaconda|53/100 psn|[from] item: Leftovers
|-damage|p1a: Sandaconda|41/100 psn|[from] psn
|upkeep
|turn|36
|
|t:|1636226926
|move|p2a: Drifblim|Knock Off|p1a: Sandaconda
|-damage|p1a: Sandaconda|27/100 psn
|-enditem|p1a: Sandaconda|Leftovers|[from] move: Knock Off|[of] p2a: Drifblim
|move|p1a: Sandaconda|Coil|p1a: Sandaconda
|-boost|p1a: Sandaconda|atk|1
|-boost|p1a: Sandaconda|def|1
|-boost|p1a: Sandaconda|accuracy|1
|
|-weather|Sandstorm|[upkeep]
|-damage|p2a: Drifblim|54/100|[from] Sandstorm
|-activate|p1a: Sandaconda|ability: Shed Skin
|-curestatus|p1a: Sandaconda|psn|[msg]
|upkeep
|turn|37
|
|t:|1636226932
|move|p2a: Drifblim|Clear Smog|p1a: Sandaconda
|-resisted|p1a: Sandaconda
|-damage|p1a: Sandaconda|23/100
|-clearboost|p1a: Sandaconda
|move|p1a: Sandaconda|Rest|p1a: Sandaconda
|-status|p1a: Sandaconda|slp|[from] move: Rest
|-heal|p1a: Sandaconda|100/100 slp|[silent]
|
|-weather|none
|-activate|p1a: Sandaconda|ability: Shed Skin
|-curestatus|p1a: Sandaconda|slp|[msg]
|upkeep
|turn|38
|
|t:|1636226937
|move|p2a: Drifblim|Strength Sap|p1a: Sandaconda
|-unboost|p1a: Sandaconda|atk|1
|-heal|p2a: Drifblim|100/100
|move|p1a: Sandaconda|Stone Edge|p2a: Drifblim
|-supereffective|p2a: Drifblim
|-damage|p2a: Drifblim|69/100
|
|upkeep
|turn|39
|
|t:|1636226944
|move|p2a: Drifblim|Will-O-Wisp|p1a: Sandaconda
|-status|p1a: Sandaconda|brn
|move|p1a: Sandaconda|Coil|p1a: Sandaconda
|-boost|p1a: Sandaconda|atk|1
|-boost|p1a: Sandaconda|def|1
|-boost|p1a: Sandaconda|accuracy|1
|
|-activate|p1a: Sandaconda|ability: Shed Skin
|-curestatus|p1a: Sandaconda|brn|[msg]
|upkeep
|turn|40
|
|t:|1636226947
|move|p2a: Drifblim|Clear Smog|p1a: Sandaconda
|-resisted|p1a: Sandaconda
|-damage|p1a: Sandaconda|96/100
|-clearboost|p1a: Sandaconda
|move|p1a: Sandaconda|Coil|p1a: Sandaconda
|-boost|p1a: Sandaconda|atk|1
|-boost|p1a: Sandaconda|def|1
|-boost|p1a: Sandaconda|accuracy|1
|
|upkeep
|turn|41
|
|t:|1636226961
|move|p2a: Drifblim|Clear Smog|p1a: Sandaconda
|-resisted|p1a: Sandaconda
|-damage|p1a: Sandaconda|92/100
|-clearboost|p1a: Sandaconda
|move|p1a: Sandaconda|Stone Edge|p2a: Drifblim
|-supereffective|p2a: Drifblim
|-damage|p2a: Drifblim|22/100
|
|upkeep
|turn|42
|
|t:|1636226967
|switch|p1a: Regirock|Regirock|82/100 psn
|-damage|p1a: Regirock|69/100 psn|[from] Stealth Rock
|move|p2a: Drifblim|Strength Sap|p1a: Regirock
|-fail|p1a: Regirock|unboost|[from] ability: Clear Body|[of] p1a: Regirock
|-heal|p2a: Drifblim|64/100
|
|-heal|p1a: Regirock|75/100 psn|[from] item: Leftovers
|-damage|p1a: Regirock|63/100 psn|[from] psn
|upkeep
|turn|43
|
|t:|1636227000
|move|p2a: Drifblim|Strength Sap|p1a: Regirock
|-fail|p1a: Regirock|unboost|[from] ability: Clear Body|[of] p1a: Regirock
|-heal|p2a: Drifblim|100/100
|move|p1a: Regirock|Toxic|p2a: Drifblim
|-status|p2a: Drifblim|tox
|
|-heal|p1a: Regirock|69/100 psn|[from] item: Leftovers
|-damage|p2a: Drifblim|94/100 tox|[from] psn
|-damage|p1a: Regirock|57/100 psn|[from] psn
|upkeep
|turn|44
|
|t:|1636227005
|switch|p1a: Sandaconda|Sandaconda, F|92/100
|-damage|p1a: Sandaconda|86/100|[from] Stealth Rock
|-status|p1a: Sandaconda|psn
|move|p2a: Drifblim|Knock Off|p1a: Sandaconda
|-damage|p1a: Sandaconda|76/100 psn
|
|-damage|p2a: Drifblim|82/100 tox|[from] psn
|-damage|p1a: Sandaconda|64/100 psn|[from] psn
|upkeep
|turn|45
|
|t:|1636227013
|switch|p2a: Flapple|Flapple, F|36/100
|-damage|p2a: Flapple|11/100|[from] Spikes
|-damage|p2a: Flapple|0 fnt|[from] Stealth Rock
|faint|p2a: Flapple
|move|p1a: Sandaconda|Coil|p1a: Sandaconda
|-boost|p1a: Sandaconda|atk|1
|-boost|p1a: Sandaconda|def|1
|-boost|p1a: Sandaconda|accuracy|1
|
|-damage|p1a: Sandaconda|51/100 psn|[from] psn
|upkeep
|
|t:|1636227015
|switch|p2a: Cryogonal|Cryogonal|100/100
|turn|46
|
|t:|1636227017
|switch|p1a: Shiftry|Shiftry, F|78/100
|-status|p1a: Shiftry|psn
|-damage|p1a: Shiftry|65/100 psn|[from] Stealth Rock
|move|p2a: Cryogonal|Ice Beam|p1a: Shiftry
|-supereffective|p1a: Shiftry
|-damage|p1a: Shiftry|0 fnt
|faint|p1a: Shiftry
|
|upkeep
|
|t:|1636227018
|switch|p1a: Regirock|Regirock|57/100 psn
|-damage|p1a: Regirock|44/100 psn|[from] Stealth Rock
|turn|47
|
|t:|1636227021
|switch|p2a: Drifblim|Drifblim, M|82/100 tox
|move|p1a: Regirock|Body Press|p2a: Drifblim
|-immune|p2a: Drifblim
|
|-heal|p1a: Regirock|50/100 psn|[from] item: Leftovers
|-damage|p2a: Drifblim|76/100 tox|[from] psn
|-damage|p1a: Regirock|38/100 psn|[from] psn
|upkeep
|turn|48
|
|t:|1636227028
|move|p2a: Drifblim|Knock Off|p1a: Regirock
|-damage|p1a: Regirock|30/100 psn
|-enditem|p1a: Regirock|Leftovers|[from] move: Knock Off|[of] p2a: Drifblim
|move|p1a: Regirock|Body Press|p2a: Drifblim
|-immune|p2a: Drifblim
|
|-damage|p2a: Drifblim|64/100 tox|[from] psn
|-damage|p1a: Regirock|18/100 psn|[from] psn
|upkeep
|turn|49
|
|t:|1636227042
|switch|p2a: Weezing|Weezing, F|50/100
|-ability|p2a: Weezing|Neutralizing Gas
|-damage|p2a: Weezing|37/100|[from] Stealth Rock
|-damage|p2a: Weezing|12/100|[from] Spikes
|switch|p1a: Sandaconda|Sandaconda, F|51/100 psn
|-damage|p1a: Sandaconda|45/100 psn|[from] Stealth Rock
|
|-damage|p1a: Sandaconda|33/100 psn|[from] psn
|upkeep
|turn|50
|
|t:|1636227046
|move|p1a: Sandaconda|Rest|p1a: Sandaconda
|-status|p1a: Sandaconda|slp|[from] move: Rest
|-heal|p1a: Sandaconda|100/100 slp|[silent]
|move|p2a: Weezing|Clear Smog|p1a: Sandaconda
|-resisted|p1a: Sandaconda
|-damage|p1a: Sandaconda|94/100 slp
|-clearboost|p1a: Sandaconda
|
|upkeep
|turn|51
|
|t:|1636227048
|-end|p2a: Weezing|ability: Neutralizing Gas
|switch|p2a: Cryogonal|Cryogonal|100/100
|cant|p1a: Sandaconda|slp
|
|upkeep
|turn|52
|
|t:|1636227051
|move|p2a: Cryogonal|Ice Beam|p1a: Sandaconda
|-supereffective|p1a: Sandaconda
|-damage|p1a: Sandaconda|32/100 slp
|cant|p1a: Sandaconda|slp
|
|upkeep
|turn|53
|
|t:|1636227054
|move|p2a: Cryogonal|Ice Beam|p1a: Sandaconda
|-supereffective|p1a: Sandaconda
|-damage|p1a: Sandaconda|0 fnt
|faint|p1a: Sandaconda
|
|upkeep
|
|t:|1636227056
|switch|p1a: Regirock|Regirock|18/100 psn
|-damage|p1a: Regirock|5/100 psn|[from] Stealth Rock
|turn|54
|
|t:|1636227057
|move|p1a: Regirock|Protect|p1a: Regirock
|-singleturn|p1a: Regirock|Protect
|move|p2a: Cryogonal|Ice Beam|p1a: Regirock
|-activate|p1a: Regirock|move: Protect
|
|-damage|p1a: Regirock|0 fnt|[from] psn
|faint|p1a: Regirock
|
|win|one of the bouys
|upkeep
|raw|zoowi's rating: 1426 &rarr; <strong>1411</strong><br />(-15 for losing)
|raw|one of the bouys's rating: 1519 &rarr; <strong>1534</strong><br />(+15 for winning)
|l|☆zoowi
|c|☆one of the bouys|gg
