|j|☆Waze Up
|j|☆Gellolo
|t:|1610220831
|player|p1|Waze Up|flint|1051
|player|p2|Gellolo|depotagent|1000
|teamsize|p1|6
|teamsize|p2|6
|gametype|singles
|gen|8
|tier|[Gen 8] PU
|rated|
|clearpoke
|poke|p1|Lanturn, F|
|poke|p1|Ferroseed, F|
|poke|p1|Weezing, F|
|poke|p1|Hitmontop, M|
|poke|p1|Scyther, M|
|poke|p1|Xatu, M|
|poke|p2|Regigigas|
|poke|p2|Archeops, M|
|poke|p2|Gigalith, F|
|poke|p2|Scrafty, F|
|poke|p2|Tsareena, F|
|poke|p2|Toxicroak, M|
|rule|Sleep Clause Mod: Limit one foe put to sleep
|rule|Species Clause: Limit one of each Pokémon
|rule|OHKO Clause: OHKO moves are banned
|rule|Evasion Moves Clause: Evasion moves are banned
|rule|Endless Battle Clause: Forcing endless battles is banned
|rule|HP Percentage Mod: HP is shown in percentages
|rule|Dynamax Clause: You cannot dynamax
|teampreview
|
|t:|1610220844
|start
|switch|p1a: Lanturn|Lanturn, F|100/100
|switch|p2a: Scrafty|Scrafty, F|100/100
|turn|1
|inactive|Battle timer is ON: inactive players will automatically lose when time's up. (requested by Gellolo)
|
|t:|1610220865
|move|p2a: Scrafty|Substitute|p2a: Scrafty
|-start|p2a: Scrafty|Substitute
|-damage|p2a: Scrafty|76/100
|move|p1a: Lanturn|Dazzling Gleam|p2a: Scrafty
|-supereffective|p2a: Scrafty
|-end|p2a: Scrafty|Substitute
|
|upkeep
|turn|2
|
|t:|1610220875
|switch|p2a: Gigalith|Gigalith, F|100/100
|-weather|Sandstorm|[from] ability: Sand Stream|[of] p2a: Gigalith
|move|p1a: Lanturn|Dazzling Gleam|p2a: Gigalith
|-damage|p2a: Gigalith|92/100
|
|-weather|Sandstorm|[upkeep]
|-damage|p1a: Lanturn|94/100|[from] Sandstorm
|-heal|p2a: Gigalith|98/100|[from] item: Leftovers
|upkeep
|turn|3
|
|t:|1610220886
|switch|p1a: Xatu|Xatu, M|100/100
|move|p2a: Gigalith|Stealth Rock|p1a: Xatu
|move|p1a: Xatu|Stealth Rock|p2a: Gigalith|[from]ability: Magic Bounce
|-sidestart|p2: Gellolo|move: Stealth Rock
|
|-weather|Sandstorm|[upkeep]
|-damage|p1a: Xatu|95/100|[from] Sandstorm
|-heal|p2a: Gigalith|100/100|[from] item: Leftovers
|upkeep
|turn|4
|
|t:|1610220908
|move|p1a: Xatu|Giga Drain|p2a: Gigalith
|-supereffective|p2a: Gigalith
|-damage|p2a: Gigalith|82/100
|-heal|p1a: Xatu|100/100|[from] drain|[of] p2a: Gigalith
|move|p2a: Gigalith|Rock Blast|p1a: Xatu
|-supereffective|p1a: Xatu
|-damage|p1a: Xatu|70/100
|-supereffective|p1a: Xatu
|-damage|p1a: Xatu|37/100
|-hitcount|p1a: Xatu|2
|
|-weather|Sandstorm|[upkeep]
|-damage|p1a: Xatu|31/100|[from] Sandstorm
|-heal|p2a: Gigalith|88/100|[from] item: Leftovers
|upkeep
|turn|5
|inactive|Waze Up has 120 seconds left.
|
|t:|1610220929
|switch|p1a: Ferroseed|Ferroseed, F|100/100
|move|p2a: Gigalith|Earthquake|p1a: Ferroseed
|-damage|p1a: Ferroseed|81/100
|
|-weather|Sandstorm|[upkeep]
|-heal|p2a: Gigalith|95/100|[from] item: Leftovers
|upkeep
|turn|6
|inactive|Waze Up has 120 seconds left.
|
|t:|1610220955
|switch|p2a: Scrafty|Scrafty, F|76/100
|-damage|p2a: Scrafty|70/100|[from] Stealth Rock
|move|p1a: Ferroseed|Stealth Rock||[still]
|-fail|p1a: Ferroseed
|
|-weather|none
|upkeep
|turn|7
|
|t:|1610220965
|move|p2a: Scrafty|Substitute|p2a: Scrafty
|-start|p2a: Scrafty|Substitute
|-damage|p2a: Scrafty|45/100
|move|p1a: Ferroseed|Knock Off|p2a: Scrafty
|-resisted|p2a: Scrafty
|-activate|p2a: Scrafty|move: Substitute|[damage]
|
|upkeep
|turn|8
|
|t:|1610220973
|switch|p1a: Xatu|Xatu, M|31/100
|move|p2a: Scrafty|Dragon Dance|p2a: Scrafty
|-boost|p2a: Scrafty|atk|1
|-boost|p2a: Scrafty|spe|1
|
|upkeep
|turn|9
|inactive|Waze Up has 120 seconds left.
|
|t:|1610220989
|move|p2a: Scrafty|Beat Up|p1a: Xatu
|-supereffective|p1a: Xatu
|-damage|p1a: Xatu|7/100
|-supereffective|p1a: Xatu
|-damage|p1a: Xatu|0 fnt
|-hitcount|p1a: Xatu|2
|faint|p1a: Xatu
|-ability|p2a: Scrafty|Moxie|boost
|-boost|p2a: Scrafty|atk|1
|
|upkeep
|
|t:|1610221000
|switch|p1a: Scyther|Scyther, M|100/100
|turn|10
|
|t:|1610221005
|move|p2a: Scrafty|Beat Up|p1a: Scyther
|-damage|p1a: Scyther|90/100
|-damage|p1a: Scyther|76/100
|-damage|p1a: Scyther|60/100
|-damage|p1a: Scyther|44/100
|-damage|p1a: Scyther|31/100
|-damage|p1a: Scyther|18/100
|-hitcount|p1a: Scyther|6
|move|p1a: Scyther|Dual Wingbeat|p2a: Scrafty
|-supereffective|p2a: Scrafty
|-end|p2a: Scrafty|Substitute
|-supereffective|p2a: Scrafty
|-damage|p2a: Scrafty|0 fnt
|-hitcount|p2a: Scrafty|2
|faint|p2a: Scrafty
|
|upkeep
|
|t:|1610221022
|switch|p2a: Gigalith|Gigalith, F|95/100
|-damage|p2a: Gigalith|82/100|[from] Stealth Rock
|-weather|Sandstorm|[from] ability: Sand Stream|[of] p2a: Gigalith
|turn|11
|
|t:|1610221028
|switch|p1a: Ferroseed|Ferroseed, F|81/100
|move|p2a: Gigalith|Stealth Rock|p1a: Ferroseed
|-sidestart|p1: Waze Up|move: Stealth Rock
|
|-weather|Sandstorm|[upkeep]
|-heal|p2a: Gigalith|88/100|[from] item: Leftovers
|upkeep
|turn|12
|
|t:|1610221043
|switch|p2a: Tsareena|Tsareena, F|100/100
|-damage|p2a: Tsareena|88/100|[from] Stealth Rock
|move|p1a: Ferroseed|Thunder Wave|p2a: Tsareena|[miss]
|-miss|p1a: Ferroseed|p2a: Tsareena
|
|-weather|Sandstorm|[upkeep]
|-damage|p2a: Tsareena|82/100|[from] Sandstorm
|upkeep
|turn|13
|
|t:|1610221054
|move|p2a: Tsareena|Rapid Spin|p1a: Ferroseed
|-resisted|p1a: Ferroseed
|-damage|p1a: Ferroseed|75/100
|-boost|p2a: Tsareena|spe|1
|-damage|p2a: Tsareena|70/100|[from] ability: Iron Barbs|[of] p1a: Ferroseed
|-sideend|p2: Gellolo|Stealth Rock|[from] move: Rapid Spin|[of] p2a: Tsareena
|move|p1a: Ferroseed|Thunder Wave|p2a: Tsareena|[miss]
|-miss|p1a: Ferroseed|p2a: Tsareena
|
|-weather|Sandstorm|[upkeep]
|-damage|p2a: Tsareena|64/100|[from] Sandstorm
|upkeep
|turn|14
|
|t:|1610221066
|switch|p2a: Gigalith|Gigalith, F|88/100
|move|p1a: Ferroseed|Knock Off|p2a: Gigalith
|-damage|p2a: Gigalith|79/100
|-enditem|p2a: Gigalith|Leftovers|[from] move: Knock Off|[of] p1a: Ferroseed
|
|-weather|Sandstorm|[upkeep]
|upkeep
|turn|15
|
|t:|1610221075
|switch|p2a: Archeops|Archeops, M|100/100
|move|p1a: Ferroseed|Stealth Rock|p2a: Archeops
|-sidestart|p2: Gellolo|move: Stealth Rock
|
|-weather|none
|upkeep
|turn|16
|
|t:|1610221082
|move|p2a: Archeops|Heat Wave|p1a: Ferroseed
|-supereffective|p1a: Ferroseed
|-damage|p1a: Ferroseed|0 fnt
|faint|p1a: Ferroseed
|
|upkeep
|
|t:|1610221087
|switch|p1a: Lanturn|Lanturn, F|94/100
|-damage|p1a: Lanturn|82/100|[from] Stealth Rock
|turn|17
|
|t:|1610221092
|move|p2a: Archeops|Meteor Beam||[still]
|-prepare|p2a: Archeops|Meteor Beam
|-boost|p2a: Archeops|spa|1
|-enditem|p2a: Archeops|Power Herb
|-anim|p2a: Archeops|Meteor Beam|p1a: Lanturn
|-damage|p1a: Lanturn|36/100
|move|p1a: Lanturn|Ice Beam|p2a: Archeops
|-supereffective|p2a: Archeops
|-damage|p2a: Archeops|32/100
|
|upkeep
|turn|18
|
|t:|1610221108
|move|p2a: Archeops|Earth Power|p1a: Lanturn
|-supereffective|p1a: Lanturn
|-damage|p1a: Lanturn|14/100
|move|p1a: Lanturn|Scald|p2a: Archeops
|-supereffective|p2a: Archeops
|-damage|p2a: Archeops|0 fnt
|faint|p2a: Archeops
|
|upkeep
|
|t:|1610221117
|switch|p2a: Tsareena|Tsareena, F|64/100
|-damage|p2a: Tsareena|52/100|[from] Stealth Rock
|turn|19
|
|t:|1610221125
|move|p2a: Tsareena|U-turn|p1a: Lanturn
|-damage|p1a: Lanturn|0 fnt
|faint|p1a: Lanturn
|
|t:|1610221130
|switch|p2a: Toxicroak|Toxicroak, M|100/100|[from]move: U-turn
|-damage|p2a: Toxicroak|94/100|[from] Stealth Rock
|
|upkeep
|
|t:|1610221139
|switch|p1a: Scyther|Scyther, M|18/100
|-damage|p1a: Scyther|0 fnt|[from] Stealth Rock
|faint|p1a: Scyther
|
|t:|1610221152
|switch|p1a: Hitmontop|Hitmontop, M|100/100
|turn|20
|
|t:|1610221165
|switch|p2a: Gigalith|Gigalith, F|79/100
|-damage|p2a: Gigalith|67/100|[from] Stealth Rock
|-weather|Sandstorm|[from] ability: Sand Stream|[of] p2a: Gigalith
|move|p1a: Hitmontop|Fake Out|p2a: Gigalith
|-resisted|p2a: Gigalith
|-damage|p2a: Gigalith|60/100
|
|-weather|Sandstorm|[upkeep]
|-damage|p1a: Hitmontop|94/100|[from] Sandstorm
|upkeep
|turn|21
|
|t:|1610221177
|move|p1a: Hitmontop|Close Combat|p2a: Gigalith
|-supereffective|p2a: Gigalith
|-damage|p2a: Gigalith|0 fnt
|-unboost|p1a: Hitmontop|def|1
|-unboost|p1a: Hitmontop|spd|1
|faint|p2a: Gigalith
|
|-weather|Sandstorm|[upkeep]
|-damage|p1a: Hitmontop|88/100|[from] Sandstorm
|upkeep
|
|t:|1610221186
|switch|p2a: Regigigas|Regigigas|100/100
|-damage|p2a: Regigigas|88/100|[from] Stealth Rock
|-start|p2a: Regigigas|ability: Slow Start
|turn|22
|
|t:|1610221198
|move|p1a: Hitmontop|Close Combat|p2a: Regigigas
|-supereffective|p2a: Regigigas
|-damage|p2a: Regigigas|31/100
|-unboost|p1a: Hitmontop|def|1
|-unboost|p1a: Hitmontop|spd|1
|move|p2a: Regigigas|Body Press|p1a: Hitmontop
|-damage|p1a: Hitmontop|57/100
|
|-weather|Sandstorm|[upkeep]
|-damage|p1a: Hitmontop|51/100|[from] Sandstorm
|-damage|p2a: Regigigas|25/100|[from] Sandstorm
|-heal|p2a: Regigigas|31/100|[from] item: Leftovers
|upkeep
|turn|23
|
|t:|1610221211
|move|p1a: Hitmontop|Close Combat|p2a: Regigigas
|-supereffective|p2a: Regigigas
|-damage|p2a: Regigigas|0 fnt
|-unboost|p1a: Hitmontop|def|1
|-unboost|p1a: Hitmontop|spd|1
|faint|p2a: Regigigas
|-end|p2a: Regigigas|Slow Start|[silent]
|
|-weather|Sandstorm|[upkeep]
|-damage|p1a: Hitmontop|45/100|[from] Sandstorm
|upkeep
|
|t:|1610221229
|switch|p2a: Tsareena|Tsareena, F|52/100
|-damage|p2a: Tsareena|39/100|[from] Stealth Rock
|turn|24
|
|t:|1610221241
|move|p1a: Hitmontop|Bullet Punch||[still]
|cant|p2a: Tsareena|ability: Queenly Majesty|Bullet Punch|[of] p1a: Hitmontop
|move|p2a: Tsareena|Triple Axel|p1a: Hitmontop
|-damage|p1a: Hitmontop|25/100
|-crit|p1a: Hitmontop
|-damage|p1a: Hitmontop|0 fnt
|-hitcount|p1a: Hitmontop|2
|faint|p1a: Hitmontop
|
|-weather|none
|upkeep
|
|t:|1610221250
|switch|p1a: Weezing|Weezing, F|100/100
|-damage|p1a: Weezing|88/100|[from] Stealth Rock
|turn|25
|
|t:|1610221255
|move|p2a: Tsareena|Triple Axel|p1a: Weezing
|-damage|p1a: Weezing|84/100
|-damage|p1a: Weezing|74/100
|-damage|p1a: Weezing|59/100
|-hitcount|p1a: Weezing|3
|move|p1a: Weezing|Sludge Bomb|p2a: Tsareena
|-supereffective|p2a: Tsareena
|-damage|p2a: Tsareena|0 fnt
|faint|p2a: Tsareena
|
|-heal|p1a: Weezing|65/100|[from] item: Black Sludge
|upkeep
|
|t:|1610221267
|switch|p2a: Toxicroak|Toxicroak, M|94/100
|-damage|p2a: Toxicroak|88/100|[from] Stealth Rock
|turn|26
|
|t:|1610221272
|move|p2a: Toxicroak|Swords Dance|p2a: Toxicroak
|-boost|p2a: Toxicroak|atk|2
|move|p1a: Weezing|Flamethrower|p2a: Toxicroak
|-damage|p2a: Toxicroak|56/100
|
|-heal|p1a: Weezing|71/100|[from] item: Black Sludge
|upkeep
|turn|27
|
|t:|1610221281
|move|p2a: Toxicroak|Drain Punch|p1a: Weezing
|-resisted|p1a: Weezing
|-damage|p1a: Weezing|43/100
|-heal|p2a: Toxicroak|71/100|[from] drain|[of] p1a: Weezing
|-damage|p2a: Toxicroak|61/100|[from] item: Life Orb
|move|p1a: Weezing|Haze|p1a: Weezing
|-clearallboost
|
|-heal|p1a: Weezing|49/100|[from] item: Black Sludge
|upkeep
|turn|28
|
|t:|1610221292
|move|p2a: Toxicroak|Drain Punch|p1a: Weezing
|-resisted|p1a: Weezing
|-damage|p1a: Weezing|33/100
|-heal|p2a: Toxicroak|70/100|[from] drain|[of] p1a: Weezing
|-damage|p2a: Toxicroak|60/100|[from] item: Life Orb
|move|p1a: Weezing|Flamethrower|p2a: Toxicroak
|-damage|p2a: Toxicroak|28/100
|
|-heal|p1a: Weezing|39/100|[from] item: Black Sludge
|upkeep
|turn|29
|
|t:|1610221304
|move|p2a: Toxicroak|Sucker Punch|p1a: Weezing
|-damage|p1a: Weezing|18/100
|-damage|p2a: Toxicroak|18/100|[from] item: Life Orb
|move|p1a: Weezing|Flamethrower|p2a: Toxicroak
|-damage|p2a: Toxicroak|0 fnt
|faint|p2a: Toxicroak
|
|win|Waze Up
|l|☆Gellolo
