|j|☆JoJo Reference #10
|j|☆WildGolemAppeared
|t:|1653688359
|gametype|singles
|player|p1|JoJo Reference #10|red-gen2|1432
|player|p2|WildGolemAppeared|266|1464
|teamsize|p1|6
|teamsize|p2|6
|gen|8
|tier|[Gen 8] PU
|rated|
|rule|Sleep Clause Mod: Limit one foe put to sleep
|rule|Species Clause: Limit one of each Pokémon
|rule|OHKO Clause: OHKO moves are banned
|rule|Evasion Moves Clause: Evasion moves are banned
|rule|Endless Battle Clause: Forcing endless battles is banned
|rule|HP Percentage Mod: HP is shown in percentages
|rule|Dynamax Clause: You cannot dynamax
|clearpoke
|poke|p1|Frosmoth, M|
|poke|p1|Palossand, M|
|poke|p1|Coalossal, F|
|poke|p1|Scrafty, F|
|poke|p1|Togedemaru, F|
|poke|p1|Silvally-*|
|poke|p2|Togedemaru, F|
|poke|p2|Glastrier|
|poke|p2|Jellicent, F|
|poke|p2|Scrafty, M|
|poke|p2|Claydol|
|poke|p2|Mesprit|
|teampreview
|
|t:|1653688394
|start
|switch|p1a: Silvally|Silvally-Ghost|100/100
|switch|p2a: Jellicent|Jellicent, F|100/100
|turn|1
|
|t:|1653688399
|switch|p2a: Scrafty|Scrafty, M|100/100
|-ability|p2a: Scrafty|Intimidate|boost
|-unboost|p1a: Silvally|atk|1
|move|p1a: Silvally|Multi-Attack|p2a: Scrafty
|-resisted|p2a: Scrafty
|-damage|p2a: Scrafty|85/100
|
|-heal|p2a: Scrafty|91/100|[from] item: Leftovers
|upkeep
|turn|2
|
|t:|1653688410
|switch|p1a: Coalossal|Coalossal, F|100/100
|move|p2a: Scrafty|Knock Off|p1a: Coalossal
|-damage|p1a: Coalossal|75/100
|-status|p2a: Scrafty|brn|[from] ability: Flame Body|[of] p1a: Coalossal
|-enditem|p1a: Coalossal|Heavy-Duty Boots|[from] move: Knock Off|[of] p2a: Scrafty
|
|-heal|p2a: Scrafty|97/100 brn|[from] item: Leftovers
|-damage|p2a: Scrafty|91/100 brn|[from] brn
|upkeep
|turn|3
|
|t:|1653688436
|switch|p2a: Claydol|Claydol|100/100
|move|p1a: Coalossal|Spikes|p2a: Claydol
|-sidestart|p2: WildGolemAppeared|Spikes
|
|upkeep
|turn|4
|j| Matrixhazed
|
|t:|1653688442
|switch|p1a: Palossand|Palossand, M|100/100
|move|p2a: Claydol|Toxic|p1a: Palossand|[miss]
|-miss|p2a: Claydol|p1a: Palossand
|
|upkeep
|turn|5
|
|t:|1653688452
|move|p2a: Claydol|Toxic|p1a: Palossand
|-status|p1a: Palossand|tox
|move|p1a: Palossand|Stealth Rock|p2a: Claydol
|-sidestart|p2: WildGolemAppeared|move: Stealth Rock
|
|-damage|p1a: Palossand|94/100 tox|[from] psn
|upkeep
|turn|6
|
|t:|1653688493
|move|p2a: Claydol|Scorching Sands|p1a: Palossand
|-damage|p1a: Palossand|76/100 tox
|move|p1a: Palossand|Shadow Ball|p2a: Claydol
|-supereffective|p2a: Claydol
|-damage|p2a: Claydol|62/100
|
|-heal|p2a: Claydol|68/100|[from] item: Leftovers
|-damage|p1a: Palossand|64/100 tox|[from] psn
|upkeep
|turn|7
|
|t:|1653688511
|switch|p2a: Scrafty|Scrafty, M|91/100 brn
|-damage|p2a: Scrafty|79/100 brn|[from] Spikes
|-damage|p2a: Scrafty|73/100 brn|[from] Stealth Rock
|-ability|p2a: Scrafty|Intimidate|boost
|-unboost|p1a: Palossand|atk|1
|move|p1a: Palossand|Shadow Ball|p2a: Scrafty
|-resisted|p2a: Scrafty
|-damage|p2a: Scrafty|57/100 brn
|
|-heal|p2a: Scrafty|62/100 brn|[from] item: Leftovers
|-damage|p1a: Palossand|45/100 tox|[from] psn
|-damage|p2a: Scrafty|57/100 brn|[from] brn
|upkeep
|turn|8
|
|t:|1653688525
|move|p2a: Scrafty|Knock Off|p1a: Palossand
|-supereffective|p1a: Palossand
|-enditem|p1a: Palossand|Colbur Berry|[eat]
|-enditem|p1a: Palossand|Colbur Berry|[weaken]
|-damage|p1a: Palossand|34/100 tox
|move|p1a: Palossand|Shore Up|p1a: Palossand
|-heal|p1a: Palossand|84/100 tox
|
|-heal|p2a: Scrafty|62/100 brn|[from] item: Leftovers
|-damage|p1a: Palossand|60/100 tox|[from] psn
|-damage|p2a: Scrafty|57/100 brn|[from] brn
|upkeep
|turn|9
|
|t:|1653688546
|switch|p2a: Togedemaru|Togedemaru, F|100/100
|-damage|p2a: Togedemaru|88/100|[from] Spikes
|-damage|p2a: Togedemaru|82/100|[from] Stealth Rock
|switch|p1a: Silvally|Silvally-Ghost|100/100
|
|upkeep
|turn|10
|
|t:|1653688558
|move|p2a: Togedemaru|U-turn|p1a: Silvally
|-resisted|p1a: Silvally
|-damage|p1a: Silvally|91/100
|
|t:|1653688561
|switch|p2a: Scrafty|Scrafty, M|57/100 brn|[from]move: U-turn
|-damage|p2a: Scrafty|44/100 brn|[from] Spikes
|-damage|p2a: Scrafty|39/100 brn|[from] Stealth Rock
|-ability|p2a: Scrafty|Intimidate|boost
|-unboost|p1a: Silvally|atk|1
|move|p1a: Silvally|Swords Dance|p1a: Silvally
|-boost|p1a: Silvally|atk|2
|
|-heal|p2a: Scrafty|44/100 brn|[from] item: Leftovers
|-damage|p2a: Scrafty|39/100 brn|[from] brn
|upkeep
|turn|11
|-message|WildGolemAppeared forfeited.
|
|win|JoJo Reference #10
|raw|JoJo Reference #10's rating: 1432 &rarr; <strong>1454</strong><br />(+22 for winning)
|raw|WildGolemAppeared's rating: 1464 &rarr; <strong>1442</strong><br />(-22 for losing)
