|html|<div class="broadcast-blue"><strong>[Gen 8] PU is currently suspecting Drampa! For information on how to participate check out the <a href="https://www.smogon.com/forums/threads/np-pu-stage-7-i-hear-hyper-voices-in-my-head-drampa-suspect-test.3692992/">suspect thread</a>.</strong></div>
|j|☆Dilka
|j|☆one of the bouys
|t:|1636063575
|gametype|singles
|player|p1|Dilka|170|1295
|player|p2|one of the bouys|clown|1542
|teamsize|p1|6
|teamsize|p2|6
|gen|8
|tier|[Gen 8] PU
|rated|
|rule|Sleep Clause Mod: Limit one foe put to sleep
|rule|Species Clause: Limit one of each Pokémon
|rule|OHKO Clause: OHKO moves are banned
|rule|Evasion Moves Clause: Evasion moves are banned
|rule|Endless Battle Clause: Forcing endless battles is banned
|rule|HP Percentage Mod: HP is shown in percentages
|rule|Dynamax Clause: You cannot dynamax
|clearpoke
|poke|p1|Scrafty, F|
|poke|p1|Froslass, F|
|poke|p1|Aggron, M|
|poke|p1|Claydol|
|poke|p1|Qwilfish, M|
|poke|p1|Dubwool, F|
|poke|p2|Flapple, F|
|poke|p2|Drifblim, M|
|poke|p2|Sandaconda, M|
|poke|p2|Ribombee, F|
|poke|p2|Cryogonal|
|poke|p2|Gigalith, M|
|teampreview
|inactive|Battle timer is ON: inactive players will automatically lose when time's up. (requested by Dilka)
|
|t:|1636063615
|start
|switch|p1a: Scrafty|Scrafty, F|100/100
|switch|p2a: Gigalith|Gigalith, M|100/100
|-weather|Sandstorm|[from] ability: Sand Stream|[of] p2a: Gigalith
|turn|1
|
|t:|1636063621
|switch|p2a: Ribombee|Ribombee, F|100/100
|move|p1a: Scrafty|Knock Off|p2a: Ribombee
|-resisted|p2a: Ribombee
|-damage|p2a: Ribombee|69/100
|-enditem|p2a: Ribombee|Heavy-Duty Boots|[from] move: Knock Off|[of] p1a: Scrafty
|
|-weather|Sandstorm|[upkeep]
|-damage|p2a: Ribombee|63/100|[from] Sandstorm
|-damage|p1a: Scrafty|94/100|[from] Sandstorm
|-heal|p1a: Scrafty|100/100|[from] item: Leftovers
|upkeep
|turn|2
|
|t:|1636063624
|switch|p1a: Aggron|Aggron, M|100/100
|move|p2a: Ribombee|U-turn|p1a: Aggron
|-resisted|p1a: Aggron
|-damage|p1a: Aggron|96/100
|
|t:|1636063627
|switch|p2a: Sandaconda|Sandaconda, M|100/100|[from]move: U-turn
|
|-weather|Sandstorm|[upkeep]
|-heal|p1a: Aggron|100/100|[from] item: Leftovers
|upkeep
|turn|3
|
|t:|1636063630
|switch|p1a: Scrafty|Scrafty, F|100/100
|move|p2a: Sandaconda|Stealth Rock|p1a: Scrafty
|-sidestart|p1: Dilka|move: Stealth Rock
|
|-weather|Sandstorm|[upkeep]
|-damage|p1a: Scrafty|94/100|[from] Sandstorm
|-heal|p1a: Scrafty|100/100|[from] item: Leftovers
|upkeep
|turn|4
|
|t:|1636063637
|switch|p2a: Ribombee|Ribombee, F|63/100
|move|p1a: Scrafty|Knock Off|p2a: Ribombee
|-resisted|p2a: Ribombee
|-damage|p2a: Ribombee|42/100
|
|-weather|Sandstorm|[upkeep]
|-damage|p2a: Ribombee|36/100|[from] Sandstorm
|-damage|p1a: Scrafty|94/100|[from] Sandstorm
|-heal|p1a: Scrafty|100/100|[from] item: Leftovers
|upkeep
|turn|5
|
|t:|1636063643
|switch|p1a: Aggron|Aggron, M|100/100
|-damage|p1a: Aggron|94/100|[from] Stealth Rock
|move|p2a: Ribombee|Roost|p2a: Ribombee
|-heal|p2a: Ribombee|86/100
|-singleturn|p2a: Ribombee|move: Roost
|
|-weather|none
|-heal|p1a: Aggron|100/100|[from] item: Leftovers
|upkeep
|turn|6
|
|t:|1636063650
|move|p2a: Ribombee|U-turn|p1a: Aggron
|-resisted|p1a: Aggron
|-damage|p1a: Aggron|97/100
|
|t:|1636063652
|switch|p2a: Sandaconda|Sandaconda, M|100/100|[from]move: U-turn
|move|p1a: Aggron|Stealth Rock|p2a: Sandaconda
|-sidestart|p2: one of the bouys|move: Stealth Rock
|
|-heal|p1a: Aggron|100/100|[from] item: Leftovers
|upkeep
|turn|7
|
|t:|1636063660
|switch|p1a: Scrafty|Scrafty, F|100/100
|-damage|p1a: Scrafty|94/100|[from] Stealth Rock
|move|p2a: Sandaconda|Earthquake|p1a: Scrafty
|-damage|p1a: Scrafty|61/100
|
|-heal|p1a: Scrafty|67/100|[from] item: Leftovers
|upkeep
|turn|8
|
|t:|1636063663
|move|p1a: Scrafty|Knock Off|p2a: Sandaconda
|-damage|p2a: Sandaconda|81/100
|-damage|p1a: Scrafty|51/100|[from] item: Rocky Helmet|[of] p2a: Sandaconda
|-enditem|p2a: Sandaconda|Rocky Helmet|[from] move: Knock Off|[of] p1a: Scrafty
|move|p2a: Sandaconda|Earthquake|p1a: Scrafty
|-damage|p1a: Scrafty|17/100
|
|-heal|p1a: Scrafty|23/100|[from] item: Leftovers
|upkeep
|turn|9
|
|t:|1636063668
|switch|p2a: Flapple|Flapple, F|100/100
|-damage|p2a: Flapple|88/100|[from] Stealth Rock
|move|p1a: Scrafty|Rest|p1a: Scrafty
|-status|p1a: Scrafty|slp|[from] move: Rest
|-heal|p1a: Scrafty|100/100 slp|[silent]
|
|upkeep
|turn|10
|
|t:|1636063695
|switch|p1a: Dubwool|Dubwool, F|100/100
|-damage|p1a: Dubwool|88/100|[from] Stealth Rock
|move|p2a: Flapple|Grav Apple|p1a: Dubwool|[miss]
|-miss|p2a: Flapple|p1a: Dubwool
|
|-heal|p1a: Dubwool|94/100|[from] item: Leftovers
|upkeep
|turn|11
|
|t:|1636063705
|move|p1a: Dubwool|Cotton Guard|p1a: Dubwool
|-boost|p1a: Dubwool|def|3
|move|p2a: Flapple|Draco Meteor|p1a: Dubwool
|-damage|p1a: Dubwool|22/100
|-unboost|p2a: Flapple|spa|2
|-damage|p2a: Flapple|78/100|[from] item: Life Orb
|
|-heal|p1a: Dubwool|28/100|[from] item: Leftovers
|upkeep
|turn|12
|
|t:|1636063712
|switch|p2a: Drifblim|Drifblim, M|100/100
|move|p1a: Dubwool|Body Press|p2a: Drifblim
|-immune|p2a: Drifblim
|
|-heal|p1a: Dubwool|34/100|[from] item: Leftovers
|upkeep
|turn|13
|
|t:|1636063716
|move|p1a: Dubwool|Payback|p2a: Drifblim
|-supereffective|p2a: Drifblim
|-damage|p2a: Drifblim|71/100
|move|p2a: Drifblim|Knock Off|p1a: Dubwool
|-damage|p1a: Dubwool|31/100
|-enditem|p1a: Dubwool|Leftovers|[from] move: Knock Off|[of] p2a: Drifblim
|
|upkeep
|turn|14
|
|t:|1636063724
|move|p1a: Dubwool|Substitute|p1a: Dubwool
|-start|p1a: Dubwool|Substitute
|-damage|p1a: Dubwool|6/100
|move|p2a: Drifblim|Will-O-Wisp|p1a: Dubwool|[miss]
|-miss|p2a: Drifblim|p1a: Dubwool
|
|upkeep
|turn|15
|
|t:|1636063730
|switch|p2a: Gigalith|Gigalith, M|100/100
|-damage|p2a: Gigalith|88/100|[from] Stealth Rock
|-weather|Sandstorm|[from] ability: Sand Stream|[of] p2a: Gigalith
|move|p1a: Dubwool|Payback|p2a: Gigalith
|-damage|p2a: Gigalith|81/100
|
|-weather|Sandstorm|[upkeep]
|-damage|p1a: Dubwool|0 fnt|[from] Sandstorm
|faint|p1a: Dubwool
|-heal|p2a: Gigalith|87/100|[from] item: Leftovers
|upkeep
|
|t:|1636063737
|switch|p1a: Claydol|Claydol|100/100
|-damage|p1a: Claydol|94/100|[from] Stealth Rock
|turn|16
|
|t:|1636063742
|move|p1a: Claydol|Rapid Spin|p2a: Gigalith
|-resisted|p2a: Gigalith
|-damage|p2a: Gigalith|85/100
|-boost|p1a: Claydol|spe|1
|-sideend|p1: Dilka|Stealth Rock|[from] move: Rapid Spin|[of] p1a: Claydol
|move|p2a: Gigalith|Toxic|p1a: Claydol
|-status|p1a: Claydol|tox
|
|-weather|Sandstorm|[upkeep]
|-heal|p2a: Gigalith|91/100|[from] item: Leftovers
|-damage|p1a: Claydol|88/100 tox|[from] psn
|upkeep
|turn|17
|
|t:|1636063755
|switch|p1a: Aggron|Aggron, M|100/100
|move|p2a: Gigalith|Protect||[still]
|-fail|p2a: Gigalith
|
|-weather|Sandstorm|[upkeep]
|-heal|p2a: Gigalith|97/100|[from] item: Leftovers
|upkeep
|turn|18
|
|t:|1636063761
|switch|p2a: Sandaconda|Sandaconda, M|81/100
|-damage|p2a: Sandaconda|75/100|[from] Stealth Rock
|move|p1a: Aggron|Body Press|p2a: Sandaconda
|-damage|p2a: Sandaconda|57/100
|
|-weather|Sandstorm|[upkeep]
|upkeep
|turn|19
|
|t:|1636063768
|switch|p1a: Claydol|Claydol|88/100 tox
|move|p2a: Sandaconda|Stealth Rock|p1a: Claydol
|-sidestart|p1: Dilka|move: Stealth Rock
|
|-weather|none
|-damage|p1a: Claydol|82/100 tox|[from] psn
|upkeep
|turn|20
|
|t:|1636063773
|switch|p2a: Drifblim|Drifblim, M|71/100
|move|p1a: Claydol|Nasty Plot|p1a: Claydol
|-boost|p1a: Claydol|spa|2
|
|-damage|p1a: Claydol|70/100 tox|[from] psn
|upkeep
|turn|21
|
|t:|1636063776
|move|p2a: Drifblim|Shadow Ball|p1a: Claydol
|-supereffective|p1a: Claydol
|-damage|p1a: Claydol|1/100 tox
|-enditem|p1a: Claydol|Iapapa Berry|[eat]
|-heal|p1a: Claydol|34/100 tox|[from] item: Iapapa Berry
|move|p1a: Claydol|Ice Beam|p2a: Drifblim
|-supereffective|p2a: Drifblim
|-damage|p2a: Drifblim|0 fnt
|faint|p2a: Drifblim
|
|-damage|p1a: Claydol|15/100 tox|[from] psn
|upkeep
|
|t:|1636063781
|switch|p2a: Ribombee|Ribombee, F|86/100
|-damage|p2a: Ribombee|61/100|[from] Stealth Rock
|turn|22
|
|t:|1636063787
|switch|p1a: Aggron|Aggron, M|100/100
|-damage|p1a: Aggron|94/100|[from] Stealth Rock
|move|p2a: Ribombee|U-turn|p1a: Aggron
|-resisted|p1a: Aggron
|-damage|p1a: Aggron|90/100
|
|t:|1636063790
|switch|p2a: Sandaconda|Sandaconda, M|57/100|[from]move: U-turn
|-damage|p2a: Sandaconda|51/100|[from] Stealth Rock
|
|-heal|p1a: Aggron|96/100|[from] item: Leftovers
|upkeep
|turn|23
|
|t:|1636063799
|switch|p1a: Claydol|Claydol|15/100 tox
|-damage|p1a: Claydol|9/100 tox|[from] Stealth Rock
|move|p2a: Sandaconda|Earthquake|p1a: Claydol
|-immune|p1a: Claydol|[from] ability: Levitate
|
|-damage|p1a: Claydol|3/100 tox|[from] psn
|upkeep
|turn|24
|
|t:|1636063806
|switch|p2a: Cryogonal|Cryogonal|100/100
|move|p1a: Claydol|Ice Beam|p2a: Cryogonal
|-resisted|p2a: Cryogonal
|-damage|p2a: Cryogonal|92/100
|
|-damage|p1a: Claydol|0 fnt|[from] psn
|faint|p1a: Claydol
|upkeep
|
|t:|1636063810
|switch|p1a: Froslass|Froslass, F|100/100
|-damage|p1a: Froslass|76/100|[from] Stealth Rock
|turn|25
|
|t:|1636063819
|switch|p2a: Gigalith|Gigalith, M|97/100
|-damage|p2a: Gigalith|85/100|[from] Stealth Rock
|-weather|Sandstorm|[from] ability: Sand Stream|[of] p2a: Gigalith
|move|p1a: Froslass|Triple Axel|p2a: Gigalith
|-damage|p2a: Gigalith|76/100
|-hitcount|p2a: Gigalith|1
|
|-weather|Sandstorm|[upkeep]
|-damage|p1a: Froslass|70/100|[from] Sandstorm
|-heal|p2a: Gigalith|82/100|[from] item: Leftovers
|upkeep
|turn|26
|
|t:|1636063827
|switch|p1a: Qwilfish|Qwilfish, M|100/100
|-damage|p1a: Qwilfish|88/100|[from] Stealth Rock
|-ability|p1a: Qwilfish|Intimidate|boost
|-unboost|p2a: Gigalith|atk|1
|move|p2a: Gigalith|Sand Tomb|p1a: Qwilfish
|-supereffective|p1a: Qwilfish
|-damage|p1a: Qwilfish|76/100
|-activate|p1a: Qwilfish|move: Sand Tomb|[of] p2a: Gigalith
|
|-weather|Sandstorm|[upkeep]
|-damage|p1a: Qwilfish|70/100|[from] Sandstorm
|-heal|p1a: Qwilfish|76/100|[from] item: Black Sludge
|-heal|p2a: Gigalith|88/100|[from] item: Leftovers
|-damage|p1a: Qwilfish|64/100|[from] move: Sand Tomb|[partiallytrapped]
|upkeep
|turn|27
|
|t:|1636063836
|move|p2a: Gigalith|Protect|p2a: Gigalith
|-singleturn|p2a: Gigalith|Protect
|move|p1a: Qwilfish|Toxic|p2a: Gigalith
|-activate|p2a: Gigalith|move: Protect
|
|-weather|Sandstorm|[upkeep]
|-damage|p1a: Qwilfish|58/100|[from] Sandstorm
|-heal|p1a: Qwilfish|64/100|[from] item: Black Sludge
|-heal|p2a: Gigalith|94/100|[from] item: Leftovers
|-damage|p1a: Qwilfish|52/100|[from] move: Sand Tomb|[partiallytrapped]
|upkeep
|turn|28
|
|t:|1636063839
|move|p1a: Qwilfish|Toxic|p2a: Gigalith
|-status|p2a: Gigalith|tox
|move|p2a: Gigalith|Rock Blast|p1a: Qwilfish
|-damage|p1a: Qwilfish|45/100
|-damage|p1a: Qwilfish|39/100
|-hitcount|p1a: Qwilfish|2
|
|-weather|Sandstorm|[upkeep]
|-damage|p1a: Qwilfish|33/100|[from] Sandstorm
|-heal|p1a: Qwilfish|39/100|[from] item: Black Sludge
|-heal|p2a: Gigalith|100/100 tox|[from] item: Leftovers
|-damage|p2a: Gigalith|94/100 tox|[from] psn
|-damage|p1a: Qwilfish|26/100|[from] move: Sand Tomb|[partiallytrapped]
|upkeep
|turn|29
|
|t:|1636063844
|move|p1a: Qwilfish|Toxic Spikes|p2a: Gigalith
|-sidestart|p2: one of the bouys|move: Toxic Spikes
|move|p2a: Gigalith|Rock Blast|p1a: Qwilfish
|-damage|p1a: Qwilfish|20/100
|-damage|p1a: Qwilfish|13/100
|-hitcount|p1a: Qwilfish|2
|
|-weather|none
|-heal|p1a: Qwilfish|19/100|[from] item: Black Sludge
|-heal|p2a: Gigalith|100/100 tox|[from] item: Leftovers
|-damage|p2a: Gigalith|88/100 tox|[from] psn
|-damage|p1a: Qwilfish|7/100|[from] move: Sand Tomb|[partiallytrapped]
|upkeep
|turn|30
|
|t:|1636063848
|move|p2a: Gigalith|Protect|p2a: Gigalith
|-singleturn|p2a: Gigalith|Protect
|move|p1a: Qwilfish|Toxic Spikes|p2a: Gigalith
|-sidestart|p2: one of the bouys|move: Toxic Spikes
|
|-heal|p1a: Qwilfish|13/100|[from] item: Black Sludge
|-heal|p2a: Gigalith|94/100 tox|[from] item: Leftovers
|-damage|p2a: Gigalith|76/100 tox|[from] psn
|-damage|p1a: Qwilfish|0 fnt|[from] move: Sand Tomb|[partiallytrapped]
|faint|p1a: Qwilfish
|upkeep
|
|t:|1636063855
|switch|p1a: Aggron|Aggron, M|96/100
|-damage|p1a: Aggron|90/100|[from] Stealth Rock
|turn|31
|
|t:|1636063862
|switch|p2a: Sandaconda|Sandaconda, M|51/100
|-damage|p2a: Sandaconda|45/100|[from] Stealth Rock
|-status|p2a: Sandaconda|tox
|move|p1a: Aggron|Body Press|p2a: Sandaconda
|-damage|p2a: Sandaconda|25/100 tox
|
|-heal|p1a: Aggron|96/100|[from] item: Leftovers
|-damage|p2a: Sandaconda|19/100 tox|[from] psn
|upkeep
|turn|32
|
|t:|1636063875
|switch|p1a: Scrafty|Scrafty, F|100/100 slp
|-damage|p1a: Scrafty|94/100 slp|[from] Stealth Rock
|move|p2a: Sandaconda|Rest|p2a: Sandaconda
|-status|p2a: Sandaconda|slp|[from] move: Rest
|-heal|p2a: Sandaconda|100/100 slp|[silent]
|
|-activate|p1a: Scrafty|ability: Shed Skin
|-curestatus|p1a: Scrafty|slp|[msg]
|-heal|p1a: Scrafty|100/100|[from] item: Leftovers
|upkeep
|turn|33
|
|t:|1636063882
|switch|p2a: Flapple|Flapple, F|78/100
|-damage|p2a: Flapple|66/100|[from] Stealth Rock
|-status|p2a: Flapple|tox
|move|p1a: Scrafty|Bulk Up|p1a: Scrafty
|-boost|p1a: Scrafty|atk|1
|-boost|p1a: Scrafty|def|1
|
|-damage|p2a: Flapple|60/100 tox|[from] psn
|upkeep
|turn|34
|
|t:|1636063886
|move|p2a: Flapple|Outrage|p1a: Scrafty
|-damage|p1a: Scrafty|30/100
|-damage|p2a: Flapple|50/100 tox|[from] item: Life Orb
|move|p1a: Scrafty|Drain Punch|p2a: Flapple
|-damage|p2a: Flapple|0 fnt
|-heal|p1a: Scrafty|51/100|[from] drain|[of] p2a: Flapple
|faint|p2a: Flapple
|
|-heal|p1a: Scrafty|57/100|[from] item: Leftovers
|upkeep
|
|t:|1636063894
|switch|p2a: Cryogonal|Cryogonal|92/100
|turn|35
|
|t:|1636063897
|move|p2a: Cryogonal|Rapid Spin|p1a: Scrafty
|-damage|p1a: Scrafty|53/100
|-boost|p2a: Cryogonal|spe|1
|-sideend|p2: one of the bouys|Toxic Spikes|[from] move: Rapid Spin|[of] p2a: Cryogonal
|-sideend|p2: one of the bouys|Stealth Rock|[from] move: Rapid Spin|[of] p2a: Cryogonal
|move|p1a: Scrafty|Drain Punch|p2a: Cryogonal
|-supereffective|p2a: Cryogonal
|-damage|p2a: Cryogonal|0 fnt
|-heal|p1a: Scrafty|96/100|[from] drain|[of] p2a: Cryogonal
|faint|p2a: Cryogonal
|
|-heal|p1a: Scrafty|100/100|[from] item: Leftovers
|upkeep
|
|t:|1636063899
|switch|p2a: Ribombee|Ribombee, F|61/100
|turn|36
|
|t:|1636063901
|switch|p1a: Aggron|Aggron, M|96/100
|-damage|p1a: Aggron|90/100|[from] Stealth Rock
|move|p2a: Ribombee|Moonblast|p1a: Aggron
|-resisted|p1a: Aggron
|-damage|p1a: Aggron|71/100
|
|-heal|p1a: Aggron|78/100|[from] item: Leftovers
|upkeep
|turn|37
|
|t:|1636063904
|move|p2a: Ribombee|U-turn|p1a: Aggron
|-resisted|p1a: Aggron
|-damage|p1a: Aggron|74/100
|
|t:|1636063905
|switch|p2a: Sandaconda|Sandaconda, M|100/100 slp|[from]move: U-turn
|move|p1a: Aggron|Heavy Slam|p2a: Sandaconda
|-damage|p2a: Sandaconda|69/100 slp
|
|-activate|p2a: Sandaconda|ability: Shed Skin
|-curestatus|p2a: Sandaconda|slp|[msg]
|-heal|p1a: Aggron|80/100|[from] item: Leftovers
|upkeep
|turn|38
|
|t:|1636063910
|switch|p1a: Scrafty|Scrafty, F|100/100
|-damage|p1a: Scrafty|94/100|[from] Stealth Rock
|move|p2a: Sandaconda|Earthquake|p1a: Scrafty
|-damage|p1a: Scrafty|64/100
|
|-heal|p1a: Scrafty|70/100|[from] item: Leftovers
|upkeep
|turn|39
|
|t:|1636063917
|move|p1a: Scrafty|Knock Off|p2a: Sandaconda
|-damage|p2a: Sandaconda|57/100
|move|p2a: Sandaconda|Earthquake|p1a: Scrafty
|-damage|p1a: Scrafty|35/100
|
|-heal|p1a: Scrafty|41/100|[from] item: Leftovers
|upkeep
|turn|40
|
|t:|1636063923
|switch|p2a: Ribombee|Ribombee, F|61/100
|move|p1a: Scrafty|Drain Punch|p2a: Ribombee
|-resisted|p2a: Ribombee
|-damage|p2a: Ribombee|48/100
|-heal|p1a: Scrafty|46/100|[from] drain|[of] p2a: Ribombee
|
|-heal|p1a: Scrafty|52/100|[from] item: Leftovers
|upkeep
|turn|41
|
|t:|1636063928
|move|p2a: Ribombee|Moonblast|p1a: Scrafty
|-supereffective|p1a: Scrafty
|-damage|p1a: Scrafty|0 fnt
|faint|p1a: Scrafty
|
|upkeep
|
|t:|1636063931
|switch|p1a: Aggron|Aggron, M|80/100
|-damage|p1a: Aggron|74/100|[from] Stealth Rock
|turn|42
|
|t:|1636063936
|switch|p1a: Froslass|Froslass, F|70/100
|-damage|p1a: Froslass|45/100|[from] Stealth Rock
|move|p2a: Ribombee|U-turn|p1a: Froslass
|-resisted|p1a: Froslass
|-damage|p1a: Froslass|35/100
|
|t:|1636063939
|switch|p2a: Gigalith|Gigalith, M|76/100 tox|[from]move: U-turn
|-weather|Sandstorm|[from] ability: Sand Stream|[of] p2a: Gigalith
|
|-weather|Sandstorm|[upkeep]
|-damage|p1a: Froslass|29/100|[from] Sandstorm
|-heal|p2a: Gigalith|82/100 tox|[from] item: Leftovers
|-damage|p2a: Gigalith|76/100 tox|[from] psn
|upkeep
|turn|43
|
|t:|1636063941
|move|p1a: Froslass|Trick|p2a: Gigalith
|-activate|p1a: Froslass|move: Trick|[of] p2a: Gigalith
|-item|p2a: Gigalith|Choice Band|[from] move: Trick
|-item|p1a: Froslass|Leftovers|[from] move: Trick
|move|p2a: Gigalith|Sand Tomb|p1a: Froslass
|-damage|p1a: Froslass|4/100
|-activate|p1a: Froslass|move: Sand Tomb|[of] p2a: Gigalith
|
|-weather|Sandstorm|[upkeep]
|-damage|p1a: Froslass|0 fnt|[from] Sandstorm
|faint|p1a: Froslass
|-damage|p2a: Gigalith|64/100 tox|[from] psn
|upkeep
|
|t:|1636063944
|switch|p1a: Aggron|Aggron, M|74/100
|-damage|p1a: Aggron|67/100|[from] Stealth Rock
|turn|44
|
|t:|1636063948
|move|p1a: Aggron|Heavy Slam|p2a: Gigalith
|-supereffective|p2a: Gigalith
|-damage|p2a: Gigalith|42/100 tox
|move|p2a: Gigalith|Sand Tomb|p1a: Aggron
|-supereffective|p1a: Aggron
|-damage|p1a: Aggron|31/100
|-activate|p1a: Aggron|move: Sand Tomb|[of] p2a: Gigalith
|
|-weather|Sandstorm|[upkeep]
|-heal|p1a: Aggron|37/100|[from] item: Leftovers
|-damage|p2a: Gigalith|24/100 tox|[from] psn
|-damage|p1a: Aggron|25/100|[from] move: Sand Tomb|[partiallytrapped]
|upkeep
|turn|45
|
|t:|1636063953
|move|p1a: Aggron|Body Press|p2a: Gigalith
|-supereffective|p2a: Gigalith
|-damage|p2a: Gigalith|0 fnt
|faint|p2a: Gigalith
|
|-weather|Sandstorm|[upkeep]
|-heal|p1a: Aggron|31/100|[from] item: Leftovers
|-end|p1a: Aggron|Sand Tomb|[partiallytrapped]|[silent]
|upkeep
|
|t:|1636063954
|switch|p2a: Sandaconda|Sandaconda, M|57/100
|turn|46
|
|t:|1636063957
|move|p2a: Sandaconda|Earthquake|p1a: Aggron
|-supereffective|p1a: Aggron
|-damage|p1a: Aggron|0 fnt
|faint|p1a: Aggron
|
|win|one of the bouys
|raw|Dilka's rating: 1295 &rarr; <strong>1285</strong><br />(-10 for losing)
|raw|one of the bouys's rating: 1542 &rarr; <strong>1550</strong><br />(+8 for winning)
|c|☆Dilka|Gg
|c|☆one of the bouys|gg
|l|☆Dilka
