|j|☆Landon✘A21
|j|☆FollowTwitterAbove
|player|p1|Landon✘A21|wikstrom|1318
|player|p2|FollowTwitterAbove|159|1437
|teamsize|p1|6
|teamsize|p2|6
|gametype|singles
|gen|8
|tier|[Gen 8] PU
|rated|
|clearpoke
|poke|p1|Gourgeist-*, F|
|poke|p1|Lapras, F|
|poke|p1|Vibrava, F|
|poke|p1|Mawile, F|
|poke|p1|Mr. Mime, F|
|poke|p1|Silvally-*|
|poke|p2|Pyukumuku, M|
|poke|p2|Leafeon, M|
|poke|p2|Vibrava, F|
|poke|p2|Mawile, F|
|poke|p2|Type: Null|
|poke|p2|Mr. Rime, M|
|rule|Sleep Clause Mod: Limit one foe put to sleep
|rule|Species Clause: Limit one of each Pokémon
|rule|OHKO Clause: OHKO moves are banned
|rule|Evasion Moves Clause: Evasion moves are banned
|rule|Endless Battle Clause: Forcing endless battles is banned
|rule|HP Percentage Mod: HP is shown in percentages
|rule|Dynamax Clause: You cannot dynamax
|teampreview
|
|start
|switch|p1a: Mawile|Mawile, F|100/100
|switch|p2a: Pyukumuku|Pyukumuku, M|100/100
|-ability|p1a: Mawile|Intimidate|boost
|-unboost|p2a: Pyukumuku|atk|1
|turn|1
|
|move|p1a: Mawile|Taunt|p2a: Pyukumuku
|-start|p2a: Pyukumuku|move: Taunt
|cant|p2a: Pyukumuku|move: Taunt|Block
|
|upkeep
|turn|2
|
|switch|p2a: Leafeon|Leafeon, M, shiny|100/100
|move|p1a: Mawile|Stealth Rock|p2a: Leafeon
|-sidestart|p2: FollowTwitterAbove|move: Stealth Rock
|
|upkeep
|turn|3
|
|switch|p1a: Silvally|Silvally-Electric|100/100
|move|p2a: Leafeon|Knock Off|p1a: Silvally
|-damage|p1a: Silvally|81/100
|
|upkeep
|turn|4
|
|switch|p1a: Gourgeist|Gourgeist, F|100/100
|-item|p2a: Leafeon|Leftovers|[from] ability: Frisk|[of] p1a: Gourgeist|[identify]
|switch|p2a: Pyukumuku|Pyukumuku, M|100/100
|-damage|p2a: Pyukumuku|88/100|[from] Stealth Rock
|
|-heal|p2a: Pyukumuku|94/100|[from] item: Leftovers
|upkeep
|turn|5
|
|switch|p2a: Leafeon|Leafeon, M, shiny|100/100
|-damage|p2a: Leafeon|88/100|[from] Stealth Rock
|move|p1a: Gourgeist|Nasty Plot|p1a: Gourgeist
|-boost|p1a: Gourgeist|spa|2
|
|-heal|p2a: Leafeon|94/100|[from] item: Leftovers
|upkeep
|turn|6
|
|switch|p2a: Pyukumuku|Pyukumuku, M|94/100
|-damage|p2a: Pyukumuku|82/100|[from] Stealth Rock
|move|p1a: Gourgeist|Fire Blast|p2a: Pyukumuku
|-resisted|p2a: Pyukumuku
|-damage|p2a: Pyukumuku|71/100
|
|-heal|p2a: Pyukumuku|77/100|[from] item: Leftovers
|upkeep
|turn|7
|
|move|p1a: Gourgeist|Giga Drain|p2a: Pyukumuku
|-supereffective|p2a: Pyukumuku
|-damage|p2a: Pyukumuku|31/100
|move|p2a: Pyukumuku|Toxic|p1a: Gourgeist
|-status|p1a: Gourgeist|tox
|
|-heal|p2a: Pyukumuku|37/100|[from] item: Leftovers
|-damage|p1a: Gourgeist|94/100 tox|[from] psn
|upkeep
|turn|8
|
|switch|p2a: Type: Null|Type: Null, shiny|100/100
|-damage|p2a: Type: Null|88/100|[from] Stealth Rock
|move|p1a: Gourgeist|Giga Drain|p2a: Type: Null
|-damage|p2a: Type: Null|64/100
|-heal|p1a: Gourgeist|100/100 tox|[from] drain|[of] p2a: Type: Null
|
|-damage|p1a: Gourgeist|88/100 tox|[from] psn
|upkeep
|turn|9
|
|switch|p1a: Silvally|Silvally-Electric|81/100
|move|p2a: Type: Null|Swords Dance|p2a: Type: Null
|-boost|p2a: Type: Null|atk|2
|
|upkeep
|turn|10
|
|move|p1a: Silvally|Swords Dance|p1a: Silvally
|-boost|p1a: Silvally|atk|2
|move|p2a: Type: Null|Facade|p1a: Silvally
|-damage|p1a: Silvally|30/100
|
|upkeep
|turn|11
|
|move|p1a: Silvally|Multi-Attack|p2a: Type: Null
|-damage|p2a: Type: Null|6/100
|move|p2a: Type: Null|Facade|p1a: Silvally
|-damage|p1a: Silvally|0 fnt
|faint|p1a: Silvally
|
|upkeep
|
|switch|p1a: Vibrava|Vibrava, F|100/100
|turn|12
|
|switch|p2a: Leafeon|Leafeon, M, shiny|94/100
|-damage|p2a: Leafeon|82/100|[from] Stealth Rock
|move|p1a: Vibrava|U-turn|p2a: Leafeon
|-supereffective|p2a: Leafeon
|-damage|p2a: Leafeon|67/100
|
|switch|p1a: Gourgeist|Gourgeist, F|88/100 tox|[from]move: U-turn
|-item|p2a: Leafeon|Leftovers|[from] ability: Frisk|[of] p1a: Gourgeist|[identify]
|
|-heal|p2a: Leafeon|73/100|[from] item: Leftovers
|-damage|p1a: Gourgeist|82/100 tox|[from] psn
|upkeep
|turn|13
|
|switch|p2a: Vibrava|Vibrava, F, shiny|100/100
|-damage|p2a: Vibrava|95/100|[from] Stealth Rock
|move|p1a: Gourgeist|Giga Drain|p2a: Vibrava
|-damage|p2a: Vibrava|74/100
|-heal|p1a: Gourgeist|93/100 tox|[from] drain|[of] p2a: Vibrava
|
|-damage|p1a: Gourgeist|81/100 tox|[from] psn
|upkeep
|turn|14
|
|switch|p1a: Mr. Mime|Mr. Mime, F|100/100
|move|p2a: Vibrava|Defog|p1a: Mr. Mime
|-unboost|p1a: Mr. Mime|evasion|1
|-sideend|p2: FollowTwitterAbove|Stealth Rock|[from] move: Defog|[of] p2a: Vibrava
|
|upkeep
|turn|15
|
|move|p1a: Mr. Mime|Dazzling Gleam|p2a: Vibrava
|-supereffective|p2a: Vibrava
|-damage|p2a: Vibrava|14/100
|move|p2a: Vibrava|Toxic|p1a: Mr. Mime
|-status|p1a: Mr. Mime|tox
|
|-damage|p1a: Mr. Mime|95/100 tox|[from] psn
|upkeep
|turn|16
|
|switch|p2a: Mawile|Mawile, F, shiny|100/100
|-ability|p2a: Mawile|Intimidate|boost
|-unboost|p1a: Mr. Mime|atk|1
|move|p1a: Mr. Mime|Dazzling Gleam|p2a: Mawile
|-resisted|p2a: Mawile
|-damage|p2a: Mawile|66/100
|
|-heal|p2a: Mawile|73/100|[from] item: Leftovers
|-damage|p1a: Mr. Mime|83/100 tox|[from] psn
|upkeep
|turn|17
|
|switch|p1a: Gourgeist|Gourgeist, F|81/100 tox
|-item|p2a: Mawile|Leftovers|[from] ability: Frisk|[of] p1a: Gourgeist|[identify]
|move|p2a: Mawile|Stealth Rock|p1a: Gourgeist
|-sidestart|p1: Landon✘A21|move: Stealth Rock
|
|-heal|p2a: Mawile|79/100|[from] item: Leftovers
|-damage|p1a: Gourgeist|75/100 tox|[from] psn
|upkeep
|turn|18
|
|switch|p2a: Mr. Rime|Mr. Rime, M, shiny|100/100
|move|p1a: Gourgeist|Shadow Ball|p2a: Mr. Rime
|-supereffective|p2a: Mr. Rime
|-damage|p2a: Mr. Rime|64/100
|-unboost|p2a: Mr. Rime|spd|1
|
|-damage|p1a: Gourgeist|62/100 tox|[from] psn
|upkeep
|turn|19
|
|switch|p1a: Lapras|Lapras, F|100/100
|move|p2a: Mr. Rime|Slack Off|p2a: Mr. Rime
|-heal|p2a: Mr. Rime|100/100
|
|upkeep
|turn|20
|
|switch|p2a: Vibrava|Vibrava, F, shiny|14/100
|move|p1a: Lapras|Body Press|p2a: Vibrava
|-damage|p2a: Vibrava|0 fnt
|faint|p2a: Vibrava
|
|upkeep
|
|switch|p2a: Type: Null|Type: Null, shiny|6/100
|turn|21
|c|☆Landon✘A21|gooo speed tie
|
|move|p2a: Type: Null|Rest|p2a: Type: Null
|-status|p2a: Type: Null|slp|[from] move: Rest
|-heal|p2a: Type: Null|100/100 slp|[silent]
|move|p1a: Lapras|Body Press|p2a: Type: Null
|-supereffective|p2a: Type: Null
|-damage|p2a: Type: Null|73/100 slp
|
|upkeep
|turn|22
|c|☆Landon✘A21|unless youre faster then 4 speed
|
|switch|p2a: Mr. Rime|Mr. Rime, M, shiny|100/100
|switch|p1a: Vibrava|Vibrava, F|100/100
|-damage|p1a: Vibrava|94/100|[from] Stealth Rock
|
|upkeep
|turn|23
|
|switch|p1a: Lapras|Lapras, F|100/100
|move|p2a: Mr. Rime|Freeze-Dry|p1a: Lapras
|-damage|p1a: Lapras|80/100
|
|upkeep
|turn|24
|
|switch|p2a: Mawile|Mawile, F, shiny|79/100
|-ability|p2a: Mawile|Intimidate|boost
|-unboost|p1a: Lapras|atk|1
|move|p1a: Lapras|Body Press|p2a: Mawile
|-damage|p2a: Mawile|59/100
|
|-heal|p2a: Mawile|65/100|[from] item: Leftovers
|upkeep
|turn|25
|
|switch|p1a: Mawile|Mawile, F|100/100
|-damage|p1a: Mawile|95/100|[from] Stealth Rock
|-ability|p1a: Mawile|Intimidate|boost
|-unboost|p2a: Mawile|atk|1
|move|p2a: Mawile|Knock Off|p1a: Mawile
|-resisted|p1a: Mawile
|-damage|p1a: Mawile|88/100
|-enditem|p1a: Mawile|Leftovers|[from] move: Knock Off|[of] p2a: Mawile
|
|-heal|p2a: Mawile|72/100|[from] item: Leftovers
|upkeep
|turn|26
|
|move|p2a: Mawile|Protect|p2a: Mawile
|-singleturn|p2a: Mawile|Protect
|move|p1a: Mawile|Stealth Rock|p2a: Mawile
|-sidestart|p2: FollowTwitterAbove|move: Stealth Rock
|
|-heal|p2a: Mawile|78/100|[from] item: Leftovers
|upkeep
|turn|27
|
|move|p2a: Mawile|Play Rough|p1a: Mawile
|-resisted|p1a: Mawile
|-damage|p1a: Mawile|80/100
|move|p1a: Mawile|Knock Off|p2a: Mawile
|-resisted|p2a: Mawile
|-damage|p2a: Mawile|69/100
|-enditem|p2a: Mawile|Leftovers|[from] move: Knock Off|[of] p1a: Mawile
|
|upkeep
|turn|28
|
|switch|p2a: Leafeon|Leafeon, M, shiny|73/100
|-damage|p2a: Leafeon|61/100|[from] Stealth Rock
|switch|p1a: Mr. Mime|Mr. Mime, F|83/100 tox
|-damage|p1a: Mr. Mime|71/100 tox|[from] Stealth Rock
|
|-heal|p2a: Leafeon|67/100|[from] item: Leftovers
|-damage|p1a: Mr. Mime|65/100 tox|[from] psn
|upkeep
|turn|29
|
|move|p2a: Leafeon|Protect|p2a: Leafeon
|-singleturn|p2a: Leafeon|Protect
|move|p1a: Mr. Mime|Healing Wish|p1a: Mr. Mime
|faint|p1a: Mr. Mime
|
|-heal|p2a: Leafeon|73/100|[from] item: Leftovers
|upkeep
|
|switch|p1a: Gourgeist|Gourgeist, F|62/100 tox
|-heal|p1a: Gourgeist|100/100|[from] move: Healing Wish
|-damage|p1a: Gourgeist|88/100|[from] Stealth Rock
|-item|p2a: Leafeon|Leftovers|[from] ability: Frisk|[of] p1a: Gourgeist|[identify]
|turn|30
|
|switch|p1a: Mawile|Mawile, F|80/100
|-damage|p1a: Mawile|74/100|[from] Stealth Rock
|-ability|p1a: Mawile|Intimidate|boost
|-unboost|p2a: Leafeon|atk|1
|move|p2a: Leafeon|Knock Off|p1a: Mawile
|-resisted|p1a: Mawile
|-damage|p1a: Mawile|69/100
|
|-heal|p2a: Leafeon|79/100|[from] item: Leftovers
|upkeep
|turn|31
|
|move|p2a: Leafeon|Wish|p2a: Leafeon
|move|p1a: Mawile|Taunt|p2a: Leafeon
|-start|p2a: Leafeon|move: Taunt
|
|-heal|p2a: Leafeon|85/100|[from] item: Leftovers
|upkeep
|turn|32
|j| kimura451
|
|switch|p2a: Pyukumuku|Pyukumuku, M|37/100
|-damage|p2a: Pyukumuku|25/100|[from] Stealth Rock
|move|p1a: Mawile|Knock Off|p2a: Pyukumuku
|-damage|p2a: Pyukumuku|12/100
|-enditem|p2a: Pyukumuku|Leftovers|[from] move: Knock Off|[of] p1a: Mawile
|
|-heal|p2a: Pyukumuku|65/100|[from] move: Wish|[wisher] Leafeon
|upkeep
|turn|33
|
|move|p1a: Mawile|Taunt|p2a: Pyukumuku
|-start|p2a: Pyukumuku|move: Taunt
|cant|p2a: Pyukumuku|move: Taunt|Recover
|
|upkeep
|turn|34
|
|switch|p1a: Gourgeist|Gourgeist, F|88/100
|-damage|p1a: Gourgeist|76/100|[from] Stealth Rock
|switch|p2a: Leafeon|Leafeon, M, shiny|85/100
|-damage|p2a: Leafeon|72/100|[from] Stealth Rock
|
|-heal|p2a: Leafeon|78/100|[from] item: Leftovers
|upkeep
|turn|35
|
|move|p1a: Gourgeist|Nasty Plot|p1a: Gourgeist
|-boost|p1a: Gourgeist|spa|2
|move|p2a: Leafeon|Knock Off|p1a: Gourgeist
|-supereffective|p1a: Gourgeist
|-enditem|p1a: Gourgeist|Colbur Berry|[eat]
|-enditem|p1a: Gourgeist|Colbur Berry|[weaken]
|-damage|p1a: Gourgeist|49/100
|
|-heal|p2a: Leafeon|84/100|[from] item: Leftovers
|upkeep
|turn|36
|
|switch|p2a: Mawile|Mawile, F, shiny|69/100
|-damage|p2a: Mawile|62/100|[from] Stealth Rock
|-ability|p2a: Mawile|Intimidate|boost
|-unboost|p1a: Gourgeist|atk|1
|move|p1a: Gourgeist|Giga Drain|p2a: Mawile
|-resisted|p2a: Mawile
|-damage|p2a: Mawile|12/100
|-heal|p1a: Gourgeist|77/100|[from] drain|[of] p2a: Mawile
|
|upkeep
|turn|37
|
|move|p1a: Gourgeist|Giga Drain|p2a: Mawile
|-resisted|p2a: Mawile
|-damage|p2a: Mawile|0 fnt
|-heal|p1a: Gourgeist|83/100|[from] drain|[of] p2a: Mawile
|faint|p2a: Mawile
|
|upkeep
|
|switch|p2a: Pyukumuku|Pyukumuku, M|65/100
|-damage|p2a: Pyukumuku|53/100|[from] Stealth Rock
|turn|38
|
|move|p1a: Gourgeist|Giga Drain|p2a: Pyukumuku
|-supereffective|p2a: Pyukumuku
|-damage|p2a: Pyukumuku|9/100
|-heal|p1a: Gourgeist|100/100|[from] drain|[of] p2a: Pyukumuku
|move|p2a: Pyukumuku|Toxic|p1a: Gourgeist
|-status|p1a: Gourgeist|tox
|
|-damage|p1a: Gourgeist|94/100 tox|[from] psn
|upkeep
|turn|39
|
|switch|p2a: Mr. Rime|Mr. Rime, M, shiny|100/100
|move|p1a: Gourgeist|Giga Drain|p2a: Mr. Rime
|-damage|p2a: Mr. Rime|66/100
|-heal|p1a: Gourgeist|100/100 tox|[from] drain|[of] p2a: Mr. Rime
|
|-damage|p1a: Gourgeist|88/100 tox|[from] psn
|upkeep
|turn|40
|
|move|p1a: Gourgeist|Shadow Ball|p2a: Mr. Rime
|-supereffective|p2a: Mr. Rime
|-damage|p2a: Mr. Rime|0 fnt
|faint|p2a: Mr. Rime
|
|-damage|p1a: Gourgeist|70/100 tox|[from] psn
|upkeep
|
|switch|p2a: Leafeon|Leafeon, M, shiny|84/100
|-damage|p2a: Leafeon|72/100|[from] Stealth Rock
|turn|41
|l| kimura451
|
|move|p2a: Leafeon|Protect|p2a: Leafeon
|-singleturn|p2a: Leafeon|Protect
|move|p1a: Gourgeist|Fire Blast|p2a: Leafeon
|-activate|p2a: Leafeon|move: Protect
|
|-heal|p2a: Leafeon|78/100|[from] item: Leftovers
|-damage|p1a: Gourgeist|45/100 tox|[from] psn
|upkeep
|turn|42
|
|switch|p2a: Type: Null|Type: Null, shiny|73/100 slp
|-damage|p2a: Type: Null|60/100 slp|[from] Stealth Rock
|move|p1a: Gourgeist|Fire Blast|p2a: Type: Null
|-damage|p2a: Type: Null|38/100 slp
|
|-damage|p1a: Gourgeist|14/100 tox|[from] psn
|upkeep
|turn|43
|j| kimura451
|
|switch|p2a: Leafeon|Leafeon, M, shiny|78/100
|-damage|p2a: Leafeon|66/100|[from] Stealth Rock
|move|p1a: Gourgeist|Giga Drain|p2a: Leafeon
|-resisted|p2a: Leafeon
|-damage|p2a: Leafeon|31/100
|-heal|p1a: Gourgeist|36/100 tox|[from] drain|[of] p2a: Leafeon
|
|-heal|p2a: Leafeon|37/100|[from] item: Leftovers
|-damage|p1a: Gourgeist|0 fnt|[from] psn
|faint|p1a: Gourgeist
|upkeep
|
|switch|p1a: Lapras|Lapras, F|80/100
|turn|44
|
|move|p2a: Leafeon|Heal Bell|p2a: Leafeon
|-activate|p2a: Leafeon|move: Heal Bell
|-curestatus|p2: Type: Null|slp|[msg]
|move|p1a: Lapras|Freeze-Dry|p2a: Leafeon
|-supereffective|p2a: Leafeon
|-damage|p2a: Leafeon|0 fnt
|faint|p2a: Leafeon
|
|upkeep
|
|switch|p2a: Type: Null|Type: Null, shiny|38/100
|-damage|p2a: Type: Null|26/100|[from] Stealth Rock
|turn|45
|
|switch|p1a: Mawile|Mawile, F|69/100
|-damage|p1a: Mawile|63/100|[from] Stealth Rock
|-ability|p1a: Mawile|Intimidate|boost
|-unboost|p2a: Type: Null|atk|1
|move|p2a: Type: Null|Rest|p2a: Type: Null
|-status|p2a: Type: Null|slp|[from] move: Rest
|-heal|p2a: Type: Null|100/100 slp|[silent]
|
|upkeep
|turn|46
|
|cant|p2a: Type: Null|slp
|move|p2a: Type: Null|Sleep Talk|p2a: Type: Null
|move|p2a: Type: Null|Rest|p2a: Type: Null|[from]Sleep Talk
|-fail|p2a: Type: Null|heal
|move|p1a: Mawile|Knock Off|p2a: Type: Null
|-damage|p2a: Type: Null|89/100 slp
|-enditem|p2a: Type: Null|Eviolite|[from] move: Knock Off|[of] p1a: Mawile
|
|upkeep
|turn|47
|
|cant|p2a: Type: Null|slp
|move|p2a: Type: Null|Sleep Talk|p2a: Type: Null
|move|p2a: Type: Null|Rest|p2a: Type: Null|[from]Sleep Talk
|-fail|p2a: Type: Null
|move|p1a: Mawile|Taunt|p2a: Type: Null
|-start|p2a: Type: Null|move: Taunt
|
|upkeep
|turn|48
|
|switch|p1a: Lapras|Lapras, F|80/100
|-curestatus|p2a: Type: Null|slp|[msg]
|move|p2a: Type: Null|Facade|p1a: Lapras
|-damage|p1a: Lapras|71/100
|
|upkeep
|turn|49
|
|move|p2a: Type: Null|Facade|p1a: Lapras
|-damage|p1a: Lapras|62/100
|move|p1a: Lapras|Body Press|p2a: Type: Null
|-supereffective|p2a: Type: Null
|-damage|p2a: Type: Null|48/100
|
|upkeep
|turn|50
|
|move|p2a: Type: Null|Facade|p1a: Lapras
|-damage|p1a: Lapras|52/100
|move|p1a: Lapras|Body Press|p2a: Type: Null
|-supereffective|p2a: Type: Null
|-damage|p2a: Type: Null|10/100
|
|-end|p2a: Type: Null|move: Taunt
|upkeep
|turn|51
|
|move|p2a: Type: Null|Rest|p2a: Type: Null
|-status|p2a: Type: Null|slp|[from] move: Rest
|-heal|p2a: Type: Null|100/100 slp|[silent]
|move|p1a: Lapras|Body Press|p2a: Type: Null
|-supereffective|p2a: Type: Null
|-damage|p2a: Type: Null|60/100 slp
|
|upkeep
|turn|52
|
|cant|p2a: Type: Null|slp
|move|p2a: Type: Null|Sleep Talk|p2a: Type: Null
|move|p2a: Type: Null|Facade|p1a: Lapras|[from]Sleep Talk
|-damage|p1a: Lapras|43/100
|move|p1a: Lapras|Body Press|p2a: Type: Null
|-supereffective|p2a: Type: Null
|-damage|p2a: Type: Null|16/100 slp
|
|upkeep
|turn|53
|
|cant|p2a: Type: Null|slp
|move|p2a: Type: Null|Sleep Talk|p2a: Type: Null
|move|p2a: Type: Null|Rest|p2a: Type: Null|[from]Sleep Talk
|-fail|p2a: Type: Null
|move|p1a: Lapras|Body Press|p2a: Type: Null
|-supereffective|p2a: Type: Null
|-damage|p2a: Type: Null|0 fnt
|faint|p2a: Type: Null
|
|upkeep
|
|switch|p2a: Pyukumuku|Pyukumuku, M|9/100
|-damage|p2a: Pyukumuku|0 fnt|[from] Stealth Rock
|faint|p2a: Pyukumuku
|
|win|Landon✘A21
|c|☆Landon✘A21|gg
|l|☆FollowTwitterAbove
|j| Yeah wynaut
|raw|Landon✘A21's rating: 1318 &rarr; <strong>1344</strong><br />(+26 for winning)
|raw|FollowTwitterAbove's rating: 1437 &rarr; <strong>1410</strong><br />(-27 for losing)
