|j|☆broken2
|j|☆Uberfiend
|t:|1608829141
|player|p1|broken2|1|1519
|player|p2|Uberfiend|youngcouple-gen4dp|1446
|teamsize|p1|6
|teamsize|p2|6
|gametype|singles
|gen|8
|tier|[Gen 8] PU
|rated|
|clearpoke
|poke|p1|Roserade, F|
|poke|p1|Tauros, M|
|poke|p1|Coalossal, F|
|poke|p1|Sigilyph, M|
|poke|p1|Passimian, M|
|poke|p1|Magneton|
|poke|p2|Hitmontop, M|
|poke|p2|Braviary, M|
|poke|p2|Vileplume, M|
|poke|p2|Silvally-*|
|poke|p2|Exploud, M|
|poke|p2|Gourgeist-*, M|
|rule|Sleep Clause Mod: Limit one foe put to sleep
|rule|Species Clause: Limit one of each Pokémon
|rule|OHKO Clause: OHKO moves are banned
|rule|Evasion Moves Clause: Evasion moves are banned
|rule|Endless Battle Clause: Forcing endless battles is banned
|rule|HP Percentage Mod: HP is shown in percentages
|rule|Dynamax Clause: You cannot dynamax
|teampreview
|
|t:|1608829154
|start
|switch|p1a: Passimian|Passimian, M|100/100
|switch|p2a: BirdMan|Braviary, M, shiny|100/100
|turn|1
|j| feraligatr08
|
|t:|1608829160
|switch|p1a: Coalossal|Coalossal, F|100/100
|move|p2a: BirdMan|Close Combat|p1a: Coalossal
|-supereffective|p1a: Coalossal
|-damage|p1a: Coalossal|17/100
|-unboost|p2a: BirdMan|def|1
|-unboost|p2a: BirdMan|spd|1
|-damage|p2a: BirdMan|91/100|[from] item: Life Orb
|
|upkeep
|turn|2
|
|t:|1608829169
|move|p2a: BirdMan|Brave Bird|p1a: Coalossal
|-resisted|p1a: Coalossal
|-damage|p1a: Coalossal|0 fnt
|-status|p2a: BirdMan|brn|[from] ability: Flame Body|[of] p1a: Coalossal
|-damage|p2a: BirdMan|85/100 brn|[from] Recoil
|-damage|p2a: BirdMan|75/100 brn|[from] item: Life Orb
|faint|p1a: Coalossal
|
|-damage|p2a: BirdMan|69/100 brn|[from] brn
|upkeep
|
|t:|1608829175
|switch|p1a: Tauros|Tauros, M|100/100
|turn|3
|
|t:|1608829179
|switch|p2a: Bad touch 👿|Vileplume, M, shiny|100/100
|move|p1a: Tauros|Body Slam|p2a: Bad touch 👿
|-damage|p2a: Bad touch 👿|28/100
|-status|p1a: Tauros|slp|[from] ability: Effect Spore|[of] p2a: Bad touch 👿
|
|-heal|p2a: Bad touch 👿|34/100|[from] item: Black Sludge
|upkeep
|turn|4
|
|t:|1608829186
|switch|p1a: Magneton|Magneton|100/100
|move|p2a: Bad touch 👿|Strength Sap|p1a: Magneton
|-unboost|p1a: Magneton|atk|1
|-heal|p2a: Bad touch 👿|66/100
|
|-heal|p2a: Bad touch 👿|72/100|[from] item: Black Sludge
|upkeep
|turn|5
|
|t:|1608829190
|switch|p2a: BirdMan|Braviary, M, shiny|69/100 brn
|move|p1a: Magneton|Substitute|p1a: Magneton
|-start|p1a: Magneton|Substitute
|-damage|p1a: Magneton|76/100
|
|-damage|p2a: BirdMan|63/100 brn|[from] brn
|upkeep
|turn|6
|
|t:|1608829193
|move|p1a: Magneton|Charge Beam|p2a: BirdMan
|-supereffective|p2a: BirdMan
|-damage|p2a: BirdMan|10/100 brn
|-boost|p1a: Magneton|spa|1
|move|p2a: BirdMan|Close Combat|p1a: Magneton
|-supereffective|p1a: Magneton
|-end|p1a: Magneton|Substitute
|-unboost|p2a: BirdMan|def|1
|-unboost|p2a: BirdMan|spd|1
|-damage|p2a: BirdMan|0 fnt|[from] item: Life Orb
|faint|p2a: BirdMan
|
|upkeep
|
|t:|1608829204
|switch|p2a: Tatsumaki 💨|Hitmontop, M|100/100
|turn|7
|
|t:|1608829216
|switch|p1a: Sigilyph|Sigilyph, M|100/100
|move|p2a: Tatsumaki 💨|Earthquake|p1a: Sigilyph
|-immune|p1a: Sigilyph
|
|-status|p1a: Sigilyph|brn|[from] item: Flame Orb
|upkeep
|turn|8
|
|t:|1608829223
|switch|p2a: Gape!!!! Tunnel'|Exploud, M|100/100
|move|p1a: Sigilyph|Psycho Shift|p2a: Gape!!!! Tunnel'
|-status|p2a: Gape!!!! Tunnel'|brn
|-curestatus|p1a: Sigilyph|brn|[msg]
|
|-damage|p2a: Gape!!!! Tunnel'|94/100 brn|[from] brn
|-status|p1a: Sigilyph|brn|[from] item: Flame Orb
|upkeep
|turn|9
|
|t:|1608829227
|switch|p1a: Magneton|Magneton|76/100
|move|p2a: Gape!!!! Tunnel'|Boomburst|p1a: Magneton
|-resisted|p1a: Magneton
|-damage|p1a: Magneton|0 fnt
|faint|p1a: Magneton
|
|-damage|p2a: Gape!!!! Tunnel'|88/100 brn|[from] brn
|upkeep
|
|t:|1608829232
|switch|p1a: Passimian|Passimian, M|100/100
|turn|10
|
|t:|1608829242
|move|p1a: Passimian|U-turn|p2a: Gape!!!! Tunnel'
|-damage|p2a: Gape!!!! Tunnel'|58/100 brn
|
|t:|1608829247
|switch|p1a: Sigilyph|Sigilyph, M|100/100 brn|[from]move: U-turn
|move|p2a: Gape!!!! Tunnel'|Boomburst|p1a: Sigilyph
|-damage|p1a: Sigilyph|28/100 brn
|
|-damage|p2a: Gape!!!! Tunnel'|52/100 brn|[from] brn
|upkeep
|turn|11
|
|t:|1608829254
|move|p1a: Sigilyph|Roost|p1a: Sigilyph
|-heal|p1a: Sigilyph|78/100 brn
|-singleturn|p1a: Sigilyph|move: Roost
|move|p2a: Gape!!!! Tunnel'|Boomburst|p1a: Sigilyph
|-damage|p1a: Sigilyph|0 fnt
|faint|p1a: Sigilyph
|
|-damage|p2a: Gape!!!! Tunnel'|46/100 brn|[from] brn
|upkeep
|
|t:|1608829258
|switch|p1a: Roserade|Roserade, F|100/100
|turn|12
|
|t:|1608829262
|move|p1a: Roserade|Sludge Bomb|p2a: Gape!!!! Tunnel'
|-damage|p2a: Gape!!!! Tunnel'|0 fnt
|faint|p2a: Gape!!!! Tunnel'
|
|upkeep
|
|t:|1608829265
|switch|p2a: Silvally–Flying|Silvally-Steel, shiny|100/100
|turn|13
|
|t:|1608829273
|switch|p1a: Tauros|Tauros, M|100/100 slp
|move|p2a: Silvally–Flying|Flame Charge|p1a: Tauros
|-damage|p1a: Tauros|80/100 slp
|-boost|p2a: Silvally–Flying|spe|1
|
|upkeep
|turn|14
|
|t:|1608829277
|move|p2a: Silvally–Flying|Swords Dance|p2a: Silvally–Flying
|-boost|p2a: Silvally–Flying|atk|2
|cant|p1a: Tauros|slp
|
|upkeep
|turn|15
|
|t:|1608829279
|move|p2a: Silvally–Flying|Multi-Attack|p1a: Tauros
|-damage|p1a: Tauros|0 fnt
|faint|p1a: Tauros
|
|upkeep
|
|t:|1608829282
|switch|p1a: Passimian|Passimian, M|100/100
|turn|16
|
|t:|1608829284
|move|p2a: Silvally–Flying|Psychic Fangs|p1a: Passimian
|-supereffective|p1a: Passimian
|-damage|p1a: Passimian|0 fnt
|faint|p1a: Passimian
|
|upkeep
|
|t:|1608829287
|switch|p1a: Roserade|Roserade, F|100/100
|turn|17
|-message|broken2 forfeited.
|
|win|Uberfiend
|l|☆broken2
|c|☆Uberfiend|Gg
|raw|broken2's rating: 1519 &rarr; <strong>1493</strong><br />(-26 for losing)
|raw|Uberfiend's rating: 1419 &rarr; <strong>1445</strong><br />(+26 for winning)
