|j|☆R3d_VGC
|j|☆one of the bouys
|t:|1635721666
|gametype|singles
|player|p1|R3d_VGC|lance|1310
|player|p2|one of the bouys|clown|1541
|teamsize|p1|6
|teamsize|p2|6
|gen|8
|tier|[Gen 8] PU
|rated|
|rule|Sleep Clause Mod: Limit one foe put to sleep
|rule|Species Clause: Limit one of each Pokémon
|rule|OHKO Clause: OHKO moves are banned
|rule|Evasion Moves Clause: Evasion moves are banned
|rule|Endless Battle Clause: Forcing endless battles is banned
|rule|HP Percentage Mod: HP is shown in percentages
|rule|Dynamax Clause: You cannot dynamax
|clearpoke
|poke|p1|Jellicent, M|
|poke|p1|Scyther, F|
|poke|p1|Sandslash-Alola, F|
|poke|p1|Mesprit|
|poke|p1|Silvally-*|
|poke|p1|Galvantula, F|
|poke|p2|Flapple, M|
|poke|p2|Frosmoth, F|
|poke|p2|Gigalith, F|
|poke|p2|Altaria, F|
|poke|p2|Persian-Alola, M|
|poke|p2|Hitmontop, M|
|teampreview
|
|t:|1635721674
|start
|switch|p1a: Galvantula|Galvantula, F|100/100
|switch|p2a: Gigalith|Gigalith, F|100/100
|-weather|Sandstorm|[from] ability: Sand Stream|[of] p2a: Gigalith
|turn|1
|
|t:|1635721677
|move|p1a: Galvantula|Sticky Web|p2a: Gigalith
|-sidestart|p2: one of the bouys|move: Sticky Web
|move|p2a: Gigalith|Rock Blast|p1a: Galvantula
|-supereffective|p1a: Galvantula
|-damage|p1a: Galvantula|57/100
|-supereffective|p1a: Galvantula
|-damage|p1a: Galvantula|13/100
|-supereffective|p1a: Galvantula
|-damage|p1a: Galvantula|0 fnt
|faint|p1a: Galvantula
|-hitcount|p1: Galvantula|3
|
|-weather|Sandstorm|[upkeep]
|upkeep
|
|t:|1635721686
|switch|p1a: Jellicent|Jellicent, M|100/100
|turn|2
|
|t:|1635721690
|switch|p2a: Altaria|Altaria, F|100/100
|move|p1a: Jellicent|Water Spout|p2a: Altaria
|-resisted|p2a: Altaria
|-damage|p2a: Altaria|60/100
|
|-weather|Sandstorm|[upkeep]
|-damage|p1a: Jellicent|94/100|[from] Sandstorm
|-damage|p2a: Altaria|54/100|[from] Sandstorm
|upkeep
|turn|3
|
|t:|1635721699
|switch|p1a: Silvally|Silvally-Fire|100/100
|move|p2a: Altaria|Roost|p2a: Altaria
|-heal|p2a: Altaria|100/100
|-singleturn|p2a: Altaria|move: Roost
|
|-weather|Sandstorm|[upkeep]
|-damage|p1a: Silvally|94/100|[from] Sandstorm
|-damage|p2a: Altaria|94/100|[from] Sandstorm
|upkeep
|turn|4
|
|t:|1635721709
|move|p1a: Silvally|Ice Beam|p2a: Altaria
|-supereffective|p2a: Altaria
|-damage|p2a: Altaria|0 fnt
|faint|p2a: Altaria
|
|-weather|Sandstorm|[upkeep]
|-damage|p1a: Silvally|88/100|[from] Sandstorm
|upkeep
|
|t:|1635721725
|switch|p2a: Gigalith|Gigalith, F|100/100
|-activate|p2a: Gigalith|move: Sticky Web
|-unboost|p2a: Gigalith|spe|1
|turn|5
|
|t:|1635721732
|move|p1a: Silvally|Parting Shot|p2a: Gigalith
|-unboost|p2a: Gigalith|atk|1
|-unboost|p2a: Gigalith|spa|1
|
|t:|1635721735
|switch|p1a: Sandslash|Sandslash-Alola, F|100/100|[from]move: Parting Shot
|move|p2a: Gigalith|Stealth Rock|p1a: Sandslash
|-sidestart|p1: R3d_VGC|move: Stealth Rock
|
|-weather|none
|upkeep
|turn|6
|
|t:|1635721742
|switch|p2a: Hitmontop|Hitmontop, M|100/100
|move|p1a: Sandslash|Rapid Spin|p2a: Hitmontop
|-damage|p2a: Hitmontop|78/100
|-boost|p1a: Sandslash|spe|1
|-sideend|p1: R3d_VGC|Stealth Rock|[from] move: Rapid Spin|[of] p1a: Sandslash
|
|upkeep
|turn|7
|
|t:|1635721747
|switch|p1a: Jellicent|Jellicent, M|94/100
|move|p2a: Hitmontop|Triple Axel|p1a: Jellicent
|-resisted|p1a: Jellicent
|-damage|p1a: Jellicent|89/100
|-resisted|p1a: Jellicent
|-damage|p1a: Jellicent|76/100
|-resisted|p1a: Jellicent
|-damage|p1a: Jellicent|57/100
|-hitcount|p1a: Jellicent|3
|
|upkeep
|turn|8
|
|t:|1635721755
|switch|p2a: Frosmoth|Frosmoth, F|100/100
|move|p1a: Jellicent|Scald|p2a: Frosmoth
|-damage|p2a: Frosmoth|74/100
|
|upkeep
|turn|9
|
|t:|1635721761
|switch|p1a: Sandslash|Sandslash-Alola, F|100/100
|move|p2a: Frosmoth|Giga Drain|p1a: Sandslash
|-resisted|p1a: Sandslash
|-damage|p1a: Sandslash|91/100
|-heal|p2a: Frosmoth|79/100|[from] drain|[of] p1a: Sandslash
|
|upkeep
|turn|10
|
|t:|1635721766
|switch|p2a: Persian|Persian-Alola, M|100/100
|-activate|p2a: Persian|move: Sticky Web
|-unboost|p2a: Persian|spe|1
|move|p1a: Sandslash|Iron Head|p2a: Persian
|-damage|p2a: Persian|75/100
|
|upkeep
|turn|11
|
|t:|1635721771
|switch|p1a: Silvally|Silvally-Fire|88/100
|move|p2a: Persian|Switcheroo||[still]
|-fail|p2a: Persian
|
|upkeep
|turn|12
|
|t:|1635721775
|switch|p2a: Gigalith|Gigalith, F|100/100
|-activate|p2a: Gigalith|move: Sticky Web
|-unboost|p2a: Gigalith|spe|1
|-weather|Sandstorm|[from] ability: Sand Stream|[of] p2a: Gigalith
|move|p1a: Silvally|Flamethrower|p2a: Gigalith
|-resisted|p2a: Gigalith
|-damage|p2a: Gigalith|91/100
|
|-weather|Sandstorm|[upkeep]
|-damage|p1a: Silvally|82/100|[from] Sandstorm
|-heal|p2a: Gigalith|97/100|[from] item: Leftovers
|upkeep
|turn|13
|
|t:|1635721779
|move|p1a: Silvally|Parting Shot|p2a: Gigalith
|-unboost|p2a: Gigalith|atk|1
|-unboost|p2a: Gigalith|spa|1
|
|t:|1635721782
|switch|p1a: Sandslash|Sandslash-Alola, F|91/100|[from]move: Parting Shot
|move|p2a: Gigalith|Stealth Rock|p1a: Sandslash
|-sidestart|p1: R3d_VGC|move: Stealth Rock
|
|-weather|Sandstorm|[upkeep]
|-heal|p2a: Gigalith|100/100|[from] item: Leftovers
|upkeep
|turn|14
|
|t:|1635721785
|move|p1a: Sandslash|Rapid Spin|p2a: Gigalith
|-resisted|p2a: Gigalith
|-damage|p2a: Gigalith|95/100
|-boost|p1a: Sandslash|spe|1
|-sideend|p1: R3d_VGC|Stealth Rock|[from] move: Rapid Spin|[of] p1a: Sandslash
|move|p2a: Gigalith|Earthquake|p1a: Sandslash
|-supereffective|p1a: Sandslash
|-damage|p1a: Sandslash|54/100
|
|-weather|Sandstorm|[upkeep]
|-heal|p2a: Gigalith|100/100|[from] item: Leftovers
|upkeep
|turn|15
|
|t:|1635721790
|move|p1a: Sandslash|Iron Head|p2a: Gigalith
|-supereffective|p2a: Gigalith
|-damage|p2a: Gigalith|52/100
|cant|p2a: Gigalith|flinch
|
|-weather|Sandstorm|[upkeep]
|-heal|p2a: Gigalith|58/100|[from] item: Leftovers
|upkeep
|turn|16
|
|t:|1635721795
|switch|p2a: Persian|Persian-Alola, M|75/100
|-activate|p2a: Persian|move: Sticky Web
|-unboost|p2a: Persian|spe|1
|move|p1a: Sandslash|Iron Head|p2a: Persian
|-damage|p2a: Persian|48/100
|
|-weather|none
|upkeep
|turn|17
|
|t:|1635721802
|switch|p1a: Silvally|Silvally-Fire|82/100
|move|p2a: Persian|Parting Shot|p1a: Silvally
|-unboost|p1a: Silvally|atk|1
|-unboost|p1a: Silvally|spa|1
|
|t:|1635721812
|switch|p2a: Gigalith|Gigalith, F|58/100|[from]move: Parting Shot
|-activate|p2a: Gigalith|move: Sticky Web
|-unboost|p2a: Gigalith|spe|1
|-weather|Sandstorm|[from] ability: Sand Stream|[of] p2a: Gigalith
|
|-weather|Sandstorm|[upkeep]
|-damage|p1a: Silvally|76/100|[from] Sandstorm
|-heal|p2a: Gigalith|64/100|[from] item: Leftovers
|upkeep
|turn|18
|
|t:|1635721818
|move|p1a: Silvally|Parting Shot|p2a: Gigalith
|-unboost|p2a: Gigalith|atk|1
|-unboost|p2a: Gigalith|spa|1
|
|t:|1635721820
|switch|p1a: Mesprit|Mesprit|100/100|[from]move: Parting Shot
|move|p2a: Gigalith|Stealth Rock|p1a: Mesprit
|-sidestart|p1: R3d_VGC|move: Stealth Rock
|
|-weather|Sandstorm|[upkeep]
|-damage|p1a: Mesprit|94/100|[from] Sandstorm
|-heal|p1a: Mesprit|100/100|[from] item: Leftovers
|-heal|p2a: Gigalith|70/100|[from] item: Leftovers
|upkeep
|turn|19
|
|t:|1635721831
|switch|p2a: Persian|Persian-Alola, M|48/100
|-activate|p2a: Persian|move: Sticky Web
|-unboost|p2a: Persian|spe|1
|move|p1a: Mesprit|Knock Off|p2a: Persian
|-resisted|p2a: Persian
|-damage|p2a: Persian|39/100
|-enditem|p2a: Persian|Choice Scarf|[from] move: Knock Off|[of] p1a: Mesprit
|
|-weather|Sandstorm|[upkeep]
|-damage|p2a: Persian|33/100|[from] Sandstorm
|-damage|p1a: Mesprit|94/100|[from] Sandstorm
|-heal|p1a: Mesprit|100/100|[from] item: Leftovers
|upkeep
|turn|20
|
|t:|1635721837
|move|p2a: Persian|Foul Play|p1a: Mesprit
|-supereffective|p1a: Mesprit
|-damage|p1a: Mesprit|46/100
|move|p1a: Mesprit|Stealth Rock|p2a: Persian
|-sidestart|p2: one of the bouys|move: Stealth Rock
|
|-weather|Sandstorm|[upkeep]
|-damage|p2a: Persian|27/100|[from] Sandstorm
|-damage|p1a: Mesprit|40/100|[from] Sandstorm
|-heal|p1a: Mesprit|46/100|[from] item: Leftovers
|upkeep
|turn|21
|
|t:|1635721845
|switch|p1a: Silvally|Silvally-Fire|76/100
|-damage|p1a: Silvally|51/100|[from] Stealth Rock
|move|p2a: Persian|Foul Play|p1a: Silvally
|-damage|p1a: Silvally|27/100
|
|-weather|none
|upkeep
|turn|22
|
|t:|1635721853
|switch|p2a: Gigalith|Gigalith, F|70/100
|-damage|p2a: Gigalith|58/100|[from] Stealth Rock
|-activate|p2a: Gigalith|move: Sticky Web
|-unboost|p2a: Gigalith|spe|1
|-weather|Sandstorm|[from] ability: Sand Stream|[of] p2a: Gigalith
|move|p1a: Silvally|Parting Shot|p2a: Gigalith
|-unboost|p2a: Gigalith|atk|1
|-unboost|p2a: Gigalith|spa|1
|
|t:|1635721855
|switch|p1a: Sandslash|Sandslash-Alola, F|54/100|[from]move: Parting Shot
|-damage|p1a: Sandslash|42/100|[from] Stealth Rock
|
|-weather|Sandstorm|[upkeep]
|-heal|p2a: Gigalith|64/100|[from] item: Leftovers
|upkeep
|turn|23
|
|t:|1635721859
|move|p1a: Sandslash|Rapid Spin|p2a: Gigalith
|-resisted|p2a: Gigalith
|-damage|p2a: Gigalith|59/100
|-boost|p1a: Sandslash|spe|1
|-sideend|p1: R3d_VGC|Stealth Rock|[from] move: Rapid Spin|[of] p1a: Sandslash
|move|p2a: Gigalith|Earthquake|p1a: Sandslash
|-supereffective|p1a: Sandslash
|-damage|p1a: Sandslash|7/100
|
|-weather|Sandstorm|[upkeep]
|-heal|p2a: Gigalith|65/100|[from] item: Leftovers
|upkeep
|turn|24
|
|t:|1635721864
|move|p1a: Sandslash|Iron Head|p2a: Gigalith
|-supereffective|p2a: Gigalith
|-damage|p2a: Gigalith|17/100
|cant|p2a: Gigalith|flinch
|
|-weather|Sandstorm|[upkeep]
|-heal|p2a: Gigalith|23/100|[from] item: Leftovers
|upkeep
|turn|25
|
|t:|1635721875
|move|p1a: Sandslash|Iron Head|p2a: Gigalith
|-supereffective|p2a: Gigalith
|-damage|p2a: Gigalith|0 fnt
|faint|p2a: Gigalith
|
|-weather|Sandstorm|[upkeep]
|upkeep
|
|t:|1635721877
|switch|p2a: Hitmontop|Hitmontop, M|78/100
|turn|26
|
|t:|1635721882
|move|p2a: Hitmontop|Mach Punch|p1a: Sandslash
|-supereffective|p1a: Sandslash
|-damage|p1a: Sandslash|0 fnt
|faint|p1a: Sandslash
|
|-weather|none
|upkeep
|
|t:|1635721887
|switch|p1a: Scyther|Scyther, F|100/100
|turn|27
|
|t:|1635721891
|move|p1a: Scyther|Dual Wingbeat|p2a: Hitmontop
|-supereffective|p2a: Hitmontop
|-damage|p2a: Hitmontop|0 fnt
|faint|p2a: Hitmontop
|-hitcount|p2: Hitmontop|1
|
|upkeep
|
|t:|1635721896
|switch|p2a: Flapple|Flapple, M|100/100
|-activate|p2a: Flapple|move: Sticky Web
|-unboost|p2a: Flapple|spe|1
|-damage|p2a: Flapple|88/100|[from] Stealth Rock
|turn|28
|
|t:|1635721899
|move|p2a: Flapple|Sucker Punch|p1a: Scyther
|-damage|p1a: Scyther|38/100
|-damage|p2a: Flapple|78/100|[from] item: Life Orb
|move|p1a: Scyther|Dual Wingbeat|p2a: Flapple
|-supereffective|p2a: Flapple
|-damage|p2a: Flapple|0 fnt
|faint|p2a: Flapple
|-hitcount|p2: Flapple|1
|
|upkeep
|
|t:|1635721901
|switch|p2a: Persian|Persian-Alola, M|27/100
|-activate|p2a: Persian|move: Sticky Web
|-unboost|p2a: Persian|spe|1
|-damage|p2a: Persian|15/100|[from] Stealth Rock
|turn|29
|
|t:|1635721911
|move|p1a: Scyther|Dual Wingbeat|p2a: Persian
|-damage|p2a: Persian|0 fnt
|faint|p2a: Persian
|-hitcount|p2: Persian|1
|
|upkeep
|
|t:|1635721912
|switch|p2a: Frosmoth|Frosmoth, F|79/100
|turn|30
|
|t:|1635721915
|move|p1a: Scyther|Dual Wingbeat|p2a: Frosmoth
|-supereffective|p2a: Frosmoth
|-damage|p2a: Frosmoth|0 fnt
|faint|p2a: Frosmoth
|-hitcount|p2: Frosmoth|1
|
|win|R3d_VGC
|raw|R3d_VGC's rating: 1310 &rarr; <strong>1342</strong><br />(+32 for winning)
|raw|one of the bouys's rating: 1541 &rarr; <strong>1509</strong><br />(-32 for losing)
|c|☆R3d_VGC|gg
|l|☆one of the bouys
