|j|☆wodis
|j|☆JoJo Reference #11
|t:|1666504858
|gametype|singles
|player|p1|wodis|ethan-gen2c|1057
|player|p2|JoJo Reference #11|2|1320
|teamsize|p1|6
|teamsize|p2|6
|gen|8
|tier|[Gen 8] PU
|rated|
|rule|Sleep Clause Mod: Limit one foe put to sleep
|rule|Species Clause: Limit one of each Pokémon
|rule|OHKO Clause: OHKO moves are banned
|rule|Evasion Items Clause: Evasion items are banned
|rule|Evasion Moves Clause: Evasion moves are banned
|rule|Endless Battle Clause: Forcing endless battles is banned
|rule|HP Percentage Mod: HP is shown in percentages
|rule|Dynamax Clause: You cannot dynamax
|clearpoke
|poke|p1|Gigalith, M|
|poke|p1|Gallade, M|
|poke|p1|Druddigon, F|
|poke|p1|Flareon, M|
|poke|p1|Sandaconda, M|
|poke|p1|Scrafty, M|
|poke|p2|Lycanroc, M|
|poke|p2|Claydol|
|poke|p2|Archeops, F|
|poke|p2|Gallade, M|
|poke|p2|Altaria, F|
|poke|p2|Whimsicott, F|
|teampreview
|inactive|Battle timer is ON: inactive players will automatically lose when time's up. (requested by wodis)
|
|t:|1666504867
|start
|switch|p1a: Gigalith|Gigalith, M|100/100
|switch|p2a: Lycanroc|Lycanroc, M|100/100
|turn|1
|
|t:|1666504872
|move|p2a: Lycanroc|Stealth Rock|p1a: Gigalith
|-sidestart|p1: wodis|move: Stealth Rock
|move|p1a: Gigalith|Stealth Rock|p2a: Lycanroc
|-sidestart|p2: JoJo Reference #11|move: Stealth Rock
|
|upkeep
|turn|2
|
|t:|1666504876
|move|p2a: Lycanroc|Close Combat|p1a: Gigalith
|-supereffective|p1a: Gigalith
|-damage|p1a: Gigalith|47/100
|-unboost|p2a: Lycanroc|def|1
|-unboost|p2a: Lycanroc|spd|1
|move|p1a: Gigalith|Superpower|p2a: Lycanroc
|-supereffective|p2a: Lycanroc
|-damage|p2a: Lycanroc|0 fnt
|-unboost|p1a: Gigalith|atk|1
|-unboost|p1a: Gigalith|def|1
|faint|p2a: Lycanroc
|
|-heal|p1a: Gigalith|53/100|[from] item: Leftovers
|upkeep
|
|t:|1666504890
|switch|p2a: Gallade|Gallade, M|100/100
|-damage|p2a: Gallade|94/100|[from] Stealth Rock
|turn|3
|
|t:|1666504895
|move|p2a: Gallade|Close Combat|p1a: Gigalith
|-supereffective|p1a: Gigalith
|-damage|p1a: Gigalith|0 fnt
|-unboost|p2a: Gallade|def|1
|-unboost|p2a: Gallade|spd|1
|faint|p1a: Gigalith
|
|upkeep
|
|t:|1666504912
|switch|p1a: Gallade|Gallade, M|100/100
|-damage|p1a: Gallade|94/100|[from] Stealth Rock
|turn|4
|
|t:|1666504918
|switch|p2a: Whimsicott|Whimsicott, F|100/100
|move|p1a: Gallade|Earthquake|p2a: Whimsicott
|-resisted|p2a: Whimsicott
|-damage|p2a: Whimsicott|76/100
|-damage|p1a: Gallade|85/100|[from] item: Life Orb
|
|upkeep
|turn|5
|
|t:|1666504930
|move|p2a: Whimsicott|Encore|p1a: Gallade
|-start|p1a: Gallade|Encore
|move|p1a: Gallade|Earthquake|p2a: Whimsicott
|-resisted|p2a: Whimsicott
|-damage|p2a: Whimsicott|52/100
|-damage|p1a: Gallade|75/100|[from] item: Life Orb
|
|upkeep
|turn|6
|
|t:|1666504943
|switch|p1a: Sandaconda|Sandaconda, M|100/100
|-damage|p1a: Sandaconda|95/100|[from] Stealth Rock
|move|p2a: Whimsicott|Moonblast|p1a: Sandaconda
|-crit|p1a: Sandaconda
|-damage|p1a: Sandaconda|39/100
|-unboost|p1a: Sandaconda|spa|1
|
|-heal|p1a: Sandaconda|45/100|[from] item: Leftovers
|upkeep
|turn|7
|
|t:|1666504957
|move|p2a: Whimsicott|Giga Drain|p1a: Sandaconda
|-supereffective|p1a: Sandaconda
|-damage|p1a: Sandaconda|0 fnt
|-heal|p2a: Whimsicott|75/100|[from] drain|[of] p1a: Sandaconda
|faint|p1a: Sandaconda
|
|upkeep
|
|t:|1666504975
|switch|p1a: Flareon|Flareon, M|100/100
|-damage|p1a: Flareon|76/100|[from] Stealth Rock
|turn|8
|
|t:|1666504983
|switch|p2a: Claydol|Claydol|100/100
|-damage|p2a: Claydol|94/100|[from] Stealth Rock
|move|p1a: Flareon|Iron Tail|p2a: Claydol
|-damage|p2a: Claydol|56/100
|-unboost|p2a: Claydol|def|1
|
|upkeep
|turn|9
|
|t:|1666504993
|move|p2a: Claydol|Cosmic Power|p2a: Claydol
|-boost|p2a: Claydol|def|1
|-boost|p2a: Claydol|spd|1
|move|p1a: Flareon|Flare Blitz|p2a: Claydol
|-damage|p2a: Claydol|0 fnt
|faint|p2a: Claydol
|-damage|p1a: Flareon|55/100|[from] Recoil
|
|upkeep
|
|t:|1666504995
|switch|p2a: Archeops|Archeops, F|100/100
|turn|10
|
|t:|1666505004
|switch|p1a: Scrafty|Scrafty, M|100/100
|-damage|p1a: Scrafty|95/100|[from] Stealth Rock
|move|p2a: Archeops|Earthquake|p1a: Scrafty
|-crit|p1a: Scrafty
|-damage|p1a: Scrafty|40/100
|
|upkeep
|turn|11
|
|t:|1666505012
|move|p2a: Archeops|Earthquake|p1a: Scrafty
|-damage|p1a: Scrafty|6/100
|move|p1a: Scrafty|Close Combat|p2a: Archeops
|-crit|p2a: Archeops
|-damage|p2a: Archeops|0 fnt
|-unboost|p1a: Scrafty|def|1
|-unboost|p1a: Scrafty|spd|1
|faint|p2a: Archeops
|-ability|p1a: Scrafty|Moxie|boost
|-boost|p1a: Scrafty|atk|1
|
|upkeep
|
|t:|1666505018
|switch|p2a: Gallade|Gallade, M|94/100
|-damage|p2a: Gallade|88/100|[from] Stealth Rock
|turn|12
|
|t:|1666505027
|move|p2a: Gallade|Close Combat|p1a: Scrafty
|-supereffective|p1a: Scrafty
|-damage|p1a: Scrafty|0 fnt
|-unboost|p2a: Gallade|def|1
|-unboost|p2a: Gallade|spd|1
|faint|p1a: Scrafty
|
|upkeep
|
|t:|1666505034
|switch|p1a: Gallade|Gallade, M|75/100
|-damage|p1a: Gallade|69/100|[from] Stealth Rock
|turn|13
|inactive|JoJo Reference #11 has 120 seconds left.
|
|t:|1666505088
|switch|p2a: Whimsicott|Whimsicott, F|75/100
|move|p1a: Gallade|Knock Off|p2a: Whimsicott
|-resisted|p2a: Whimsicott
|-damage|p2a: Whimsicott|50/100
|-enditem|p2a: Whimsicott|Heavy-Duty Boots|[from] move: Knock Off|[of] p1a: Gallade
|-damage|p1a: Gallade|59/100|[from] item: Life Orb
|
|upkeep
|turn|14
|
|t:|1666505105
|move|p2a: Whimsicott|Moonblast|p1a: Gallade
|-supereffective|p1a: Gallade
|-damage|p1a: Gallade|0 fnt
|faint|p1a: Gallade
|
|upkeep
|
|t:|1666505112
|switch|p1a: Flareon|Flareon, M|55/100
|-damage|p1a: Flareon|30/100|[from] Stealth Rock
|turn|15
|
|t:|1666505116
|move|p2a: Whimsicott|Moonblast|p1a: Flareon
|-resisted|p1a: Flareon
|-damage|p1a: Flareon|15/100
|-enditem|p1a: Flareon|Figy Berry|[eat]
|-heal|p1a: Flareon|48/100|[from] item: Figy Berry
|move|p1a: Flareon|Flare Blitz|p2a: Whimsicott
|-supereffective|p2a: Whimsicott
|-damage|p2a: Whimsicott|0 fnt
|faint|p2a: Whimsicott
|-damage|p1a: Flareon|31/100|[from] Recoil
|
|upkeep
|
|t:|1666505119
|switch|p2a: Altaria|Altaria, F|100/100
|-damage|p2a: Altaria|76/100|[from] Stealth Rock
|turn|16
|
|t:|1666505130
|move|p1a: Flareon|Quick Attack|p2a: Altaria
|-damage|p2a: Altaria|56/100
|move|p2a: Altaria|Earthquake|p1a: Flareon
|-supereffective|p1a: Flareon
|-damage|p1a: Flareon|0 fnt
|faint|p1a: Flareon
|
|upkeep
|
|t:|1666505137
|switch|p1a: Druddigon|Druddigon, F|100/100
|-damage|p1a: Druddigon|88/100|[from] Stealth Rock
|turn|17
|
|t:|1666505141
|move|p2a: Altaria|Outrage|p1a: Druddigon
|-supereffective|p1a: Druddigon
|-damage|p1a: Druddigon|0 fnt
|faint|p1a: Druddigon
|
|win|JoJo Reference #11
|raw|wodis's rating: 1057 &rarr; <strong>1050</strong><br />(-7 for losing)
|raw|JoJo Reference #11's rating: 1320 &rarr; <strong>1327</strong><br />(+7 for winning)
|l|☆wodis
