|html|<div class="broadcast-blue"><strong>[Gen 8] PU is currently suspecting Drampa! For information on how to participate check out the <a href="https://www.smogon.com/forums/threads/np-pu-stage-7-i-hear-hyper-voices-in-my-head-drampa-suspect-test.3692992/">suspect thread</a>.</strong></div>
|j|☆puds mouette
|j|☆PUDS ArchyLost
|t:|1636063072
|gametype|singles
|player|p1|puds mouette|swimmer-gen4dp|1202
|player|p2|PUDS ArchyLost|preschooler|1283
|teamsize|p1|6
|teamsize|p2|6
|gen|8
|tier|[Gen 8] PU
|rated|
|rule|Sleep Clause Mod: Limit one foe put to sleep
|rule|Species Clause: Limit one of each Pokémon
|rule|OHKO Clause: OHKO moves are banned
|rule|Evasion Moves Clause: Evasion moves are banned
|rule|Endless Battle Clause: Forcing endless battles is banned
|rule|HP Percentage Mod: HP is shown in percentages
|rule|Dynamax Clause: You cannot dynamax
|clearpoke
|poke|p1|Scrafty, F|
|poke|p1|Lanturn, M|
|poke|p1|Weezing, M|
|poke|p1|Tsareena, F|
|poke|p1|Ribombee, M|
|poke|p1|Aggron, M|
|poke|p2|Togedemaru, M|
|poke|p2|Drampa, F|
|poke|p2|Sneasel, F|
|poke|p2|Clefairy, M|
|poke|p2|Sandaconda, F|
|poke|p2|Tsareena, F|
|teampreview
|inactive|Battle timer is ON: inactive players will automatically lose when time's up. (requested by PUDS ArchyLost)
|inactive|PUDS ArchyLost has 120 seconds left.
|inactive|PUDS ArchyLost has 90 seconds left.
|
|t:|1636063141
|start
|switch|p1a: Scrafty|Scrafty, F|100/100
|switch|p2a: Sandaconda|Sandaconda, F|100/100
|turn|1
|
|t:|1636063169
|switch|p2a: Clefairy|Clefairy, M|100/100
|move|p1a: Scrafty|Knock Off|p2a: Clefairy
|-resisted|p2a: Clefairy
|-damage|p2a: Clefairy|81/100
|-enditem|p2a: Clefairy|Eviolite|[from] move: Knock Off|[of] p1a: Scrafty
|
|upkeep
|turn|2
|
|t:|1636063174
|switch|p1a: Aggron|Aggron, M|100/100
|move|p2a: Clefairy|Moonblast|p1a: Aggron
|-resisted|p1a: Aggron
|-damage|p1a: Aggron|90/100
|-unboost|p1a: Aggron|spa|1
|
|-heal|p1a: Aggron|96/100|[from] item: Leftovers
|upkeep
|turn|3
|
|t:|1636063178
|switch|p2a: Togedemaru|Togedemaru, M|100/100
|move|p1a: Aggron|Stealth Rock|p2a: Togedemaru
|-sidestart|p2: PUDS ArchyLost|move: Stealth Rock
|
|-heal|p1a: Aggron|100/100|[from] item: Leftovers
|upkeep
|turn|4
|
|t:|1636063184
|move|p2a: Togedemaru|Wish|p2a: Togedemaru
|move|p1a: Aggron|Body Press|p2a: Togedemaru
|-supereffective|p2a: Togedemaru
|-damage|p2a: Togedemaru|31/100
|-damage|p1a: Aggron|88/100|[from] ability: Iron Barbs|[of] p2a: Togedemaru
|
|-heal|p1a: Aggron|94/100|[from] item: Leftovers
|upkeep
|turn|5
|inactive|puds mouette has 120 seconds left.
|
|t:|1636063214
|switch|p1a: Scrafty|Scrafty, F|100/100
|move|p2a: Togedemaru|Spiky Shield||[still]
|-fail|p2a: Togedemaru
|
|-heal|p2a: Togedemaru|81/100|[from] move: Wish|[wisher] Togedemaru
|upkeep
|turn|6
|
|t:|1636063223
|switch|p2a: Clefairy|Clefairy, M|81/100
|move|p1a: Scrafty|Knock Off|p2a: Clefairy
|-resisted|p2a: Clefairy
|-damage|p2a: Clefairy|62/100
|
|upkeep
|turn|7
|
|t:|1636063228
|switch|p1a: Aggron|Aggron, M|94/100
|move|p2a: Clefairy|Stealth Rock|p1a: Aggron
|-sidestart|p1: puds mouette|move: Stealth Rock
|
|-heal|p1a: Aggron|99/100|[from] item: Leftovers
|upkeep
|turn|8
|
|t:|1636063235
|switch|p1a: Tsareena|Tsareena, F|100/100
|switch|p2a: Sandaconda|Sandaconda, F|100/100
|-damage|p2a: Sandaconda|94/100|[from] Stealth Rock
|
|-heal|p2a: Sandaconda|100/100|[from] item: Leftovers
|upkeep
|turn|9
|
|t:|1636063246
|switch|p2a: Togedemaru|Togedemaru, M|81/100
|-damage|p2a: Togedemaru|75/100|[from] Stealth Rock
|move|p1a: Tsareena|Rapid Spin|p2a: Togedemaru
|-resisted|p2a: Togedemaru
|-damage|p2a: Togedemaru|67/100
|-boost|p1a: Tsareena|spe|1
|-damage|p1a: Tsareena|88/100|[from] ability: Iron Barbs|[of] p2a: Togedemaru
|-sideend|p1: puds mouette|Stealth Rock|[from] move: Rapid Spin|[of] p1a: Tsareena
|
|upkeep
|turn|10
|
|t:|1636063251
|switch|p1a: Scrafty|Scrafty, F|100/100
|move|p2a: Togedemaru|Wish|p2a: Togedemaru
|
|upkeep
|turn|11
|
|t:|1636063259
|switch|p2a: Clefairy|Clefairy, M|62/100
|switch|p1a: Aggron|Aggron, M|99/100
|
|-heal|p2a: Clefairy|100/100|[from] move: Wish|[wisher] Togedemaru
|-heal|p1a: Aggron|100/100|[from] item: Leftovers
|upkeep
|turn|12
|
|t:|1636063263
|switch|p2a: Sandaconda|Sandaconda, F|100/100
|-damage|p2a: Sandaconda|94/100|[from] Stealth Rock
|move|p1a: Aggron|Head Smash|p2a: Sandaconda
|-resisted|p2a: Sandaconda
|-damage|p2a: Sandaconda|76/100
|
|-heal|p2a: Sandaconda|82/100|[from] item: Leftovers
|upkeep
|turn|13
|
|t:|1636063273
|switch|p2a: Drampa|Drampa, F|100/100
|-damage|p2a: Drampa|88/100|[from] Stealth Rock
|-ability|p2a: Drampa|Cloud Nine
|switch|p1a: Tsareena|Tsareena, F|88/100
|
|upkeep
|turn|14
|
|t:|1636063282
|move|p1a: Tsareena|High Jump Kick|p2a: Drampa
|-supereffective|p2a: Drampa
|-damage|p2a: Drampa|0 fnt
|faint|p2a: Drampa
|
|upkeep
|
|t:|1636063301
|switch|p2a: Tsareena|Tsareena, F|100/100
|turn|15
|
|t:|1636063305
|switch|p1a: Weezing|Weezing, M|100/100
|move|p2a: Tsareena|Knock Off|p1a: Weezing
|-damage|p1a: Weezing|77/100
|-enditem|p1a: Weezing|Black Sludge|[from] move: Knock Off|[of] p2a: Tsareena
|
|upkeep
|turn|16
|
|t:|1636063317
|switch|p2a: Togedemaru|Togedemaru, M|67/100
|-damage|p2a: Togedemaru|61/100|[from] Stealth Rock
|move|p1a: Weezing|Toxic Spikes|p2a: Togedemaru
|-sidestart|p2: PUDS ArchyLost|move: Toxic Spikes
|
|upkeep
|turn|17
|
|t:|1636063320
|move|p2a: Togedemaru|Wish|p2a: Togedemaru
|move|p1a: Weezing|Will-O-Wisp|p2a: Togedemaru
|-status|p2a: Togedemaru|brn
|
|-damage|p2a: Togedemaru|55/100 brn|[from] brn
|upkeep
|turn|18
|
|t:|1636063347
|switch|p1a: Scrafty|Scrafty, F|100/100
|move|p2a: Togedemaru|Iron Head|p1a: Scrafty
|-damage|p1a: Scrafty|88/100
|
|-heal|p2a: Togedemaru|100/100 brn|[from] move: Wish|[wisher] Togedemaru
|-heal|p1a: Scrafty|94/100|[from] item: Leftovers
|-damage|p2a: Togedemaru|94/100 brn|[from] brn
|upkeep
|turn|19
|
|t:|1636063360
|switch|p2a: Clefairy|Clefairy, M|100/100
|-status|p2a: Clefairy|psn
|switch|p1a: Tsareena|Tsareena, F|88/100
|
|upkeep
|turn|20
|
|t:|1636063368
|move|p1a: Tsareena|Power Whip|p2a: Clefairy
|-damage|p2a: Clefairy|0 fnt
|faint|p2a: Clefairy
|
|upkeep
|
|t:|1636063374
|switch|p2a: Sneasel|Sneasel, F|100/100
|turn|21
|
|t:|1636063385
|switch|p1a: Aggron|Aggron, M|100/100
|move|p2a: Sneasel|Triple Axel|p1a: Aggron
|-resisted|p1a: Aggron
|-damage|p1a: Aggron|98/100
|-resisted|p1a: Aggron
|-damage|p1a: Aggron|93/100
|-resisted|p1a: Aggron
|-damage|p1a: Aggron|86/100
|-hitcount|p1a: Aggron|3
|
|-heal|p1a: Aggron|92/100|[from] item: Leftovers
|upkeep
|turn|22
|
|t:|1636063390
|switch|p2a: Sandaconda|Sandaconda, F|82/100
|-status|p2a: Sandaconda|psn
|-damage|p2a: Sandaconda|76/100 psn|[from] Stealth Rock
|move|p1a: Aggron|Body Press|p2a: Sandaconda
|-damage|p2a: Sandaconda|56/100 psn
|
|-heal|p2a: Sandaconda|62/100 psn|[from] item: Leftovers
|-heal|p1a: Aggron|98/100|[from] item: Leftovers
|-damage|p2a: Sandaconda|50/100 psn|[from] psn
|upkeep
|turn|23
|
|t:|1636063394
|switch|p1a: Tsareena|Tsareena, F|88/100
|move|p2a: Sandaconda|Coil|p2a: Sandaconda
|-boost|p2a: Sandaconda|atk|1
|-boost|p2a: Sandaconda|def|1
|-boost|p2a: Sandaconda|accuracy|1
|
|-heal|p2a: Sandaconda|56/100 psn|[from] item: Leftovers
|-damage|p2a: Sandaconda|43/100 psn|[from] psn
|upkeep
|turn|24
|
|t:|1636063398
|move|p1a: Tsareena|Power Whip|p2a: Sandaconda
|-supereffective|p2a: Sandaconda
|-damage|p2a: Sandaconda|0 fnt
|faint|p2a: Sandaconda
|
|upkeep
|-message|PUDS ArchyLost forfeited.
|
|win|puds mouette
|raw|puds mouette's rating: 1202 &rarr; <strong>1233</strong><br />(+31 for winning)
|raw|PUDS ArchyLost's rating: 1283 &rarr; <strong>1252</strong><br />(-31 for losing)
|l|☆PUDS ArchyLost
