|html|<div class="broadcast-blue"><strong>[Gen 8] PU is currently suspecting Araquanid! For information on how to participate check out the <a href="https://www.smogon.com/forums/threads/np-pu-stage-9-itsy-bitsy-spider.3704256/">suspect thread</a>.</strong></div>
|j|☆acluh1
|j|☆ThesisStatement7
|t:|1656955566
|gametype|singles
|player|p1|acluh1|169|1296
|player|p2|ThesisStatement7|artist|1166
|teamsize|p1|6
|teamsize|p2|6
|gen|8
|tier|[Gen 8] PU
|rated|
|rule|Sleep Clause Mod: Limit one foe put to sleep
|rule|Species Clause: Limit one of each Pokémon
|rule|OHKO Clause: OHKO moves are banned
|rule|Evasion Moves Clause: Evasion moves are banned
|rule|Endless Battle Clause: Forcing endless battles is banned
|rule|HP Percentage Mod: HP is shown in percentages
|rule|Dynamax Clause: You cannot dynamax
|clearpoke
|poke|p1|Articuno-Galar|
|poke|p1|Eldegoss, F|
|poke|p1|Gigalith, F|
|poke|p1|Guzzlord|
|poke|p1|Jellicent, M|
|poke|p1|Scrafty, M|
|poke|p2|Manectric, F|
|poke|p2|Araquanid, F|
|poke|p2|Cryogonal|
|poke|p2|Dusclops, F|
|poke|p2|Rapidash, M|
|poke|p2|Inteleon, F|
|teampreview
|inactive|Battle timer is ON: inactive players will automatically lose when time's up. (requested by acluh1)
|
|t:|1656955591
|start
|switch|p1a: Articuno|Articuno-Galar, shiny|100/100
|switch|p2a: Dusclops|Dusclops, F, shiny|100/100
|-item|p1a: Articuno|Choice Specs|[from] ability: Frisk|[of] p2a: Dusclops|[identify]
|turn|1
|
|t:|1656955599
|move|p2a: Dusclops|Shadow Sneak|p1a: Articuno
|-supereffective|p1a: Articuno
|-crit|p1a: Articuno
|-damage|p1a: Articuno|41/100
|move|p1a: Articuno|U-turn|p2a: Dusclops
|-resisted|p2a: Dusclops
|-damage|p2a: Dusclops|96/100
|
|t:|1656955602
|switch|p1a: Scrafty|Scrafty, M|100/100|[from]move: U-turn
|
|upkeep
|turn|2
|
|t:|1656955606
|move|p1a: Scrafty|Knock Off|p2a: Dusclops
|-supereffective|p2a: Dusclops
|-damage|p2a: Dusclops|48/100
|-enditem|p2a: Dusclops|Eviolite|[from] move: Knock Off|[of] p1a: Scrafty
|move|p2a: Dusclops|Will-O-Wisp|p1a: Scrafty
|-status|p1a: Scrafty|brn
|-enditem|p1a: Scrafty|Lum Berry|[eat]
|-curestatus|p1a: Scrafty|brn|[msg]
|
|upkeep
|turn|3
|
|t:|1656955615
|switch|p1a: Articuno|Articuno-Galar, shiny|41/100
|move|p2a: Dusclops|Shadow Sneak|p1a: Articuno
|-supereffective|p1a: Articuno
|-damage|p1a: Articuno|3/100
|
|upkeep
|turn|4
|
|t:|1656955621
|switch|p1a: Scrafty|Scrafty, M|100/100
|move|p2a: Dusclops|Shadow Sneak|p1a: Scrafty
|-resisted|p1a: Scrafty
|-damage|p1a: Scrafty|91/100
|
|upkeep
|turn|5
|
|t:|1656955623
|move|p1a: Scrafty|Knock Off|p2a: Dusclops
|-supereffective|p2a: Dusclops
|-damage|p2a: Dusclops|0 fnt
|faint|p2a: Dusclops
|-ability|p1a: Scrafty|Moxie|boost
|-boost|p1a: Scrafty|atk|1
|
|upkeep
|
|t:|1656955641
|switch|p2a: Rapidash|Rapidash, M, shiny|100/100
|turn|6
|
|t:|1656955643
|move|p2a: Rapidash|Will-O-Wisp|p1a: Scrafty
|-status|p1a: Scrafty|brn
|move|p1a: Scrafty|Dragon Dance|p1a: Scrafty
|-boost|p1a: Scrafty|atk|1
|-boost|p1a: Scrafty|spe|1
|
|-damage|p1a: Scrafty|85/100 brn|[from] brn
|upkeep
|turn|7
|
|t:|1656955654
|move|p1a: Scrafty|Dragon Dance|p1a: Scrafty
|-boost|p1a: Scrafty|atk|1
|-boost|p1a: Scrafty|spe|1
|move|p2a: Rapidash|Flare Blitz|p1a: Scrafty
|-damage|p1a: Scrafty|7/100 brn
|-damage|p2a: Rapidash|75/100|[from] Recoil
|-damage|p2a: Rapidash|65/100|[from] item: Life Orb
|
|-damage|p1a: Scrafty|1/100 brn|[from] brn
|upkeep
|turn|8
|
|t:|1656955679
|switch|p2a: Araquanid|Araquanid, F|100/100
|move|p1a: Scrafty|Knock Off|p2a: Araquanid
|-damage|p2a: Araquanid|61/100
|-enditem|p2a: Araquanid|Leftovers|[from] move: Knock Off|[of] p1a: Scrafty
|
|-damage|p1a: Scrafty|0 fnt|[from] brn
|faint|p1a: Scrafty
|upkeep
|
|t:|1656955687
|switch|p1a: Articuno|Articuno-Galar, shiny|3/100
|turn|9
|
|t:|1656955691
|move|p2a: Araquanid|Protect|p2a: Araquanid
|-singleturn|p2a: Araquanid|Protect
|move|p1a: Articuno|Freezing Glare|p2a: Araquanid
|-activate|p2a: Araquanid|move: Protect
|
|upkeep
|turn|10
|
|t:|1656955700
|switch|p2a: Cryogonal|Cryogonal, shiny|100/100
|move|p1a: Articuno|Freezing Glare|p2a: Cryogonal
|-damage|p2a: Cryogonal|51/100
|
|-heal|p2a: Cryogonal|57/100|[from] item: Leftovers
|upkeep
|turn|11
|
|t:|1656955711
|switch|p1a: Gigalith|Gigalith, F, shiny|100/100
|-weather|Sandstorm|[from] ability: Sand Stream|[of] p1a: Gigalith
|move|p2a: Cryogonal|Freeze-Dry|p1a: Gigalith
|-damage|p1a: Gigalith|89/100
|
|-weather|Sandstorm|[upkeep]
|-damage|p2a: Cryogonal|51/100|[from] Sandstorm
|-heal|p2a: Cryogonal|57/100|[from] item: Leftovers
|-heal|p1a: Gigalith|95/100|[from] item: Leftovers
|upkeep
|turn|12
|
|t:|1656955717
|switch|p2a: Araquanid|Araquanid, F|61/100
|move|p1a: Gigalith|Rock Blast|p2a: Araquanid
|-supereffective|p2a: Araquanid
|-damage|p2a: Araquanid|43/100
|-supereffective|p2a: Araquanid
|-crit|p2a: Araquanid
|-damage|p2a: Araquanid|16/100
|-supereffective|p2a: Araquanid
|-damage|p2a: Araquanid|0 fnt
|faint|p2a: Araquanid
|-hitcount|p2: Araquanid|3
|
|-weather|Sandstorm|[upkeep]
|-heal|p1a: Gigalith|100/100|[from] item: Leftovers
|upkeep
|
|t:|1656955744
|switch|p2a: Inteleon|Inteleon, F|100/100
|turn|13
|
|t:|1656955747
|move|p2a: Inteleon|Focus Energy|p2a: Inteleon
|-start|p2a: Inteleon|move: Focus Energy
|move|p1a: Gigalith|Rock Blast|p2a: Inteleon
|-damage|p2a: Inteleon|81/100
|-damage|p2a: Inteleon|61/100
|-hitcount|p2a: Inteleon|2
|
|-weather|Sandstorm|[upkeep]
|-damage|p2a: Inteleon|55/100|[from] Sandstorm
|upkeep
|turn|14
|
|t:|1656955754
|move|p2a: Inteleon|Snipe Shot|p1a: Gigalith
|-supereffective|p1a: Gigalith
|-crit|p1a: Gigalith
|-damage|p1a: Gigalith|0 fnt
|faint|p1a: Gigalith
|-damage|p2a: Inteleon|45/100|[from] item: Life Orb
|
|-weather|Sandstorm|[upkeep]
|-damage|p2a: Inteleon|39/100|[from] Sandstorm
|upkeep
|
|t:|1656955761
|switch|p1a: Jellicent|Jellicent, M|100/100
|turn|15
|
|t:|1656955764
|move|p2a: Inteleon|Shadow Ball|p1a: Jellicent
|-supereffective|p1a: Jellicent
|-crit|p1a: Jellicent
|-damage|p1a: Jellicent|0 fnt
|faint|p1a: Jellicent
|-damage|p2a: Inteleon|29/100|[from] item: Life Orb
|
|-weather|none
|upkeep
|
|t:|1656955774
|switch|p1a: Eldegoss|Eldegoss, F, shiny|100/100
|turn|16
|
|t:|1656955781
|move|p2a: Inteleon|Ice Beam|p1a: Eldegoss
|-supereffective|p1a: Eldegoss
|-crit|p1a: Eldegoss
|-damage|p1a: Eldegoss|0 fnt
|faint|p1a: Eldegoss
|-damage|p2a: Inteleon|19/100|[from] item: Life Orb
|
|upkeep
|
|t:|1656955783
|switch|p1a: Guzzlord|Guzzlord|100/100
|turn|17
|c|☆ThesisStatement7|Gg
|
|t:|1656955796
|move|p2a: Inteleon|Ice Beam|p1a: Guzzlord
|-supereffective|p1a: Guzzlord
|-crit|p1a: Guzzlord
|-damage|p1a: Guzzlord|0 fnt
|faint|p1a: Guzzlord
|-damage|p2a: Inteleon|9/100|[from] item: Life Orb
|
|upkeep
|
|t:|1656955799
|switch|p1a: Articuno|Articuno-Galar, shiny|3/100
|turn|18
|
|t:|1656955802
|move|p2a: Inteleon|Snipe Shot|p1a: Articuno
|-crit|p1a: Articuno
|-damage|p1a: Articuno|0 fnt
|faint|p1a: Articuno
|-damage|p2a: Inteleon|0 fnt|[from] item: Life Orb
|faint|p2a: Inteleon
|
|win|ThesisStatement7
|raw|acluh1's rating: 1296 &rarr; <strong>1262</strong><br />(-34 for losing)
|raw|ThesisStatement7's rating: 1166 &rarr; <strong>1200</strong><br />(+34 for winning)
|l|☆acluh1
|l|☆ThesisStatement7
|j|☆ThesisStatement7
|player|p2|ThesisStatement7|artist
||Ladder isn't responding, score probably updated but might not have (Request timeout).
