|j|☆JoJo Reference #10
|j|☆vishoclock
|t:|1663274380
|gametype|singles
|player|p1|JoJo Reference #10|2|1540
|player|p2|vishoclock|cyrus|1548
|teamsize|p1|6
|teamsize|p2|6
|gen|8
|tier|[Gen 8] PU
|rated|
|rule|Sleep Clause Mod: Limit one foe put to sleep
|rule|Species Clause: Limit one of each Pokémon
|rule|OHKO Clause: OHKO moves are banned
|rule|Evasion Items Clause: Evasion items are banned
|rule|Evasion Moves Clause: Evasion moves are banned
|rule|Endless Battle Clause: Forcing endless battles is banned
|rule|HP Percentage Mod: HP is shown in percentages
|rule|Dynamax Clause: You cannot dynamax
|clearpoke
|poke|p1|Gigalith, M|
|poke|p1|Dugtrio-Alola, F|
|poke|p1|Weezing, M|
|poke|p1|Eldegoss, F|
|poke|p1|Sandslash, M|
|poke|p1|Cinccino, M|
|poke|p2|Abomasnow, F|
|poke|p2|Articuno-Galar|
|poke|p2|Sandaconda, M|
|poke|p2|Lanturn, F|
|poke|p2|Scrafty, F|
|poke|p2|Charizard, F|
|teampreview
|
|t:|1663274396
|start
|switch|p1a: Cinccino|Cinccino, M|100/100
|switch|p2a: Sandaconda|Sandaconda, M|100/100
|turn|1
|
|t:|1663274399
|move|p1a: Cinccino|Knock Off|p2a: Sandaconda
|-damage|p2a: Sandaconda|81/100
|-damage|p1a: Cinccino|84/100|[from] item: Rocky Helmet|[of] p2a: Sandaconda
|-enditem|p2a: Sandaconda|Rocky Helmet|[from] move: Knock Off|[of] p1a: Cinccino
|move|p2a: Sandaconda|Earthquake|p1a: Cinccino
|-damage|p1a: Cinccino|20/100
|
|upkeep
|turn|2
|
|t:|1663274405
|move|p1a: Cinccino|U-turn|p2a: Sandaconda
|-damage|p2a: Sandaconda|69/100
|
|t:|1663274407
|switch|p1a: Eldegoss|Eldegoss, F|100/100|[from]move: U-turn
|move|p2a: Sandaconda|Stealth Rock|p1a: Eldegoss
|-sidestart|p1: JoJo Reference #10|move: Stealth Rock
|
|upkeep
|turn|3
|
|t:|1663274412
|switch|p2a: Articuno|Articuno-Galar|100/100
|move|p1a: Eldegoss|Rapid Spin|p2a: Articuno
|-damage|p2a: Articuno|93/100
|-boost|p1a: Eldegoss|spe|1
|-sideend|p1: JoJo Reference #10|Stealth Rock|[from] move: Rapid Spin|[of] p1a: Eldegoss
|
|upkeep
|turn|4
|
|t:|1663274417
|switch|p1a: Gigalith|Gigalith, M|100/100
|-weather|Sandstorm|[from] ability: Sand Stream|[of] p1a: Gigalith
|move|p2a: Articuno|U-turn|p1a: Gigalith
|-damage|p1a: Gigalith|91/100
|
|t:|1663274421
|switch|p2a: Scrafty|Scrafty, F|100/100|[from]move: U-turn
|
|-weather|Sandstorm|[upkeep]
|-damage|p2a: Scrafty|95/100|[from] Sandstorm
|-heal|p2a: Scrafty|100/100|[from] item: Leftovers
|-heal|p1a: Gigalith|98/100|[from] item: Leftovers
|upkeep
|turn|5
|
|t:|1663274427
|switch|p1a: Weezing|Weezing, M|100/100
|move|p2a: Scrafty|Knock Off|p1a: Weezing
|-damage|p1a: Weezing|74/100
|-enditem|p1a: Weezing|Black Sludge|[from] move: Knock Off|[of] p2a: Scrafty
|
|-weather|Sandstorm|[upkeep]
|-damage|p2a: Scrafty|95/100|[from] Sandstorm
|-damage|p1a: Weezing|68/100|[from] Sandstorm
|-heal|p2a: Scrafty|100/100|[from] item: Leftovers
|upkeep
|turn|6
|
|t:|1663274432
|move|p2a: Scrafty|Taunt|p1a: Weezing
|-start|p1a: Weezing|move: Taunt
|cant|p1a: Weezing|move: Taunt|Toxic Spikes
|
|-weather|Sandstorm|[upkeep]
|-damage|p2a: Scrafty|95/100|[from] Sandstorm
|-damage|p1a: Weezing|62/100|[from] Sandstorm
|-heal|p2a: Scrafty|100/100|[from] item: Leftovers
|upkeep
|turn|7
|j| HouseofStyx
|
|t:|1663274491
|switch|p1a: Sandslash|Sandslash, M|100/100
|move|p2a: Scrafty|Knock Off|p1a: Sandslash
|-damage|p1a: Sandslash|53/100
|-enditem|p1a: Sandslash|Choice Band|[from] move: Knock Off|[of] p2a: Scrafty
|
|-weather|Sandstorm|[upkeep]
|-damage|p2a: Scrafty|95/100|[from] Sandstorm
|-heal|p2a: Scrafty|100/100|[from] item: Leftovers
|upkeep
|turn|8
|
|t:|1663274499
|switch|p2a: Abomasnow|Abomasnow, F|100/100
|-weather|Hail|[from] ability: Snow Warning|[of] p2a: Abomasnow
|move|p1a: Sandslash|Knock Off|p2a: Abomasnow
|-damage|p2a: Abomasnow|56/100
|-enditem|p2a: Abomasnow|Choice Specs|[from] move: Knock Off|[of] p1a: Sandslash
|
|-weather|Hail|[upkeep]
|-damage|p1a: Sandslash|47/100|[from] Hail
|upkeep
|turn|9
|
|t:|1663274507
|switch|p1a: Gigalith|Gigalith, M|98/100
|-weather|Sandstorm|[from] ability: Sand Stream|[of] p1a: Gigalith
|move|p2a: Abomasnow|Leaf Storm|p1a: Gigalith
|-supereffective|p1a: Gigalith
|-damage|p1a: Gigalith|41/100
|-unboost|p2a: Abomasnow|spa|2
|
|-weather|Sandstorm|[upkeep]
|-damage|p2a: Abomasnow|50/100|[from] Sandstorm
|-heal|p1a: Gigalith|47/100|[from] item: Leftovers
|upkeep
|turn|10
|
|t:|1663274513
|switch|p2a: Sandaconda|Sandaconda, M|69/100
|move|p1a: Gigalith|Stealth Rock|p2a: Sandaconda
|-sidestart|p2: vishoclock|move: Stealth Rock
|
|-weather|Sandstorm|[upkeep]
|-heal|p1a: Gigalith|53/100|[from] item: Leftovers
|upkeep
|turn|11
|
|t:|1663274516
|switch|p1a: Weezing|Weezing, M|62/100
|move|p2a: Sandaconda|Stealth Rock|p1a: Weezing
|-sidestart|p1: JoJo Reference #10|move: Stealth Rock
|
|-weather|Sandstorm|[upkeep]
|-damage|p1a: Weezing|56/100|[from] Sandstorm
|upkeep
|turn|12
|
|t:|1663274565
|switch|p2a: Abomasnow|Abomasnow, F|50/100
|-damage|p2a: Abomasnow|25/100|[from] Stealth Rock
|-weather|Hail|[from] ability: Snow Warning|[of] p2a: Abomasnow
|switch|p1a: Cinccino|Cinccino, M|20/100
|
|-weather|Hail|[upkeep]
|-damage|p1a: Cinccino|14/100|[from] Hail
|upkeep
|turn|13
|
|t:|1663274570
|switch|p2a: Sandaconda|Sandaconda, M|69/100
|-damage|p2a: Sandaconda|63/100|[from] Stealth Rock
|move|p1a: Cinccino|U-turn|p2a: Sandaconda
|-damage|p2a: Sandaconda|50/100
|
|t:|1663274573
|switch|p1a: Eldegoss|Eldegoss, F|100/100|[from]move: U-turn
|
|-weather|Hail|[upkeep]
|-damage|p2a: Sandaconda|44/100|[from] Hail
|-damage|p1a: Eldegoss|94/100|[from] Hail
|upkeep
|turn|14
|
|t:|1663274578
|switch|p2a: Charizard|Charizard, F|100/100
|move|p1a: Eldegoss|Rapid Spin|p2a: Charizard
|-damage|p2a: Charizard|92/100
|-boost|p1a: Eldegoss|spe|1
|-sideend|p1: JoJo Reference #10|Stealth Rock|[from] move: Rapid Spin|[of] p1a: Eldegoss
|
|-weather|Hail|[upkeep]
|-damage|p2a: Charizard|86/100|[from] Hail
|-damage|p1a: Eldegoss|88/100|[from] Hail
|upkeep
|turn|15
|
|t:|1663274583
|move|p2a: Charizard|Toxic|p1a: Eldegoss
|-status|p1a: Eldegoss|tox
|move|p1a: Eldegoss|Sleep Powder|p2a: Charizard|[miss]
|-miss|p1a: Eldegoss|p2a: Charizard
|
|-weather|Hail|[upkeep]
|-damage|p2a: Charizard|80/100|[from] Hail
|-damage|p1a: Eldegoss|82/100 tox|[from] Hail
|-damage|p1a: Eldegoss|76/100 tox|[from] psn
|upkeep
|turn|16
|
|t:|1663274587
|switch|p1a: Gigalith|Gigalith, M|53/100
|-weather|Sandstorm|[from] ability: Sand Stream|[of] p1a: Gigalith
|move|p2a: Charizard|Defog|p1a: Gigalith
|-unboost|p1a: Gigalith|evasion|1
|-sideend|p2: vishoclock|Stealth Rock|[from] move: Defog|[of] p2a: Charizard
|
|-weather|Sandstorm|[upkeep]
|-damage|p2a: Charizard|74/100|[from] Sandstorm
|-heal|p1a: Gigalith|59/100|[from] item: Leftovers
|upkeep
|turn|17
|
|t:|1663274594
|switch|p2a: Sandaconda|Sandaconda, M|44/100
|move|p1a: Gigalith|Stealth Rock|p2a: Sandaconda
|-sidestart|p2: vishoclock|move: Stealth Rock
|
|-weather|Sandstorm|[upkeep]
|-heal|p1a: Gigalith|65/100|[from] item: Leftovers
|upkeep
|turn|18
|
|t:|1663274600
|switch|p1a: Eldegoss|Eldegoss, F|100/100 tox
|move|p2a: Sandaconda|Stealth Rock|p1a: Eldegoss
|-sidestart|p1: JoJo Reference #10|move: Stealth Rock
|
|-weather|Sandstorm|[upkeep]
|-damage|p1a: Eldegoss|94/100 tox|[from] Sandstorm
|-damage|p1a: Eldegoss|88/100 tox|[from] psn
|upkeep
|turn|19
|
|t:|1663274607
|move|p2a: Sandaconda|Rest|p2a: Sandaconda
|-status|p2a: Sandaconda|slp|[from] move: Rest
|-heal|p2a: Sandaconda|100/100 slp|[silent]
|move|p1a: Eldegoss|Rapid Spin|p2a: Sandaconda
|-damage|p2a: Sandaconda|96/100 slp
|-boost|p1a: Eldegoss|spe|1
|-sideend|p1: JoJo Reference #10|Stealth Rock|[from] move: Rapid Spin|[of] p1a: Eldegoss
|
|-weather|Sandstorm|[upkeep]
|-damage|p1a: Eldegoss|82/100 tox|[from] Sandstorm
|-damage|p1a: Eldegoss|70/100 tox|[from] psn
|upkeep
|turn|20
|
|t:|1663274616
|switch|p2a: Articuno|Articuno-Galar|93/100
|move|p1a: Eldegoss|Aromatherapy|p1a: Eldegoss
|-activate|p1a: Eldegoss|move: Aromatherapy
|-curestatus|p1a: Eldegoss|tox|[msg]
|
|-weather|none
|upkeep
|turn|21
|
|t:|1663274623
|switch|p1a: Gigalith|Gigalith, M|65/100
|-weather|Sandstorm|[from] ability: Sand Stream|[of] p1a: Gigalith
|move|p2a: Articuno|Future Sight|p1a: Gigalith
|-start|p2a: Articuno|move: Future Sight
|
|-weather|Sandstorm|[upkeep]
|-damage|p2a: Articuno|86/100|[from] Sandstorm
|-heal|p1a: Gigalith|72/100|[from] item: Leftovers
|upkeep
|turn|22
|
|t:|1663274629
|move|p2a: Articuno|U-turn|p1a: Gigalith
|-damage|p1a: Gigalith|63/100
|
|t:|1663274632
|switch|p2a: Scrafty|Scrafty, F|100/100|[from]move: U-turn
|-damage|p2a: Scrafty|95/100|[from] Stealth Rock
|move|p1a: Gigalith|Rock Blast|p2a: Scrafty|[miss]
|-miss|p1a: Gigalith|p2a: Scrafty
|
|-weather|Sandstorm|[upkeep]
|-damage|p2a: Scrafty|89/100|[from] Sandstorm
|-heal|p2a: Scrafty|95/100|[from] item: Leftovers
|-heal|p1a: Gigalith|69/100|[from] item: Leftovers
|upkeep
|turn|23
|
|t:|1663274641
|switch|p1a: Cinccino|Cinccino, M|14/100
|move|p2a: Scrafty|Knock Off|p1a: Cinccino
|-damage|p1a: Cinccino|0 fnt
|-enditem|p1a: Cinccino|Heavy-Duty Boots|[from] move: Knock Off|[of] p2a: Scrafty
|faint|p1a: Cinccino
|
|-weather|Sandstorm|[upkeep]
|-damage|p2a: Scrafty|89/100|[from] Sandstorm
|-hint|Future Sight did not hit because the target is fainted.
|-heal|p2a: Scrafty|95/100|[from] item: Leftovers
|upkeep
|
|t:|1663274643
|switch|p1a: Sandslash|Sandslash, M|47/100
|turn|24
|
|t:|1663274652
|move|p1a: Sandslash|Earthquake|p2a: Scrafty
|-crit|p2a: Scrafty
|-damage|p2a: Scrafty|12/100
|move|p2a: Scrafty|Close Combat|p1a: Sandslash
|-damage|p1a: Sandslash|0 fnt
|-unboost|p2a: Scrafty|def|1
|-unboost|p2a: Scrafty|spd|1
|faint|p1a: Sandslash
|
|-weather|Sandstorm|[upkeep]
|-damage|p2a: Scrafty|6/100|[from] Sandstorm
|-heal|p2a: Scrafty|12/100|[from] item: Leftovers
|upkeep
|
|t:|1663274655
|switch|p1a: Dugtrio|Dugtrio-Alola, F|100/100
|turn|25
|c|☆vishoclock|thats stinky
|c|☆JoJo Reference #10|crazy fr
|
|t:|1663274674
|switch|p2a: Abomasnow|Abomasnow, F|25/100
|-damage|p2a: Abomasnow|0 fnt|[from] Stealth Rock
|faint|p2a: Abomasnow
|move|p1a: Dugtrio|Iron Head|p2: Abomasnow|[notarget]
|-fail|p1a: Dugtrio
|
|-weather|none
|upkeep
|
|t:|1663274685
|switch|p2a: Charizard|Charizard, F|74/100
|turn|26
|
|t:|1663274689
|switch|p1a: Gigalith|Gigalith, M|69/100
|-weather|Sandstorm|[from] ability: Sand Stream|[of] p1a: Gigalith
|move|p2a: Charizard|Toxic|p1a: Gigalith
|-status|p1a: Gigalith|tox
|
|-weather|Sandstorm|[upkeep]
|-damage|p2a: Charizard|68/100|[from] Sandstorm
|-heal|p1a: Gigalith|75/100 tox|[from] item: Leftovers
|-damage|p1a: Gigalith|69/100 tox|[from] psn
|upkeep
|turn|27
|
|t:|1663274694
|switch|p2a: Sandaconda|Sandaconda, M|96/100 slp
|-damage|p2a: Sandaconda|90/100 slp|[from] Stealth Rock
|move|p1a: Gigalith|Rock Blast|p2a: Sandaconda
|-resisted|p2a: Sandaconda
|-damage|p2a: Sandaconda|86/100 slp
|-resisted|p2a: Sandaconda
|-damage|p2a: Sandaconda|82/100 slp
|-resisted|p2a: Sandaconda
|-damage|p2a: Sandaconda|79/100 slp
|-hitcount|p2a: Sandaconda|3
|
|-weather|Sandstorm|[upkeep]
|-heal|p1a: Gigalith|75/100 tox|[from] item: Leftovers
|-damage|p1a: Gigalith|63/100 tox|[from] psn
|upkeep
|turn|28
|
|t:|1663274702
|switch|p2a: Articuno|Articuno-Galar|86/100
|switch|p1a: Eldegoss|Eldegoss, F|100/100
|
|-weather|Sandstorm|[upkeep]
|-damage|p2a: Articuno|80/100|[from] Sandstorm
|-damage|p1a: Eldegoss|94/100|[from] Sandstorm
|upkeep
|turn|29
|
|t:|1663274705
|move|p2a: Articuno|Future Sight|p1a: Eldegoss
|-start|p2a: Articuno|move: Future Sight
|move|p1a: Eldegoss|Sleep Powder|p2a: Articuno
|-status|p2a: Articuno|slp|[from] move: Sleep Powder
|
|-weather|Sandstorm|[upkeep]
|-damage|p2a: Articuno|74/100 slp|[from] Sandstorm
|-damage|p1a: Eldegoss|88/100|[from] Sandstorm
|upkeep
|turn|30
|
|t:|1663274710
|cant|p2a: Articuno|slp
|move|p1a: Eldegoss|Aromatherapy|p1a: Eldegoss
|-activate|p1a: Eldegoss|move: Aromatherapy
|-curestatus|p1: Gigalith|tox|[msg]
|
|-weather|none
|upkeep
|turn|31
|
|t:|1663274715
|-curestatus|p2a: Articuno|slp|[msg]
|move|p2a: Articuno|U-turn|p1a: Eldegoss
|-supereffective|p1a: Eldegoss
|-damage|p1a: Eldegoss|62/100
|
|t:|1663274719
|switch|p2a: Lanturn|Lanturn, F|100/100|[from]move: U-turn
|-damage|p2a: Lanturn|88/100|[from] Stealth Rock
|move|p1a: Eldegoss|Giga Drain|p2a: Lanturn
|-supereffective|p2a: Lanturn
|-damage|p2a: Lanturn|53/100
|-heal|p1a: Eldegoss|85/100|[from] drain|[of] p2a: Lanturn
|
|-end|p1a: Eldegoss|move: Future Sight
|-damage|p1a: Eldegoss|42/100
|-heal|p2a: Lanturn|59/100|[from] item: Leftovers
|upkeep
|turn|32
|
|t:|1663274725
|move|p2a: Lanturn|Protect|p2a: Lanturn
|-singleturn|p2a: Lanturn|Protect
|move|p1a: Eldegoss|Giga Drain|p2a: Lanturn
|-activate|p2a: Lanturn|move: Protect
|
|-heal|p2a: Lanturn|65/100|[from] item: Leftovers
|upkeep
|turn|33
|
|t:|1663274731
|switch|p2a: Charizard|Charizard, F|68/100
|move|p1a: Eldegoss|Sleep Powder|p2a: Charizard
|-status|p2a: Charizard|slp|[from] move: Sleep Powder
|
|upkeep
|turn|34
|
|t:|1663274736
|switch|p2a: Lanturn|Lanturn, F|65/100
|-damage|p2a: Lanturn|53/100|[from] Stealth Rock
|switch|p1a: Gigalith|Gigalith, M|63/100
|-weather|Sandstorm|[from] ability: Sand Stream|[of] p1a: Gigalith
|
|-weather|Sandstorm|[upkeep]
|-damage|p2a: Lanturn|47/100|[from] Sandstorm
|-heal|p2a: Lanturn|53/100|[from] item: Leftovers
|-heal|p1a: Gigalith|69/100|[from] item: Leftovers
|upkeep
|turn|35
|
|t:|1663274739
|move|p2a: Lanturn|Scald|p1a: Gigalith
|-supereffective|p1a: Gigalith
|-damage|p1a: Gigalith|45/100
|move|p1a: Gigalith|Earthquake|p2a: Lanturn
|-supereffective|p2a: Lanturn
|-damage|p2a: Lanturn|0 fnt
|faint|p2a: Lanturn
|
|-weather|Sandstorm|[upkeep]
|-heal|p1a: Gigalith|51/100|[from] item: Leftovers
|upkeep
|
|t:|1663274745
|switch|p2a: Scrafty|Scrafty, F|12/100
|-damage|p2a: Scrafty|6/100|[from] Stealth Rock
|turn|36
|
|t:|1663274752
|switch|p1a: Weezing|Weezing, M|56/100
|move|p2a: Scrafty|Close Combat|p1a: Weezing
|-resisted|p1a: Weezing
|-damage|p1a: Weezing|39/100
|-unboost|p2a: Scrafty|def|1
|-unboost|p2a: Scrafty|spd|1
|
|-weather|Sandstorm|[upkeep]
|-damage|p2a: Scrafty|0 fnt|[from] Sandstorm
|-damage|p1a: Weezing|33/100|[from] Sandstorm
|faint|p2a: Scrafty
|upkeep
|c|☆vishoclock|unfort crit ended me
|
|t:|1663274769
|switch|p2a: Articuno|Articuno-Galar|74/100
|turn|37
|c|☆JoJo Reference #10|ye that sucked
|
|t:|1663274776
|move|p2a: Articuno|Future Sight|p1a: Weezing
|-start|p2a: Articuno|move: Future Sight
|move|p1a: Weezing|Pain Split|p2a: Articuno
|-sethp|p2a: Articuno|54/100|[from] move: Pain Split|[silent]
|-sethp|p1a: Weezing|52/100|[from] move: Pain Split
|
|-weather|Sandstorm|[upkeep]
|-damage|p2a: Articuno|48/100|[from] Sandstorm
|-damage|p1a: Weezing|46/100|[from] Sandstorm
|upkeep
|turn|38
|
|t:|1663274783
|move|p2a: Articuno|Recover|p2a: Articuno
|-heal|p2a: Articuno|98/100
|move|p1a: Weezing|Will-O-Wisp|p2a: Articuno
|-status|p2a: Articuno|brn
|
|-weather|none
|-damage|p2a: Articuno|92/100 brn|[from] brn
|upkeep
|turn|39
|
|t:|1663274796
|move|p2a: Articuno|Hurricane|p1a: Weezing
|-damage|p1a: Weezing|0 fnt
|faint|p1a: Weezing
|
|-hint|Future Sight did not hit because the target is fainted.
|-damage|p2a: Articuno|86/100 brn|[from] brn
|upkeep
|
|t:|1663274798
|switch|p1a: Dugtrio|Dugtrio-Alola, F|100/100
|turn|40
|l|☆vishoclock
|player|p2|
|j|☆vishoclock
|player|p2|vishoclock|cyrus
|
|t:|1663274845
|switch|p2a: Charizard|Charizard, F|68/100 slp
|move|p1a: Dugtrio|Iron Head|p2a: Charizard
|-resisted|p2a: Charizard
|-damage|p2a: Charizard|31/100 slp
|
|upkeep
|turn|41
|
|t:|1663274854
|switch|p2a: Sandaconda|Sandaconda, M|79/100 slp
|-damage|p2a: Sandaconda|73/100 slp|[from] Stealth Rock
|move|p1a: Dugtrio|Iron Head|p2a: Sandaconda
|-damage|p2a: Sandaconda|36/100 slp
|
|-activate|p2a: Sandaconda|ability: Shed Skin
|-curestatus|p2a: Sandaconda|slp|[msg]
|upkeep
|turn|42
|
|t:|1663274858
|switch|p1a: Eldegoss|Eldegoss, F|75/100
|move|p2a: Sandaconda|Earthquake|p1a: Eldegoss
|-resisted|p1a: Eldegoss
|-damage|p1a: Eldegoss|56/100
|
|upkeep
|turn|43
|
|t:|1663274863
|move|p2a: Sandaconda|Rest|p2a: Sandaconda
|-status|p2a: Sandaconda|slp|[from] move: Rest
|-heal|p2a: Sandaconda|100/100 slp|[silent]
|move|p1a: Eldegoss|Giga Drain|p2a: Sandaconda
|-supereffective|p2a: Sandaconda
|-damage|p2a: Sandaconda|42/100 slp
|-heal|p1a: Eldegoss|88/100|[from] drain|[of] p2a: Sandaconda
|
|upkeep
|turn|44
|
|t:|1663274869
|switch|p2a: Charizard|Charizard, F|31/100 slp
|move|p1a: Eldegoss|Rapid Spin|p2a: Charizard
|-damage|p2a: Charizard|22/100 slp
|-boost|p1a: Eldegoss|spe|1
|
|upkeep
|turn|45
|
|t:|1663274873
|switch|p2a: Sandaconda|Sandaconda, M|42/100 slp
|-damage|p2a: Sandaconda|36/100 slp|[from] Stealth Rock
|switch|p1a: Gigalith|Gigalith, M|51/100
|-weather|Sandstorm|[from] ability: Sand Stream|[of] p1a: Gigalith
|
|-weather|Sandstorm|[upkeep]
|-activate|p2a: Sandaconda|ability: Shed Skin
|-curestatus|p2a: Sandaconda|slp|[msg]
|-heal|p1a: Gigalith|57/100|[from] item: Leftovers
|upkeep
|turn|46
|
|t:|1663274876
|switch|p1a: Eldegoss|Eldegoss, F|100/100
|move|p2a: Sandaconda|Rest|p2a: Sandaconda
|-status|p2a: Sandaconda|slp|[from] move: Rest
|-heal|p2a: Sandaconda|100/100 slp|[silent]
|
|-weather|Sandstorm|[upkeep]
|-damage|p1a: Eldegoss|94/100|[from] Sandstorm
|-activate|p2a: Sandaconda|ability: Shed Skin
|-curestatus|p2a: Sandaconda|slp|[msg]
|upkeep
|turn|47
|
|t:|1663274882
|switch|p2a: Articuno|Articuno-Galar|86/100 brn
|move|p1a: Eldegoss|Rapid Spin|p2a: Articuno
|-damage|p2a: Articuno|78/100 brn
|-boost|p1a: Eldegoss|spe|1
|
|-weather|Sandstorm|[upkeep]
|-damage|p2a: Articuno|72/100 brn|[from] Sandstorm
|-damage|p1a: Eldegoss|88/100|[from] Sandstorm
|-damage|p2a: Articuno|66/100 brn|[from] brn
|upkeep
|turn|48
|
|t:|1663274887
|switch|p1a: Dugtrio|Dugtrio-Alola, F|100/100
|move|p2a: Articuno|Future Sight|p1a: Dugtrio
|-start|p2a: Articuno|move: Future Sight
|
|-weather|Sandstorm|[upkeep]
|-damage|p2a: Articuno|59/100 brn|[from] Sandstorm
|-damage|p2a: Articuno|53/100 brn|[from] brn
|upkeep
|turn|49
|
|t:|1663274889
|switch|p2a: Sandaconda|Sandaconda, M|100/100
|-damage|p2a: Sandaconda|94/100|[from] Stealth Rock
|move|p1a: Dugtrio|Iron Head|p2a: Sandaconda
|-damage|p2a: Sandaconda|47/100
|
|-weather|none
|upkeep
|turn|50
|
|t:|1663274898
|switch|p1a: Eldegoss|Eldegoss, F|100/100
|move|p2a: Sandaconda|Rest|p2a: Sandaconda
|-status|p2a: Sandaconda|slp|[from] move: Rest
|-heal|p2a: Sandaconda|100/100 slp|[silent]
|
|-end|p1a: Eldegoss|move: Future Sight
|-damage|p1a: Eldegoss|58/100
|upkeep
|turn|51
|
|t:|1663274904
|switch|p2a: Charizard|Charizard, F|22/100 slp
|switch|p1a: Gigalith|Gigalith, M|57/100
|-weather|Sandstorm|[from] ability: Sand Stream|[of] p1a: Gigalith
|
|-weather|Sandstorm|[upkeep]
|-damage|p2a: Charizard|16/100 slp|[from] Sandstorm
|-heal|p1a: Gigalith|63/100|[from] item: Leftovers
|upkeep
|turn|52
|
|t:|1663274911
|switch|p2a: Sandaconda|Sandaconda, M|100/100 slp
|-damage|p2a: Sandaconda|94/100 slp|[from] Stealth Rock
|move|p1a: Gigalith|Rock Blast|p2a: Sandaconda
|-resisted|p2a: Sandaconda
|-damage|p2a: Sandaconda|90/100 slp
|-resisted|p2a: Sandaconda
|-damage|p2a: Sandaconda|87/100 slp
|-hitcount|p2a: Sandaconda|2
|
|-weather|Sandstorm|[upkeep]
|-activate|p2a: Sandaconda|ability: Shed Skin
|-curestatus|p2a: Sandaconda|slp|[msg]
|-heal|p1a: Gigalith|69/100|[from] item: Leftovers
|upkeep
|turn|53
|
|t:|1663274920
|move|p1a: Gigalith|Protect|p1a: Gigalith
|-singleturn|p1a: Gigalith|Protect
|move|p2a: Sandaconda|Earthquake|p1a: Gigalith
|-activate|p1a: Gigalith|move: Protect
|
|-weather|Sandstorm|[upkeep]
|-heal|p1a: Gigalith|75/100|[from] item: Leftovers
|upkeep
|turn|54
|
|t:|1663274925
|switch|p2a: Articuno|Articuno-Galar|53/100 brn
|switch|p1a: Eldegoss|Eldegoss, F|91/100
|
|-weather|Sandstorm|[upkeep]
|-damage|p2a: Articuno|47/100 brn|[from] Sandstorm
|-damage|p1a: Eldegoss|85/100|[from] Sandstorm
|-damage|p2a: Articuno|41/100 brn|[from] brn
|upkeep
|turn|55
|
|t:|1663274928
|switch|p1a: Dugtrio|Dugtrio-Alola, F|100/100
|move|p2a: Articuno|Recover|p2a: Articuno
|-heal|p2a: Articuno|91/100 brn
|
|-weather|none
|-damage|p2a: Articuno|85/100 brn|[from] brn
|upkeep
|turn|56
|
|t:|1663274937
|switch|p1a: Gigalith|Gigalith, M|75/100
|-weather|Sandstorm|[from] ability: Sand Stream|[of] p1a: Gigalith
|switch|p2a: Sandaconda|Sandaconda, M|87/100
|-damage|p2a: Sandaconda|81/100|[from] Stealth Rock
|
|-weather|Sandstorm|[upkeep]
|-heal|p1a: Gigalith|82/100|[from] item: Leftovers
|upkeep
|turn|57
|
|t:|1663274944
|switch|p1a: Eldegoss|Eldegoss, F|100/100
|move|p2a: Sandaconda|Rest|p2a: Sandaconda
|-status|p2a: Sandaconda|slp|[from] move: Rest
|-heal|p2a: Sandaconda|100/100 slp|[silent]
|
|-weather|Sandstorm|[upkeep]
|-damage|p1a: Eldegoss|94/100|[from] Sandstorm
|-activate|p2a: Sandaconda|ability: Shed Skin
|-curestatus|p2a: Sandaconda|slp|[msg]
|upkeep
|turn|58
|
|t:|1663274951
|switch|p2a: Articuno|Articuno-Galar|85/100 brn
|move|p1a: Eldegoss|Rapid Spin|p2a: Articuno
|-damage|p2a: Articuno|77/100 brn
|-boost|p1a: Eldegoss|spe|1
|
|-weather|Sandstorm|[upkeep]
|-damage|p2a: Articuno|71/100 brn|[from] Sandstorm
|-damage|p1a: Eldegoss|88/100|[from] Sandstorm
|-damage|p2a: Articuno|65/100 brn|[from] brn
|upkeep
|turn|59
|
|t:|1663274954
|switch|p1a: Dugtrio|Dugtrio-Alola, F|100/100
|move|p2a: Articuno|Future Sight|p1a: Dugtrio
|-start|p2a: Articuno|move: Future Sight
|
|-weather|Sandstorm|[upkeep]
|-damage|p2a: Articuno|59/100 brn|[from] Sandstorm
|-damage|p2a: Articuno|53/100 brn|[from] brn
|upkeep
|turn|60
|
|t:|1663274958
|switch|p2a: Sandaconda|Sandaconda, M|100/100
|-damage|p2a: Sandaconda|94/100|[from] Stealth Rock
|move|p1a: Dugtrio|Iron Head|p2a: Sandaconda
|-damage|p2a: Sandaconda|49/100
|
|-weather|none
|upkeep
|turn|61
|
|t:|1663274963
|switch|p1a: Eldegoss|Eldegoss, F|100/100
|move|p2a: Sandaconda|Earthquake|p1a: Eldegoss
|-resisted|p1a: Eldegoss
|-damage|p1a: Eldegoss|81/100
|
|-end|p1a: Eldegoss|move: Future Sight
|-damage|p1a: Eldegoss|41/100
|upkeep
|turn|62
|
|t:|1663274970
|switch|p2a: Charizard|Charizard, F|16/100 slp
|move|p1a: Eldegoss|Giga Drain|p2a: Charizard
|-resisted|p2a: Charizard
|-crit|p2a: Charizard
|-damage|p2a: Charizard|5/100 slp
|-heal|p1a: Eldegoss|46/100|[from] drain|[of] p2a: Charizard
|
|upkeep
|turn|63
|inactive|Battle timer is ON: inactive players will automatically lose when time's up. (requested by JoJo Reference #10)
|
|t:|1663274996
|switch|p1a: Gigalith|Gigalith, M|82/100
|-weather|Sandstorm|[from] ability: Sand Stream|[of] p1a: Gigalith
|cant|p2a: Charizard|slp
|
|-weather|Sandstorm|[upkeep]
|-damage|p2a: Charizard|0 fnt|[from] Sandstorm
|faint|p2a: Charizard
|-heal|p1a: Gigalith|88/100|[from] item: Leftovers
|upkeep
|
|t:|1663274998
|switch|p2a: Sandaconda|Sandaconda, M|49/100
|-damage|p2a: Sandaconda|43/100|[from] Stealth Rock
|turn|64
|
|t:|1663275000
|switch|p1a: Eldegoss|Eldegoss, F|80/100
|move|p2a: Sandaconda|Rest|p2a: Sandaconda
|-status|p2a: Sandaconda|slp|[from] move: Rest
|-heal|p2a: Sandaconda|100/100 slp|[silent]
|
|-weather|Sandstorm|[upkeep]
|-damage|p1a: Eldegoss|74/100|[from] Sandstorm
|upkeep
|turn|65
|
|t:|1663275004
|switch|p1a: Dugtrio|Dugtrio-Alola, F|100/100
|cant|p2a: Sandaconda|slp
|
|-weather|Sandstorm|[upkeep]
|-activate|p2a: Sandaconda|ability: Shed Skin
|-curestatus|p2a: Sandaconda|slp|[msg]
|upkeep
|turn|66
|
|t:|1663275010
|switch|p1a: Eldegoss|Eldegoss, F|100/100
|move|p2a: Sandaconda|Earthquake|p1a: Eldegoss
|-resisted|p1a: Eldegoss
|-damage|p1a: Eldegoss|82/100
|
|-weather|Sandstorm|[upkeep]
|-damage|p1a: Eldegoss|76/100|[from] Sandstorm
|upkeep
|turn|67
|c|☆vishoclock|yea this was won
|
|t:|1663275027
|move|p2a: Sandaconda|Earthquake|p1a: Eldegoss
|-resisted|p1a: Eldegoss
|-crit|p1a: Eldegoss
|-damage|p1a: Eldegoss|46/100
|move|p1a: Eldegoss|Giga Drain|p2a: Sandaconda
|-supereffective|p2a: Sandaconda
|-damage|p2a: Sandaconda|39/100
|-heal|p1a: Eldegoss|78/100|[from] drain|[of] p2a: Sandaconda
|
|-weather|none
|upkeep
|turn|68
|c|☆JoJo Reference #10|ggs
|
|t:|1663275038
|move|p2a: Sandaconda|Rest|p2a: Sandaconda
|-status|p2a: Sandaconda|slp|[from] move: Rest
|-heal|p2a: Sandaconda|100/100 slp|[silent]
|move|p1a: Eldegoss|Rapid Spin|p2a: Sandaconda
|-damage|p2a: Sandaconda|96/100 slp
|-boost|p1a: Eldegoss|spe|1
|
|upkeep
|turn|69
|
|t:|1663275043
|switch|p2a: Articuno|Articuno-Galar|53/100 brn
|move|p1a: Eldegoss|Giga Drain|p2a: Articuno
|-resisted|p2a: Articuno
|-damage|p2a: Articuno|40/100 brn
|-heal|p1a: Eldegoss|84/100|[from] drain|[of] p2a: Articuno
|
|-damage|p2a: Articuno|34/100 brn|[from] brn
|upkeep
|turn|70
|
|t:|1663275050
|switch|p1a: Gigalith|Gigalith, M|88/100
|-weather|Sandstorm|[from] ability: Sand Stream|[of] p1a: Gigalith
|move|p2a: Articuno|Recover|p2a: Articuno
|-heal|p2a: Articuno|84/100 brn
|
|-weather|Sandstorm|[upkeep]
|-damage|p2a: Articuno|78/100 brn|[from] Sandstorm
|-heal|p1a: Gigalith|94/100|[from] item: Leftovers
|-damage|p2a: Articuno|72/100 brn|[from] brn
|upkeep
|turn|71
|
|t:|1663275053
|switch|p1a: Dugtrio|Dugtrio-Alola, F|100/100
|move|p2a: Articuno|U-turn|p1a: Dugtrio
|-resisted|p1a: Dugtrio
|-damage|p1a: Dugtrio|93/100
|
|t:|1663275055
|switch|p2a: Sandaconda|Sandaconda, M|96/100 slp|[from]move: U-turn
|-damage|p2a: Sandaconda|90/100 slp|[from] Stealth Rock
|
|-weather|Sandstorm|[upkeep]
|upkeep
|turn|72
|
|t:|1663275062
|move|p1a: Dugtrio|Earthquake|p2a: Sandaconda
|-damage|p2a: Sandaconda|36/100 slp
|cant|p2a: Sandaconda|slp
|
|-weather|Sandstorm|[upkeep]
|upkeep
|turn|73
|
|t:|1663275070
|switch|p2a: Articuno|Articuno-Galar|72/100 brn
|move|p1a: Dugtrio|Earthquake|p2a: Articuno
|-immune|p2a: Articuno
|
|-weather|Sandstorm|[upkeep]
|-damage|p2a: Articuno|66/100 brn|[from] Sandstorm
|-damage|p2a: Articuno|59/100 brn|[from] brn
|upkeep
|turn|74
|
|t:|1663275078
|switch|p1a: Eldegoss|Eldegoss, F|100/100
|move|p2a: Articuno|Future Sight|p1a: Eldegoss
|-start|p2a: Articuno|move: Future Sight
|
|-weather|none
|-damage|p2a: Articuno|53/100 brn|[from] brn
|upkeep
|turn|75
|
|t:|1663275086
|switch|p1a: Gigalith|Gigalith, M|94/100
|-weather|Sandstorm|[from] ability: Sand Stream|[of] p1a: Gigalith
|move|p2a: Articuno|U-turn|p1a: Gigalith
|-damage|p1a: Gigalith|89/100
|
|t:|1663275088
|switch|p2a: Sandaconda|Sandaconda, M|36/100 slp|[from]move: U-turn
|-damage|p2a: Sandaconda|30/100 slp|[from] Stealth Rock
|
|-weather|Sandstorm|[upkeep]
|-activate|p2a: Sandaconda|ability: Shed Skin
|-curestatus|p2a: Sandaconda|slp|[msg]
|-heal|p1a: Gigalith|95/100|[from] item: Leftovers
|upkeep
|turn|76
|
|t:|1663275092
|switch|p1a: Eldegoss|Eldegoss, F|100/100
|move|p2a: Sandaconda|Rest|p2a: Sandaconda
|-status|p2a: Sandaconda|slp|[from] move: Rest
|-heal|p2a: Sandaconda|100/100 slp|[silent]
|
|-weather|Sandstorm|[upkeep]
|-damage|p1a: Eldegoss|94/100|[from] Sandstorm
|-end|p1a: Eldegoss|move: Future Sight
|-damage|p1a: Eldegoss|53/100
|-activate|p2a: Sandaconda|ability: Shed Skin
|-curestatus|p2a: Sandaconda|slp|[msg]
|upkeep
|turn|77
|
|t:|1663275096
|switch|p2a: Articuno|Articuno-Galar|53/100 brn
|move|p1a: Eldegoss|Giga Drain|p2a: Articuno
|-resisted|p2a: Articuno
|-damage|p2a: Articuno|41/100 brn
|-heal|p1a: Eldegoss|59/100|[from] drain|[of] p2a: Articuno
|
|-weather|Sandstorm|[upkeep]
|-damage|p2a: Articuno|34/100 brn|[from] Sandstorm
|-damage|p1a: Eldegoss|53/100|[from] Sandstorm
|-damage|p2a: Articuno|28/100 brn|[from] brn
|upkeep
|turn|78
|
|t:|1663275101
|switch|p1a: Dugtrio|Dugtrio-Alola, F|93/100
|move|p2a: Articuno|Recover|p2a: Articuno
|-heal|p2a: Articuno|78/100 brn
|
|-weather|Sandstorm|[upkeep]
|-damage|p2a: Articuno|72/100 brn|[from] Sandstorm
|-damage|p2a: Articuno|66/100 brn|[from] brn
|upkeep
|turn|79
|
|t:|1663275105
|switch|p2a: Sandaconda|Sandaconda, M|100/100
|-damage|p2a: Sandaconda|94/100|[from] Stealth Rock
|move|p1a: Dugtrio|Earthquake|p2a: Sandaconda
|-damage|p2a: Sandaconda|37/100
|
|-weather|none
|upkeep
|turn|80
|
|t:|1663275110
|switch|p1a: Eldegoss|Eldegoss, F|86/100
|switch|p2a: Articuno|Articuno-Galar|66/100 brn
|
|-damage|p2a: Articuno|60/100 brn|[from] brn
|upkeep
|turn|81
|
|t:|1663275116
|move|p2a: Articuno|U-turn|p1a: Eldegoss
|-supereffective|p1a: Eldegoss
|-damage|p1a: Eldegoss|72/100
|
|t:|1663275121
|switch|p2a: Sandaconda|Sandaconda, M|37/100|[from]move: U-turn
|-damage|p2a: Sandaconda|30/100|[from] Stealth Rock
|move|p1a: Eldegoss|Giga Drain|p2a: Sandaconda
|-supereffective|p2a: Sandaconda
|-damage|p2a: Sandaconda|0 fnt
|-heal|p1a: Eldegoss|88/100|[from] drain|[of] p2a: Sandaconda
|faint|p2a: Sandaconda
|
|upkeep
|
|t:|1663275123
|switch|p2a: Articuno|Articuno-Galar|60/100 brn
|turn|82
|c|☆vishoclock|boo
|c|☆vishoclock|gg
|-message|vishoclock forfeited.
|
|win|JoJo Reference #10
|raw|JoJo Reference #10's rating: 1540 &rarr; <strong>1560</strong><br />(+20 for winning)
|raw|vishoclock's rating: 1548 &rarr; <strong>1528</strong><br />(-20 for losing)
|c|☆JoJo Reference #10|ggs
||Ladder isn't responding, score probably updated but might not have (Request timeout).
