|j|☆PULT94D Rb
|j|☆Woazengsicht
|t:|1628986471
|gametype|singles
|player|p1|PULT94D Rb|102|1533
|player|p2|Woazengsicht|artist-gen4|1477
|teamsize|p1|6
|teamsize|p2|6
|gen|8
|tier|[Gen 8] PU
|rated|
|rule|Sleep Clause Mod: Limit one foe put to sleep
|rule|Species Clause: Limit one of each Pokémon
|rule|OHKO Clause: OHKO moves are banned
|rule|Evasion Moves Clause: Evasion moves are banned
|rule|Endless Battle Clause: Forcing endless battles is banned
|rule|HP Percentage Mod: HP is shown in percentages
|rule|Dynamax Clause: You cannot dynamax
|clearpoke
|poke|p1|Froslass, F|
|poke|p1|Scrafty, M|
|poke|p1|Palossand, M|
|poke|p1|Charizard, F|
|poke|p1|Whimsicott, F|
|poke|p1|Togedemaru, F|
|poke|p2|Silvally-*|
|poke|p2|Palossand, M|
|poke|p2|Qwilfish, M|
|poke|p2|Tsareena, F|
|poke|p2|Articuno-Galar|
|poke|p2|Sneasel, M|
|teampreview
|inactive|Battle timer is ON: inactive players will automatically lose when time's up. (requested by PULT94D Rb)
|
|t:|1628986510
|start
|switch|p1a: Froslass|Froslass, F|100/100
|switch|p2a: Silvally|Silvally|100/100
|turn|1
|inactive|PULT94D Rb has 120 seconds left.
|
|t:|1628986558
|move|p1a: Froslass|Icicle Crash|p2a: Silvally
|-damage|p2a: Silvally|51/100
|cant|p2a: Silvally|flinch
|
|upkeep
|turn|2
|
|t:|1628986564
|switch|p2a: Qwilfish|Qwilfish, M|100/100
|-ability|p2a: Qwilfish|Intimidate|boost
|-unboost|p1a: Froslass|atk|1
|move|p1a: Froslass|Icicle Crash|p2a: Qwilfish|[miss]
|-miss|p1a: Froslass|p2a: Qwilfish
|
|upkeep
|turn|3
|inactive|PULT94D Rb has 120 seconds left.
|
|t:|1628986572
|switch|p1a: Scrafty|Scrafty, M|100/100
|move|p2a: Qwilfish|Spikes|p1a: Scrafty
|-sidestart|p1: PULT94D Rb|Spikes
|
|upkeep
|turn|4
|inactive|PULT94D Rb has 120 seconds left.
|
|t:|1628986590
|move|p2a: Qwilfish|Taunt|p1a: Scrafty
|-start|p1a: Scrafty|move: Taunt
|move|p1a: Scrafty|Knock Off|p2a: Qwilfish
|-damage|p2a: Qwilfish|62/100
|-damage|p1a: Scrafty|84/100|[from] item: Rocky Helmet|[of] p2a: Qwilfish
|-enditem|p2a: Qwilfish|Rocky Helmet|[from] move: Knock Off|[of] p1a: Scrafty
|
|-heal|p1a: Scrafty|90/100|[from] item: Leftovers
|upkeep
|turn|5
|inactive|PULT94D Rb has 120 seconds left.
|inactive|Woazengsicht has 120 seconds left.
|
|t:|1628986627
|move|p2a: Qwilfish|Waterfall|p1a: Scrafty
|-damage|p1a: Scrafty|65/100
|move|p1a: Scrafty|Knock Off|p2a: Qwilfish
|-crit|p2a: Qwilfish
|-damage|p2a: Qwilfish|23/100
|
|-heal|p1a: Scrafty|71/100|[from] item: Leftovers
|upkeep
|turn|6
|inactive|Woazengsicht has 120 seconds left.
|
|t:|1628986635
|move|p2a: Qwilfish|Spikes|p1a: Scrafty
|-sidestart|p1: PULT94D Rb|Spikes
|move|p1a: Scrafty|Drain Punch|p2a: Qwilfish
|-resisted|p2a: Qwilfish
|-damage|p2a: Qwilfish|10/100
|-heal|p1a: Scrafty|77/100|[from] drain|[of] p2a: Qwilfish
|
|-heal|p1a: Scrafty|83/100|[from] item: Leftovers
|-end|p1a: Scrafty|move: Taunt
|upkeep
|turn|7
|
|t:|1628986641
|switch|p1a: Whimsicott|Whimsicott, F|100/100
|move|p2a: Qwilfish|Taunt|p1a: Whimsicott
|-start|p1a: Whimsicott|move: Taunt
|
|upkeep
|turn|8
|
|t:|1628986648
|switch|p2a: Tsareena|Tsareena, F|100/100
|move|p1a: Whimsicott|Moonblast|p2a: Tsareena
|-damage|p2a: Tsareena|72/100
|-unboost|p2a: Tsareena|spa|1
|
|upkeep
|turn|9
|
|t:|1628986656
|switch|p1a: Froslass|Froslass, F|100/100
|-damage|p1a: Froslass|84/100|[from] Spikes
|move|p2a: Tsareena|Triple Axel|p1a: Froslass|[miss]
|-miss|p2a: Tsareena|p1a: Froslass
|
|upkeep
|turn|10
|
|t:|1628986662
|switch|p2a: Qwilfish|Qwilfish, M|10/100
|-ability|p2a: Qwilfish|Intimidate|boost
|-unboost|p1a: Froslass|atk|1
|move|p1a: Froslass|Icicle Crash|p2a: Qwilfish
|-resisted|p2a: Qwilfish
|-damage|p2a: Qwilfish|0 fnt
|faint|p2a: Qwilfish
|
|upkeep
|
|t:|1628986669
|switch|p2a: Sneasel|Sneasel, M|100/100
|turn|11
|
|t:|1628986676
|switch|p1a: Scrafty|Scrafty, M|83/100
|-damage|p1a: Scrafty|67/100|[from] Spikes
|move|p2a: Sneasel|Swords Dance|p2a: Sneasel
|-boost|p2a: Sneasel|atk|2
|
|-heal|p1a: Scrafty|73/100|[from] item: Leftovers
|upkeep
|turn|12
|
|t:|1628986679
|move|p2a: Sneasel|Triple Axel|p1a: Scrafty
|-crit|p1a: Scrafty
|-damage|p1a: Scrafty|48/100
|-damage|p1a: Scrafty|19/100
|-damage|p1a: Scrafty|0 fnt
|faint|p1a: Scrafty
|-hitcount|p1: Scrafty|3
|
|upkeep
|
|t:|1628986685
|switch|p1a: Togedemaru|Togedemaru, F|100/100
|-damage|p1a: Togedemaru|84/100|[from] Spikes
|turn|13
|
|t:|1628986690
|switch|p2a: Palossand|Palossand, M|100/100
|move|p1a: Togedemaru|U-turn|p2a: Palossand
|-resisted|p2a: Palossand
|-damage|p2a: Palossand|92/100
|
|t:|1628986693
|switch|p1a: Whimsicott|Whimsicott, F|100/100|[from]move: U-turn
|
|-heal|p2a: Palossand|98/100|[from] item: Leftovers
|upkeep
|turn|14
|
|t:|1628986700
|move|p1a: Whimsicott|Knock Off|p2a: Palossand
|-supereffective|p2a: Palossand
|-damage|p2a: Palossand|75/100
|-enditem|p2a: Palossand|Leftovers|[from] move: Knock Off|[of] p1a: Whimsicott
|move|p2a: Palossand|Shadow Ball|p1a: Whimsicott
|-crit|p1a: Whimsicott
|-damage|p1a: Whimsicott|0 fnt
|faint|p1a: Whimsicott
|
|upkeep
|j| no+de3xdia
|c|☆PULT94D Rb|lol
|
|t:|1628986709
|switch|p1a: Froslass|Froslass, F|84/100
|-damage|p1a: Froslass|68/100|[from] Spikes
|turn|15
|j| MartAlvarez
|j| Grandmaschrute
|inactive|Woazengsicht has 120 seconds left.
|
|t:|1628986739
|switch|p2a: Silvally|Silvally|51/100
|move|p1a: Froslass|Icicle Crash|p2a: Silvally
|-damage|p2a: Silvally|0 fnt
|faint|p2a: Silvally
|
|upkeep
|inactive|Woazengsicht has 120 seconds left.
|
|t:|1628986745
|switch|p2a: Sneasel|Sneasel, M|100/100
|turn|16
|j| tttyyggffee
|
|t:|1628986752
|switch|p1a: Palossand|Palossand, M|100/100
|-damage|p1a: Palossand|84/100|[from] Spikes
|move|p2a: Sneasel|Knock Off|p1a: Palossand
|-supereffective|p1a: Palossand
|-damage|p1a: Palossand|30/100
|-enditem|p1a: Palossand|Kasib Berry|[from] move: Knock Off|[of] p2a: Sneasel
|
|upkeep
|turn|17
|
|t:|1628986769
|move|p2a: Sneasel|Knock Off|p1a: Palossand
|-supereffective|p1a: Palossand
|-damage|p1a: Palossand|0 fnt
|faint|p1a: Palossand
|
|upkeep
|
|t:|1628986775
|switch|p1a: Charizard|Charizard, F|100/100
|turn|18
|
|t:|1628986789
|move|p2a: Sneasel|Triple Axel|p1a: Charizard
|-damage|p1a: Charizard|89/100
|-damage|p1a: Charizard|64/100
|-damage|p1a: Charizard|32/100
|-hitcount|p1a: Charizard|3
|move|p1a: Charizard|Fire Blast|p2a: Sneasel
|-supereffective|p2a: Sneasel
|-enditem|p2a: Sneasel|Focus Sash
|-damage|p2a: Sneasel|1/100
|-status|p2a: Sneasel|brn
|
|-damage|p2a: Sneasel|0 fnt|[from] brn
|faint|p2a: Sneasel
|upkeep
|inactive|Woazengsicht has 120 seconds left.
|
|t:|1628986821
|switch|p2a: Articuno|Articuno-Galar|100/100
|turn|19
|
|t:|1628986831
|move|p2a: Articuno|Freezing Glare|p1a: Charizard
|-damage|p1a: Charizard|0 fnt
|faint|p1a: Charizard
|
|upkeep
|l| tttyyggffee
|
|t:|1628986839
|switch|p1a: Froslass|Froslass, F|68/100
|-damage|p1a: Froslass|51/100|[from] Spikes
|turn|20
|
|t:|1628986846
|move|p2a: Articuno|Freezing Glare|p1a: Froslass
|-damage|p1a: Froslass|0 fnt
|faint|p1a: Froslass
|
|upkeep
|
|t:|1628986849
|switch|p1a: Togedemaru|Togedemaru, F|84/100
|-damage|p1a: Togedemaru|67/100|[from] Spikes
|turn|21
|
|t:|1628986853
|move|p1a: Togedemaru|Iron Head|p2a: Articuno
|-damage|p2a: Articuno|61/100
|cant|p2a: Articuno|flinch
|
|upkeep
|turn|22
|
|t:|1628986858
|move|p1a: Togedemaru|Iron Head|p2a: Articuno
|-damage|p2a: Articuno|17/100
|cant|p2a: Articuno|flinch
|
|upkeep
|turn|23
|
|t:|1628986864
|move|p1a: Togedemaru|Iron Head|p2a: Articuno
|-damage|p2a: Articuno|0 fnt
|faint|p2a: Articuno
|
|upkeep
|c|☆Woazengsicht|I mean we are even now
|
|t:|1628986877
|switch|p2a: Palossand|Palossand, M|75/100
|turn|24
|c|☆PULT94D Rb|nah
|c|☆PULT94D Rb|it didnt matter
|c|☆Woazengsicht|Welp true
|c|☆PULT94D Rb|u still wininng
|
|t:|1628986896
|move|p1a: Togedemaru|Iron Head|p2a: Palossand
|-damage|p2a: Palossand|45/100
|cant|p2a: Palossand|flinch
|
|upkeep
|turn|25
|c|☆Woazengsicht|But that burn
|c| MartAlvarez|kek
|c|☆PULT94D Rb|the burn was hilarious yeah
|
|t:|1628986914
|move|p1a: Togedemaru|Iron Head|p2a: Palossand
|-damage|p2a: Palossand|16/100
|cant|p2a: Palossand|flinch
|
|upkeep
|turn|26
|c|☆PULT94D Rb|oh well
|c|☆Woazengsicht|Okay
|c|☆PULT94D Rb|thats a robbed
|inactive|PULT94D Rb has 120 seconds left.
|
|t:|1628986939
|move|p1a: Togedemaru|Iron Head|p2a: Palossand
|-damage|p2a: Palossand|0 fnt
|faint|p2a: Palossand
|
|upkeep
|
|t:|1628986941
|switch|p2a: Tsareena|Tsareena, F|72/100
|turn|27
|
|t:|1628986944
|move|p1a: Togedemaru|Iron Head|p2a: Tsareena
|-damage|p2a: Tsareena|36/100
|cant|p2a: Tsareena|flinch
|
|upkeep
|turn|28
|c|☆Woazengsicht|Okay
|c|☆Woazengsicht|Lol
|c|☆Woazengsicht|Gg then
|l| no+de3xdia
|
|t:|1628986964
|move|p1a: Togedemaru|Iron Head|p2a: Tsareena
|-damage|p2a: Tsareena|0 fnt
|faint|p2a: Tsareena
|
|win|PULT94D Rb
|raw|PULT94D Rb's rating: 1533 &rarr; <strong>1550</strong><br />(+17 for winning)
|raw|Woazengsicht's rating: 1477 &rarr; <strong>1460</strong><br />(-17 for losing)
|c|☆PULT94D Rb|was unplayeable for u the end
|c|☆PULT94D Rb|srry
|l| Grandmaschrute
|l|☆PULT94D Rb
|c|☆Woazengsicht|I mean its fine but weirdly hilarious
|l|☆Woazengsicht
