|j|☆kingqueso141
|j|☆MXIVIXM
|t:|1667319861
|gametype|singles
|player|p1|kingqueso141|rosa|1322
|player|p2|MXIVIXM|marlon|1534
|teamsize|p1|6
|teamsize|p2|6
|gen|8
|tier|[Gen 8] PU
|rated|
|rule|Sleep Clause Mod: Limit one foe put to sleep
|rule|Species Clause: Limit one of each Pokémon
|rule|OHKO Clause: OHKO moves are banned
|rule|Evasion Items Clause: Evasion items are banned
|rule|Evasion Moves Clause: Evasion moves are banned
|rule|Endless Battle Clause: Forcing endless battles is banned
|rule|HP Percentage Mod: HP is shown in percentages
|rule|Dynamax Clause: You cannot dynamax
|clearpoke
|poke|p1|Garbodor, F|
|poke|p1|Articuno-Galar|
|poke|p1|Doublade, F|
|poke|p1|Sandslash, M|
|poke|p1|Jellicent, M|
|poke|p1|Ribombee, F|
|poke|p2|Carracosta, M|
|poke|p2|Comfey, M|
|poke|p2|Magneton|
|poke|p2|Lanturn, F|
|poke|p2|Malamar, M|
|poke|p2|Charizard, F|
|teampreview
|inactive|Battle timer is ON: inactive players will automatically lose when time's up. (requested by MXIVIXM)
|
|t:|1667319878
|start
|switch|p1a: Garbodor|Garbodor, F|100/100
|switch|p2a: Carracosta|Carracosta, M|100/100
|turn|1
|
|t:|1667319885
|move|p1a: Garbodor|Toxic Spikes|p2a: Carracosta
|-sidestart|p2: MXIVIXM|move: Toxic Spikes
|move|p2a: Carracosta|Shell Smash|p2a: Carracosta
|-unboost|p2a: Carracosta|def|1
|-unboost|p2a: Carracosta|spd|1
|-boost|p2a: Carracosta|atk|2
|-boost|p2a: Carracosta|spa|2
|-boost|p2a: Carracosta|spe|2
|
|upkeep
|turn|2
|
|t:|1667319892
|move|p2a: Carracosta|Liquidation|p1a: Garbodor
|-damage|p1a: Garbodor|30/100
|-damage|p2a: Carracosta|84/100|[from] item: Rocky Helmet|[of] p1a: Garbodor
|move|p1a: Garbodor|Stomping Tantrum|p2a: Carracosta
|-supereffective|p2a: Carracosta
|-damage|p2a: Carracosta|36/100
|-enditem|p2a: Carracosta|Weakness Policy
|-boost|p2a: Carracosta|atk|2|[from] item: Weakness Policy
|-boost|p2a: Carracosta|spa|2|[from] item: Weakness Policy
|
|upkeep
|turn|3
|
|t:|1667319902
|move|p2a: Carracosta|Rock Slide|p1a: Garbodor
|-damage|p1a: Garbodor|0 fnt
|faint|p1a: Garbodor
|
|upkeep
|
|t:|1667319917
|switch|p1a: Doublade|Doublade, F|100/100
|turn|4
|
|t:|1667319921
|move|p2a: Carracosta|Liquidation|p1a: Doublade
|-damage|p1a: Doublade|31/100
|move|p1a: Doublade|Close Combat|p2a: Carracosta
|-supereffective|p2a: Carracosta
|-damage|p2a: Carracosta|0 fnt
|-unboost|p1a: Doublade|def|1
|-unboost|p1a: Doublade|spd|1
|faint|p2a: Carracosta
|
|upkeep
|
|t:|1667319935
|switch|p2a: Charizard|Charizard, F|100/100
|turn|5
|
|t:|1667319940
|move|p2a: Charizard|Defog|p1a: Doublade
|-unboost|p1a: Doublade|evasion|1
|-sideend|p2: MXIVIXM|Toxic Spikes|[from] move: Defog|[of] p2a: Charizard
|move|p1a: Doublade|Rock Slide|p2a: Charizard
|-supereffective|p2a: Charizard
|-damage|p2a: Charizard|0 fnt
|faint|p2a: Charizard
|
|upkeep
|
|t:|1667319949
|switch|p2a: Malamar|Malamar, M|100/100
|turn|6
|
|t:|1667319959
|switch|p1a: Jellicent|Jellicent, M|100/100
|move|p2a: Malamar|Knock Off|p1a: Jellicent
|-supereffective|p1a: Jellicent
|-enditem|p1a: Jellicent|Colbur Berry|[eat]
|-enditem|p1a: Jellicent|Colbur Berry|[weaken]
|-damage|p1a: Jellicent|68/100
|
|upkeep
|turn|7
|
|t:|1667319965
|switch|p2a: Magneton|Magneton|100/100
|move|p1a: Jellicent|Will-O-Wisp|p2a: Magneton
|-status|p2a: Magneton|brn
|
|-damage|p2a: Magneton|94/100 brn|[from] brn
|upkeep
|turn|8
|
|t:|1667319977
|switch|p1a: Doublade|Doublade, F|31/100
|move|p2a: Magneton|Flash Cannon|p1a: Doublade
|-resisted|p1a: Doublade
|-damage|p1a: Doublade|0 fnt
|faint|p1a: Doublade
|
|-damage|p2a: Magneton|88/100 brn|[from] brn
|upkeep
|
|t:|1667319979
|switch|p1a: Sandslash|Sandslash, M|100/100
|turn|9
|
|t:|1667319987
|switch|p2a: Comfey|Comfey, M|100/100
|move|p1a: Sandslash|Knock Off|p2a: Comfey
|-resisted|p2a: Comfey
|-damage|p2a: Comfey|87/100
|-enditem|p2a: Comfey|Big Root|[from] move: Knock Off|[of] p1a: Sandslash
|
|upkeep
|turn|10
|
|t:|1667319995
|switch|p1a: Articuno|Articuno-Galar|100/100
|move|p2a: Comfey|Giga Drain|p1a: Articuno
|-resisted|p1a: Articuno
|-damage|p1a: Articuno|90/100
|-heal|p2a: Comfey|93/100|[from] drain|[of] p1a: Articuno
|
|upkeep
|turn|11
|
|t:|1667319998
|switch|p2a: Magneton|Magneton|88/100 brn
|move|p1a: Articuno|Psyshock|p2a: Magneton
|-resisted|p2a: Magneton
|-damage|p2a: Magneton|59/100 brn
|
|-damage|p2a: Magneton|53/100 brn|[from] brn
|upkeep
|turn|12
|
|t:|1667320010
|switch|p1a: Jellicent|Jellicent, M|68/100
|move|p2a: Magneton|Flash Cannon|p1a: Jellicent
|-resisted|p1a: Jellicent
|-damage|p1a: Jellicent|45/100
|-start|p2a: Magneton|Disable|Flash Cannon|[from] ability: Cursed Body|[of] p1a: Jellicent
|
|-damage|p2a: Magneton|47/100 brn|[from] brn
|upkeep
|turn|13
|
|t:|1667320015
|move|p2a: Magneton|Thunderbolt|p1a: Jellicent
|-supereffective|p1a: Jellicent
|-damage|p1a: Jellicent|0 fnt
|faint|p1a: Jellicent
|
|-damage|p2a: Magneton|41/100 brn|[from] brn
|upkeep
|
|t:|1667320018
|switch|p1a: Sandslash|Sandslash, M|100/100
|turn|14
|
|t:|1667320024
|switch|p2a: Comfey|Comfey, M|93/100
|move|p1a: Sandslash|Earthquake|p2a: Comfey
|-damage|p2a: Comfey|48/100
|
|upkeep
|turn|15
|
|t:|1667320040
|switch|p1a: Ribombee|Ribombee, F|100/100
|move|p2a: Comfey|Draining Kiss|p1a: Ribombee
|-damage|p1a: Ribombee|67/100
|-heal|p2a: Comfey|69/100|[from] drain|[of] p1a: Ribombee
|
|upkeep
|turn|16
|
|t:|1667320044
|move|p2a: Comfey|Draining Kiss|p1a: Ribombee
|-damage|p1a: Ribombee|27/100
|-heal|p2a: Comfey|94/100|[from] drain|[of] p1a: Ribombee
|move|p1a: Ribombee|Quiver Dance|p1a: Ribombee
|-boost|p1a: Ribombee|spa|1
|-boost|p1a: Ribombee|spd|1
|-boost|p1a: Ribombee|spe|1
|
|upkeep
|turn|17
|
|t:|1667320047
|move|p2a: Comfey|Draining Kiss|p1a: Ribombee
|-damage|p1a: Ribombee|4/100
|-heal|p2a: Comfey|100/100|[from] drain|[of] p1a: Ribombee
|move|p1a: Ribombee|Roost|p1a: Ribombee
|-heal|p1a: Ribombee|55/100
|-singleturn|p1a: Ribombee|move: Roost
|
|upkeep
|turn|18
|
|t:|1667320051
|move|p1a: Ribombee|Moonblast|p2a: Comfey
|-damage|p2a: Comfey|42/100
|-unboost|p2a: Comfey|spa|1
|move|p2a: Comfey|Calm Mind|p2a: Comfey
|-boost|p2a: Comfey|spa|1
|-boost|p2a: Comfey|spd|1
|
|upkeep
|turn|19
|
|t:|1667320057
|move|p2a: Comfey|Draining Kiss|p1a: Ribombee
|-damage|p1a: Ribombee|28/100
|-heal|p2a: Comfey|59/100|[from] drain|[of] p1a: Ribombee
|move|p1a: Ribombee|Moonblast|p2a: Comfey
|-damage|p2a: Comfey|19/100
|
|upkeep
|turn|20
|
|t:|1667320062
|move|p2a: Comfey|Draining Kiss|p1a: Ribombee
|-damage|p1a: Ribombee|5/100
|-heal|p2a: Comfey|34/100|[from] drain|[of] p1a: Ribombee
|move|p1a: Ribombee|Roost|p1a: Ribombee
|-heal|p1a: Ribombee|55/100
|-singleturn|p1a: Ribombee|move: Roost
|
|upkeep
|turn|21
|
|t:|1667320067
|move|p2a: Comfey|Draining Kiss|p1a: Ribombee
|-damage|p1a: Ribombee|30/100
|-heal|p2a: Comfey|50/100|[from] drain|[of] p1a: Ribombee
|move|p1a: Ribombee|Quiver Dance|p1a: Ribombee
|-boost|p1a: Ribombee|spa|1
|-boost|p1a: Ribombee|spd|1
|-boost|p1a: Ribombee|spe|1
|
|upkeep
|turn|22
|
|t:|1667320073
|move|p2a: Comfey|Draining Kiss|p1a: Ribombee
|-damage|p1a: Ribombee|11/100
|-heal|p2a: Comfey|62/100|[from] drain|[of] p1a: Ribombee
|move|p1a: Ribombee|Roost|p1a: Ribombee
|-heal|p1a: Ribombee|61/100
|-singleturn|p1a: Ribombee|move: Roost
|
|upkeep
|turn|23
|
|t:|1667320076
|move|p1a: Ribombee|Moonblast|p2a: Comfey
|-damage|p2a: Comfey|11/100
|-unboost|p2a: Comfey|spa|1
|move|p2a: Comfey|Calm Mind|p2a: Comfey
|-boost|p2a: Comfey|spa|1
|-boost|p2a: Comfey|spd|1
|
|upkeep
|turn|24
|
|t:|1667320079
|move|p2a: Comfey|Draining Kiss|p1a: Ribombee
|-damage|p1a: Ribombee|44/100
|-heal|p2a: Comfey|22/100|[from] drain|[of] p1a: Ribombee
|move|p1a: Ribombee|Moonblast|p2a: Comfey
|-damage|p2a: Comfey|0 fnt
|faint|p2a: Comfey
|
|upkeep
|
|t:|1667320081
|switch|p2a: Magneton|Magneton|41/100 brn
|turn|25
|
|t:|1667320084
|move|p1a: Ribombee|Moonblast|p2a: Magneton
|-resisted|p2a: Magneton
|-damage|p2a: Magneton|0 fnt
|faint|p2a: Magneton
|
|upkeep
|
|t:|1667320087
|switch|p2a: Lanturn|Lanturn, F|100/100
|turn|26
|
|t:|1667320091
|move|p1a: Ribombee|Roost|p1a: Ribombee
|-heal|p1a: Ribombee|94/100
|-singleturn|p1a: Ribombee|move: Roost
|move|p2a: Lanturn|Toxic|p1a: Ribombee
|-status|p1a: Ribombee|tox
|
|-damage|p1a: Ribombee|88/100 tox|[from] psn
|upkeep
|turn|27
|
|t:|1667320094
|move|p2a: Lanturn|Protect|p2a: Lanturn
|-singleturn|p2a: Lanturn|Protect
|move|p1a: Ribombee|Quiver Dance|p1a: Ribombee
|-boost|p1a: Ribombee|spa|1
|-boost|p1a: Ribombee|spd|1
|-boost|p1a: Ribombee|spe|1
|
|-damage|p1a: Ribombee|76/100 tox|[from] psn
|upkeep
|turn|28
|
|t:|1667320097
|move|p1a: Ribombee|Quiver Dance|p1a: Ribombee
|-boost|p1a: Ribombee|spa|1
|-boost|p1a: Ribombee|spd|1
|-boost|p1a: Ribombee|spe|1
|move|p2a: Lanturn|Scald|p1a: Ribombee
|-damage|p1a: Ribombee|63/100 tox
|
|-damage|p1a: Ribombee|44/100 tox|[from] psn
|upkeep
|turn|29
|
|t:|1667320099
|move|p2a: Lanturn|Protect|p2a: Lanturn
|-singleturn|p2a: Lanturn|Protect
|move|p1a: Ribombee|Moonblast|p2a: Lanturn
|-activate|p2a: Lanturn|move: Protect
|
|-damage|p1a: Ribombee|20/100 tox|[from] psn
|upkeep
|turn|30
|
|t:|1667320104
|move|p1a: Ribombee|Moonblast|p2a: Lanturn
|-crit|p2a: Lanturn
|-damage|p2a: Lanturn|0 fnt
|faint|p2a: Lanturn
|
|-damage|p1a: Ribombee|0 fnt|[from] psn
|faint|p1a: Ribombee
|upkeep
|
|t:|1667320109
|switch|p1a: Sandslash|Sandslash, M|100/100
|switch|p2a: Malamar|Malamar, M|100/100
|turn|31
|
|t:|1667320114
|move|p2a: Malamar|Knock Off|p1a: Sandslash
|-damage|p1a: Sandslash|80/100
|move|p1a: Sandslash|Knock Off|p2a: Malamar
|-damage|p2a: Malamar|71/100
|-enditem|p2a: Malamar|Choice Scarf|[from] move: Knock Off|[of] p1a: Sandslash
|
|upkeep
|turn|32
|
|t:|1667320122
|move|p2a: Malamar|Superpower|p1a: Sandslash
|-damage|p1a: Sandslash|54/100
|-boost|p2a: Malamar|atk|1
|-boost|p2a: Malamar|def|1
|move|p1a: Sandslash|Earthquake|p2a: Malamar
|-damage|p2a: Malamar|45/100
|
|upkeep
|turn|33
|
|t:|1667320125
|move|p2a: Malamar|Superpower|p1a: Sandslash
|-damage|p1a: Sandslash|14/100
|-boost|p2a: Malamar|atk|1
|-boost|p2a: Malamar|def|1
|move|p1a: Sandslash|Earthquake|p2a: Malamar
|-damage|p2a: Malamar|24/100
|
|upkeep
|turn|34
|
|t:|1667320127
|move|p2a: Malamar|Superpower|p1a: Sandslash
|-damage|p1a: Sandslash|0 fnt
|-boost|p2a: Malamar|atk|1
|-boost|p2a: Malamar|def|1
|faint|p1a: Sandslash
|
|upkeep
|
|t:|1667320130
|switch|p1a: Articuno|Articuno-Galar|90/100
|turn|35
|
|t:|1667320133
|move|p1a: Articuno|Shadow Ball|p2a: Malamar
|-damage|p2a: Malamar|0 fnt
|faint|p2a: Malamar
|
|win|kingqueso141
|raw|kingqueso141's rating: 1322 &rarr; <strong>1353</strong><br />(+31 for winning)
|raw|MXIVIXM's rating: 1534 &rarr; <strong>1503</strong><br />(-31 for losing)
|l|☆MXIVIXM
||Ladder isn't responding, score probably updated but might not have (Request timeout).
