|j|☆Bushfire
|j|☆zRedqueen
|player|p1|Bushfire|zinnia|1090
|player|p2|zRedqueen|kimonogirl|1037
|teamsize|p1|6
|teamsize|p2|6
|gametype|singles
|gen|8
|tier|[Gen 8] PU
|rated|
|clearpoke
|poke|p1|Dusknoir, F|
|poke|p1|Darumaka, M|
|poke|p1|Zweilous, F|
|poke|p1|Solrock|
|poke|p1|Musharna, M|
|poke|p1|Vespiquen, F|
|poke|p2|Fraxure, M|
|poke|p2|Roselia, M|
|poke|p2|Gothitelle, F|
|poke|p2|Mawile, M|
|poke|p2|Silvally-*|
|poke|p2|Carkol, M|
|rule|Sleep Clause Mod: Limit one foe put to sleep
|rule|Species Clause: Limit one of each Pokémon
|rule|OHKO Clause: OHKO moves are banned
|rule|Evasion Moves Clause: Evasion moves are banned
|rule|Endless Battle Clause: Forcing endless battles is banned
|rule|HP Percentage Mod: HP is shown in percentages
|rule|Dynamax Clause: You cannot dynamax
|teampreview
|inactive|Battle timer is ON: inactive players will automatically lose when time's up. (requested by zRedqueen)
|
|start
|switch|p1a: Dusknoir|Dusknoir, F, shiny|100/100
|switch|p2a: Roselia|Roselia, M|100/100
|-item|p2a: Roselia|Eviolite|[from] ability: Frisk|[of] p1a: Dusknoir|[identify]
|turn|1
|
|switch|p2a: Mawile|Mawile, M|100/100
|-ability|p2a: Mawile|Intimidate|boost
|-unboost|p1a: Dusknoir|atk|1
|move|p1a: Dusknoir|Trick Room|p1a: Dusknoir
|-fieldstart|move: Trick Room|[of] p1a: Dusknoir
|
|upkeep
|turn|2
|
|move|p1a: Dusknoir|Night Shade|p2a: Mawile
|-damage|p2a: Mawile|68/100
|move|p2a: Mawile|Knock Off|p1a: Dusknoir
|-supereffective|p1a: Dusknoir
|-damage|p1a: Dusknoir|68/100
|-enditem|p1a: Dusknoir|Mental Herb|[from] move: Knock Off|[of] p2a: Mawile
|
|-heal|p2a: Mawile|74/100|[from] item: Leftovers
|upkeep
|turn|3
|
|move|p1a: Dusknoir|Night Shade|p2a: Mawile
|-damage|p2a: Mawile|41/100
|move|p2a: Mawile|Stealth Rock|p1a: Dusknoir
|-sidestart|p1: Bushfire|move: Stealth Rock
|
|-heal|p2a: Mawile|47/100|[from] item: Leftovers
|upkeep
|turn|4
|
|move|p1a: Dusknoir|Night Shade|p2a: Mawile
|-damage|p2a: Mawile|14/100
|move|p2a: Mawile|Toxic|p1a: Dusknoir
|-status|p1a: Dusknoir|tox
|
|-heal|p2a: Mawile|21/100|[from] item: Leftovers
|-damage|p1a: Dusknoir|62/100 tox|[from] psn
|upkeep
|turn|5
|
|move|p1a: Dusknoir|Night Shade|p2a: Mawile
|-damage|p2a: Mawile|0 fnt
|faint|p2a: Mawile
|
|-damage|p1a: Dusknoir|50/100 tox|[from] psn
|-fieldend|move: Trick Room
|upkeep
|
|switch|p2a: Fraxure|Fraxure, M|100/100
|-ability|p2a: Fraxure|Mold Breaker
|turn|6
|
|move|p2a: Fraxure|Dragon Claw|p1a: Dusknoir
|-damage|p1a: Dusknoir|4/100 tox
|move|p1a: Dusknoir|Trick Room|p1a: Dusknoir
|-fieldstart|move: Trick Room|[of] p1a: Dusknoir
|
|-damage|p1a: Dusknoir|0 fnt|[from] psn
|faint|p1a: Dusknoir
|upkeep
|
|switch|p1a: Zweilous|Zweilous, F|100/100
|-damage|p1a: Zweilous|88/100|[from] Stealth Rock
|turn|7
|
|switch|p2a: Carkol|Carkol, M|100/100
|move|p1a: Zweilous|Substitute|p1a: Zweilous
|-start|p1a: Zweilous|Substitute
|-damage|p1a: Zweilous|63/100
|
|upkeep
|turn|8
|
|move|p1a: Zweilous|Superpower|p2a: Carkol
|-supereffective|p2a: Carkol
|-damage|p2a: Carkol|33/100
|-unboost|p1a: Zweilous|atk|1
|-unboost|p1a: Zweilous|def|1
|move|p2a: Carkol|Flamethrower|p1a: Zweilous
|-resisted|p1a: Zweilous
|-activate|p1a: Zweilous|move: Substitute|[damage]
|
|upkeep
|turn|9
|
|move|p1a: Zweilous|Superpower|p2a: Carkol
|-supereffective|p2a: Carkol
|-damage|p2a: Carkol|0 fnt
|-unboost|p1a: Zweilous|atk|1
|-unboost|p1a: Zweilous|def|1
|faint|p2a: Carkol
|
|upkeep
|
|switch|p2a: Silvally|Silvally|100/100
|turn|10
|
|switch|p1a: Musharna|Musharna, M|100/100
|-damage|p1a: Musharna|88/100|[from] Stealth Rock
|move|p2a: Silvally|Hyper Voice|p1a: Musharna
|-damage|p1a: Musharna|65/100
|
|-heal|p1a: Musharna|71/100|[from] item: Leftovers
|-fieldend|move: Trick Room
|upkeep
|turn|11
|
|switch|p2a: Gothitelle|Gothitelle, F|100/100
|move|p1a: Musharna|Trick Room|p1a: Musharna
|-fieldstart|move: Trick Room|[of] p1a: Musharna
|
|-heal|p1a: Musharna|78/100|[from] item: Leftovers
|upkeep
|turn|12
|
|move|p1a: Musharna|Toxic|p2a: Gothitelle
|-status|p2a: Gothitelle|tox
|move|p2a: Gothitelle|Calm Mind|p2a: Gothitelle
|-boost|p2a: Gothitelle|spa|1
|-boost|p2a: Gothitelle|spd|1
|
|-heal|p1a: Musharna|84/100|[from] item: Leftovers
|-damage|p2a: Gothitelle|94/100 tox|[from] psn
|upkeep
|turn|13
|
|switch|p1a: Vespiquen|Vespiquen, F|100/100
|-damage|p1a: Vespiquen|51/100|[from] Stealth Rock
|-ability|p1a: Vespiquen|Pressure
|move|p2a: Gothitelle|Thunderbolt|p1a: Vespiquen
|-supereffective|p1a: Vespiquen
|-damage|p1a: Vespiquen|0 fnt
|faint|p1a: Vespiquen
|
|-heal|p2a: Gothitelle|100/100 tox|[from] item: Leftovers
|-damage|p2a: Gothitelle|88/100 tox|[from] psn
|upkeep
|
|switch|p1a: Zweilous|Zweilous, F|63/100
|-damage|p1a: Zweilous|51/100|[from] Stealth Rock
|turn|14
|
|switch|p2a: Roselia|Roselia, M|100/100
|move|p1a: Zweilous|Substitute|p1a: Zweilous
|-start|p1a: Zweilous|Substitute
|-damage|p1a: Zweilous|26/100
|
|upkeep
|turn|15
|
|move|p1a: Zweilous|Outrage|p2a: Roselia
|-damage|p2a: Roselia|0 fnt
|faint|p2a: Roselia
|
|-fieldend|move: Trick Room
|upkeep
|
|switch|p2a: Silvally|Silvally|100/100
|turn|16
|
|move|p2a: Silvally|Hyper Voice|p1a: Zweilous
|-damage|p1a: Zweilous|0 fnt
|faint|p1a: Zweilous
|
|upkeep
|
|switch|p1a: Musharna|Musharna, M|84/100
|-damage|p1a: Musharna|71/100|[from] Stealth Rock
|turn|17
|
|move|p2a: Silvally|Hyper Voice|p1a: Musharna
|-damage|p1a: Musharna|49/100
|move|p1a: Musharna|Trick Room|p1a: Musharna
|-fieldstart|move: Trick Room|[of] p1a: Musharna
|
|-heal|p1a: Musharna|55/100|[from] item: Leftovers
|upkeep
|turn|18
|
|switch|p2a: Gothitelle|Gothitelle, F|88/100 tox
|move|p1a: Musharna|Toxic|p2a: Gothitelle
|-fail|p2a: Gothitelle|tox
|
|-heal|p1a: Musharna|61/100|[from] item: Leftovers
|-heal|p2a: Gothitelle|94/100 tox|[from] item: Leftovers
|-damage|p2a: Gothitelle|88/100 tox|[from] psn
|upkeep
|turn|19
|
|switch|p1a: Darumaka|Darumaka, M|100/100
|-damage|p1a: Darumaka|75/100|[from] Stealth Rock
|move|p2a: Gothitelle|Calm Mind|p2a: Gothitelle
|-boost|p2a: Gothitelle|spa|1
|-boost|p2a: Gothitelle|spd|1
|
|-heal|p2a: Gothitelle|94/100 tox|[from] item: Leftovers
|-damage|p2a: Gothitelle|82/100 tox|[from] psn
|upkeep
|turn|20
|
|move|p2a: Gothitelle|Protect|p2a: Gothitelle
|-singleturn|p2a: Gothitelle|Protect
|move|p1a: Darumaka|U-turn|p2a: Gothitelle
|-activate|p2a: Gothitelle|move: Protect
|
|-heal|p2a: Gothitelle|88/100 tox|[from] item: Leftovers
|-damage|p2a: Gothitelle|70/100 tox|[from] psn
|upkeep
|turn|21
|
|switch|p2a: Silvally|Silvally|100/100
|move|p1a: Darumaka|U-turn|p2a: Silvally|[miss]
|-miss|p1a: Darumaka|p2a: Silvally
|
|-fieldend|move: Trick Room
|upkeep
|turn|22
|
|switch|p1a: Solrock|Solrock|100/100
|-damage|p1a: Solrock|88/100|[from] Stealth Rock
|move|p2a: Silvally|Parting Shot|p1a: Solrock
|-unboost|p1a: Solrock|atk|1
|-unboost|p1a: Solrock|spa|1
|
|switch|p2a: Fraxure|Fraxure, M|100/100|[from]move: Parting Shot
|-ability|p2a: Fraxure|Mold Breaker
|
|upkeep
|turn|23
|
|move|p2a: Fraxure|First Impression|p1a: Solrock
|-supereffective|p1a: Solrock
|-damage|p1a: Solrock|5/100
|-enditem|p1a: Solrock|Weakness Policy
|-boost|p1a: Solrock|atk|2|[from] item: Weakness Policy
|-boost|p1a: Solrock|spa|2|[from] item: Weakness Policy
|move|p1a: Solrock|Trick Room|p1a: Solrock
|-fieldstart|move: Trick Room|[of] p1a: Solrock
|
|upkeep
|turn|24
|
|switch|p2a: Gothitelle|Gothitelle, F|70/100 tox
|move|p1a: Solrock|Explosion|p2a: Gothitelle
|-damage|p2a: Gothitelle|0 fnt
|faint|p1a: Solrock
|faint|p2a: Gothitelle
|
|upkeep
|
|switch|p1a: Darumaka|Darumaka, M|75/100
|switch|p2a: Fraxure|Fraxure, M|100/100
|-damage|p1a: Darumaka|50/100|[from] Stealth Rock
|-ability|p2a: Fraxure|Mold Breaker
|turn|25
|
|move|p2a: Fraxure|First Impression|p1a: Darumaka
|-resisted|p1a: Darumaka
|-damage|p1a: Darumaka|13/100
|move|p1a: Darumaka|Hammer Arm|p2a: Fraxure
|-damage|p2a: Fraxure|0 fnt
|-unboost|p1a: Darumaka|spe|1
|faint|p2a: Fraxure
|
|upkeep
|
|switch|p2a: Silvally|Silvally|100/100
|turn|26
|
|move|p1a: Darumaka|Hammer Arm|p2a: Silvally
|-supereffective|p2a: Silvally
|-damage|p2a: Silvally|0 fnt
|-unboost|p1a: Darumaka|spe|1
|faint|p2a: Silvally
|
|win|Bushfire
|l|☆zRedqueen
|c|☆Bushfire|gg
|raw|Bushfire's rating: 1090 &rarr; <strong>1112</strong><br />(+22 for winning)
|raw|zRedqueen's rating: 1037 &rarr; <strong>1024</strong><br />(-13 for losing)
