|j|☆Vy8
|j|☆FuzzPlay
|t:|1620046220
|gametype|singles
|player|p1|Vy8|picnicker|1335
|player|p2|FuzzPlay|lusamine-nihilego|1394
|teamsize|p1|6
|teamsize|p2|6
|gen|8
|tier|[Gen 8] PU
|rated|
|clearpoke
|poke|p1|Stoutland, M|
|poke|p1|Garbodor, M|
|poke|p1|Runerigus, M|
|poke|p1|Poliwrath, F|
|poke|p1|Cryogonal|
|poke|p1|Persian-Alola, M|
|poke|p2|Whimsicott, M|
|poke|p2|Weezing, M|
|poke|p2|Mesprit|
|poke|p2|Aggron, M|
|poke|p2|Heliolisk, F|
|poke|p2|Persian-Alola, F|
|rule|Sleep Clause Mod: Limit one foe put to sleep
|rule|Species Clause: Limit one of each Pokémon
|rule|OHKO Clause: OHKO moves are banned
|rule|Evasion Moves Clause: Evasion moves are banned
|rule|Endless Battle Clause: Forcing endless battles is banned
|rule|HP Percentage Mod: HP is shown in percentages
|rule|Dynamax Clause: You cannot dynamax
|teampreview
|inactive|Battle timer is ON: inactive players will automatically lose when time's up. (requested by Vy8)
|
|t:|1620046242
|start
|switch|p1a: Garbodor|Garbodor, M|100/100
|switch|p2a: Heliolisk|Heliolisk, F|100/100
|turn|1
|
|t:|1620046247
|move|p2a: Heliolisk|Volt Switch|p1a: Garbodor
|-damage|p1a: Garbodor|48/100
|
|t:|1620046251
|switch|p2a: Mesprit|Mesprit|100/100|[from]move: Volt Switch
|move|p1a: Garbodor|Stomping Tantrum|p2a: Mesprit
|-immune|p2a: Mesprit|[from] ability: Levitate
|
|-heal|p1a: Garbodor|54/100|[from] item: Black Sludge
|upkeep
|turn|2
|
|t:|1620046255
|switch|p1a: Runerigus|Runerigus, M|100/100
|move|p2a: Mesprit|Psychic|p1a: Runerigus
|-damage|p1a: Runerigus|69/100
|
|upkeep
|turn|3
|
|t:|1620046260
|move|p2a: Mesprit|Toxic|p1a: Runerigus
|-status|p1a: Runerigus|tox
|move|p1a: Runerigus|Stealth Rock|p2a: Mesprit
|-sidestart|p2: FuzzPlay|move: Stealth Rock
|
|-damage|p1a: Runerigus|64/100 tox|[from] psn
|upkeep
|turn|4
|c|☆Vy8|What dumb ass platv
|c|☆Vy8|play
|inactive|FuzzPlay has 120 seconds left.
|c|☆Vy8|who does this
|c|☆FuzzPlay|?
|
|t:|1620046306
|move|p2a: Mesprit|U-turn|p1a: Runerigus
|-resisted|p1a: Runerigus
|-damage|p1a: Runerigus|59/100 tox
|-damage|p2a: Mesprit|84/100|[from] item: Rocky Helmet|[of] p1a: Runerigus
|-activate|p1a: Runerigus|ability: Wandering Spirit|Levitate|Wandering Spirit|[of] p2a: Mesprit
|c|☆Vy8|Even in the circus they don’t do that
|
|t:|1620046314
|switch|p2a: Whimsicott|Whimsicott, M|100/100|[from]move: U-turn
|-damage|p2a: Whimsicott|88/100|[from] Stealth Rock
|move|p1a: Runerigus|Poltergeist|p2a: Whimsicott
|-activate|p2a: Whimsicott|move: Poltergeist|Sitrus Berry
|-damage|p2a: Whimsicott|46/100
|-enditem|p2a: Whimsicott|Sitrus Berry|[eat]
|-heal|p2a: Whimsicott|71/100|[from] item: Sitrus Berry
|
|-damage|p1a: Runerigus|47/100 tox|[from] psn
|upkeep
|turn|5
|
|t:|1620046318
|switch|p1a: Garbodor|Garbodor, M|54/100
|move|p2a: Whimsicott|Encore||[still]
|-fail|p2a: Whimsicott
|
|-heal|p1a: Garbodor|60/100|[from] item: Black Sludge
|upkeep
|turn|6
|
|t:|1620046324
|move|p2a: Whimsicott|Defog|p1a: Garbodor
|-unboost|p1a: Garbodor|evasion|1
|-sideend|p2: FuzzPlay|Stealth Rock|[from] move: Defog|[of] p2a: Whimsicott
|move|p1a: Garbodor|Toxic Spikes|p2a: Whimsicott
|-sidestart|p2: FuzzPlay|move: Toxic Spikes
|
|-heal|p1a: Garbodor|66/100|[from] item: Black Sludge
|upkeep
|turn|7
|inactive|FuzzPlay has 120 seconds left.
|
|t:|1620046343
|move|p2a: Whimsicott|Encore|p1a: Garbodor
|-start|p1a: Garbodor|Encore
|move|p1a: Garbodor|Toxic Spikes|p2a: Whimsicott
|-sidestart|p2: FuzzPlay|move: Toxic Spikes
|
|-heal|p1a: Garbodor|72/100|[from] item: Black Sludge
|upkeep
|turn|8
|c|☆Vy8|Another stupid play
|c|☆FuzzPlay|ok
|
|t:|1620046352
|move|p2a: Whimsicott|Defog|p1a: Garbodor
|-unboost|p1a: Garbodor|evasion|1
|-sideend|p2: FuzzPlay|Toxic Spikes|[from] move: Defog|[of] p2a: Whimsicott
|move|p1a: Garbodor|Toxic Spikes|p2a: Whimsicott
|-sidestart|p2: FuzzPlay|move: Toxic Spikes
|
|-heal|p1a: Garbodor|78/100|[from] item: Black Sludge
|upkeep
|turn|9
|
|t:|1620046357
|move|p2a: Whimsicott|Defog|p1a: Garbodor
|-unboost|p1a: Garbodor|evasion|1
|-sideend|p2: FuzzPlay|Toxic Spikes|[from] move: Defog|[of] p2a: Whimsicott
|move|p1a: Garbodor|Toxic Spikes|p2a: Whimsicott
|-sidestart|p2: FuzzPlay|move: Toxic Spikes
|
|-heal|p1a: Garbodor|84/100|[from] item: Black Sludge
|-end|p1a: Garbodor|Encore
|upkeep
|turn|10
|
|t:|1620046362
|switch|p1a: Persian|Persian-Alola, M|100/100
|move|p2a: Whimsicott|Encore|p1a: Persian
|-hint|Since gen 7, Dark is immune to Prankster moves.
|-immune|p1a: Persian
|
|upkeep
|turn|11
|
|t:|1620046368
|switch|p1a: Garbodor|Garbodor, M|84/100
|move|p2a: Whimsicott|Moonblast|p1a: Garbodor
|-resisted|p1a: Garbodor
|-damage|p1a: Garbodor|69/100
|
|-heal|p1a: Garbodor|75/100|[from] item: Black Sludge
|upkeep
|turn|12
|
|t:|1620046372
|move|p2a: Whimsicott|Defog|p1a: Garbodor
|-unboost|p1a: Garbodor|evasion|1
|-sideend|p2: FuzzPlay|Toxic Spikes|[from] move: Defog|[of] p2a: Whimsicott
|move|p1a: Garbodor|Gunk Shot|p2a: Whimsicott
|-supereffective|p2a: Whimsicott
|-damage|p2a: Whimsicott|0 fnt
|faint|p2a: Whimsicott
|
|-heal|p1a: Garbodor|81/100|[from] item: Black Sludge
|upkeep
|
|t:|1620046378
|switch|p2a: Mesprit|Mesprit|84/100
|turn|13
|
|t:|1620046383
|switch|p1a: Persian|Persian-Alola, M|100/100
|move|p2a: Mesprit|Stealth Rock|p1a: Persian
|-sidestart|p1: Vy8|move: Stealth Rock
|
|-heal|p2a: Mesprit|90/100|[from] item: Leftovers
|upkeep
|turn|14
|
|t:|1620046387
|switch|p2a: Weezing|Weezing, M|100/100
|move|p1a: Persian|Knock Off|p2a: Weezing
|-damage|p2a: Weezing|86/100
|-enditem|p2a: Weezing|Black Sludge|[from] move: Knock Off|[of] p1a: Persian
|
|upkeep
|turn|15
|
|t:|1620046399
|move|p1a: Persian|Parting Shot|p2a: Weezing
|-unboost|p2a: Weezing|atk|1
|-unboost|p2a: Weezing|spa|1
|
|t:|1620046402
|switch|p1a: Runerigus|Runerigus, M|47/100 tox|[from]move: Parting Shot
|-damage|p1a: Runerigus|41/100 tox|[from] Stealth Rock
|move|p2a: Weezing|Flamethrower|p1a: Runerigus
|-crit|p1a: Runerigus
|-damage|p1a: Runerigus|13/100 tox
|
|-damage|p1a: Runerigus|7/100 tox|[from] psn
|upkeep
|turn|16
|
|t:|1620046416
|move|p2a: Weezing|Flamethrower|p1a: Runerigus
|-damage|p1a: Runerigus|0 fnt
|faint|p1a: Runerigus
|
|upkeep
|
|t:|1620046419
|switch|p1a: Poliwrath|Poliwrath, F|100/100
|-damage|p1a: Poliwrath|94/100|[from] Stealth Rock
|turn|17
|c|☆FuzzPlay|stupid play
|
|t:|1620046426
|switch|p2a: Persian|Persian-Alola, F|100/100
|move|p1a: Poliwrath|Hydro Pump|p2a: Persian
|-damage|p2a: Persian|16/100
|-enditem|p2a: Persian|Aguav Berry|[eat]
|-heal|p2a: Persian|48/100|[from] item: Aguav Berry
|
|upkeep
|turn|18
|
|t:|1620046432
|move|p2a: Persian|Parting Shot|p1a: Poliwrath
|-unboost|p1a: Poliwrath|atk|1
|-unboost|p1a: Poliwrath|spa|1
|c|☆Vy8|I have been playing an idiot
|inactive|FuzzPlay has 120 seconds left.
|
|t:|1620046467
|switch|p2a: Heliolisk|Heliolisk, F|100/100|[from]move: Parting Shot
|move|p1a: Poliwrath|Hydro Pump|p2a: Heliolisk
|-immune|p2a: Heliolisk|[from] ability: Dry Skin
|
|upkeep
|turn|19
|c|☆Vy8|what stupid play
|c|☆Vy8|can you explain ?
|
|t:|1620046480
|switch|p1a: Cryogonal|Cryogonal|100/100
|move|p2a: Heliolisk|Volt Switch|p1a: Cryogonal
|-damage|p1a: Cryogonal|63/100
|inactive|FuzzPlay has 120 seconds left.
|c|☆Vy8|So not only dumb and make stupid plays
|c|☆Vy8|but also luck
|c|☆Vy8|lucky
|inactive|FuzzPlay has 90 seconds left.
|
|t:|1620046529
|switch|p2a: Mesprit|Mesprit|90/100|[from]move: Volt Switch
|
|-heal|p2a: Mesprit|96/100|[from] item: Leftovers
|upkeep
|turn|20
|
|t:|1620046546
|switch|p1a: Stoutland|Stoutland, M|100/100
|-damage|p1a: Stoutland|88/100|[from] Stealth Rock
|move|p2a: Mesprit|Toxic|p1a: Stoutland
|-status|p1a: Stoutland|tox
|
|-heal|p2a: Mesprit|100/100|[from] item: Leftovers
|-damage|p1a: Stoutland|82/100 tox|[from] psn
|upkeep
|turn|21
|
|t:|1620046554
|switch|p2a: Weezing|Weezing, M|86/100
|move|p1a: Stoutland|Facade|p2a: Weezing
|-damage|p2a: Weezing|47/100
|
|-damage|p1a: Stoutland|70/100 tox|[from] psn
|upkeep
|turn|22
|
|t:|1620046559
|switch|p1a: Cryogonal|Cryogonal|63/100
|move|p2a: Weezing|Pain Split|p1a: Cryogonal
|-sethp|p1a: Cryogonal|53/100|[from] move: Pain Split|[silent]
|-sethp|p2a: Weezing|58/100|[from] move: Pain Split
|
|upkeep
|turn|23
|
|t:|1620046566
|switch|p2a: Aggron|Aggron, M|100/100
|move|p1a: Cryogonal|Recover|p1a: Cryogonal
|-heal|p1a: Cryogonal|100/100
|
|upkeep
|turn|24
|inactive|FuzzPlay has 120 seconds left.
|
|t:|1620046573
|switch|p1a: Poliwrath|Poliwrath, F|94/100
|-damage|p1a: Poliwrath|88/100|[from] Stealth Rock
|move|p2a: Aggron|Head Smash|p1a: Poliwrath
|-resisted|p1a: Poliwrath
|-damage|p1a: Poliwrath|29/100
|
|upkeep
|turn|25
|
|t:|1620046581
|switch|p2a: Weezing|Weezing, M|58/100
|move|p1a: Poliwrath|Focus Blast|p2a: Weezing
|-resisted|p2a: Weezing
|-damage|p2a: Weezing|13/100
|
|upkeep
|turn|26
|
|t:|1620046585
|switch|p2a: Mesprit|Mesprit|100/100
|move|p1a: Poliwrath|Focus Blast|p2a: Mesprit
|-resisted|p2a: Mesprit
|-damage|p2a: Mesprit|80/100
|
|-heal|p2a: Mesprit|86/100|[from] item: Leftovers
|upkeep
|turn|27
|
|t:|1620046589
|switch|p1a: Persian|Persian-Alola, M|100/100
|-damage|p1a: Persian|88/100|[from] Stealth Rock
|move|p2a: Mesprit|U-turn|p1a: Persian
|-supereffective|p1a: Persian
|-damage|p1a: Persian|63/100
|
|t:|1620046603
|switch|p2a: Aggron|Aggron, M|100/100|[from]move: U-turn
|
|-heal|p1a: Persian|69/100|[from] item: Leftovers
|upkeep
|turn|28
|
|t:|1620046610
|move|p1a: Persian|Knock Off|p2a: Aggron
|-damage|p2a: Aggron|87/100
|-enditem|p2a: Aggron|Choice Band|[from] move: Knock Off|[of] p1a: Persian
|move|p2a: Aggron|Head Smash|p1a: Persian|[miss]
|-miss|p2a: Aggron|p1a: Persian
|
|-heal|p1a: Persian|75/100|[from] item: Leftovers
|upkeep
|turn|29
|
|t:|1620046617
|move|p1a: Persian|Foul Play|p2a: Aggron
|-damage|p2a: Aggron|60/100
|move|p2a: Aggron|Body Press|p1a: Persian
|-supereffective|p1a: Persian
|-damage|p1a: Persian|29/100
|
|-heal|p1a: Persian|35/100|[from] item: Leftovers
|upkeep
|turn|30
|
|t:|1620046626
|switch|p2a: Weezing|Weezing, M|13/100
|move|p1a: Persian|Parting Shot|p2a: Weezing
|-unboost|p2a: Weezing|atk|1
|-unboost|p2a: Weezing|spa|1
|
|t:|1620046630
|switch|p1a: Cryogonal|Cryogonal|100/100|[from]move: Parting Shot
|
|upkeep
|turn|31
|
|t:|1620046633
|move|p1a: Cryogonal|Freeze-Dry|p2a: Weezing
|-damage|p2a: Weezing|0 fnt
|faint|p2a: Weezing
|
|upkeep
|
|t:|1620046637
|switch|p2a: Aggron|Aggron, M|60/100
|turn|32
|
|t:|1620046643
|switch|p1a: Persian|Persian-Alola, M|35/100
|-damage|p1a: Persian|23/100|[from] Stealth Rock
|move|p2a: Aggron|Head Smash|p1a: Persian
|-damage|p1a: Persian|0 fnt
|faint|p1a: Persian
|
|upkeep
|
|t:|1620046645
|switch|p1a: Garbodor|Garbodor, M|81/100
|-damage|p1a: Garbodor|69/100|[from] Stealth Rock
|turn|33
|
|t:|1620046649
|move|p1a: Garbodor|Toxic Spikes|p2a: Aggron
|-sidestart|p2: FuzzPlay|move: Toxic Spikes
|move|p2a: Aggron|Head Smash|p1a: Garbodor
|-damage|p1a: Garbodor|0 fnt
|-damage|p2a: Aggron|35/100|[from] ability: Aftermath|[of] p1a: Garbodor
|faint|p1a: Garbodor
|
|upkeep
|
|t:|1620046654
|switch|p1a: Poliwrath|Poliwrath, F|29/100
|-damage|p1a: Poliwrath|23/100|[from] Stealth Rock
|turn|34
|
|t:|1620046661
|move|p1a: Poliwrath|Hydro Pump|p2a: Aggron
|-supereffective|p2a: Aggron
|-crit|p2a: Aggron
|-damage|p2a: Aggron|0 fnt
|faint|p2a: Aggron
|
|upkeep
|
|t:|1620046663
|switch|p2a: Heliolisk|Heliolisk, F|100/100
|-status|p2a: Heliolisk|psn
|turn|35
|
|t:|1620046672
|switch|p1a: Cryogonal|Cryogonal|100/100
|move|p2a: Heliolisk|Focus Blast|p1a: Cryogonal|[miss]
|-miss|p2a: Heliolisk|p1a: Cryogonal
|
|-damage|p2a: Heliolisk|88/100 psn|[from] psn
|upkeep
|turn|36
|
|t:|1620046678
|move|p2a: Heliolisk|Focus Blast|p1a: Cryogonal
|-supereffective|p1a: Cryogonal
|-damage|p1a: Cryogonal|27/100
|move|p1a: Cryogonal|Rapid Spin|p2a: Heliolisk
|-damage|p2a: Heliolisk|78/100 psn
|-boost|p1a: Cryogonal|spe|1
|-sideend|p1: Vy8|Stealth Rock|[from] move: Rapid Spin|[of] p1a: Cryogonal
|
|-damage|p2a: Heliolisk|65/100 psn|[from] psn
|upkeep
|turn|37
|
|t:|1620046685
|switch|p2a: Mesprit|Mesprit|86/100
|move|p1a: Cryogonal|Freeze-Dry|p2a: Mesprit
|-damage|p2a: Mesprit|69/100
|
|-heal|p2a: Mesprit|75/100|[from] item: Leftovers
|upkeep
|turn|38
|
|t:|1620046690
|move|p1a: Cryogonal|Recover|p1a: Cryogonal
|-heal|p1a: Cryogonal|77/100
|move|p2a: Mesprit|Toxic|p1a: Cryogonal
|-status|p1a: Cryogonal|tox
|
|-heal|p2a: Mesprit|81/100|[from] item: Leftovers
|-damage|p1a: Cryogonal|71/100 tox|[from] psn
|upkeep
|turn|39
|
|t:|1620046693
|switch|p1a: Stoutland|Stoutland, M|70/100 tox
|move|p2a: Mesprit|Psychic|p1a: Stoutland
|-damage|p1a: Stoutland|33/100 tox
|
|-heal|p2a: Mesprit|87/100|[from] item: Leftovers
|-damage|p1a: Stoutland|27/100 tox|[from] psn
|upkeep
|turn|40
|
|t:|1620046697
|switch|p2a: Persian|Persian-Alola, F|48/100
|-status|p2a: Persian|psn
|move|p1a: Stoutland|Facade|p2a: Persian
|-damage|p2a: Persian|6/100 psn
|
|-damage|p1a: Stoutland|15/100 tox|[from] psn
|-damage|p2a: Persian|0 fnt|[from] psn
|faint|p2a: Persian
|upkeep
|
|t:|1620046699
|switch|p2a: Heliolisk|Heliolisk, F|65/100 psn
|turn|41
|
|t:|1620046705
|move|p1a: Stoutland|Facade|p2a: Heliolisk
|-damage|p2a: Heliolisk|0 fnt
|faint|p2a: Heliolisk
|
|-damage|p1a: Stoutland|0 fnt|[from] psn
|faint|p1a: Stoutland
|upkeep
|
|t:|1620046710
|switch|p2a: Mesprit|Mesprit|87/100
|switch|p1a: Cryogonal|Cryogonal|71/100 tox
|turn|42
|
|t:|1620046729
|move|p1a: Cryogonal|Toxic|p2a: Mesprit
|-status|p2a: Mesprit|tox
|move|p2a: Mesprit|Psychic|p1a: Cryogonal
|-damage|p1a: Cryogonal|46/100 tox
|
|-heal|p2a: Mesprit|93/100 tox|[from] item: Leftovers
|-damage|p1a: Cryogonal|40/100 tox|[from] psn
|-damage|p2a: Mesprit|87/100 tox|[from] psn
|upkeep
|turn|43
|
|t:|1620046734
|move|p1a: Cryogonal|Recover|p1a: Cryogonal
|-heal|p1a: Cryogonal|90/100 tox
|move|p2a: Mesprit|Psychic|p1a: Cryogonal
|-damage|p1a: Cryogonal|65/100 tox
|
|-heal|p2a: Mesprit|93/100 tox|[from] item: Leftovers
|-damage|p1a: Cryogonal|53/100 tox|[from] psn
|-damage|p2a: Mesprit|81/100 tox|[from] psn
|upkeep
|turn|44
|j| darkman_31
|c|☆FuzzPlay|staller
|
|t:|1620046749
|move|p1a: Cryogonal|Recover|p1a: Cryogonal
|-heal|p1a: Cryogonal|100/100 tox
|move|p2a: Mesprit|Toxic|p1a: Cryogonal
|-fail|p1a: Cryogonal|tox
|
|-heal|p2a: Mesprit|87/100 tox|[from] item: Leftovers
|-damage|p1a: Cryogonal|82/100 tox|[from] psn
|-damage|p2a: Mesprit|69/100 tox|[from] psn
|upkeep
|turn|45
|
|t:|1620046765
|move|p1a: Cryogonal|Recover|p1a: Cryogonal
|-heal|p1a: Cryogonal|100/100 tox
|move|p2a: Mesprit|Psychic|p1a: Cryogonal
|-damage|p1a: Cryogonal|77/100 tox
|
|-heal|p2a: Mesprit|75/100 tox|[from] item: Leftovers
|-damage|p1a: Cryogonal|53/100 tox|[from] psn
|-damage|p2a: Mesprit|51/100 tox|[from] psn
|upkeep
|turn|46
|
|t:|1620046773
|switch|p1a: Poliwrath|Poliwrath, F|23/100
|move|p2a: Mesprit|Psychic|p1a: Poliwrath
|-supereffective|p1a: Poliwrath
|-damage|p1a: Poliwrath|0 fnt
|faint|p1a: Poliwrath
|
|-heal|p2a: Mesprit|57/100 tox|[from] item: Leftovers
|-damage|p2a: Mesprit|27/100 tox|[from] psn
|upkeep
|
|t:|1620046777
|switch|p1a: Cryogonal|Cryogonal|53/100 tox
|turn|47
|
|t:|1620046780
|move|p1a: Cryogonal|Recover|p1a: Cryogonal
|-heal|p1a: Cryogonal|100/100 tox
|move|p2a: Mesprit|U-turn|p1a: Cryogonal
|-damage|p1a: Cryogonal|78/100 tox
|
|-heal|p2a: Mesprit|33/100 tox|[from] item: Leftovers
|-damage|p1a: Cryogonal|72/100 tox|[from] psn
|-damage|p2a: Mesprit|0 fnt|[from] psn
|faint|p2a: Mesprit
|
|win|Vy8
|upkeep
|raw|Vy8's rating: 1335 &rarr; <strong>1358</strong><br />(+23 for winning)
|raw|FuzzPlay's rating: 1394 &rarr; <strong>1371</strong><br />(-23 for losing)
|l|☆FuzzPlay
||Ladder isn't responding, score probably updated but might not have (Request timeout).
