|j|☆uult1 SOMALIA
|j|☆tjay
|player|p1|uult1 SOMALIA|alder|
|player|p2|tjay|#tjay|
|teamsize|p1|6
|teamsize|p2|6
|gametype|singles
|gen|8
|tier|[Gen 8] PU
|rated|Tournament battle
|clearpoke
|poke|p1|Pincurchin, F|
|poke|p1|Throh, M|
|poke|p1|Togetic, F|
|poke|p1|Beheeyem, M|
|poke|p1|Leafeon, F|
|poke|p1|Carkol, M|
|poke|p2|Appletun, M|
|poke|p2|Mr. Rime, M|
|poke|p2|Mareanie, F|
|poke|p2|Silvally-*|
|poke|p2|Mawile, M|
|poke|p2|Manectric, M|
|rule|Sleep Clause Mod: Limit one foe put to sleep
|rule|Species Clause: Limit one of each Pokémon
|rule|OHKO Clause: OHKO moves are banned
|rule|Evasion Moves Clause: Evasion moves are banned
|rule|Endless Battle Clause: Forcing endless battles is banned
|rule|HP Percentage Mod: HP is shown in percentages
|rule|Dynamax Clause: You cannot dynamax
|teampreview
|j| Sweatyspaghetti
|j| fart4
|j| Elias PSY
|c|☆uult1 SOMALIA|hf
|j| Cookieco
|c|☆tjay|hf
|
|start
|switch|p1a: Carkol|Carkol, M|100/100
|switch|p2a: Mareanie|Mareanie, F|100/100
|turn|1
|
|switch|p1a: Pincurchin|Pincurchin, F|100/100
|move|p2a: Mareanie|Toxic Spikes|p1a: Pincurchin
|-sidestart|p1: uult1 SOMALIA|move: Toxic Spikes
|
|upkeep
|turn|2
|
|move|p2a: Mareanie|Toxic Spikes|p1a: Pincurchin
|-sidestart|p1: uult1 SOMALIA|move: Toxic Spikes
|move|p1a: Pincurchin|Toxic Spikes|p2a: Mareanie
|-sidestart|p2: tjay|move: Toxic Spikes
|
|upkeep
|turn|3
|j|+Musharnanigans
|
|switch|p2a: Mawile|Mawile, M|100/100
|-ability|p2a: Mawile|Intimidate|boost
|-unboost|p1a: Pincurchin|atk|1
|move|p1a: Pincurchin|Spikes|p2a: Mawile
|-sidestart|p2: tjay|Spikes
|
|upkeep
|turn|4
|
|move|p2a: Mawile|Stealth Rock|p1a: Pincurchin
|-sidestart|p1: uult1 SOMALIA|move: Stealth Rock
|move|p1a: Pincurchin|Discharge|p2a: Mawile
|-damage|p2a: Mawile|57/100
|
|-heal|p2a: Mawile|63/100|[from] item: Leftovers
|upkeep
|turn|5
|
|move|p2a: Mawile|Knock Off|p1a: Pincurchin
|-damage|p1a: Pincurchin|82/100
|-enditem|p1a: Pincurchin|Leftovers|[from] move: Knock Off|[of] p2a: Mawile
|move|p1a: Pincurchin|Spikes|p2a: Mawile
|-sidestart|p2: tjay|Spikes
|
|-heal|p2a: Mawile|70/100|[from] item: Leftovers
|upkeep
|turn|6
|
|switch|p2a: Mr. Rime|Mr. Rime, M|100/100
|move|p1a: Pincurchin|Recover|p1a: Pincurchin
|-heal|p1a: Pincurchin|100/100
|
|upkeep
|turn|7
|j| terrondocto
|c|☆uult1 SOMALIA|fuck
|c|☆uult1 SOMALIA|not prepped for this threat
|
|move|p2a: Mr. Rime|Nasty Plot|p2a: Mr. Rime
|-boost|p2a: Mr. Rime|spa|2
|move|p1a: Pincurchin|Discharge|p2a: Mr. Rime
|-damage|p2a: Mr. Rime|69/100
|-status|p2a: Mr. Rime|par
|
|upkeep
|turn|8
|j| Zophosss
|l|+Musharnanigans
|
|switch|p1a: Throh|Throh, M|100/100
|-damage|p1a: Throh|94/100|[from] Stealth Rock
|-status|p1a: Throh|tox
|-ability|p1a: Throh|Mold Breaker
|move|p2a: Mr. Rime|Rapid Spin|p1a: Throh
|-damage|p1a: Throh|88/100 tox
|-boost|p2a: Mr. Rime|spe|1
|-sideend|p2: tjay|Spikes|[from] move: Rapid Spin|[of] p2a: Mr. Rime
|-sideend|p2: tjay|Toxic Spikes|[from] move: Rapid Spin|[of] p2a: Mr. Rime
|
|-heal|p1a: Throh|94/100 tox|[from] item: Leftovers
|-damage|p1a: Throh|88/100 tox|[from] psn
|upkeep
|turn|9
|
|move|p2a: Mr. Rime|Psyshock|p1a: Throh
|-supereffective|p1a: Throh
|-damage|p1a: Throh|0 fnt
|faint|p1a: Throh
|
|upkeep
|
|switch|p1a: Carkol|Carkol, M|100/100
|turn|10
|
|move|p2a: Mr. Rime|Psyshock|p1a: Carkol
|-damage|p1a: Carkol|46/100
|move|p1a: Carkol|Rapid Spin|p2a: Mr. Rime
|-damage|p2a: Mr. Rime|61/100 par
|-boost|p1a: Carkol|spe|1
|-sideend|p1: uult1 SOMALIA|Toxic Spikes|[from] move: Rapid Spin|[of] p1a: Carkol
|-sideend|p1: uult1 SOMALIA|Stealth Rock|[from] move: Rapid Spin|[of] p1a: Carkol
|
|upkeep
|turn|11
|
|move|p1a: Carkol|Stealth Rock|p2a: Mr. Rime
|-sidestart|p2: tjay|move: Stealth Rock
|move|p2a: Mr. Rime|Psyshock|p1a: Carkol
|-damage|p1a: Carkol|0 fnt
|faint|p1a: Carkol
|
|upkeep
|
|switch|p1a: Beheeyem|Beheeyem, M|100/100
|turn|12
|j| Hola Soy Simp
|
|move|p2a: Mr. Rime|Rapid Spin|p1a: Beheeyem
|-damage|p1a: Beheeyem|94/100
|-boost|p2a: Mr. Rime|spe|1
|-sideend|p2: tjay|Stealth Rock|[from] move: Rapid Spin|[of] p2a: Mr. Rime
|move|p1a: Beheeyem|Cosmic Power|p1a: Beheeyem
|-boost|p1a: Beheeyem|def|1
|-boost|p1a: Beheeyem|spd|1
|
|upkeep
|turn|13
|j|+kelly ㋛ kafka
|
|move|p2a: Mr. Rime|Ice Beam|p1a: Beheeyem
|-damage|p1a: Beheeyem|39/100
|move|p1a: Beheeyem|Calm Mind|p1a: Beheeyem
|-boost|p1a: Beheeyem|spa|1
|-boost|p1a: Beheeyem|spd|1
|
|upkeep
|turn|14
|j| zSpxdes
|
|cant|p2a: Mr. Rime|par
|move|p1a: Beheeyem|Recover|p1a: Beheeyem
|-heal|p1a: Beheeyem|89/100
|
|upkeep
|turn|15
|
|move|p2a: Mr. Rime|Nasty Plot|p2a: Mr. Rime
|-boost|p2a: Mr. Rime|spa|2
|move|p1a: Beheeyem|Calm Mind|p1a: Beheeyem
|-boost|p1a: Beheeyem|spa|1
|-boost|p1a: Beheeyem|spd|1
|
|upkeep
|turn|16
|j| Marjane
|
|move|p2a: Mr. Rime|Ice Beam|p1a: Beheeyem
|-damage|p1a: Beheeyem|41/100
|move|p1a: Beheeyem|Stored Power|p2a: Mr. Rime
|-resisted|p2a: Mr. Rime
|-damage|p2a: Mr. Rime|0 fnt
|faint|p2a: Mr. Rime
|
|upkeep
|c| Zophosss|ooo
|j| Ranbu No Melody
|l| fart4
|
|switch|p2a: Manectric|Manectric, M|100/100
|turn|17
|
|move|p2a: Manectric|Switcheroo|p1a: Beheeyem
|-activate|p2a: Manectric|move: Trick|[of] p1a: Beheeyem
|-item|p1a: Beheeyem|Choice Scarf|[from] move: Switcheroo
|-item|p2a: Manectric|Colbur Berry|[from] move: Switcheroo
|move|p1a: Beheeyem|Stored Power|p2a: Manectric
|-damage|p2a: Manectric|0 fnt
|faint|p2a: Manectric
|
|upkeep
|
|switch|p2a: Silvally|Silvally-Fighting|100/100
|turn|18
|
|move|p2a: Silvally|U-turn|p1a: Beheeyem
|-supereffective|p1a: Beheeyem
|-damage|p1a: Beheeyem|17/100
|
|switch|p2a: Mawile|Mawile, M|70/100|[from]move: U-turn
|-ability|p2a: Mawile|Intimidate|boost
|-unboost|p1a: Beheeyem|atk|1
|move|p1a: Beheeyem|Stored Power|p2a: Mawile
|-resisted|p2a: Mawile
|-damage|p2a: Mawile|0 fnt
|faint|p2a: Mawile
|
|upkeep
|j| Schizolab
|
|switch|p2a: Silvally|Silvally-Fighting|100/100
|turn|19
|
|switch|p1a: Pincurchin|Pincurchin, F|100/100
|move|p2a: Silvally|U-turn|p1a: Pincurchin
|-damage|p1a: Pincurchin|84/100
|l| terrondocto
|
|switch|p2a: Appletun|Appletun, M|100/100|[from]move: U-turn
|
|upkeep
|turn|20
|j| FlexOnEmLikeAsh
|
|move|p2a: Appletun|Iron Defense|p2a: Appletun
|-boost|p2a: Appletun|def|2
|move|p1a: Pincurchin|Recover|p1a: Pincurchin
|-heal|p1a: Pincurchin|100/100
|
|upkeep
|turn|21
|
|switch|p1a: Togetic|Togetic, F|100/100
|move|p2a: Appletun|Iron Defense|p2a: Appletun
|-boost|p2a: Appletun|def|2
|
|upkeep
|turn|22
|
|switch|p2a: Mareanie|Mareanie, F|100/100
|move|p1a: Togetic|Dazzling Gleam|p2a: Mareanie
|-resisted|p2a: Mareanie
|-damage|p2a: Mareanie|87/100
|
|upkeep
|turn|23
|
|switch|p1a: Pincurchin|Pincurchin, F|100/100
|move|p2a: Mareanie|Toxic Spikes|p1a: Pincurchin
|-sidestart|p1: uult1 SOMALIA|move: Toxic Spikes
|
|upkeep
|turn|24
|
|switch|p2a: Appletun|Appletun, M|100/100
|move|p1a: Pincurchin|Spikes|p2a: Appletun
|-sidestart|p2: tjay|Spikes
|
|upkeep
|turn|25
|
|move|p2a: Appletun|Iron Defense|p2a: Appletun
|-boost|p2a: Appletun|def|2
|move|p1a: Pincurchin|Spikes|p2a: Appletun
|-sidestart|p2: tjay|Spikes
|
|upkeep
|turn|26
|
|switch|p1a: Togetic|Togetic, F|100/100
|move|p2a: Appletun|Body Press|p1a: Togetic
|-resisted|p1a: Togetic
|-damage|p1a: Togetic|94/100
|
|upkeep
|turn|27
|j| The_Gunstar_Black
|
|move|p1a: Togetic|Dazzling Gleam|p2a: Appletun
|-supereffective|p2a: Appletun
|-crit|p2a: Appletun
|-damage|p2a: Appletun|53/100
|move|p2a: Appletun|Iron Defense|p2a: Appletun
|-boost|p2a: Appletun|def|2
|
|-heal|p2a: Appletun|59/100|[from] item: Leftovers
|upkeep
|turn|28
|
|move|p1a: Togetic|Dazzling Gleam|p2a: Appletun
|-supereffective|p2a: Appletun
|-damage|p2a: Appletun|31/100
|move|p2a: Appletun|Recover|p2a: Appletun
|-heal|p2a: Appletun|81/100
|
|-heal|p2a: Appletun|87/100|[from] item: Leftovers
|upkeep
|turn|29
|j| Zenadark
|c|☆uult1 SOMALIA|damn
|
|move|p1a: Togetic|Dazzling Gleam|p2a: Appletun
|-supereffective|p2a: Appletun
|-damage|p2a: Appletun|54/100
|move|p2a: Appletun|Iron Defense|p2a: Appletun
|-boost|p2a: Appletun|def|2
|
|-heal|p2a: Appletun|60/100|[from] item: Leftovers
|upkeep
|turn|30
|
|move|p1a: Togetic|Dazzling Gleam|p2a: Appletun
|-supereffective|p2a: Appletun
|-damage|p2a: Appletun|31/100
|move|p2a: Appletun|Recover|p2a: Appletun
|-heal|p2a: Appletun|81/100
|
|-heal|p2a: Appletun|87/100|[from] item: Leftovers
|upkeep
|turn|31
|
|move|p1a: Togetic|Dazzling Gleam|p2a: Appletun
|-supereffective|p2a: Appletun
|-damage|p2a: Appletun|56/100
|move|p2a: Appletun|Apple Acid|p1a: Togetic
|-resisted|p1a: Togetic
|-damage|p1a: Togetic|87/100
|-unboost|p1a: Togetic|spd|1
|
|-heal|p2a: Appletun|62/100|[from] item: Leftovers
|upkeep
|turn|32
|
|move|p1a: Togetic|Wish|p1a: Togetic
|move|p2a: Appletun|Recover|p2a: Appletun
|-heal|p2a: Appletun|100/100
|
|upkeep
|turn|33
|
|move|p1a: Togetic|Dazzling Gleam|p2a: Appletun
|-supereffective|p2a: Appletun
|-damage|p2a: Appletun|72/100
|move|p2a: Appletun|Apple Acid|p1a: Togetic
|-resisted|p1a: Togetic
|-damage|p1a: Togetic|76/100
|-unboost|p1a: Togetic|spd|1
|
|-heal|p1a: Togetic|100/100|[from] move: Wish|[wisher] Togetic
|-heal|p2a: Appletun|78/100|[from] item: Leftovers
|upkeep
|turn|34
|
|switch|p1a: Leafeon|Leafeon, F|100/100
|-status|p1a: Leafeon|psn
|move|p2a: Appletun|Apple Acid|p1a: Leafeon
|-resisted|p1a: Leafeon
|-damage|p1a: Leafeon|80/100 psn
|-unboost|p1a: Leafeon|spd|1
|
|-heal|p1a: Leafeon|86/100 psn|[from] item: Leftovers
|-heal|p2a: Appletun|84/100|[from] item: Leftovers
|-damage|p1a: Leafeon|74/100 psn|[from] psn
|upkeep
|turn|35
|
|move|p1a: Leafeon|Protect|p1a: Leafeon
|-singleturn|p1a: Leafeon|Protect
|move|p2a: Appletun|Body Press|p1a: Leafeon
|-activate|p1a: Leafeon|move: Protect
|
|-heal|p1a: Leafeon|80/100 psn|[from] item: Leftovers
|-heal|p2a: Appletun|90/100|[from] item: Leftovers
|-damage|p1a: Leafeon|68/100 psn|[from] psn
|upkeep
|turn|36
|
|switch|p1a: Togetic|Togetic, F|100/100
|move|p2a: Appletun|Body Press|p1a: Togetic
|-resisted|p1a: Togetic
|-damage|p1a: Togetic|88/100
|
|-heal|p2a: Appletun|96/100|[from] item: Leftovers
|upkeep
|turn|37
|
|switch|p2a: Mareanie|Mareanie, F|100/100
|-damage|p2a: Mareanie|84/100|[from] Spikes
|move|p1a: Togetic|Wish|p1a: Togetic
|
|upkeep
|turn|38
|
|switch|p1a: Leafeon|Leafeon, F|68/100 psn
|move|p2a: Mareanie|Toxic Spikes|p1a: Leafeon
|-sidestart|p1: uult1 SOMALIA|move: Toxic Spikes
|
|-heal|p1a: Leafeon|100/100 psn|[from] move: Wish|[wisher] Togetic
|-damage|p1a: Leafeon|88/100 psn|[from] psn
|upkeep
|turn|39
|
|switch|p2a: Appletun|Appletun, M|96/100
|-damage|p2a: Appletun|80/100|[from] Spikes
|move|p1a: Leafeon|Knock Off|p2a: Appletun
|-damage|p2a: Appletun|56/100
|-enditem|p2a: Appletun|Leftovers|[from] move: Knock Off|[of] p1a: Leafeon
|
|-heal|p1a: Leafeon|94/100 psn|[from] item: Leftovers
|-damage|p1a: Leafeon|82/100 psn|[from] psn
|upkeep
|turn|40
|
|switch|p1a: Pincurchin|Pincurchin, F|100/100
|-status|p1a: Pincurchin|tox
|move|p2a: Appletun|Recover|p2a: Appletun
|-heal|p2a: Appletun|100/100
|
|-damage|p1a: Pincurchin|94/100 tox|[from] psn
|upkeep
|turn|41
|
|move|p2a: Appletun|Iron Defense|p2a: Appletun
|-boost|p2a: Appletun|def|2
|move|p1a: Pincurchin|Spikes|p2a: Appletun
|-sidestart|p2: tjay|Spikes
|
|-damage|p1a: Pincurchin|82/100 tox|[from] psn
|upkeep
|turn|42
|
|move|p2a: Appletun|Body Press|p1a: Pincurchin
|-damage|p1a: Pincurchin|58/100 tox
|move|p1a: Pincurchin|Discharge|p2a: Appletun
|-resisted|p2a: Appletun
|-damage|p2a: Appletun|96/100
|
|-damage|p1a: Pincurchin|40/100 tox|[from] psn
|upkeep
|turn|43
|
|switch|p1a: Togetic|Togetic, F|88/100
|move|p2a: Appletun|Body Press|p1a: Togetic
|-resisted|p1a: Togetic
|-crit|p1a: Togetic
|-damage|p1a: Togetic|79/100
|
|upkeep
|turn|44
|
|move|p1a: Togetic|Wish|p1a: Togetic
|move|p2a: Appletun|Iron Defense|p2a: Appletun
|-boost|p2a: Appletun|def|2
|
|upkeep
|turn|45
|
|switch|p1a: Pincurchin|Pincurchin, F|40/100 tox
|move|p2a: Appletun|Iron Defense|p2a: Appletun
|-boost|p2a: Appletun|def|2
|
|-heal|p1a: Pincurchin|93/100 tox|[from] move: Wish|[wisher] Togetic
|-damage|p1a: Pincurchin|87/100 tox|[from] psn
|upkeep
|turn|46
|
|switch|p1a: Togetic|Togetic, F|79/100
|move|p2a: Appletun|Body Press|p1a: Togetic
|-resisted|p1a: Togetic
|-damage|p1a: Togetic|66/100
|
|upkeep
|turn|47
|
|move|p1a: Togetic|Wish|p1a: Togetic
|move|p2a: Appletun|Apple Acid|p1a: Togetic
|-resisted|p1a: Togetic
|-damage|p1a: Togetic|60/100
|-unboost|p1a: Togetic|spd|1
|
|upkeep
|turn|48
|
|move|p1a: Togetic|Heal Bell|p1a: Togetic
|-activate|p1a: Togetic|move: Heal Bell
|-curestatus|p1: Leafeon|psn|[msg]
|-curestatus|p1: Pincurchin|tox|[msg]
|move|p2a: Appletun|Apple Acid|p1a: Togetic
|-resisted|p1a: Togetic
|-damage|p1a: Togetic|48/100
|-unboost|p1a: Togetic|spd|1
|
|-heal|p1a: Togetic|98/100|[from] move: Wish|[wisher] Togetic
|upkeep
|turn|49
|
|move|p1a: Togetic|Wish|p1a: Togetic
|move|p2a: Appletun|Body Press|p1a: Togetic
|-resisted|p1a: Togetic
|-damage|p1a: Togetic|86/100
|
|upkeep
|turn|50
|
|switch|p1a: Pincurchin|Pincurchin, F|87/100
|-status|p1a: Pincurchin|tox
|move|p2a: Appletun|Iron Defense|p2a: Appletun
|-boost|p2a: Appletun|def|0
|
|-heal|p1a: Pincurchin|100/100 tox|[from] move: Wish|[wisher] Togetic
|-damage|p1a: Pincurchin|94/100 tox|[from] psn
|upkeep
|turn|51
|
|move|p2a: Appletun|Iron Defense|p2a: Appletun
|-boost|p2a: Appletun|def|0
|move|p1a: Pincurchin|Recover|p1a: Pincurchin
|-heal|p1a: Pincurchin|100/100 tox
|
|-damage|p1a: Pincurchin|88/100 tox|[from] psn
|upkeep
|turn|52
|j| Conor3197❤☁☆
|
|switch|p1a: Togetic|Togetic, F|86/100
|move|p2a: Appletun|Body Press|p1a: Togetic
|-resisted|p1a: Togetic
|-damage|p1a: Togetic|74/100
|
|upkeep
|turn|53
|
|move|p1a: Togetic|Wish|p1a: Togetic
|move|p2a: Appletun|Apple Acid|p1a: Togetic
|-resisted|p1a: Togetic
|-damage|p1a: Togetic|67/100
|-unboost|p1a: Togetic|spd|1
|
|upkeep
|turn|54
|c| Zophosss|this battle is beyond my brain capacity
|
|switch|p1a: Pincurchin|Pincurchin, F|88/100 tox
|move|p2a: Appletun|Iron Defense|p2a: Appletun
|-boost|p2a: Appletun|def|0
|
|-heal|p1a: Pincurchin|100/100 tox|[from] move: Wish|[wisher] Togetic
|-damage|p1a: Pincurchin|94/100 tox|[from] psn
|upkeep
|turn|55
|j| Mrdin69
|l| Zenadark
|
|move|p2a: Appletun|Apple Acid|p1a: Pincurchin
|-damage|p1a: Pincurchin|61/100 tox
|-unboost|p1a: Pincurchin|spd|1
|move|p1a: Pincurchin|Recover|p1a: Pincurchin
|-heal|p1a: Pincurchin|100/100 tox
|
|-damage|p1a: Pincurchin|88/100 tox|[from] psn
|upkeep
|turn|56
|
|switch|p2a: Mareanie|Mareanie, F|100/100
|-damage|p2a: Mareanie|76/100|[from] Spikes
|move|p1a: Pincurchin|Recover|p1a: Pincurchin
|-heal|p1a: Pincurchin|100/100 tox
|
|-damage|p1a: Pincurchin|82/100 tox|[from] psn
|upkeep
|turn|57
|j| Lockjaw
|
|move|p2a: Mareanie|Recover|p2a: Mareanie
|-heal|p2a: Mareanie|100/100
|move|p1a: Pincurchin|Toxic Spikes|p2a: Mareanie
|-sidestart|p2: tjay|move: Toxic Spikes
|
|-damage|p1a: Pincurchin|58/100 tox|[from] psn
|upkeep
|turn|58
|
|switch|p2a: Appletun|Appletun, M|96/100
|-damage|p2a: Appletun|71/100|[from] Spikes
|-status|p2a: Appletun|psn
|switch|p1a: Togetic|Togetic, F|67/100
|
|-damage|p2a: Appletun|59/100 psn|[from] psn
|upkeep
|turn|59
|
|move|p1a: Togetic|Wish|p1a: Togetic
|move|p2a: Appletun|Recover|p2a: Appletun
|-heal|p2a: Appletun|100/100 psn
|
|-damage|p2a: Appletun|88/100 psn|[from] psn
|upkeep
|turn|60
|
|switch|p1a: Leafeon|Leafeon, F|82/100
|-status|p1a: Leafeon|tox
|switch|p2a: Mareanie|Mareanie, F|100/100
|-damage|p2a: Mareanie|76/100|[from] Spikes
|-sideend|p2: tjay|move: Toxic Spikes|[of] p2a: Mareanie
|
|-heal|p1a: Leafeon|100/100 tox|[from] move: Wish|[wisher] Togetic
|-damage|p1a: Leafeon|95/100 tox|[from] psn
|upkeep
|turn|61
|
|move|p1a: Leafeon|Wish|p1a: Leafeon
|move|p2a: Mareanie|Scald|p1a: Leafeon
|-resisted|p1a: Leafeon
|-damage|p1a: Leafeon|85/100 tox
|
|-heal|p1a: Leafeon|91/100 tox|[from] item: Leftovers
|-damage|p1a: Leafeon|79/100 tox|[from] psn
|upkeep
|turn|62
|
|switch|p1a: Pincurchin|Pincurchin, F|58/100 tox
|move|p2a: Mareanie|Scald|p1a: Pincurchin
|-damage|p1a: Pincurchin|39/100 tox
|
|-heal|p1a: Pincurchin|95/100 tox|[from] move: Wish|[wisher] Leafeon
|-damage|p1a: Pincurchin|89/100 tox|[from] psn
|upkeep
|turn|63
|
|move|p2a: Mareanie|Scald|p1a: Pincurchin
|-damage|p1a: Pincurchin|70/100 tox
|move|p1a: Pincurchin|Discharge|p2a: Mareanie
|-supereffective|p2a: Mareanie
|-damage|p2a: Mareanie|16/100
|-status|p2a: Mareanie|par
|
|-damage|p1a: Pincurchin|58/100 tox|[from] psn
|upkeep
|turn|64
|c| The_Gunstar_Black|It's still going
|
|switch|p2a: Appletun|Appletun, M|88/100 psn
|-damage|p2a: Appletun|63/100 psn|[from] Spikes
|move|p1a: Pincurchin|Toxic Spikes|p2a: Appletun
|-sidestart|p2: tjay|move: Toxic Spikes
|
|-damage|p2a: Appletun|50/100 psn|[from] psn
|-damage|p1a: Pincurchin|40/100 tox|[from] psn
|upkeep
|turn|65
|c| The_Gunstar_Black|huh
|
|switch|p1a: Togetic|Togetic, F|67/100
|move|p2a: Appletun|Recover|p2a: Appletun
|-heal|p2a: Appletun|100/100 psn
|
|-damage|p2a: Appletun|88/100 psn|[from] psn
|upkeep
|turn|66
|
|switch|p2a: Mareanie|Mareanie, F|49/100 par
|-damage|p2a: Mareanie|24/100 par|[from] Spikes
|-sideend|p2: tjay|move: Toxic Spikes|[of] p2a: Mareanie
|move|p1a: Togetic|Wish|p1a: Togetic
|
|upkeep
|turn|67
|
|switch|p1a: Pincurchin|Pincurchin, F|40/100 tox
|move|p2a: Mareanie|Recover|p2a: Mareanie
|-heal|p2a: Mareanie|74/100 par
|
|-heal|p1a: Pincurchin|93/100 tox|[from] move: Wish|[wisher] Togetic
|-damage|p1a: Pincurchin|87/100 tox|[from] psn
|upkeep
|turn|68
|j|+Musharnanigans
|
|switch|p2a: Appletun|Appletun, M|88/100 psn
|-damage|p2a: Appletun|63/100 psn|[from] Spikes
|move|p1a: Pincurchin|Toxic Spikes|p2a: Appletun
|-sidestart|p2: tjay|move: Toxic Spikes
|
|-damage|p2a: Appletun|50/100 psn|[from] psn
|-damage|p1a: Pincurchin|75/100 tox|[from] psn
|upkeep
|turn|69
|
|switch|p1a: Togetic|Togetic, F|67/100
|move|p2a: Appletun|Recover|p2a: Appletun
|-heal|p2a: Appletun|100/100 psn
|
|-damage|p2a: Appletun|88/100 psn|[from] psn
|upkeep
|turn|70
|
|switch|p1a: Leafeon|Leafeon, F|79/100 tox
|switch|p2a: Mareanie|Mareanie, F|100/100 par
|-sideend|p2: tjay|move: Toxic Spikes|[of] p2a: Mareanie
|-damage|p2a: Mareanie|76/100 par|[from] Spikes
|
|-heal|p1a: Leafeon|85/100 tox|[from] item: Leftovers
|-damage|p1a: Leafeon|79/100 tox|[from] psn
|upkeep
|turn|71
|
|move|p1a: Leafeon|Wish|p1a: Leafeon
|cant|p2a: Mareanie|par
|
|-heal|p1a: Leafeon|85/100 tox|[from] item: Leftovers
|-damage|p1a: Leafeon|73/100 tox|[from] psn
|upkeep
|turn|72
|
|move|p1a: Leafeon|Knock Off|p2a: Mareanie
|-damage|p2a: Mareanie|58/100 par
|-enditem|p2a: Mareanie|Eviolite|[from] move: Knock Off|[of] p1a: Leafeon
|cant|p2a: Mareanie|par
|
|-heal|p1a: Leafeon|100/100 tox|[from] move: Wish|[wisher] Leafeon
|-damage|p1a: Leafeon|83/100 tox|[from] psn
|upkeep
|turn|73
|j| Zenadark
|
|switch|p1a: Togetic|Togetic, F|67/100
|move|p2a: Mareanie|Recover|p2a: Mareanie
|-heal|p2a: Mareanie|100/100 par
|
|upkeep
|turn|74
|
|switch|p1a: Pincurchin|Pincurchin, F|75/100 tox
|move|p2a: Mareanie|Scald|p1a: Pincurchin
|-damage|p1a: Pincurchin|54/100 tox
|
|-damage|p1a: Pincurchin|48/100 tox|[from] psn
|upkeep
|turn|75
|
|move|p1a: Pincurchin|Recover|p1a: Pincurchin
|-heal|p1a: Pincurchin|98/100 tox
|move|p2a: Mareanie|Scald|p1a: Pincurchin
|-damage|p1a: Pincurchin|81/100 tox
|
|-damage|p1a: Pincurchin|69/100 tox|[from] psn
|upkeep
|turn|76
|
|switch|p1a: Togetic|Togetic, F|67/100
|switch|p2a: Appletun|Appletun, M|88/100 psn
|-damage|p2a: Appletun|63/100 psn|[from] Spikes
|
|-damage|p2a: Appletun|50/100 psn|[from] psn
|upkeep
|turn|77
|
|move|p1a: Togetic|Wish|p1a: Togetic
|move|p2a: Appletun|Recover|p2a: Appletun
|-heal|p2a: Appletun|100/100 psn
|
|-damage|p2a: Appletun|88/100 psn|[from] psn
|upkeep
|turn|78
|
|switch|p1a: Pincurchin|Pincurchin, F|69/100 tox
|move|p2a: Appletun|Apple Acid|p1a: Pincurchin
|-crit|p1a: Pincurchin
|-damage|p1a: Pincurchin|13/100 tox
|-unboost|p1a: Pincurchin|spd|1
|
|-heal|p1a: Pincurchin|65/100 tox|[from] move: Wish|[wisher] Togetic
|-damage|p2a: Appletun|75/100 psn|[from] psn
|-damage|p1a: Pincurchin|59/100 tox|[from] psn
|upkeep
|turn|79
|j| sketchy ecchi
|
|switch|p1a: Leafeon|Leafeon, F|83/100 tox
|move|p2a: Appletun|Apple Acid|p1a: Leafeon
|-resisted|p1a: Leafeon
|-damage|p1a: Leafeon|63/100 tox
|-unboost|p1a: Leafeon|spd|1
|
|-heal|p1a: Leafeon|69/100 tox|[from] item: Leftovers
|-damage|p1a: Leafeon|63/100 tox|[from] psn
|-damage|p2a: Appletun|63/100 psn|[from] psn
|upkeep
|turn|80
|
|switch|p1a: Togetic|Togetic, F|67/100
|move|p2a: Appletun|Iron Defense|p2a: Appletun
|-boost|p2a: Appletun|def|2
|
|-damage|p2a: Appletun|50/100 psn|[from] psn
|upkeep
|turn|81
|
|move|p1a: Togetic|Roost|p1a: Togetic
|-heal|p1a: Togetic|100/100
|-singleturn|p1a: Togetic|move: Roost
|move|p2a: Appletun|Recover|p2a: Appletun
|-heal|p2a: Appletun|100/100 psn
|
|-damage|p2a: Appletun|88/100 psn|[from] psn
|upkeep
|turn|82
|
|move|p1a: Togetic|Dazzling Gleam|p2a: Appletun
|-supereffective|p2a: Appletun
|-damage|p2a: Appletun|55/100 psn
|move|p2a: Appletun|Apple Acid|p1a: Togetic
|-resisted|p1a: Togetic
|-damage|p1a: Togetic|93/100
|-unboost|p1a: Togetic|spd|1
|
|-damage|p2a: Appletun|43/100 psn|[from] psn
|upkeep
|turn|83
|j| Blue Knees
|
|move|p1a: Togetic|Wish|p1a: Togetic
|move|p2a: Appletun|Recover|p2a: Appletun
|-heal|p2a: Appletun|93/100 psn
|
|-damage|p2a: Appletun|80/100 psn|[from] psn
|upkeep
|turn|84
|j| venson04
|
|switch|p1a: Pincurchin|Pincurchin, F|59/100 tox
|move|p2a: Appletun|Apple Acid|p1a: Pincurchin
|-damage|p1a: Pincurchin|26/100 tox
|-unboost|p1a: Pincurchin|spd|1
|
|-heal|p1a: Pincurchin|78/100 tox|[from] move: Wish|[wisher] Togetic
|-damage|p2a: Appletun|68/100 psn|[from] psn
|-damage|p1a: Pincurchin|72/100 tox|[from] psn
|upkeep
|turn|85
|
|switch|p1a: Togetic|Togetic, F|93/100
|move|p2a: Appletun|Apple Acid|p1a: Togetic
|-resisted|p1a: Togetic
|-damage|p1a: Togetic|87/100
|-unboost|p1a: Togetic|spd|1
|
|-damage|p2a: Appletun|55/100 psn|[from] psn
|upkeep
|turn|86
|l| Blue Knees
|
|move|p1a: Togetic|Wish|p1a: Togetic
|move|p2a: Appletun|Recover|p2a: Appletun
|-heal|p2a: Appletun|100/100 psn
|
|-damage|p2a: Appletun|88/100 psn|[from] psn
|upkeep
|turn|87
|
|switch|p1a: Leafeon|Leafeon, F|63/100 tox
|switch|p2a: Mareanie|Mareanie, F|100/100 par
|-damage|p2a: Mareanie|76/100 par|[from] Spikes
|
|-heal|p1a: Leafeon|100/100 tox|[from] move: Wish|[wisher] Togetic
|-damage|p1a: Leafeon|95/100 tox|[from] psn
|upkeep
|turn|88
|
|move|p1a: Leafeon|Wish|p1a: Leafeon
|cant|p2a: Mareanie|par
|
|-heal|p1a: Leafeon|100/100 tox|[from] item: Leftovers
|-damage|p1a: Leafeon|89/100 tox|[from] psn
|upkeep
|turn|89
|c|☆tjay|tbh those paras on rime were super unfort
|
|switch|p1a: Pincurchin|Pincurchin, F|72/100 tox
|move|p2a: Mareanie|Recover|p2a: Mareanie
|-heal|p2a: Mareanie|100/100 par
|
|-heal|p1a: Pincurchin|100/100 tox|[from] move: Wish|[wisher] Leafeon
|-damage|p1a: Pincurchin|94/100 tox|[from] psn
|upkeep
|turn|90
|
|switch|p2a: Appletun|Appletun, M|88/100 psn
|-damage|p2a: Appletun|63/100 psn|[from] Spikes
|move|p1a: Pincurchin|Discharge|p2a: Appletun
|-resisted|p2a: Appletun
|-damage|p2a: Appletun|59/100 psn
|
|-damage|p2a: Appletun|46/100 psn|[from] psn
|-damage|p1a: Pincurchin|82/100 tox|[from] psn
|upkeep
|turn|91
|
|switch|p1a: Togetic|Togetic, F|87/100
|move|p2a: Appletun|Recover|p2a: Appletun
|-heal|p2a: Appletun|96/100 psn
|
|-damage|p2a: Appletun|84/100 psn|[from] psn
|upkeep
|turn|92
|
|switch|p1a: Leafeon|Leafeon, F|89/100 tox
|move|p2a: Appletun|Apple Acid|p1a: Leafeon
|-resisted|p1a: Leafeon
|-damage|p1a: Leafeon|70/100 tox
|-unboost|p1a: Leafeon|spd|1
|
|-heal|p1a: Leafeon|76/100 tox|[from] item: Leftovers
|-damage|p1a: Leafeon|70/100 tox|[from] psn
|-damage|p2a: Appletun|71/100 psn|[from] psn
|upkeep
|turn|93
|
|switch|p1a: Togetic|Togetic, F|87/100
|switch|p2a: Mareanie|Mareanie, F|100/100 par
|-damage|p2a: Mareanie|76/100 par|[from] Spikes
|
|upkeep
|turn|94
|
|switch|p1a: Pincurchin|Pincurchin, F|82/100 tox
|move|p2a: Mareanie|Scald|p1a: Pincurchin
|-damage|p1a: Pincurchin|65/100 tox
|
|-damage|p1a: Pincurchin|59/100 tox|[from] psn
|upkeep
|turn|95
|
|move|p1a: Pincurchin|Recover|p1a: Pincurchin
|-heal|p1a: Pincurchin|100/100 tox
|move|p2a: Mareanie|Recover|p2a: Mareanie
|-heal|p2a: Mareanie|100/100 par
|
|-damage|p1a: Pincurchin|88/100 tox|[from] psn
|upkeep
|turn|96
|l| venson04
|
|switch|p1a: Togetic|Togetic, F|87/100
|move|p2a: Mareanie|Scald|p1a: Togetic
|-damage|p1a: Togetic|80/100
|-status|p1a: Togetic|brn
|
|-damage|p1a: Togetic|74/100 brn|[from] brn
|upkeep
|turn|97
|
|move|p1a: Togetic|Heal Bell|p1a: Togetic
|-activate|p1a: Togetic|move: Heal Bell
|-curestatus|p1a: Togetic|brn|[msg]
|-curestatus|p1: Pincurchin|tox|[msg]
|-curestatus|p1: Leafeon|tox|[msg]
|move|p2a: Mareanie|Scald|p1a: Togetic
|-damage|p1a: Togetic|66/100
|
|upkeep
|turn|98
|
|switch|p1a: Pincurchin|Pincurchin, F|88/100
|-status|p1a: Pincurchin|tox
|cant|p2a: Mareanie|par
|
|-damage|p1a: Pincurchin|82/100 tox|[from] psn
|upkeep
|turn|99
|
|move|p1a: Pincurchin|Discharge|p2a: Mareanie
|-supereffective|p2a: Mareanie
|-damage|p2a: Mareanie|3/100 par
|move|p2a: Mareanie|Scald|p1a: Pincurchin
|-damage|p1a: Pincurchin|63/100 tox
|
|-damage|p1a: Pincurchin|51/100 tox|[from] psn
|upkeep
|turn|100
|
|move|p1a: Pincurchin|Recover|p1a: Pincurchin
|-heal|p1a: Pincurchin|100/100 tox
|cant|p2a: Mareanie|par
|
|-damage|p1a: Pincurchin|82/100 tox|[from] psn
|upkeep
|turn|101
|
|move|p1a: Pincurchin|Discharge|p2a: Mareanie
|-supereffective|p2a: Mareanie
|-crit|p2a: Mareanie
|-damage|p2a: Mareanie|0 fnt
|faint|p2a: Mareanie
|
|-damage|p1a: Pincurchin|58/100 tox|[from] psn
|upkeep
|
|switch|p2a: Silvally|Silvally-Fighting|100/100
|-damage|p2a: Silvally|76/100|[from] Spikes
|turn|102
|
|switch|p1a: Togetic|Togetic, F|66/100
|move|p2a: Silvally|Swords Dance|p2a: Silvally
|-boost|p2a: Silvally|atk|2
|
|upkeep
|turn|103
|
|move|p2a: Silvally|Swords Dance|p2a: Silvally
|-boost|p2a: Silvally|atk|2
|move|p1a: Togetic|Roost|p1a: Togetic
|-heal|p1a: Togetic|100/100
|-singleturn|p1a: Togetic|move: Roost
|
|upkeep
|turn|104
|
|move|p2a: Silvally|Psychic Fangs|p1a: Togetic
|-damage|p1a: Togetic|37/100
|move|p1a: Togetic|Dazzling Gleam|p2a: Silvally
|-supereffective|p2a: Silvally
|-damage|p2a: Silvally|30/100
|
|upkeep
|turn|105
|c| Zophosss|the para’s sheesh
|c|☆uult1 SOMALIA|?
|c|☆uult1 SOMALIA|bro that just extended the game
|
|switch|p1a: Beheeyem|Beheeyem, M|17/100
|-status|p1a: Beheeyem|tox
|move|p2a: Silvally|Psychic Fangs|p1a: Beheeyem
|-resisted|p1a: Beheeyem
|-damage|p1a: Beheeyem|0 fnt
|faint|p1a: Beheeyem
|
|upkeep
|
|switch|p1a: Leafeon|Leafeon, F|70/100
|-status|p1a: Leafeon|tox
|turn|106
|
|move|p2a: Silvally|Multi-Attack|p1a: Leafeon
|-damage|p1a: Leafeon|0 fnt
|faint|p1a: Leafeon
|
|upkeep
|l|+Musharnanigans
|c|☆uult1 SOMALIA|gg was fun for sure
|c|☆uult1 SOMALIA|PU is a good tier
|c|☆tjay|gg
|c|☆uult1 SOMALIA|by the looks of it
|
|switch|p1a: Pincurchin|Pincurchin, F|58/100 tox
|turn|107
|
|move|p2a: Silvally|Multi-Attack|p1a: Pincurchin
|-damage|p1a: Pincurchin|0 fnt
|faint|p1a: Pincurchin
|
|upkeep
|
|switch|p1a: Togetic|Togetic, F|37/100
|turn|108
|c|☆tjay|yeah its pretty fun
|
|move|p2a: Silvally|Psychic Fangs|p1a: Togetic
|-damage|p1a: Togetic|0 fnt
|faint|p1a: Togetic
|
|win|tjay
