|html|<div class="broadcast-blue"><strong>[Gen 8] PU is currently suspecting Scyther! For information on how to participate check out the <a href="https://www.smogon.com/forums/threads/np-ss-pu-stage-11-turn-turn-turn-scyther-retest.3707179/">suspect thread</a>.</strong></div>
|raw|<div class="broadcast-blue"><strong>This battle is required to be public due to a player having a name starting with 'pult4v4'.</div>
|j|☆Cyber Cop (Police)
|j|☆pult4v4 pix
|t:|1662943907
|gametype|singles
|player|p1|Cyber Cop (Police)|officer-gen2|1438
|player|p2|pult4v4 pix|265|1501
|teamsize|p1|6
|teamsize|p2|6
|gen|8
|tier|[Gen 8] PU
|rated|
|rule|Sleep Clause Mod: Limit one foe put to sleep
|rule|Species Clause: Limit one of each Pokémon
|rule|OHKO Clause: OHKO moves are banned
|rule|Evasion Items Clause: Evasion items are banned
|rule|Evasion Moves Clause: Evasion moves are banned
|rule|Endless Battle Clause: Forcing endless battles is banned
|rule|HP Percentage Mod: HP is shown in percentages
|rule|Dynamax Clause: You cannot dynamax
|clearpoke
|poke|p1|Charizard, M|
|poke|p1|Qwilfish, M|
|poke|p1|Scrafty, M|
|poke|p1|Ribombee, M|
|poke|p1|Togedemaru, M|
|poke|p1|Wishiwashi, M|
|poke|p2|Gigalith, M|
|poke|p2|Charizard, F|
|poke|p2|Quagsire, F|
|poke|p2|Scrafty, F|
|poke|p2|Eldegoss, M|
|poke|p2|Cinccino, M|
|teampreview
|inactive|Battle timer is ON: inactive players will automatically lose when time's up. (requested by pult4v4 pix)
|c|☆Cyber Cop (Police)|omgg hi again ^_^
|
|t:|1662943928
|start
|switch|p1a: Wishiwashi|Wishiwashi, M|100/100
|switch|p2a: Charizard|Charizard, F|100/100
|-formechange|p1a: Wishiwashi|Wishiwashi-School||[from] ability: Schooling
|turn|1
|
|t:|1662943954
|switch|p2a: Eldegoss|Eldegoss, M, shiny|100/100
|move|p1a: Wishiwashi|Scald|p2a: Eldegoss
|-resisted|p2a: Eldegoss
|-damage|p2a: Eldegoss|85/100
|
|upkeep
|turn|2
|
|t:|1662943958
|move|p2a: Eldegoss|Grass Knot|p1a: Wishiwashi
|-supereffective|p1a: Wishiwashi
|-damage|p1a: Wishiwashi|63/100
|move|p1a: Wishiwashi|U-turn|p2a: Eldegoss
|-supereffective|p2a: Eldegoss
|-damage|p2a: Eldegoss|44/100
|
|t:|1662943963
|switch|p1a: Scrafty|Scrafty, M|100/100|[from]move: U-turn
|-ability|p1a: Scrafty|Intimidate|boost
|-unboost|p2a: Eldegoss|atk|1
|
|upkeep
|turn|3
|
|t:|1662943971
|switch|p2a: Quagsire|Quagsire, F|100/100
|move|p1a: Scrafty|Knock Off|p2a: Quagsire
|-damage|p2a: Quagsire|54/100
|-enditem|p2a: Quagsire|Heavy-Duty Boots|[from] move: Knock Off|[of] p1a: Scrafty
|
|upkeep
|turn|4
|
|t:|1662943976
|switch|p1a: Qwilfish|Qwilfish, M|100/100
|-ability|p1a: Qwilfish|Intimidate|boost
|-unboost|p2a: Quagsire|atk|1
|move|p2a: Quagsire|Recover|p2a: Quagsire
|-heal|p2a: Quagsire|100/100
|
|upkeep
|turn|5
|
|t:|1662943982
|move|p1a: Qwilfish|Spikes|p2a: Quagsire
|-sidestart|p2: pult4v4 pix|Spikes
|move|p2a: Quagsire|Scald|p1a: Qwilfish
|-resisted|p1a: Qwilfish
|-damage|p1a: Qwilfish|86/100
|-status|p1a: Qwilfish|brn
|
|-damage|p1a: Qwilfish|80/100 brn|[from] brn
|upkeep
|turn|6
|
|t:|1662943989
|switch|p1a: Wishiwashi|Wishiwashi, M|63/100
|-formechange|p1a: Wishiwashi|Wishiwashi-School||[from] ability: Schooling
|switch|p2a: Gigalith|Gigalith, M|100/100
|-damage|p2a: Gigalith|88/100|[from] Spikes
|-weather|Sandstorm|[from] ability: Sand Stream|[of] p2a: Gigalith
|
|-weather|Sandstorm|[upkeep]
|-damage|p1a: Wishiwashi|57/100|[from] Sandstorm
|-heal|p2a: Gigalith|94/100|[from] item: Leftovers
|-heal|p1a: Wishiwashi|63/100|[from] item: Leftovers
|upkeep
|turn|7
|
|t:|1662943997
|move|p2a: Gigalith|Stealth Rock|p1a: Wishiwashi
|-sidestart|p1: Cyber Cop (Police)|move: Stealth Rock
|move|p1a: Wishiwashi|U-turn|p2a: Gigalith
|-damage|p2a: Gigalith|78/100
|
|t:|1662943999
|switch|p1a: Scrafty|Scrafty, M|100/100|[from]move: U-turn
|-damage|p1a: Scrafty|95/100|[from] Stealth Rock
|-ability|p1a: Scrafty|Intimidate|boost
|-unboost|p2a: Gigalith|atk|1
|
|-weather|Sandstorm|[upkeep]
|-damage|p1a: Scrafty|89/100|[from] Sandstorm
|-heal|p2a: Gigalith|84/100|[from] item: Leftovers
|upkeep
|turn|8
|
|t:|1662944003
|move|p2a: Gigalith|Protect|p2a: Gigalith
|-singleturn|p2a: Gigalith|Protect
|move|p1a: Scrafty|Close Combat|p2a: Gigalith
|-activate|p2a: Gigalith|move: Protect
|
|-weather|Sandstorm|[upkeep]
|-damage|p1a: Scrafty|83/100|[from] Sandstorm
|-heal|p2a: Gigalith|90/100|[from] item: Leftovers
|upkeep
|turn|9
|
|t:|1662944006
|switch|p2a: Charizard|Charizard, F|100/100
|move|p1a: Scrafty|Close Combat|p2a: Charizard
|-resisted|p2a: Charizard
|-damage|p2a: Charizard|46/100
|-unboost|p1a: Scrafty|def|1
|-unboost|p1a: Scrafty|spd|1
|
|-weather|Sandstorm|[upkeep]
|-damage|p2a: Charizard|40/100|[from] Sandstorm
|-damage|p1a: Scrafty|77/100|[from] Sandstorm
|upkeep
|turn|10
|
|t:|1662944010
|switch|p1a: Wishiwashi|Wishiwashi, M|63/100
|-damage|p1a: Wishiwashi|51/100|[from] Stealth Rock
|-formechange|p1a: Wishiwashi|Wishiwashi-School||[from] ability: Schooling
|move|p2a: Charizard|Hurricane|p1a: Wishiwashi
|-damage|p1a: Wishiwashi|6/100
|
|-weather|none
|-heal|p1a: Wishiwashi|12/100|[from] item: Leftovers
|-formechange|p1a: Wishiwashi|Wishiwashi||[from] ability: Schooling
|upkeep
|turn|11
|
|t:|1662944014
|switch|p1a: Charizard|Charizard, M|100/100
|move|p2a: Charizard|Flamethrower|p1a: Charizard
|-resisted|p1a: Charizard
|-damage|p1a: Charizard|77/100
|
|upkeep
|turn|12
|
|t:|1662944017
|switch|p2a: Gigalith|Gigalith, M|90/100
|-damage|p2a: Gigalith|78/100|[from] Spikes
|-weather|Sandstorm|[from] ability: Sand Stream|[of] p2a: Gigalith
|move|p1a: Charizard|Toxic|p2a: Gigalith
|-status|p2a: Gigalith|tox
|
|-weather|Sandstorm|[upkeep]
|-damage|p1a: Charizard|71/100|[from] Sandstorm
|-heal|p2a: Gigalith|84/100 tox|[from] item: Leftovers
|-damage|p2a: Gigalith|78/100 tox|[from] psn
|upkeep
|turn|13
|
|t:|1662944023
|switch|p1a: Togedemaru|Togedemaru, M|100/100
|-damage|p1a: Togedemaru|95/100|[from] Stealth Rock
|switch|p2a: Charizard|Charizard, F|40/100
|
|-weather|Sandstorm|[upkeep]
|-damage|p2a: Charizard|34/100|[from] Sandstorm
|-heal|p1a: Togedemaru|100/100|[from] item: Leftovers
|upkeep
|turn|14
|
|t:|1662944029
|switch|p1a: Charizard|Charizard, M|71/100
|move|p2a: Charizard|Roost|p2a: Charizard
|-heal|p2a: Charizard|84/100
|-singleturn|p2a: Charizard|move: Roost
|
|-weather|Sandstorm|[upkeep]
|-damage|p2a: Charizard|78/100|[from] Sandstorm
|-damage|p1a: Charizard|65/100|[from] Sandstorm
|upkeep
|turn|15
|inactive|pult4v4 pix has 120 seconds left.
|
|t:|1662944061
|move|p1a: Charizard|Roost|p1a: Charizard
|-heal|p1a: Charizard|100/100
|-singleturn|p1a: Charizard|move: Roost
|move|p2a: Charizard|Hurricane|p1a: Charizard|[miss]
|-miss|p2a: Charizard|p1a: Charizard
|
|-weather|Sandstorm|[upkeep]
|-damage|p2a: Charizard|72/100|[from] Sandstorm
|-damage|p1a: Charizard|94/100|[from] Sandstorm
|upkeep
|turn|16
|
|t:|1662944066
|move|p1a: Charizard|Defog|p2a: Charizard
|-unboost|p2a: Charizard|evasion|1
|-sideend|p2: pult4v4 pix|Spikes|[from] move: Defog|[of] p1a: Charizard
|-sideend|p1: Cyber Cop (Police)|Stealth Rock|[from] move: Defog|[of] p1a: Charizard
|move|p2a: Charizard|Toxic|p1a: Charizard
|-status|p1a: Charizard|tox
|
|-weather|none
|-damage|p1a: Charizard|88/100 tox|[from] psn
|upkeep
|turn|17
|
|t:|1662944074
|switch|p2a: Gigalith|Gigalith, M|78/100 tox
|-weather|Sandstorm|[from] ability: Sand Stream|[of] p2a: Gigalith
|move|p1a: Charizard|Toxic|p2a: Gigalith
|-fail|p2a: Gigalith|tox
|
|-weather|Sandstorm|[upkeep]
|-damage|p1a: Charizard|82/100 tox|[from] Sandstorm
|-heal|p2a: Gigalith|84/100 tox|[from] item: Leftovers
|-damage|p1a: Charizard|70/100 tox|[from] psn
|-damage|p2a: Gigalith|78/100 tox|[from] psn
|upkeep
|turn|18
|
|t:|1662944101
|switch|p1a: Togedemaru|Togedemaru, M|100/100
|move|p2a: Gigalith|Stealth Rock|p1a: Togedemaru
|-sidestart|p1: Cyber Cop (Police)|move: Stealth Rock
|
|-weather|Sandstorm|[upkeep]
|-heal|p2a: Gigalith|84/100 tox|[from] item: Leftovers
|-damage|p2a: Gigalith|72/100 tox|[from] psn
|upkeep
|turn|19
|
|t:|1662944105
|move|p1a: Togedemaru|Wish|p1a: Togedemaru
|move|p2a: Gigalith|Earthquake|p1a: Togedemaru
|-supereffective|p1a: Togedemaru
|-damage|p1a: Togedemaru|0 fnt
|faint|p1a: Togedemaru
|
|-weather|Sandstorm|[upkeep]
|-heal|p2a: Gigalith|78/100 tox|[from] item: Leftovers
|-damage|p2a: Gigalith|59/100 tox|[from] psn
|upkeep
|
|t:|1662944110
|switch|p1a: Scrafty|Scrafty, M|77/100
|-damage|p1a: Scrafty|71/100|[from] Stealth Rock
|-ability|p1a: Scrafty|Intimidate|boost
|-unboost|p2a: Gigalith|atk|1
|turn|20
|
|t:|1662944135
|switch|p2a: Eldegoss|Eldegoss, M, shiny|78/100
|move|p1a: Scrafty|Close Combat|p2a: Eldegoss
|-damage|p2a: Eldegoss|0 fnt
|-unboost|p1a: Scrafty|def|1
|-unboost|p1a: Scrafty|spd|1
|faint|p2a: Eldegoss
|
|-weather|Sandstorm|[upkeep]
|-damage|p1a: Scrafty|65/100|[from] Sandstorm
|-heal|p1a: Scrafty|100/100|[from] move: Wish|[wisher] Togedemaru
|upkeep
|
|t:|1662944140
|switch|p2a: Charizard|Charizard, F|72/100
|turn|21
|
|t:|1662944144
|switch|p1a: Wishiwashi|Wishiwashi, M|12/100
|-damage|p1a: Wishiwashi|0 fnt|[from] Stealth Rock
|faint|p1a: Wishiwashi
|move|p2a: Charizard|Hurricane|p1: Wishiwashi|[notarget]
|-fail|p2a: Charizard
|
|-weather|none
|upkeep
|
|t:|1662944147
|switch|p1a: Charizard|Charizard, M|70/100 tox
|turn|22
|
|t:|1662944169
|switch|p2a: Gigalith|Gigalith, M|59/100 tox
|-weather|Sandstorm|[from] ability: Sand Stream|[of] p2a: Gigalith
|move|p1a: Charizard|Defog|p2a: Gigalith
|-unboost|p2a: Gigalith|evasion|1
|-sideend|p1: Cyber Cop (Police)|Stealth Rock|[from] move: Defog|[of] p1a: Charizard
|
|-weather|Sandstorm|[upkeep]
|-damage|p1a: Charizard|64/100 tox|[from] Sandstorm
|-heal|p2a: Gigalith|65/100 tox|[from] item: Leftovers
|-damage|p1a: Charizard|58/100 tox|[from] psn
|-damage|p2a: Gigalith|59/100 tox|[from] psn
|upkeep
|turn|23
|
|t:|1662944174
|switch|p1a: Scrafty|Scrafty, M|100/100
|-ability|p1a: Scrafty|Intimidate|boost
|-unboost|p2a: Gigalith|atk|1
|move|p2a: Gigalith|Stealth Rock|p1a: Scrafty
|-sidestart|p1: Cyber Cop (Police)|move: Stealth Rock
|
|-weather|Sandstorm|[upkeep]
|-damage|p1a: Scrafty|95/100|[from] Sandstorm
|-heal|p2a: Gigalith|65/100 tox|[from] item: Leftovers
|-damage|p2a: Gigalith|53/100 tox|[from] psn
|upkeep
|turn|24
|
|t:|1662944182
|move|p1a: Scrafty|Close Combat|p2a: Gigalith
|-supereffective|p2a: Gigalith
|-damage|p2a: Gigalith|0 fnt
|-unboost|p1a: Scrafty|def|1
|-unboost|p1a: Scrafty|spd|1
|faint|p2a: Gigalith
|
|-weather|Sandstorm|[upkeep]
|-damage|p1a: Scrafty|89/100|[from] Sandstorm
|upkeep
|
|t:|1662944187
|switch|p2a: Charizard|Charizard, F|72/100
|turn|25
|
|t:|1662944193
|switch|p1a: Qwilfish|Qwilfish, M|80/100 brn
|-damage|p1a: Qwilfish|68/100 brn|[from] Stealth Rock
|-ability|p1a: Qwilfish|Intimidate|boost
|-unboost|p2a: Charizard|atk|1
|move|p2a: Charizard|Hurricane|p1a: Qwilfish|[miss]
|-miss|p2a: Charizard|p1a: Qwilfish
|
|-weather|Sandstorm|[upkeep]
|-damage|p2a: Charizard|66/100|[from] Sandstorm
|-damage|p1a: Qwilfish|62/100 brn|[from] Sandstorm
|-damage|p1a: Qwilfish|56/100 brn|[from] brn
|upkeep
|turn|26
|
|t:|1662944197
|move|p2a: Charizard|Hurricane|p1a: Qwilfish
|-damage|p1a: Qwilfish|0 fnt
|faint|p1a: Qwilfish
|
|-weather|none
|upkeep
|
|t:|1662944199
|switch|p1a: Charizard|Charizard, M|58/100 tox
|turn|27
|inactive|pult4v4 pix has 120 seconds left.
|
|t:|1662944232
|switch|p2a: Cinccino|Cinccino, M|100/100
|move|p1a: Charizard|Toxic|p2a: Cinccino
|-status|p2a: Cinccino|tox
|
|-damage|p2a: Cinccino|94/100 tox|[from] psn
|-damage|p1a: Charizard|51/100 tox|[from] psn
|upkeep
|turn|28
|
|t:|1662944239
|switch|p1a: Scrafty|Scrafty, M|89/100
|-damage|p1a: Scrafty|83/100|[from] Stealth Rock
|-ability|p1a: Scrafty|Intimidate|boost
|-unboost|p2a: Cinccino|atk|1
|move|p2a: Cinccino|Tail Slap|p1a: Scrafty
|-damage|p1a: Scrafty|75/100
|-damage|p1a: Scrafty|68/100
|-damage|p1a: Scrafty|61/100
|-damage|p1a: Scrafty|55/100
|-crit|p1a: Scrafty
|-damage|p1a: Scrafty|40/100
|-hitcount|p1a: Scrafty|5
|
|-damage|p2a: Cinccino|82/100 tox|[from] psn
|upkeep
|turn|29
|inactive|pult4v4 pix has 120 seconds left.
|
|t:|1662944271
|move|p2a: Cinccino|Tail Slap|p1a: Scrafty
|-damage|p1a: Scrafty|33/100
|-damage|p1a: Scrafty|26/100
|-damage|p1a: Scrafty|19/100
|-damage|p1a: Scrafty|12/100
|-damage|p1a: Scrafty|4/100
|-hitcount|p1a: Scrafty|5
|move|p1a: Scrafty|Drain Punch|p2a: Cinccino
|-supereffective|p2a: Cinccino
|-damage|p2a: Cinccino|0 fnt
|-heal|p1a: Scrafty|42/100|[from] drain|[of] p2a: Cinccino
|faint|p2a: Cinccino
|
|upkeep
|
|t:|1662944276
|switch|p2a: Charizard|Charizard, F|66/100
|turn|30
|
|t:|1662944291
|move|p2a: Charizard|Hurricane|p1a: Scrafty
|-supereffective|p1a: Scrafty
|-damage|p1a: Scrafty|0 fnt
|faint|p1a: Scrafty
|
|upkeep
|
|t:|1662944293
|switch|p1a: Charizard|Charizard, M|51/100 tox
|turn|31
|
|t:|1662944309
|switch|p2a: Scrafty|Scrafty, F|100/100
|move|p1a: Charizard|Flamethrower|p2a: Scrafty
|-damage|p2a: Scrafty|62/100
|
|-heal|p2a: Scrafty|68/100|[from] item: Leftovers
|-damage|p1a: Charizard|45/100 tox|[from] psn
|upkeep
|turn|32
|
|t:|1662944314
|move|p1a: Charizard|Defog|p2a: Scrafty
|-unboost|p2a: Scrafty|evasion|1
|-sideend|p1: Cyber Cop (Police)|Stealth Rock|[from] move: Defog|[of] p1a: Charizard
|move|p2a: Scrafty|Knock Off|p1a: Charizard
|-damage|p1a: Charizard|0 fnt
|-enditem|p1a: Charizard|Heavy-Duty Boots|[from] move: Knock Off|[of] p2a: Scrafty
|faint|p1a: Charizard
|
|-heal|p2a: Scrafty|73/100|[from] item: Leftovers
|upkeep
|
|t:|1662944317
|switch|p1a: Ribombee|Ribombee, M|100/100
|turn|33
|
|t:|1662944318
|move|p1a: Ribombee|Quiver Dance|p1a: Ribombee
|-boost|p1a: Ribombee|spa|1
|-boost|p1a: Ribombee|spd|1
|-boost|p1a: Ribombee|spe|1
|move|p2a: Scrafty|Poison Jab|p1a: Ribombee
|-supereffective|p1a: Ribombee
|-damage|p1a: Ribombee|10/100
|
|-heal|p2a: Scrafty|79/100|[from] item: Leftovers
|upkeep
|turn|34
|
|t:|1662944320
|move|p1a: Ribombee|Moonblast|p2a: Scrafty
|-supereffective|p2a: Scrafty
|-damage|p2a: Scrafty|0 fnt
|faint|p2a: Scrafty
|
|upkeep
|
|t:|1662944322
|switch|p2a: Charizard|Charizard, F|66/100
|turn|35
|c|☆Cyber Cop (Police)|gg man :D
|
|t:|1662944329
|move|p1a: Ribombee|Moonblast|p2a: Charizard
|-resisted|p2a: Charizard
|-damage|p2a: Charizard|25/100
|-unboost|p2a: Charizard|spa|1
|move|p2a: Charizard|Flamethrower|p1a: Ribombee
|-supereffective|p1a: Ribombee
|-damage|p1a: Ribombee|0 fnt
|faint|p1a: Ribombee
|
|win|pult4v4 pix
|raw|Cyber Cop (Police)'s rating: 1438 &rarr; <strong>1422</strong><br />(-16 for losing)
|raw|pult4v4 pix's rating: 1501 &rarr; <strong>1517</strong><br />(+16 for winning)
