|j|☆PULT4C1 chlo
|j|☆pult4c1 shane
|t:|1660654845
|gametype|singles
|player|p1|PULT4C1 chlo|#chlo|1453
|player|p2|pult4c1 shane|veteran|1428
|teamsize|p1|6
|teamsize|p2|6
|gen|8
|tier|[Gen 8] PU
|rated|
|rule|Sleep Clause Mod: Limit one foe put to sleep
|rule|Species Clause: Limit one of each Pokémon
|rule|OHKO Clause: OHKO moves are banned
|rule|Evasion Items Clause: Evasion items are banned
|rule|Evasion Moves Clause: Evasion moves are banned
|rule|Endless Battle Clause: Forcing endless battles is banned
|rule|HP Percentage Mod: HP is shown in percentages
|rule|Dynamax Clause: You cannot dynamax
|clearpoke
|poke|p1|Weezing, F|
|poke|p1|Ferroseed, M|
|poke|p1|Sableye, M|
|poke|p1|Gigalith, M|
|poke|p1|Claydol|
|poke|p1|Aromatisse, M|
|poke|p2|Scyther, F|
|poke|p2|Hattrem, F|
|poke|p2|Rhydon, M|
|poke|p2|Flareon, M|
|poke|p2|Jellicent, M|
|poke|p2|Silvally-*|
|teampreview
|inactive|Battle timer is ON: inactive players will automatically lose when time's up. (requested by pult4c1 shane)
|inactive|PULT4C1 chlo also wants the timer to be on.
|c|☆pult4c1 shane|omg hi chloe
|c|☆PULT4C1 chlo|omg hi hf
|c|☆pult4c1 shane|why did you bring this demon team
|c|☆pult4c1 shane|and u2
|c|☆PULT4C1 chlo|LOL
|c|☆PULT4C1 chlo|this team is dogass u will win for sure
|inactive|pult4c1 shane has 120 seconds left.
|c|☆pult4c1 shane|you underestimate my ability to lose games
|
|t:|1660654900
|start
|switch|p1a: Sableye|Sableye, M|100/100
|switch|p2a: Scyther|Scyther, F|100/100
|turn|1
|
|t:|1660654907
|move|p2a: Scyther|Knock Off|p1a: Sableye
|-damage|p1a: Sableye|61/100
|-enditem|p1a: Sableye|Leftovers|[from] move: Knock Off|[of] p2a: Scyther
|-damage|p2a: Scyther|91/100|[from] item: Life Orb
|move|p1a: Sableye|Knock Off|p2a: Scyther
|-damage|p2a: Scyther|49/100
|-enditem|p2a: Scyther|Life Orb|[from] move: Knock Off|[of] p1a: Sableye
|
|upkeep
|turn|2
|
|t:|1660654914
|move|p1a: Sableye|Will-O-Wisp|p2a: Scyther
|-status|p2a: Scyther|brn
|move|p2a: Scyther|U-turn|p1a: Sableye
|-damage|p1a: Sableye|44/100
|
|t:|1660654928
|switch|p2a: Jellicent|Jellicent, M|100/100|[from]move: U-turn
|
|upkeep
|turn|3
|
|t:|1660654932
|switch|p1a: Ferroseed|Ferroseed, M|100/100
|move|p2a: Jellicent|Shadow Ball|p1a: Ferroseed
|-damage|p1a: Ferroseed|53/100
|-unboost|p1a: Ferroseed|spd|1
|
|upkeep
|turn|4
|j|+avarice
|
|t:|1660654942
|switch|p1a: Gigalith|Gigalith, M|100/100
|-weather|Sandstorm|[from] ability: Sand Stream|[of] p1a: Gigalith
|move|p2a: Jellicent|Shadow Ball|p1a: Gigalith
|-damage|p1a: Gigalith|72/100
|
|-weather|Sandstorm|[upkeep]
|-damage|p2a: Jellicent|94/100|[from] Sandstorm
|-heal|p1a: Gigalith|78/100|[from] item: Leftovers
|upkeep
|turn|5
|j| Haffling
|
|t:|1660654951
|switch|p2a: Hattrem|Hattrem, F|100/100
|move|p1a: Gigalith|Rock Blast|p2a: Hattrem
|-damage|p2a: Hattrem|93/100
|-damage|p2a: Hattrem|84/100
|-damage|p2a: Hattrem|76/100
|-damage|p2a: Hattrem|67/100
|-hitcount|p2a: Hattrem|4
|
|-weather|Sandstorm|[upkeep]
|-damage|p2a: Hattrem|62/100|[from] Sandstorm
|-heal|p1a: Gigalith|84/100|[from] item: Leftovers
|upkeep
|turn|6
|
|t:|1660654955
|move|p2a: Hattrem|Aromatherapy|p2a: Hattrem
|-activate|p2a: Hattrem|move: Aromatherapy
|-curestatus|p2: Scyther|brn|[msg]
|move|p1a: Gigalith|Rock Blast|p2a: Hattrem
|-damage|p2a: Hattrem|54/100
|-damage|p2a: Hattrem|45/100
|-damage|p2a: Hattrem|37/100
|-hitcount|p2a: Hattrem|3
|
|-weather|Sandstorm|[upkeep]
|-damage|p2a: Hattrem|31/100|[from] Sandstorm
|-heal|p1a: Gigalith|91/100|[from] item: Leftovers
|upkeep
|turn|7
|
|t:|1660654958
|move|p2a: Hattrem|Rest|p2a: Hattrem
|-status|p2a: Hattrem|slp|[from] move: Rest
|-heal|p2a: Hattrem|100/100 slp|[silent]
|move|p1a: Gigalith|Rock Blast|p2a: Hattrem
|-damage|p2a: Hattrem|92/100 slp
|-damage|p2a: Hattrem|84/100 slp
|-hitcount|p2a: Hattrem|2
|
|-weather|Sandstorm|[upkeep]
|-damage|p2a: Hattrem|78/100 slp|[from] Sandstorm
|-heal|p1a: Gigalith|97/100|[from] item: Leftovers
|upkeep
|turn|8
|
|t:|1660654966
|switch|p2a: Rhydon|Rhydon, M|100/100
|move|p1a: Gigalith|Rock Blast|p2a: Rhydon
|-resisted|p2a: Rhydon
|-damage|p2a: Rhydon|98/100
|-resisted|p2a: Rhydon
|-damage|p2a: Rhydon|95/100
|-resisted|p2a: Rhydon
|-damage|p2a: Rhydon|92/100
|-resisted|p2a: Rhydon
|-damage|p2a: Rhydon|89/100
|-hitcount|p2a: Rhydon|4
|
|-weather|none
|-heal|p1a: Gigalith|100/100|[from] item: Leftovers
|upkeep
|turn|9
|
|t:|1660654972
|switch|p2a: Hattrem|Hattrem, F|78/100 slp
|switch|p1a: Claydol|Claydol|100/100
|
|upkeep
|turn|10
|
|t:|1660654993
|switch|p2a: Scyther|Scyther, F|49/100
|move|p1a: Claydol|Earth Power|p2a: Scyther
|-immune|p2a: Scyther
|
|upkeep
|turn|11
|
|t:|1660655000
|switch|p1a: Aromatisse|Aromatisse, M|100/100
|move|p2a: Scyther|U-turn|p1a: Aromatisse
|-resisted|p1a: Aromatisse
|-damage|p1a: Aromatisse|89/100
|j| PULT4C1 LW
|inactive|pult4c1 shane has 120 seconds left.
|j| PULT4C1 Inder
|inactive|pult4c1 shane has 90 seconds left.
|
|t:|1660655051
|switch|p2a: Rhydon|Rhydon, M|89/100|[from]move: U-turn
|
|-heal|p1a: Aromatisse|95/100|[from] item: Leftovers
|upkeep
|turn|12
|
|t:|1660655060
|move|p2a: Rhydon|Stealth Rock|p1a: Aromatisse
|-sidestart|p1: PULT4C1 chlo|move: Stealth Rock
|move|p1a: Aromatisse|Moonblast|p2a: Rhydon
|-damage|p2a: Rhydon|67/100
|-unboost|p2a: Rhydon|spa|1
|
|-heal|p1a: Aromatisse|100/100|[from] item: Leftovers
|upkeep
|turn|13
|
|t:|1660655070
|switch|p2a: Flareon|Flareon, M|100/100
|move|p1a: Aromatisse|Wish|p1a: Aromatisse
|
|upkeep
|turn|14
|c| PULT4C1 Inder|is flareon viable ?
|c| PULT4C1 Inder|What a fire mon
|c|☆PULT4C1 chlo|no
|c| PULT4C1 Inder|rip
|
|t:|1660655080
|switch|p1a: Gigalith|Gigalith, M|100/100
|-damage|p1a: Gigalith|88/100|[from] Stealth Rock
|-weather|Sandstorm|[from] ability: Sand Stream|[of] p1a: Gigalith
|move|p2a: Flareon|Wish|p2a: Flareon
|
|-weather|Sandstorm|[upkeep]
|-damage|p2a: Flareon|95/100|[from] Sandstorm
|-heal|p1a: Gigalith|100/100|[from] move: Wish|[wisher] Aromatisse
|-heal|p2a: Flareon|100/100|[from] item: Leftovers
|upkeep
|turn|15
|c| PULT4C1 Inder|wish
|c| PULT4C1 Inder|tf
|c|☆pult4c1 shane|don't listen to chloe flareon is heat
|inactive|pult4c1 shane has 90 seconds left.
|
|t:|1660655115
|switch|p2a: Hattrem|Hattrem, F|78/100 slp
|move|p1a: Gigalith|Rock Blast|p2a: Hattrem
|-damage|p2a: Hattrem|69/100 slp
|-damage|p2a: Hattrem|62/100 slp
|-damage|p2a: Hattrem|54/100 slp
|-damage|p2a: Hattrem|45/100 slp
|-damage|p2a: Hattrem|37/100 slp
|-hitcount|p2a: Hattrem|5
|
|-weather|Sandstorm|[upkeep]
|-damage|p2a: Hattrem|31/100 slp|[from] Sandstorm
|-heal|p2a: Hattrem|84/100 slp|[from] move: Wish|[wisher] Flareon
|upkeep
|turn|16
|c|☆PULT4C1 chlo|it is a wasted slot
|inactive|pult4c1 shane has 90 seconds left.
|c|☆pult4c1 shane|did you see flareon bring my hat back to life
|
|t:|1660655134
|cant|p2a: Hattrem|slp
|move|p2a: Hattrem|Sleep Talk|p2a: Hattrem
|move|p2a: Hattrem|Psychic|p1a: Gigalith|[from]move: Sleep Talk
|-damage|p1a: Gigalith|86/100
|-unboost|p1a: Gigalith|spd|1
|move|p1a: Gigalith|Earthquake|p2a: Hattrem
|-damage|p2a: Hattrem|63/100 slp
|
|-weather|Sandstorm|[upkeep]
|-damage|p2a: Hattrem|57/100 slp|[from] Sandstorm
|-heal|p1a: Gigalith|92/100|[from] item: Leftovers
|upkeep
|turn|17
|inactive|pult4c1 shane has 90 seconds left.
|
|t:|1660655140
|switch|p1a: Sableye|Sableye, M|44/100
|-damage|p1a: Sableye|32/100|[from] Stealth Rock
|cant|p2a: Hattrem|slp
|move|p2a: Hattrem|Sleep Talk|p2a: Hattrem
|move|p2a: Hattrem|Aromatherapy|p2a: Hattrem|[from]move: Sleep Talk
|-activate|p2a: Hattrem|move: Aromatherapy
|-curestatus|p2a: Hattrem|slp|[msg]
|
|-weather|Sandstorm|[upkeep]
|-damage|p1a: Sableye|25/100|[from] Sandstorm
|-damage|p2a: Hattrem|51/100|[from] Sandstorm
|upkeep
|turn|18
|c| PULT4C1 Inder|if flareon carry this game you should add him on PU Vr
|c|☆PULT4C1 chlo|no
|c| PULT4C1 Inder|imo
|inactive|pult4c1 shane has 90 seconds left.
|
|t:|1660655151
|switch|p2a: Jellicent|Jellicent, M|94/100
|move|p1a: Sableye|Recover|p1a: Sableye
|-heal|p1a: Sableye|75/100
|
|-weather|none
|upkeep
|turn|19
|c|☆pult4c1 shane|i agree w/ inder
|c|☆PULT4C1 chlo|Doublade: **Do Not Ban**
|
|t:|1660655179
|move|p1a: Sableye|Will-O-Wisp|p2a: Jellicent
|-status|p2a: Jellicent|brn
|move|p2a: Jellicent|Surf|p1a: Sableye
|-crit|p1a: Sableye
|-damage|p1a: Sableye|0 fnt
|faint|p1a: Sableye
|
|-damage|p2a: Jellicent|88/100 brn|[from] brn
|upkeep
|c|☆pult4c1 shane|if flareon wins a pupl game you should add it to the vr
|c|☆pult4c1 shane|oh wait...
|c|☆pult4c1 shane|it already did
|inactive|PULT4C1 chlo has 120 seconds left.
|
|t:|1660655191
|switch|p1a: Aromatisse|Aromatisse, M|100/100
|-damage|p1a: Aromatisse|88/100|[from] Stealth Rock
|turn|20
|c| PULT4C1 Inder|LOL
|c| PULT4C1 Inder|really ?
|c|☆pult4c1 shane|yea
|c|☆pult4c1 shane|this team
|c| PULT4C1 Inder|ok now I’m sure of my call
|
|t:|1660655207
|switch|p2a: Flareon|Flareon, M|100/100
|move|p1a: Aromatisse|Wish|p1a: Aromatisse
|
|-heal|p1a: Aromatisse|94/100|[from] item: Leftovers
|upkeep
|turn|21
|c| PULT4C1 Inder|ill play flareon on pupl
|
|t:|1660655214
|switch|p1a: Ferroseed|Ferroseed, M|53/100
|-damage|p1a: Ferroseed|47/100|[from] Stealth Rock
|move|p2a: Flareon|Wish|p2a: Flareon
|
|-heal|p1a: Ferroseed|100/100|[from] move: Wish|[wisher] Aromatisse
|upkeep
|turn|22
|inactive|pult4c1 shane has 90 seconds left.
|
|t:|1660655238
|switch|p2a: Rhydon|Rhydon, M|67/100
|switch|p1a: Gigalith|Gigalith, M|92/100
|-damage|p1a: Gigalith|80/100|[from] Stealth Rock
|-weather|Sandstorm|[from] ability: Sand Stream|[of] p1a: Gigalith
|
|-weather|Sandstorm|[upkeep]
|-heal|p2a: Rhydon|100/100|[from] move: Wish|[wisher] Flareon
|-heal|p1a: Gigalith|86/100|[from] item: Leftovers
|upkeep
|turn|23
|
|t:|1660655244
|switch|p2a: Hattrem|Hattrem, F|51/100
|switch|p1a: Claydol|Claydol|100/100
|-damage|p1a: Claydol|94/100|[from] Stealth Rock
|
|-weather|Sandstorm|[upkeep]
|-damage|p2a: Hattrem|45/100|[from] Sandstorm
|upkeep
|turn|24
|
|t:|1660655256
|switch|p1a: Ferroseed|Ferroseed, M|100/100
|-damage|p1a: Ferroseed|94/100|[from] Stealth Rock
|switch|p2a: Jellicent|Jellicent, M|88/100 brn
|
|-weather|Sandstorm|[upkeep]
|-damage|p2a: Jellicent|82/100 brn|[from] Sandstorm
|-damage|p2a: Jellicent|76/100 brn|[from] brn
|upkeep
|turn|25
|
|t:|1660655259
|switch|p2a: Hattrem|Hattrem, F|45/100
|move|p1a: Ferroseed|Knock Off|p2a: Hattrem
|-supereffective|p2a: Hattrem
|-damage|p2a: Hattrem|26/100
|-enditem|p2a: Hattrem|Eviolite|[from] move: Knock Off|[of] p1a: Ferroseed
|
|-weather|Sandstorm|[upkeep]
|-damage|p2a: Hattrem|20/100|[from] Sandstorm
|upkeep
|turn|26
|
|t:|1660655267
|switch|p1a: LMAO MY SOCKS|Weezing, F|100/100
|-damage|p1a: LMAO MY SOCKS|88/100|[from] Stealth Rock
|move|p2a: Hattrem|Rest|p2a: Hattrem
|-status|p2a: Hattrem|slp|[from] move: Rest
|-heal|p2a: Hattrem|100/100 slp|[silent]
|
|-weather|none
|upkeep
|turn|27
|j| QiYu5
|inactive|pult4c1 shane has 120 seconds left.
|
|t:|1660655278
|move|p1a: LMAO MY SOCKS|Sludge Bomb|p2a: Hattrem
|-damage|p2a: Hattrem|30/100 slp
|-damage|p1a: LMAO MY SOCKS|78/100|[from] item: Life Orb
|cant|p2a: Hattrem|slp
|move|p2a: Hattrem|Sleep Talk|p2a: Hattrem
|move|p2a: Hattrem|Aromatherapy|p2a: Hattrem|[from]move: Sleep Talk
|-activate|p2a: Hattrem|move: Aromatherapy
|-curestatus|p2a: Hattrem|slp|[msg]
|-curestatus|p2: Jellicent|brn|[msg]
|
|upkeep
|turn|28
|c|☆pult4c1 shane|chloe WTF
|inactive|pult4c1 shane has 120 seconds left.
|c|☆PULT4C1 chlo|:3
|
|t:|1660655294
|switch|p2a: Jellicent|Jellicent, M|76/100
|move|p1a: LMAO MY SOCKS|Toxic|p2a: Jellicent
|-status|p2a: Jellicent|tox
|
|-damage|p2a: Jellicent|70/100 tox|[from] psn
|upkeep
|turn|29
|inactive|pult4c1 shane has 120 seconds left.
|c|☆pult4c1 shane|i thought we were friends
|c|☆PULT4C1 chlo|LOL
|
|t:|1660655313
|switch|p1a: Ferroseed|Ferroseed, M|94/100
|-damage|p1a: Ferroseed|88/100|[from] Stealth Rock
|move|p2a: Jellicent|Shadow Ball|p1a: Ferroseed
|-damage|p1a: Ferroseed|43/100
|
|-damage|p2a: Jellicent|57/100 tox|[from] psn
|upkeep
|turn|30
|c|☆PULT4C1 chlo|its an lo weezing u should be grateful
|c|☆pult4c1 shane|true
|
|t:|1660655321
|switch|p1a: Gigalith|Gigalith, M|86/100
|-damage|p1a: Gigalith|74/100|[from] Stealth Rock
|-weather|Sandstorm|[from] ability: Sand Stream|[of] p1a: Gigalith
|move|p2a: Jellicent|Shadow Ball|p1a: Gigalith
|-damage|p1a: Gigalith|47/100
|
|-weather|Sandstorm|[upkeep]
|-damage|p2a: Jellicent|51/100 tox|[from] Sandstorm
|-heal|p1a: Gigalith|53/100|[from] item: Leftovers
|-damage|p2a: Jellicent|33/100 tox|[from] psn
|upkeep
|turn|31
|inactive|pult4c1 shane has 120 seconds left.
|
|t:|1660655328
|switch|p2a: Rhydon|Rhydon, M|100/100
|move|p1a: Gigalith|Stealth Rock|p2a: Rhydon
|-sidestart|p2: pult4c1 shane|move: Stealth Rock
|
|-weather|Sandstorm|[upkeep]
|-heal|p1a: Gigalith|60/100|[from] item: Leftovers
|upkeep
|turn|32
|inactive|pult4c1 shane has 120 seconds left.
|
|t:|1660655340
|switch|p2a: Silvally|Silvally-Fairy|100/100
|-damage|p2a: Silvally|88/100|[from] Stealth Rock
|switch|p1a: Claydol|Claydol|94/100
|-damage|p1a: Claydol|88/100|[from] Stealth Rock
|
|-weather|Sandstorm|[upkeep]
|-damage|p2a: Silvally|82/100|[from] Sandstorm
|upkeep
|turn|33
|
|t:|1660655345
|move|p2a: Silvally|Defog|p1a: Claydol
|-unboost|p1a: Claydol|evasion|1
|-sideend|p1: PULT4C1 chlo|Stealth Rock|[from] move: Defog|[of] p2a: Silvally
|-sideend|p2: pult4c1 shane|Stealth Rock|[from] move: Defog|[of] p2a: Silvally
|move|p1a: Claydol|Rapid Spin|p2a: Silvally
|-damage|p2a: Silvally|77/100
|-boost|p1a: Claydol|spe|1
|
|-weather|Sandstorm|[upkeep]
|-damage|p2a: Silvally|71/100|[from] Sandstorm
|upkeep
|turn|34
|
|t:|1660655354
|move|p1a: Claydol|Toxic|p2a: Silvally
|-status|p2a: Silvally|tox
|move|p2a: Silvally|Multi-Attack|p1a: Claydol
|-damage|p1a: Claydol|45/100
|
|-weather|none
|-damage|p2a: Silvally|65/100 tox|[from] psn
|upkeep
|turn|35
|
|t:|1660655371
|switch|p1a: LMAO MY SOCKS|Weezing, F|78/100
|switch|p2a: Flareon|Flareon, M|100/100
|
|upkeep
|turn|36
|
|t:|1660655379
|move|p1a: LMAO MY SOCKS|Sludge Bomb|p2a: Flareon
|-damage|p2a: Flareon|68/100
|-status|p2a: Flareon|psn
|-damage|p1a: LMAO MY SOCKS|68/100|[from] item: Life Orb
|move|p2a: Flareon|Wish|p2a: Flareon
|
|-heal|p2a: Flareon|74/100 psn|[from] item: Leftovers
|-damage|p2a: Flareon|61/100 psn|[from] psn
|upkeep
|turn|37
|
|t:|1660655387
|move|p1a: LMAO MY SOCKS|Sludge Bomb|p2a: Flareon
|-damage|p2a: Flareon|28/100 psn
|-damage|p1a: LMAO MY SOCKS|58/100|[from] item: Life Orb
|move|p2a: Flareon|Heal Bell|p2a: Flareon
|-activate|p2a: Flareon|move: Heal Bell
|-curestatus|p2a: Flareon|psn|[msg]
|-curestatus|p2: Jellicent|tox|[msg]
|-curestatus|p2: Silvally|tox|[msg]
|
|-heal|p2a: Flareon|78/100|[from] move: Wish|[wisher] Flareon
|-heal|p2a: Flareon|84/100|[from] item: Leftovers
|upkeep
|turn|38
|c|☆pult4c1 shane|slayeon
|
|t:|1660655400
|move|p1a: LMAO MY SOCKS|Pain Split|p2a: Flareon
|-sethp|p2a: Flareon|66/100|[from] move: Pain Split|[silent]
|-sethp|p1a: LMAO MY SOCKS|81/100|[from] move: Pain Split
|move|p2a: Flareon|Wish|p2a: Flareon
|
|-heal|p2a: Flareon|72/100|[from] item: Leftovers
|upkeep
|turn|39
|c| PULT4C1 Inder|oml walled
|
|t:|1660655412
|move|p1a: LMAO MY SOCKS|Sludge Bomb|p2a: Flareon
|-damage|p2a: Flareon|34/100
|-damage|p1a: LMAO MY SOCKS|71/100|[from] item: Life Orb
|move|p2a: Flareon|Flare Blitz|p1a: LMAO MY SOCKS
|-damage|p1a: LMAO MY SOCKS|19/100
|-damage|p2a: Flareon|20/100|[from] Recoil
|
|-heal|p2a: Flareon|70/100|[from] move: Wish|[wisher] Flareon
|-heal|p2a: Flareon|76/100|[from] item: Leftovers
|upkeep
|turn|40
|c| PULT4C1 Inder|are u sure this shit is lo ? it does 0
|c| PULT4C1 Inder|im so disappointed
|c|☆PULT4C1 chlo|its a weezing
|c|☆PULT4C1 chlo|:c
|
|t:|1660655428
|switch|p2a: Jellicent|Jellicent, M|33/100
|move|p1a: LMAO MY SOCKS|Pain Split|p2a: Jellicent
|-sethp|p2a: Jellicent|24/100|[from] move: Pain Split|[silent]
|-sethp|p1a: LMAO MY SOCKS|30/100|[from] move: Pain Split
|
|upkeep
|turn|41
|c|☆PULT4C1 chlo|watch this
|
|t:|1660655433
|move|p1a: LMAO MY SOCKS|Sludge Bomb|p2a: Jellicent
|-resisted|p2a: Jellicent
|-damage|p2a: Jellicent|0 fnt
|faint|p2a: Jellicent
|-damage|p1a: LMAO MY SOCKS|20/100|[from] item: Life Orb
|
|upkeep
|c|☆pult4c1 shane|ig timid makes sense
|c|☆pult4c1 shane|or did you just win the tie?
|inactive|pult4c1 shane has 120 seconds left.
|l| QiYu5
|
|t:|1660655462
|switch|p2a: Scyther|Scyther, F|49/100
|turn|42
|c|☆PULT4C1 chlo|its modest i was just confident i would win the tie
|inactive|pult4c1 shane has 120 seconds left.
|c|☆pult4c1 shane|ok i'm back to hating u again >:(
|
|t:|1660655475
|switch|p1a: Aromatisse|Aromatisse, M|94/100
|move|p2a: Scyther|Knock Off|p1a: Aromatisse
|-resisted|p1a: Aromatisse
|-damage|p1a: Aromatisse|82/100
|-enditem|p1a: Aromatisse|Leftovers|[from] move: Knock Off|[of] p2a: Scyther
|
|upkeep
|turn|43
|c|☆PULT4C1 chlo|:3
|inactive|pult4c1 shane has 120 seconds left.
|
|t:|1660655490
|move|p2a: Scyther|Dual Wingbeat|p1a: Aromatisse
|-damage|p1a: Aromatisse|61/100
|-damage|p1a: Aromatisse|39/100
|-hitcount|p1a: Aromatisse|2
|move|p1a: Aromatisse|Wish|p1a: Aromatisse
|
|upkeep
|turn|44
|j| Mercedes 450 SLC
|
|t:|1660655502
|switch|p1a: Ferroseed|Ferroseed, M|43/100
|move|p2a: Scyther|Roost|p2a: Scyther
|-heal|p2a: Scyther|99/100
|-singleturn|p2a: Scyther|move: Roost
|
|-heal|p1a: Ferroseed|100/100|[from] move: Wish|[wisher] Aromatisse
|upkeep
|turn|45
|
|t:|1660655512
|switch|p1a: Aromatisse|Aromatisse, M|39/100
|move|p2a: Scyther|Knock Off|p1a: Aromatisse
|-resisted|p1a: Aromatisse
|-damage|p1a: Aromatisse|31/100
|
|upkeep
|turn|46
|
|t:|1660655519
|switch|p1a: Gigalith|Gigalith, M|60/100
|-weather|Sandstorm|[from] ability: Sand Stream|[of] p1a: Gigalith
|move|p2a: Scyther|Knock Off|p1a: Gigalith
|-damage|p1a: Gigalith|37/100
|-enditem|p1a: Gigalith|Leftovers|[from] move: Knock Off|[of] p2a: Scyther
|
|-weather|Sandstorm|[upkeep]
|-damage|p2a: Scyther|93/100|[from] Sandstorm
|upkeep
|turn|47
|j| phegba
|
|t:|1660655526
|move|p1a: Gigalith|Protect|p1a: Gigalith
|-singleturn|p1a: Gigalith|Protect
|move|p2a: Scyther|U-turn|p1a: Gigalith
|-activate|p1a: Gigalith|move: Protect
|
|-weather|Sandstorm|[upkeep]
|-damage|p2a: Scyther|87/100|[from] Sandstorm
|upkeep
|turn|48
|
|t:|1660655541
|move|p2a: Scyther|Knock Off|p1a: Gigalith
|-damage|p1a: Gigalith|23/100
|move|p1a: Gigalith|Stealth Rock|p2a: Scyther
|-sidestart|p2: pult4c1 shane|move: Stealth Rock
|
|-weather|Sandstorm|[upkeep]
|-damage|p2a: Scyther|81/100|[from] Sandstorm
|upkeep
|turn|49
|
|t:|1660655549
|switch|p1a: Aromatisse|Aromatisse, M|31/100
|move|p2a: Scyther|U-turn|p1a: Aromatisse
|-resisted|p1a: Aromatisse
|-damage|p1a: Aromatisse|18/100
|j| QiYu5
|
|t:|1660655573
|switch|p2a: Rhydon|Rhydon, M|100/100|[from]move: U-turn
|-damage|p2a: Rhydon|94/100|[from] Stealth Rock
|
|-weather|Sandstorm|[upkeep]
|-damage|p1a: Aromatisse|12/100|[from] Sandstorm
|upkeep
|turn|50
|
|t:|1660655580
|switch|p1a: Claydol|Claydol|45/100
|move|p2a: Rhydon|Rock Blast|p1a: Claydol
|-resisted|p1a: Claydol
|-damage|p1a: Claydol|39/100
|-resisted|p1a: Claydol
|-damage|p1a: Claydol|34/100
|-hitcount|p1a: Claydol|2
|
|-weather|none
|upkeep
|turn|51
|
|t:|1660655588
|switch|p2a: Silvally|Silvally-Fairy|65/100
|-damage|p2a: Silvally|53/100|[from] Stealth Rock
|move|p1a: Claydol|Earth Power|p2a: Silvally
|-damage|p2a: Silvally|24/100
|
|upkeep
|turn|52
|
|t:|1660655593
|switch|p1a: Ferroseed|Ferroseed, M|100/100
|move|p2a: Silvally|Defog|p1a: Ferroseed
|-unboost|p1a: Ferroseed|evasion|1
|-sideend|p2: pult4c1 shane|Stealth Rock|[from] move: Defog|[of] p2a: Silvally
|
|upkeep
|turn|53
|
|t:|1660655600
|switch|p1a: Gigalith|Gigalith, M|23/100
|-weather|Sandstorm|[from] ability: Sand Stream|[of] p1a: Gigalith
|move|p2a: Silvally|Rest|p2a: Silvally
|-status|p2a: Silvally|slp|[from] move: Rest
|-heal|p2a: Silvally|100/100 slp|[silent]
|
|-weather|Sandstorm|[upkeep]
|-damage|p2a: Silvally|94/100 slp|[from] Sandstorm
|upkeep
|turn|54
|
|t:|1660655606
|switch|p2a: Hattrem|Hattrem, F|30/100
|move|p1a: Gigalith|Stealth Rock|p2a: Hattrem
|move|p2a: Hattrem|Stealth Rock|p1a: Gigalith|[from]ability: Magic Bounce
|-sidestart|p1: PULT4C1 chlo|move: Stealth Rock
|
|-weather|Sandstorm|[upkeep]
|-damage|p2a: Hattrem|24/100|[from] Sandstorm
|upkeep
|turn|55
|
|t:|1660655620
|move|p2a: Hattrem|Psychic|p1a: Gigalith
|-damage|p1a: Gigalith|9/100
|move|p1a: Gigalith|Rock Blast|p2a: Hattrem
|-damage|p2a: Hattrem|12/100
|-damage|p2a: Hattrem|0 fnt
|faint|p2a: Hattrem
|-hitcount|p2: Hattrem|2
|
|-weather|Sandstorm|[upkeep]
|upkeep
|
|t:|1660655631
|switch|p2a: Flareon|Flareon, M|76/100
|turn|56
|
|t:|1660655637
|move|p1a: Gigalith|Protect|p1a: Gigalith
|-singleturn|p1a: Gigalith|Protect
|move|p2a: Flareon|Flare Blitz|p1a: Gigalith
|-activate|p1a: Gigalith|move: Protect
|
|-weather|Sandstorm|[upkeep]
|-damage|p2a: Flareon|70/100|[from] Sandstorm
|-heal|p2a: Flareon|76/100|[from] item: Leftovers
|upkeep
|turn|57
|
|t:|1660655641
|move|p2a: Flareon|Flare Blitz|p1a: Gigalith
|-resisted|p1a: Gigalith
|-damage|p1a: Gigalith|0 fnt
|faint|p1a: Gigalith
|-damage|p2a: Flareon|73/100|[from] Recoil
|
|-weather|none
|-heal|p2a: Flareon|79/100|[from] item: Leftovers
|upkeep
|
|t:|1660655644
|switch|p1a: LMAO MY SOCKS|Weezing, F|20/100
|-damage|p1a: LMAO MY SOCKS|8/100|[from] Stealth Rock
|turn|58
|c|☆pult4c1 shane|i think this is going to be a 5 kill flareon game
|l| PULT4C1 Inder
|
|t:|1660655656
|move|p2a: Flareon|Protect|p2a: Flareon
|-singleturn|p2a: Flareon|Protect
|move|p1a: LMAO MY SOCKS|Pain Split|p2a: Flareon
|-activate|p2a: Flareon|move: Protect
|
|-heal|p2a: Flareon|85/100|[from] item: Leftovers
|upkeep
|turn|59
|
|t:|1660655686
|switch|p2a: Scyther|Scyther, F|81/100
|move|p1a: LMAO MY SOCKS|Pain Split|p2a: Scyther
|-sethp|p2a: Scyther|44/100|[from] move: Pain Split|[silent]
|-sethp|p1a: LMAO MY SOCKS|46/100|[from] move: Pain Split
|
|upkeep
|turn|60
|c|☆PULT4C1 chlo|nom nom nom nom delicioso
|
|t:|1660655693
|switch|p1a: Ferroseed|Ferroseed, M|100/100
|-damage|p1a: Ferroseed|94/100|[from] Stealth Rock
|move|p2a: Scyther|Dual Wingbeat|p1a: Ferroseed
|-damage|p1a: Ferroseed|77/100
|-damage|p2a: Scyther|32/100|[from] ability: Iron Barbs|[of] p1a: Ferroseed
|-damage|p1a: Ferroseed|60/100
|-damage|p2a: Scyther|19/100|[from] ability: Iron Barbs|[of] p1a: Ferroseed
|-hitcount|p1a: Ferroseed|2
|
|upkeep
|turn|61
|c|☆pult4c1 shane|lol u really had that saved
|
|t:|1660655713
|move|p2a: Scyther|Knock Off|p1a: Ferroseed
|-damage|p1a: Ferroseed|43/100
|-damage|p2a: Scyther|7/100|[from] ability: Iron Barbs|[of] p1a: Ferroseed
|-enditem|p1a: Ferroseed|Eviolite|[from] move: Knock Off|[of] p2a: Scyther
|move|p1a: Ferroseed|Leech Seed|p2a: Scyther
|-start|p2a: Scyther|move: Leech Seed
|
|-damage|p2a: Scyther|0 fnt|[from] Leech Seed|[of] p1a: Ferroseed
|-heal|p1a: Ferroseed|49/100|[silent]
|faint|p2a: Scyther
|upkeep
|
|t:|1660655719
|switch|p2a: Flareon|Flareon, M|85/100
|turn|62
|
|t:|1660655724
|switch|p1a: Aromatisse|Aromatisse, M|12/100
|-damage|p1a: Aromatisse|0 fnt|[from] Stealth Rock
|faint|p1a: Aromatisse
|move|p2a: Flareon|Flare Blitz|p1: Aromatisse|[notarget]
|-fail|p2a: Flareon
|
|-heal|p2a: Flareon|91/100|[from] item: Leftovers
|upkeep
|
|t:|1660655729
|switch|p1a: Claydol|Claydol|34/100
|-damage|p1a: Claydol|27/100|[from] Stealth Rock
|turn|63
|
|t:|1660655733
|move|p1a: Claydol|Earth Power|p2a: Flareon
|-supereffective|p2a: Flareon
|-damage|p2a: Flareon|41/100
|move|p2a: Flareon|Flare Blitz|p1a: Claydol
|-damage|p1a: Claydol|0 fnt
|faint|p1a: Claydol
|-damage|p2a: Flareon|32/100|[from] Recoil
|
|-heal|p2a: Flareon|38/100|[from] item: Leftovers
|upkeep
|
|t:|1660655738
|switch|p1a: LMAO MY SOCKS|Weezing, F|46/100
|-damage|p1a: LMAO MY SOCKS|34/100|[from] Stealth Rock
|turn|64
|l| QiYu5
|j| QiYu5
|
|t:|1660655746
|move|p1a: LMAO MY SOCKS|Sludge Bomb|p2a: Flareon
|-damage|p2a: Flareon|4/100
|-damage|p1a: LMAO MY SOCKS|24/100|[from] item: Life Orb
|move|p2a: Flareon|Flare Blitz|p1a: LMAO MY SOCKS
|-damage|p1a: LMAO MY SOCKS|0 fnt
|faint|p1a: LMAO MY SOCKS
|-damage|p2a: Flareon|0 fnt|[from] Recoil
|faint|p2a: Flareon
|
|upkeep
|
|t:|1660655754
|switch|p1a: Ferroseed|Ferroseed, M|49/100
|switch|p2a: Silvally|Silvally-Fairy|94/100 slp
|-damage|p1a: Ferroseed|43/100|[from] Stealth Rock
|turn|65
|
|t:|1660655757
|cant|p2a: Silvally|slp
|move|p1a: Ferroseed|Leech Seed|p2a: Silvally
|-start|p2a: Silvally|move: Leech Seed
|
|-damage|p2a: Silvally|82/100 slp|[from] Leech Seed|[of] p1a: Ferroseed
|-heal|p1a: Ferroseed|60/100|[silent]
|upkeep
|turn|66
|
|t:|1660655763
|cant|p2a: Silvally|slp
|move|p1a: Ferroseed|Spikes|p2a: Silvally
|-sidestart|p2: pult4c1 shane|Spikes
|
|-damage|p2a: Silvally|70/100 slp|[from] Leech Seed|[of] p1a: Ferroseed
|-heal|p1a: Ferroseed|77/100|[silent]
|upkeep
|turn|67
|
|t:|1660655768
|-curestatus|p2a: Silvally|slp|[msg]
|move|p2a: Silvally|Flamethrower|p1a: Ferroseed
|-supereffective|p1a: Ferroseed
|-damage|p1a: Ferroseed|0 fnt
|faint|p1a: Ferroseed
|
|win|pult4c1 shane
|raw|PULT4C1 chlo's rating: 1453 &rarr; <strong>1432</strong><br />(-21 for losing)
|raw|pult4c1 shane's rating: 1428 &rarr; <strong>1449</strong><br />(+21 for winning)
|c|☆PULT4C1 chlo|gg
|c|☆pult4c1 shane|gg
|l| Haffling
|l|☆PULT4C1 chlo
|l| Mercedes 450 SLC
|l| QiYu5
||Ladder isn't responding, score probably updated but might not have (Request timeout).
