|j|☆breadspace
|j|☆kingqueso141
|t:|1668128144
|gametype|singles
|player|p1|breadspace|169|1376
|player|p2|kingqueso141|rosa|1468
|teamsize|p1|6
|teamsize|p2|6
|gen|8
|tier|[Gen 8] PU
|rated|
|rule|Sleep Clause Mod: Limit one foe put to sleep
|rule|Species Clause: Limit one of each Pokémon
|rule|OHKO Clause: OHKO moves are banned
|rule|Evasion Items Clause: Evasion items are banned
|rule|Evasion Moves Clause: Evasion moves are banned
|rule|Endless Battle Clause: Forcing endless battles is banned
|rule|HP Percentage Mod: HP is shown in percentages
|rule|Dynamax Clause: You cannot dynamax
|clearpoke
|poke|p1|Audino, F|
|poke|p1|Sandaconda, M|
|poke|p1|Whimsicott, M|
|poke|p1|Quagsire, M|
|poke|p1|Sableye, F|
|poke|p1|Eldegoss, M|
|poke|p2|Wishiwashi, F|
|poke|p2|Togedemaru, F|
|poke|p2|Whimsicott, F|
|poke|p2|Charizard, M|
|poke|p2|Gallade, M|
|poke|p2|Doublade, F|
|teampreview
|
|t:|1668128161
|start
|switch|p1a: Sandaconda|Sandaconda, M|100/100
|switch|p2a: Whimsicott|Whimsicott, F|100/100
|turn|1
|
|t:|1668128179
|switch|p1a: Audino|Audino, F|100/100
|move|p2a: Whimsicott|U-turn|p1a: Audino
|-damage|p1a: Audino|91/100
|
|t:|1668128189
|switch|p2a: Gallade|Gallade, M|100/100|[from]move: U-turn
|
|upkeep
|turn|2
|
|t:|1668128220
|switch|p1a: Sableye|Sableye, F|100/100
|move|p2a: Gallade|Knock Off|p1a: Sableye
|-damage|p1a: Sableye|53/100
|-enditem|p1a: Sableye|Leftovers|[from] move: Knock Off|[of] p2a: Gallade
|
|upkeep
|turn|3
|
|t:|1668128226
|switch|p2a: Charizard|Charizard, M|100/100
|move|p1a: Sableye|Will-O-Wisp|p2a: Charizard
|-immune|p2a: Charizard
|
|upkeep
|turn|4
|
|t:|1668128230
|switch|p1a: Quagsire|Quagsire, M|100/100
|move|p2a: Charizard|Hurricane|p1a: Quagsire
|-damage|p1a: Quagsire|36/100
|-start|p1a: Quagsire|confusion
|
|-heal|p1a: Quagsire|42/100|[from] item: Leftovers
|upkeep
|turn|5
|
|t:|1668128237
|switch|p1a: Audino|Audino, F|100/100
|move|p2a: Charizard|Hurricane|p1a: Audino|[miss]
|-miss|p2a: Charizard|p1a: Audino
|
|upkeep
|turn|6
|j| GaetaninoFresh
|
|t:|1668128246
|switch|p2a: Gallade|Gallade, M|100/100
|move|p1a: Audino|Toxic|p2a: Gallade
|-status|p2a: Gallade|tox
|
|-damage|p2a: Gallade|94/100 tox|[from] psn
|upkeep
|turn|7
|
|t:|1668128256
|switch|p1a: Sandaconda|Sandaconda, M|100/100
|move|p2a: Gallade|Knock Off|p1a: Sandaconda
|-damage|p1a: Sandaconda|69/100
|-enditem|p1a: Sandaconda|Leftovers|[from] move: Knock Off|[of] p2a: Gallade
|
|-damage|p2a: Gallade|82/100 tox|[from] psn
|upkeep
|turn|8
|
|t:|1668128264
|switch|p2a: Wishiwashi|Wishiwashi, F|100/100
|-formechange|p2a: Wishiwashi|Wishiwashi-School||[from] ability: Schooling
|move|p1a: Sandaconda|Rest|p1a: Sandaconda
|-status|p1a: Sandaconda|slp|[from] move: Rest
|-heal|p1a: Sandaconda|100/100 slp|[silent]
|
|upkeep
|turn|9
|
|t:|1668128272
|switch|p1a: Audino|Audino, F|100/100
|move|p2a: Wishiwashi|Scald|p1a: Audino
|-damage|p1a: Audino|77/100
|
|upkeep
|turn|10
|
|t:|1668128278
|switch|p2a: Doublade|Doublade, F|100/100
|move|p1a: Audino|Wish|p1a: Audino
|
|upkeep
|turn|11
|
|t:|1668128283
|switch|p1a: Sableye|Sableye, F|53/100
|switch|p2a: Whimsicott|Whimsicott, F|100/100
|
|-heal|p1a: Sableye|100/100|[from] move: Wish|[wisher] Audino
|upkeep
|turn|12
|
|t:|1668128289
|switch|p1a: Audino|Audino, F|100/100
|move|p2a: Whimsicott|Moonblast|p1a: Audino
|-damage|p1a: Audino|69/100
|
|upkeep
|turn|13
|
|t:|1668128296
|switch|p2a: Togedemaru|Togedemaru, F|100/100
|move|p1a: Audino|Wish|p1a: Audino
|
|upkeep
|turn|14
|
|t:|1668128300
|switch|p1a: Quagsire|Quagsire, M|42/100
|move|p2a: Togedemaru|U-turn|p1a: Quagsire
|-damage|p1a: Quagsire|31/100
|
|t:|1668128304
|switch|p2a: Whimsicott|Whimsicott, F|100/100|[from]move: U-turn
|
|-heal|p1a: Quagsire|83/100|[from] move: Wish|[wisher] Audino
|-heal|p1a: Quagsire|90/100|[from] item: Leftovers
|upkeep
|turn|15
|
|t:|1668128309
|switch|p1a: Eldegoss|Eldegoss, M|100/100
|move|p2a: Whimsicott|Moonblast|p1a: Eldegoss
|-damage|p1a: Eldegoss|52/100
|-unboost|p1a: Eldegoss|spa|1
|
|upkeep
|turn|16
|l| GaetaninoFresh
|
|t:|1668128325
|move|p2a: Whimsicott|Moonblast|p1a: Eldegoss
|-damage|p1a: Eldegoss|8/100
|-unboost|p1a: Eldegoss|spa|1
|move|p1a: Eldegoss|Aromatherapy|p1a: Eldegoss
|-activate|p1a: Eldegoss|move: Aromatherapy
|-curestatus|p1: Sandaconda|slp|[msg]
|
|upkeep
|turn|17
|
|t:|1668128331
|switch|p1a: Audino|Audino, F|100/100
|move|p2a: Whimsicott|Moonblast|p1a: Audino
|-damage|p1a: Audino|65/100
|
|upkeep
|turn|18
|
|t:|1668128354
|switch|p2a: Togedemaru|Togedemaru, F|100/100
|move|p1a: Audino|Wish|p1a: Audino
|
|upkeep
|turn|19
|
|t:|1668128361
|switch|p1a: Eldegoss|Eldegoss, M|41/100
|move|p2a: Togedemaru|Wish|p2a: Togedemaru
|
|-heal|p1a: Eldegoss|100/100|[from] move: Wish|[wisher] Audino
|upkeep
|turn|20
|
|t:|1668128372
|switch|p1a: Sandaconda|Sandaconda, M|100/100
|move|p2a: Togedemaru|U-turn|p1a: Sandaconda
|-damage|p1a: Sandaconda|87/100
|
|t:|1668128375
|switch|p2a: Wishiwashi|Wishiwashi, F|100/100|[from]move: U-turn
|-formechange|p2a: Wishiwashi|Wishiwashi-School||[from] ability: Schooling
|
|upkeep
|turn|21
|
|t:|1668128381
|switch|p1a: Eldegoss|Eldegoss, M|100/100
|move|p2a: Wishiwashi|Scald|p1a: Eldegoss
|-resisted|p1a: Eldegoss
|-damage|p1a: Eldegoss|84/100
|
|upkeep
|turn|22
|
|t:|1668128388
|switch|p1a: Audino|Audino, F|98/100
|move|p2a: Wishiwashi|Protect||[still]
|-fail|p2a: Wishiwashi
|
|upkeep
|turn|23
|
|t:|1668128392
|switch|p2a: Doublade|Doublade, F|100/100
|move|p1a: Audino|Toxic|p2a: Doublade
|-immune|p2a: Doublade
|
|upkeep
|turn|24
|
|t:|1668128396
|switch|p1a: Sableye|Sableye, F|100/100
|move|p2a: Doublade|Close Combat|p1a: Sableye
|-immune|p1a: Sableye
|
|upkeep
|turn|25
|
|t:|1668128401
|switch|p2a: Charizard|Charizard, M|100/100
|move|p1a: Sableye|Knock Off|p2a: Charizard
|-damage|p2a: Charizard|64/100
|-enditem|p2a: Charizard|Heavy-Duty Boots|[from] move: Knock Off|[of] p1a: Sableye
|
|upkeep
|turn|26
|
|t:|1668128406
|switch|p1a: Audino|Audino, F|100/100
|move|p2a: Charizard|Hurricane|p1a: Audino
|-damage|p1a: Audino|65/100
|
|upkeep
|turn|27
|
|t:|1668128453
|switch|p2a: Togedemaru|Togedemaru, F|100/100
|move|p1a: Audino|Toxic|p2a: Togedemaru
|-immune|p2a: Togedemaru
|
|upkeep
|turn|28
|
|t:|1668128459
|switch|p1a: Sandaconda|Sandaconda, M|87/100
|move|p2a: Togedemaru|Wish|p2a: Togedemaru
|
|upkeep
|turn|29
|
|t:|1668128463
|switch|p2a: Whimsicott|Whimsicott, F|100/100
|move|p1a: Sandaconda|Stealth Rock|p2a: Whimsicott
|-sidestart|p2: kingqueso141|move: Stealth Rock
|
|upkeep
|turn|30
|
|t:|1668128477
|move|p2a: Whimsicott|Moonblast|p1a: Sandaconda
|-damage|p1a: Sandaconda|21/100
|move|p1a: Sandaconda|Rest|p1a: Sandaconda
|-status|p1a: Sandaconda|slp|[from] move: Rest
|-heal|p1a: Sandaconda|100/100 slp|[silent]
|
|upkeep
|turn|31
|
|t:|1668128498
|switch|p1a: Eldegoss|Eldegoss, M|100/100
|move|p2a: Whimsicott|Moonblast|p1a: Eldegoss
|-damage|p1a: Eldegoss|51/100
|
|upkeep
|turn|32
|
|t:|1668128507
|move|p2a: Whimsicott|Moonblast|p1a: Eldegoss
|-damage|p1a: Eldegoss|7/100
|move|p1a: Eldegoss|Giga Drain|p2a: Whimsicott
|-resisted|p2a: Whimsicott
|-damage|p2a: Whimsicott|77/100
|-heal|p1a: Eldegoss|17/100|[from] drain|[of] p2a: Whimsicott
|
|upkeep
|turn|33
|
|t:|1668128514
|switch|p1a: Audino|Audino, F|98/100
|move|p2a: Whimsicott|Moonblast|p1a: Audino
|-damage|p1a: Audino|63/100
|
|upkeep
|turn|34
|
|t:|1668128522
|switch|p2a: Togedemaru|Togedemaru, F|100/100
|move|p1a: Audino|Knock Off|p2a: Togedemaru
|-damage|p2a: Togedemaru|79/100
|-damage|p1a: Audino|51/100|[from] ability: Iron Barbs|[of] p2a: Togedemaru
|-enditem|p2a: Togedemaru|Heavy-Duty Boots|[from] move: Knock Off|[of] p1a: Audino
|
|upkeep
|turn|35
|
|t:|1668128531
|switch|p1a: Eldegoss|Eldegoss, M|50/100
|move|p2a: Togedemaru|Wish|p2a: Togedemaru
|
|upkeep
|turn|36
|
|t:|1668128534
|move|p2a: Togedemaru|U-turn|p1a: Eldegoss
|-supereffective|p1a: Eldegoss
|-damage|p1a: Eldegoss|12/100
|
|t:|1668128550
|switch|p2a: Charizard|Charizard, M|64/100|[from]move: U-turn
|-damage|p2a: Charizard|14/100|[from] Stealth Rock
|move|p1a: Eldegoss|Aromatherapy|p1a: Eldegoss
|-activate|p1a: Eldegoss|move: Aromatherapy
|-curestatus|p1: Sandaconda|slp|[msg]
|
|-heal|p2a: Charizard|71/100|[from] move: Wish|[wisher] Togedemaru
|upkeep
|turn|37
|
|t:|1668128559
|switch|p1a: Audino|Audino, F|84/100
|move|p2a: Charizard|Defog|p1a: Audino
|-unboost|p1a: Audino|evasion|1
|-sideend|p2: kingqueso141|Stealth Rock|[from] move: Defog|[of] p2a: Charizard
|
|upkeep
|turn|38
|
|t:|1668128564
|switch|p2a: Togedemaru|Togedemaru, F|79/100
|move|p1a: Audino|Wish|p1a: Audino
|
|upkeep
|turn|39
|
|t:|1668128571
|switch|p1a: Sandaconda|Sandaconda, M|100/100
|move|p2a: Togedemaru|U-turn|p1a: Sandaconda
|-damage|p1a: Sandaconda|87/100
|
|t:|1668128573
|switch|p2a: Wishiwashi|Wishiwashi, F|100/100|[from]move: U-turn
|-formechange|p2a: Wishiwashi|Wishiwashi-School||[from] ability: Schooling
|
|-heal|p1a: Sandaconda|100/100|[from] move: Wish|[wisher] Audino
|upkeep
|turn|40
|
|t:|1668128577
|switch|p1a: Eldegoss|Eldegoss, M|46/100
|move|p2a: Wishiwashi|Scald|p1a: Eldegoss
|-resisted|p1a: Eldegoss
|-damage|p1a: Eldegoss|29/100
|
|upkeep
|turn|41
|
|t:|1668128581
|move|p1a: Eldegoss|Synthesis|p1a: Eldegoss
|-heal|p1a: Eldegoss|79/100
|move|p2a: Wishiwashi|U-turn|p1a: Eldegoss
|-supereffective|p1a: Eldegoss
|-damage|p1a: Eldegoss|35/100
|
|t:|1668128585
|switch|p2a: Charizard|Charizard, M|71/100|[from]move: U-turn
|
|upkeep
|turn|42
|
|t:|1668128587
|switch|p1a: Quagsire|Quagsire, M|90/100
|move|p2a: Charizard|Hurricane|p1a: Quagsire
|-damage|p1a: Quagsire|26/100
|-start|p1a: Quagsire|confusion
|
|-heal|p1a: Quagsire|32/100|[from] item: Leftovers
|upkeep
|turn|43
|
|t:|1668128596
|switch|p1a: Audino|Audino, F|100/100
|move|p2a: Charizard|Hurricane|p1a: Audino
|-damage|p1a: Audino|69/100
|
|upkeep
|turn|44
|
|t:|1668128604
|switch|p2a: Doublade|Doublade, F|100/100
|move|p1a: Audino|Wish|p1a: Audino
|
|upkeep
|turn|45
|
|t:|1668128610
|switch|p1a: Sandaconda|Sandaconda, M|100/100
|switch|p2a: Whimsicott|Whimsicott, F|77/100
|
|upkeep
|turn|46
|
|t:|1668128612
|switch|p1a: Audino|Audino, F|100/100
|move|p2a: Whimsicott|Energy Ball|p1a: Audino
|-damage|p1a: Audino|66/100
|
|upkeep
|turn|47
|
|t:|1668128617
|switch|p2a: Doublade|Doublade, F|100/100
|move|p1a: Audino|Knock Off|p2a: Doublade
|-supereffective|p2a: Doublade
|-damage|p2a: Doublade|85/100
|-enditem|p2a: Doublade|Eviolite|[from] move: Knock Off|[of] p1a: Audino
|
|upkeep
|turn|48
|
|t:|1668128631
|switch|p1a: Sandaconda|Sandaconda, M|100/100
|move|p2a: Doublade|Close Combat|p1a: Sandaconda
|-damage|p1a: Sandaconda|66/100
|-unboost|p2a: Doublade|def|1
|-unboost|p2a: Doublade|spd|1
|
|upkeep
|turn|49
|
|t:|1668128637
|switch|p2a: Wishiwashi|Wishiwashi, F|100/100
|-formechange|p2a: Wishiwashi|Wishiwashi-School||[from] ability: Schooling
|move|p1a: Sandaconda|Stealth Rock|p2a: Wishiwashi
|-sidestart|p2: kingqueso141|move: Stealth Rock
|
|upkeep
|turn|50
|
|t:|1668128641
|switch|p1a: Audino|Audino, F|99/100
|move|p2a: Wishiwashi|Toxic|p1a: Audino
|-status|p1a: Audino|tox
|
|-damage|p1a: Audino|93/100 tox|[from] psn
|upkeep
|turn|51
|
|t:|1668128645
|move|p2a: Wishiwashi|Protect|p2a: Wishiwashi
|-singleturn|p2a: Wishiwashi|Protect
|move|p1a: Audino|Toxic|p2a: Wishiwashi
|-activate|p2a: Wishiwashi|move: Protect
|
|-damage|p1a: Audino|81/100 tox|[from] psn
|upkeep
|turn|52
|
|t:|1668128652
|switch|p2a: Togedemaru|Togedemaru, F|79/100
|-damage|p2a: Togedemaru|73/100|[from] Stealth Rock
|move|p1a: Audino|Heal Bell|p1a: Audino
|-activate|p1a: Audino|move: Heal Bell
|-curestatus|p1a: Audino|tox|[msg]
|
|upkeep
|turn|53
|
|t:|1668128658
|switch|p1a: Sandaconda|Sandaconda, M|66/100
|move|p2a: Togedemaru|Wish|p2a: Togedemaru
|
|upkeep
|turn|54
|
|t:|1668128665
|move|p2a: Togedemaru|U-turn|p1a: Sandaconda
|-damage|p1a: Sandaconda|53/100
|
|t:|1668128671
|switch|p2a: Whimsicott|Whimsicott, F|77/100|[from]move: U-turn
|-damage|p2a: Whimsicott|64/100|[from] Stealth Rock
|move|p1a: Sandaconda|Stone Edge|p2a: Whimsicott
|-damage|p2a: Whimsicott|15/100
|
|-heal|p2a: Whimsicott|79/100|[from] move: Wish|[wisher] Togedemaru
|upkeep
|turn|55
|
|t:|1668128678
|switch|p1a: Audino|Audino, F|100/100
|move|p2a: Whimsicott|Moonblast|p1a: Audino
|-damage|p1a: Audino|68/100
|
|upkeep
|turn|56
|
|t:|1668128687
|switch|p2a: Togedemaru|Togedemaru, F|73/100
|-damage|p2a: Togedemaru|67/100|[from] Stealth Rock
|move|p1a: Audino|Knock Off|p2a: Togedemaru
|-damage|p2a: Togedemaru|51/100
|-damage|p1a: Audino|56/100|[from] ability: Iron Barbs|[of] p2a: Togedemaru
|
|upkeep
|turn|57
|
|t:|1668128696
|switch|p1a: Whimsicott|Whimsicott, M|100/100
|move|p2a: Togedemaru|Iron Head|p1a: Whimsicott
|-supereffective|p1a: Whimsicott
|-damage|p1a: Whimsicott|52/100
|
|-heal|p1a: Whimsicott|58/100|[from] item: Leftovers
|upkeep
|turn|58
|
|t:|1668128703
|move|p1a: Whimsicott|Leech Seed|p2a: Togedemaru
|-start|p2a: Togedemaru|move: Leech Seed
|move|p2a: Togedemaru|Wish|p2a: Togedemaru
|
|-heal|p1a: Whimsicott|64/100|[from] item: Leftovers
|-damage|p2a: Togedemaru|39/100|[from] Leech Seed|[of] p1a: Whimsicott
|-heal|p1a: Whimsicott|77/100|[silent]
|upkeep
|turn|59
|
|t:|1668128710
|move|p1a: Whimsicott|Substitute|p1a: Whimsicott
|-start|p1a: Whimsicott|Substitute
|-damage|p1a: Whimsicott|52/100
|move|p2a: Togedemaru|U-turn|p1a: Whimsicott
|-activate|p1a: Whimsicott|move: Substitute|[damage]
|
|t:|1668128716
|switch|p2a: Doublade|Doublade, F|85/100|[from]move: U-turn
|-damage|p2a: Doublade|79/100|[from] Stealth Rock
|
|-heal|p2a: Doublade|100/100|[from] move: Wish|[wisher] Togedemaru
|-heal|p1a: Whimsicott|58/100|[from] item: Leftovers
|upkeep
|turn|60
|
|t:|1668128724
|move|p1a: Whimsicott|Leech Seed|p2a: Doublade
|-start|p2a: Doublade|move: Leech Seed
|move|p2a: Doublade|Swords Dance|p2a: Doublade
|-boost|p2a: Doublade|atk|2
|
|-heal|p1a: Whimsicott|64/100|[from] item: Leftovers
|-damage|p2a: Doublade|88/100|[from] Leech Seed|[of] p1a: Whimsicott
|-heal|p1a: Whimsicott|77/100|[silent]
|upkeep
|turn|61
|
|t:|1668128734
|move|p1a: Whimsicott|Encore|p2a: Doublade
|-start|p2a: Doublade|Encore
|move|p2a: Doublade|Swords Dance|p2a: Doublade
|-boost|p2a: Doublade|atk|2
|
|-heal|p1a: Whimsicott|83/100|[from] item: Leftovers
|-damage|p2a: Doublade|76/100|[from] Leech Seed|[of] p1a: Whimsicott
|-heal|p1a: Whimsicott|95/100|[silent]
|upkeep
|turn|62
|
|t:|1668128743
|move|p1a: Whimsicott|Moonblast|p2a: Doublade
|-resisted|p2a: Doublade
|-damage|p2a: Doublade|51/100
|-unboost|p2a: Doublade|spa|1
|move|p2a: Doublade|Swords Dance|p2a: Doublade
|-boost|p2a: Doublade|atk|2
|
|-heal|p1a: Whimsicott|100/100|[from] item: Leftovers
|-damage|p2a: Doublade|39/100|[from] Leech Seed|[of] p1a: Whimsicott
|upkeep
|turn|63
|
|t:|1668128750
|move|p1a: Whimsicott|Moonblast|p2a: Doublade
|-resisted|p2a: Doublade
|-damage|p2a: Doublade|13/100
|move|p2a: Doublade|Swords Dance|p2a: Doublade
|-boost|p2a: Doublade|atk|0
|
|-damage|p2a: Doublade|1/100|[from] Leech Seed|[of] p1a: Whimsicott
|-end|p2a: Doublade|Encore
|upkeep
|turn|64
|
|t:|1668128757
|move|p1a: Whimsicott|Encore|p2a: Doublade
|-start|p2a: Doublade|Encore
|move|p2a: Doublade|Swords Dance|p2a: Doublade
|-boost|p2a: Doublade|atk|0
|
|-damage|p2a: Doublade|0 fnt|[from] Leech Seed|[of] p1a: Whimsicott
|faint|p2a: Doublade
|upkeep
|
|t:|1668128765
|switch|p2a: Whimsicott|Whimsicott, F|79/100
|-damage|p2a: Whimsicott|67/100|[from] Stealth Rock
|turn|65
|
|t:|1668128769
|move|p2a: Whimsicott|Moonblast|p1a: Whimsicott
|-damage|p1a: Whimsicott|36/100
|-unboost|p1a: Whimsicott|spa|1
|move|p1a: Whimsicott|Moonblast|p2a: Whimsicott
|-damage|p2a: Whimsicott|36/100
|
|-heal|p1a: Whimsicott|42/100|[from] item: Leftovers
|upkeep
|turn|66
|
|t:|1668128786
|switch|p1a: Audino|Audino, F|89/100
|move|p2a: Whimsicott|Moonblast|p1a: Audino
|-damage|p1a: Audino|54/100
|
|upkeep
|turn|67
|
|t:|1668128789
|move|p2a: Whimsicott|Moonblast|p1a: Audino
|-damage|p1a: Audino|16/100
|move|p1a: Audino|Knock Off|p2a: Whimsicott
|-resisted|p2a: Whimsicott
|-damage|p2a: Whimsicott|25/100
|-enditem|p2a: Whimsicott|Choice Specs|[from] move: Knock Off|[of] p1a: Audino
|
|upkeep
|turn|68
|
|t:|1668128797
|switch|p1a: Quagsire|Quagsire, M|32/100
|move|p2a: Whimsicott|Moonblast|p1a: Quagsire
|-damage|p1a: Quagsire|0 fnt
|faint|p1a: Quagsire
|
|upkeep
|
|t:|1668128800
|switch|p1a: Eldegoss|Eldegoss, M|69/100
|turn|69
|
|t:|1668128812
|move|p2a: Whimsicott|Switcheroo|p1a: Eldegoss
|-activate|p2a: Whimsicott|move: Trick|[of] p1a: Eldegoss
|-enditem|p1a: Eldegoss|Heavy-Duty Boots|[silent]|[from] move: Switcheroo
|-item|p2a: Whimsicott|Heavy-Duty Boots|[from] move: Switcheroo
|move|p1a: Eldegoss|Giga Drain|p2a: Whimsicott
|-resisted|p2a: Whimsicott
|-damage|p2a: Whimsicott|0 fnt
|-heal|p1a: Eldegoss|79/100|[from] drain|[of] p2a: Whimsicott
|faint|p2a: Whimsicott
|
|upkeep
|
|t:|1668128818
|switch|p2a: Charizard|Charizard, M|71/100
|-damage|p2a: Charizard|21/100|[from] Stealth Rock
|turn|70
|
|t:|1668128823
|move|p2a: Charizard|Hurricane|p1a: Eldegoss
|-supereffective|p1a: Eldegoss
|-damage|p1a: Eldegoss|0 fnt
|faint|p1a: Eldegoss
|
|upkeep
|
|t:|1668128828
|switch|p1a: Sableye|Sableye, F|100/100
|turn|71
|
|t:|1668128831
|move|p2a: Charizard|Roost|p2a: Charizard
|-heal|p2a: Charizard|71/100
|-singleturn|p2a: Charizard|move: Roost
|move|p1a: Sableye|Knock Off|p2a: Charizard
|-damage|p2a: Charizard|44/100
|
|upkeep
|turn|72
|
|t:|1668128834
|move|p1a: Sableye|Encore|p2a: Charizard
|-start|p2a: Charizard|Encore
|move|p2a: Charizard|Roost|p2a: Charizard
|-heal|p2a: Charizard|94/100
|-singleturn|p2a: Charizard|move: Roost
|
|upkeep
|turn|73
|
|t:|1668128838
|switch|p1a: Whimsicott|Whimsicott, M|42/100
|move|p2a: Charizard|Roost|p2a: Charizard
|-heal|p2a: Charizard|100/100
|-singleturn|p2a: Charizard|move: Roost
|
|-heal|p1a: Whimsicott|48/100|[from] item: Leftovers
|upkeep
|turn|74
|
|t:|1668128841
|move|p1a: Whimsicott|Leech Seed|p2a: Charizard
|-start|p2a: Charizard|move: Leech Seed
|move|p2a: Charizard|Roost||[still]
|-fail|p2a: Charizard|heal
|
|-heal|p1a: Whimsicott|55/100|[from] item: Leftovers
|-damage|p2a: Charizard|88/100|[from] Leech Seed|[of] p1a: Whimsicott
|-heal|p1a: Whimsicott|66/100|[silent]
|-end|p2a: Charizard|Encore
|upkeep
|turn|75
|
|t:|1668128845
|switch|p2a: Togedemaru|Togedemaru, F|39/100
|-damage|p2a: Togedemaru|33/100|[from] Stealth Rock
|move|p1a: Whimsicott|Encore||[still]
|-fail|p1a: Whimsicott
|
|-heal|p1a: Whimsicott|72/100|[from] item: Leftovers
|upkeep
|turn|76
|
|t:|1668128854
|move|p1a: Whimsicott|Substitute|p1a: Whimsicott
|-start|p1a: Whimsicott|Substitute
|-damage|p1a: Whimsicott|48/100
|move|p2a: Togedemaru|Iron Head|p1a: Whimsicott
|-supereffective|p1a: Whimsicott
|-crit|p1a: Whimsicott
|-end|p1a: Whimsicott|Substitute
|
|-heal|p1a: Whimsicott|54/100|[from] item: Leftovers
|upkeep
|turn|77
|
|t:|1668128860
|move|p1a: Whimsicott|Substitute|p1a: Whimsicott
|-start|p1a: Whimsicott|Substitute
|-damage|p1a: Whimsicott|29/100
|move|p2a: Togedemaru|Iron Head|p1a: Whimsicott
|-supereffective|p1a: Whimsicott
|-end|p1a: Whimsicott|Substitute
|
|-heal|p1a: Whimsicott|35/100|[from] item: Leftovers
|upkeep
|turn|78
|
|t:|1668128865
|switch|p1a: Sandaconda|Sandaconda, M|53/100
|move|p2a: Togedemaru|U-turn|p1a: Sandaconda
|-crit|p1a: Sandaconda
|-damage|p1a: Sandaconda|34/100
|
|t:|1668128867
|switch|p2a: Wishiwashi|Wishiwashi, F|100/100|[from]move: U-turn
|-damage|p2a: Wishiwashi|88/100|[from] Stealth Rock
|-formechange|p2a: Wishiwashi|Wishiwashi-School||[from] ability: Schooling
|
|-heal|p2a: Wishiwashi|94/100|[from] item: Leftovers
|upkeep
|turn|79
|
|t:|1668128871
|switch|p1a: Audino|Audino, F|50/100
|move|p2a: Wishiwashi|Scald|p1a: Audino
|-damage|p1a: Audino|26/100
|
|-heal|p2a: Wishiwashi|100/100|[from] item: Leftovers
|upkeep
|turn|80
|
|t:|1668128878
|move|p1a: Audino|Wish|p1a: Audino
|move|p2a: Wishiwashi|Scald|p1a: Audino
|-damage|p1a: Audino|1/100
|
|upkeep
|turn|81
|
|t:|1668128884
|switch|p1a: Whimsicott|Whimsicott, M|35/100
|move|p2a: Wishiwashi|U-turn|p1a: Whimsicott
|-damage|p1a: Whimsicott|19/100
|
|t:|1668128889
|switch|p2a: Charizard|Charizard, M|88/100|[from]move: U-turn
|-damage|p2a: Charizard|38/100|[from] Stealth Rock
|
|-heal|p1a: Whimsicott|83/100|[from] move: Wish|[wisher] Audino
|-heal|p1a: Whimsicott|89/100|[from] item: Leftovers
|upkeep
|turn|82
|
|t:|1668128901
|switch|p1a: Audino|Audino, F|34/100
|move|p2a: Charizard|Flamethrower|p1a: Audino
|-damage|p1a: Audino|9/100
|
|upkeep
|turn|83
|
|t:|1668128904
|move|p2a: Charizard|Flamethrower|p1a: Audino
|-damage|p1a: Audino|0 fnt
|faint|p1a: Audino
|
|upkeep
|
|t:|1668128906
|switch|p1a: Sableye|Sableye, F|100/100
|turn|84
|
|t:|1668128911
|move|p2a: Charizard|Roost|p2a: Charizard
|-heal|p2a: Charizard|88/100
|-singleturn|p2a: Charizard|move: Roost
|move|p1a: Sableye|Knock Off|p2a: Charizard
|-damage|p2a: Charizard|64/100
|
|upkeep
|turn|85
|
|t:|1668128918
|switch|p2a: Togedemaru|Togedemaru, F|33/100
|-damage|p2a: Togedemaru|27/100|[from] Stealth Rock
|move|p1a: Sableye|Knock Off|p2a: Togedemaru
|-damage|p2a: Togedemaru|0 fnt
|-damage|p1a: Sableye|88/100|[from] ability: Iron Barbs|[of] p2a: Togedemaru
|faint|p2a: Togedemaru
|
|upkeep
|
|t:|1668128923
|switch|p2a: Wishiwashi|Wishiwashi, F|100/100
|-damage|p2a: Wishiwashi|88/100|[from] Stealth Rock
|-formechange|p2a: Wishiwashi|Wishiwashi-School||[from] ability: Schooling
|turn|86
|
|t:|1668128935
|switch|p1a: Sandaconda|Sandaconda, M|34/100
|move|p2a: Wishiwashi|Toxic|p1a: Sandaconda
|-status|p1a: Sandaconda|tox
|
|-heal|p2a: Wishiwashi|94/100|[from] item: Leftovers
|-damage|p1a: Sandaconda|28/100 tox|[from] psn
|upkeep
|turn|87
|
|t:|1668128939
|move|p1a: Sandaconda|Rest|p1a: Sandaconda
|-status|p1a: Sandaconda|slp|[from] move: Rest
|-heal|p1a: Sandaconda|100/100 slp|[silent]
|move|p2a: Wishiwashi|Scald|p1a: Sandaconda
|-supereffective|p1a: Sandaconda
|-damage|p1a: Sandaconda|9/100 slp
|
|-activate|p1a: Sandaconda|ability: Shed Skin
|-curestatus|p1a: Sandaconda|slp|[msg]
|-heal|p2a: Wishiwashi|100/100|[from] item: Leftovers
|upkeep
|turn|88
|
|t:|1668128942
|move|p1a: Sandaconda|Rest|p1a: Sandaconda
|-status|p1a: Sandaconda|slp|[from] move: Rest
|-heal|p1a: Sandaconda|100/100 slp|[silent]
|move|p2a: Wishiwashi|Scald|p1a: Sandaconda
|-supereffective|p1a: Sandaconda
|-damage|p1a: Sandaconda|9/100 slp
|
|upkeep
|turn|89
|
|t:|1668128945
|cant|p1a: Sandaconda|slp
|move|p2a: Wishiwashi|Scald|p1a: Sandaconda
|-supereffective|p1a: Sandaconda
|-damage|p1a: Sandaconda|0 fnt
|faint|p1a: Sandaconda
|
|upkeep
|
|t:|1668128946
|switch|p1a: Whimsicott|Whimsicott, M|89/100
|turn|90
|
|t:|1668128949
|move|p1a: Whimsicott|Substitute|p1a: Whimsicott
|-start|p1a: Whimsicott|Substitute
|-damage|p1a: Whimsicott|64/100
|move|p2a: Wishiwashi|U-turn|p1a: Whimsicott
|-activate|p1a: Whimsicott|move: Substitute|[damage]
|
|t:|1668128953
|switch|p2a: Charizard|Charizard, M|64/100|[from]move: U-turn
|-damage|p2a: Charizard|14/100|[from] Stealth Rock
|
|-heal|p1a: Whimsicott|70/100|[from] item: Leftovers
|upkeep
|turn|91
|
|t:|1668128960
|move|p2a: Charizard|Roost|p2a: Charizard
|-heal|p2a: Charizard|64/100
|-singleturn|p2a: Charizard|move: Roost
|move|p1a: Whimsicott|Moonblast|p2a: Charizard
|-resisted|p2a: Charizard
|-damage|p2a: Charizard|46/100
|-unboost|p2a: Charizard|spa|1
|
|-heal|p1a: Whimsicott|76/100|[from] item: Leftovers
|upkeep
|turn|92
|
|t:|1668128964
|move|p1a: Whimsicott|Encore|p2a: Charizard
|-start|p2a: Charizard|Encore
|move|p2a: Charizard|Roost|p2a: Charizard
|-heal|p2a: Charizard|96/100
|-singleturn|p2a: Charizard|move: Roost
|
|-heal|p1a: Whimsicott|83/100|[from] item: Leftovers
|upkeep
|turn|93
|
|t:|1668128967
|move|p1a: Whimsicott|Leech Seed|p2a: Charizard
|-start|p2a: Charizard|move: Leech Seed
|move|p2a: Charizard|Roost|p2a: Charizard
|-heal|p2a: Charizard|100/100
|-singleturn|p2a: Charizard|move: Roost
|
|-heal|p1a: Whimsicott|89/100|[from] item: Leftovers
|-damage|p2a: Charizard|88/100|[from] Leech Seed|[of] p1a: Whimsicott
|-heal|p1a: Whimsicott|99/100|[silent]
|upkeep
|turn|94
|
|t:|1668128973
|switch|p2a: Gallade|Gallade, M|82/100 tox
|-damage|p2a: Gallade|76/100 tox|[from] Stealth Rock
|move|p1a: Whimsicott|Moonblast|p2a: Gallade
|-supereffective|p2a: Gallade
|-damage|p2a: Gallade|34/100 tox
|
|-heal|p1a: Whimsicott|100/100|[from] item: Leftovers
|-damage|p2a: Gallade|28/100 tox|[from] psn
|upkeep
|turn|95
|
|t:|1668128986
|move|p1a: Whimsicott|Moonblast|p2a: Gallade
|-supereffective|p2a: Gallade
|-damage|p2a: Gallade|0 fnt
|faint|p2a: Gallade
|
|upkeep
|
|t:|1668128989
|switch|p2a: Wishiwashi|Wishiwashi, F|100/100
|-damage|p2a: Wishiwashi|88/100|[from] Stealth Rock
|-formechange|p2a: Wishiwashi|Wishiwashi-School||[from] ability: Schooling
|turn|96
|
|t:|1668128993
|move|p2a: Wishiwashi|Protect|p2a: Wishiwashi
|-singleturn|p2a: Wishiwashi|Protect
|move|p1a: Whimsicott|Leech Seed|p2a: Wishiwashi
|-activate|p2a: Wishiwashi|move: Protect
|
|-heal|p2a: Wishiwashi|94/100|[from] item: Leftovers
|upkeep
|turn|97
|
|t:|1668129001
|move|p1a: Whimsicott|Leech Seed|p2a: Wishiwashi
|-start|p2a: Wishiwashi|move: Leech Seed
|move|p2a: Wishiwashi|U-turn|p1a: Whimsicott
|-end|p1a: Whimsicott|Substitute
|
|t:|1668129002
|switch|p2a: Charizard|Charizard, M|88/100|[from]move: U-turn
|-damage|p2a: Charizard|38/100|[from] Stealth Rock
|
|upkeep
|turn|98
|
|t:|1668129007
|move|p1a: Whimsicott|Substitute|p1a: Whimsicott
|-start|p1a: Whimsicott|Substitute
|-damage|p1a: Whimsicott|76/100
|move|p2a: Charizard|Flamethrower|p1a: Whimsicott
|-supereffective|p1a: Whimsicott
|-end|p1a: Whimsicott|Substitute
|
|-heal|p1a: Whimsicott|82/100|[from] item: Leftovers
|upkeep
|turn|99
|
|t:|1668129013
|move|p1a: Whimsicott|Leech Seed|p2a: Charizard
|-start|p2a: Charizard|move: Leech Seed
|move|p2a: Charizard|Flamethrower|p1a: Whimsicott
|-supereffective|p1a: Whimsicott
|-damage|p1a: Whimsicott|0 fnt
|faint|p1a: Whimsicott
|
|upkeep
|
|t:|1668129018
|switch|p1a: Sableye|Sableye, F|88/100
|turn|100
|
|t:|1668129021
|move|p2a: Charizard|Flamethrower|p1a: Sableye
|-damage|p1a: Sableye|42/100
|move|p1a: Sableye|Knock Off|p2a: Charizard
|-damage|p2a: Charizard|12/100
|
|-damage|p2a: Charizard|0 fnt|[from] Leech Seed|[of] p1a: Sableye
|-heal|p1a: Sableye|53/100|[silent]
|faint|p2a: Charizard
|upkeep
|
|t:|1668129024
|switch|p2a: Wishiwashi|Wishiwashi, F|94/100
|-damage|p2a: Wishiwashi|82/100|[from] Stealth Rock
|-formechange|p2a: Wishiwashi|Wishiwashi-School||[from] ability: Schooling
|turn|101
|
|t:|1668129031
|move|p1a: Sableye|Recover|p1a: Sableye
|-heal|p1a: Sableye|100/100
|move|p2a: Wishiwashi|Scald|p1a: Sableye
|-damage|p1a: Sableye|64/100
|
|-heal|p2a: Wishiwashi|88/100|[from] item: Leftovers
|upkeep
|turn|102
|
|t:|1668129040
|move|p1a: Sableye|Encore|p2a: Wishiwashi
|-start|p2a: Wishiwashi|Encore
|move|p2a: Wishiwashi|Scald|p1a: Sableye
|-damage|p1a: Sableye|21/100
|
|-heal|p2a: Wishiwashi|94/100|[from] item: Leftovers
|upkeep
|turn|103
|
|t:|1668129042
|move|p1a: Sableye|Recover|p1a: Sableye
|-heal|p1a: Sableye|71/100
|move|p2a: Wishiwashi|Scald|p1a: Sableye
|-damage|p1a: Sableye|35/100
|-status|p1a: Sableye|brn
|
|-heal|p2a: Wishiwashi|100/100|[from] item: Leftovers
|-damage|p1a: Sableye|30/100 brn|[from] brn
|upkeep
|turn|104
|
|t:|1668129045
|move|p1a: Sableye|Recover|p1a: Sableye
|-heal|p1a: Sableye|80/100 brn
|move|p2a: Wishiwashi|Scald|p1a: Sableye
|-damage|p1a: Sableye|43/100 brn
|
|-damage|p1a: Sableye|37/100 brn|[from] brn
|-end|p2a: Wishiwashi|Encore
|upkeep
|turn|105
|
|t:|1668129048
|move|p1a: Sableye|Recover|p1a: Sableye
|-heal|p1a: Sableye|87/100 brn
|move|p2a: Wishiwashi|Scald|p1a: Sableye
|-damage|p1a: Sableye|44/100 brn
|
|-damage|p1a: Sableye|38/100 brn|[from] brn
|upkeep
|turn|106
|
|t:|1668129051
|move|p1a: Sableye|Recover|p1a: Sableye
|-heal|p1a: Sableye|89/100 brn
|move|p2a: Wishiwashi|Scald|p1a: Sableye
|-crit|p1a: Sableye
|-damage|p1a: Sableye|31/100 brn
|
|-damage|p1a: Sableye|25/100 brn|[from] brn
|upkeep
|turn|107
|
|t:|1668129056
|move|p1a: Sableye|Recover|p1a: Sableye
|-heal|p1a: Sableye|75/100 brn
|move|p2a: Wishiwashi|Scald|p1a: Sableye
|-crit|p1a: Sableye
|-damage|p1a: Sableye|17/100 brn
|
|-damage|p1a: Sableye|11/100 brn|[from] brn
|upkeep
|turn|108
|
|t:|1668129059
|move|p1a: Sableye|Recover|p1a: Sableye
|-heal|p1a: Sableye|61/100 brn
|move|p2a: Wishiwashi|Scald|p1a: Sableye
|-damage|p1a: Sableye|19/100 brn
|
|-damage|p1a: Sableye|13/100 brn|[from] brn
|upkeep
|turn|109
|-message|breadspace forfeited.
|
|win|kingqueso141
|raw|breadspace's rating: 1376 &rarr; <strong>1361</strong><br />(-15 for losing)
|raw|kingqueso141's rating: 1468 &rarr; <strong>1483</strong><br />(+15 for winning)
|l|☆breadspace
||Ladder isn't responding, score probably updated but might not have (Request timeout).
