|j|☆HOTDUDE6PACK
|j|☆bassy gay
|t:|1667775588
|gametype|singles
|player|p1|HOTDUDE6PACK|swimmer|1370
|player|p2|bassy gay|2|1611
|teamsize|p1|6
|teamsize|p2|6
|gen|8
|tier|[Gen 8] PU
|rated|
|rule|Sleep Clause Mod: Limit one foe put to sleep
|rule|Species Clause: Limit one of each Pokémon
|rule|OHKO Clause: OHKO moves are banned
|rule|Evasion Items Clause: Evasion items are banned
|rule|Evasion Moves Clause: Evasion moves are banned
|rule|Endless Battle Clause: Forcing endless battles is banned
|rule|HP Percentage Mod: HP is shown in percentages
|rule|Dynamax Clause: You cannot dynamax
|clearpoke
|poke|p1|Accelgor, M|
|poke|p1|Doublade, F|
|poke|p1|Silvally-*|
|poke|p1|Lycanroc, F|
|poke|p1|Scrafty, F|
|poke|p1|Charizard, M|
|poke|p2|Gourgeist-*, M|
|poke|p2|Comfey, F|
|poke|p2|Frosmoth, F|
|poke|p2|Quagsire, M|
|poke|p2|Gigalith, M|
|poke|p2|Accelgor, F|
|teampreview
|inactive|Battle timer is ON: inactive players will automatically lose when time's up. (requested by HOTDUDE6PACK)
|
|t:|1667775603
|start
|switch|p1a: Lycanroc|Lycanroc, F|100/100
|switch|p2a: Gourgeist|Gourgeist-Super, M|100/100
|-item|p1a: Lycanroc|Focus Sash|[from] ability: Frisk|[of] p2a: Gourgeist|[identify]
|turn|1
|
|t:|1667775610
|move|p1a: Lycanroc|Stealth Rock|p2a: Gourgeist
|-sidestart|p2: bassy gay|move: Stealth Rock
|move|p2a: Gourgeist|Poltergeist|p1a: Lycanroc
|-activate|p1a: Lycanroc|move: Poltergeist|Focus Sash
|-damage|p1a: Lycanroc|6/100
|
|upkeep
|turn|2
|inactive|HOTDUDE6PACK has 120 seconds left.
|
|t:|1667775650
|switch|p1a: Scrafty|Scrafty, F|100/100
|move|p2a: Gourgeist|Shadow Sneak|p1a: Scrafty
|-resisted|p1a: Scrafty
|-crit|p1a: Scrafty
|-damage|p1a: Scrafty|85/100
|
|upkeep
|turn|3
|
|t:|1667775659
|move|p1a: Scrafty|Knock Off|p2a: Gourgeist
|-supereffective|p2a: Gourgeist
|-damage|p2a: Gourgeist|57/100
|move|p2a: Gourgeist|Power Whip|p1a: Scrafty
|-damage|p1a: Scrafty|22/100
|
|upkeep
|turn|4
|
|t:|1667775668
|move|p1a: Scrafty|Knock Off|p2a: Gourgeist
|-supereffective|p2a: Gourgeist
|-damage|p2a: Gourgeist|11/100
|move|p2a: Gourgeist|Synthesis|p2a: Gourgeist
|-heal|p2a: Gourgeist|61/100
|
|upkeep
|turn|5
|
|t:|1667775671
|move|p1a: Scrafty|Knock Off|p2a: Gourgeist
|-supereffective|p2a: Gourgeist
|-damage|p2a: Gourgeist|14/100
|move|p2a: Gourgeist|Synthesis|p2a: Gourgeist
|-heal|p2a: Gourgeist|64/100
|
|upkeep
|turn|6
|
|t:|1667775674
|move|p1a: Scrafty|Knock Off|p2a: Gourgeist
|-supereffective|p2a: Gourgeist
|-damage|p2a: Gourgeist|16/100
|move|p2a: Gourgeist|Synthesis|p2a: Gourgeist
|-heal|p2a: Gourgeist|66/100
|
|upkeep
|turn|7
|
|t:|1667775679
|switch|p2a: Accelgor|Accelgor, F|100/100
|move|p1a: Scrafty|Knock Off|p2a: Accelgor
|-damage|p2a: Accelgor|55/100
|-activate|p2a: Accelgor|ability: Sticky Hold
|
|upkeep
|turn|8
|
|t:|1667775686
|switch|p1a: Doublade|Doublade, F|100/100
|move|p2a: Accelgor|Bug Buzz|p1a: Doublade
|-resisted|p1a: Doublade
|-damage|p1a: Doublade|90/100
|
|upkeep
|turn|9
|
|t:|1667775695
|switch|p1a: Accelgor|Accelgor, M|100/100
|move|p2a: Accelgor|Spikes|p1a: Accelgor
|-sidestart|p1: HOTDUDE6PACK|Spikes
|
|upkeep
|turn|10
|
|t:|1667775706
|switch|p2a: Gigalith|Gigalith, M|100/100
|-damage|p2a: Gigalith|88/100|[from] Stealth Rock
|-weather|Sandstorm|[from] ability: Sand Stream|[of] p2a: Gigalith
|move|p1a: Accelgor|Bug Buzz|p2a: Gigalith
|-damage|p2a: Gigalith|59/100
|
|-weather|Sandstorm|[upkeep]
|-damage|p1a: Accelgor|95/100|[from] Sandstorm
|-heal|p2a: Gigalith|65/100|[from] item: Leftovers
|upkeep
|turn|11
|
|t:|1667775711
|switch|p1a: Doublade|Doublade, F|90/100
|-damage|p1a: Doublade|78/100|[from] Spikes
|move|p2a: Gigalith|Rock Blast|p1a: Doublade
|-resisted|p1a: Doublade
|-damage|p1a: Doublade|75/100
|-resisted|p1a: Doublade
|-damage|p1a: Doublade|73/100
|-resisted|p1a: Doublade
|-damage|p1a: Doublade|70/100
|-resisted|p1a: Doublade
|-damage|p1a: Doublade|67/100
|-resisted|p1a: Doublade
|-damage|p1a: Doublade|64/100
|-hitcount|p1a: Doublade|5
|
|-weather|Sandstorm|[upkeep]
|-heal|p2a: Gigalith|71/100|[from] item: Leftovers
|upkeep
|turn|12
|
|t:|1667775714
|switch|p2a: Quagsire|Quagsire, M|100/100
|move|p1a: Doublade|Iron Head|p2a: Quagsire
|-resisted|p2a: Quagsire
|-damage|p2a: Quagsire|84/100
|
|-weather|Sandstorm|[upkeep]
|upkeep
|turn|13
|
|t:|1667775718
|switch|p1a: Lycanroc|Lycanroc, F|6/100
|-damage|p1a: Lycanroc|0 fnt|[from] Spikes
|faint|p1a: Lycanroc
|move|p2a: Quagsire|Infestation|p1: Lycanroc|[notarget]
|-fail|p2a: Quagsire
|
|-weather|Sandstorm|[upkeep]
|upkeep
|
|t:|1667775722
|switch|p1a: Accelgor|Accelgor, M|95/100
|-damage|p1a: Accelgor|82/100|[from] Spikes
|turn|14
|
|t:|1667775726
|switch|p2a: Comfey|Comfey, F|100/100
|-damage|p2a: Comfey|88/100|[from] Stealth Rock
|move|p1a: Accelgor|Energy Ball|p2a: Comfey
|-damage|p2a: Comfey|38/100
|-unboost|p2a: Comfey|spd|1
|
|-weather|none
|upkeep
|turn|15
|
|t:|1667775731
|switch|p2a: Frosmoth|Frosmoth, F|100/100
|move|p1a: Accelgor|Energy Ball|p2a: Frosmoth
|-resisted|p2a: Frosmoth
|-damage|p2a: Frosmoth|89/100
|
|upkeep
|turn|16
|
|t:|1667775738
|switch|p1a: Charizard|Charizard, M|100/100
|move|p2a: Frosmoth|Ice Beam|p1a: Charizard
|-damage|p1a: Charizard|43/100
|
|upkeep
|turn|17
|
|t:|1667775744
|switch|p2a: Gigalith|Gigalith, M|71/100
|-damage|p2a: Gigalith|59/100|[from] Stealth Rock
|-weather|Sandstorm|[from] ability: Sand Stream|[of] p2a: Gigalith
|move|p1a: Charizard|Fire Blast|p2a: Gigalith
|-resisted|p2a: Gigalith
|-damage|p2a: Gigalith|45/100
|
|-weather|Sandstorm|[upkeep]
|-damage|p1a: Charizard|37/100|[from] Sandstorm
|-heal|p2a: Gigalith|51/100|[from] item: Leftovers
|upkeep
|turn|18
|
|t:|1667775752
|switch|p1a: Doublade|Doublade, F|64/100
|-damage|p1a: Doublade|52/100|[from] Spikes
|move|p2a: Gigalith|Stealth Rock|p1a: Doublade
|-sidestart|p1: HOTDUDE6PACK|move: Stealth Rock
|
|-weather|Sandstorm|[upkeep]
|-heal|p2a: Gigalith|57/100|[from] item: Leftovers
|upkeep
|turn|19
|
|t:|1667775761
|switch|p2a: Accelgor|Accelgor, F|55/100
|move|p1a: Doublade|Iron Head|p2a: Accelgor
|-damage|p2a: Accelgor|9/100
|
|-weather|Sandstorm|[upkeep]
|-damage|p2a: Accelgor|3/100|[from] Sandstorm
|upkeep
|turn|20
|
|t:|1667775766
|switch|p2a: Quagsire|Quagsire, M|84/100
|move|p1a: Doublade|Shadow Sneak|p2a: Quagsire
|-damage|p2a: Quagsire|70/100
|
|-weather|Sandstorm|[upkeep]
|upkeep
|turn|21
|
|t:|1667775773
|switch|p1a: Accelgor|Accelgor, M|82/100
|-damage|p1a: Accelgor|70/100|[from] Spikes
|-damage|p1a: Accelgor|45/100|[from] Stealth Rock
|move|p2a: Quagsire|Earthquake|p1a: Accelgor
|-resisted|p1a: Accelgor
|-damage|p1a: Accelgor|18/100
|
|-weather|none
|upkeep
|turn|22
|
|t:|1667775778
|switch|p2a: Accelgor|Accelgor, F|3/100
|move|p1a: Accelgor|Energy Ball|p2a: Accelgor
|-resisted|p2a: Accelgor
|-damage|p2a: Accelgor|0 fnt
|faint|p2a: Accelgor
|
|upkeep
|
|t:|1667775785
|switch|p2a: Frosmoth|Frosmoth, F|89/100
|turn|23
|
|t:|1667775787
|move|p1a: Accelgor|Energy Ball|p2a: Frosmoth
|-resisted|p2a: Frosmoth
|-damage|p2a: Frosmoth|78/100
|move|p2a: Frosmoth|Quiver Dance|p2a: Frosmoth
|-boost|p2a: Frosmoth|spa|1
|-boost|p2a: Frosmoth|spd|1
|-boost|p2a: Frosmoth|spe|1
|
|upkeep
|turn|24
|
|t:|1667775791
|switch|p1a: Doublade|Doublade, F|52/100
|-damage|p1a: Doublade|39/100|[from] Spikes
|-damage|p1a: Doublade|33/100|[from] Stealth Rock
|move|p2a: Frosmoth|Quiver Dance|p2a: Frosmoth
|-boost|p2a: Frosmoth|spa|1
|-boost|p2a: Frosmoth|spd|1
|-boost|p2a: Frosmoth|spe|1
|
|upkeep
|turn|25
|
|t:|1667775792
|move|p2a: Frosmoth|Ice Beam|p1a: Doublade
|-resisted|p1a: Doublade
|-damage|p1a: Doublade|0 fnt
|faint|p1a: Doublade
|
|upkeep
|
|t:|1667775795
|switch|p1a: Silvally|Silvally-Fairy|100/100
|-damage|p1a: Silvally|88/100|[from] Spikes
|-damage|p1a: Silvally|76/100|[from] Stealth Rock
|turn|26
|
|t:|1667775797
|move|p2a: Frosmoth|Ice Beam|p1a: Silvally
|-damage|p1a: Silvally|0 fnt
|faint|p1a: Silvally
|
|upkeep
|c|☆HOTDUDE6PACK|so cringe
|c|☆HOTDUDE6PACK|keep abusing quagsire
|-message|HOTDUDE6PACK forfeited.
|
|win|bassy gay
|raw|HOTDUDE6PACK's rating: 1390 &rarr; <strong>1381</strong><br />(-9 for losing)
|raw|bassy gay's rating: 1611 &rarr; <strong>1620</strong><br />(+9 for winning)
|l|☆HOTDUDE6PACK
|c|☆bassy gay|lol
