|j|☆Dr. Pronoun
|j|☆dexitersgohome
|t:|1596597439
|player|p1|Dr. Pronoun|scientist-gen4dp|1328
|player|p2|dexitersgohome|beauty-gen4dp|1193
|teamsize|p1|6
|teamsize|p2|6
|gametype|singles
|gen|8
|tier|[Gen 8] PU
|rated|
|clearpoke
|poke|p1|Greedent, F|
|poke|p1|Vespiquen, F|
|poke|p1|Dusknoir, M|
|poke|p1|Stunfisk, M|
|poke|p1|Manectric, M|
|poke|p1|Lapras, F|
|poke|p2|Appletun, F|
|poke|p2|Hattrem, F|
|poke|p2|Lickilicky, M|
|poke|p2|Mareanie, M|
|poke|p2|Silvally-*|
|poke|p2|Vespiquen, F|
|rule|Sleep Clause Mod: Limit one foe put to sleep
|rule|Species Clause: Limit one of each Pokémon
|rule|OHKO Clause: OHKO moves are banned
|rule|Evasion Moves Clause: Evasion moves are banned
|rule|Endless Battle Clause: Forcing endless battles is banned
|rule|HP Percentage Mod: HP is shown in percentages
|rule|Dynamax Clause: You cannot dynamax
|teampreview
|inactive|Battle timer is ON: inactive players will automatically lose when time's up. (requested by dexitersgohome)
|
|t:|1596597465
|start
|switch|p1a: Manectric|Manectric, M|100/100
|switch|p2a: Silvally|Silvally-Rock|100/100
|turn|1
|
|t:|1596597471
|move|p1a: Manectric|Volt Switch|p2a: Silvally
|-damage|p2a: Silvally|48/100
|
|t:|1596597475
|switch|p1a: Stunfisk|Stunfisk, M|100/100|[from]move: Volt Switch
|move|p2a: Silvally|Parting Shot|p1a: Stunfisk
|-unboost|p1a: Stunfisk|atk|1
|-unboost|p1a: Stunfisk|spa|1
|
|t:|1596597486
|switch|p2a: Appletun|Appletun, F|100/100|[from]move: Parting Shot
|
|upkeep
|turn|2
|
|t:|1596597490
|switch|p1a: Vespiquen|Vespiquen, F|100/100
|-ability|p1a: Vespiquen|Unnerve|p2: dexitersgohome
|switch|p2a: Hattrem|Hattrem, F|100/100
|
|upkeep
|turn|3
|
|t:|1596597497
|move|p2a: Hattrem|Thunder Wave|p1a: Vespiquen
|-status|p1a: Vespiquen|par
|move|p1a: Vespiquen|U-turn|p2a: Hattrem
|-supereffective|p2a: Hattrem
|-damage|p2a: Hattrem|72/100
|
|t:|1596597503
|switch|p1a: Manectric|Manectric, M|100/100|[from]move: U-turn
|
|upkeep
|turn|4
|
|t:|1596597509
|switch|p2a: Appletun|Appletun, F|100/100
|move|p1a: Manectric|Volt Switch|p2a: Appletun
|-resisted|p2a: Appletun
|-damage|p2a: Appletun|90/100
|
|t:|1596597515
|switch|p1a: Vespiquen|Vespiquen, F|100/100 par|[from]move: Volt Switch
|-ability|p1a: Vespiquen|Unnerve|p2: dexitersgohome
|
|-heal|p2a: Appletun|96/100|[from] item: Leftovers
|upkeep
|turn|5
|
|t:|1596597523
|switch|p2a: Mareanie|Mareanie, M|100/100
|move|p1a: Vespiquen|U-turn|p2a: Mareanie
|-resisted|p2a: Mareanie
|-damage|p2a: Mareanie|94/100
|
|t:|1596597526
|switch|p1a: Manectric|Manectric, M|100/100|[from]move: U-turn
|
|upkeep
|turn|6
|
|t:|1596597531
|switch|p2a: Appletun|Appletun, F|96/100
|move|p1a: Manectric|Volt Switch|p2a: Appletun
|-resisted|p2a: Appletun
|-damage|p2a: Appletun|85/100
|
|t:|1596597535
|switch|p1a: Vespiquen|Vespiquen, F|100/100 par|[from]move: Volt Switch
|-ability|p1a: Vespiquen|Unnerve|p2: dexitersgohome
|
|-heal|p2a: Appletun|91/100|[from] item: Leftovers
|upkeep
|turn|7
|
|t:|1596597542
|move|p2a: Appletun|Curse|p2a: Appletun
|-unboost|p2a: Appletun|spe|1
|-boost|p2a: Appletun|atk|1
|-boost|p2a: Appletun|def|1
|move|p1a: Vespiquen|U-turn|p2a: Appletun
|-supereffective|p2a: Appletun
|-damage|p2a: Appletun|65/100
|
|t:|1596597547
|switch|p1a: Lapras|Lapras, F|100/100|[from]move: U-turn
|
|-heal|p2a: Appletun|71/100|[from] item: Leftovers
|upkeep
|turn|8
|
|t:|1596597554
|move|p1a: Lapras|Frost Breath|p2a: Appletun
|-supereffective|p2a: Appletun
|-crit|p2a: Appletun
|-damage|p2a: Appletun|0 fnt
|faint|p2a: Appletun
|
|upkeep
|
|t:|1596597558
|switch|p2a: Mareanie|Mareanie, M|100/100
|turn|9
|
|t:|1596597564
|switch|p1a: Vespiquen|Vespiquen, F|100/100 par
|-ability|p1a: Vespiquen|Unnerve|p2: dexitersgohome
|move|p2a: Mareanie|Toxic Spikes|p1a: Vespiquen
|-sidestart|p1: Dr. Pronoun|move: Toxic Spikes
|
|upkeep
|turn|10
|
|t:|1596597570
|move|p2a: Mareanie|Toxic Spikes|p1a: Vespiquen
|-sidestart|p1: Dr. Pronoun|move: Toxic Spikes
|move|p1a: Vespiquen|Toxic Spikes|p2a: Mareanie
|-sidestart|p2: dexitersgohome|move: Toxic Spikes
|
|upkeep
|turn|11
|
|t:|1596597578
|switch|p2a: Hattrem|Hattrem, F|72/100
|-status|p2a: Hattrem|psn
|move|p1a: Vespiquen|U-turn|p2a: Hattrem
|-supereffective|p2a: Hattrem
|-damage|p2a: Hattrem|45/100 psn
|
|t:|1596597581
|switch|p1a: Lapras|Lapras, F|100/100|[from]move: U-turn
|
|-damage|p2a: Hattrem|33/100 psn|[from] psn
|upkeep
|turn|12
|j| Adrift & Rising
|
|t:|1596597588
|move|p1a: Lapras|Sparkling Aria|p2a: Hattrem
|-damage|p2a: Hattrem|0 fnt
|faint|p2a: Hattrem
|
|upkeep
|
|t:|1596597593
|switch|p2a: Mareanie|Mareanie, M|100/100
|-sideend|p2: dexitersgohome|move: Toxic Spikes|[of] p2a: Mareanie
|turn|13
|
|t:|1596597596
|switch|p1a: Vespiquen|Vespiquen, F|100/100 par
|-ability|p1a: Vespiquen|Unnerve|p2: dexitersgohome
|move|p2a: Mareanie|Knock Off|p1a: Vespiquen
|-damage|p1a: Vespiquen|87/100 par
|-enditem|p1a: Vespiquen|Heavy-Duty Boots|[from] move: Knock Off|[of] p2a: Mareanie
|
|upkeep
|turn|14
|
|t:|1596597605
|switch|p2a: Vespiquen|Vespiquen, F|100/100
|-ability|p2a: Vespiquen|Unnerve|p1: Dr. Pronoun
|move|p1a: Vespiquen|Defog|p2a: Vespiquen
|-unboost|p2a: Vespiquen|evasion|1
|-sideend|p1: Dr. Pronoun|Toxic Spikes|[from] move: Defog|[of] p1a: Vespiquen
|
|upkeep
|turn|15
|
|t:|1596597616
|move|p2a: Vespiquen|U-turn|p1a: Vespiquen
|-resisted|p1a: Vespiquen
|-damage|p1a: Vespiquen|77/100 par
|
|t:|1596597619
|switch|p2a: Mareanie|Mareanie, M|100/100|[from]move: U-turn
|cant|p1a: Vespiquen|par
|
|upkeep
|turn|16
|
|t:|1596597625
|switch|p1a: Manectric|Manectric, M|100/100
|move|p2a: Mareanie|Toxic Spikes|p1a: Manectric
|-sidestart|p1: Dr. Pronoun|move: Toxic Spikes
|
|upkeep
|turn|17
|
|t:|1596597631
|switch|p2a: Lickilicky|Lickilicky, M|100/100
|move|p1a: Manectric|Switcheroo|p2a: Lickilicky
|-activate|p1a: Manectric|move: Trick|[of] p2a: Lickilicky
|-item|p2a: Lickilicky|Choice Specs|[from] move: Switcheroo
|-item|p1a: Manectric|Leftovers|[from] move: Switcheroo
|
|upkeep
|turn|18
|j| Land·Woo
|
|t:|1596597639
|switch|p2a: Mareanie|Mareanie, M|100/100
|move|p1a: Manectric|Volt Switch|p2a: Mareanie
|-supereffective|p2a: Mareanie
|-damage|p2a: Mareanie|27/100
|
|t:|1596597642
|switch|p1a: Lapras|Lapras, F|100/100|[from]move: Volt Switch
|
|upkeep
|turn|19
|
|t:|1596597647
|move|p1a: Lapras|Freeze-Dry|p2a: Mareanie
|-supereffective|p2a: Mareanie
|-damage|p2a: Mareanie|0 fnt
|faint|p2a: Mareanie
|
|upkeep
|-message|dexitersgohome forfeited.
|
|win|Dr. Pronoun
|l|☆dexitersgohome
|raw|Dr. Pronoun's rating: 1329 &rarr; <strong>1341</strong><br />(+12 for winning)
|raw|dexitersgohome's rating: 1193 &rarr; <strong>1177</strong><br />(-16 for losing)
