|j|☆alpaga du sud
|j|☆GammaGoGamma
|t:|1632925469
|gametype|singles
|player|p1|alpaga du sud|266|
|player|p2|GammaGoGamma|giovanni|
|teamsize|p1|6
|teamsize|p2|6
|gen|8
|tier|[Gen 8] PU
|rated|Tournament battle
|rule|Sleep Clause Mod: Limit one foe put to sleep
|rule|Species Clause: Limit one of each Pokémon
|rule|OHKO Clause: OHKO moves are banned
|rule|Evasion Moves Clause: Evasion moves are banned
|rule|Endless Battle Clause: Forcing endless battles is banned
|rule|HP Percentage Mod: HP is shown in percentages
|rule|Dynamax Clause: You cannot dynamax
|clearpoke
|poke|p1|Druddigon, M|
|poke|p1|Galvantula, F|
|poke|p1|Hitmonlee, M|
|poke|p1|Silvally-*|
|poke|p1|Articuno-Galar|
|poke|p1|Tsareena, F|
|poke|p2|Ferroseed, F|
|poke|p2|Gigalith, F|
|poke|p2|Jellicent, M|
|poke|p2|Passimian, F|
|poke|p2|Archeops, M|
|poke|p2|Charizard, F|
|teampreview
|j| Schizolab
|inactive|Battle timer is ON: inactive players will automatically lose when time's up. (requested by GammaGoGamma)
|
|t:|1632925493
|start
|switch|p1a: Galvantula|Galvantula, F|100/100
|switch|p2a: Passimian|Passimian, F|100/100
|turn|1
|
|t:|1632925500
|move|p2a: Passimian|U-turn|p1a: Galvantula
|-damage|p1a: Galvantula|58/100
|
|t:|1632925502
|switch|p2a: Gigalith|Gigalith, F, shiny|100/100|[from]move: U-turn
|-weather|Sandstorm|[from] ability: Sand Stream|[of] p2a: Gigalith
|move|p1a: Galvantula|Sticky Web|p2a: Gigalith
|-sidestart|p2: GammaGoGamma|move: Sticky Web
|
|-weather|Sandstorm|[upkeep]
|-damage|p1a: Galvantula|52/100|[from] Sandstorm
|upkeep
|turn|2
|
|t:|1632925513
|switch|p1a: Tsareena|Tsareena, F|100/100
|move|p2a: Gigalith|Rock Blast|p1a: Tsareena
|-damage|p1a: Tsareena|88/100
|-damage|p1a: Tsareena|76/100
|-crit|p1a: Tsareena
|-damage|p1a: Tsareena|58/100
|-hitcount|p1a: Tsareena|3
|
|-weather|Sandstorm|[upkeep]
|-damage|p1a: Tsareena|52/100|[from] Sandstorm
|upkeep
|turn|3
|
|t:|1632925528
|switch|p2a: Charizard|Charizard, F, shiny|100/100
|move|p1a: Tsareena|Knock Off|p2a: Charizard
|-damage|p2a: Charizard|50/100
|-enditem|p2a: Charizard|Heavy-Duty Boots|[from] move: Knock Off|[of] p1a: Tsareena
|
|-weather|Sandstorm|[upkeep]
|-damage|p2a: Charizard|44/100|[from] Sandstorm
|-damage|p1a: Tsareena|46/100|[from] Sandstorm
|upkeep
|turn|4
|inactive|GammaGoGamma has 120 seconds left.
|
|t:|1632925559
|switch|p1a: Druddigon|Druddigon, M|100/100
|move|p2a: Charizard|Fire Blast|p1a: Druddigon
|-resisted|p1a: Druddigon
|-crit|p1a: Druddigon
|-damage|p1a: Druddigon|58/100
|
|-weather|Sandstorm|[upkeep]
|-damage|p2a: Charizard|38/100|[from] Sandstorm
|-damage|p1a: Druddigon|52/100|[from] Sandstorm
|upkeep
|turn|5
|
|t:|1632925568
|move|p2a: Charizard|Hurricane|p1a: Druddigon
|-damage|p1a: Druddigon|0 fnt
|faint|p1a: Druddigon
|
|-weather|none
|upkeep
|
|t:|1632925579
|switch|p1a: Galvantula|Galvantula, F|52/100
|turn|6
|
|t:|1632925586
|switch|p2a: Gigalith|Gigalith, F, shiny|100/100
|-activate|p2a: Gigalith|move: Sticky Web
|-unboost|p2a: Gigalith|spe|1
|-weather|Sandstorm|[from] ability: Sand Stream|[of] p2a: Gigalith
|move|p1a: Galvantula|Volt Switch|p2a: Gigalith
|-damage|p2a: Gigalith|84/100
|j|@ptf
|
|t:|1632925596
|switch|p1a: Hitmonlee|Hitmonlee, M|100/100|[from]move: Volt Switch
|-item|p1a: Hitmonlee|Air Balloon
|
|-weather|Sandstorm|[upkeep]
|-damage|p1a: Hitmonlee|94/100|[from] Sandstorm
|-heal|p2a: Gigalith|91/100|[from] item: Leftovers
|upkeep
|turn|7
|
|t:|1632925617
|switch|p1a: Galvantula|Galvantula, F|52/100
|switch|p2a: Jellicent|Jellicent, M|100/100
|-activate|p2a: Jellicent|move: Sticky Web
|-unboost|p2a: Jellicent|spe|1
|
|-weather|Sandstorm|[upkeep]
|-damage|p1a: Galvantula|46/100|[from] Sandstorm
|-damage|p2a: Jellicent|94/100|[from] Sandstorm
|upkeep
|turn|8
|
|t:|1632925635
|switch|p2a: Gigalith|Gigalith, F, shiny|91/100
|-activate|p2a: Gigalith|move: Sticky Web
|-unboost|p2a: Gigalith|spe|1
|move|p1a: Galvantula|Volt Switch|p2a: Gigalith
|-damage|p2a: Gigalith|77/100
|
|t:|1632925648
|switch|p1a: Tsareena|Tsareena, F|46/100|[from]move: Volt Switch
|
|-weather|Sandstorm|[upkeep]
|-damage|p1a: Tsareena|40/100|[from] Sandstorm
|-heal|p2a: Gigalith|83/100|[from] item: Leftovers
|upkeep
|turn|9
|
|t:|1632925656
|switch|p2a: Ferroseed|Ferroseed, F, shiny|100/100
|-activate|p2a: Ferroseed|move: Sticky Web
|-unboost|p2a: Ferroseed|spe|1
|move|p1a: Tsareena|Power Whip|p2a: Ferroseed
|-resisted|p2a: Ferroseed
|-damage|p2a: Ferroseed|90/100
|-damage|p1a: Tsareena|28/100|[from] ability: Iron Barbs|[of] p2a: Ferroseed
|
|-weather|Sandstorm|[upkeep]
|-damage|p1a: Tsareena|22/100|[from] Sandstorm
|upkeep
|turn|10
|j| bound 2 forget x2
|inactive|alpaga du sud has 120 seconds left.
|
|t:|1632925679
|switch|p1a: Hitmonlee|Hitmonlee, M|94/100
|-item|p1a: Hitmonlee|Air Balloon
|move|p2a: Ferroseed|Spikes|p1a: Hitmonlee
|-sidestart|p1: alpaga du sud|Spikes
|
|-weather|none
|upkeep
|turn|11
|inactive|alpaga du sud has 120 seconds left.
|
|t:|1632925689
|move|p2a: Ferroseed|Protect|p2a: Ferroseed
|-singleturn|p2a: Ferroseed|Protect
|move|p1a: Hitmonlee|Poison Jab|p2a: Ferroseed
|-activate|p2a: Ferroseed|move: Protect
|
|upkeep
|turn|12
|
|t:|1632925702
|move|p1a: Hitmonlee|Poison Jab|p2a: Ferroseed
|-immune|p2a: Ferroseed
|move|p2a: Ferroseed|Gyro Ball|p1a: Hitmonlee
|-damage|p1a: Hitmonlee|27/100
|-enditem|p1a: Hitmonlee|Air Balloon
|
|upkeep
|turn|13
|l|@ptf
|
|t:|1632925709
|move|p2a: Ferroseed|Protect|p2a: Ferroseed
|-singleturn|p2a: Ferroseed|Protect
|move|p1a: Hitmonlee|High Jump Kick|p2a: Ferroseed
|-activate|p2a: Ferroseed|move: Protect
|-damage|p1a: Hitmonlee|0 fnt|[from] highjumpkick
|faint|p1a: Hitmonlee
|
|upkeep
|
|t:|1632925722
|switch|p1a: Silvally|Silvally-Steel|100/100
|-damage|p1a: Silvally|88/100|[from] Spikes
|turn|14
|
|t:|1632925738
|move|p1a: Silvally|U-turn|p2a: Ferroseed
|-damage|p2a: Ferroseed|78/100
|-damage|p1a: Silvally|76/100|[from] ability: Iron Barbs|[of] p2a: Ferroseed
|l| Schizolab
|
|t:|1632925746
|switch|p1a: Articuno|Articuno-Galar|100/100|[from]move: U-turn
|move|p2a: Ferroseed|Leech Seed|p1a: Articuno
|-start|p1a: Articuno|move: Leech Seed
|
|-damage|p1a: Articuno|88/100|[from] Leech Seed|[of] p2a: Ferroseed
|-heal|p2a: Ferroseed|92/100|[silent]
|upkeep
|turn|15
|
|t:|1632925753
|switch|p1a: Galvantula|Galvantula, F|46/100
|-damage|p1a: Galvantula|34/100|[from] Spikes
|switch|p2a: Gigalith|Gigalith, F, shiny|83/100
|-activate|p2a: Gigalith|move: Sticky Web
|-unboost|p2a: Gigalith|spe|1
|-weather|Sandstorm|[from] ability: Sand Stream|[of] p2a: Gigalith
|
|-weather|Sandstorm|[upkeep]
|-damage|p1a: Galvantula|28/100|[from] Sandstorm
|-heal|p2a: Gigalith|89/100|[from] item: Leftovers
|upkeep
|turn|16
|
|t:|1632925759
|move|p1a: Galvantula|Volt Switch|p2a: Gigalith
|-damage|p2a: Gigalith|73/100
|
|t:|1632925765
|switch|p1a: Tsareena|Tsareena, F|22/100|[from]move: Volt Switch
|-damage|p1a: Tsareena|9/100|[from] Spikes
|move|p2a: Gigalith|Stealth Rock|p1a: Tsareena
|-sidestart|p1: alpaga du sud|move: Stealth Rock
|
|-weather|Sandstorm|[upkeep]
|-damage|p1a: Tsareena|3/100|[from] Sandstorm
|-heal|p2a: Gigalith|80/100|[from] item: Leftovers
|upkeep
|turn|17
|
|t:|1632925773
|switch|p2a: Jellicent|Jellicent, M|94/100
|-activate|p2a: Jellicent|move: Sticky Web
|-unboost|p2a: Jellicent|spe|1
|move|p1a: Tsareena|Knock Off|p2a: Jellicent
|-supereffective|p2a: Jellicent
|-enditem|p2a: Jellicent|Colbur Berry|[eat]
|-enditem|p2a: Jellicent|Colbur Berry|[weaken]
|-damage|p2a: Jellicent|68/100
|
|-weather|Sandstorm|[upkeep]
|-damage|p1a: Tsareena|0 fnt|[from] Sandstorm
|-damage|p2a: Jellicent|62/100|[from] Sandstorm
|faint|p1a: Tsareena
|upkeep
|
|t:|1632925790
|switch|p1a: Articuno|Articuno-Galar|88/100
|-damage|p1a: Articuno|63/100|[from] Stealth Rock
|turn|18
|
|t:|1632925810
|switch|p2a: Gigalith|Gigalith, F, shiny|80/100
|-activate|p2a: Gigalith|move: Sticky Web
|-unboost|p2a: Gigalith|spe|1
|move|p1a: Articuno|Shadow Ball|p2a: Gigalith
|-damage|p2a: Gigalith|58/100
|
|-weather|Sandstorm|[upkeep]
|-damage|p1a: Articuno|57/100|[from] Sandstorm
|-heal|p2a: Gigalith|64/100|[from] item: Leftovers
|upkeep
|turn|19
|
|t:|1632925820
|switch|p1a: Galvantula|Galvantula, F|28/100
|-damage|p1a: Galvantula|15/100|[from] Spikes
|-damage|p1a: Galvantula|0 fnt|[from] Stealth Rock
|faint|p1a: Galvantula
|move|p2a: Gigalith|Rock Blast|p1: Galvantula|[notarget]
|-fail|p2a: Gigalith
|
|-weather|none
|-heal|p2a: Gigalith|71/100|[from] item: Leftovers
|upkeep
|
|t:|1632925822
|switch|p1a: Silvally|Silvally-Steel|76/100
|-damage|p1a: Silvally|70/100|[from] Stealth Rock
|-damage|p1a: Silvally|57/100|[from] Spikes
|turn|20
|
|t:|1632925828
|switch|p2a: Jellicent|Jellicent, M|62/100
|-activate|p2a: Jellicent|move: Sticky Web
|-unboost|p2a: Jellicent|spe|1
|move|p1a: Silvally|Swords Dance|p1a: Silvally
|-boost|p1a: Silvally|atk|2
|
|upkeep
|turn|21
|
|t:|1632925834
|move|p1a: Silvally|Dragon Claw|p2a: Jellicent
|-damage|p2a: Jellicent|27/100
|-start|p1a: Silvally|Disable|Dragon Claw|[from] ability: Cursed Body|[of] p2a: Jellicent
|move|p2a: Jellicent|Will-O-Wisp|p1a: Silvally
|-status|p1a: Silvally|brn
|
|-damage|p1a: Silvally|51/100 brn|[from] brn
|upkeep
|turn|22
|
|t:|1632925840
|move|p1a: Silvally|U-turn|p2a: Jellicent
|-resisted|p2a: Jellicent
|-damage|p2a: Jellicent|20/100
|
|t:|1632925843
|switch|p1a: Articuno|Articuno-Galar|57/100|[from]move: U-turn
|-damage|p1a: Articuno|32/100|[from] Stealth Rock
|move|p2a: Jellicent|Recover|p2a: Jellicent
|-heal|p2a: Jellicent|70/100
|
|upkeep
|turn|23
|-message|alpaga du sud forfeited.
|
|win|GammaGoGamma
|n|☆alpaga du sud|alpagadusud
|n|☆GammaGoGamma|gammagogamma
|n| bound 2 forget x2|bound2forgetx2
|l|☆alpaga du sud
