|j|☆sicksickboy
|j|☆Haffling test
|t:|1649172215
|gametype|singles
|player|p1|sicksickboy|furisodegirl-pink|1216
|player|p2|Haffling test|cyrus|1460
|teamsize|p1|6
|teamsize|p2|6
|gen|8
|tier|[Gen 8] PU
|rated|
|rule|Sleep Clause Mod: Limit one foe put to sleep
|rule|Species Clause: Limit one of each Pokémon
|rule|OHKO Clause: OHKO moves are banned
|rule|Evasion Moves Clause: Evasion moves are banned
|rule|Endless Battle Clause: Forcing endless battles is banned
|rule|HP Percentage Mod: HP is shown in percentages
|rule|Dynamax Clause: You cannot dynamax
|clearpoke
|poke|p1|Silvally-*|
|poke|p1|Audino, F|
|poke|p1|Articuno-Galar|
|poke|p1|Falinks|
|poke|p1|Magneton|
|poke|p1|Sandslash, F|
|poke|p2|Vanilluxe, M|
|poke|p2|Togedemaru, M|
|poke|p2|Garbodor, F|
|poke|p2|Appletun, F|
|poke|p2|Comfey, F|
|poke|p2|Regirock|
|teampreview
|
|t:|1649172244
|start
|switch|p1a: Sandslash|Sandslash, F|100/100
|switch|p2a: Garbodor|Garbodor, F|100/100
|turn|1
|
|t:|1649172250
|switch|p2a: Appletun|Appletun, F|100/100
|move|p1a: Sandslash|Stealth Rock|p2a: Appletun
|-sidestart|p2: Haffling test|move: Stealth Rock
|
|upkeep
|turn|2
|
|t:|1649172256
|switch|p1a: Audino|Audino, F|100/100
|move|p2a: Appletun|Draco Meteor|p1a: Audino
|-damage|p1a: Audino|57/100
|-unboost|p2a: Appletun|spa|2
|
|upkeep
|turn|3
|
|t:|1649172262
|switch|p1a: Magneton|Magneton|100/100
|switch|p2a: Garbodor|Garbodor, F|100/100
|-damage|p2a: Garbodor|88/100|[from] Stealth Rock
|
|upkeep
|turn|4
|
|t:|1649172267
|move|p1a: Magneton|Volt Switch|p2a: Garbodor
|-damage|p2a: Garbodor|20/100
|
|t:|1649172272
|switch|p1a: Sandslash|Sandslash, F|100/100|[from]move: Volt Switch
|move|p2a: Garbodor|Toxic Spikes|p1a: Sandslash
|-sidestart|p1: sicksickboy|move: Toxic Spikes
|
|upkeep
|turn|5
|
|t:|1649172277
|switch|p2a: Appletun|Appletun, F|100/100
|move|p1a: Sandslash|Rapid Spin|p2a: Appletun
|-damage|p2a: Appletun|87/100
|-boost|p1a: Sandslash|spe|1
|-sideend|p1: sicksickboy|Toxic Spikes|[from] move: Rapid Spin|[of] p1a: Sandslash
|
|upkeep
|turn|6
|
|t:|1649172283
|switch|p1a: Audino|Audino, F|90/100
|move|p2a: Appletun|Leech Seed|p1a: Audino
|-start|p1a: Audino|move: Leech Seed
|
|-damage|p1a: Audino|78/100|[from] Leech Seed|[of] p2a: Appletun
|-heal|p2a: Appletun|99/100|[silent]
|upkeep
|turn|7
|
|t:|1649172291
|move|p1a: Audino|Encore|p2a: Appletun
|-start|p2a: Appletun|Encore
|move|p2a: Appletun|Leech Seed||[still]
|-fail|p2a: Appletun
|
|-damage|p1a: Audino|66/100|[from] Leech Seed|[of] p2a: Appletun
|-heal|p2a: Appletun|100/100|[silent]
|upkeep
|turn|8
|
|t:|1649172300
|switch|p2a: Comfey|Comfey, F|100/100
|move|p1a: Audino|Knock Off|p2a: Comfey
|-resisted|p2a: Comfey
|-damage|p2a: Comfey|94/100
|-enditem|p2a: Comfey|Heavy-Duty Boots|[from] move: Knock Off|[of] p1a: Audino
|
|-damage|p1a: Audino|53/100|[from] Leech Seed|[of] p2a: Comfey
|-heal|p2a: Comfey|100/100|[silent]
|upkeep
|turn|9
|
|t:|1649172305
|move|p2a: Comfey|U-turn|p1a: Audino
|-damage|p1a: Audino|45/100
|
|t:|1649172307
|switch|p2a: Togedemaru|Togedemaru, M|100/100|[from]move: U-turn
|-damage|p2a: Togedemaru|95/100|[from] Stealth Rock
|move|p1a: Audino|Encore||[still]
|-fail|p1a: Audino
|
|-heal|p2a: Togedemaru|100/100|[from] item: Leftovers
|-damage|p1a: Audino|32/100|[from] Leech Seed|[of] p2a: Togedemaru
|upkeep
|turn|10
|
|t:|1649172313
|switch|p1a: Magneton|Magneton|100/100
|move|p2a: Togedemaru|Wish|p2a: Togedemaru
|
|upkeep
|turn|11
|
|t:|1649172320
|move|p1a: Magneton|Volt Switch|p2a: Togedemaru
|-ability|p2a: Togedemaru|Lightning Rod|boost
|-boost|p2a: Togedemaru|spa|1
|move|p2a: Togedemaru|U-turn|p1a: Magneton
|-resisted|p1a: Magneton
|-damage|p1a: Magneton|89/100
|
|t:|1649172324
|switch|p2a: Garbodor|Garbodor, F|20/100|[from]move: U-turn
|-damage|p2a: Garbodor|7/100|[from] Stealth Rock
|
|-heal|p2a: Garbodor|59/100|[from] move: Wish|[wisher] Togedemaru
|upkeep
|turn|12
|
|t:|1649172327
|switch|p2a: Togedemaru|Togedemaru, M|100/100
|-damage|p2a: Togedemaru|95/100|[from] Stealth Rock
|move|p1a: Magneton|Volt Switch|p2a: Togedemaru
|-ability|p2a: Togedemaru|Lightning Rod|boost
|-boost|p2a: Togedemaru|spa|1
|
|-heal|p2a: Togedemaru|100/100|[from] item: Leftovers
|upkeep
|turn|13
|
|t:|1649172331
|switch|p1a: Audino|Audino, F|66/100
|move|p2a: Togedemaru|Wish|p2a: Togedemaru
|
|upkeep
|turn|14
|
|t:|1649172337
|move|p2a: Togedemaru|U-turn|p1a: Audino
|-damage|p1a: Audino|50/100
|
|t:|1649172340
|switch|p2a: Garbodor|Garbodor, F|59/100|[from]move: U-turn
|-damage|p2a: Garbodor|47/100|[from] Stealth Rock
|move|p1a: Audino|Knock Off|p2a: Garbodor
|-damage|p2a: Garbodor|33/100
|-damage|p1a: Audino|34/100|[from] item: Rocky Helmet|[of] p2a: Garbodor
|-enditem|p2a: Garbodor|Rocky Helmet|[from] move: Knock Off|[of] p1a: Audino
|
|-heal|p2a: Garbodor|85/100|[from] move: Wish|[wisher] Togedemaru
|upkeep
|turn|15
|
|t:|1649172346
|switch|p1a: Sandslash|Sandslash, F|100/100
|move|p2a: Garbodor|Toxic Spikes|p1a: Sandslash
|-sidestart|p1: sicksickboy|move: Toxic Spikes
|
|upkeep
|turn|16
|
|t:|1649172355
|switch|p2a: Appletun|Appletun, F|100/100
|move|p1a: Sandslash|Rapid Spin|p2a: Appletun
|-crit|p2a: Appletun
|-damage|p2a: Appletun|77/100
|-boost|p1a: Sandslash|spe|1
|-sideend|p1: sicksickboy|Toxic Spikes|[from] move: Rapid Spin|[of] p1a: Sandslash
|
|upkeep
|turn|17
|
|t:|1649172361
|switch|p1a: Audino|Audino, F|67/100
|move|p2a: Appletun|Draco Meteor|p1a: Audino
|-damage|p1a: Audino|27/100
|-unboost|p2a: Appletun|spa|2
|
|upkeep
|turn|18
|
|t:|1649172367
|switch|p2a: Togedemaru|Togedemaru, M|100/100
|-damage|p2a: Togedemaru|95/100|[from] Stealth Rock
|move|p1a: Audino|Wish|p1a: Audino
|
|-heal|p2a: Togedemaru|100/100|[from] item: Leftovers
|upkeep
|turn|19
|
|t:|1649172380
|switch|p1a: Silvally|Silvally-Ghost|100/100
|move|p2a: Togedemaru|U-turn|p1a: Silvally
|-resisted|p1a: Silvally
|-damage|p1a: Silvally|93/100
|
|t:|1649172389
|switch|p2a: Regirock|Regirock|100/100|[from]move: U-turn
|-damage|p2a: Regirock|88/100|[from] Stealth Rock
|
|-heal|p1a: Silvally|100/100|[from] move: Wish|[wisher] Audino
|-heal|p2a: Regirock|94/100|[from] item: Leftovers
|upkeep
|turn|20
|
|t:|1649172397
|move|p1a: Silvally|Parting Shot|p2a: Regirock
|-fail|p2a: Regirock|unboost|[from] ability: Clear Body|[of] p2a: Regirock
|move|p2a: Regirock|Stealth Rock|p1a: Silvally
|-sidestart|p1: sicksickboy|move: Stealth Rock
|
|-heal|p2a: Regirock|99/100|[from] item: Leftovers
|upkeep
|turn|21
|
|t:|1649172400
|move|p1a: Silvally|Thunder Wave|p2a: Regirock
|-status|p2a: Regirock|par
|cant|p2a: Regirock|par
|
|-heal|p2a: Regirock|100/100 par|[from] item: Leftovers
|upkeep
|turn|22
|
|t:|1649172406
|switch|p1a: Sandslash|Sandslash, F|100/100
|cant|p2a: Regirock|par
|
|upkeep
|turn|23
|
|t:|1649172413
|move|p1a: Sandslash|Spikes|p2a: Regirock
|-sidestart|p2: Haffling test|Spikes
|move|p2a: Regirock|Body Press|p1a: Sandslash
|-damage|p1a: Sandslash|62/100
|
|upkeep
|turn|24
|
|t:|1649172418
|switch|p2a: Appletun|Appletun, F|77/100
|move|p1a: Sandslash|Rapid Spin|p2a: Appletun
|-damage|p2a: Appletun|62/100
|-boost|p1a: Sandslash|spe|1
|-sideend|p1: sicksickboy|Stealth Rock|[from] move: Rapid Spin|[of] p1a: Sandslash
|
|upkeep
|turn|25
|
|t:|1649172426
|switch|p1a: Magneton|Magneton|89/100
|move|p2a: Appletun|Draco Meteor|p1a: Magneton|[miss]
|-miss|p2a: Appletun|p1a: Magneton
|
|upkeep
|turn|26
|
|t:|1649172436
|switch|p1a: Audino|Audino, F|60/100
|move|p2a: Appletun|Recover|p2a: Appletun
|-heal|p2a: Appletun|100/100
|
|upkeep
|turn|27
|
|t:|1649172446
|switch|p2a: Comfey|Comfey, F|100/100
|-damage|p2a: Comfey|88/100|[from] Spikes
|-damage|p2a: Comfey|76/100|[from] Stealth Rock
|move|p1a: Audino|Wish|p1a: Audino
|
|upkeep
|turn|28
|
|t:|1649172460
|switch|p1a: Articuno|Articuno-Galar|100/100
|move|p2a: Comfey|Defog|p1a: Articuno
|-unboost|p1a: Articuno|evasion|1
|-ability|p1a: Articuno|Competitive
|-boost|p1a: Articuno|spa|2
|-sideend|p2: Haffling test|Spikes|[from] move: Defog|[of] p2a: Comfey
|-sideend|p2: Haffling test|Stealth Rock|[from] move: Defog|[of] p2a: Comfey
|
|upkeep
|turn|29
|
|t:|1649172466
|switch|p2a: Togedemaru|Togedemaru, M|100/100
|move|p1a: Articuno|Substitute|p1a: Articuno
|-start|p1a: Articuno|Substitute
|-damage|p1a: Articuno|76/100
|
|upkeep
|turn|30
|
|t:|1649172474
|move|p1a: Articuno|Calm Mind|p1a: Articuno
|-boost|p1a: Articuno|spa|1
|-boost|p1a: Articuno|spd|1
|move|p2a: Togedemaru|Iron Head|p1a: Articuno
|-activate|p1a: Articuno|move: Substitute|[damage]
|
|upkeep
|turn|31
|
|t:|1649172479
|move|p1a: Articuno|Calm Mind|p1a: Articuno
|-boost|p1a: Articuno|spa|1
|-boost|p1a: Articuno|spd|1
|move|p2a: Togedemaru|Iron Head|p1a: Articuno
|-end|p1a: Articuno|Substitute
|
|upkeep
|turn|32
|
|t:|1649172482
|move|p1a: Articuno|Substitute|p1a: Articuno
|-start|p1a: Articuno|Substitute
|-damage|p1a: Articuno|51/100
|move|p2a: Togedemaru|Iron Head|p1a: Articuno
|-activate|p1a: Articuno|move: Substitute|[damage]
|
|upkeep
|turn|33
|
|t:|1649172488
|move|p1a: Articuno|Calm Mind|p1a: Articuno
|-boost|p1a: Articuno|spa|1
|-boost|p1a: Articuno|spd|1
|move|p2a: Togedemaru|Iron Head|p1a: Articuno
|-end|p1a: Articuno|Substitute
|
|upkeep
|turn|34
|
|t:|1649172496
|move|p1a: Articuno|Substitute|p1a: Articuno
|-start|p1a: Articuno|Substitute
|-damage|p1a: Articuno|26/100
|move|p2a: Togedemaru|Iron Head|p1a: Articuno
|-activate|p1a: Articuno|move: Substitute|[damage]
|
|upkeep
|turn|35
|
|t:|1649172503
|move|p1a: Articuno|Recover|p1a: Articuno
|-heal|p1a: Articuno|76/100
|move|p2a: Togedemaru|Iron Head|p1a: Articuno
|-end|p1a: Articuno|Substitute
|
|upkeep
|turn|36
|
|t:|1649172507
|move|p1a: Articuno|Substitute|p1a: Articuno
|-start|p1a: Articuno|Substitute
|-damage|p1a: Articuno|51/100
|move|p2a: Togedemaru|U-turn|p1a: Articuno
|-activate|p1a: Articuno|move: Substitute|[damage]
|
|t:|1649172510
|switch|p2a: Vanilluxe|Vanilluxe, M|100/100|[from]move: U-turn
|-weather|Hail|[from] ability: Snow Warning|[of] p2a: Vanilluxe
|
|-weather|Hail|[upkeep]
|-damage|p1a: Articuno|45/100|[from] Hail
|upkeep
|turn|37
|
|t:|1649172526
|switch|p2a: Togedemaru|Togedemaru, M|100/100
|move|p1a: Articuno|Stored Power|p2a: Togedemaru
|-resisted|p2a: Togedemaru
|-damage|p2a: Togedemaru|0 fnt
|faint|p2a: Togedemaru
|
|-weather|Hail|[upkeep]
|-damage|p1a: Articuno|39/100|[from] Hail
|upkeep
|
|t:|1649172535
|switch|p2a: Vanilluxe|Vanilluxe, M|100/100
|turn|38
|
|t:|1649172538
|move|p2a: Vanilluxe|Blizzard|p1a: Articuno
|-supereffective|p1a: Articuno
|-end|p1a: Articuno|Substitute
|move|p1a: Articuno|Stored Power|p2a: Vanilluxe
|-damage|p2a: Vanilluxe|0 fnt
|faint|p2a: Vanilluxe
|
|-weather|Hail|[upkeep]
|-damage|p1a: Articuno|33/100|[from] Hail
|upkeep
|
|t:|1649172545
|switch|p2a: Garbodor|Garbodor, F|85/100
|turn|39
|
|t:|1649172549
|move|p1a: Articuno|Stored Power|p2a: Garbodor
|-supereffective|p2a: Garbodor
|-damage|p2a: Garbodor|0 fnt
|faint|p2a: Garbodor
|
|-weather|Hail|[upkeep]
|-damage|p1a: Articuno|27/100|[from] Hail
|upkeep
|
|t:|1649172555
|switch|p2a: Comfey|Comfey, F|76/100
|turn|40
|
|t:|1649172557
|move|p2a: Comfey|Draining Kiss|p1a: Articuno
|-damage|p1a: Articuno|22/100
|-heal|p2a: Comfey|81/100|[from] drain|[of] p1a: Articuno
|-enditem|p1a: Articuno|Salac Berry|[eat]
|-boost|p1a: Articuno|spe|1|[from] item: Salac Berry
|move|p1a: Articuno|Recover|p1a: Articuno
|-heal|p1a: Articuno|72/100
|
|-weather|none
|upkeep
|turn|41
|c|☆Haffling test|Lol
|c|☆sicksickboy|hahahaa i win
|c|☆sicksickboy|i predicted the defog
|c|☆Haffling test|What is this set even
|
|t:|1649172583
|move|p2a: Comfey|Draining Kiss|p1a: Articuno
|-damage|p1a: Articuno|67/100
|-heal|p2a: Comfey|86/100|[from] drain|[of] p1a: Articuno
|move|p1a: Articuno|Stored Power|p2a: Comfey
|-damage|p2a: Comfey|0 fnt
|faint|p2a: Comfey
|
|upkeep
|c|☆sicksickboy|nobody runs dark types
|c|☆sicksickboy|in this format
|c|☆Haffling test|Lmao
|c|☆sicksickboy|theres like2
|c|☆Haffling test|That just not true boddy
|
|t:|1649172607
|switch|p2a: Appletun|Appletun, F|100/100
|turn|42
|
|t:|1649172611
|move|p1a: Articuno|Stored Power|p2a: Appletun
|-damage|p2a: Appletun|0 fnt
|faint|p2a: Appletun
|
|upkeep
|
|t:|1649172614
|switch|p2a: Regirock|Regirock|100/100 par
|turn|43
|
|t:|1649172615
|move|p1a: Articuno|Stored Power|p2a: Regirock
|-damage|p2a: Regirock|0 fnt
|faint|p2a: Regirock
|
|win|sicksickboy
|raw|sicksickboy's rating: 1216 &rarr; <strong>1256</strong><br />(+40 for winning)
|raw|Haffling test's rating: 1460 &rarr; <strong>1428</strong><br />(-32 for losing)
|c|☆sicksickboy|gg
|c|☆Haffling test|Ig
|l|☆sicksickboy
