|j|☆bagoftrixx
|j|☆allstarapology
|t:|1616026432
|player|p1|bagoftrixx|blue-gen7|
|player|p2|allstarapology|bianca-pwt|
|teamsize|p1|6
|teamsize|p2|6
|gametype|singles
|gen|8
|tier|[Gen 8] PU
|rated|Tournament battle
|clearpoke
|poke|p1|Archeops, M|
|poke|p1|Whimsicott, F|
|poke|p1|Toxicroak, M|
|poke|p1|Stunfisk-Galar, M|
|poke|p1|Guzzlord|
|poke|p1|Charizard, F|
|poke|p2|Sawk, M|
|poke|p2|Uxie|
|poke|p2|Garbodor, M|
|poke|p2|Talonflame, M|
|poke|p2|Heliolisk, M|
|poke|p2|Trevenant, F|
|rule|Sleep Clause Mod: Limit one foe put to sleep
|rule|Species Clause: Limit one of each Pokémon
|rule|OHKO Clause: OHKO moves are banned
|rule|Evasion Moves Clause: Evasion moves are banned
|rule|Endless Battle Clause: Forcing endless battles is banned
|rule|HP Percentage Mod: HP is shown in percentages
|rule|Dynamax Clause: You cannot dynamax
|teampreview
|j| Oathkeepre
|j| rundown
|j| PlasticStan
|c|☆bagoftrixx|hfhfhfhhfhfhfhffhfhfhfhfhfhfhfhfhfhfhfhfhfhfhf
|j| Gva
|c|☆allstarapology|u2
|c|☆allstarapology|u2
|c|☆allstarapology|u2
|c| Oathkeepre|well
|c| Oathkeepre|this really Sawks for bagoftrixx
|j|+gum
|c|☆bagoftrixx|shoe
|c|+gum|sawk dn lol
|j|+Roonie217
|j| Mercedes 450 SLC
|
|t:|1616026490
|start
|switch|p1a: Guzzlord|Guzzlord|100/100
|switch|p2a: Sawk|Sawk, M|100/100
|-ability|p2a: Sawk|Mold Breaker
|turn|1
|c|☆bagoftrixx|O.O
|j|+Avarice
|j|+tjay
|c|+Avarice|mold: broken
|c|☆bagoftrixx|not my mold!
|
|t:|1616026524
|switch|p1a: Charizard|Charizard, F|100/100
|move|p2a: Sawk|Close Combat|p1a: Charizard
|-resisted|p1a: Charizard
|-damage|p1a: Charizard|38/100
|-unboost|p2a: Sawk|def|1
|-unboost|p2a: Sawk|spd|1
|
|upkeep
|turn|2
|c|+gum|zard unviable
|c|☆bagoftrixx|ye this mon is horrible
|c|+gum|talon wouldve flame body'd
|c|+gum|btw
|c|☆bagoftrixx|i had tflame on the og version
|
|t:|1616026555
|switch|p2a: Uxie|Uxie|100/100
|move|p1a: Charizard|Roost|p1a: Charizard
|-heal|p1a: Charizard|88/100
|-singleturn|p1a: Charizard|move: Roost
|
|upkeep
|turn|3
|c|+Roonie217|Zard be like *dies*
|
|t:|1616026567
|switch|p1a: Stunfisk|Stunfisk-Galar, M|100/100
|move|p2a: Uxie|U-turn|p1a: Stunfisk
|-resisted|p1a: Stunfisk
|-damage|p1a: Stunfisk|95/100
|
|t:|1616026569
|switch|p2a: Sawk|Sawk, M|100/100|[from]move: U-turn
|-ability|p2a: Sawk|Mold Breaker
|
|-heal|p1a: Stunfisk|100/100|[from] item: Leftovers
|upkeep
|turn|4
|c|☆bagoftrixx|dont bring him back T-T
|c|☆bagoftrixx|pls
|
|t:|1616026582
|move|p2a: Sawk|Close Combat|p1a: Stunfisk
|-supereffective|p1a: Stunfisk
|-damage|p1a: Stunfisk|0 fnt
|-unboost|p2a: Sawk|def|1
|-unboost|p2a: Sawk|spd|1
|faint|p1a: Stunfisk
|
|upkeep
|c|☆bagoftrixx|LOOOOL
|c| Oathkeepre|ded
|c|☆bagoftrixx|yo this thing
|c| Oathkeepre|pancake
|c|+gum|L
|
|t:|1616026597
|switch|p1a: Whimsicott|Whimsicott, F|100/100
|turn|5
|
|t:|1616026603
|switch|p1a: Guzzlord|Guzzlord|100/100
|switch|p2a: Garbodor|Garbodor, M|100/100
|
|upkeep
|turn|6
|
|t:|1616026628
|move|p2a: Garbodor|Spikes|p1a: Guzzlord
|-sidestart|p1: bagoftrixx|Spikes
|move|p1a: Guzzlord|Knock Off|p2a: Garbodor
|-damage|p2a: Garbodor|56/100
|-enditem|p2a: Garbodor|Black Sludge|[from] move: Knock Off|[of] p1a: Guzzlord
|
|upkeep
|turn|7
|
|t:|1616026634
|move|p2a: Garbodor|Gunk Shot|p1a: Guzzlord
|-damage|p1a: Guzzlord|63/100
|move|p1a: Guzzlord|Knock Off|p2a: Garbodor
|-damage|p2a: Garbodor|28/100
|
|upkeep
|turn|8
|
|t:|1616026642
|switch|p1a: Charizard|Charizard, F|88/100
|move|p2a: Garbodor|Gunk Shot|p1a: Charizard
|-damage|p1a: Charizard|30/100
|
|upkeep
|turn|9
|
|t:|1616026646
|switch|p2a: Heliolisk|Heliolisk, M|100/100
|move|p1a: Charizard|Fire Blast|p2a: Heliolisk
|-damage|p2a: Heliolisk|0 fnt
|faint|p2a: Heliolisk
|
|upkeep
|j| BigConns
|
|t:|1616026664
|switch|p2a: Trevenant|Trevenant, F|100/100
|turn|10
|
|t:|1616026668
|move|p2a: Trevenant|Poltergeist|p1a: Charizard
|-activate|p1a: Charizard|move: Poltergeist|Heavy-Duty Boots
|-damage|p1a: Charizard|0 fnt
|faint|p1a: Charizard
|
|upkeep
|c|☆bagoftrixx|YOOOOO THAT'S HOT
|c| Oathkeepre|that's
|c| Oathkeepre|new
|c|+gum|omf how
|c| Oathkeepre|lol
|c|+gum|omg
|c|+gum|*
|
|t:|1616026683
|switch|p1a: Guzzlord|Guzzlord|63/100
|-damage|p1a: Guzzlord|51/100|[from] Spikes
|turn|11
|
|t:|1616026696
|switch|p2a: Garbodor|Garbodor, M|28/100
|move|p1a: Guzzlord|Knock Off|p2a: Garbodor
|-damage|p2a: Garbodor|0 fnt
|-damage|p1a: Guzzlord|26/100|[from] ability: Aftermath|[of] p2a: Garbodor
|faint|p2a: Garbodor
|-ability|p1a: Guzzlord|Beast Boost|boost
|-boost|p1a: Guzzlord|atk|1
|
|upkeep
|
|t:|1616026703
|switch|p2a: Sawk|Sawk, M|100/100
|-ability|p2a: Sawk|Mold Breaker
|turn|12
|c|☆bagoftrixx|i dare you to go sawk
|c|☆bagoftrixx|REVEAL QUICK CLAW GUZZ
|
|t:|1616026717
|move|p2a: Sawk|Close Combat|p1a: Guzzlord
|-supereffective|p1a: Guzzlord
|-damage|p1a: Guzzlord|0 fnt
|-unboost|p2a: Sawk|def|1
|-unboost|p2a: Sawk|spd|1
|faint|p1a: Guzzlord
|
|upkeep
|c|☆bagoftrixx|T-T
|
|t:|1616026730
|switch|p1a: Archeops|Archeops, M|100/100
|turn|13
|
|t:|1616026741
|move|p1a: Archeops|Dual Wingbeat|p2a: Sawk
|-supereffective|p2a: Sawk
|-damage|p2a: Sawk|0 fnt
|-hitcount|p2a: Sawk|1
|faint|p2a: Sawk
|
|upkeep
|
|t:|1616026744
|switch|p2a: Uxie|Uxie|100/100
|turn|14
|
|t:|1616026750
|move|p1a: Archeops|U-turn|p2a: Uxie
|-supereffective|p2a: Uxie
|-damage|p2a: Uxie|69/100
|
|t:|1616026752
|switch|p1a: Whimsicott|Whimsicott, F|100/100|[from]move: U-turn
|move|p2a: Uxie|Future Sight|p1a: Whimsicott
|-start|p2a: Uxie|move: Future Sight
|
|upkeep
|turn|15
|
|t:|1616026763
|switch|p2a: Talonflame|Talonflame, M|100/100
|move|p1a: Whimsicott|Defog|p2a: Talonflame
|-unboost|p2a: Talonflame|evasion|1
|-sideend|p1: bagoftrixx|Spikes|[from] move: Defog|[of] p1a: Whimsicott
|
|upkeep
|turn|16
|
|t:|1616026769
|move|p2a: Talonflame|Flare Blitz|p1a: Whimsicott
|-supereffective|p1a: Whimsicott
|-damage|p1a: Whimsicott|0 fnt
|-damage|p2a: Talonflame|77/100|[from] Recoil
|faint|p1a: Whimsicott
|
|-hint|Future Sight did not hit because the target is fainted.
|upkeep
|
|t:|1616026773
|switch|p1a: Archeops|Archeops, M|100/100
|turn|17
|
|t:|1616026781
|move|p2a: Talonflame|Toxic|p1a: Archeops
|-status|p1a: Archeops|tox
|move|p1a: Archeops|Dual Wingbeat|p2a: Talonflame
|-damage|p2a: Talonflame|51/100
|-damage|p2a: Talonflame|23/100
|-hitcount|p2a: Talonflame|2
|
|-damage|p1a: Archeops|94/100 tox|[from] psn
|upkeep
|turn|18
|
|t:|1616026786
|move|p2a: Talonflame|Roost|p2a: Talonflame
|-heal|p2a: Talonflame|73/100
|-singleturn|p2a: Talonflame|move: Roost
|move|p1a: Archeops|Dual Wingbeat|p2a: Talonflame
|-damage|p2a: Talonflame|45/100
|-damage|p2a: Talonflame|15/100
|-hitcount|p2a: Talonflame|2
|
|-damage|p1a: Archeops|82/100 tox|[from] psn
|upkeep
|turn|19
|
|t:|1616026793
|move|p2a: Talonflame|Roost|p2a: Talonflame
|-heal|p2a: Talonflame|65/100
|-singleturn|p2a: Talonflame|move: Roost
|move|p1a: Archeops|Earthquake|p2a: Talonflame
|-supereffective|p2a: Talonflame
|-damage|p2a: Talonflame|0 fnt
|faint|p2a: Talonflame
|
|-damage|p1a: Archeops|63/100 tox|[from] psn
|upkeep
|
|t:|1616026800
|switch|p2a: Uxie|Uxie|69/100
|turn|20
|
|t:|1616026821
|move|p1a: Archeops|Dual Wingbeat|p2a: Uxie
|-damage|p2a: Uxie|56/100
|-damage|p2a: Uxie|42/100
|-hitcount|p2a: Uxie|2
|move|p2a: Uxie|U-turn|p1a: Archeops
|-resisted|p1a: Archeops
|-damage|p1a: Archeops|53/100 tox
|
|t:|1616026824
|switch|p2a: Trevenant|Trevenant, F|100/100|[from]move: U-turn
|
|-damage|p1a: Archeops|28/100 tox|[from] psn
|upkeep
|turn|21
|
|t:|1616026832
|move|p1a: Archeops|Dual Wingbeat|p2a: Trevenant
|-supereffective|p2a: Trevenant
|-damage|p2a: Trevenant|69/100
|-supereffective|p2a: Trevenant
|-damage|p2a: Trevenant|40/100
|-hitcount|p2a: Trevenant|2
|move|p2a: Trevenant|Poltergeist|p1a: Archeops
|-activate|p1a: Archeops|move: Poltergeist|Heavy-Duty Boots
|-damage|p1a: Archeops|0 fnt
|faint|p1a: Archeops
|
|upkeep
|
|t:|1616026837
|switch|p1a: Toxicroak|Toxicroak, M|100/100
|turn|22
|
|t:|1616026841
|switch|p2a: Uxie|Uxie|42/100
|move|p1a: Toxicroak|Shadow Ball|p2a: Uxie
|-supereffective|p2a: Uxie
|-damage|p2a: Uxie|3/100
|-damage|p1a: Toxicroak|91/100|[from] item: Life Orb
|
|upkeep
|turn|23
|
|t:|1616026845
|move|p1a: Toxicroak|Vacuum Wave|p2a: Uxie
|-resisted|p2a: Uxie
|-damage|p2a: Uxie|0 fnt
|-damage|p1a: Toxicroak|81/100|[from] item: Life Orb
|faint|p2a: Uxie
|
|upkeep
|
|t:|1616026847
|switch|p2a: Trevenant|Trevenant, F|40/100
|turn|24
|
|t:|1616026849
|move|p2a: Trevenant|Earthquake|p1a: Toxicroak
|-supereffective|p1a: Toxicroak
|-damage|p1a: Toxicroak|0 fnt
|faint|p1a: Toxicroak
|
|win|allstarapology
|n|☆bagoftrixx|bagoftrixx
|n|☆allstarapology|allstarapology
|n| Oathkeepre|oathkeepre
|n| rundown|rundown
|n| PlasticStan|plasticstan
|n| Gva|gva
|n|+gum|gum
|n| Roonie217|roonie217
|n| Mercedes 450 SLC|mercedes450slc
|n| Avarice|avarice
|n|+tjay|tjay
|n| BigConns|bigconns
