|j|☆kingqueso141
|j|☆Drilo124
|t:|1655029342
|gametype|singles
|player|p1|kingqueso141|rosa|1311
|player|p2|Drilo124|workerice|1106
|teamsize|p1|6
|teamsize|p2|6
|gen|8
|tier|[Gen 8] PU
|rated|
|rule|Sleep Clause Mod: Limit one foe put to sleep
|rule|Species Clause: Limit one of each Pokémon
|rule|OHKO Clause: OHKO moves are banned
|rule|Evasion Moves Clause: Evasion moves are banned
|rule|Endless Battle Clause: Forcing endless battles is banned
|rule|HP Percentage Mod: HP is shown in percentages
|rule|Dynamax Clause: You cannot dynamax
|clearpoke
|poke|p1|Centiskorch, F|
|poke|p1|Articuno-Galar|
|poke|p1|Regirock|
|poke|p1|Eldegoss, M|
|poke|p1|Quagsire, M|
|poke|p1|Ribombee, M|
|poke|p2|Hitmonchan, M|
|poke|p2|Ludicolo, M|
|poke|p2|Sableye, M|
|poke|p2|Glaceon, F|
|poke|p2|Piloswine, F|
|poke|p2|Abomasnow, F|
|teampreview
|
|t:|1655029352
|start
|switch|p1a: Regirock|Regirock|100/100
|switch|p2a: Abomasnow|Abomasnow, F|100/100
|-weather|Hail|[from] ability: Snow Warning|[of] p2a: Abomasnow
|turn|1
|
|t:|1655029360
|move|p2a: Abomasnow|Aurora Veil|p2a: Abomasnow
|-sidestart|p2: Drilo124|move: Aurora Veil
|move|p1a: Regirock|Body Press|p2a: Abomasnow
|-supereffective|p2a: Abomasnow
|-damage|p2a: Abomasnow|44/100
|
|-weather|Hail|[upkeep]
|-damage|p1a: Regirock|94/100|[from] Hail
|-heal|p1a: Regirock|100/100|[from] item: Leftovers
|upkeep
|turn|2
|
|t:|1655029370
|switch|p2a: Sableye|Sableye, M|100/100
|switch|p1a: Centiskorch|Centiskorch, F|100/100
|
|-weather|Hail|[upkeep]
|-damage|p1a: Centiskorch|94/100|[from] Hail
|-damage|p2a: Sableye|95/100|[from] Hail
|-heal|p2a: Sableye|100/100|[from] item: Leftovers
|upkeep
|turn|3
|
|t:|1655029383
|switch|p2a: Piloswine|Piloswine, F|100/100
|move|p1a: Centiskorch|Fire Lash|p2a: Piloswine
|-supereffective|p2a: Piloswine
|-damage|p2a: Piloswine|85/100
|-unboost|p2a: Piloswine|def|1
|
|-weather|Hail|[upkeep]
|-damage|p1a: Centiskorch|88/100|[from] Hail
|upkeep
|turn|4
|
|t:|1655029407
|switch|p1a: Quagsire|Quagsire, M|100/100
|move|p2a: Piloswine|Earthquake|p1a: Quagsire
|-damage|p1a: Quagsire|65/100
|
|-weather|Hail|[upkeep]
|-damage|p1a: Quagsire|59/100|[from] Hail
|upkeep
|turn|5
|
|t:|1655029445
|switch|p2a: Pedro|Ludicolo, M, shiny|100/100
|move|p1a: Quagsire|Toxic|p2a: Pedro
|-status|p2a: Pedro|tox
|
|-weather|Hail|[upkeep]
|-damage|p2a: Pedro|94/100 tox|[from] Hail
|-damage|p1a: Quagsire|53/100|[from] Hail
|-heal|p2a: Pedro|100/100 tox|[from] item: Leftovers
|-damage|p2a: Pedro|94/100 tox|[from] psn
|-sideend|p2: Drilo124|move: Aurora Veil
|upkeep
|turn|6
|
|t:|1655029456
|switch|p1a: Articuno|Articuno-Galar|100/100
|move|p2a: Pedro|Blizzard|p1a: Articuno
|-supereffective|p1a: Articuno
|-damage|p1a: Articuno|29/100
|
|-weather|Hail|[upkeep]
|-damage|p1a: Articuno|23/100|[from] Hail
|-damage|p2a: Pedro|88/100 tox|[from] Hail
|-heal|p2a: Pedro|94/100 tox|[from] item: Leftovers
|-damage|p2a: Pedro|82/100 tox|[from] psn
|upkeep
|turn|7
|
|t:|1655029467
|move|p1a: Articuno|Air Slash|p2a: Pedro
|-supereffective|p2a: Pedro
|-damage|p2a: Pedro|0 fnt
|faint|p2a: Pedro
|
|-weather|Hail|[upkeep]
|-damage|p1a: Articuno|17/100|[from] Hail
|upkeep
|
|t:|1655029474
|switch|p2a: Hitmonchan|Hitmonchan, M|100/100
|turn|8
|inactive|Battle timer is ON: inactive players will automatically lose when time's up. (requested by Drilo124)
|
|t:|1655029487
|switch|p1a: Ribombee|Ribombee, M|100/100
|move|p2a: Hitmonchan|Bullet Punch|p1a: Ribombee
|-supereffective|p1a: Ribombee
|-damage|p1a: Ribombee|43/100
|
|-weather|none
|upkeep
|turn|9
|
|t:|1655029494
|switch|p1a: Regirock|Regirock|100/100
|move|p2a: Hitmonchan|Bullet Punch|p1a: Regirock
|-supereffective|p1a: Regirock
|-damage|p1a: Regirock|88/100
|
|-heal|p1a: Regirock|94/100|[from] item: Leftovers
|upkeep
|turn|10
|
|t:|1655029501
|move|p2a: Hitmonchan|Drain Punch|p1a: Regirock
|-supereffective|p1a: Regirock
|-damage|p1a: Regirock|56/100
|move|p1a: Regirock|Toxic|p2a: Hitmonchan
|-status|p2a: Hitmonchan|tox
|
|-heal|p1a: Regirock|62/100|[from] item: Leftovers
|-damage|p2a: Hitmonchan|94/100 tox|[from] psn
|upkeep
|turn|11
|
|t:|1655029510
|move|p2a: Hitmonchan|Drain Punch|p1a: Regirock
|-supereffective|p1a: Regirock
|-damage|p1a: Regirock|24/100
|-heal|p2a: Hitmonchan|100/100 tox|[from] drain|[of] p1a: Regirock
|move|p1a: Regirock|Stealth Rock|p2a: Hitmonchan
|-sidestart|p2: Drilo124|move: Stealth Rock
|
|-heal|p1a: Regirock|30/100|[from] item: Leftovers
|-damage|p2a: Hitmonchan|88/100 tox|[from] psn
|upkeep
|turn|12
|
|t:|1655029528
|switch|p1a: Quagsire|Quagsire, M|53/100
|move|p2a: Hitmonchan|Drain Punch|p1a: Quagsire
|-crit|p1a: Quagsire
|-damage|p1a: Quagsire|3/100
|-heal|p2a: Hitmonchan|100/100 tox|[from] drain|[of] p1a: Quagsire
|-damage|p2a: Hitmonchan|84/100 tox|[from] item: Rocky Helmet|[of] p1a: Quagsire
|
|-damage|p2a: Hitmonchan|65/100 tox|[from] psn
|upkeep
|turn|13
|
|t:|1655029537
|move|p2a: Hitmonchan|Bullet Punch|p1a: Quagsire
|-resisted|p1a: Quagsire
|-crit|p1a: Quagsire
|-damage|p1a: Quagsire|0 fnt
|-damage|p2a: Hitmonchan|49/100 tox|[from] item: Rocky Helmet|[of] p1a: Quagsire
|faint|p1a: Quagsire
|
|-damage|p2a: Hitmonchan|24/100 tox|[from] psn
|upkeep
|
|t:|1655029549
|switch|p1a: Eldegoss|Eldegoss, M|100/100
|turn|14
|
|t:|1655029556
|switch|p2a: Abomasnow|Abomasnow, F|44/100
|-damage|p2a: Abomasnow|19/100|[from] Stealth Rock
|-weather|Hail|[from] ability: Snow Warning|[of] p2a: Abomasnow
|move|p1a: Eldegoss|Giga Drain|p2a: Abomasnow
|-resisted|p2a: Abomasnow
|-damage|p2a: Abomasnow|6/100
|
|-weather|Hail|[upkeep]
|-damage|p1a: Eldegoss|94/100|[from] Hail
|upkeep
|turn|15
|
|t:|1655029568
|move|p2a: Abomasnow|Aurora Veil|p2a: Abomasnow
|-sidestart|p2: Drilo124|move: Aurora Veil
|move|p1a: Eldegoss|Giga Drain|p2a: Abomasnow
|-resisted|p2a: Abomasnow
|-damage|p2a: Abomasnow|0 fnt
|-heal|p1a: Eldegoss|97/100|[from] drain|[of] p2a: Abomasnow
|faint|p2a: Abomasnow
|
|-weather|Hail|[upkeep]
|-damage|p1a: Eldegoss|91/100|[from] Hail
|upkeep
|
|t:|1655029577
|switch|p2a: Glaceon|Glaceon, F|100/100
|-damage|p2a: Glaceon|76/100|[from] Stealth Rock
|turn|16
|
|t:|1655029583
|move|p2a: Glaceon|Blizzard|p1a: Eldegoss
|-supereffective|p1a: Eldegoss
|-damage|p1a: Eldegoss|0 fnt
|faint|p1a: Eldegoss
|
|-weather|Hail|[upkeep]
|-heal|p2a: Glaceon|82/100|[from] ability: Ice Body
|upkeep
|
|t:|1655029595
|switch|p1a: Regirock|Regirock|30/100
|turn|17
|
|t:|1655029598
|move|p2a: Glaceon|Blizzard|p1a: Regirock
|-damage|p1a: Regirock|0 fnt
|faint|p1a: Regirock
|
|-weather|Hail|[upkeep]
|-heal|p2a: Glaceon|88/100|[from] ability: Ice Body
|upkeep
|
|t:|1655029601
|switch|p1a: Centiskorch|Centiskorch, F|88/100
|turn|18
|
|t:|1655029605
|move|p2a: Glaceon|Blizzard|p1a: Centiskorch
|-resisted|p1a: Centiskorch
|-damage|p1a: Centiskorch|41/100
|move|p1a: Centiskorch|Fire Lash|p2a: Glaceon
|-supereffective|p2a: Glaceon
|-damage|p2a: Glaceon|35/100
|-unboost|p2a: Glaceon|def|1
|
|-weather|Hail|[upkeep]
|-heal|p2a: Glaceon|41/100|[from] ability: Ice Body
|-damage|p1a: Centiskorch|35/100|[from] Hail
|upkeep
|turn|19
|
|t:|1655029619
|move|p1a: Centiskorch|Fire Lash|p2a: Glaceon
|-supereffective|p2a: Glaceon
|-crit|p2a: Glaceon
|-damage|p2a: Glaceon|0 fnt
|faint|p2a: Glaceon
|
|-weather|Hail|[upkeep]
|-damage|p1a: Centiskorch|28/100|[from] Hail
|-sideend|p2: Drilo124|move: Aurora Veil
|upkeep
|
|t:|1655029628
|switch|p2a: Piloswine|Piloswine, F|85/100
|-damage|p2a: Piloswine|73/100|[from] Stealth Rock
|turn|20
|
|t:|1655029636
|move|p2a: Piloswine|Ice Shard|p1a: Centiskorch
|-resisted|p1a: Centiskorch
|-damage|p1a: Centiskorch|14/100
|move|p1a: Centiskorch|Power Whip|p2a: Piloswine
|-supereffective|p2a: Piloswine
|-damage|p2a: Piloswine|17/100
|
|-weather|Hail|[upkeep]
|-damage|p1a: Centiskorch|8/100|[from] Hail
|upkeep
|turn|21
|
|t:|1655029645
|move|p2a: Piloswine|Ice Shard|p1a: Centiskorch
|-resisted|p1a: Centiskorch
|-damage|p1a: Centiskorch|0 fnt
|faint|p1a: Centiskorch
|
|-weather|none
|upkeep
|
|t:|1655029649
|switch|p1a: Ribombee|Ribombee, M|43/100
|turn|22
|
|t:|1655029653
|move|p2a: Piloswine|Ice Shard|p1a: Ribombee
|-damage|p1a: Ribombee|7/100
|move|p1a: Ribombee|Moonblast|p2a: Piloswine
|-damage|p2a: Piloswine|0 fnt
|faint|p2a: Piloswine
|
|upkeep
|
|t:|1655029662
|switch|p2a: Hitmonchan|Hitmonchan, M|24/100 tox
|turn|23
|
|t:|1655029664
|move|p2a: Hitmonchan|Bullet Punch|p1a: Ribombee
|-supereffective|p1a: Ribombee
|-damage|p1a: Ribombee|0 fnt
|faint|p1a: Ribombee
|
|-damage|p2a: Hitmonchan|18/100 tox|[from] psn
|upkeep
|
|t:|1655029667
|switch|p1a: Articuno|Articuno-Galar|17/100
|turn|24
|
|t:|1655029672
|move|p2a: Hitmonchan|Bullet Punch|p1a: Articuno
|-crit|p1a: Articuno
|-damage|p1a: Articuno|0 fnt
|faint|p1a: Articuno
|
|win|Drilo124
|raw|kingqueso141's rating: 1311 &rarr; <strong>1280</strong><br />(-31 for losing)
|raw|Drilo124's rating: 1106 &rarr; <strong>1144</strong><br />(+38 for winning)
|c|☆kingqueso141|gg
|c|☆Drilo124|ggs
|l|☆kingqueso141
