|j|☆cafay sukray
|j|☆Uberfiend
|t:|1643678952
|gametype|singles
|player|p1|cafay sukray|swimmer-gen4dp|1516
|player|p2|Uberfiend|pokefan-gen4|1344
|teamsize|p1|6
|teamsize|p2|6
|gen|8
|tier|[Gen 8] PU
|rated|
|rule|Sleep Clause Mod: Limit one foe put to sleep
|rule|Species Clause: Limit one of each Pokémon
|rule|OHKO Clause: OHKO moves are banned
|rule|Evasion Moves Clause: Evasion moves are banned
|rule|Endless Battle Clause: Forcing endless battles is banned
|rule|HP Percentage Mod: HP is shown in percentages
|rule|Dynamax Clause: You cannot dynamax
|clearpoke
|poke|p1|Whimsicott, M|
|poke|p1|Jellicent, F|
|poke|p1|Ferroseed, F|
|poke|p1|Gigalith, F|
|poke|p1|Weezing, F|
|poke|p1|Gallade, M|
|poke|p2|Archeops, M|
|poke|p2|Druddigon, F|
|poke|p2|Accelgor, M|
|poke|p2|Whimsicott, M|
|poke|p2|Gourgeist-*, M|
|poke|p2|Hitmontop, M|
|teampreview
|
|t:|1643678970
|start
|switch|p1a: Gallade|Gallade, M|100/100
|switch|p2a: Druddigon|Druddigon, F|100/100
|-ability|p2a: Druddigon|Mold Breaker
|turn|1
|
|t:|1643678974
|move|p1a: Gallade|Close Combat|p2a: Druddigon
|-damage|p2a: Druddigon|0 fnt
|-unboost|p1a: Gallade|def|1
|-unboost|p1a: Gallade|spd|1
|faint|p2a: Druddigon
|-damage|p1a: Gallade|91/100|[from] item: Life Orb
|
|upkeep
|c|☆cafay sukray|wut
|
|t:|1643678986
|switch|p2a: Archeops|Archeops, M|100/100
|turn|2
|
|t:|1643678991
|move|p2a: Archeops|Meteor Beam||[still]
|-prepare|p2a: Archeops|Meteor Beam
|-boost|p2a: Archeops|spa|1
|-enditem|p2a: Archeops|Power Herb
|-anim|p2a: Archeops|Meteor Beam|p1a: Gallade
|-resisted|p1a: Gallade
|-damage|p1a: Gallade|28/100
|move|p1a: Gallade|Close Combat|p2a: Archeops
|-damage|p2a: Archeops|0 fnt
|-unboost|p1a: Gallade|def|1
|-unboost|p1a: Gallade|spd|1
|faint|p2a: Archeops
|-damage|p1a: Gallade|18/100|[from] item: Life Orb
|
|upkeep
|
|t:|1643679000
|switch|p2a: Gourgeist|Gourgeist, M|100/100
|-item|p1a: Gallade|Life Orb|[from] ability: Frisk|[of] p2a: Gourgeist|[identify]
|turn|3
|
|t:|1643679006
|switch|p1a: Ferroseed|Ferroseed, F|100/100
|move|p2a: Gourgeist|Poltergeist|p1a: Ferroseed|[miss]
|-miss|p2a: Gourgeist|p1a: Ferroseed
|
|upkeep
|turn|4
|
|t:|1643679010
|move|p2a: Gourgeist|Poltergeist|p1a: Ferroseed
|-activate|p1a: Ferroseed|move: Poltergeist|Eviolite
|-damage|p1a: Ferroseed|69/100
|move|p1a: Ferroseed|Spikes|p2a: Gourgeist
|-sidestart|p2: Uberfiend|Spikes
|
|upkeep
|turn|5
|
|t:|1643679015
|switch|p1a: Weezing|Weezing, F|100/100
|-ability|p1a: Weezing|Neutralizing Gas
|move|p2a: Gourgeist|Poltergeist|p1a: Weezing
|-activate|p1a: Weezing|move: Poltergeist|Sitrus Berry
|-damage|p1a: Weezing|68/100
|
|upkeep
|turn|6
|
|t:|1643679026
|switch|p2a: Whimsicott|Whimsicott, M|100/100
|-damage|p2a: Whimsicott|88/100|[from] Spikes
|move|p1a: Weezing|Sludge Bomb|p2a: Whimsicott
|-supereffective|p2a: Whimsicott
|-damage|p2a: Whimsicott|0 fnt
|faint|p2a: Whimsicott
|
|upkeep
|
|t:|1643679030
|switch|p2a: Accelgor|Accelgor, M|100/100
|-damage|p2a: Accelgor|88/100|[from] Spikes
|turn|7
|
|t:|1643679036
|-end|p1a: Weezing|ability: Neutralizing Gas
|switch|p1a: Gallade|Gallade, M|18/100
|move|p2a: Accelgor|Bug Buzz|p1a: Gallade
|-damage|p1a: Gallade|0 fnt
|faint|p1a: Gallade
|-enditem|p2a: Accelgor|Throat Spray
|-boost|p2a: Accelgor|spa|1|[from] item: Throat Spray
|
|upkeep
|
|t:|1643679040
|switch|p1a: Gigalith|Gigalith, F|100/100
|-weather|Sandstorm|[from] ability: Sand Stream|[of] p1a: Gigalith
|turn|8
|
|t:|1643679043
|move|p2a: Accelgor|Focus Blast|p1a: Gigalith
|-supereffective|p1a: Gigalith
|-damage|p1a: Gigalith|40/100
|move|p1a: Gigalith|Rock Blast|p2a: Accelgor
|-supereffective|p2a: Accelgor
|-damage|p2a: Accelgor|42/100
|-supereffective|p2a: Accelgor
|-damage|p2a: Accelgor|0 fnt
|faint|p2a: Accelgor
|-hitcount|p2: Accelgor|2
|
|-weather|Sandstorm|[upkeep]
|-heal|p1a: Gigalith|46/100|[from] item: Leftovers
|upkeep
|
|t:|1643679048
|switch|p2a: Hitmontop|Hitmontop, M|100/100
|-damage|p2a: Hitmontop|88/100|[from] Spikes
|turn|9
|
|t:|1643679052
|switch|p1a: Jellicent|Jellicent, F|100/100
|move|p2a: Hitmontop|Triple Axel|p1a: Jellicent
|-resisted|p1a: Jellicent
|-damage|p1a: Jellicent|94/100
|-resisted|p1a: Jellicent
|-damage|p1a: Jellicent|81/100
|-resisted|p1a: Jellicent
|-damage|p1a: Jellicent|61/100
|-hitcount|p1a: Jellicent|3
|
|-weather|Sandstorm|[upkeep]
|-damage|p1a: Jellicent|55/100|[from] Sandstorm
|-damage|p2a: Hitmontop|82/100|[from] Sandstorm
|upkeep
|turn|10
|
|t:|1643679059
|move|p1a: Jellicent|Shadow Ball|p2a: Hitmontop
|-damage|p2a: Hitmontop|46/100
|move|p2a: Hitmontop|Triple Axel|p1a: Jellicent
|-resisted|p1a: Jellicent
|-damage|p1a: Jellicent|48/100
|-resisted|p1a: Jellicent
|-damage|p1a: Jellicent|36/100
|-resisted|p1a: Jellicent
|-damage|p1a: Jellicent|19/100
|-hitcount|p1a: Jellicent|3
|
|-weather|Sandstorm|[upkeep]
|-damage|p1a: Jellicent|13/100|[from] Sandstorm
|-damage|p2a: Hitmontop|40/100|[from] Sandstorm
|upkeep
|turn|11
|
|t:|1643679069
|move|p1a: Jellicent|Shadow Ball|p2a: Hitmontop
|-damage|p2a: Hitmontop|2/100
|move|p2a: Hitmontop|Triple Axel|p1a: Jellicent
|-resisted|p1a: Jellicent
|-damage|p1a: Jellicent|7/100
|-resisted|p1a: Jellicent
|-damage|p1a: Jellicent|0 fnt
|faint|p1a: Jellicent
|-hitcount|p1: Jellicent|2
|
|-weather|Sandstorm|[upkeep]
|-damage|p2a: Hitmontop|0 fnt|[from] Sandstorm
|faint|p2a: Hitmontop
|upkeep
|
|t:|1643679077
|switch|p1a: Weezing|Weezing, F|68/100
|switch|p2a: Gourgeist|Gourgeist, M|100/100
|-ability|p1a: Weezing|Neutralizing Gas
|-damage|p2a: Gourgeist|88/100|[from] Spikes
|turn|12
|
|t:|1643679081
|move|p2a: Gourgeist|Trick|p1a: Weezing
|-activate|p2a: Gourgeist|move: Trick|[of] p1a: Weezing
|-item|p1a: Weezing|Choice Scarf|[from] move: Trick
|-item|p2a: Gourgeist|Sitrus Berry|[from] move: Trick
|move|p1a: Weezing|Will-O-Wisp|p2a: Gourgeist
|-status|p2a: Gourgeist|brn
|
|-weather|none
|-damage|p2a: Gourgeist|82/100 brn|[from] brn
|upkeep
|turn|13
|
|t:|1643679084
|-end|p1a: Weezing|ability: Neutralizing Gas
|-item|p1a: Weezing|Choice Scarf|[from] ability: Frisk|[of] p2a: Gourgeist|[identify]
|switch|p1a: Ferroseed|Ferroseed, F|69/100
|move|p2a: Gourgeist|Destiny Bond|p2a: Gourgeist
|-singlemove|p2a: Gourgeist|Destiny Bond
|
|-damage|p2a: Gourgeist|75/100 brn|[from] brn
|upkeep
|turn|14
|-message|Uberfiend forfeited.
|
|win|cafay sukray
|raw|cafay sukray's rating: 1516 &rarr; <strong>1527</strong><br />(+11 for winning)
|raw|Uberfiend's rating: 1344 &rarr; <strong>1333</strong><br />(-11 for losing)
|l|☆Uberfiend
