|j|☆panned bomb
|j|☆Hunter 17 17 17
|t:|1643749566
|gametype|singles
|player|p1|panned bomb|170|1569
|player|p2|Hunter 17 17 17|steven|1446
|teamsize|p1|6
|teamsize|p2|6
|gen|8
|tier|[Gen 8] PU
|rated|
|rule|Sleep Clause Mod: Limit one foe put to sleep
|rule|Species Clause: Limit one of each Pokémon
|rule|OHKO Clause: OHKO moves are banned
|rule|Evasion Moves Clause: Evasion moves are banned
|rule|Endless Battle Clause: Forcing endless battles is banned
|rule|HP Percentage Mod: HP is shown in percentages
|rule|Dynamax Clause: You cannot dynamax
|clearpoke
|poke|p1|Frosmoth, F|
|poke|p1|Kabutops, M|
|poke|p1|Magneton|
|poke|p1|Palossand, M|
|poke|p1|Skuntank, F|
|poke|p1|Cramorant, F|
|poke|p2|Gallade, M|
|poke|p2|Audino, F|
|poke|p2|Rotom|
|poke|p2|Cofagrigus, F|
|poke|p2|Tangela, F|
|poke|p2|Ribombee, M|
|teampreview
|
|t:|1643749587
|start
|switch|p1a: Magneton|Magneton|100/100
|switch|p2a: Cofagrigus|Cofagrigus, F|100/100
|turn|1
|j| eruza02
|inactive|Battle timer is ON: inactive players will automatically lose when time's up. (requested by Hunter 17 17 17)
|
|t:|1643749602
|move|p1a: Magneton|Volt Switch|p2a: Cofagrigus
|-damage|p2a: Cofagrigus|63/100
|
|t:|1643749604
|switch|p1a: Cramorant|Cramorant, F|100/100|[from]move: Volt Switch
|move|p2a: Cofagrigus|Toxic Spikes|p1a: Cramorant
|-sidestart|p1: panned bomb|move: Toxic Spikes
|
|-heal|p2a: Cofagrigus|69/100|[from] item: Leftovers
|upkeep
|turn|2
|
|t:|1643749612
|move|p1a: Cramorant|Surf|p2a: Cofagrigus
|-formechange|p1a: Cramorant|Cramorant-Gulping|
|-damage|p2a: Cofagrigus|30/100
|move|p2a: Cofagrigus|Shadow Ball|p1a: Cramorant
|-damage|p1a: Cramorant|65/100
|-damage|p2a: Cofagrigus|5/100|[from] ability: Gulp Missile|[of] p1a: Cramorant
|-unboost|p2a: Cofagrigus|def|1
|-formechange|p1a: Cramorant|Cramorant|
|
|-heal|p2a: Cofagrigus|11/100|[from] item: Leftovers
|upkeep
|turn|3
|
|t:|1643749618
|move|p2a: Cofagrigus|Protect|p2a: Cofagrigus
|-singleturn|p2a: Cofagrigus|Protect
|move|p1a: Cramorant|Surf|p2a: Cofagrigus
|-activate|p2a: Cofagrigus|move: Protect
|
|-heal|p2a: Cofagrigus|17/100|[from] item: Leftovers
|upkeep
|turn|4
|
|t:|1643749622
|switch|p2a: Audino|Audino, F|100/100
|move|p1a: Cramorant|Surf|p2a: Audino
|-formechange|p1a: Cramorant|Cramorant-Gulping|
|-damage|p2a: Audino|75/100
|
|-heal|p2a: Audino|81/100|[from] item: Leftovers
|upkeep
|turn|5
|
|t:|1643749624
|switch|p1a: Skuntank|Skuntank, F|100/100
|-sideend|p1: panned bomb|move: Toxic Spikes|[of] p1a: Skuntank
|move|p2a: Audino|Wish|p2a: Audino
|
|-heal|p2a: Audino|87/100|[from] item: Leftovers
|upkeep
|turn|6
|
|t:|1643749630
|move|p1a: Skuntank|Substitute|p1a: Skuntank
|-start|p1a: Skuntank|Substitute
|-damage|p1a: Skuntank|75/100
|move|p2a: Audino|Knock Off|p1a: Skuntank
|-resisted|p1a: Skuntank
|-activate|p1a: Skuntank|move: Substitute|[damage]
|
|-heal|p2a: Audino|100/100|[from] move: Wish|[wisher] Audino
|-heal|p1a: Skuntank|82/100|[from] item: Leftovers
|upkeep
|turn|7
|
|t:|1643749633
|move|p1a: Skuntank|Poison Jab|p2a: Audino
|-damage|p2a: Audino|72/100
|move|p2a: Audino|Hyper Voice|p1a: Skuntank
|-damage|p1a: Skuntank|55/100
|
|-heal|p1a: Skuntank|61/100|[from] item: Leftovers
|-heal|p2a: Audino|78/100|[from] item: Leftovers
|upkeep
|turn|8
|
|t:|1643749639
|move|p2a: Audino|Protect|p2a: Audino
|-singleturn|p2a: Audino|Protect
|move|p1a: Skuntank|Poison Jab|p2a: Audino
|-activate|p2a: Audino|move: Protect
|
|-heal|p1a: Skuntank|67/100|[from] item: Leftovers
|-heal|p2a: Audino|84/100|[from] item: Leftovers
|upkeep
|turn|9
|
|t:|1643749642
|move|p1a: Skuntank|Poison Jab|p2a: Audino
|-damage|p2a: Audino|55/100
|move|p2a: Audino|Hyper Voice|p1a: Skuntank
|-damage|p1a: Skuntank|38/100
|
|-heal|p1a: Skuntank|44/100|[from] item: Leftovers
|-heal|p2a: Audino|61/100|[from] item: Leftovers
|upkeep
|turn|10
|
|t:|1643749650
|move|p1a: Skuntank|Poison Jab|p2a: Audino
|-damage|p2a: Audino|31/100
|move|p2a: Audino|Hyper Voice|p1a: Skuntank
|-damage|p1a: Skuntank|16/100
|
|-heal|p1a: Skuntank|22/100|[from] item: Leftovers
|-heal|p2a: Audino|37/100|[from] item: Leftovers
|upkeep
|turn|11
|
|t:|1643749664
|switch|p1a: Kabutops|Kabutops, M|100/100
|move|p2a: Audino|Hyper Voice|p1a: Kabutops
|-resisted|p1a: Kabutops
|-damage|p1a: Kabutops|84/100
|
|-heal|p2a: Audino|43/100|[from] item: Leftovers
|upkeep
|turn|12
|
|t:|1643749668
|switch|p2a: Tangela|Tangela, F|100/100
|move|p1a: Kabutops|Flip Turn|p2a: Tangela
|-resisted|p2a: Tangela
|-damage|p2a: Tangela|90/100
|
|t:|1643749673
|switch|p1a: Skuntank|Skuntank, F|22/100|[from]move: Flip Turn
|
|-heal|p1a: Skuntank|28/100|[from] item: Leftovers
|upkeep
|turn|13
|
|t:|1643749680
|switch|p2a: Rotom|Rotom|100/100
|move|p1a: Skuntank|Poison Jab|p2a: Rotom
|-resisted|p2a: Rotom
|-damage|p2a: Rotom|76/100
|
|-heal|p1a: Skuntank|34/100|[from] item: Leftovers
|upkeep
|turn|14
|
|t:|1643749685
|switch|p1a: Magneton|Magneton|100/100
|move|p2a: Rotom|Volt Switch|p1a: Magneton
|-resisted|p1a: Magneton
|-damage|p1a: Magneton|84/100
|
|t:|1643749688
|switch|p2a: Gallade|Gallade, M|100/100|[from]move: Volt Switch
|
|upkeep
|turn|15
|
|t:|1643749692
|switch|p1a: Palossand|Palossand, M|100/100
|move|p2a: Gallade|Knock Off|p1a: Palossand
|-supereffective|p1a: Palossand
|-enditem|p1a: Palossand|Colbur Berry|[eat]
|-enditem|p1a: Palossand|Colbur Berry|[weaken]
|-damage|p1a: Palossand|65/100
|-damage|p2a: Gallade|91/100|[from] item: Life Orb
|
|upkeep
|turn|16
|
|t:|1643749701
|switch|p2a: Tangela|Tangela, F|100/100
|move|p1a: Palossand|Shadow Ball|p2a: Tangela
|-damage|p2a: Tangela|58/100
|
|upkeep
|turn|17
|
|t:|1643749710
|switch|p1a: Cramorant|Cramorant, F|65/100
|move|p2a: Tangela|Leech Seed|p1a: Cramorant
|-start|p1a: Cramorant|move: Leech Seed
|
|-damage|p1a: Cramorant|53/100|[from] Leech Seed|[of] p2a: Tangela
|-heal|p2a: Tangela|68/100|[silent]
|upkeep
|turn|18
|
|t:|1643749716
|switch|p1a: Kabutops|Kabutops, M|84/100
|switch|p2a: Audino|Audino, F|77/100
|
|-heal|p2a: Audino|83/100|[from] item: Leftovers
|upkeep
|turn|19
|
|t:|1643749726
|switch|p2a: Tangela|Tangela, F|100/100
|move|p1a: Kabutops|Flip Turn|p2a: Tangela
|-resisted|p2a: Tangela
|-crit|p2a: Tangela
|-damage|p2a: Tangela|84/100
|
|t:|1643749729
|switch|p1a: Skuntank|Skuntank, F|34/100|[from]move: Flip Turn
|
|-heal|p1a: Skuntank|40/100|[from] item: Leftovers
|upkeep
|turn|20
|
|t:|1643749735
|switch|p2a: Rotom|Rotom|76/100
|move|p1a: Skuntank|Poison Jab|p2a: Rotom
|-resisted|p2a: Rotom
|-damage|p2a: Rotom|48/100
|-status|p2a: Rotom|psn
|
|-heal|p1a: Skuntank|46/100|[from] item: Leftovers
|-damage|p2a: Rotom|35/100 psn|[from] psn
|upkeep
|turn|21
|
|t:|1643749750
|switch|p1a: Magneton|Magneton|84/100
|move|p2a: Rotom|Volt Switch|p1a: Magneton
|-resisted|p1a: Magneton
|-crit|p1a: Magneton
|-damage|p1a: Magneton|61/100
|
|t:|1643749758
|switch|p2a: Gallade|Gallade, M|91/100|[from]move: Volt Switch
|
|upkeep
|turn|22
|
|t:|1643749762
|switch|p1a: Cramorant|Cramorant, F|53/100
|move|p2a: Gallade|Knock Off|p1a: Cramorant
|-damage|p1a: Cramorant|0 fnt
|-enditem|p1a: Cramorant|Heavy-Duty Boots|[from] move: Knock Off|[of] p2a: Gallade
|faint|p1a: Cramorant
|-damage|p2a: Gallade|81/100|[from] item: Life Orb
|
|upkeep
|
|t:|1643749769
|switch|p1a: Skuntank|Skuntank, F|46/100
|turn|23
|
|t:|1643749786
|move|p1a: Skuntank|Poison Jab|p2a: Gallade
|-damage|p2a: Gallade|28/100
|move|p2a: Gallade|Close Combat|p1a: Skuntank
|-damage|p1a: Skuntank|0 fnt
|-unboost|p2a: Gallade|def|1
|-unboost|p2a: Gallade|spd|1
|-damage|p2a: Gallade|3/100|[from] ability: Aftermath|[of] p1a: Skuntank
|faint|p1a: Skuntank
|-damage|p2a: Gallade|0 fnt|[from] item: Life Orb
|faint|p2a: Gallade
|
|upkeep
|
|t:|1643749797
|switch|p1a: Kabutops|Kabutops, M|84/100
|switch|p2a: Cofagrigus|Cofagrigus, F|17/100
|turn|24
|
|t:|1643749800
|move|p2a: Cofagrigus|Protect|p2a: Cofagrigus
|-singleturn|p2a: Cofagrigus|Protect
|move|p1a: Kabutops|Flip Turn|p2a: Cofagrigus
|-activate|p2a: Cofagrigus|move: Protect
|
|-heal|p2a: Cofagrigus|24/100|[from] item: Leftovers
|upkeep
|turn|25
|
|t:|1643749815
|switch|p2a: Audino|Audino, F|100/100
|move|p1a: Kabutops|Flip Turn|p2a: Audino
|-damage|p2a: Audino|64/100
|
|t:|1643749821
|switch|p1a: Frosmoth|Frosmoth, F|100/100|[from]move: Flip Turn
|
|-heal|p2a: Audino|70/100|[from] item: Leftovers
|upkeep
|turn|26
|
|t:|1643749831
|move|p1a: Frosmoth|Quiver Dance|p1a: Frosmoth
|-boost|p1a: Frosmoth|spa|1
|-boost|p1a: Frosmoth|spd|1
|-boost|p1a: Frosmoth|spe|1
|move|p2a: Audino|Knock Off|p1a: Frosmoth
|-damage|p1a: Frosmoth|78/100
|-enditem|p1a: Frosmoth|Heavy-Duty Boots|[from] move: Knock Off|[of] p2a: Audino
|
|-heal|p2a: Audino|76/100|[from] item: Leftovers
|upkeep
|turn|27
|
|t:|1643749835
|move|p1a: Frosmoth|Substitute|p1a: Frosmoth
|-start|p1a: Frosmoth|Substitute
|-damage|p1a: Frosmoth|53/100
|move|p2a: Audino|Wish|p2a: Audino
|
|-heal|p2a: Audino|82/100|[from] item: Leftovers
|upkeep
|turn|28
|
|t:|1643749837
|move|p1a: Frosmoth|Quiver Dance|p1a: Frosmoth
|-boost|p1a: Frosmoth|spa|1
|-boost|p1a: Frosmoth|spd|1
|-boost|p1a: Frosmoth|spe|1
|move|p2a: Audino|Hyper Voice|p1a: Frosmoth
|-damage|p1a: Frosmoth|47/100
|
|-heal|p2a: Audino|100/100|[from] move: Wish|[wisher] Audino
|upkeep
|turn|29
|
|t:|1643749846
|move|p1a: Frosmoth|Quiver Dance|p1a: Frosmoth
|-boost|p1a: Frosmoth|spa|1
|-boost|p1a: Frosmoth|spd|1
|-boost|p1a: Frosmoth|spe|1
|move|p2a: Audino|Wish|p2a: Audino
|
|upkeep
|turn|30
|
|t:|1643749850
|move|p1a: Frosmoth|Quiver Dance|p1a: Frosmoth
|-boost|p1a: Frosmoth|spa|1
|-boost|p1a: Frosmoth|spd|1
|-boost|p1a: Frosmoth|spe|1
|move|p2a: Audino|Hyper Voice|p1a: Frosmoth
|-crit|p1a: Frosmoth
|-damage|p1a: Frosmoth|28/100
|
|upkeep
|turn|31
|
|t:|1643749855
|move|p1a: Frosmoth|Giga Drain|p2a: Audino
|-damage|p2a: Audino|52/100
|-heal|p1a: Frosmoth|60/100|[from] drain|[of] p2a: Audino
|move|p2a: Audino|Hyper Voice|p1a: Frosmoth
|-damage|p1a: Frosmoth|55/100
|
|-heal|p2a: Audino|58/100|[from] item: Leftovers
|upkeep
|turn|32
|-message|Hunter 17 17 17 forfeited.
|l|☆Hunter 17 17 17
|inactive|Hunter 17 17 17 disconnected and has a minute to reconnect!
|player|p2|
|
|win|panned bomb
|raw|panned bomb's rating: 1569 &rarr; <strong>1582</strong><br />(+13 for winning)
|raw|Hunter 17 17 17's rating: 1446 &rarr; <strong>1433</strong><br />(-13 for losing)
|l|☆panned bomb
||Ladder isn't responding, score probably updated but might not have (Request timeout).
