|j|☆eruza02
|j|☆sassy ylay
|t:|1641905690
|gametype|singles
|player|p1|eruza02|pokefanf-gen4|1281
|player|p2|sassy ylay|clown|1569
|teamsize|p1|6
|teamsize|p2|6
|gen|8
|tier|[Gen 8] PU
|rated|
|rule|Sleep Clause Mod: Limit one foe put to sleep
|rule|Species Clause: Limit one of each Pokémon
|rule|OHKO Clause: OHKO moves are banned
|rule|Evasion Moves Clause: Evasion moves are banned
|rule|Endless Battle Clause: Forcing endless battles is banned
|rule|HP Percentage Mod: HP is shown in percentages
|rule|Dynamax Clause: You cannot dynamax
|clearpoke
|poke|p1|Bouffalant, M|
|poke|p1|Quagsire, M|
|poke|p1|Whimsicott, M|
|poke|p1|Glastrier|
|poke|p1|Accelgor, M|
|poke|p1|Dedenne, F|
|poke|p2|Flapple, M|
|poke|p2|Archeops, F|
|poke|p2|Magneton|
|poke|p2|Accelgor, M|
|poke|p2|Runerigus, F|
|poke|p2|Scrafty, M|
|teampreview
|inactive|Battle timer is ON: inactive players will automatically lose when time's up. (requested by eruza02)
|
|t:|1641905717
|start
|switch|p1a: Accelgor|Accelgor, M|100/100
|switch|p2a: Magneton|Magneton|100/100
|turn|1
|
|t:|1641905725
|move|p1a: Accelgor|Final Gambit|p2a: Magneton
|-damage|p2a: Magneton|0 fnt
|faint|p1a: Accelgor
|faint|p2a: Magneton
|
|upkeep
|
|t:|1641905732
|switch|p1a: Dedenne|Dedenne, F|100/100
|switch|p2a: Accelgor|Accelgor, M|100/100
|turn|2
|
|t:|1641905739
|move|p2a: Accelgor|Knock Off|p1a: Dedenne
|-resisted|p1a: Dedenne
|-damage|p1a: Dedenne|86/100
|-enditem|p1a: Dedenne|Choice Specs|[from] move: Knock Off|[of] p2a: Accelgor
|move|p1a: Dedenne|Dazzling Gleam|p2a: Accelgor
|-damage|p2a: Accelgor|49/100
|
|upkeep
|turn|3
|
|t:|1641905747
|switch|p2a: Runerigus|Runerigus, F|100/100
|move|p1a: Dedenne|Dazzling Gleam|p2a: Runerigus
|-damage|p2a: Runerigus|69/100
|
|-heal|p2a: Runerigus|75/100|[from] item: Leftovers
|upkeep
|turn|4
|
|t:|1641905755
|move|p1a: Dedenne|Grass Knot|p2a: Runerigus
|-supereffective|p2a: Runerigus
|-damage|p2a: Runerigus|34/100
|-activate|p2a: Runerigus|ability: Wandering Spirit|Pickup|Wandering Spirit|[of] p1a: Dedenne
|move|p2a: Runerigus|Toxic Spikes|p1a: Dedenne
|-sidestart|p1: eruza02|move: Toxic Spikes
|
|-heal|p2a: Runerigus|40/100|[from] item: Leftovers
|upkeep
|turn|5
|
|t:|1641905768
|move|p1a: Dedenne|Grass Knot|p2a: Runerigus
|-supereffective|p2a: Runerigus
|-damage|p2a: Runerigus|0 fnt
|faint|p2a: Runerigus
|
|upkeep
|
|t:|1641905770
|switch|p2a: Archeops|Archeops, F|100/100
|turn|6
|
|t:|1641905776
|move|p2a: Archeops|Earthquake|p1a: Dedenne
|-supereffective|p1a: Dedenne
|-damage|p1a: Dedenne|0 fnt
|faint|p1a: Dedenne
|
|upkeep
|
|t:|1641905783
|switch|p1a: Whimsicott|Whimsicott, M|100/100
|turn|7
|
|t:|1641905788
|move|p1a: Whimsicott|Defog|p2a: Archeops
|-unboost|p2a: Archeops|evasion|1
|-sideend|p1: eruza02|Toxic Spikes|[from] move: Defog|[of] p1a: Whimsicott
|move|p2a: Archeops|U-turn|p1a: Whimsicott
|-damage|p1a: Whimsicott|59/100
|
|t:|1641905793
|switch|p2a: Accelgor|Accelgor, M|49/100|[from]move: U-turn
|
|upkeep
|turn|8
|
|t:|1641905800
|switch|p1a: Glastrier|Glastrier|100/100
|move|p2a: Accelgor|Bug Buzz|p1a: Glastrier
|-damage|p1a: Glastrier|79/100
|
|upkeep
|turn|9
|
|t:|1641905806
|switch|p2a: Scrafty|Scrafty, M|100/100
|move|p1a: Glastrier|Icicle Spear|p2a: Scrafty
|-damage|p2a: Scrafty|84/100
|-damage|p2a: Scrafty|67/100
|-damage|p2a: Scrafty|49/100
|-damage|p2a: Scrafty|33/100
|-damage|p2a: Scrafty|14/100
|-hitcount|p2a: Scrafty|5
|
|upkeep
|turn|10
|
|t:|1641905817
|move|p2a: Scrafty|Close Combat|p1a: Glastrier
|-supereffective|p1a: Glastrier
|-damage|p1a: Glastrier|0 fnt
|-unboost|p2a: Scrafty|def|1
|-unboost|p2a: Scrafty|spd|1
|faint|p1a: Glastrier
|-damage|p2a: Scrafty|4/100|[from] item: Life Orb
|
|upkeep
|
|t:|1641905825
|switch|p1a: Whimsicott|Whimsicott, M|59/100
|turn|11
|j| Xecrvt g
|
|t:|1641905843
|switch|p2a: Flapple|Flapple, M|100/100
|move|p1a: Whimsicott|Moonblast|p2a: Flapple
|-supereffective|p2a: Flapple
|-damage|p2a: Flapple|0 fnt
|faint|p2a: Flapple
|
|upkeep
|
|t:|1641905845
|switch|p2a: Accelgor|Accelgor, M|49/100
|turn|12
|
|t:|1641905854
|move|p2a: Accelgor|Bug Buzz|p1a: Whimsicott
|-damage|p1a: Whimsicott|0 fnt
|faint|p1a: Whimsicott
|
|upkeep
|
|t:|1641905859
|switch|p1a: Bouffalant|Bouffalant, M|100/100
|turn|13
|
|t:|1641905865
|switch|p2a: Archeops|Archeops, F|100/100
|move|p1a: Bouffalant|Head Charge|p2a: Archeops
|-resisted|p2a: Archeops
|-damage|p2a: Archeops|15/100
|-damage|p1a: Bouffalant|84/100|[from] Recoil
|
|upkeep
|turn|14
|
|t:|1641905873
|move|p2a: Archeops|Stone Edge|p1a: Bouffalant
|-damage|p1a: Bouffalant|56/100
|move|p1a: Bouffalant|Head Charge|p2a: Archeops
|-resisted|p2a: Archeops
|-damage|p2a: Archeops|0 fnt
|faint|p2a: Archeops
|-damage|p1a: Bouffalant|53/100|[from] Recoil
|
|upkeep
|
|t:|1641905882
|switch|p2a: Scrafty|Scrafty, M|4/100
|turn|15
|
|t:|1641905885
|move|p2a: Scrafty|Rest|p2a: Scrafty
|-status|p2a: Scrafty|slp|[from] move: Rest
|-heal|p2a: Scrafty|100/100 slp|[silent]
|move|p1a: Bouffalant|Head Charge|p2a: Scrafty
|-damage|p2a: Scrafty|0 fnt
|faint|p2a: Scrafty
|-damage|p1a: Bouffalant|35/100|[from] Recoil
|
|upkeep
|
|t:|1641905888
|switch|p2a: Accelgor|Accelgor, M|49/100
|turn|16
|
|t:|1641905897
|move|p2a: Accelgor|Bug Buzz|p1a: Bouffalant
|-damage|p1a: Bouffalant|0 fnt
|faint|p1a: Bouffalant
|
|upkeep
|
|t:|1641905902
|switch|p1a: Quagsire|Quagsire, M|100/100
|turn|17
|
|t:|1641905906
|move|p2a: Accelgor|Recover|p2a: Accelgor
|-heal|p2a: Accelgor|99/100
|move|p1a: Quagsire|Liquidation|p2a: Accelgor
|-damage|p2a: Accelgor|0 fnt
|faint|p2a: Accelgor
|
|win|eruza02
|raw|eruza02's rating: 1281 &rarr; <strong>1323</strong><br />(+42 for winning)
|raw|sassy ylay's rating: 1569 &rarr; <strong>1535</strong><br />(-34 for losing)
|l|☆sassy ylay
