|j|☆Vy8
|j|☆EWQW
|t:|1619869900
|gametype|singles
|player|p1|Vy8|fantina|1293
|player|p2|EWQW|falkner|1387
|teamsize|p1|6
|teamsize|p2|6
|gen|8
|tier|[Gen 8] PU
|rated|
|clearpoke
|poke|p1|Jellicent, M|
|poke|p1|Lurantis, F|
|poke|p1|Toxicroak, F|
|poke|p1|Uxie|
|poke|p1|Miltank, F|
|poke|p1|Sandaconda, F|
|poke|p2|Audino, F|
|poke|p2|Unfezant, M|
|poke|p2|Pyukumuku, M|
|poke|p2|Runerigus, F|
|poke|p2|Vespiquen, F|
|poke|p2|Eldegoss, F|
|rule|Sleep Clause Mod: Limit one foe put to sleep
|rule|Species Clause: Limit one of each Pokémon
|rule|OHKO Clause: OHKO moves are banned
|rule|Evasion Moves Clause: Evasion moves are banned
|rule|Endless Battle Clause: Forcing endless battles is banned
|rule|HP Percentage Mod: HP is shown in percentages
|rule|Dynamax Clause: You cannot dynamax
|teampreview
|
|t:|1619869905
|start
|switch|p1a: Jellicent|Jellicent, M|100/100
|switch|p2a: Unfezant|Unfezant, M|100/100
|turn|1
|
|t:|1619869908
|switch|p1a: Sandaconda|Sandaconda, F|100/100
|move|p2a: Unfezant|U-turn|p1a: Sandaconda
|-crit|p1a: Sandaconda
|-damage|p1a: Sandaconda|81/100
|-damage|p2a: Unfezant|84/100|[from] item: Rocky Helmet|[of] p1a: Sandaconda
|
|t:|1619869912
|switch|p2a: Eldegoss|Eldegoss, F|100/100|[from]move: U-turn
|
|upkeep
|turn|2
|
|t:|1619869919
|switch|p1a: Lurantis|Lurantis, F|100/100
|move|p2a: Eldegoss|Giga Drain|p1a: Lurantis
|-resisted|p1a: Lurantis
|-damage|p1a: Lurantis|92/100
|
|upkeep
|turn|3
|
|t:|1619869925
|switch|p2a: Vespiquen|Vespiquen, F|100/100
|-ability|p2a: Vespiquen|Pressure
|move|p1a: Lurantis|Superpower|p2a: Vespiquen
|-resisted|p2a: Vespiquen
|-damage|p2a: Vespiquen|95/100
|-boost|p1a: Lurantis|atk|1
|-boost|p1a: Lurantis|def|1
|
|upkeep
|turn|4
|
|t:|1619869930
|switch|p1a: Sandaconda|Sandaconda, F|81/100
|move|p2a: Vespiquen|Attack Order|p1a: Sandaconda
|-damage|p1a: Sandaconda|66/100
|
|upkeep
|turn|5
|
|t:|1619869934
|switch|p2a: Eldegoss|Eldegoss, F|100/100
|move|p1a: Sandaconda|Stealth Rock|p2a: Eldegoss
|-sidestart|p2: EWQW|move: Stealth Rock
|
|upkeep
|turn|6
|
|t:|1619869940
|switch|p1a: Jellicent|Jellicent, M|100/100
|move|p2a: Eldegoss|Rapid Spin|p1a: Jellicent
|-immune|p1a: Jellicent
|
|upkeep
|turn|7
|
|t:|1619869945
|switch|p1a: Toxicroak|Toxicroak, F|100/100
|move|p2a: Eldegoss|Leech Seed|p1a: Toxicroak
|-start|p1a: Toxicroak|move: Leech Seed
|
|-damage|p1a: Toxicroak|88/100|[from] Leech Seed|[of] p2a: Eldegoss
|upkeep
|turn|8
|
|t:|1619869951
|switch|p2a: Pyukumuku|Pyukumuku, M|100/100
|-damage|p2a: Pyukumuku|88/100|[from] Stealth Rock
|move|p1a: Toxicroak|Gunk Shot|p2a: Pyukumuku|[miss]
|-miss|p1a: Toxicroak|p2a: Pyukumuku
|
|-heal|p2a: Pyukumuku|94/100|[from] item: Leftovers
|-damage|p1a: Toxicroak|76/100|[from] Leech Seed|[of] p2a: Pyukumuku
|-heal|p2a: Pyukumuku|100/100|[silent]
|upkeep
|turn|9
|
|t:|1619869956
|switch|p1a: Jellicent|Jellicent, M|100/100
|move|p2a: Pyukumuku|Toxic|p1a: Jellicent
|-status|p1a: Jellicent|tox
|
|-damage|p1a: Jellicent|94/100 tox|[from] psn
|upkeep
|turn|10
|
|t:|1619869963
|switch|p2a: Audino|Audino, F|100/100
|-damage|p2a: Audino|88/100|[from] Stealth Rock
|move|p1a: Jellicent|Giga Drain|p2a: Audino
|-damage|p2a: Audino|67/100
|-heal|p1a: Jellicent|100/100 tox|[from] drain|[of] p2a: Audino
|
|-heal|p2a: Audino|73/100|[from] item: Leftovers
|-damage|p1a: Jellicent|88/100 tox|[from] psn
|upkeep
|turn|11
|
|t:|1619869969
|switch|p1a: Lurantis|Lurantis, F|92/100
|switch|p2a: Eldegoss|Eldegoss, F|100/100
|-damage|p2a: Eldegoss|88/100|[from] Stealth Rock
|
|upkeep
|turn|12
|
|t:|1619869975
|switch|p2a: Vespiquen|Vespiquen, F|95/100
|-ability|p2a: Vespiquen|Pressure
|switch|p1a: Jellicent|Jellicent, M|88/100 tox
|
|-damage|p1a: Jellicent|82/100 tox|[from] psn
|upkeep
|turn|13
|
|t:|1619869980
|switch|p2a: Audino|Audino, F|100/100
|-damage|p2a: Audino|88/100|[from] Stealth Rock
|move|p1a: Jellicent|Water Spout|p2a: Audino
|-damage|p2a: Audino|37/100
|
|-heal|p2a: Audino|43/100|[from] item: Leftovers
|-damage|p1a: Jellicent|70/100 tox|[from] psn
|upkeep
|turn|14
|j| aprettylongname
|
|t:|1619869990
|switch|p1a: Miltank|Miltank, F|100/100
|move|p2a: Audino|Wish|p2a: Audino
|
|-heal|p2a: Audino|49/100|[from] item: Leftovers
|upkeep
|turn|15
|
|t:|1619869992
|move|p1a: Miltank|Heal Bell|p1a: Miltank
|-activate|p1a: Miltank|move: Heal Bell
|-curestatus|p1: Jellicent|tox|[msg]
|move|p2a: Audino|Toxic|p1a: Miltank
|-status|p1a: Miltank|tox
|
|-heal|p2a: Audino|99/100|[from] move: Wish|[wisher] Audino
|-heal|p2a: Audino|100/100|[from] item: Leftovers
|-damage|p1a: Miltank|94/100 tox|[from] psn
|upkeep
|turn|16
|
|t:|1619869997
|switch|p2a: Vespiquen|Vespiquen, F|95/100
|-ability|p2a: Vespiquen|Pressure
|move|p1a: Miltank|Toxic|p2a: Vespiquen
|-status|p2a: Vespiquen|tox
|
|-damage|p1a: Miltank|82/100 tox|[from] psn
|-damage|p2a: Vespiquen|89/100 tox|[from] psn
|upkeep
|turn|17
|
|t:|1619870002
|move|p1a: Miltank|Heal Bell|p1a: Miltank
|-activate|p1a: Miltank|move: Heal Bell
|-curestatus|p1a: Miltank|tox|[msg]
|move|p2a: Vespiquen|Defog|p1a: Miltank
|-unboost|p1a: Miltank|evasion|1
|-sideend|p2: EWQW|Stealth Rock|[from] move: Defog|[of] p2a: Vespiquen
|
|-damage|p2a: Vespiquen|77/100 tox|[from] psn
|upkeep
|turn|18
|l| aprettylongname
|
|t:|1619870009
|switch|p2a: Eldegoss|Eldegoss, F|100/100
|move|p1a: Miltank|Toxic|p2a: Eldegoss
|-status|p2a: Eldegoss|tox
|
|-damage|p2a: Eldegoss|94/100 tox|[from] psn
|upkeep
|turn|19
|
|t:|1619870016
|switch|p1a: Uxie|Uxie|100/100
|switch|p2a: Audino|Audino, F|100/100
|
|upkeep
|turn|20
|
|t:|1619870018
|move|p1a: Uxie|Knock Off|p2a: Audino
|-damage|p2a: Audino|86/100
|-enditem|p2a: Audino|Leftovers|[from] move: Knock Off|[of] p1a: Uxie
|move|p2a: Audino|Heal Bell|p2a: Audino
|-activate|p2a: Audino|move: Heal Bell
|-curestatus|p2: Eldegoss|tox|[msg]
|-curestatus|p2: Vespiquen|tox|[msg]
|
|upkeep
|turn|21
|
|t:|1619870027
|move|p1a: Uxie|U-turn|p2a: Audino
|-damage|p2a: Audino|75/100
|
|t:|1619870028
|switch|p1a: Sandaconda|Sandaconda, F|66/100|[from]move: U-turn
|move|p2a: Audino|Toxic|p1a: Sandaconda
|-status|p1a: Sandaconda|tox
|
|-damage|p1a: Sandaconda|60/100 tox|[from] psn
|upkeep
|turn|22
|
|t:|1619870032
|switch|p2a: Eldegoss|Eldegoss, F|100/100
|move|p1a: Sandaconda|Stealth Rock|p2a: Eldegoss
|-sidestart|p2: EWQW|move: Stealth Rock
|
|-damage|p1a: Sandaconda|48/100 tox|[from] psn
|upkeep
|turn|23
|
|t:|1619870037
|switch|p1a: Lurantis|Lurantis, F|92/100
|move|p2a: Eldegoss|Giga Drain|p1a: Lurantis
|-resisted|p1a: Lurantis
|-damage|p1a: Lurantis|84/100
|
|upkeep
|turn|24
|
|t:|1619870041
|switch|p2a: Vespiquen|Vespiquen, F|77/100
|-ability|p2a: Vespiquen|Pressure
|move|p1a: Lurantis|Leaf Storm|p2a: Vespiquen
|-resisted|p2a: Vespiquen
|-damage|p2a: Vespiquen|67/100
|-boost|p1a: Lurantis|spa|2
|
|upkeep
|turn|25
|
|t:|1619870047
|switch|p1a: Sandaconda|Sandaconda, F|48/100 tox
|move|p2a: Vespiquen|Roost|p2a: Vespiquen
|-heal|p2a: Vespiquen|100/100
|-singleturn|p2a: Vespiquen|move: Roost
|
|-damage|p1a: Sandaconda|42/100 tox|[from] psn
|upkeep
|turn|26
|
|t:|1619870054
|switch|p2a: Eldegoss|Eldegoss, F|100/100
|-damage|p2a: Eldegoss|88/100|[from] Stealth Rock
|move|p1a: Sandaconda|Rest|p1a: Sandaconda
|-status|p1a: Sandaconda|slp|[from] move: Rest
|-heal|p1a: Sandaconda|100/100 slp|[silent]
|
|-activate|p1a: Sandaconda|ability: Shed Skin
|-curestatus|p1a: Sandaconda|slp|[msg]
|upkeep
|turn|27
|
|t:|1619870059
|switch|p1a: Lurantis|Lurantis, F|84/100
|move|p2a: Eldegoss|Leech Seed|p1a: Lurantis
|-immune|p1a: Lurantis
|
|upkeep
|turn|28
|
|t:|1619870068
|switch|p2a: Vespiquen|Vespiquen, F|100/100
|-ability|p2a: Vespiquen|Pressure
|move|p1a: Lurantis|Leaf Storm|p2a: Vespiquen|[miss]
|-miss|p1a: Lurantis|p2a: Vespiquen
|
|upkeep
|turn|29
|
|t:|1619870073
|switch|p1a: Sandaconda|Sandaconda, F|100/100
|move|p2a: Vespiquen|Defog|p1a: Sandaconda
|-unboost|p1a: Sandaconda|evasion|1
|-sideend|p2: EWQW|Stealth Rock|[from] move: Defog|[of] p2a: Vespiquen
|
|upkeep
|turn|30
|
|t:|1619870077
|switch|p2a: Eldegoss|Eldegoss, F|100/100
|move|p1a: Sandaconda|Stealth Rock|p2a: Eldegoss
|-sidestart|p2: EWQW|move: Stealth Rock
|
|upkeep
|turn|31
|
|t:|1619870082
|switch|p1a: Uxie|Uxie|100/100
|move|p2a: Eldegoss|Rapid Spin|p1a: Uxie
|-damage|p1a: Uxie|97/100
|-boost|p2a: Eldegoss|spe|1
|-sideend|p2: EWQW|Stealth Rock|[from] move: Rapid Spin|[of] p2a: Eldegoss
|
|-heal|p1a: Uxie|100/100|[from] item: Leftovers
|upkeep
|turn|32
|
|t:|1619870088
|switch|p2a: Audino|Audino, F|100/100
|move|p1a: Uxie|U-turn|p2a: Audino
|-damage|p2a: Audino|89/100
|
|t:|1619870094
|switch|p1a: Toxicroak|Toxicroak, F|76/100|[from]move: U-turn
|
|upkeep
|turn|33
|
|t:|1619870099
|switch|p2a: Runerigus|Runerigus, F|100/100
|move|p1a: Toxicroak|Knock Off|p2a: Runerigus
|-supereffective|p2a: Runerigus
|-damage|p2a: Runerigus|65/100
|-activate|p2a: Runerigus|ability: Wandering Spirit|Dry Skin|Wandering Spirit|[of] p1a: Toxicroak
|-enditem|p2a: Runerigus|Leftovers|[from] move: Knock Off|[of] p1a: Toxicroak
|
|upkeep
|turn|34
|
|t:|1619870105
|switch|p1a: Sandaconda|Sandaconda, F|100/100
|move|p2a: Runerigus|Will-O-Wisp|p1a: Sandaconda
|-status|p1a: Sandaconda|brn
|
|-activate|p1a: Sandaconda|ability: Shed Skin
|-curestatus|p1a: Sandaconda|brn|[msg]
|upkeep
|turn|35
|
|t:|1619870109
|move|p1a: Sandaconda|Stealth Rock|p2a: Runerigus
|-sidestart|p2: EWQW|move: Stealth Rock
|move|p2a: Runerigus|Stealth Rock|p1a: Sandaconda
|-sidestart|p1: Vy8|move: Stealth Rock
|
|upkeep
|turn|36
|
|t:|1619870115
|move|p1a: Sandaconda|Earthquake|p2a: Runerigus
|-damage|p2a: Runerigus|43/100
|move|p2a: Runerigus|Will-O-Wisp|p1a: Sandaconda
|-status|p1a: Sandaconda|brn
|
|-activate|p1a: Sandaconda|ability: Shed Skin
|-curestatus|p1a: Sandaconda|brn|[msg]
|upkeep
|turn|37
|
|t:|1619870120
|switch|p2a: Audino|Audino, F|100/100
|-damage|p2a: Audino|88/100|[from] Stealth Rock
|move|p1a: Sandaconda|Earthquake|p2a: Audino
|-damage|p2a: Audino|53/100
|
|upkeep
|turn|38
|
|t:|1619870125
|move|p1a: Sandaconda|Earthquake|p2a: Audino
|-damage|p2a: Audino|21/100
|move|p2a: Audino|Wish|p2a: Audino
|
|upkeep
|turn|39
|
|t:|1619870128
|move|p2a: Audino|Protect|p2a: Audino
|-singleturn|p2a: Audino|Protect
|move|p1a: Sandaconda|Earthquake|p2a: Audino
|-activate|p2a: Audino|move: Protect
|
|-heal|p2a: Audino|71/100|[from] move: Wish|[wisher] Audino
|upkeep
|turn|40
|
|t:|1619870133
|move|p1a: Sandaconda|Earthquake|p2a: Audino
|-damage|p2a: Audino|35/100
|move|p2a: Audino|Wish|p2a: Audino
|
|upkeep
|turn|41
|
|t:|1619870138
|switch|p2a: Runerigus|Runerigus, F|43/100
|-damage|p2a: Runerigus|36/100|[from] Stealth Rock
|move|p1a: Sandaconda|Stealth Rock||[still]
|-fail|p1a: Sandaconda
|
|-heal|p2a: Runerigus|100/100|[from] move: Wish|[wisher] Audino
|upkeep
|turn|42
|
|t:|1619870149
|switch|p2a: Eldegoss|Eldegoss, F|100/100
|-damage|p2a: Eldegoss|88/100|[from] Stealth Rock
|move|p1a: Sandaconda|Earthquake|p2a: Eldegoss
|-resisted|p2a: Eldegoss
|-damage|p2a: Eldegoss|66/100
|
|upkeep
|turn|43
|
|t:|1619870155
|switch|p1a: Uxie|Uxie|100/100
|-damage|p1a: Uxie|88/100|[from] Stealth Rock
|move|p2a: Eldegoss|Giga Drain|p1a: Uxie
|-damage|p1a: Uxie|72/100
|-heal|p2a: Eldegoss|75/100|[from] drain|[of] p1a: Uxie
|
|-heal|p1a: Uxie|78/100|[from] item: Leftovers
|upkeep
|turn|44
|
|t:|1619870161
|switch|p2a: Audino|Audino, F|69/100
|-damage|p2a: Audino|56/100|[from] Stealth Rock
|move|p1a: Uxie|Knock Off|p2a: Audino
|-damage|p2a: Audino|47/100
|
|-heal|p1a: Uxie|84/100|[from] item: Leftovers
|upkeep
|turn|45
|
|t:|1619870165
|move|p1a: Uxie|Toxic|p2a: Audino
|-status|p2a: Audino|tox
|move|p2a: Audino|Toxic|p1a: Uxie
|-status|p1a: Uxie|tox
|
|-heal|p1a: Uxie|91/100 tox|[from] item: Leftovers
|-damage|p1a: Uxie|84/100 tox|[from] psn
|-damage|p2a: Audino|40/100 tox|[from] psn
|upkeep
|turn|46
|
|t:|1619870174
|move|p2a: Audino|Protect|p2a: Audino
|-singleturn|p2a: Audino|Protect
|move|p1a: Uxie|Psychic|p2a: Audino
|-activate|p2a: Audino|move: Protect
|
|-heal|p1a: Uxie|91/100 tox|[from] item: Leftovers
|-damage|p1a: Uxie|78/100 tox|[from] psn
|-damage|p2a: Audino|28/100 tox|[from] psn
|upkeep
|turn|47
|inactive|Battle timer is ON: inactive players will automatically lose when time's up. (requested by Vy8)
|
|t:|1619870179
|switch|p2a: Vespiquen|Vespiquen, F|100/100
|-ability|p2a: Vespiquen|Pressure
|move|p1a: Uxie|Knock Off|p2a: Vespiquen
|-damage|p2a: Vespiquen|90/100
|-enditem|p2a: Vespiquen|Heavy-Duty Boots|[from] move: Knock Off|[of] p1a: Uxie
|
|-heal|p1a: Uxie|84/100 tox|[from] item: Leftovers
|-damage|p1a: Uxie|66/100 tox|[from] psn
|upkeep
|turn|48
|
|t:|1619870191
|move|p1a: Uxie|U-turn|p2a: Vespiquen
|-resisted|p2a: Vespiquen
|-damage|p2a: Vespiquen|86/100
|
|t:|1619870194
|switch|p1a: Sandaconda|Sandaconda, F|100/100|[from]move: U-turn
|-damage|p1a: Sandaconda|94/100|[from] Stealth Rock
|move|p2a: Vespiquen|Toxic Spikes|p1a: Sandaconda
|-sidestart|p1: Vy8|move: Toxic Spikes
|
|upkeep
|turn|49
|
|t:|1619870202
|switch|p1a: Toxicroak|Toxicroak, F|76/100
|-damage|p1a: Toxicroak|70/100|[from] Stealth Rock
|-sideend|p1: Vy8|move: Toxic Spikes|[of] p1a: Toxicroak
|switch|p2a: Eldegoss|Eldegoss, F|100/100
|-damage|p2a: Eldegoss|88/100|[from] Stealth Rock
|
|upkeep
|turn|50
|
|t:|1619870210
|switch|p2a: Runerigus|Runerigus, F|100/100
|-damage|p2a: Runerigus|94/100|[from] Stealth Rock
|move|p1a: Toxicroak|Gunk Shot|p2a: Runerigus
|-resisted|p2a: Runerigus
|-damage|p2a: Runerigus|86/100
|
|upkeep
|turn|51
|
|t:|1619870216
|switch|p1a: Miltank|Miltank, F|82/100
|-damage|p1a: Miltank|70/100|[from] Stealth Rock
|move|p2a: Runerigus|Body Press|p1a: Miltank
|-supereffective|p1a: Miltank
|-damage|p1a: Miltank|32/100
|-damage|p2a: Runerigus|70/100|[from] item: Rocky Helmet|[of] p1a: Miltank
|
|upkeep
|turn|52
|
|t:|1619870229
|move|p1a: Miltank|Milk Drink|p1a: Miltank
|-heal|p1a: Miltank|82/100
|move|p2a: Runerigus|Iron Defense|p2a: Runerigus
|-boost|p2a: Runerigus|def|2
|
|upkeep
|turn|53
|
|t:|1619870235
|switch|p1a: Lurantis|Lurantis, F|84/100
|move|p2a: Runerigus|Body Press|p1a: Lurantis
|-damage|p1a: Lurantis|13/100
|
|upkeep
|turn|54
|
|t:|1619870243
|switch|p2a: Unfezant|Unfezant, M|84/100
|-damage|p2a: Unfezant|59/100|[from] Stealth Rock
|move|p1a: Lurantis|Leaf Storm|p2a: Unfezant
|-resisted|p2a: Unfezant
|-damage|p2a: Unfezant|22/100
|-boost|p1a: Lurantis|spa|2
|
|upkeep
|turn|55
|
|t:|1619870249
|switch|p1a: Sandaconda|Sandaconda, F|94/100
|-damage|p1a: Sandaconda|88/100|[from] Stealth Rock
|move|p2a: Unfezant|Brave Bird|p1a: Sandaconda
|-damage|p1a: Sandaconda|53/100
|-damage|p2a: Unfezant|6/100|[from] item: Rocky Helmet|[of] p1a: Sandaconda
|-damage|p2a: Unfezant|0 fnt|[from] Recoil
|faint|p2a: Unfezant
|
|upkeep
|
|t:|1619870252
|switch|p2a: Eldegoss|Eldegoss, F|100/100
|-damage|p2a: Eldegoss|88/100|[from] Stealth Rock
|turn|56
|
|t:|1619870258
|switch|p1a: Toxicroak|Toxicroak, F|70/100
|-damage|p1a: Toxicroak|63/100|[from] Stealth Rock
|move|p2a: Eldegoss|Giga Drain|p1a: Toxicroak
|-resisted|p1a: Toxicroak
|-damage|p1a: Toxicroak|47/100
|-heal|p2a: Eldegoss|96/100|[from] drain|[of] p1a: Toxicroak
|
|upkeep
|turn|57
|
|t:|1619870262
|switch|p2a: Pyukumuku|Pyukumuku, M|100/100
|-damage|p2a: Pyukumuku|88/100|[from] Stealth Rock
|move|p1a: Toxicroak|Gunk Shot|p2a: Pyukumuku|[miss]
|-miss|p1a: Toxicroak|p2a: Pyukumuku
|
|-heal|p2a: Pyukumuku|94/100|[from] item: Leftovers
|upkeep
|turn|58
|
|t:|1619870274
|switch|p1a: Miltank|Miltank, F|82/100
|-damage|p1a: Miltank|70/100|[from] Stealth Rock
|move|p2a: Pyukumuku|Counter||[still]
|-fail|p2a: Pyukumuku
|
|-heal|p2a: Pyukumuku|99/100|[from] item: Leftovers
|upkeep
|turn|59
|
|t:|1619870282
|switch|p2a: Audino|Audino, F|61/100 tox
|-damage|p2a: Audino|49/100 tox|[from] Stealth Rock
|move|p1a: Miltank|Toxic|p2a: Audino
|-fail|p2a: Audino|tox
|
|-damage|p2a: Audino|43/100 tox|[from] psn
|upkeep
|turn|60
|
|t:|1619870284
|move|p1a: Miltank|Heal Bell|p1a: Miltank
|-activate|p1a: Miltank|move: Heal Bell
|-curestatus|p1: Uxie|tox|[msg]
|move|p2a: Audino|Heal Bell|p2a: Audino
|-activate|p2a: Audino|move: Heal Bell
|-curestatus|p2a: Audino|tox|[msg]
|
|upkeep
|turn|61
|
|t:|1619870290
|move|p2a: Audino|Protect|p2a: Audino
|-singleturn|p2a: Audino|Protect
|move|p1a: Miltank|Toxic|p2a: Audino
|-activate|p2a: Audino|move: Protect
|
|upkeep
|turn|62
|
|t:|1619870297
|move|p1a: Miltank|Toxic|p2a: Audino
|-status|p2a: Audino|tox
|move|p2a: Audino|Wish|p2a: Audino
|
|-damage|p2a: Audino|37/100 tox|[from] psn
|upkeep
|turn|63
|
|t:|1619870306
|switch|p1a: Sandaconda|Sandaconda, F|53/100
|-damage|p1a: Sandaconda|47/100|[from] Stealth Rock
|move|p2a: Audino|Toxic|p1a: Sandaconda
|-status|p1a: Sandaconda|tox
|
|-heal|p2a: Audino|87/100 tox|[from] move: Wish|[wisher] Audino
|-damage|p1a: Sandaconda|41/100 tox|[from] psn
|-damage|p2a: Audino|75/100 tox|[from] psn
|upkeep
|turn|64
|
|t:|1619870309
|switch|p2a: Eldegoss|Eldegoss, F|100/100
|-damage|p2a: Eldegoss|88/100|[from] Stealth Rock
|move|p1a: Sandaconda|Rest|p1a: Sandaconda
|-status|p1a: Sandaconda|slp|[from] move: Rest
|-heal|p1a: Sandaconda|100/100 slp|[silent]
|
|upkeep
|turn|65
|
|t:|1619870313
|switch|p1a: Jellicent|Jellicent, M|70/100
|-damage|p1a: Jellicent|57/100|[from] Stealth Rock
|move|p2a: Eldegoss|Rapid Spin|p1a: Jellicent
|-immune|p1a: Jellicent
|
|upkeep
|turn|66
|
|t:|1619870320
|switch|p1a: Toxicroak|Toxicroak, F|47/100
|-damage|p1a: Toxicroak|41/100|[from] Stealth Rock
|move|p2a: Eldegoss|Giga Drain|p1a: Toxicroak
|-resisted|p1a: Toxicroak
|-damage|p1a: Toxicroak|25/100
|-heal|p2a: Eldegoss|96/100|[from] drain|[of] p1a: Toxicroak
|
|upkeep
|turn|67
|
|t:|1619870325
|switch|p2a: Runerigus|Runerigus, F|70/100
|-damage|p2a: Runerigus|63/100|[from] Stealth Rock
|move|p1a: Toxicroak|Knock Off|p2a: Runerigus
|-supereffective|p2a: Runerigus
|-damage|p2a: Runerigus|41/100
|-activate|p2a: Runerigus|ability: Wandering Spirit|Dry Skin|Wandering Spirit|[of] p1a: Toxicroak
|
|upkeep
|turn|68
|
|t:|1619870332
|switch|p1a: Jellicent|Jellicent, M|57/100
|-damage|p1a: Jellicent|45/100|[from] Stealth Rock
|move|p2a: Runerigus|Iron Defense|p2a: Runerigus
|-boost|p2a: Runerigus|def|2
|
|upkeep
|turn|69
|
|t:|1619870336
|switch|p2a: Eldegoss|Eldegoss, F|100/100
|-damage|p2a: Eldegoss|88/100|[from] Stealth Rock
|move|p1a: Jellicent|Giga Drain|p2a: Eldegoss
|-resisted|p2a: Eldegoss
|-damage|p2a: Eldegoss|78/100
|-heal|p1a: Jellicent|50/100|[from] drain|[of] p2a: Eldegoss
|
|upkeep
|turn|70
|
|t:|1619870345
|switch|p1a: Uxie|Uxie|66/100
|-damage|p1a: Uxie|53/100|[from] Stealth Rock
|move|p2a: Eldegoss|Leech Seed|p1a: Uxie
|-start|p1a: Uxie|move: Leech Seed
|
|-heal|p1a: Uxie|59/100|[from] item: Leftovers
|-damage|p1a: Uxie|47/100|[from] Leech Seed|[of] p2a: Eldegoss
|-heal|p2a: Eldegoss|92/100|[silent]
|upkeep
|turn|71
|
|t:|1619870350
|switch|p2a: Audino|Audino, F|100/100 tox
|-damage|p2a: Audino|88/100 tox|[from] Stealth Rock
|move|p1a: Uxie|U-turn|p2a: Audino
|-damage|p2a: Audino|78/100 tox
|
|t:|1619870355
|switch|p1a: Lurantis|Lurantis, F|13/100|[from]move: U-turn
|
|-damage|p2a: Audino|71/100 tox|[from] psn
|upkeep
|turn|72
|
|t:|1619870362
|switch|p2a: Vespiquen|Vespiquen, F|86/100
|-damage|p2a: Vespiquen|36/100|[from] Stealth Rock
|-ability|p2a: Vespiquen|Pressure
|move|p1a: Lurantis|Synthesis|p1a: Lurantis
|-heal|p1a: Lurantis|63/100
|
|upkeep
|turn|73
|
|t:|1619870372
|switch|p1a: Sandaconda|Sandaconda, F|100/100 slp
|-damage|p1a: Sandaconda|94/100 slp|[from] Stealth Rock
|move|p2a: Vespiquen|Defog|p1a: Sandaconda
|-unboost|p1a: Sandaconda|evasion|1
|-sideend|p1: Vy8|Stealth Rock|[from] move: Defog|[of] p2a: Vespiquen
|-sideend|p2: EWQW|Stealth Rock|[from] move: Defog|[of] p2a: Vespiquen
|
|upkeep
|turn|74
|
|t:|1619870375
|cant|p1a: Sandaconda|slp
|move|p2a: Vespiquen|Roost|p2a: Vespiquen
|-heal|p2a: Vespiquen|87/100
|-singleturn|p2a: Vespiquen|move: Roost
|
|upkeep
|turn|75
|
|t:|1619870379
|cant|p1a: Sandaconda|slp
|move|p2a: Vespiquen|Toxic Spikes|p1a: Sandaconda
|-sidestart|p1: Vy8|move: Toxic Spikes
|
|upkeep
|turn|76
|
|t:|1619870383
|switch|p2a: Eldegoss|Eldegoss, F|100/100
|-curestatus|p1a: Sandaconda|slp|[msg]
|move|p1a: Sandaconda|Stealth Rock|p2a: Eldegoss
|-sidestart|p2: EWQW|move: Stealth Rock
|
|upkeep
|turn|77
|
|t:|1619870387
|switch|p1a: Toxicroak|Toxicroak, F|25/100
|-sideend|p1: Vy8|move: Toxic Spikes|[of] p1a: Toxicroak
|move|p2a: Eldegoss|Rapid Spin|p1a: Toxicroak
|-damage|p1a: Toxicroak|17/100
|-boost|p2a: Eldegoss|spe|1
|-sideend|p2: EWQW|Stealth Rock|[from] move: Rapid Spin|[of] p2a: Eldegoss
|
|upkeep
|turn|78
|
|t:|1619870393
|move|p1a: Toxicroak|Gunk Shot|p2a: Eldegoss
|-supereffective|p2a: Eldegoss
|-damage|p2a: Eldegoss|0 fnt
|faint|p2a: Eldegoss
|
|upkeep
|-message|EWQW forfeited.
|
|win|Vy8
|raw|Vy8's rating: 1293 &rarr; <strong>1325</strong><br />(+32 for winning)
|raw|EWQW's rating: 1387 &rarr; <strong>1362</strong><br />(-25 for losing)
|l|☆EWQW
