|j|☆SMOKETHESEMEATS
|j|☆yassy slay
|t:|1656171492
|gametype|singles
|player|p1|SMOKETHESEMEATS|red-gen2|1465
|player|p2|yassy slay|clown|1613
|teamsize|p1|6
|teamsize|p2|6
|gen|8
|tier|[Gen 8] PU
|rated|
|rule|Sleep Clause Mod: Limit one foe put to sleep
|rule|Species Clause: Limit one of each Pokémon
|rule|OHKO Clause: OHKO moves are banned
|rule|Evasion Moves Clause: Evasion moves are banned
|rule|Endless Battle Clause: Forcing endless battles is banned
|rule|HP Percentage Mod: HP is shown in percentages
|rule|Dynamax Clause: You cannot dynamax
|clearpoke
|poke|p1|Comfey, M|
|poke|p1|Quagsire, M|
|poke|p1|Absol, M|
|poke|p1|Articuno-Galar|
|poke|p1|Charizard, M|
|poke|p1|Sandslash, F|
|poke|p2|Lycanroc, M|
|poke|p2|Flapple, F|
|poke|p2|Cinccino, M|
|poke|p2|Mesprit|
|poke|p2|Crustle, F|
|poke|p2|Gourgeist-*, M|
|teampreview
|
|t:|1656171568
|start
|switch|p1a: Sandslash|Sandslash, F|100/100
|switch|p2a: Lycanroc|Lycanroc, M|100/100
|turn|1
|
|t:|1656171576
|move|p2a: Lycanroc|Stealth Rock|p1a: Sandslash
|-sidestart|p1: SMOKETHESEMEATS|move: Stealth Rock
|move|p1a: Sandslash|Stealth Rock|p2a: Lycanroc
|-sidestart|p2: yassy slay|move: Stealth Rock
|
|upkeep
|turn|2
|
|t:|1656171579
|switch|p2a: Gourgeist|Gourgeist-Large, M|100/100
|-damage|p2a: Gourgeist|88/100|[from] Stealth Rock
|-item|p1a: Sandslash|Leftovers|[from] ability: Frisk|[of] p2a: Gourgeist|[identify]
|move|p1a: Sandslash|Rapid Spin|p2a: Gourgeist
|-immune|p2a: Gourgeist
|
|upkeep
|turn|3
|
|t:|1656171592
|move|p2a: Gourgeist|Poltergeist|p1a: Sandslash
|-activate|p1a: Sandslash|move: Poltergeist|Leftovers
|-damage|p1a: Sandslash|48/100
|move|p1a: Sandslash|Spikes|p2a: Gourgeist
|-sidestart|p2: yassy slay|Spikes
|
|-heal|p1a: Sandslash|54/100|[from] item: Leftovers
|upkeep
|turn|4
|
|t:|1656171599
|move|p2a: Gourgeist|Power Whip|p1a: Sandslash|[miss]
|-miss|p2a: Gourgeist|p1a: Sandslash
|move|p1a: Sandslash|Spikes|p2a: Gourgeist
|-sidestart|p2: yassy slay|Spikes
|
|-heal|p1a: Sandslash|60/100|[from] item: Leftovers
|upkeep
|turn|5
|
|t:|1656171604
|switch|p1a: Krakatoa|Charizard, M|100/100
|move|p2a: Gourgeist|Poltergeist|p1a: Krakatoa|[miss]
|-miss|p2a: Gourgeist|p1a: Krakatoa
|
|upkeep
|turn|6
|
|t:|1656171614
|switch|p2a: Lycanroc|Lycanroc, M|100/100
|-damage|p2a: Lycanroc|88/100|[from] Stealth Rock
|-damage|p2a: Lycanroc|72/100|[from] Spikes
|move|p1a: Krakatoa|Flamethrower|p2a: Lycanroc
|-resisted|p2a: Lycanroc
|-damage|p2a: Lycanroc|37/100
|
|upkeep
|turn|7
|
|t:|1656171626
|switch|p1a: Literally Me|Quagsire, M|100/100
|-damage|p1a: Literally Me|94/100|[from] Stealth Rock
|move|p2a: Lycanroc|Stone Edge|p1a: Literally Me
|-resisted|p1a: Literally Me
|-damage|p1a: Literally Me|78/100
|
|-heal|p1a: Literally Me|84/100|[from] item: Leftovers
|upkeep
|turn|8
|
|t:|1656171646
|switch|p1a: Grimes|Comfey, M|100/100
|-damage|p1a: Grimes|88/100|[from] Stealth Rock
|move|p2a: Lycanroc|Endeavor|p1a: Grimes
|-damage|p1a: Grimes|35/100
|
|upkeep
|turn|9
|
|t:|1656171651
|move|p1a: Grimes|Giga Drain|p2a: Lycanroc
|-supereffective|p2a: Lycanroc
|-damage|p2a: Lycanroc|0 fnt
|-heal|p1a: Grimes|52/100|[from] drain|[of] p2a: Lycanroc
|faint|p2a: Lycanroc
|-damage|p1a: Grimes|43/100|[from] item: Life Orb
|
|upkeep
|
|t:|1656171666
|switch|p2a: Gourgeist|Gourgeist-Large, M|88/100
|-damage|p2a: Gourgeist|76/100|[from] Stealth Rock
|-damage|p2a: Gourgeist|59/100|[from] Spikes
|-item|p1a: Grimes|Life Orb|[from] ability: Frisk|[of] p2a: Gourgeist|[identify]
|turn|10
|
|t:|1656171710
|move|p1a: Grimes|Draining Kiss|p2a: Gourgeist
|-damage|p2a: Gourgeist|15/100
|-heal|p1a: Grimes|75/100|[from] drain|[of] p2a: Gourgeist
|-damage|p1a: Grimes|65/100|[from] item: Life Orb
|move|p2a: Gourgeist|Poltergeist|p1a: Grimes
|-activate|p1a: Grimes|move: Poltergeist|Life Orb
|-damage|p1a: Grimes|0 fnt
|faint|p1a: Grimes
|
|upkeep
|
|t:|1656171736
|switch|p1a: DevilWearsPrada|Absol, M|100/100
|-damage|p1a: DevilWearsPrada|88/100|[from] Stealth Rock
|turn|11
|
|t:|1656171743
|move|p1a: DevilWearsPrada|Sucker Punch|p2a: Gourgeist
|-supereffective|p2a: Gourgeist
|-damage|p2a: Gourgeist|0 fnt
|faint|p2a: Gourgeist
|-damage|p1a: DevilWearsPrada|78/100|[from] item: Life Orb
|
|upkeep
|
|t:|1656171748
|switch|p2a: Mesprit|Mesprit|100/100
|-damage|p2a: Mesprit|88/100|[from] Stealth Rock
|turn|12
|
|t:|1656171760
|switch|p1a: Krakatoa|Charizard, M|100/100
|move|p2a: Mesprit|Trick|p1a: Krakatoa
|-activate|p2a: Mesprit|move: Trick|[of] p1a: Krakatoa
|-item|p1a: Krakatoa|Choice Scarf|[from] move: Trick
|-item|p2a: Mesprit|Heavy-Duty Boots|[from] move: Trick
|
|upkeep
|turn|13
|
|t:|1656171773
|move|p1a: Krakatoa|Flamethrower|p2a: Mesprit
|-damage|p2a: Mesprit|40/100
|move|p2a: Mesprit|Healing Wish|p2a: Mesprit
|faint|p2a: Mesprit
|
|upkeep
|
|t:|1656171782
|switch|p2a: Cinccino|Cinccino, M|100/100
|-damage|p2a: Cinccino|88/100|[from] Stealth Rock
|-damage|p2a: Cinccino|72/100|[from] Spikes
|turn|14
|
|t:|1656171790
|move|p1a: Krakatoa|Flamethrower|p2a: Cinccino
|-damage|p2a: Cinccino|0 fnt
|faint|p2a: Cinccino
|
|upkeep
|
|t:|1656171794
|switch|p2a: Crustle|Crustle, F|100/100
|-damage|p2a: Crustle|76/100|[from] Stealth Rock
|-damage|p2a: Crustle|59/100|[from] Spikes
|turn|15
|
|t:|1656171799
|move|p1a: Krakatoa|Flamethrower|p2a: Crustle
|-damage|p2a: Crustle|0 fnt
|faint|p2a: Crustle
|
|upkeep
|
|t:|1656171801
|switch|p2a: Flapple|Flapple, F|100/100
|-damage|p2a: Flapple|88/100|[from] Stealth Rock
|-damage|p2a: Flapple|72/100|[from] Spikes
|turn|16
|
|t:|1656171804
|move|p1a: Krakatoa|Flamethrower|p2a: Flapple
|-damage|p2a: Flapple|0 fnt
|faint|p2a: Flapple
|
|win|SMOKETHESEMEATS
|raw|SMOKETHESEMEATS's rating: 1465 &rarr; <strong>1493</strong><br />(+28 for winning)
|raw|yassy slay's rating: 1613 &rarr; <strong>1585</strong><br />(-28 for losing)
|c|☆SMOKETHESEMEATS|gg
|c|☆yassy slay|gg
|l|☆yassy slay
||Ladder isn't responding, score probably updated but might not have (Request timeout).
