|j|☆m3p0
|j|☆rerenascimento
|player|p1|m3p0|130|1253
|player|p2|rerenascimento|acetrainerf|1356
|teamsize|p1|6
|teamsize|p2|6
|gametype|singles
|gen|8
|tier|[Gen 8] PU
|rated|
|clearpoke
|poke|p1|Leafeon, F|
|poke|p1|Carkol, F|
|poke|p1|Dusclops, M|
|poke|p1|Lapras, F|
|poke|p1|Silvally-*|
|poke|p1|Meowstic-F, F|
|poke|p2|Shuckle, F|
|poke|p2|Arctovish|
|poke|p2|Roselia, M|
|poke|p2|Dusclops, F|
|poke|p2|Liepard, M|
|poke|p2|Silvally-*|
|rule|Sleep Clause Mod: Limit one foe put to sleep
|rule|Species Clause: Limit one of each Pokémon
|rule|OHKO Clause: OHKO moves are banned
|rule|Evasion Moves Clause: Evasion moves are banned
|rule|Endless Battle Clause: Forcing endless battles is banned
|rule|HP Percentage Mod: HP is shown in percentages
|rule|Dynamax Clause: You cannot dynamax
|teampreview
|inactive|Battle timer is ON: inactive players will automatically lose when time's up. (requested by rerenascimento)
|
|start
|switch|p1a: Carkol|Carkol, F|100/100
|switch|p2a: Silvally|Silvally-Ground|100/100
|turn|1
|
|switch|p1a: Dusclops|Dusclops, M|100/100
|-item|p2a: Silvally|Ground Memory|[from] ability: Frisk|[of] p1a: Dusclops|[identify]
|move|p2a: Silvally|U-turn|p1a: Dusclops
|-resisted|p1a: Dusclops
|-damage|p1a: Dusclops|93/100
|
|switch|p2a: Shuckle|Shuckle, F|100/100|[from]move: U-turn
|
|upkeep
|turn|2
|
|move|p1a: Dusclops|Night Shade|p2a: Shuckle
|-damage|p2a: Shuckle|60/100
|move|p2a: Shuckle|Toxic|p1a: Dusclops
|-status|p1a: Dusclops|tox
|
|-damage|p1a: Dusclops|87/100 tox|[from] psn
|upkeep
|turn|3
|
|move|p1a: Dusclops|Night Shade|p2a: Shuckle
|-damage|p2a: Shuckle|19/100
|move|p2a: Shuckle|Stealth Rock|p1a: Dusclops
|-sidestart|p1: m3p0|move: Stealth Rock
|
|-damage|p1a: Dusclops|75/100 tox|[from] psn
|upkeep
|turn|4
|
|move|p1a: Dusclops|Night Shade|p2a: Shuckle
|-damage|p2a: Shuckle|0 fnt
|faint|p2a: Shuckle
|
|-damage|p1a: Dusclops|57/100 tox|[from] psn
|upkeep
|
|switch|p2a: Liepard|Liepard, M|100/100
|turn|5
|
|move|p2a: Liepard|Knock Off|p1a: Dusclops
|-supereffective|p1a: Dusclops
|-damage|p1a: Dusclops|4/100 tox
|-enditem|p1a: Dusclops|Eviolite|[from] move: Knock Off|[of] p2a: Liepard
|move|p1a: Dusclops|Curse|p2a: Liepard
|-start|p2a: Liepard|Curse|[of] p1a: Dusclops
|-damage|p1a: Dusclops|0 fnt
|faint|p1a: Dusclops
|
|-damage|p2a: Liepard|76/100|[from] Curse
|upkeep
|
|switch|p1a: Silvally|Silvally-Poison|100/100
|-damage|p1a: Silvally|88/100|[from] Stealth Rock
|turn|6
|
|switch|p2a: Dusclops|Dusclops, F|100/100
|-item|p1a: Silvally|Poison Memory|[from] ability: Frisk|[of] p2a: Dusclops|[identify]
|move|p1a: Silvally|Defog|p2a: Dusclops
|-unboost|p2a: Dusclops|evasion|1
|-sideend|p1: m3p0|Stealth Rock|[from] move: Defog|[of] p1a: Silvally
|
|upkeep
|turn|7
|
|move|p1a: Silvally|U-turn|p2a: Dusclops
|-resisted|p2a: Dusclops
|-damage|p2a: Dusclops|97/100
|
|switch|p1a: Carkol|Carkol, F|100/100|[from]move: U-turn
|move|p2a: Dusclops|Night Shade|p1a: Carkol
|-damage|p1a: Carkol|73/100
|
|upkeep
|turn|8
|
|switch|p2a: Silvally|Silvally-Ground|100/100
|move|p1a: Carkol|Spikes|p2a: Silvally
|-sidestart|p2: rerenascimento|Spikes
|
|upkeep
|turn|9
|
|switch|p1a: Meowstic|Meowstic-F, F|100/100
|move|p2a: Silvally|Defog|p1a: Meowstic
|-unboost|p1a: Meowstic|evasion|1
|-ability|p1a: Meowstic|Competitive
|-boost|p1a: Meowstic|spa|2
|-sideend|p2: rerenascimento|Spikes|[from] move: Defog|[of] p2a: Silvally
|
|upkeep
|turn|10
|
|move|p1a: Meowstic|Dark Pulse|p2a: Silvally
|-damage|p2a: Silvally|41/100
|move|p2a: Silvally|U-turn|p1a: Meowstic
|-supereffective|p1a: Meowstic
|-damage|p1a: Meowstic|35/100
|
|switch|p2a: Roselia|Roselia, M|100/100|[from]move: U-turn
|
|upkeep
|turn|11
|
|switch|p1a: Silvally|Silvally-Poison|88/100
|switch|p2a: Liepard|Liepard, M|76/100
|
|upkeep
|turn|12
|
|move|p2a: Liepard|Copycat|p2a: Liepard
|move|p2a: Liepard|U-turn|p1a: Silvally|[from]Copycat
|-resisted|p1a: Silvally
|-damage|p1a: Silvally|79/100
|
|switch|p2a: Dusclops|Dusclops, F|97/100|[from]move: U-turn
|-item|p1a: Silvally|Poison Memory|[from] ability: Frisk|[of] p2a: Dusclops|[identify]
|move|p1a: Silvally|U-turn|p2a: Dusclops
|-resisted|p2a: Dusclops
|-damage|p2a: Dusclops|93/100
|
|switch|p1a: Carkol|Carkol, F|73/100|[from]move: U-turn
|
|upkeep
|turn|13
|
|switch|p2a: Silvally|Silvally-Ground|41/100
|move|p1a: Carkol|Stealth Rock|p2a: Silvally
|-sidestart|p2: rerenascimento|move: Stealth Rock
|
|upkeep
|turn|14
|
|switch|p1a: Meowstic|Meowstic-F, F|35/100
|move|p2a: Silvally|Multi-Attack|p1a: Meowstic
|-damage|p1a: Meowstic|0 fnt
|faint|p1a: Meowstic
|
|upkeep
|
|switch|p1a: Lapras|Lapras, F|100/100
|turn|15
|
|move|p2a: Silvally|U-turn|p1a: Lapras
|-damage|p1a: Lapras|82/100
|
|switch|p2a: Arctovish|Arctovish|100/100|[from]move: U-turn
|-damage|p2a: Arctovish|76/100|[from] Stealth Rock
|move|p1a: Lapras|Freeze-Dry|p2a: Arctovish
|-damage|p2a: Arctovish|51/100
|
|upkeep
|turn|16
|
|switch|p1a: Leafeon|Leafeon, F|100/100
|move|p2a: Arctovish|Rock Blast|p1a: Leafeon
|-damage|p1a: Leafeon|90/100
|-damage|p1a: Leafeon|80/100
|-damage|p1a: Leafeon|70/100
|-damage|p1a: Leafeon|60/100
|-hitcount|p1a: Leafeon|4
|
|upkeep
|turn|17
|
|move|p1a: Leafeon|Knock Off|p2a: Arctovish
|-damage|p2a: Arctovish|18/100
|-enditem|p2a: Arctovish|Choice Band|[from] move: Knock Off|[of] p1a: Leafeon
|move|p2a: Arctovish|Rock Blast|p1a: Leafeon
|-damage|p1a: Leafeon|53/100
|-damage|p1a: Leafeon|46/100
|-damage|p1a: Leafeon|39/100
|-hitcount|p1a: Leafeon|3
|
|upkeep
|turn|18
|
|move|p1a: Leafeon|Knock Off|p2a: Arctovish
|-damage|p2a: Arctovish|0 fnt
|faint|p2a: Arctovish
|
|upkeep
|
|switch|p2a: Liepard|Liepard, M|76/100
|-damage|p2a: Liepard|63/100|[from] Stealth Rock
|turn|19
|
|switch|p1a: Silvally|Silvally-Poison|79/100
|move|p2a: Liepard|Copycat|p2a: Liepard
|move|p2a: Liepard|Knock Off|p1a: Silvally|[from]Copycat
|-damage|p1a: Silvally|54/100
|
|upkeep
|turn|20
|
|switch|p2a: Dusclops|Dusclops, F|93/100
|-damage|p2a: Dusclops|80/100|[from] Stealth Rock
|-item|p1a: Silvally|Poison Memory|[from] ability: Frisk|[of] p2a: Dusclops|[identify]
|move|p1a: Silvally|U-turn|p2a: Dusclops
|-resisted|p2a: Dusclops
|-damage|p2a: Dusclops|77/100
|
|switch|p1a: Carkol|Carkol, F|73/100|[from]move: U-turn
|
|upkeep
|turn|21
|
|move|p1a: Carkol|Flamethrower|p2a: Dusclops
|-damage|p2a: Dusclops|63/100
|move|p2a: Dusclops|Night Shade|p1a: Carkol
|-damage|p1a: Carkol|45/100
|
|upkeep
|turn|22
|
|move|p1a: Carkol|Spikes|p2a: Dusclops
|-sidestart|p2: rerenascimento|Spikes
|move|p2a: Dusclops|Night Shade|p1a: Carkol
|-damage|p1a: Carkol|17/100
|
|upkeep
|turn|23
|
|move|p1a: Carkol|Spikes|p2a: Dusclops
|-sidestart|p2: rerenascimento|Spikes
|move|p2a: Dusclops|Night Shade|p1a: Carkol
|-damage|p1a: Carkol|0 fnt
|faint|p1a: Carkol
|
|upkeep
|
|switch|p1a: Leafeon|Leafeon, F|39/100
|turn|24
|
|move|p1a: Leafeon|Knock Off|p2a: Dusclops
|-supereffective|p2a: Dusclops
|-damage|p2a: Dusclops|30/100
|-enditem|p2a: Dusclops|Eviolite|[from] move: Knock Off|[of] p1a: Leafeon
|move|p2a: Dusclops|Night Shade|p1a: Leafeon
|-damage|p1a: Leafeon|2/100
|
|upkeep
|turn|25
|
|move|p1a: Leafeon|Knock Off|p2a: Dusclops
|-supereffective|p2a: Dusclops
|-damage|p2a: Dusclops|0 fnt
|faint|p2a: Dusclops
|
|upkeep
|
|switch|p2a: Liepard|Liepard, M|63/100
|-damage|p2a: Liepard|51/100|[from] Stealth Rock
|-damage|p2a: Liepard|35/100|[from] Spikes
|turn|26
|
|switch|p1a: Silvally|Silvally-Poison|54/100
|move|p2a: Liepard|Copycat|p2a: Liepard
|move|p2a: Liepard|Knock Off|p1a: Silvally|[from]Copycat
|-damage|p1a: Silvally|27/100
|
|upkeep
|turn|27
|
|switch|p1a: Lapras|Lapras, F|82/100
|move|p2a: Liepard|Knock Off|p1a: Lapras
|-damage|p1a: Lapras|42/100
|-enditem|p1a: Lapras|Heavy-Duty Boots|[from] move: Knock Off|[of] p2a: Liepard
|
|upkeep
|turn|28
|
|switch|p2a: Roselia|Roselia, M|100/100
|-damage|p2a: Roselia|84/100|[from] Spikes
|-damage|p2a: Roselia|72/100|[from] Stealth Rock
|move|p1a: Lapras|Freeze-Dry|p2a: Roselia
|-supereffective|p2a: Roselia
|-damage|p2a: Roselia|43/100
|
|upkeep
|turn|29
|
|switch|p1a: Silvally|Silvally-Poison|27/100
|move|p2a: Roselia|Spikes|p1a: Silvally
|-sidestart|p1: m3p0|Spikes
|
|upkeep
|turn|30
|
|move|p1a: Silvally|Defog|p2a: Roselia
|-unboost|p2a: Roselia|evasion|1
|-sideend|p2: rerenascimento|Spikes|[from] move: Defog|[of] p1a: Silvally
|-sideend|p2: rerenascimento|Stealth Rock|[from] move: Defog|[of] p1a: Silvally
|-sideend|p1: m3p0|Spikes|[from] move: Defog|[of] p1a: Silvally
|move|p2a: Roselia|Sludge Bomb|p1a: Silvally
|-resisted|p1a: Silvally
|-damage|p1a: Silvally|12/100
|
|upkeep
|turn|31
|
|move|p1a: Silvally|Multi-Attack|p2a: Roselia
|-damage|p2a: Roselia|0 fnt
|faint|p2a: Roselia
|
|upkeep
|
|switch|p2a: Liepard|Liepard, M|35/100
|turn|32
|
|move|p2a: Liepard|Copycat|p2a: Liepard
|move|p2a: Liepard|Multi-Attack|p1a: Silvally|[from]Copycat
|-damage|p1a: Silvally|0 fnt
|faint|p1a: Silvally
|
|upkeep
|
|switch|p1a: Lapras|Lapras, F|42/100
|turn|33
|
|move|p2a: Liepard|Copycat|p2a: Liepard
|move|p2a: Liepard|Multi-Attack|p1a: Lapras|[from]Copycat
|-damage|p1a: Lapras|11/100
|move|p1a: Lapras|Surf|p2a: Liepard
|-damage|p2a: Liepard|0 fnt
|faint|p2a: Liepard
|
|upkeep
|
|switch|p2a: Silvally|Silvally-Ground|41/100
|turn|34
|
|move|p2a: Silvally|Multi-Attack|p1a: Lapras
|-damage|p1a: Lapras|0 fnt
|faint|p1a: Lapras
|
|upkeep
|
|switch|p1a: Leafeon|Leafeon, F|2/100
|turn|35
|
|move|p1a: Leafeon|Leaf Blade|p2a: Silvally
|-supereffective|p2a: Silvally
|-damage|p2a: Silvally|0 fnt
|faint|p2a: Silvally
|
|win|m3p0
|c|☆rerenascimento|gg
|raw|m3p0's rating: 1276 &rarr; <strong>1307</strong><br />(+31 for winning)
|raw|rerenascimento's rating: 1356 &rarr; <strong>1331</strong><br />(-25 for losing)
|c|☆m3p0|gg
|l|☆rerenascimento
