|j|☆allstarapology
|j|☆zSpxdes
|player|p1|allstarapology|iris-gen5bw2|
|player|p2|zSpxdes|ethan|
|teamsize|p1|6
|teamsize|p2|6
|gametype|singles
|gen|8
|tier|[Gen 8] PU
|clearpoke
|poke|p1|Palpitoad, M|
|poke|p1|Raichu, F|
|poke|p1|Vespiquen, F|
|poke|p1|Heatmor, F|
|poke|p1|Mr. Mime, M|
|poke|p1|Falinks|
|poke|p2|Falinks|
|poke|p2|Roselia, F|
|poke|p2|Palpitoad, M|
|poke|p2|Drakloak, M|
|poke|p2|Type: Null|
|poke|p2|Silvally-*|
|rule|Sleep Clause Mod: Limit one foe put to sleep
|rule|Species Clause: Limit one of each Pokémon
|rule|OHKO Clause: OHKO moves are banned
|rule|Evasion Moves Clause: Evasion moves are banned
|rule|Endless Battle Clause: Forcing endless battles is banned
|rule|HP Percentage Mod: HP is shown in percentages
|rule|Dynamax Clause: You cannot dynamax
|teampreview
|c|☆zSpxdes|hf!
|c|☆allstarapology|u2
|j| tlenit1
|j|+tjay
|j|+Specs
|
|start
|switch|p1a: biggest fan|Vespiquen, F|100/100
|switch|p2a: Roselia|Roselia, F|100/100
|-ability|p1a: biggest fan|Pressure
|turn|1
|j| HaxxSel
|
|move|p2a: Roselia|Sleep Powder|p1a: biggest fan
|-status|p1a: biggest fan|slp|[from] move: Sleep Powder
|cant|p1a: biggest fan|slp
|
|upkeep
|turn|2
|
|switch|p2a: Drakloak|Drakloak, M|100/100
|cant|p1a: biggest fan|slp
|
|upkeep
|turn|3
|
|move|p2a: Drakloak|Substitute|p2a: Drakloak
|-start|p2a: Drakloak|Substitute
|-damage|p2a: Drakloak|76/100
|cant|p1a: biggest fan|slp
|
|-heal|p2a: Drakloak|82/100|[from] item: Leftovers
|upkeep
|turn|4
|
|move|p2a: Drakloak|Fire Blast|p1a: biggest fan
|-supereffective|p1a: biggest fan
|-damage|p1a: biggest fan|66/100 slp
|-curestatus|p1a: biggest fan|slp|[msg]
|move|p1a: biggest fan|U-turn|p2a: Drakloak
|-resisted|p2a: Drakloak
|-activate|p2a: Drakloak|move: Substitute|[damage]
|
|switch|p1a: large windmill|Mr. Mime, M|100/100|[from]move: U-turn
|
|-heal|p2a: Drakloak|88/100|[from] item: Leftovers
|upkeep
|turn|5
|
|move|p1a: large windmill|Dazzling Gleam|p2a: Drakloak
|-supereffective|p2a: Drakloak
|-end|p2a: Drakloak|Substitute
|move|p2a: Drakloak|Hex|p1a: large windmill
|-supereffective|p1a: large windmill
|-damage|p1a: large windmill|62/100
|
|-heal|p2a: Drakloak|94/100|[from] item: Leftovers
|upkeep
|turn|6
|
|switch|p1a: such a big fan|Heatmor, F|100/100
|switch|p2a: Type: Null|Type: Null|100/100
|
|upkeep
|turn|7
|
|move|p1a: such a big fan|Substitute|p1a: such a big fan
|-start|p1a: such a big fan|Substitute
|-damage|p1a: such a big fan|76/100
|move|p2a: Type: Null|U-turn|p1a: such a big fan
|-resisted|p1a: such a big fan
|-activate|p1a: such a big fan|move: Substitute|[damage]
|
|switch|p2a: Silvally|Silvally-Psychic|100/100|[from]move: U-turn
|
|-heal|p1a: such a big fan|82/100|[from] item: Leftovers
|upkeep
|turn|8
|
|move|p2a: Silvally|Multi-Attack|p1a: such a big fan
|-end|p1a: such a big fan|Substitute
|move|p1a: such a big fan|Fire Lash|p2a: Silvally
|-damage|p2a: Silvally|63/100
|-unboost|p2a: Silvally|def|1
|
|-heal|p1a: such a big fan|88/100|[from] item: Leftovers
|upkeep
|turn|9
|
|switch|p1a: big fan|Palpitoad, M|100/100
|move|p2a: Silvally|U-turn|p1a: big fan
|-damage|p1a: big fan|87/100
|
|switch|p2a: Roselia|Roselia, F|100/100|[from]move: U-turn
|
|upkeep
|turn|10
|
|move|p2a: Roselia|Sleep Powder|p1a: big fan
|-status|p1a: big fan|slp|[from] move: Sleep Powder
|cant|p1a: big fan|slp
|
|upkeep
|turn|11
|
|switch|p2a: Drakloak|Drakloak, M|94/100
|switch|p1a: biggest fan|Vespiquen, F|66/100
|-ability|p1a: biggest fan|Pressure
|
|-heal|p2a: Drakloak|99/100|[from] item: Leftovers
|upkeep
|turn|12
|
|move|p2a: Drakloak|Substitute|p2a: Drakloak
|-start|p2a: Drakloak|Substitute
|-damage|p2a: Drakloak|75/100
|move|p1a: biggest fan|Aerial Ace|p2a: Drakloak
|-end|p2a: Drakloak|Substitute
|
|-heal|p2a: Drakloak|81/100|[from] item: Leftovers
|upkeep
|turn|13
|
|move|p2a: Drakloak|Will-O-Wisp|p1a: biggest fan
|-status|p1a: biggest fan|brn
|move|p1a: biggest fan|U-turn|p2a: Drakloak
|-resisted|p2a: Drakloak
|-damage|p2a: Drakloak|72/100
|j| SpacialRendevous
|
|switch|p1a: large windmill|Mr. Mime, M|62/100|[from]move: U-turn
|
|-heal|p2a: Drakloak|78/100|[from] item: Leftovers
|upkeep
|turn|14
|
|switch|p2a: Silvally|Silvally-Psychic|63/100
|move|p1a: large windmill|Teleport|p1a: large windmill
|
|switch|p1a: bigger fan|Raichu, F|100/100|[from]move: Teleport
|
|upkeep
|turn|15
|
|switch|p2a: Palpitoad|Palpitoad, M|100/100
|move|p1a: bigger fan|Volt Switch|p2a: Palpitoad
|-immune|p2a: Palpitoad
|
|upkeep
|turn|16
|
|switch|p1a: biggest fan|Vespiquen, F|66/100 brn
|-ability|p1a: biggest fan|Pressure
|move|p2a: Palpitoad|Stealth Rock|p1a: biggest fan
|-sidestart|p1: allstarapology|move: Stealth Rock
|
|-damage|p1a: biggest fan|60/100 brn|[from] brn
|upkeep
|turn|17
|
|switch|p2a: Drakloak|Drakloak, M|78/100
|move|p1a: biggest fan|Roost|p1a: biggest fan
|-heal|p1a: biggest fan|100/100 brn
|-singleturn|p1a: biggest fan|move: Roost
|
|-heal|p2a: Drakloak|84/100|[from] item: Leftovers
|-damage|p1a: biggest fan|94/100 brn|[from] brn
|upkeep
|turn|18
|
|move|p2a: Drakloak|Substitute|p2a: Drakloak
|-start|p2a: Drakloak|Substitute
|-damage|p2a: Drakloak|59/100
|move|p1a: biggest fan|Aerial Ace|p2a: Drakloak
|-activate|p2a: Drakloak|move: Substitute|[damage]
|
|-heal|p2a: Drakloak|65/100|[from] item: Leftovers
|-damage|p1a: biggest fan|88/100 brn|[from] brn
|upkeep
|turn|19
|
|move|p2a: Drakloak|Hex|p1a: biggest fan
|-damage|p1a: biggest fan|57/100 brn
|move|p1a: biggest fan|Defog|p2a: Drakloak
|-sideend|p1: allstarapology|Stealth Rock|[from] move: Defog|[of] p1a: biggest fan
|
|-heal|p2a: Drakloak|71/100|[from] item: Leftovers
|-damage|p1a: biggest fan|51/100 brn|[from] brn
|upkeep
|turn|20
|
|move|p2a: Drakloak|Hex|p1a: biggest fan
|-damage|p1a: biggest fan|22/100 brn
|move|p1a: biggest fan|Roost|p1a: biggest fan
|-heal|p1a: biggest fan|72/100 brn
|-singleturn|p1a: biggest fan|move: Roost
|
|-heal|p2a: Drakloak|77/100|[from] item: Leftovers
|-damage|p1a: biggest fan|66/100 brn|[from] brn
|upkeep
|turn|21
|
|switch|p2a: Palpitoad|Palpitoad, M|100/100
|move|p1a: biggest fan|U-turn|p2a: Palpitoad
|-damage|p2a: Palpitoad|92/100
|
|switch|p1a: such a big fan|Heatmor, F|88/100|[from]move: U-turn
|
|-heal|p1a: such a big fan|94/100|[from] item: Leftovers
|upkeep
|turn|22
|j| n1 asa fan
|
|move|p1a: such a big fan|Giga Drain|p2a: Palpitoad
|-supereffective|p2a: Palpitoad
|-damage|p2a: Palpitoad|23/100
|-heal|p1a: such a big fan|100/100|[from] drain|[of] p2a: Palpitoad
|move|p2a: Palpitoad|Earth Power|p1a: such a big fan
|-supereffective|p1a: such a big fan
|-damage|p1a: such a big fan|28/100
|
|-heal|p1a: such a big fan|35/100|[from] item: Leftovers
|upkeep
|turn|23
|c| n1 asa fan|ily both
|c| n1 asa fan|gl
|
|-singleturn|p1a: such a big fan|move: Focus Punch
|switch|p2a: Type: Null|Type: Null|100/100
|move|p1a: such a big fan|Focus Punch|p2a: Type: Null
|-supereffective|p2a: Type: Null
|-damage|p2a: Type: Null|39/100
|
|-heal|p1a: such a big fan|41/100|[from] item: Leftovers
|upkeep
|turn|24
|j| Horodro
|j| Lambovino
|
|switch|p1a: whoosh|Falinks|100/100
|move|p2a: Type: Null|U-turn|p1a: whoosh
|-resisted|p1a: whoosh
|-damage|p1a: whoosh|90/100
|
|switch|p2a: Drakloak|Drakloak, M|77/100|[from]move: U-turn
|
|-heal|p2a: Drakloak|84/100|[from] item: Leftovers
|upkeep
|turn|25
|
|move|p2a: Drakloak|Hex|p1a: whoosh
|-damage|p1a: whoosh|52/100
|move|p1a: whoosh|Throat Chop|p2a: Drakloak
|-supereffective|p2a: Drakloak
|-damage|p2a: Drakloak|0 fnt
|-damage|p1a: whoosh|42/100|[from] item: Life Orb
|faint|p2a: Drakloak
|
|upkeep
|
|switch|p2a: Silvally|Silvally-Psychic|63/100
|turn|26
|
|switch|p1a: big fan|Palpitoad, M|87/100 slp
|move|p2a: Silvally|Multi-Attack|p1a: big fan
|-damage|p1a: big fan|52/100 slp
|
|upkeep
|turn|27
|
|move|p2a: Silvally|Multi-Attack|p1a: big fan
|-damage|p1a: big fan|21/100 slp
|cant|p1a: big fan|slp
|
|upkeep
|turn|28
|
|move|p2a: Silvally|Multi-Attack|p1a: big fan
|-damage|p1a: big fan|0 fnt
|faint|p1a: big fan
|
|upkeep
|
|switch|p1a: bigger fan|Raichu, F|100/100
|turn|29
|
|switch|p2a: Roselia|Roselia, F|100/100
|move|p1a: bigger fan|Volt Switch|p2a: Roselia
|-resisted|p2a: Roselia
|-damage|p2a: Roselia|67/100
|
|switch|p1a: such a big fan|Heatmor, F|41/100|[from]move: Volt Switch
|
|-heal|p1a: such a big fan|47/100|[from] item: Leftovers
|upkeep
|turn|30
|
|move|p2a: Roselia|Sludge Bomb|p1a: such a big fan
|-damage|p1a: such a big fan|0 fnt
|faint|p1a: such a big fan
|
|upkeep
|n| royesk|n1asafan
|
|switch|p1a: large windmill|Mr. Mime, M|62/100
|turn|31
|
|switch|p2a: Type: Null|Type: Null|39/100
|move|p1a: large windmill|Psychic|p2a: Type: Null
|-damage|p2a: Type: Null|22/100
|
|upkeep
|turn|32
|
|switch|p1a: whoosh|Falinks|42/100
|move|p2a: Type: Null|Rest|p2a: Type: Null
|-status|p2a: Type: Null|slp|[from] move: Rest
|-heal|p2a: Type: Null|100/100 slp|[silent]
|
|upkeep
|turn|33
|
|switch|p2a: Palpitoad|Palpitoad, M|23/100
|move|p1a: whoosh|Close Combat|p2a: Palpitoad
|-damage|p2a: Palpitoad|0 fnt
|-unboost|p1a: whoosh|def|1
|-unboost|p1a: whoosh|spd|1
|-damage|p1a: whoosh|32/100|[from] item: Life Orb
|faint|p2a: Palpitoad
|
|upkeep
|
|switch|p2a: Silvally|Silvally-Psychic|63/100
|turn|34
|
|switch|p1a: large windmill|Mr. Mime, M|62/100
|move|p2a: Silvally|Multi-Attack|p1a: large windmill
|-resisted|p1a: large windmill
|-damage|p1a: large windmill|2/100
|
|upkeep
|turn|35
|
|move|p1a: large windmill|Dazzling Gleam|p2a: Silvally
|-damage|p2a: Silvally|26/100
|move|p2a: Silvally|U-turn|p1a: large windmill
|-damage|p1a: large windmill|0 fnt
|faint|p1a: large windmill
|
|switch|p2a: Roselia|Roselia, F|67/100|[from]move: U-turn
|
|upkeep
|
|switch|p1a: biggest fan|Vespiquen, F|66/100 brn
|-ability|p1a: biggest fan|Pressure
|turn|36
|
|move|p2a: Roselia|Toxic Spikes|p1a: biggest fan
|-sidestart|p1: allstarapology|move: Toxic Spikes
|move|p1a: biggest fan|Aerial Ace|p2a: Roselia
|-supereffective|p2a: Roselia
|-damage|p2a: Roselia|28/100
|
|-damage|p1a: biggest fan|60/100 brn|[from] brn
|upkeep
|turn|37
|
|switch|p2a: Silvally|Silvally-Psychic|26/100
|move|p1a: biggest fan|Aerial Ace|p2a: Silvally
|-damage|p2a: Silvally|17/100
|
|-damage|p1a: biggest fan|54/100 brn|[from] brn
|upkeep
|turn|38
|
|move|p2a: Silvally|Multi-Attack|p1a: biggest fan
|-damage|p1a: biggest fan|7/100 brn
|move|p1a: biggest fan|Roost|p1a: biggest fan
|-heal|p1a: biggest fan|57/100 brn
|-singleturn|p1a: biggest fan|move: Roost
|
|-damage|p1a: biggest fan|51/100 brn|[from] brn
|upkeep
|turn|39
|
|move|p2a: Silvally|Multi-Attack|p1a: biggest fan
|-damage|p1a: biggest fan|5/100 brn
|move|p1a: biggest fan|U-turn|p2a: Silvally
|-supereffective|p2a: Silvally
|-damage|p2a: Silvally|0 fnt
|faint|p2a: Silvally
|
|switch|p1a: bigger fan|Raichu, F|100/100|[from]move: U-turn
|-status|p1a: bigger fan|psn
|
|-damage|p1a: bigger fan|88/100 psn|[from] psn
|upkeep
|
|switch|p2a: Roselia|Roselia, F|28/100
|turn|40
|
|move|p2a: Roselia|Leaf Storm|p1a: bigger fan
|-damage|p1a: bigger fan|0 fnt
|-unboost|p2a: Roselia|spa|2
|faint|p1a: bigger fan
|
|upkeep
|j| Madinina
|c|☆allstarapology|gg
|-message|allstarapology forfeited.
|
|win|zSpxdes
|l|+Specs
|c|☆zSpxdes|gg
