|raw|<div class="broadcast-blue"><strong>This battle is required to be public due to a player having a name starting with 'pult4c1'.</div>
|j|☆gassy neigh
|j|☆pult4c1 skelly
|t:|1660859788
|gametype|singles
|player|p1|gassy neigh|clown|1603
|player|p2|pult4c1 skelly|bugsy|1671
|teamsize|p1|6
|teamsize|p2|6
|gen|8
|tier|[Gen 8] PU
|rated|
|rule|Sleep Clause Mod: Limit one foe put to sleep
|rule|Species Clause: Limit one of each Pokémon
|rule|OHKO Clause: OHKO moves are banned
|rule|Evasion Items Clause: Evasion items are banned
|rule|Evasion Moves Clause: Evasion moves are banned
|rule|Endless Battle Clause: Forcing endless battles is banned
|rule|HP Percentage Mod: HP is shown in percentages
|rule|Dynamax Clause: You cannot dynamax
|clearpoke
|poke|p1|Gigalith, F|
|poke|p1|Gourgeist-*, M|
|poke|p1|Cryogonal|
|poke|p1|Comfey, M|
|poke|p1|Persian-Alola, F|
|poke|p1|Magneton|
|poke|p2|Avalugg, F|
|poke|p2|Corsola-Galar, F|
|poke|p2|Quagsire, M|
|poke|p2|Audino, F|
|poke|p2|Charizard, F|
|poke|p2|Weezing, M|
|teampreview
|
|t:|1660859797
|start
|switch|p1a: Comfey|Comfey, M|100/100
|switch|p2a: Weezing|Weezing, M|100/100
|-ability|p2a: Weezing|Neutralizing Gas
|turn|1
|
|t:|1660859806
|switch|p1a: Cryogonal|Cryogonal|100/100
|move|p2a: Weezing|Toxic Spikes|p1a: Cryogonal
|-sidestart|p1: gassy neigh|move: Toxic Spikes
|
|upkeep
|turn|2
|
|t:|1660859813
|-end|p2a: Weezing|ability: Neutralizing Gas
|switch|p2a: Corsola|Corsola-Galar, F|100/100
|move|p1a: Cryogonal|Defog|p2a: Corsola
|-unboost|p2a: Corsola|evasion|1
|-sideend|p1: gassy neigh|Toxic Spikes|[from] move: Defog|[of] p1a: Cryogonal
|
|upkeep
|turn|3
|
|t:|1660859819
|move|p1a: Cryogonal|Toxic|p2a: Corsola
|-status|p2a: Corsola|tox
|move|p2a: Corsola|Stealth Rock|p1a: Cryogonal
|-sidestart|p1: gassy neigh|move: Stealth Rock
|
|-damage|p2a: Corsola|94/100 tox|[from] psn
|upkeep
|turn|4
|
|t:|1660859828
|switch|p1a: Magneton|Magneton|100/100
|-damage|p1a: Magneton|94/100|[from] Stealth Rock
|switch|p2a: Charizard|Charizard, F|100/100
|
|upkeep
|turn|5
|
|t:|1660859836
|switch|p2a: Audino|Audino, F|100/100
|move|p1a: Magneton|Volt Switch|p2a: Audino
|-damage|p2a: Audino|70/100
|
|t:|1660859844
|switch|p1a: Gourgeist|Gourgeist-Super, M|100/100|[from]move: Volt Switch
|-damage|p1a: Gourgeist|88/100|[from] Stealth Rock
|-item|p2a: Audino|Heavy-Duty Boots|[from] ability: Frisk|[of] p1a: Gourgeist|[identify]
|
|upkeep
|turn|6
|
|t:|1660859854
|move|p2a: Audino|Protect|p2a: Audino
|-singleturn|p2a: Audino|Protect
|move|p1a: Gourgeist|Power Whip|p2a: Audino
|-activate|p2a: Audino|move: Protect
|
|upkeep
|turn|7
|
|t:|1660859872
|switch|p1a: Comfey|Comfey, M|100/100
|-damage|p1a: Comfey|88/100|[from] Stealth Rock
|switch|p2a: Avalugg|Avalugg, F|100/100
|
|upkeep
|turn|8
|
|t:|1660859875
|move|p1a: Comfey|Trick|p2a: Avalugg
|-activate|p1a: Comfey|move: Trick|[of] p2a: Avalugg
|-item|p2a: Avalugg|Choice Specs|[from] move: Trick
|-item|p1a: Comfey|Heavy-Duty Boots|[from] move: Trick
|move|p2a: Avalugg|Toxic|p1a: Comfey
|-status|p1a: Comfey|tox
|
|-damage|p1a: Comfey|82/100 tox|[from] psn
|upkeep
|turn|9
|
|t:|1660859880
|switch|p2a: Weezing|Weezing, M|100/100
|-ability|p2a: Weezing|Neutralizing Gas
|move|p1a: Comfey|Heal Bell|p1a: Comfey
|-activate|p1a: Comfey|move: Heal Bell
|-curestatus|p1a: Comfey|tox|[msg]
|
|upkeep
|turn|10
|
|t:|1660859886
|switch|p1a: Cryogonal|Cryogonal|100/100
|move|p2a: Weezing|Sludge Bomb|p1a: Cryogonal
|-damage|p1a: Cryogonal|78/100
|-status|p1a: Cryogonal|psn
|
|-damage|p1a: Cryogonal|66/100 psn|[from] psn
|upkeep
|turn|11
|
|t:|1660859890
|-end|p2a: Weezing|ability: Neutralizing Gas
|switch|p2a: Charizard|Charizard, F|100/100
|move|p1a: Cryogonal|Defog|p2a: Charizard
|-unboost|p2a: Charizard|evasion|1
|-sideend|p1: gassy neigh|Stealth Rock|[from] move: Defog|[of] p1a: Cryogonal
|
|-damage|p1a: Cryogonal|54/100 psn|[from] psn
|upkeep
|turn|12
|
|t:|1660859895
|switch|p1a: Gigalith|Gigalith, F|100/100
|-weather|Sandstorm|[from] ability: Sand Stream|[of] p1a: Gigalith
|move|p2a: Charizard|Toxic|p1a: Gigalith
|-status|p1a: Gigalith|tox
|
|-weather|Sandstorm|[upkeep]
|-damage|p2a: Charizard|94/100|[from] Sandstorm
|-damage|p1a: Gigalith|94/100 tox|[from] psn
|upkeep
|turn|13
|
|t:|1660859902
|switch|p2a: Corsola|Corsola-Galar, F|94/100 tox
|move|p1a: Gigalith|Stealth Rock|p2a: Corsola
|-sidestart|p2: pult4c1 skelly|move: Stealth Rock
|
|-weather|Sandstorm|[upkeep]
|-damage|p2a: Corsola|88/100 tox|[from] Sandstorm
|-heal|p1a: Gigalith|100/100 tox|[from] item: Leftovers
|-damage|p2a: Corsola|82/100 tox|[from] psn
|-damage|p1a: Gigalith|88/100 tox|[from] psn
|upkeep
|turn|14
|
|t:|1660859907
|switch|p1a: Persian|Persian-Alola, F|100/100
|move|p2a: Corsola|Stealth Rock|p1a: Persian
|-sidestart|p1: gassy neigh|move: Stealth Rock
|
|-weather|Sandstorm|[upkeep]
|-damage|p1a: Persian|95/100|[from] Sandstorm
|-damage|p2a: Corsola|76/100 tox|[from] Sandstorm
|-heal|p1a: Persian|100/100|[from] item: Leftovers
|-damage|p2a: Corsola|63/100 tox|[from] psn
|upkeep
|turn|15
|
|t:|1660859912
|switch|p2a: Weezing|Weezing, M|100/100
|-ability|p2a: Weezing|Neutralizing Gas
|-damage|p2a: Weezing|88/100|[from] Stealth Rock
|move|p1a: Persian|Substitute|p1a: Persian
|-start|p1a: Persian|Substitute
|-damage|p1a: Persian|76/100
|
|-weather|Sandstorm|[upkeep]
|-damage|p1a: Persian|70/100|[from] Sandstorm
|-damage|p2a: Weezing|82/100|[from] Sandstorm
|-heal|p1a: Persian|76/100|[from] item: Leftovers
|-heal|p2a: Weezing|88/100|[from] item: Black Sludge
|upkeep
|turn|16
|
|t:|1660859919
|move|p1a: Persian|Nasty Plot|p1a: Persian
|-boost|p1a: Persian|spa|2
|move|p2a: Weezing|Sludge Bomb|p1a: Persian
|-end|p1a: Persian|Substitute
|
|-weather|none
|-heal|p1a: Persian|82/100|[from] item: Leftovers
|-heal|p2a: Weezing|94/100|[from] item: Black Sludge
|upkeep
|turn|17
|
|t:|1660859926
|-end|p2a: Weezing|ability: Neutralizing Gas
|switch|p2a: Quagsire|Quagsire, M|100/100
|-damage|p2a: Quagsire|94/100|[from] Stealth Rock
|move|p1a: Persian|Dark Pulse|p2a: Quagsire
|-damage|p2a: Quagsire|59/100
|
|-heal|p1a: Persian|88/100|[from] item: Leftovers
|-heal|p2a: Quagsire|65/100|[from] item: Leftovers
|upkeep
|turn|18
|j| Seeplay
|
|t:|1660859933
|move|p1a: Persian|Hypnosis|p2a: Quagsire
|-status|p2a: Quagsire|slp|[from] move: Hypnosis
|cant|p2a: Quagsire|slp
|
|-heal|p1a: Persian|93/100|[from] item: Leftovers
|-heal|p2a: Quagsire|72/100 slp|[from] item: Leftovers
|upkeep
|turn|19
|
|t:|1660859935
|move|p1a: Persian|Dark Pulse|p2a: Quagsire
|-damage|p2a: Quagsire|33/100 slp
|-curestatus|p2a: Quagsire|slp|[msg]
|move|p2a: Quagsire|Recover|p2a: Quagsire
|-heal|p2a: Quagsire|83/100
|
|-heal|p1a: Persian|99/100|[from] item: Leftovers
|-heal|p2a: Quagsire|89/100|[from] item: Leftovers
|upkeep
|turn|20
|
|t:|1660859941
|move|p1a: Persian|Substitute|p1a: Persian
|-start|p1a: Persian|Substitute
|-damage|p1a: Persian|75/100
|move|p2a: Quagsire|Toxic||[still]
|-fail|p2a: Quagsire
|
|-heal|p1a: Persian|81/100|[from] item: Leftovers
|-heal|p2a: Quagsire|95/100|[from] item: Leftovers
|upkeep
|turn|21
|
|t:|1660859946
|move|p1a: Persian|Hypnosis|p2a: Quagsire
|-status|p2a: Quagsire|slp|[from] move: Hypnosis
|cant|p2a: Quagsire|slp
|
|-heal|p1a: Persian|86/100|[from] item: Leftovers
|-heal|p2a: Quagsire|100/100 slp|[from] item: Leftovers
|upkeep
|turn|22
|
|t:|1660859949
|move|p1a: Persian|Dark Pulse|p2a: Quagsire
|-damage|p2a: Quagsire|64/100 slp
|cant|p2a: Quagsire|slp
|
|-heal|p1a: Persian|92/100|[from] item: Leftovers
|-heal|p2a: Quagsire|70/100 slp|[from] item: Leftovers
|upkeep
|turn|23
|
|t:|1660859952
|move|p1a: Persian|Dark Pulse|p2a: Quagsire
|-damage|p2a: Quagsire|33/100 slp
|cant|p2a: Quagsire|slp
|
|-heal|p1a: Persian|98/100|[from] item: Leftovers
|-heal|p2a: Quagsire|39/100 slp|[from] item: Leftovers
|upkeep
|turn|24
|
|t:|1660859954
|move|p1a: Persian|Dark Pulse|p2a: Quagsire
|-damage|p2a: Quagsire|2/100 slp
|-curestatus|p2a: Quagsire|slp|[msg]
|move|p2a: Quagsire|Recover|p2a: Quagsire
|-heal|p2a: Quagsire|52/100
|
|-heal|p1a: Persian|100/100|[from] item: Leftovers
|-heal|p2a: Quagsire|58/100|[from] item: Leftovers
|upkeep
|turn|25
|
|t:|1660859957
|move|p1a: Persian|Hypnosis|p2a: Quagsire|[miss]
|-miss|p1a: Persian|p2a: Quagsire
|move|p2a: Quagsire|Recover|p2a: Quagsire
|-heal|p2a: Quagsire|100/100
|
|upkeep
|turn|26
|
|t:|1660859968
|move|p1a: Persian|Hypnosis|p2a: Quagsire|[miss]
|-miss|p1a: Persian|p2a: Quagsire
|move|p2a: Quagsire|Earthquake|p1a: Persian
|-end|p1a: Persian|Substitute
|
|upkeep
|turn|27
|
|t:|1660859975
|move|p1a: Persian|Hypnosis|p2a: Quagsire
|-status|p2a: Quagsire|slp|[from] move: Hypnosis
|cant|p2a: Quagsire|slp
|
|upkeep
|turn|28
|
|t:|1660859978
|move|p1a: Persian|Substitute|p1a: Persian
|-start|p1a: Persian|Substitute
|-damage|p1a: Persian|76/100
|-curestatus|p2a: Quagsire|slp|[msg]
|move|p2a: Quagsire|Earthquake|p1a: Persian
|-end|p1a: Persian|Substitute
|
|-heal|p1a: Persian|82/100|[from] item: Leftovers
|upkeep
|turn|29
|
|t:|1660859983
|move|p1a: Persian|Substitute|p1a: Persian
|-start|p1a: Persian|Substitute
|-damage|p1a: Persian|57/100
|move|p2a: Quagsire|Earthquake|p1a: Persian
|-end|p1a: Persian|Substitute
|
|-heal|p1a: Persian|63/100|[from] item: Leftovers
|upkeep
|turn|30
|
|t:|1660859986
|move|p1a: Persian|Hypnosis|p2a: Quagsire
|-status|p2a: Quagsire|slp|[from] move: Hypnosis
|cant|p2a: Quagsire|slp
|
|-heal|p1a: Persian|69/100|[from] item: Leftovers
|upkeep
|turn|31
|
|t:|1660859994
|switch|p1a: Gourgeist|Gourgeist-Super, M|88/100
|-damage|p1a: Gourgeist|76/100|[from] Stealth Rock
|-item|p2a: Quagsire|Leftovers|[from] ability: Frisk|[of] p1a: Gourgeist|[identify]
|cant|p2a: Quagsire|slp
|
|upkeep
|turn|32
|
|t:|1660860000
|switch|p2a: Weezing|Weezing, M|94/100
|-ability|p2a: Weezing|Neutralizing Gas
|-damage|p2a: Weezing|82/100|[from] Stealth Rock
|move|p1a: Gourgeist|Poltergeist|p2a: Weezing
|-activate|p2a: Weezing|move: Poltergeist|Black Sludge
|-damage|p2a: Weezing|50/100
|
|-heal|p2a: Weezing|56/100|[from] item: Black Sludge
|upkeep
|turn|33
|
|t:|1660860010
|switch|p1a: Cryogonal|Cryogonal|54/100 psn
|move|p2a: Weezing|Toxic Spikes|p1a: Cryogonal
|-sidestart|p1: gassy neigh|move: Toxic Spikes
|
|-heal|p2a: Weezing|62/100|[from] item: Black Sludge
|-damage|p1a: Cryogonal|42/100 psn|[from] psn
|upkeep
|turn|34
|
|t:|1660860018
|-end|p2a: Weezing|ability: Neutralizing Gas
|switch|p2a: Audino|Audino, F|100/100
|move|p1a: Cryogonal|Recover|p1a: Cryogonal
|-heal|p1a: Cryogonal|92/100 psn
|
|-damage|p1a: Cryogonal|79/100 psn|[from] psn
|upkeep
|turn|35
|
|t:|1660860025
|move|p1a: Cryogonal|Defog|p2a: Audino
|-unboost|p2a: Audino|evasion|1
|-sideend|p2: pult4c1 skelly|Stealth Rock|[from] move: Defog|[of] p1a: Cryogonal
|-sideend|p1: gassy neigh|Toxic Spikes|[from] move: Defog|[of] p1a: Cryogonal
|-sideend|p1: gassy neigh|Stealth Rock|[from] move: Defog|[of] p1a: Cryogonal
|move|p2a: Audino|Heal Bell|p2a: Audino
|-activate|p2a: Audino|move: Heal Bell
|-curestatus|p2: Quagsire|slp|[msg]
|-curestatus|p2: Corsola|tox|[msg]
|
|-damage|p1a: Cryogonal|67/100 psn|[from] psn
|upkeep
|turn|36
|
|t:|1660860030
|switch|p1a: Comfey|Comfey, M|82/100
|move|p2a: Audino|Knock Off|p1a: Comfey
|-resisted|p1a: Comfey
|-damage|p1a: Comfey|73/100
|-enditem|p1a: Comfey|Heavy-Duty Boots|[from] move: Knock Off|[of] p2a: Audino
|
|upkeep
|turn|37
|
|t:|1660860040
|switch|p2a: Weezing|Weezing, M|62/100
|-ability|p2a: Weezing|Neutralizing Gas
|move|p1a: Comfey|Heal Bell|p1a: Comfey
|-activate|p1a: Comfey|move: Heal Bell
|-curestatus|p1: Gigalith|tox|[msg]
|-curestatus|p1: Cryogonal|psn|[msg]
|
|-heal|p2a: Weezing|68/100|[from] item: Black Sludge
|upkeep
|turn|38
|
|t:|1660860046
|switch|p1a: Cryogonal|Cryogonal|67/100
|move|p2a: Weezing|Toxic Spikes|p1a: Cryogonal
|-sidestart|p1: gassy neigh|move: Toxic Spikes
|
|-heal|p2a: Weezing|74/100|[from] item: Black Sludge
|upkeep
|turn|39
|
|t:|1660860052
|-end|p2a: Weezing|ability: Neutralizing Gas
|switch|p2a: Audino|Audino, F|100/100
|move|p1a: Cryogonal|Defog|p2a: Audino
|-unboost|p2a: Audino|evasion|1
|-sideend|p1: gassy neigh|Toxic Spikes|[from] move: Defog|[of] p1a: Cryogonal
|
|upkeep
|turn|40
|j| Haffling
|
|t:|1660860071
|switch|p1a: Magneton|Magneton|94/100
|move|p2a: Audino|Knock Off|p1a: Magneton
|-damage|p1a: Magneton|81/100
|-enditem|p1a: Magneton|Eviolite|[from] move: Knock Off|[of] p2a: Audino
|
|upkeep
|turn|41
|j| PULT4C1 mrsoup
|
|t:|1660860081
|switch|p2a: Quagsire|Quagsire, M|100/100
|move|p1a: Magneton|Volt Switch|p2a: Quagsire
|-immune|p2a: Quagsire
|
|upkeep
|turn|42
|
|t:|1660860092
|switch|p1a: Comfey|Comfey, M|73/100
|move|p2a: Quagsire|Toxic|p1a: Comfey
|-status|p1a: Comfey|tox
|
|-damage|p1a: Comfey|67/100 tox|[from] psn
|upkeep
|turn|43
|
|t:|1660860095
|switch|p2a: Charizard|Charizard, F|94/100
|move|p1a: Comfey|Trick|p2a: Charizard
|-activate|p1a: Comfey|move: Trick|[of] p2a: Charizard
|-enditem|p2a: Charizard|Heavy-Duty Boots|[silent]|[from] move: Trick
|-item|p1a: Comfey|Heavy-Duty Boots|[from] move: Trick
|
|-damage|p1a: Comfey|55/100 tox|[from] psn
|upkeep
|turn|44
|
|t:|1660860103
|switch|p1a: Gigalith|Gigalith, F|88/100
|-weather|Sandstorm|[from] ability: Sand Stream|[of] p1a: Gigalith
|move|p2a: Charizard|Flamethrower|p1a: Gigalith
|-resisted|p1a: Gigalith
|-damage|p1a: Gigalith|78/100
|
|-weather|Sandstorm|[upkeep]
|-damage|p2a: Charizard|88/100|[from] Sandstorm
|-heal|p1a: Gigalith|84/100|[from] item: Leftovers
|upkeep
|turn|45
|
|t:|1660860110
|switch|p2a: Weezing|Weezing, M|74/100
|-ability|p2a: Weezing|Neutralizing Gas
|move|p1a: Gigalith|Stealth Rock|p2a: Weezing
|-sidestart|p2: pult4c1 skelly|move: Stealth Rock
|
|-weather|Sandstorm|[upkeep]
|-damage|p2a: Weezing|68/100|[from] Sandstorm
|-heal|p2a: Weezing|74/100|[from] item: Black Sludge
|-heal|p1a: Gigalith|90/100|[from] item: Leftovers
|upkeep
|turn|46
|
|t:|1660860115
|move|p2a: Weezing|Toxic Spikes|p1a: Gigalith
|-sidestart|p1: gassy neigh|move: Toxic Spikes
|move|p1a: Gigalith|Earthquake|p2a: Weezing
|-supereffective|p2a: Weezing
|-damage|p2a: Weezing|33/100
|
|-weather|Sandstorm|[upkeep]
|-damage|p2a: Weezing|27/100|[from] Sandstorm
|-heal|p2a: Weezing|33/100|[from] item: Black Sludge
|-heal|p1a: Gigalith|96/100|[from] item: Leftovers
|upkeep
|turn|47
|j| PULT4C1 spacial
|
|t:|1660860140
|-end|p2a: Weezing|ability: Neutralizing Gas
|switch|p2a: Corsola|Corsola-Galar, F|63/100
|-damage|p2a: Corsola|51/100|[from] Stealth Rock
|move|p1a: Gigalith|Earthquake|p2a: Corsola
|-damage|p2a: Corsola|36/100
|
|-weather|Sandstorm|[upkeep]
|-damage|p2a: Corsola|30/100|[from] Sandstorm
|-heal|p1a: Gigalith|100/100|[from] item: Leftovers
|upkeep
|turn|48
|
|t:|1660860155
|switch|p1a: Cryogonal|Cryogonal|67/100
|move|p2a: Corsola|Strength Sap|p1a: Cryogonal
|-unboost|p1a: Cryogonal|atk|1
|-heal|p2a: Corsola|59/100
|
|-weather|none
|upkeep
|turn|49
|
|t:|1660860168
|switch|p2a: Audino|Audino, F|100/100
|move|p1a: Cryogonal|Toxic|p2a: Audino
|-status|p2a: Audino|tox
|
|-damage|p2a: Audino|94/100 tox|[from] psn
|upkeep
|turn|50
|
|t:|1660860184
|move|p1a: Cryogonal|Frost Breath|p2a: Audino
|-crit|p2a: Audino
|-damage|p2a: Audino|73/100 tox
|move|p2a: Audino|Knock Off|p1a: Cryogonal
|-damage|p1a: Cryogonal|43/100
|-enditem|p1a: Cryogonal|Heavy-Duty Boots|[from] move: Knock Off|[of] p2a: Audino
|
|-damage|p2a: Audino|61/100 tox|[from] psn
|upkeep
|turn|51
|
|t:|1660860188
|move|p1a: Cryogonal|Frost Breath|p2a: Audino
|-crit|p2a: Audino
|-damage|p2a: Audino|39/100 tox
|move|p2a: Audino|Wish|p2a: Audino
|
|-damage|p2a: Audino|21/100 tox|[from] psn
|upkeep
|turn|52
|
|t:|1660860194
|move|p2a: Audino|Protect|p2a: Audino
|-singleturn|p2a: Audino|Protect
|move|p1a: Cryogonal|Recover|p1a: Cryogonal
|-heal|p1a: Cryogonal|93/100
|
|-heal|p2a: Audino|71/100 tox|[from] move: Wish|[wisher] Audino
|-damage|p2a: Audino|46/100 tox|[from] psn
|upkeep
|turn|53
|j| yandaud
|
|t:|1660860222
|switch|p2a: Avalugg|Avalugg, F|100/100
|-damage|p2a: Avalugg|76/100|[from] Stealth Rock
|move|p1a: Cryogonal|Frost Breath|p2a: Avalugg
|-resisted|p2a: Avalugg
|-crit|p2a: Avalugg
|-damage|p2a: Avalugg|49/100
|
|upkeep
|turn|54
|
|t:|1660860228
|switch|p1a: Gourgeist|Gourgeist-Super, M|76/100
|-status|p1a: Gourgeist|psn
|-item|p2a: Avalugg|Choice Specs|[from] ability: Frisk|[of] p1a: Gourgeist|[identify]
|move|p2a: Avalugg|Recover|p2a: Avalugg
|-heal|p2a: Avalugg|99/100
|
|-damage|p1a: Gourgeist|63/100 psn|[from] psn
|upkeep
|turn|55
|
|t:|1660860243
|switch|p1a: Cryogonal|Cryogonal|93/100
|move|p2a: Avalugg|Recover|p2a: Avalugg
|-heal|p2a: Avalugg|100/100
|
|upkeep
|turn|56
|
|t:|1660860247
|switch|p2a: Audino|Audino, F|80/100 tox
|move|p1a: Cryogonal|Frost Breath|p2a: Audino
|-crit|p2a: Audino
|-damage|p2a: Audino|60/100 tox
|
|-damage|p2a: Audino|54/100 tox|[from] psn
|upkeep
|turn|57
|
|t:|1660860254
|move|p1a: Cryogonal|Frost Breath|p2a: Audino
|-crit|p2a: Audino
|-damage|p2a: Audino|34/100 tox
|move|p2a: Audino|Wish|p2a: Audino
|
|-damage|p2a: Audino|21/100 tox|[from] psn
|upkeep
|turn|58
|
|t:|1660860257
|move|p2a: Audino|Protect|p2a: Audino
|-singleturn|p2a: Audino|Protect
|move|p1a: Cryogonal|Frost Breath|p2a: Audino
|-activate|p2a: Audino|move: Protect
|
|-heal|p2a: Audino|71/100 tox|[from] move: Wish|[wisher] Audino
|-damage|p2a: Audino|53/100 tox|[from] psn
|upkeep
|turn|59
|
|t:|1660860263
|switch|p2a: Avalugg|Avalugg, F|100/100
|-damage|p2a: Avalugg|76/100|[from] Stealth Rock
|move|p1a: Cryogonal|Toxic|p2a: Avalugg
|-status|p2a: Avalugg|tox
|
|-damage|p2a: Avalugg|70/100 tox|[from] psn
|upkeep
|turn|60
|
|t:|1660860270
|switch|p1a: Gourgeist|Gourgeist-Super, M|63/100 psn
|-item|p2a: Avalugg|Choice Specs|[from] ability: Frisk|[of] p1a: Gourgeist|[identify]
|move|p2a: Avalugg|Recover|p2a: Avalugg
|-heal|p2a: Avalugg|100/100 tox
|
|-damage|p1a: Gourgeist|51/100 psn|[from] psn
|-damage|p2a: Avalugg|88/100 tox|[from] psn
|upkeep
|turn|61
|
|t:|1660860276
|move|p1a: Gourgeist|Synthesis|p1a: Gourgeist
|-heal|p1a: Gourgeist|100/100 psn
|move|p2a: Avalugg|Recover|p2a: Avalugg
|-heal|p2a: Avalugg|100/100 tox
|
|-damage|p1a: Gourgeist|88/100 psn|[from] psn
|-damage|p2a: Avalugg|82/100 tox|[from] psn
|upkeep
|turn|62
|
|t:|1660860287
|switch|p2a: Charizard|Charizard, F|88/100
|-damage|p2a: Charizard|39/100|[from] Stealth Rock
|move|p1a: Gourgeist|Shadow Sneak|p2a: Charizard
|-damage|p2a: Charizard|11/100
|
|-damage|p1a: Gourgeist|76/100 psn|[from] psn
|upkeep
|turn|63
|
|t:|1660860307
|switch|p2a: Avalugg|Avalugg, F|82/100 tox
|-damage|p2a: Avalugg|57/100 tox|[from] Stealth Rock
|move|p1a: Gourgeist|Shadow Sneak|p2a: Avalugg
|-damage|p2a: Avalugg|49/100 tox
|
|-damage|p1a: Gourgeist|63/100 psn|[from] psn
|-damage|p2a: Avalugg|43/100 tox|[from] psn
|upkeep
|turn|64
|
|t:|1660860315
|move|p1a: Gourgeist|Synthesis|p1a: Gourgeist
|-heal|p1a: Gourgeist|100/100 psn
|move|p2a: Avalugg|Recover|p2a: Avalugg
|-heal|p2a: Avalugg|93/100 tox
|
|-damage|p1a: Gourgeist|88/100 psn|[from] psn
|-damage|p2a: Avalugg|81/100 tox|[from] psn
|upkeep
|turn|65
|
|t:|1660860325
|switch|p2a: Audino|Audino, F|86/100 tox
|move|p1a: Gourgeist|Power Whip|p2a: Audino
|-damage|p2a: Audino|31/100 tox
|
|-damage|p1a: Gourgeist|76/100 psn|[from] psn
|-damage|p2a: Audino|25/100 tox|[from] psn
|upkeep
|turn|66
|
|t:|1660860331
|switch|p2a: Avalugg|Avalugg, F|81/100 tox
|-damage|p2a: Avalugg|56/100 tox|[from] Stealth Rock
|move|p1a: Gourgeist|Power Whip|p2a: Avalugg
|-damage|p2a: Avalugg|35/100 tox
|
|-damage|p1a: Gourgeist|63/100 psn|[from] psn
|-damage|p2a: Avalugg|28/100 tox|[from] psn
|upkeep
|turn|67
|
|t:|1660860336
|move|p1a: Gourgeist|Synthesis|p1a: Gourgeist
|-heal|p1a: Gourgeist|100/100 psn
|move|p2a: Avalugg|Recover|p2a: Avalugg
|-heal|p2a: Avalugg|78/100 tox
|
|-damage|p1a: Gourgeist|88/100 psn|[from] psn
|-damage|p2a: Avalugg|66/100 tox|[from] psn
|upkeep
|turn|68
|
|t:|1660860340
|move|p1a: Gourgeist|Poltergeist|p2a: Avalugg
|-activate|p2a: Avalugg|move: Poltergeist|Choice Specs
|-damage|p2a: Avalugg|45/100 tox
|move|p2a: Avalugg|Recover|p2a: Avalugg
|-heal|p2a: Avalugg|95/100 tox
|
|-damage|p1a: Gourgeist|76/100 psn|[from] psn
|-damage|p2a: Avalugg|77/100 tox|[from] psn
|upkeep
|turn|69
|
|t:|1660860351
|switch|p2a: Weezing|Weezing, M|33/100
|-ability|p2a: Weezing|Neutralizing Gas
|-damage|p2a: Weezing|21/100|[from] Stealth Rock
|move|p1a: Gourgeist|Power Whip|p2a: Weezing
|-resisted|p2a: Weezing
|-damage|p2a: Weezing|3/100
|
|-heal|p2a: Weezing|9/100|[from] item: Black Sludge
|-damage|p1a: Gourgeist|63/100 psn|[from] psn
|upkeep
|turn|70
|
|t:|1660860360
|move|p1a: Gourgeist|Shadow Sneak|p2a: Weezing
|-damage|p2a: Weezing|0 fnt
|faint|p2a: Weezing
|-end|p2a: Weezing|ability: Neutralizing Gas
|
|-damage|p1a: Gourgeist|51/100 psn|[from] psn
|upkeep
|j| kellion180
|
|t:|1660860372
|switch|p2a: Audino|Audino, F|58/100 tox
|turn|71
|
|t:|1660860375
|move|p1a: Gourgeist|Power Whip|p2a: Audino
|-crit|p2a: Audino
|-damage|p2a: Audino|0 fnt
|faint|p2a: Audino
|
|-damage|p1a: Gourgeist|39/100 psn|[from] psn
|upkeep
|
|t:|1660860388
|switch|p2a: Corsola|Corsola-Galar, F|59/100
|-damage|p2a: Corsola|46/100|[from] Stealth Rock
|turn|72
|
|t:|1660860392
|move|p1a: Gourgeist|Poltergeist|p2a: Corsola
|-activate|p2a: Corsola|move: Poltergeist|Eviolite
|-supereffective|p2a: Corsola
|-damage|p2a: Corsola|0 fnt
|faint|p2a: Corsola
|
|-damage|p1a: Gourgeist|26/100 psn|[from] psn
|upkeep
|
|t:|1660860402
|switch|p2a: Quagsire|Quagsire, M|100/100
|-damage|p2a: Quagsire|94/100|[from] Stealth Rock
|turn|73
|
|t:|1660860405
|move|p1a: Gourgeist|Synthesis|p1a: Gourgeist
|-heal|p1a: Gourgeist|76/100 psn
|move|p2a: Quagsire|Earthquake|p1a: Gourgeist
|-resisted|p1a: Gourgeist
|-damage|p1a: Gourgeist|61/100 psn
|
|-heal|p2a: Quagsire|100/100|[from] item: Leftovers
|-damage|p1a: Gourgeist|49/100 psn|[from] psn
|upkeep
|turn|74
|
|t:|1660860409
|move|p1a: Gourgeist|Power Whip|p2a: Quagsire
|-supereffective|p2a: Quagsire
|-damage|p2a: Quagsire|0 fnt
|faint|p2a: Quagsire
|
|-damage|p1a: Gourgeist|37/100 psn|[from] psn
|upkeep
|-message|pult4c1 skelly forfeited.
|
|win|gassy neigh
|raw|gassy neigh's rating: 1603 &rarr; <strong>1627</strong><br />(+24 for winning)
|raw|pult4c1 skelly's rating: 1671 &rarr; <strong>1647</strong><br />(-24 for losing)
|l|☆pult4c1 skelly
|c|☆gassy neigh|gg
|l|☆gassy neigh
