|j|☆bigfatguy68
|j|☆JoJo Reference #11
|t:|1667171641
|gametype|singles
|player|p1|bigfatguy68|waitress-gen4|1234
|player|p2|JoJo Reference #11|1|1429
|teamsize|p1|6
|teamsize|p2|6
|gen|8
|tier|[Gen 8] PU
|rated|
|rule|Sleep Clause Mod: Limit one foe put to sleep
|rule|Species Clause: Limit one of each Pokémon
|rule|OHKO Clause: OHKO moves are banned
|rule|Evasion Items Clause: Evasion items are banned
|rule|Evasion Moves Clause: Evasion moves are banned
|rule|Endless Battle Clause: Forcing endless battles is banned
|rule|HP Percentage Mod: HP is shown in percentages
|rule|Dynamax Clause: You cannot dynamax
|clearpoke
|poke|p1|Luxray, M|
|poke|p1|Basculin, F|
|poke|p1|Charizard, F|
|poke|p1|Sandaconda, F|
|poke|p1|Scrafty, M|
|poke|p1|Haunter, F|
|poke|p2|Absol, F|
|poke|p2|Aggron, F|
|poke|p2|Centiskorch, F|
|poke|p2|Wishiwashi, F|
|poke|p2|Archeops, F|
|poke|p2|Malamar, M|
|teampreview
|
|t:|1667171675
|start
|switch|p1a: Basculin|Basculin, F|100/100
|switch|p2a: Archeops|Archeops, F|100/100
|turn|1
|
|t:|1667171682
|move|p2a: Archeops|Stealth Rock|p1a: Basculin
|-sidestart|p1: bigfatguy68|move: Stealth Rock
|move|p1a: Basculin|Flip Turn|p2a: Archeops
|-supereffective|p2a: Archeops
|-enditem|p2a: Archeops|Focus Sash
|-damage|p2a: Archeops|1/100
|
|t:|1667171697
|switch|p1a: Sandaconda|Sandaconda, F|100/100|[from]move: Flip Turn
|-damage|p1a: Sandaconda|94/100|[from] Stealth Rock
|
|upkeep
|turn|2
|
|t:|1667171703
|move|p2a: Archeops|Taunt|p1a: Sandaconda
|-start|p1a: Sandaconda|move: Taunt
|cant|p1a: Sandaconda|move: Taunt|Stealth Rock
|
|upkeep
|turn|3
|
|t:|1667171708
|move|p2a: Archeops|Endeavor|p1a: Sandaconda
|-damage|p1a: Sandaconda|1/100
|-damage|p2a: Archeops|0 fnt|[from] item: Rocky Helmet|[of] p1a: Sandaconda
|faint|p2a: Archeops
|move|p1a: Sandaconda|Earthquake|p2: Archeops|[notarget]
|-fail|p1a: Sandaconda
|
|upkeep
|
|t:|1667171716
|switch|p2a: Malamar|Malamar, M|100/100
|turn|4
|
|t:|1667171732
|switch|p1a: Haunter|Haunter, F|100/100
|-damage|p1a: Haunter|88/100|[from] Stealth Rock
|move|p2a: Malamar|Superpower|p1a: Haunter
|-immune|p1a: Haunter
|
|upkeep
|turn|5
|
|t:|1667171745
|switch|p2a: Wishiwashi|Wishiwashi, F|100/100
|-formechange|p2a: Wishiwashi|Wishiwashi-School||[from] ability: Schooling
|move|p1a: Haunter|Shadow Ball|p2a: Wishiwashi
|-damage|p2a: Wishiwashi|65/100
|
|-heal|p2a: Wishiwashi|72/100|[from] item: Leftovers
|upkeep
|turn|6
|
|t:|1667171759
|switch|p1a: Luxray|Luxray, M, shiny|100/100
|-damage|p1a: Luxray|88/100|[from] Stealth Rock
|move|p2a: Wishiwashi|U-turn|p1a: Luxray
|-damage|p1a: Luxray|61/100
|
|t:|1667171768
|switch|p2a: Absol|Absol, F|100/100|[from]move: U-turn
|
|-status|p1a: Luxray|brn|[from] item: Flame Orb
|upkeep
|turn|7
|
|t:|1667171777
|switch|p1a: Sandaconda|Sandaconda, F|1/100
|-damage|p1a: Sandaconda|0 fnt|[from] Stealth Rock
|faint|p1a: Sandaconda
|move|p2a: Absol|Knock Off|p1: Sandaconda|[notarget]
|-fail|p2a: Absol
|
|upkeep
|
|t:|1667171795
|switch|p1a: Charizard|Charizard, F|100/100
|turn|8
|
|t:|1667171798
|move|p1a: Charizard|Defog|p2a: Absol
|-unboost|p2a: Absol|evasion|1
|-sideend|p1: bigfatguy68|Stealth Rock|[from] move: Defog|[of] p1a: Charizard
|move|p2a: Absol|Knock Off|p1a: Charizard
|-damage|p1a: Charizard|31/100
|-enditem|p1a: Charizard|Heavy-Duty Boots|[from] move: Knock Off|[of] p2a: Absol
|
|upkeep
|turn|9
|
|t:|1667171805
|move|p1a: Charizard|Hurricane|p2a: Absol
|-damage|p2a: Absol|13/100
|-start|p2a: Absol|confusion
|-activate|p2a: Absol|confusion
|move|p2a: Absol|Swords Dance|p2a: Absol
|-boost|p2a: Absol|atk|2
|
|upkeep
|turn|10
|
|t:|1667171818
|-activate|p2a: Absol|confusion
|move|p2a: Absol|Sucker Punch|p1a: Charizard
|-crit|p1a: Charizard
|-damage|p1a: Charizard|0 fnt
|faint|p1a: Charizard
|
|upkeep
|
|t:|1667171824
|switch|p1a: Basculin|Basculin, F|100/100
|turn|11
|
|t:|1667171827
|switch|p2a: Wishiwashi|Wishiwashi, F|72/100
|-formechange|p2a: Wishiwashi|Wishiwashi-School||[from] ability: Schooling
|move|p1a: Basculin|Aqua Jet|p2a: Wishiwashi
|-resisted|p2a: Wishiwashi
|-damage|p2a: Wishiwashi|60/100
|
|-heal|p2a: Wishiwashi|66/100|[from] item: Leftovers
|upkeep
|turn|12
|
|t:|1667171837
|switch|p1a: Scrafty|Scrafty, M|100/100
|move|p2a: Wishiwashi|U-turn|p1a: Scrafty
|-damage|p1a: Scrafty|83/100
|
|t:|1667171840
|switch|p2a: Malamar|Malamar, M|100/100|[from]move: U-turn
|
|-heal|p1a: Scrafty|89/100|[from] item: Leftovers
|upkeep
|turn|13
|
|t:|1667171848
|move|p2a: Malamar|Substitute|p2a: Malamar
|-start|p2a: Malamar|Substitute
|-damage|p2a: Malamar|75/100
|move|p1a: Scrafty|Knock Off|p2a: Malamar
|-end|p2a: Malamar|Substitute
|
|-heal|p2a: Malamar|82/100|[from] item: Leftovers
|-heal|p1a: Scrafty|95/100|[from] item: Leftovers
|upkeep
|turn|14
|
|t:|1667171856
|move|p2a: Malamar|Superpower|p1a: Scrafty
|-supereffective|p1a: Scrafty
|-damage|p1a: Scrafty|48/100
|-boost|p2a: Malamar|atk|1
|-boost|p2a: Malamar|def|1
|move|p1a: Scrafty|Knock Off|p2a: Malamar
|-damage|p2a: Malamar|57/100
|-enditem|p2a: Malamar|Leftovers|[from] move: Knock Off|[of] p1a: Scrafty
|
|-heal|p1a: Scrafty|54/100|[from] item: Leftovers
|upkeep
|turn|15
|
|t:|1667171869
|switch|p1a: Haunter|Haunter, F|88/100
|move|p2a: Malamar|Substitute|p2a: Malamar
|-start|p2a: Malamar|Substitute
|-damage|p2a: Malamar|32/100
|
|upkeep
|turn|16
|
|t:|1667171880
|move|p1a: Haunter|Shadow Ball|p2a: Malamar
|-end|p2a: Malamar|Substitute
|move|p2a: Malamar|Knock Off|p1a: Haunter
|-supereffective|p1a: Haunter
|-damage|p1a: Haunter|0 fnt
|-enditem|p1a: Haunter|Choice Scarf|[from] move: Knock Off|[of] p2a: Malamar
|faint|p1a: Haunter
|
|upkeep
|
|t:|1667171890
|switch|p1a: Basculin|Basculin, F|100/100
|turn|17
|
|t:|1667171897
|move|p1a: Basculin|Liquidation|p2a: Malamar
|-damage|p2a: Malamar|0 fnt
|faint|p2a: Malamar
|
|upkeep
|
|t:|1667171900
|switch|p2a: Wishiwashi|Wishiwashi, F|66/100
|-formechange|p2a: Wishiwashi|Wishiwashi-School||[from] ability: Schooling
|turn|18
|
|t:|1667171904
|move|p1a: Basculin|Liquidation|p2a: Wishiwashi
|-resisted|p2a: Wishiwashi
|-damage|p2a: Wishiwashi|42/100
|move|p2a: Wishiwashi|U-turn|p1a: Basculin
|-damage|p1a: Basculin|69/100
|
|t:|1667171909
|switch|p2a: Absol|Absol, F|13/100|[from]move: U-turn
|
|upkeep
|turn|19
|
|t:|1667171912
|move|p2a: Absol|Sucker Punch|p1a: Basculin
|-damage|p1a: Basculin|2/100
|move|p1a: Basculin|Liquidation|p2a: Absol
|-damage|p2a: Absol|0 fnt
|faint|p2a: Absol
|
|upkeep
|
|t:|1667171915
|switch|p2a: Wishiwashi|Wishiwashi, F|42/100
|-formechange|p2a: Wishiwashi|Wishiwashi-School||[from] ability: Schooling
|turn|20
|
|t:|1667171932
|switch|p1a: Scrafty|Scrafty, M|54/100
|move|p2a: Wishiwashi|U-turn|p1a: Scrafty
|-damage|p1a: Scrafty|36/100
|
|t:|1667171937
|switch|p2a: Centiskorch|Centiskorch, F|100/100|[from]move: U-turn
|
|-heal|p1a: Scrafty|42/100|[from] item: Leftovers
|upkeep
|turn|21
|
|t:|1667171942
|move|p2a: Centiskorch|Fire Lash|p1a: Scrafty
|-damage|p1a: Scrafty|13/100
|-unboost|p1a: Scrafty|def|1
|move|p1a: Scrafty|Knock Off|p2a: Centiskorch
|-damage|p2a: Centiskorch|66/100
|-enditem|p2a: Centiskorch|Heavy-Duty Boots|[from] move: Knock Off|[of] p1a: Scrafty
|
|-heal|p1a: Scrafty|19/100|[from] item: Leftovers
|upkeep
|turn|22
|
|t:|1667171952
|move|p2a: Centiskorch|Leech Life|p1a: Scrafty
|-damage|p1a: Scrafty|0 fnt
|-heal|p2a: Centiskorch|74/100|[from] drain|[of] p1a: Scrafty
|faint|p1a: Scrafty
|
|upkeep
|
|t:|1667171958
|switch|p1a: Basculin|Basculin, F|2/100
|turn|23
|
|t:|1667171973
|switch|p2a: Aggron|Aggron, F|100/100
|move|p1a: Basculin|Liquidation|p2a: Aggron
|-supereffective|p2a: Aggron
|-crit|p2a: Aggron
|-damage|p2a: Aggron|0 fnt
|faint|p2a: Aggron
|
|upkeep
|
|t:|1667171974
|switch|p2a: Wishiwashi|Wishiwashi, F|42/100
|-formechange|p2a: Wishiwashi|Wishiwashi-School||[from] ability: Schooling
|turn|24
|
|t:|1667171986
|switch|p1a: Luxray|Luxray, M, shiny|61/100 brn
|move|p2a: Wishiwashi|Scald|p1a: Luxray
|-damage|p1a: Luxray|12/100 brn
|
|-heal|p2a: Wishiwashi|48/100|[from] item: Leftovers
|-damage|p1a: Luxray|6/100 brn|[from] brn
|upkeep
|turn|25
|j| GenericPUTeam
|
|t:|1667171997
|switch|p2a: Centiskorch|Centiskorch, F|74/100
|move|p1a: Luxray|Wild Charge|p2a: Centiskorch
|-damage|p2a: Centiskorch|0 fnt
|faint|p2a: Centiskorch
|-damage|p1a: Luxray|0 fnt|[from] Recoil
|faint|p1a: Luxray
|
|upkeep
|-message|bigfatguy68 forfeited.
|
|win|JoJo Reference #11
|raw|bigfatguy68's rating: 1234 &rarr; <strong>1222</strong><br />(-12 for losing)
|raw|JoJo Reference #11's rating: 1429 &rarr; <strong>1439</strong><br />(+10 for winning)
|l|☆bigfatguy68
|c|☆JoJo Reference #11|gg
||Ladder isn't responding, score probably updated but might not have (Request timeout).
