|j|☆kblitzko88
|j|☆thinking of chu
|t:|1626216524
|gametype|singles
|player|p1|kblitzko88|wulfric|1151
|player|p2|thinking of chu|clown|1305
|teamsize|p1|6
|teamsize|p2|6
|gen|8
|tier|[Gen 8] PU
|rated|
|rule|Sleep Clause Mod: Limit one foe put to sleep
|rule|Species Clause: Limit one of each Pokémon
|rule|OHKO Clause: OHKO moves are banned
|rule|Evasion Moves Clause: Evasion moves are banned
|rule|Endless Battle Clause: Forcing endless battles is banned
|rule|HP Percentage Mod: HP is shown in percentages
|rule|Dynamax Clause: You cannot dynamax
|clearpoke
|poke|p1|Hitmonlee, M|
|poke|p1|Passimian, F|
|poke|p1|Flareon, M|
|poke|p1|Boltund, M|
|poke|p1|Claydol|
|poke|p1|Cinccino, F|
|poke|p2|Gourgeist-*, M|
|poke|p2|Lunatone|
|poke|p2|Cryogonal|
|poke|p2|Poliwrath, M|
|poke|p2|Stunfisk-Galar, M|
|poke|p2|Skuntank, F|
|teampreview
|
|t:|1626216562
|start
|switch|p1a: Claydol|Claydol|100/100
|switch|p2a: Gourgeist|Gourgeist-Super, M|100/100
|-item|p1a: Claydol|Leftovers|[from] ability: Frisk|[of] p2a: Gourgeist|[identify]
|turn|1
|
|t:|1626216569
|switch|p1a: Flareon|Flareon, M|100/100
|move|p2a: Gourgeist|Power Whip|p1a: Flareon
|-resisted|p1a: Flareon
|-damage|p1a: Flareon|59/100
|
|-status|p1a: Flareon|tox|[from] item: Toxic Orb
|upkeep
|turn|2
|
|t:|1626216574
|switch|p2a: Poliwrath|Poliwrath, M|100/100
|move|p1a: Flareon|Flame Charge|p2a: Poliwrath
|-resisted|p2a: Poliwrath
|-damage|p2a: Poliwrath|85/100
|-boost|p1a: Flareon|spe|1
|
|-heal|p2a: Poliwrath|91/100|[from] item: Leftovers
|-damage|p1a: Flareon|53/100 tox|[from] psn
|upkeep
|turn|3
|
|t:|1626216576
|move|p1a: Flareon|Facade|p2a: Poliwrath
|-damage|p2a: Poliwrath|39/100
|move|p2a: Poliwrath|Scald|p1a: Flareon
|-supereffective|p1a: Flareon
|-damage|p1a: Flareon|18/100 tox
|
|-heal|p2a: Poliwrath|45/100|[from] item: Leftovers
|-damage|p1a: Flareon|6/100 tox|[from] psn
|upkeep
|turn|4
|
|t:|1626216581
|switch|p2a: Lunatone|Lunatone|100/100
|move|p1a: Flareon|Facade|p2a: Lunatone
|-resisted|p2a: Lunatone
|-damage|p2a: Lunatone|51/100
|
|-heal|p2a: Lunatone|58/100|[from] item: Leftovers
|-damage|p1a: Flareon|0 fnt|[from] psn
|faint|p1a: Flareon
|upkeep
|
|t:|1626216591
|switch|p1a: Passimian|Passimian, F|100/100
|turn|5
|
|t:|1626216596
|switch|p2a: Gourgeist|Gourgeist-Super, M|100/100
|-item|p1a: Passimian|Choice Scarf|[from] ability: Frisk|[of] p2a: Gourgeist|[identify]
|move|p1a: Passimian|U-turn|p2a: Gourgeist
|-damage|p2a: Gourgeist|82/100
|
|t:|1626216601
|switch|p1a: Hitmonlee|Hitmonlee, M|100/100|[from]move: U-turn
|
|upkeep
|turn|6
|
|t:|1626216604
|move|p1a: Hitmonlee|Knock Off|p2a: Gourgeist
|-supereffective|p2a: Gourgeist
|-damage|p2a: Gourgeist|45/100
|move|p2a: Gourgeist|Synthesis|p2a: Gourgeist
|-heal|p2a: Gourgeist|95/100
|
|upkeep
|turn|7
|
|t:|1626216618
|move|p1a: Hitmonlee|Poison Jab|p2a: Gourgeist
|-damage|p2a: Gourgeist|74/100
|move|p2a: Gourgeist|Power Whip|p1a: Hitmonlee
|-damage|p1a: Hitmonlee|0 fnt
|faint|p1a: Hitmonlee
|
|upkeep
|
|t:|1626216624
|switch|p1a: Cinccino|Cinccino, F|100/100
|turn|8
|
|t:|1626216627
|move|p1a: Cinccino|Triple Axel|p2a: Gourgeist
|-supereffective|p2a: Gourgeist
|-damage|p2a: Gourgeist|65/100
|-supereffective|p2a: Gourgeist
|-damage|p2a: Gourgeist|45/100
|-supereffective|p2a: Gourgeist
|-damage|p2a: Gourgeist|20/100
|-hitcount|p2a: Gourgeist|3
|cant|p2a: Gourgeist|flinch
|
|upkeep
|turn|9
|
|t:|1626216635
|switch|p2a: Stunfisk|Stunfisk-Galar, M|100/100
|move|p1a: Cinccino|Triple Axel|p2a: Stunfisk
|-damage|p2a: Stunfisk|96/100
|-damage|p2a: Stunfisk|87/100
|-damage|p2a: Stunfisk|73/100
|-hitcount|p2a: Stunfisk|3
|
|-heal|p2a: Stunfisk|79/100|[from] item: Leftovers
|upkeep
|turn|10
|
|t:|1626216640
|move|p1a: Cinccino|Bullet Seed|p2a: Stunfisk
|-damage|p2a: Stunfisk|74/100
|-damage|p2a: Stunfisk|69/100
|-damage|p2a: Stunfisk|63/100
|-damage|p2a: Stunfisk|58/100
|-damage|p2a: Stunfisk|51/100
|-hitcount|p2a: Stunfisk|5
|move|p2a: Stunfisk|Yawn|p1a: Cinccino
|-start|p1a: Cinccino|move: Yawn|[of] p2a: Stunfisk
|
|-heal|p2a: Stunfisk|58/100|[from] item: Leftovers
|upkeep
|turn|11
|
|t:|1626216648
|switch|p1a: Claydol|Claydol|100/100
|move|p2a: Stunfisk|Stealth Rock|p1a: Claydol
|-sidestart|p1: kblitzko88|move: Stealth Rock
|
|-heal|p2a: Stunfisk|64/100|[from] item: Leftovers
|upkeep
|turn|12
|
|t:|1626216658
|move|p1a: Claydol|Scorching Sands|p2a: Stunfisk
|-supereffective|p2a: Stunfisk
|-damage|p2a: Stunfisk|27/100
|-status|p2a: Stunfisk|brn
|move|p2a: Stunfisk|Yawn|p1a: Claydol
|-start|p1a: Claydol|move: Yawn|[of] p2a: Stunfisk
|
|-heal|p2a: Stunfisk|33/100 brn|[from] item: Leftovers
|-damage|p2a: Stunfisk|27/100 brn|[from] brn
|upkeep
|turn|13
|
|t:|1626216667
|switch|p2a: Gourgeist|Gourgeist-Super, M|20/100
|-item|p1a: Claydol|Leftovers|[from] ability: Frisk|[of] p2a: Gourgeist|[identify]
|move|p1a: Claydol|Rapid Spin|p2a: Gourgeist
|-immune|p2a: Gourgeist
|
|-end|p1a: Claydol|move: Yawn|[silent]
|-status|p1a: Claydol|slp
|upkeep
|turn|14
|
|t:|1626216670
|cant|p1a: Claydol|slp
|move|p2a: Gourgeist|Synthesis|p2a: Gourgeist
|-heal|p2a: Gourgeist|70/100
|
|upkeep
|turn|15
|
|t:|1626216674
|cant|p1a: Claydol|slp
|move|p2a: Gourgeist|Synthesis|p2a: Gourgeist
|-heal|p2a: Gourgeist|100/100
|
|upkeep
|turn|16
|
|t:|1626216677
|cant|p1a: Claydol|slp
|move|p2a: Gourgeist|Power Whip|p1a: Claydol
|-supereffective|p1a: Claydol
|-damage|p1a: Claydol|0 fnt
|faint|p1a: Claydol
|
|upkeep
|
|t:|1626216682
|switch|p1a: Boltund|Boltund, M|100/100
|-damage|p1a: Boltund|88/100|[from] Stealth Rock
|turn|17
|
|t:|1626216689
|switch|p2a: Skuntank|Skuntank, F|100/100
|move|p1a: Boltund|Crunch|p2a: Skuntank
|-resisted|p2a: Skuntank
|-damage|p2a: Skuntank|65/100
|
|-heal|p2a: Skuntank|71/100|[from] item: Leftovers
|upkeep
|turn|18
|
|t:|1626216699
|move|p1a: Boltund|Crunch|p2a: Skuntank
|-resisted|p2a: Skuntank
|-damage|p2a: Skuntank|37/100
|move|p2a: Skuntank|Sludge Bomb|p1a: Boltund
|-damage|p1a: Boltund|28/100
|
|-heal|p2a: Skuntank|43/100|[from] item: Leftovers
|upkeep
|turn|19
|
|t:|1626216704
|move|p1a: Boltund|Crunch|p2a: Skuntank
|-resisted|p2a: Skuntank
|-damage|p2a: Skuntank|9/100
|move|p2a: Skuntank|Sludge Bomb|p1a: Boltund
|-damage|p1a: Boltund|0 fnt
|faint|p1a: Boltund
|
|-heal|p2a: Skuntank|15/100|[from] item: Leftovers
|upkeep
|
|t:|1626216710
|switch|p1a: Passimian|Passimian, F|100/100
|-damage|p1a: Passimian|94/100|[from] Stealth Rock
|turn|20
|
|t:|1626216718
|move|p1a: Passimian|U-turn|p2a: Skuntank
|-damage|p2a: Skuntank|0 fnt
|-damage|p1a: Passimian|70/100|[from] ability: Aftermath|[of] p2a: Skuntank
|faint|p2a: Skuntank
|
|t:|1626216720
|switch|p1a: Cinccino|Cinccino, F|100/100|[from]move: U-turn
|-damage|p1a: Cinccino|88/100|[from] Stealth Rock
|
|upkeep
|
|t:|1626216723
|switch|p2a: Gourgeist|Gourgeist-Super, M|100/100
|-item|p1a: Cinccino|King's Rock|[from] ability: Frisk|[of] p2a: Gourgeist|[identify]
|turn|21
|
|t:|1626216727
|move|p1a: Cinccino|Triple Axel|p2a: Gourgeist
|-supereffective|p2a: Gourgeist
|-damage|p2a: Gourgeist|92/100
|-supereffective|p2a: Gourgeist
|-damage|p2a: Gourgeist|73/100
|-supereffective|p2a: Gourgeist
|-damage|p2a: Gourgeist|45/100
|-hitcount|p2a: Gourgeist|3
|cant|p2a: Gourgeist|flinch
|
|upkeep
|turn|22
|
|t:|1626216746
|move|p1a: Cinccino|Triple Axel|p2a: Gourgeist
|-supereffective|p2a: Gourgeist
|-damage|p2a: Gourgeist|36/100
|-supereffective|p2a: Gourgeist
|-damage|p2a: Gourgeist|19/100
|-supereffective|p2a: Gourgeist
|-damage|p2a: Gourgeist|0 fnt
|faint|p2a: Gourgeist
|-hitcount|p2: Gourgeist|3
|
|upkeep
|
|t:|1626216755
|switch|p2a: Cryogonal|Cryogonal|100/100
|turn|23
|
|t:|1626216758
|move|p1a: Cinccino|Rock Blast|p2a: Cryogonal
|-supereffective|p2a: Cryogonal
|-damage|p2a: Cryogonal|71/100
|-supereffective|p2a: Cryogonal
|-damage|p2a: Cryogonal|44/100
|-supereffective|p2a: Cryogonal
|-damage|p2a: Cryogonal|17/100
|-supereffective|p2a: Cryogonal
|-damage|p2a: Cryogonal|0 fnt
|faint|p2a: Cryogonal
|-hitcount|p2: Cryogonal|4
|
|upkeep
|
|t:|1626216762
|switch|p2a: Poliwrath|Poliwrath, M|45/100
|turn|24
|
|t:|1626216765
|move|p1a: Cinccino|Bullet Seed|p2a: Poliwrath
|-supereffective|p2a: Poliwrath
|-damage|p2a: Poliwrath|35/100
|-supereffective|p2a: Poliwrath
|-damage|p2a: Poliwrath|24/100
|-supereffective|p2a: Poliwrath
|-damage|p2a: Poliwrath|14/100
|-supereffective|p2a: Poliwrath
|-damage|p2a: Poliwrath|4/100
|-supereffective|p2a: Poliwrath
|-damage|p2a: Poliwrath|0 fnt
|faint|p2a: Poliwrath
|-hitcount|p2: Poliwrath|5
|
|upkeep
|
|t:|1626216768
|switch|p2a: Lunatone|Lunatone|58/100
|turn|25
|
|t:|1626216773
|move|p1a: Cinccino|Bullet Seed|p2a: Lunatone
|-supereffective|p2a: Lunatone
|-damage|p2a: Lunatone|39/100
|-supereffective|p2a: Lunatone
|-damage|p2a: Lunatone|20/100
|-supereffective|p2a: Lunatone
|-damage|p2a: Lunatone|2/100
|-supereffective|p2a: Lunatone
|-damage|p2a: Lunatone|0 fnt
|faint|p2a: Lunatone
|-hitcount|p2: Lunatone|4
|
|upkeep
|
|t:|1626216775
|switch|p2a: Stunfisk|Stunfisk-Galar, M|27/100 brn
|turn|26
|
|t:|1626216780
|move|p1a: Cinccino|Bullet Seed|p2a: Stunfisk
|-damage|p2a: Stunfisk|21/100 brn
|-crit|p2a: Stunfisk
|-damage|p2a: Stunfisk|12/100 brn
|-damage|p2a: Stunfisk|7/100 brn
|-damage|p2a: Stunfisk|1/100 brn
|-damage|p2a: Stunfisk|0 fnt
|faint|p2a: Stunfisk
|-hitcount|p2: Stunfisk|5
|
|win|kblitzko88
|raw|kblitzko88's rating: 1151 &rarr; <strong>1186</strong><br />(+35 for winning)
|raw|thinking of chu's rating: 1305 &rarr; <strong>1277</strong><br />(-28 for losing)
|l|☆thinking of chu
