|j|☆Link2thePresent
|j|☆acluh1
|t:|1654120340
|gametype|singles
|player|p1|Link2thePresent|guitarist|
|player|p2|acluh1|karen|
|teamsize|p1|6
|teamsize|p2|6
|gen|8
|tier|[Gen 8] PU
|rated|Tournament battle
|rule|Sleep Clause Mod: Limit one foe put to sleep
|rule|Species Clause: Limit one of each Pokémon
|rule|OHKO Clause: OHKO moves are banned
|rule|Evasion Moves Clause: Evasion moves are banned
|rule|Endless Battle Clause: Forcing endless battles is banned
|rule|HP Percentage Mod: HP is shown in percentages
|rule|Dynamax Clause: You cannot dynamax
|clearpoke
|poke|p1|Cinccino, F|
|poke|p1|Hitmonlee, M|
|poke|p1|Frosmoth, F|
|poke|p1|Ninjask, F|
|poke|p1|Lycanroc, F|
|poke|p1|Shiftry, M|
|poke|p2|Gigalith, F|
|poke|p2|Jolteon, M|
|poke|p2|Pincurchin, F|
|poke|p2|Sandaconda, M|
|poke|p2|Sneasel, F|
|poke|p2|Eldegoss, F|
|teampreview
|inactive|Battle timer is ON: inactive players will automatically lose when time's up. (requested by Link2thePresent)
|inactive|acluh1 also wants the timer to be on.
|j| Notmlg
|c|☆Link2thePresent|glhf
|
|t:|1654120361
|start
|switch|p1a: Hitmonlee|Hitmonlee, M|100/100
|switch|p2a: Pincurchin|Pincurchin, F, shiny|100/100
|-fieldstart|move: Electric Terrain|[from] ability: Electric Surge|[of] p2a: Pincurchin
|turn|1
|c|☆acluh1|gl
|inactive|Link2thePresent has 120 seconds left.
|
|t:|1654120394
|move|p1a: Hitmonlee|Close Combat|p2a: Pincurchin
|-damage|p2a: Pincurchin|25/100
|-unboost|p1a: Hitmonlee|def|1
|-unboost|p1a: Hitmonlee|spd|1
|-enditem|p1a: Hitmonlee|White Herb
|-clearnegativeboost|p1a: Hitmonlee|[silent]
|move|p2a: Pincurchin|Rising Voltage|p1a: Hitmonlee
|-hint|Rising Voltage's BP doubled on grounded target.
|-damage|p1a: Hitmonlee|1/100
|
|upkeep
|turn|2
|inactive|Link2thePresent has 120 seconds left.
|
|t:|1654120406
|switch|p2a: Sandaconda|Sandaconda, M, shiny|100/100
|move|p1a: Hitmonlee|Earthquake|p2a: Sandaconda
|-damage|p2a: Sandaconda|78/100
|
|upkeep
|turn|3
|
|t:|1654120413
|move|p1a: Hitmonlee|Close Combat|p2a: Sandaconda
|-damage|p2a: Sandaconda|38/100
|-unboost|p1a: Hitmonlee|def|1
|-unboost|p1a: Hitmonlee|spd|1
|-damage|p1a: Hitmonlee|0 fnt|[from] item: Rocky Helmet|[of] p2a: Sandaconda
|faint|p1a: Hitmonlee
|move|p2a: Sandaconda|Earthquake|p1: Hitmonlee|[notarget]
|-fail|p2a: Sandaconda
|
|upkeep
|
|t:|1654120422
|switch|p1a: Shiftry|Shiftry, M|100/100
|turn|4
|
|t:|1654120429
|switch|p2a: Eldegoss|Eldegoss, F, shiny|100/100
|move|p1a: Shiftry|Leaf Blade|p2a: Eldegoss
|-resisted|p2a: Eldegoss
|-damage|p2a: Eldegoss|78/100
|
|upkeep
|turn|5
|
|t:|1654120437
|move|p1a: Shiftry|Sucker Punch|p2a: Eldegoss
|-damage|p2a: Eldegoss|40/100
|move|p2a: Eldegoss|Rapid Spin|p1a: Shiftry
|-damage|p1a: Shiftry|92/100
|-boost|p2a: Eldegoss|spe|1
|
|upkeep
|turn|6
|
|t:|1654120445
|switch|p2a: Sneasel|Sneasel, F|100/100
|move|p1a: Shiftry|Sucker Punch||[still]
|-fail|p1a: Shiftry
|
|upkeep
|turn|7
|
|t:|1654120454
|move|p2a: Sneasel|Triple Axel|p1a: Shiftry
|-supereffective|p1a: Shiftry
|-damage|p1a: Shiftry|63/100
|-supereffective|p1a: Shiftry
|-damage|p1a: Shiftry|5/100
|-supereffective|p1a: Shiftry
|-damage|p1a: Shiftry|0 fnt
|faint|p1a: Shiftry
|-hitcount|p1: Shiftry|3
|
|upkeep
|
|t:|1654120463
|switch|p1a: Lycanroc|Lycanroc, F|100/100
|turn|8
|
|t:|1654120466
|switch|p2a: Sandaconda|Sandaconda, M, shiny|38/100
|move|p1a: Lycanroc|Accelerock|p2a: Sandaconda
|-resisted|p2a: Sandaconda
|-crit|p2a: Sandaconda
|-damage|p2a: Sandaconda|24/100
|-damage|p1a: Lycanroc|84/100|[from] item: Rocky Helmet|[of] p2a: Sandaconda
|
|-fieldend|move: Electric Terrain
|upkeep
|turn|9
|
|t:|1654120476
|switch|p1a: Cinccino|Cinccino, F|100/100
|move|p2a: Sandaconda|Rest|p2a: Sandaconda
|-status|p2a: Sandaconda|slp|[from] move: Rest
|-heal|p2a: Sandaconda|100/100 slp|[silent]
|
|upkeep
|turn|10
|
|t:|1654120483
|switch|p2a: Eldegoss|Eldegoss, F, shiny|73/100
|move|p1a: Cinccino|Bullet Seed|p2a: Eldegoss
|-resisted|p2a: Eldegoss
|-damage|p2a: Eldegoss|69/100
|-resisted|p2a: Eldegoss
|-damage|p2a: Eldegoss|65/100
|-resisted|p2a: Eldegoss
|-damage|p2a: Eldegoss|61/100
|-resisted|p2a: Eldegoss
|-damage|p2a: Eldegoss|57/100
|-resisted|p2a: Eldegoss
|-damage|p2a: Eldegoss|53/100
|-hitcount|p2a: Eldegoss|5
|
|upkeep
|turn|11
|
|t:|1654120494
|move|p1a: Cinccino|Triple Axel|p2a: Eldegoss
|-supereffective|p2a: Eldegoss
|-damage|p2a: Eldegoss|38/100
|-supereffective|p2a: Eldegoss
|-damage|p2a: Eldegoss|12/100
|-supereffective|p2a: Eldegoss
|-damage|p2a: Eldegoss|0 fnt
|faint|p2a: Eldegoss
|-hitcount|p2: Eldegoss|3
|
|upkeep
|
|t:|1654120506
|switch|p2a: Jolteon|Jolteon, M|100/100
|turn|12
|
|t:|1654120511
|move|p2a: Jolteon|Volt Switch|p1a: Cinccino
|-damage|p1a: Cinccino|22/100
|
|t:|1654120513
|switch|p2a: Sandaconda|Sandaconda, M, shiny|100/100 slp|[from]move: Volt Switch
|move|p1a: Cinccino|Rock Blast|p2a: Sandaconda
|-resisted|p2a: Sandaconda
|-damage|p2a: Sandaconda|98/100 slp
|-resisted|p2a: Sandaconda
|-damage|p2a: Sandaconda|96/100 slp
|-resisted|p2a: Sandaconda
|-damage|p2a: Sandaconda|94/100 slp
|-resisted|p2a: Sandaconda
|-damage|p2a: Sandaconda|91/100 slp
|-resisted|p2a: Sandaconda
|-damage|p2a: Sandaconda|89/100 slp
|-hitcount|p2a: Sandaconda|5
|
|upkeep
|turn|13
|
|t:|1654120525
|move|p1a: Cinccino|Bullet Seed|p2a: Sandaconda
|-supereffective|p2a: Sandaconda
|-damage|p2a: Sandaconda|80/100 slp
|-supereffective|p2a: Sandaconda
|-damage|p2a: Sandaconda|70/100 slp
|-supereffective|p2a: Sandaconda
|-damage|p2a: Sandaconda|61/100 slp
|-supereffective|p2a: Sandaconda
|-damage|p2a: Sandaconda|52/100 slp
|-supereffective|p2a: Sandaconda
|-crit|p2a: Sandaconda
|-damage|p2a: Sandaconda|38/100 slp
|-hitcount|p2a: Sandaconda|5
|cant|p2a: Sandaconda|slp
|
|upkeep
|turn|14
|
|t:|1654120536
|move|p1a: Cinccino|Bullet Seed|p2a: Sandaconda
|-supereffective|p2a: Sandaconda
|-damage|p2a: Sandaconda|28/100 slp
|-supereffective|p2a: Sandaconda
|-damage|p2a: Sandaconda|19/100 slp
|-supereffective|p2a: Sandaconda
|-damage|p2a: Sandaconda|9/100 slp
|-supereffective|p2a: Sandaconda
|-damage|p2a: Sandaconda|1/100 slp
|-supereffective|p2a: Sandaconda
|-damage|p2a: Sandaconda|0 fnt
|faint|p2a: Sandaconda
|-hitcount|p2: Sandaconda|5
|
|upkeep
|
|t:|1654120541
|switch|p2a: Sneasel|Sneasel, F|100/100
|turn|15
|
|t:|1654120550
|move|p2a: Sneasel|Ice Shard|p1a: Cinccino
|-damage|p1a: Cinccino|0 fnt
|faint|p1a: Cinccino
|
|upkeep
|
|t:|1654120570
|switch|p1a: Ninjask|Ninjask, F|100/100
|turn|16
|
|t:|1654120574
|move|p1a: Ninjask|Protect|p1a: Ninjask
|-singleturn|p1a: Ninjask|Protect
|move|p2a: Sneasel|Ice Shard|p1a: Ninjask
|-activate|p1a: Ninjask|move: Protect
|
|-ability|p1a: Ninjask|Speed Boost|boost
|-boost|p1a: Ninjask|spe|1
|upkeep
|turn|17
|inactive|Link2thePresent has 120 seconds left.
|
|t:|1654120611
|switch|p1a: Lycanroc|Lycanroc, F|84/100
|move|p2a: Sneasel|Ice Shard|p1a: Lycanroc
|-damage|p1a: Lycanroc|56/100
|
|upkeep
|turn|18
|inactive|Link2thePresent has 120 seconds left.
|
|t:|1654120618
|switch|p2a: Pincurchin|Pincurchin, F, shiny|25/100
|-fieldstart|move: Electric Terrain|[from] ability: Electric Surge|[of] p2a: Pincurchin
|move|p1a: Lycanroc|Accelerock|p2a: Pincurchin
|-damage|p2a: Pincurchin|0 fnt
|faint|p2a: Pincurchin
|
|upkeep
|
|t:|1654120620
|switch|p2a: Jolteon|Jolteon, M|100/100
|turn|19
|
|t:|1654120626
|move|p1a: Lycanroc|Accelerock|p2a: Jolteon
|-damage|p2a: Jolteon|45/100
|move|p2a: Jolteon|Rising Voltage|p1a: Lycanroc
|-hint|Rising Voltage's BP doubled on grounded target.
|-damage|p1a: Lycanroc|0 fnt
|faint|p1a: Lycanroc
|
|upkeep
|
|t:|1654120633
|switch|p1a: Frosmoth|Frosmoth, F|100/100
|turn|20
|
|t:|1654120639
|move|p2a: Jolteon|Rising Voltage|p1a: Frosmoth
|-hint|Rising Voltage's BP doubled on grounded target.
|-damage|p1a: Frosmoth|10/100
|move|p1a: Frosmoth|Quiver Dance|p1a: Frosmoth
|-boost|p1a: Frosmoth|spa|1
|-boost|p1a: Frosmoth|spd|1
|-boost|p1a: Frosmoth|spe|1
|
|upkeep
|turn|21
|
|t:|1654120647
|move|p2a: Jolteon|Rising Voltage|p1a: Frosmoth
|-hint|Rising Voltage's BP doubled on grounded target.
|-damage|p1a: Frosmoth|0 fnt
|faint|p1a: Frosmoth
|
|upkeep
|c|☆Link2thePresent|gg
|
|t:|1654120653
|switch|p1a: Ninjask|Ninjask, F|100/100
|turn|22
|
|t:|1654120656
|move|p1a: Ninjask|Acrobatics|p2a: Jolteon
|-resisted|p2a: Jolteon
|-damage|p2a: Jolteon|0 fnt
|faint|p2a: Jolteon
|
|-ability|p1a: Ninjask|Speed Boost|boost
|-boost|p1a: Ninjask|spe|1
|upkeep
|
|t:|1654120657
|switch|p2a: Sneasel|Sneasel, F|100/100
|turn|23
|
|t:|1654120664
|move|p2a: Sneasel|Ice Shard|p1a: Ninjask
|-supereffective|p1a: Ninjask
|-damage|p1a: Ninjask|15/100
|move|p1a: Ninjask|Leech Life|p2a: Sneasel
|-supereffective|p2a: Sneasel
|-damage|p2a: Sneasel|0 fnt
|-heal|p1a: Ninjask|63/100|[from] drain|[of] p2a: Sneasel
|faint|p2a: Sneasel
|
|-ability|p1a: Ninjask|Speed Boost|boost
|-boost|p1a: Ninjask|spe|1
|upkeep
|
|t:|1654120666
|switch|p2a: Gigalith|Gigalith, F, shiny|100/100
|-weather|Sandstorm|[from] ability: Sand Stream|[of] p2a: Gigalith
|turn|24
|c|☆Link2thePresent|lol
|
|t:|1654120678
|move|p1a: Ninjask|Acrobatics|p2a: Gigalith
|-resisted|p2a: Gigalith
|-damage|p2a: Gigalith|84/100
|move|p2a: Gigalith|Rock Blast|p1a: Ninjask
|-supereffective|p1a: Ninjask
|-damage|p1a: Ninjask|0 fnt
|faint|p1a: Ninjask
|-hitcount|p1: Ninjask|1
|
|win|acluh1
|n|☆Link2thePresent|link2thepresent
|n|☆acluh1|acluh1
|n| Notmlg|notmlg
|c|☆Link2thePresent|gg
|c|☆acluh1|gg
|l| Notmlg
