|j|☆mefrog
|j|☆Supix
|t:|1613933739
|player|p1|mefrog|pokefan-gen4|1454
|player|p2|Supix|cheren|1353
|teamsize|p1|6
|teamsize|p2|6
|gametype|singles
|gen|8
|tier|[Gen 8] PU
|rated|
|clearpoke
|poke|p1|Carbink|
|poke|p1|Marowak, F|
|poke|p1|Wishiwashi, M|
|poke|p1|Vikavolt, F|
|poke|p1|Uxie|
|poke|p1|Cofagrigus, M|
|poke|p2|Uxie|
|poke|p2|Gurdurr, F|
|poke|p2|Vikavolt, M|
|poke|p2|Exeggutor-Alola, F|
|poke|p2|Aggron, F|
|poke|p2|Aromatisse, M|
|rule|Sleep Clause Mod: Limit one foe put to sleep
|rule|Species Clause: Limit one of each Pokémon
|rule|OHKO Clause: OHKO moves are banned
|rule|Evasion Moves Clause: Evasion moves are banned
|rule|Endless Battle Clause: Forcing endless battles is banned
|rule|HP Percentage Mod: HP is shown in percentages
|rule|Dynamax Clause: You cannot dynamax
|teampreview
|inactive|Battle timer is ON: inactive players will automatically lose when time's up. (requested by Supix)
|j| LegendaryPUplayer
|
|t:|1613933754
|start
|switch|p1a: Carbink|Carbink|100/100
|switch|p2a: Uxie|Uxie|100/100
|turn|1
|
|t:|1613933762
|move|p2a: Uxie|Stealth Rock|p1a: Carbink
|-sidestart|p1: mefrog|move: Stealth Rock
|move|p1a: Carbink|Stealth Rock|p2a: Uxie
|-sidestart|p2: Supix|move: Stealth Rock
|
|upkeep
|turn|2
|
|t:|1613933769
|move|p2a: Uxie|Trick Room|p2a: Uxie
|-fieldstart|move: Trick Room|[of] p2a: Uxie
|move|p1a: Carbink|Trick Room|p1a: Carbink
|-fieldend|move: Trick Room
|
|upkeep
|turn|3
|c|☆Supix|lol
|
|t:|1613933781
|move|p1a: Carbink|Misty Explosion|p2a: Uxie
|-damage|p2a: Uxie|84/100
|faint|p1a: Carbink
|move|p2a: Uxie|Trick Room|p2a: Uxie
|-fieldstart|move: Trick Room|[of] p2a: Uxie
|
|upkeep
|
|t:|1613933786
|switch|p1a: Marowak|Marowak, F|100/100
|-damage|p1a: Marowak|94/100|[from] Stealth Rock
|turn|4
|
|t:|1613933790
|move|p1a: Marowak|Swords Dance|p1a: Marowak
|-boost|p1a: Marowak|atk|2
|move|p2a: Uxie|U-turn|p1a: Marowak
|-damage|p1a: Marowak|82/100
|
|t:|1613933794
|switch|p2a: Exeggutor|Exeggutor-Alola, F|100/100|[from]move: U-turn
|-damage|p2a: Exeggutor|88/100|[from] Stealth Rock
|-item|p1a: Marowak|Thick Club|[from] ability: Frisk|[of] p2a: Exeggutor|[identify]
|
|upkeep
|turn|5
|
|t:|1613933802
|move|p2a: Exeggutor|Energy Ball|p1a: Marowak
|-supereffective|p1a: Marowak
|-damage|p1a: Marowak|0 fnt
|faint|p1a: Marowak
|
|upkeep
|
|t:|1613933807
|switch|p1a: Vikavolt|Vikavolt, F|100/100
|-damage|p1a: Vikavolt|76/100|[from] Stealth Rock
|turn|6
|
|t:|1613933815
|switch|p2a: Aromatisse|Aromatisse, M|100/100
|-damage|p2a: Aromatisse|88/100|[from] Stealth Rock
|move|p1a: Vikavolt|Bug Buzz|p2a: Aromatisse
|-resisted|p2a: Aromatisse
|-damage|p2a: Aromatisse|62/100
|-damage|p1a: Vikavolt|66/100|[from] item: Life Orb
|
|-heal|p2a: Aromatisse|68/100|[from] item: Leftovers
|upkeep
|turn|7
|c| LegendaryPUplayer|twerk
|
|t:|1613933826
|move|p2a: Aromatisse|Wish|p2a: Aromatisse
|move|p1a: Vikavolt|Thunderbolt|p2a: Aromatisse
|-damage|p2a: Aromatisse|8/100
|-damage|p1a: Vikavolt|56/100|[from] item: Life Orb
|
|-heal|p2a: Aromatisse|14/100|[from] item: Leftovers
|-fieldend|move: Trick Room
|upkeep
|turn|8
|
|t:|1613933840
|move|p2a: Aromatisse|Protect|p2a: Aromatisse
|-singleturn|p2a: Aromatisse|Protect
|move|p1a: Vikavolt|Bug Buzz|p2a: Aromatisse
|-activate|p2a: Aromatisse|move: Protect
|
|-heal|p2a: Aromatisse|64/100|[from] move: Wish|[wisher] Aromatisse
|-heal|p2a: Aromatisse|70/100|[from] item: Leftovers
|upkeep
|turn|9
|
|t:|1613933846
|move|p1a: Vikavolt|Thunderbolt|p2a: Aromatisse
|-damage|p2a: Aromatisse|14/100
|-damage|p1a: Vikavolt|46/100|[from] item: Life Orb
|move|p2a: Aromatisse|Moonblast|p1a: Vikavolt
|-damage|p1a: Vikavolt|6/100
|
|-heal|p2a: Aromatisse|20/100|[from] item: Leftovers
|upkeep
|turn|10
|
|t:|1613933852
|move|p1a: Vikavolt|Bug Buzz|p2a: Aromatisse
|-resisted|p2a: Aromatisse
|-damage|p2a: Aromatisse|0 fnt
|-damage|p1a: Vikavolt|0 fnt|[from] item: Life Orb
|faint|p2a: Aromatisse
|faint|p1a: Vikavolt
|
|upkeep
|
|t:|1613933865
|switch|p1a: Uxie|Uxie|100/100
|switch|p2a: Exeggutor|Exeggutor-Alola, F|88/100
|-damage|p1a: Uxie|88/100|[from] Stealth Rock
|-damage|p2a: Exeggutor|76/100|[from] Stealth Rock
|-item|p1a: Uxie|Colbur Berry|[from] ability: Frisk|[of] p2a: Exeggutor|[identify]
|turn|11
|
|t:|1613933875
|move|p1a: Uxie|U-turn|p2a: Exeggutor
|-supereffective|p2a: Exeggutor
|-damage|p2a: Exeggutor|51/100
|
|t:|1613933879
|switch|p1a: Wishiwashi|Wishiwashi, M|100/100|[from]move: U-turn
|-damage|p1a: Wishiwashi|88/100|[from] Stealth Rock
|-formechange|p1a: Wishiwashi|Wishiwashi-School||[from] ability: Schooling
|move|p2a: Exeggutor|Draco Meteor|p1a: Wishiwashi
|-damage|p1a: Wishiwashi|27/100
|-unboost|p2a: Exeggutor|spa|2
|-enditem|p2a: Exeggutor|Eject Pack
|
|t:|1613933891
|switch|p2a: Vikavolt|Vikavolt, M|100/100
|-damage|p2a: Vikavolt|76/100|[from] Stealth Rock
|
|upkeep
|turn|12
|
|t:|1613933897
|move|p1a: Wishiwashi|Surf|p2a: Vikavolt
|-damage|p2a: Vikavolt|0 fnt
|faint|p2a: Vikavolt
|
|upkeep
|
|t:|1613933922
|switch|p2a: Uxie|Uxie|84/100
|-damage|p2a: Uxie|72/100|[from] Stealth Rock
|turn|13
|
|t:|1613933927
|move|p1a: Wishiwashi|Hydro Pump|p2a: Uxie
|-damage|p2a: Uxie|12/100
|move|p2a: Uxie|Trick Room|p2a: Uxie
|-fieldstart|move: Trick Room|[of] p2a: Uxie
|
|upkeep
|turn|14
|
|t:|1613933936
|move|p1a: Wishiwashi|Surf|p2a: Uxie
|-damage|p2a: Uxie|0 fnt
|faint|p2a: Uxie
|
|upkeep
|
|t:|1613933942
|switch|p2a: Exeggutor|Exeggutor-Alola, F|51/100
|-damage|p2a: Exeggutor|39/100|[from] Stealth Rock
|-item|p1a: Wishiwashi|Mystic Water|[from] ability: Frisk|[of] p2a: Exeggutor|[identify]
|turn|15
|
|t:|1613933948
|move|p2a: Exeggutor|Energy Ball|p1a: Wishiwashi
|-supereffective|p1a: Wishiwashi
|-damage|p1a: Wishiwashi|0 fnt
|faint|p1a: Wishiwashi
|
|upkeep
|
|t:|1613933953
|switch|p1a: Cofagrigus|Cofagrigus, M|100/100
|-damage|p1a: Cofagrigus|88/100|[from] Stealth Rock
|turn|16
|
|t:|1613933962
|move|p2a: Exeggutor|Draco Meteor|p1a: Cofagrigus
|-damage|p1a: Cofagrigus|18/100
|-unboost|p2a: Exeggutor|spa|2
|move|p1a: Cofagrigus|Nasty Plot|p1a: Cofagrigus
|-boost|p1a: Cofagrigus|spa|2
|
|upkeep
|turn|17
|
|t:|1613933970
|move|p2a: Exeggutor|Energy Ball|p1a: Cofagrigus
|-damage|p1a: Cofagrigus|0 fnt
|faint|p1a: Cofagrigus
|
|-fieldend|move: Trick Room
|upkeep
|l| LegendaryPUplayer
|-message|mefrog forfeited.
|
|win|Supix
|l|☆mefrog
