|j|☆S rank talonflame
|j|☆Axrtix
|player|p1|S rank talonflame|hapu|1361
|player|p2|Axrtix|swimmerm-gen3rs|1408
|teamsize|p1|6
|teamsize|p2|6
|gametype|singles
|gen|8
|tier|[Gen 8] PU
|rated|
|clearpoke
|poke|p1|Gastly, F|
|poke|p1|Pawniard, M|
|poke|p1|Silvally-*|
|poke|p1|Carkol, M|
|poke|p1|Shiinotic, M|
|poke|p1|Throh, M|
|poke|p2|Lapras, F|
|poke|p2|Mawile, F|
|poke|p2|Liepard, M|
|poke|p2|Roselia, F|
|poke|p2|Manectric, F|
|poke|p2|Silvally-*|
|rule|Sleep Clause Mod: Limit one foe put to sleep
|rule|Species Clause: Limit one of each Pokémon
|rule|OHKO Clause: OHKO moves are banned
|rule|Evasion Moves Clause: Evasion moves are banned
|rule|Endless Battle Clause: Forcing endless battles is banned
|rule|HP Percentage Mod: HP is shown in percentages
|rule|Dynamax Clause: You cannot dynamax
|teampreview
|inactive|Battle timer is ON: inactive players will automatically lose when time's up. (requested by Axrtix)
|
|start
|switch|p1a: Carkol|Carkol, M|100/100
|switch|p2a: Manectric|Manectric, F|100/100
|turn|1
|
|move|p1a: Carkol|Protect|p1a: Carkol
|-singleturn|p1a: Carkol|Protect
|move|p2a: Manectric|Switcheroo|p1a: Carkol
|-activate|p1a: Carkol|move: Protect
|
|upkeep
|turn|2
|inactive|Axrtix has 120 seconds left.
|
|switch|p2a: Lapras|Lapras, F, shiny|100/100
|switch|p1a: Gastly|Gastly, F|100/100
|
|upkeep
|turn|3
|
|switch|p1a: Throh|Throh, M|100/100
|move|p2a: Lapras|Surf|p1a: Throh
|-damage|p1a: Throh|75/100
|
|-heal|p1a: Throh|82/100|[from] item: Leftovers
|upkeep
|turn|4
|
|switch|p2a: Mawile|Mawile, F|100/100
|-ability|p2a: Mawile|Intimidate|boost
|-unboost|p1a: Throh|atk|1
|move|p1a: Throh|Knock Off|p2a: Mawile
|-resisted|p2a: Mawile
|-damage|p2a: Mawile|94/100
|-damage|p1a: Throh|65/100|[from] item: Rocky Helmet|[of] p2a: Mawile
|-enditem|p2a: Mawile|Rocky Helmet|[from] move: Knock Off|[of] p1a: Throh
|
|-heal|p1a: Throh|71/100|[from] item: Leftovers
|upkeep
|turn|5
|
|switch|p1a: Carkol|Carkol, M|100/100
|move|p2a: Mawile|Knock Off|p1a: Carkol
|-damage|p1a: Carkol|91/100
|-status|p2a: Mawile|brn|[from] ability: Flame Body|[of] p1a: Carkol
|-enditem|p1a: Carkol|Eviolite|[from] move: Knock Off|[of] p2a: Mawile
|
|-damage|p2a: Mawile|88/100 brn|[from] brn
|upkeep
|turn|6
|j| Mauve Avenger
|
|switch|p2a: Lapras|Lapras, F, shiny|100/100
|move|p1a: Carkol|Stealth Rock|p2a: Lapras
|-sidestart|p2: Axrtix|move: Stealth Rock
|
|upkeep
|turn|7
|
|switch|p2a: Silvally|Silvally-Flying|100/100
|-damage|p2a: Silvally|76/100|[from] Stealth Rock
|move|p1a: Carkol|Protect||[still]
|-fail|p1a: Carkol
|
|upkeep
|turn|8
|
|switch|p2a: Lapras|Lapras, F, shiny|100/100
|move|p1a: Carkol|Flamethrower|p2a: Lapras
|-damage|p2a: Lapras|84/100
|
|upkeep
|turn|9
|
|switch|p1a: Throh|Throh, M|71/100
|move|p2a: Lapras|Surf|p1a: Throh
|-damage|p1a: Throh|48/100
|
|-heal|p1a: Throh|54/100|[from] item: Leftovers
|upkeep
|turn|10
|
|switch|p2a: Mawile|Mawile, F|88/100 brn
|-damage|p2a: Mawile|82/100 brn|[from] Stealth Rock
|-ability|p2a: Mawile|Intimidate|boost
|-unboost|p1a: Throh|atk|1
|move|p1a: Throh|Knock Off|p2a: Mawile
|-resisted|p2a: Mawile
|-damage|p2a: Mawile|77/100 brn
|
|-heal|p1a: Throh|61/100|[from] item: Leftovers
|-damage|p2a: Mawile|71/100 brn|[from] brn
|upkeep
|turn|11
|
|switch|p2a: Lapras|Lapras, F, shiny|84/100
|switch|p1a: Carkol|Carkol, M|91/100
|
|upkeep
|turn|12
|
|move|p1a: Carkol|Protect|p1a: Carkol
|-singleturn|p1a: Carkol|Protect
|move|p2a: Lapras|Surf|p1a: Carkol
|-activate|p1a: Carkol|move: Protect
|
|upkeep
|turn|13
|
|switch|p2a: Silvally|Silvally-Flying|76/100
|-damage|p2a: Silvally|51/100|[from] Stealth Rock
|switch|p1a: Throh|Throh, M|61/100
|
|-heal|p1a: Throh|67/100|[from] item: Leftovers
|upkeep
|turn|14
|
|switch|p1a: Carkol|Carkol, M|91/100
|move|p2a: Silvally|Defog|p1a: Carkol
|-unboost|p1a: Carkol|evasion|1
|-sideend|p2: Axrtix|Stealth Rock|[from] move: Defog|[of] p2a: Silvally
|
|upkeep
|turn|15
|
|move|p2a: Silvally|Swords Dance|p2a: Silvally
|-boost|p2a: Silvally|atk|2
|move|p1a: Carkol|Stealth Rock|p2a: Silvally
|-sidestart|p2: Axrtix|move: Stealth Rock
|
|upkeep
|turn|16
|
|move|p2a: Silvally|Swords Dance|p2a: Silvally
|-boost|p2a: Silvally|atk|2
|move|p1a: Carkol|Flamethrower|p2a: Silvally
|-damage|p2a: Silvally|29/100
|
|upkeep
|turn|17
|
|move|p2a: Silvally|Multi-Attack|p1a: Carkol
|-resisted|p1a: Carkol
|-damage|p1a: Carkol|34/100
|move|p1a: Carkol|Flamethrower|p2a: Silvally
|-damage|p2a: Silvally|6/100
|
|upkeep
|turn|18
|
|move|p2a: Silvally|Multi-Attack|p1a: Carkol
|-resisted|p1a: Carkol
|-damage|p1a: Carkol|0 fnt
|faint|p1a: Carkol
|
|upkeep
|
|switch|p1a: Gastly|Gastly, F|100/100
|turn|19
|
|switch|p2a: Roselia|Roselia, F, shiny|100/100
|-damage|p2a: Roselia|88/100|[from] Stealth Rock
|move|p1a: Gastly|Shadow Ball|p2a: Roselia
|-damage|p2a: Roselia|51/100
|
|upkeep
|turn|20
|
|move|p1a: Gastly|Shadow Ball|p2a: Roselia
|-damage|p2a: Roselia|17/100
|move|p2a: Roselia|Spikes|p1a: Gastly
|-sidestart|p1: S rank talonflame|Spikes
|
|upkeep
|turn|21
|
|switch|p2a: Liepard|Liepard, M|100/100
|-damage|p2a: Liepard|88/100|[from] Stealth Rock
|move|p1a: Gastly|Shadow Ball|p2a: Liepard
|-resisted|p2a: Liepard
|-damage|p2a: Liepard|47/100
|
|upkeep
|turn|22
|
|switch|p1a: Shiinotic|Shiinotic, M|100/100
|-damage|p1a: Shiinotic|88/100|[from] Spikes
|move|p2a: Liepard|U-turn|p1a: Shiinotic
|-damage|p1a: Shiinotic|64/100
|
|switch|p2a: Manectric|Manectric, F|100/100|[from]move: U-turn
|-damage|p2a: Manectric|88/100|[from] Stealth Rock
|
|-heal|p1a: Shiinotic|71/100|[from] item: Leftovers
|upkeep
|turn|23
|
|move|p2a: Manectric|Volt Switch|p1a: Shiinotic
|-resisted|p1a: Shiinotic
|-damage|p1a: Shiinotic|54/100
|
|switch|p2a: Mawile|Mawile, F|71/100 brn|[from]move: Volt Switch
|-damage|p2a: Mawile|65/100 brn|[from] Stealth Rock
|-ability|p2a: Mawile|Intimidate|boost
|-unboost|p1a: Shiinotic|atk|1
|move|p1a: Shiinotic|Strength Sap|p2a: Mawile
|-unboost|p2a: Mawile|atk|1
|-heal|p1a: Shiinotic|100/100
|
|-damage|p2a: Mawile|59/100 brn|[from] brn
|upkeep
|turn|24
|
|move|p2a: Mawile|Stealth Rock|p1a: Shiinotic
|-sidestart|p1: S rank talonflame|move: Stealth Rock
|move|p1a: Shiinotic|Giga Drain|p2a: Mawile
|-resisted|p2a: Mawile
|-damage|p2a: Mawile|36/100 brn
|
|-damage|p2a: Mawile|30/100 brn|[from] brn
|upkeep
|turn|25
|
|move|p2a: Mawile|Toxic|p1a: Shiinotic
|-status|p1a: Shiinotic|tox
|move|p1a: Shiinotic|Giga Drain|p2a: Mawile
|-resisted|p2a: Mawile
|-damage|p2a: Mawile|8/100 brn
|
|-damage|p2a: Mawile|2/100 brn|[from] brn
|-damage|p1a: Shiinotic|94/100 tox|[from] psn
|upkeep
|turn|26
|
|move|p2a: Mawile|Knock Off|p1a: Shiinotic
|-resisted|p1a: Shiinotic
|-damage|p1a: Shiinotic|91/100 tox
|-enditem|p1a: Shiinotic|Leftovers|[from] move: Knock Off|[of] p2a: Mawile
|move|p1a: Shiinotic|Giga Drain|p2a: Mawile
|-resisted|p2a: Mawile
|-damage|p2a: Mawile|0 fnt
|-heal|p1a: Shiinotic|92/100 tox|[from] drain|[of] p2a: Mawile
|faint|p2a: Mawile
|
|-damage|p1a: Shiinotic|80/100 tox|[from] psn
|upkeep
|
|switch|p2a: Roselia|Roselia, F, shiny|17/100
|-damage|p2a: Roselia|5/100|[from] Stealth Rock
|turn|27
|
|switch|p1a: Silvally|Silvally-Flying|100/100
|-damage|p1a: Silvally|76/100|[from] Stealth Rock
|move|p2a: Roselia|Synthesis|p2a: Roselia
|-heal|p2a: Roselia|54/100
|
|upkeep
|turn|28
|
|switch|p2a: Silvally|Silvally-Flying|6/100
|-damage|p2a: Silvally|0 fnt|[from] Stealth Rock
|faint|p2a: Silvally
|move|p1a: Silvally|Multi-Attack|p2: Silvally|[notarget]
|-fail|p1a: Silvally
|
|upkeep
|
|switch|p2a: Manectric|Manectric, F|88/100
|-damage|p2a: Manectric|76/100|[from] Stealth Rock
|turn|29
|
|switch|p1a: Pawniard|Pawniard, M|100/100
|-damage|p1a: Pawniard|94/100|[from] Stealth Rock
|-damage|p1a: Pawniard|82/100|[from] Spikes
|move|p2a: Manectric|Thunderbolt|p1a: Pawniard
|-damage|p1a: Pawniard|0 fnt
|faint|p1a: Pawniard
|
|upkeep
|inactive|S rank talonflame has 120 seconds left.
|
|switch|p1a: Shiinotic|Shiinotic, M|80/100 tox
|-damage|p1a: Shiinotic|67/100 tox|[from] Stealth Rock
|-damage|p1a: Shiinotic|55/100 tox|[from] Spikes
|turn|30
|inactive|S rank talonflame has 120 seconds left.
|
|switch|p2a: Roselia|Roselia, F, shiny|54/100
|-damage|p2a: Roselia|42/100|[from] Stealth Rock
|switch|p1a: Throh|Throh, M|67/100
|-damage|p1a: Throh|54/100|[from] Spikes
|-damage|p1a: Throh|48/100|[from] Stealth Rock
|
|-heal|p1a: Throh|54/100|[from] item: Leftovers
|upkeep
|turn|31
|
|move|p2a: Roselia|Sludge Bomb|p1a: Throh
|-damage|p1a: Throh|29/100
|move|p1a: Throh|Rest|p1a: Throh
|-status|p1a: Throh|slp|[from] move: Rest
|-heal|p1a: Throh|100/100 slp|[silent]
|
|upkeep
|turn|32
|
|move|p2a: Roselia|Sludge Bomb|p1a: Throh
|-damage|p1a: Throh|72/100 slp
|cant|p1a: Throh|slp
|move|p1a: Throh|Sleep Talk|p1a: Throh
|move|p1a: Throh|Rest|p1a: Throh|[from]Sleep Talk
|-fail|p1a: Throh
|
|-heal|p1a: Throh|78/100 slp|[from] item: Leftovers
|upkeep
|turn|33
|
|move|p2a: Roselia|Sludge Bomb|p1a: Throh
|-damage|p1a: Throh|52/100 slp
|cant|p1a: Throh|slp
|move|p1a: Throh|Sleep Talk|p1a: Throh
|move|p1a: Throh|Knock Off|p2a: Roselia|[from]Sleep Talk
|-damage|p2a: Roselia|0 fnt
|-enditem|p2a: Roselia|Eviolite|[from] move: Knock Off|[of] p1a: Throh
|faint|p2a: Roselia
|
|-heal|p1a: Throh|58/100 slp|[from] item: Leftovers
|upkeep
|
|switch|p2a: Liepard|Liepard, M|47/100
|-damage|p2a: Liepard|35/100|[from] Stealth Rock
|turn|34
|
|switch|p1a: Shiinotic|Shiinotic, M|55/100 tox
|-damage|p1a: Shiinotic|43/100 tox|[from] Stealth Rock
|-damage|p1a: Shiinotic|30/100 tox|[from] Spikes
|move|p2a: Liepard|Play Rough|p1a: Shiinotic
|-damage|p1a: Shiinotic|0 fnt
|-status|p2a: Liepard|slp|[from] ability: Effect Spore|[of] p1a: Shiinotic
|faint|p1a: Shiinotic
|
|upkeep
|
|switch|p1a: Gastly|Gastly, F|100/100
|-damage|p1a: Gastly|88/100|[from] Stealth Rock
|turn|35
|
|move|p1a: Gastly|Shadow Ball|p2a: Liepard
|-resisted|p2a: Liepard
|-damage|p2a: Liepard|0 fnt
|faint|p2a: Liepard
|
|upkeep
|
|switch|p2a: Manectric|Manectric, F|76/100
|-damage|p2a: Manectric|63/100|[from] Stealth Rock
|turn|36
|
|move|p2a: Manectric|Thunderbolt|p1a: Gastly
|-damage|p1a: Gastly|0 fnt
|faint|p1a: Gastly
|
|upkeep
|
|switch|p1a: Throh|Throh, M|58/100 slp
|-damage|p1a: Throh|45/100 slp|[from] Spikes
|-damage|p1a: Throh|39/100 slp|[from] Stealth Rock
|turn|37
|
|move|p2a: Manectric|Thunderbolt|p1a: Throh
|-damage|p1a: Throh|15/100 slp
|-curestatus|p1a: Throh|slp|[msg]
|move|p1a: Throh|Rest|p1a: Throh
|-status|p1a: Throh|slp|[from] move: Rest
|-heal|p1a: Throh|100/100 slp|[silent]
|
|upkeep
|turn|38
|
|move|p2a: Manectric|Thunderbolt|p1a: Throh
|-damage|p1a: Throh|75/100 slp
|cant|p1a: Throh|slp
|move|p1a: Throh|Sleep Talk|p1a: Throh
|move|p1a: Throh|Circle Throw|p2a: Manectric|[from]Sleep Talk
|-damage|p2a: Manectric|7/100
|drag|p2a: Lapras|Lapras, F, shiny|84/100
|
|-heal|p1a: Throh|82/100 slp|[from] item: Leftovers
|upkeep
|turn|39
|
|move|p2a: Lapras|Surf|p1a: Throh
|-damage|p1a: Throh|57/100 slp
|cant|p1a: Throh|slp
|move|p1a: Throh|Sleep Talk|p1a: Throh
|move|p1a: Throh|Circle Throw|p2a: Lapras|[from]Sleep Talk
|-supereffective|p2a: Lapras
|-damage|p2a: Lapras|31/100
|drag|p2a: Manectric|Manectric, F|7/100
|-damage|p2a: Manectric|0 fnt|[from] Stealth Rock
|faint|p2a: Manectric
|
|-heal|p1a: Throh|63/100 slp|[from] item: Leftovers
|upkeep
|-message|Axrtix forfeited.
|
|win|S rank talonflame
|l|☆Axrtix
|raw|S rank talonflame's rating: 1340 &rarr; <strong>1364</strong><br />(+24 for winning)
|raw|Axrtix's rating: 1408 &rarr; <strong>1384</strong><br />(-24 for losing)
|l| Mauve Avenger
