|j|☆Breakfastbiscuit
|j|☆one of the bouys
|t:|1635077764
|gametype|singles
|player|p1|Breakfastbiscuit|101|1358
|player|p2|one of the bouys|clown|1580
|teamsize|p1|6
|teamsize|p2|6
|gen|8
|tier|[Gen 8] PU
|rated|
|rule|Sleep Clause Mod: Limit one foe put to sleep
|rule|Species Clause: Limit one of each Pokémon
|rule|OHKO Clause: OHKO moves are banned
|rule|Evasion Moves Clause: Evasion moves are banned
|rule|Endless Battle Clause: Forcing endless battles is banned
|rule|HP Percentage Mod: HP is shown in percentages
|rule|Dynamax Clause: You cannot dynamax
|clearpoke
|poke|p1|Persian-Alola, F|
|poke|p1|Carracosta, M|
|poke|p1|Lanturn, M|
|poke|p1|Dugtrio-Alola, M|
|poke|p1|Rotom|
|poke|p1|Skuntank, M|
|poke|p2|Flapple, F|
|poke|p2|Frosmoth, M|
|poke|p2|Gigalith, F|
|poke|p2|Weezing, F|
|poke|p2|Persian-Alola, M|
|poke|p2|Golbat, F|
|teampreview
|
|t:|1635077787
|start
|switch|p1a: Dugtrio|Dugtrio-Alola, M|100/100
|switch|p2a: Persian|Persian-Alola, M|100/100
|turn|1
|
|t:|1635077794
|switch|p1a: Persian|Persian-Alola, F|100/100
|move|p2a: Persian|Switcheroo|p1a: Persian
|-activate|p2a: Persian|move: Trick|[of] p1a: Persian
|-item|p1a: Persian|Choice Scarf|[from] move: Switcheroo
|-item|p2a: Persian|Leftovers|[from] move: Switcheroo
|
|upkeep
|turn|2
|
|t:|1635077798
|move|p1a: Persian|Knock Off|p2a: Persian
|-resisted|p2a: Persian
|-damage|p2a: Persian|92/100
|-enditem|p2a: Persian|Leftovers|[from] move: Knock Off|[of] p1a: Persian
|move|p2a: Persian|Parting Shot|p1a: Persian
|-unboost|p1a: Persian|atk|1
|-unboost|p1a: Persian|spa|1
|
|t:|1635077805
|switch|p2a: Gigalith|Gigalith, F|100/100|[from]move: Parting Shot
|-weather|Sandstorm|[from] ability: Sand Stream|[of] p2a: Gigalith
|
|-weather|Sandstorm|[upkeep]
|-damage|p1a: Persian|95/100|[from] Sandstorm
|upkeep
|turn|3
|
|t:|1635077819
|move|p1a: Persian|Knock Off|p2a: Gigalith
|-damage|p2a: Gigalith|89/100
|-enditem|p2a: Gigalith|Leftovers|[from] move: Knock Off|[of] p1a: Persian
|move|p2a: Gigalith|Stealth Rock|p1a: Persian
|-sidestart|p1: Breakfastbiscuit|move: Stealth Rock
|
|-weather|Sandstorm|[upkeep]
|-damage|p1a: Persian|89/100|[from] Sandstorm
|upkeep
|turn|4
|
|t:|1635077836
|switch|p1a: Lanturn|Lanturn, M|100/100
|-damage|p1a: Lanturn|88/100|[from] Stealth Rock
|move|p2a: Gigalith|Earthquake|p1a: Lanturn
|-supereffective|p1a: Lanturn
|-damage|p1a: Lanturn|18/100
|
|-weather|Sandstorm|[upkeep]
|-damage|p1a: Lanturn|12/100|[from] Sandstorm
|-heal|p1a: Lanturn|18/100|[from] item: Leftovers
|upkeep
|turn|5
|
|t:|1635077844
|move|p1a: Lanturn|Scald|p2a: Gigalith
|-supereffective|p2a: Gigalith
|-damage|p2a: Gigalith|68/100
|move|p2a: Gigalith|Earthquake|p1a: Lanturn
|-supereffective|p1a: Lanturn
|-damage|p1a: Lanturn|0 fnt
|faint|p1a: Lanturn
|
|-weather|Sandstorm|[upkeep]
|upkeep
|
|t:|1635077851
|switch|p1a: Skuntank|Skuntank, M|100/100
|-damage|p1a: Skuntank|88/100|[from] Stealth Rock
|turn|6
|
|t:|1635077854
|switch|p1a: Persian|Persian-Alola, F|89/100
|-damage|p1a: Persian|76/100|[from] Stealth Rock
|move|p2a: Gigalith|Earthquake|p1a: Persian
|-damage|p1a: Persian|53/100
|
|-weather|none
|upkeep
|turn|7
|
|t:|1635077864
|switch|p2a: Persian|Persian-Alola, M|92/100
|move|p1a: Persian|Foul Play|p2a: Persian
|-resisted|p2a: Persian
|-damage|p2a: Persian|83/100
|
|upkeep
|turn|8
|
|t:|1635077871
|switch|p1a: Skuntank|Skuntank, M|88/100
|-damage|p1a: Skuntank|76/100|[from] Stealth Rock
|move|p2a: Persian|Parting Shot|p1a: Skuntank
|-unboost|p1a: Skuntank|atk|1
|-unboost|p1a: Skuntank|spa|1
|
|t:|1635077892
|switch|p2a: Frosmoth|Frosmoth, M|100/100|[from]move: Parting Shot
|
|-heal|p1a: Skuntank|82/100|[from] item: Black Sludge
|upkeep
|turn|9
|
|t:|1635077907
|switch|p2a: Golbat|Golbat, F|100/100
|move|p1a: Skuntank|Poison Jab|p2a: Golbat
|-resisted|p2a: Golbat
|-damage|p2a: Golbat|93/100
|
|-heal|p1a: Skuntank|88/100|[from] item: Black Sludge
|upkeep
|turn|10
|
|t:|1635077911
|switch|p1a: Dugtrio|Dugtrio-Alola, M|100/100
|-damage|p1a: Dugtrio|98/100|[from] Stealth Rock
|move|p2a: Golbat|Brave Bird|p1a: Dugtrio
|-resisted|p1a: Dugtrio
|-damage|p1a: Dugtrio|56/100
|-ability|p1a: Dugtrio|Tangling Hair
|-unboost|p2a: Golbat|spe|1
|-damage|p2a: Golbat|85/100|[from] Recoil
|
|upkeep
|turn|11
|
|t:|1635077918
|move|p1a: Dugtrio|Substitute|p1a: Dugtrio
|-start|p1a: Dugtrio|Substitute
|-damage|p1a: Dugtrio|32/100
|move|p2a: Golbat|Brave Bird|p1a: Dugtrio
|-resisted|p1a: Dugtrio
|-damage|p1a: Dugtrio|0 fnt
|-ability|p1a: Dugtrio|Tangling Hair
|-unboost|p2a: Golbat|spe|1
|faint|p1a: Dugtrio
|-damage|p2a: Golbat|78/100|[from] Recoil
|
|upkeep
|
|t:|1635077928
|switch|p1a: Rotom|Rotom|100/100
|turn|12
|
|t:|1635077931
|switch|p2a: Gigalith|Gigalith, F|68/100
|-weather|Sandstorm|[from] ability: Sand Stream|[of] p2a: Gigalith
|move|p1a: Rotom|Substitute|p1a: Rotom
|-start|p1a: Rotom|Substitute
|-damage|p1a: Rotom|76/100
|
|-weather|Sandstorm|[upkeep]
|-damage|p1a: Rotom|69/100|[from] Sandstorm
|upkeep
|turn|13
|
|t:|1635077941
|move|p1a: Rotom|Shadow Ball|p2a: Gigalith
|-damage|p2a: Gigalith|50/100
|move|p2a: Gigalith|Rock Blast|p1a: Rotom
|-activate|p1a: Rotom|move: Substitute|[damage]
|-end|p1a: Rotom|Substitute
|-damage|p1a: Rotom|48/100
|-hitcount|p1a: Rotom|3
|
|-weather|Sandstorm|[upkeep]
|-damage|p1a: Rotom|42/100|[from] Sandstorm
|upkeep
|turn|14
|
|t:|1635077956
|switch|p1a: Persian|Persian-Alola, F|53/100
|-damage|p1a: Persian|41/100|[from] Stealth Rock
|switch|p2a: Frosmoth|Frosmoth, M|100/100
|
|-weather|Sandstorm|[upkeep]
|-damage|p1a: Persian|35/100|[from] Sandstorm
|-damage|p2a: Frosmoth|94/100|[from] Sandstorm
|upkeep
|turn|15
|
|t:|1635077963
|move|p1a: Persian|Taunt|p2a: Frosmoth
|-start|p2a: Frosmoth|move: Taunt
|cant|p2a: Frosmoth|move: Taunt|Quiver Dance
|
|-weather|Sandstorm|[upkeep]
|-damage|p1a: Persian|29/100|[from] Sandstorm
|-damage|p2a: Frosmoth|88/100|[from] Sandstorm
|upkeep
|turn|16
|
|t:|1635077969
|move|p1a: Persian|Taunt||[still]
|-fail|p1a: Persian
|move|p2a: Frosmoth|Ice Beam|p1a: Persian
|-damage|p1a: Persian|0 fnt
|faint|p1a: Persian
|
|-weather|none
|upkeep
|
|t:|1635077976
|switch|p1a: Skuntank|Skuntank, M|88/100
|-damage|p1a: Skuntank|75/100|[from] Stealth Rock
|turn|17
|
|t:|1635077989
|switch|p1a: Carracosta|Carracosta, M|100/100
|-damage|p1a: Carracosta|88/100|[from] Stealth Rock
|switch|p2a: Persian|Persian-Alola, M|83/100
|
|upkeep
|turn|18
|
|t:|1635077997
|move|p2a: Persian|Foul Play|p1a: Carracosta
|-damage|p1a: Carracosta|47/100
|move|p1a: Carracosta|Liquidation|p2a: Persian
|-damage|p2a: Persian|53/100
|
|upkeep
|turn|19
|
|t:|1635078003
|switch|p1a: Skuntank|Skuntank, M|75/100
|-damage|p1a: Skuntank|63/100|[from] Stealth Rock
|move|p2a: Persian|Foul Play|p1a: Skuntank
|-resisted|p1a: Skuntank
|-damage|p1a: Skuntank|36/100
|
|-heal|p1a: Skuntank|42/100|[from] item: Black Sludge
|upkeep
|turn|20
|
|t:|1635078012
|move|p2a: Persian|Parting Shot|p1a: Skuntank
|-unboost|p1a: Skuntank|atk|1
|-unboost|p1a: Skuntank|spa|1
|
|t:|1635078014
|switch|p2a: Weezing|Weezing, F|100/100|[from]move: Parting Shot
|-ability|p2a: Weezing|Neutralizing Gas
|move|p1a: Skuntank|Poison Jab|p2a: Weezing
|-resisted|p2a: Weezing
|-damage|p2a: Weezing|93/100
|-damage|p1a: Skuntank|25/100|[from] item: Rocky Helmet|[of] p2a: Weezing
|
|-heal|p1a: Skuntank|31/100|[from] item: Black Sludge
|upkeep
|turn|21
|
|t:|1635078048
|move|p1a: Skuntank|Crunch|p2a: Weezing
|-damage|p2a: Weezing|78/100
|-damage|p1a: Skuntank|14/100|[from] item: Rocky Helmet|[of] p2a: Weezing
|move|p2a: Weezing|Will-O-Wisp|p1a: Skuntank
|-status|p1a: Skuntank|brn
|
|-heal|p1a: Skuntank|20/100 brn|[from] item: Black Sludge
|-damage|p1a: Skuntank|14/100 brn|[from] brn
|upkeep
|turn|22
|
|t:|1635078058
|-end|p2a: Weezing|ability: Neutralizing Gas
|switch|p2a: Frosmoth|Frosmoth, M|88/100
|move|p1a: Skuntank|Crunch|p2a: Frosmoth
|-damage|p2a: Frosmoth|69/100
|
|-heal|p1a: Skuntank|20/100 brn|[from] item: Black Sludge
|-damage|p1a: Skuntank|14/100 brn|[from] brn
|upkeep
|turn|23
|
|t:|1635078063
|move|p1a: Skuntank|Poison Jab|p2a: Frosmoth
|-damage|p2a: Frosmoth|52/100
|-status|p2a: Frosmoth|psn
|move|p2a: Frosmoth|Quiver Dance|p2a: Frosmoth
|-boost|p2a: Frosmoth|spa|1
|-boost|p2a: Frosmoth|spd|1
|-boost|p2a: Frosmoth|spe|1
|
|-heal|p1a: Skuntank|20/100 brn|[from] item: Black Sludge
|-damage|p2a: Frosmoth|40/100 psn|[from] psn
|-damage|p1a: Skuntank|14/100 brn|[from] brn
|upkeep
|turn|24
|
|t:|1635078066
|move|p1a: Skuntank|Sucker Punch|p2a: Frosmoth
|-damage|p2a: Frosmoth|25/100 psn
|move|p2a: Frosmoth|Giga Drain|p1a: Skuntank
|-resisted|p1a: Skuntank
|-crit|p1a: Skuntank
|-damage|p1a: Skuntank|0 fnt
|-heal|p2a: Frosmoth|33/100 psn|[from] drain|[of] p1a: Skuntank
|faint|p1a: Skuntank
|
|-damage|p2a: Frosmoth|20/100 psn|[from] psn
|upkeep
|
|t:|1635078070
|switch|p1a: Carracosta|Carracosta, M|47/100
|-damage|p1a: Carracosta|34/100|[from] Stealth Rock
|turn|25
|
|t:|1635078072
|move|p1a: Carracosta|Aqua Jet|p2a: Frosmoth
|-damage|p2a: Frosmoth|0 fnt
|faint|p2a: Frosmoth
|
|upkeep
|
|t:|1635078074
|switch|p2a: Persian|Persian-Alola, M|53/100
|turn|26
|
|t:|1635078076
|move|p2a: Persian|Foul Play|p1a: Carracosta
|-damage|p1a: Carracosta|0 fnt
|faint|p1a: Carracosta
|
|upkeep
|
|t:|1635078080
|switch|p1a: Rotom|Rotom|42/100
|turn|27
|
|t:|1635078082
|move|p2a: Persian|Knock Off|p1a: Rotom
|-supereffective|p1a: Rotom
|-damage|p1a: Rotom|0 fnt
|-enditem|p1a: Rotom|Heavy-Duty Boots|[from] move: Knock Off|[of] p2a: Persian
|faint|p1a: Rotom
|
|win|one of the bouys
|raw|Breakfastbiscuit's rating: 1358 &rarr; <strong>1349</strong><br />(-9 for losing)
|raw|one of the bouys's rating: 1580 &rarr; <strong>1589</strong><br />(+9 for winning)
|c|☆one of the bouys|gg
|l|☆Breakfastbiscuit
