|j|☆acluh1
|j|☆TestingStuff54
|t:|1667250388
|gametype|singles
|player|p1|acluh1|karen|
|player|p2|TestingStuff54|101|
|teamsize|p1|6
|teamsize|p2|6
|gen|8
|tier|[Gen 8] PU
|rated|Tournament battle
|rule|Sleep Clause Mod: Limit one foe put to sleep
|rule|Species Clause: Limit one of each Pokémon
|rule|OHKO Clause: OHKO moves are banned
|rule|Evasion Items Clause: Evasion items are banned
|rule|Evasion Moves Clause: Evasion moves are banned
|rule|Endless Battle Clause: Forcing endless battles is banned
|rule|HP Percentage Mod: HP is shown in percentages
|rule|Dynamax Clause: You cannot dynamax
|rule|Gravity Sleep Clause: The combination of sleep-inducing moves with imperfect accuracy and Gravity or Gigantamax Orbeetle are banned
|rule|Swagger Clause: Swagger is banned
|clearpoke
|poke|p1|Archeops, F|
|poke|p1|Doublade, M|
|poke|p1|Gigalith, F|
|poke|p1|Ribombee, F|
|poke|p1|Sandslash, F|
|poke|p1|Wishiwashi, M|
|poke|p2|Rhydon, M|
|poke|p2|Charizard, M|
|poke|p2|Vikavolt, M|
|poke|p2|Doublade, M|
|poke|p2|Shiftry, M|
|poke|p2|Poliwrath, M|
|teampreview
|inactive|Battle timer is ON: inactive players will automatically lose when time's up. (requested by acluh1)
|
|t:|1667250397
|start
|switch|p1a: Sandslash|Sandslash, F|100/100
|switch|p2a: Poliwrath|Poliwrath, M|100/100
|turn|1
|
|t:|1667250407
|switch|p1a: Doublade|Doublade, M|100/100
|move|p2a: Poliwrath|Liquidation|p1a: Doublade
|-damage|p1a: Doublade|83/100
|
|upkeep
|turn|2
|
|t:|1667250417
|switch|p2a: Charizard|Charizard, M|100/100
|move|p1a: Doublade|Shadow Claw|p2a: Charizard
|-damage|p2a: Charizard|47/100
|
|upkeep
|turn|3
|
|t:|1667250426
|switch|p2a: Rhydon|Rhydon, M|100/100
|switch|p1a: Wishiwashi|Wishiwashi, M|100/100
|-formechange|p1a: Wishiwashi|Wishiwashi-School||[from] ability: Schooling
|
|upkeep
|turn|4
|
|t:|1667250433
|switch|p2a: Poliwrath|Poliwrath, M|100/100
|move|p1a: Wishiwashi|Scald|p2a: Poliwrath
|-immune|p2a: Poliwrath|[from] ability: Water Absorb
|
|upkeep
|turn|5
|j| TheJasMan
|
|t:|1667250452
|move|p2a: Poliwrath|Liquidation|p1a: Wishiwashi
|-resisted|p1a: Wishiwashi
|-damage|p1a: Wishiwashi|87/100
|move|p1a: Wishiwashi|U-turn|p2a: Poliwrath
|-resisted|p2a: Poliwrath
|-damage|p2a: Poliwrath|89/100
|
|t:|1667250463
|switch|p1a: Doublade|Doublade, M|83/100|[from]move: U-turn
|
|upkeep
|turn|6
|l| TheJasMan
|
|t:|1667250471
|switch|p2a: Rhydon|Rhydon, M|100/100
|move|p1a: Doublade|Shadow Claw|p2a: Rhydon
|-crit|p2a: Rhydon
|-damage|p2a: Rhydon|70/100
|
|upkeep
|turn|7
|
|t:|1667250483
|switch|p1a: Wishiwashi|Wishiwashi, M|87/100
|-formechange|p1a: Wishiwashi|Wishiwashi-School||[from] ability: Schooling
|move|p2a: Rhydon|Stealth Rock|p1a: Wishiwashi
|-sidestart|p1: acluh1|move: Stealth Rock
|
|-heal|p1a: Wishiwashi|93/100|[from] item: Leftovers
|upkeep
|turn|8
|
|t:|1667250494
|switch|p2a: Poliwrath|Poliwrath, M|89/100
|move|p1a: Wishiwashi|U-turn|p2a: Poliwrath
|-resisted|p2a: Poliwrath
|-damage|p2a: Poliwrath|77/100
|
|t:|1667250499
|switch|p1a: Ribombee|Ribombee, F, shiny|100/100|[from]move: U-turn
|
|upkeep
|turn|9
|
|t:|1667250525
|switch|p2a: Doublade|Doublade, M|100/100
|move|p1a: Ribombee|Moonblast|p2a: Doublade
|-resisted|p2a: Doublade
|-damage|p2a: Doublade|73/100
|
|upkeep
|turn|10
|
|t:|1667250533
|switch|p1a: Wishiwashi|Wishiwashi, M|93/100
|-damage|p1a: Wishiwashi|81/100|[from] Stealth Rock
|-formechange|p1a: Wishiwashi|Wishiwashi-School||[from] ability: Schooling
|move|p2a: Doublade|Shadow Claw|p1a: Wishiwashi
|-damage|p1a: Wishiwashi|56/100
|
|-heal|p1a: Wishiwashi|62/100|[from] item: Leftovers
|upkeep
|turn|11
|
|t:|1667250544
|move|p2a: Doublade|Shadow Claw|p1a: Wishiwashi
|-damage|p1a: Wishiwashi|35/100
|move|p1a: Wishiwashi|Scald|p2a: Doublade
|-damage|p2a: Doublade|29/100
|-status|p2a: Doublade|brn
|
|-heal|p1a: Wishiwashi|41/100|[from] item: Leftovers
|-damage|p2a: Doublade|23/100 brn|[from] brn
|upkeep
|turn|12
|
|t:|1667250554
|switch|p2a: Poliwrath|Poliwrath, M|77/100
|move|p1a: Wishiwashi|Rest|p1a: Wishiwashi
|-status|p1a: Wishiwashi|slp|[from] move: Rest
|-heal|p1a: Wishiwashi|100/100 slp|[silent]
|
|upkeep
|turn|13
|
|t:|1667250567
|switch|p2a: Shiftry|Shiftry, M|100/100
|switch|p1a: Doublade|Doublade, M|83/100
|-damage|p1a: Doublade|77/100|[from] Stealth Rock
|
|upkeep
|turn|14
|
|t:|1667250574
|switch|p2a: Doublade|Doublade, M|23/100 brn
|move|p1a: Doublade|Close Combat|p2a: Doublade
|-immune|p2a: Doublade
|
|-damage|p2a: Doublade|17/100 brn|[from] brn
|upkeep
|turn|15
|
|t:|1667250581
|move|p2a: Doublade|Shadow Sneak|p1a: Doublade
|-supereffective|p1a: Doublade
|-damage|p1a: Doublade|66/100
|move|p1a: Doublade|Shadow Sneak|p2a: Doublade
|-supereffective|p2a: Doublade
|-damage|p2a: Doublade|0 fnt
|faint|p2a: Doublade
|
|upkeep
|
|t:|1667250587
|switch|p2a: Charizard|Charizard, M|47/100
|turn|16
|
|t:|1667250597
|switch|p1a: Gigalith|Gigalith, F, shiny|100/100
|-damage|p1a: Gigalith|88/100|[from] Stealth Rock
|-weather|Sandstorm|[from] ability: Sand Stream|[of] p1a: Gigalith
|move|p2a: Charizard|Roost|p2a: Charizard
|-heal|p2a: Charizard|97/100
|-singleturn|p2a: Charizard|move: Roost
|
|-weather|Sandstorm|[upkeep]
|-damage|p2a: Charizard|91/100|[from] Sandstorm
|-heal|p1a: Gigalith|94/100|[from] item: Leftovers
|upkeep
|turn|17
|
|t:|1667250610
|switch|p2a: Rhydon|Rhydon, M|70/100
|move|p1a: Gigalith|Stealth Rock|p2a: Rhydon
|-sidestart|p2: TestingStuff54|move: Stealth Rock
|
|-weather|Sandstorm|[upkeep]
|-heal|p1a: Gigalith|100/100|[from] item: Leftovers
|upkeep
|turn|18
|
|t:|1667250618
|switch|p1a: Sandslash|Sandslash, F|100/100
|-damage|p1a: Sandslash|94/100|[from] Stealth Rock
|move|p2a: Rhydon|Earthquake|p1a: Sandslash
|-damage|p1a: Sandslash|41/100
|
|-weather|Sandstorm|[upkeep]
|-heal|p1a: Sandslash|48/100|[from] item: Leftovers
|upkeep
|turn|19
|
|t:|1667250625
|move|p1a: Sandslash|Rapid Spin|p2a: Rhydon
|-resisted|p2a: Rhydon
|-damage|p2a: Rhydon|65/100
|-boost|p1a: Sandslash|spe|1
|-sideend|p1: acluh1|Stealth Rock|[from] move: Rapid Spin|[of] p1a: Sandslash
|move|p2a: Rhydon|Earthquake|p1a: Sandslash
|-damage|p1a: Sandslash|0 fnt
|faint|p1a: Sandslash
|
|-weather|Sandstorm|[upkeep]
|upkeep
|
|t:|1667250651
|switch|p1a: Doublade|Doublade, M|66/100
|turn|20
|
|t:|1667250662
|move|p2a: Rhydon|Earthquake|p1a: Doublade
|-supereffective|p1a: Doublade
|-damage|p1a: Doublade|14/100
|move|p1a: Doublade|Swords Dance|p1a: Doublade
|-boost|p1a: Doublade|atk|2
|
|-weather|none
|upkeep
|turn|21
|
|t:|1667250671
|move|p1a: Doublade|Shadow Sneak|p2a: Rhydon
|-damage|p2a: Rhydon|42/100
|move|p2a: Rhydon|Earthquake|p1a: Doublade
|-supereffective|p1a: Doublade
|-crit|p1a: Doublade
|-damage|p1a: Doublade|0 fnt
|faint|p1a: Doublade
|
|upkeep
|
|t:|1667250674
|switch|p1a: Archeops|Archeops, F|100/100
|turn|22
|inactive|TestingStuff54 has 120 seconds left.
|
|t:|1667250709
|switch|p2a: Charizard|Charizard, M|91/100
|move|p1a: Archeops|Earth Power|p2a: Charizard
|-immune|p2a: Charizard
|
|upkeep
|turn|23
|
|t:|1667250716
|switch|p2a: Poliwrath|Poliwrath, M|77/100
|-damage|p2a: Poliwrath|71/100|[from] Stealth Rock
|move|p1a: Archeops|Meteor Beam||[still]
|-prepare|p1a: Archeops|Meteor Beam
|-boost|p1a: Archeops|spa|1
|-enditem|p1a: Archeops|Power Herb
|-anim|p1a: Archeops|Meteor Beam|p2a: Poliwrath
|-resisted|p2a: Poliwrath
|-damage|p2a: Poliwrath|21/100
|
|upkeep
|turn|24
|
|t:|1667250725
|move|p2a: Poliwrath|Liquidation|p1a: Archeops
|-supereffective|p1a: Archeops
|-damage|p1a: Archeops|0 fnt
|faint|p1a: Archeops
|
|upkeep
|
|t:|1667250739
|switch|p1a: Ribombee|Ribombee, F, shiny|100/100
|turn|25
|
|t:|1667250742
|move|p2a: Poliwrath|Liquidation|p1a: Ribombee
|-damage|p1a: Ribombee|29/100
|move|p1a: Ribombee|Moonblast|p2a: Poliwrath
|-supereffective|p2a: Poliwrath
|-damage|p2a: Poliwrath|0 fnt
|faint|p2a: Poliwrath
|
|upkeep
|
|t:|1667250749
|switch|p2a: Charizard|Charizard, M|91/100
|turn|26
|
|t:|1667250752
|switch|p1a: Wishiwashi|Wishiwashi, M|100/100 slp
|-formechange|p1a: Wishiwashi|Wishiwashi-School||[from] ability: Schooling
|switch|p2a: Rhydon|Rhydon, M|42/100
|-damage|p2a: Rhydon|36/100|[from] Stealth Rock
|
|upkeep
|turn|27
|
|t:|1667250765
|move|p2a: Rhydon|Earthquake|p1a: Wishiwashi
|-damage|p1a: Wishiwashi|61/100 slp
|cant|p1a: Wishiwashi|slp
|move|p1a: Wishiwashi|Sleep Talk|p1a: Wishiwashi
|move|p1a: Wishiwashi|U-turn|p2a: Rhydon|[from]move: Sleep Talk
|-damage|p2a: Rhydon|23/100
|
|t:|1667250769
|switch|p1a: Ribombee|Ribombee, F, shiny|29/100|[from]move: U-turn
|
|upkeep
|turn|28
|
|t:|1667250774
|switch|p2a: Charizard|Charizard, M|91/100
|move|p1a: Ribombee|Moonblast|p2a: Charizard
|-resisted|p2a: Charizard
|-damage|p2a: Charizard|65/100
|
|upkeep
|turn|29
|
|t:|1667250781
|switch|p1a: Wishiwashi|Wishiwashi, M|61/100 slp
|-formechange|p1a: Wishiwashi|Wishiwashi-School||[from] ability: Schooling
|move|p2a: Charizard|Defog|p1a: Wishiwashi
|-unboost|p1a: Wishiwashi|evasion|1
|-sideend|p2: TestingStuff54|Stealth Rock|[from] move: Defog|[of] p2a: Charizard
|
|-heal|p1a: Wishiwashi|67/100 slp|[from] item: Leftovers
|upkeep
|turn|30
|
|t:|1667250789
|move|p2a: Charizard|Hurricane|p1a: Wishiwashi
|-crit|p1a: Wishiwashi
|-damage|p1a: Wishiwashi|0 fnt
|faint|p1a: Wishiwashi
|
|upkeep
|
|t:|1667250793
|switch|p1a: Gigalith|Gigalith, F, shiny|100/100
|-weather|Sandstorm|[from] ability: Sand Stream|[of] p1a: Gigalith
|turn|31
|
|t:|1667250816
|move|p2a: Charizard|Flamethrower|p1a: Gigalith
|-resisted|p1a: Gigalith
|-damage|p1a: Gigalith|90/100
|move|p1a: Gigalith|Earthquake|p2a: Charizard
|-immune|p2a: Charizard
|
|-weather|Sandstorm|[upkeep]
|-damage|p2a: Charizard|59/100|[from] Sandstorm
|-heal|p1a: Gigalith|96/100|[from] item: Leftovers
|upkeep
|turn|32
|
|t:|1667250826
|move|p2a: Charizard|Flamethrower|p1a: Gigalith
|-resisted|p1a: Gigalith
|-crit|p1a: Gigalith
|-damage|p1a: Gigalith|81/100
|move|p1a: Gigalith|Earthquake|p2a: Charizard
|-immune|p2a: Charizard
|
|-weather|Sandstorm|[upkeep]
|-damage|p2a: Charizard|53/100|[from] Sandstorm
|-heal|p1a: Gigalith|87/100|[from] item: Leftovers
|upkeep
|turn|33
|
|t:|1667250835
|switch|p2a: Shiftry|Shiftry, M|100/100
|move|p1a: Gigalith|Rock Blast|p2a: Shiftry
|-damage|p2a: Shiftry|79/100
|-damage|p2a: Shiftry|60/100
|-damage|p2a: Shiftry|40/100
|-damage|p2a: Shiftry|20/100
|-hitcount|p2a: Shiftry|4
|
|-weather|Sandstorm|[upkeep]
|-damage|p2a: Shiftry|14/100|[from] Sandstorm
|-heal|p1a: Gigalith|93/100|[from] item: Leftovers
|upkeep
|turn|34
|
|t:|1667250848
|move|p1a: Gigalith|Protect|p1a: Gigalith
|-singleturn|p1a: Gigalith|Protect
|move|p2a: Shiftry|Leaf Storm|p1a: Gigalith
|-activate|p1a: Gigalith|move: Protect
|
|-weather|Sandstorm|[upkeep]
|-damage|p2a: Shiftry|8/100|[from] Sandstorm
|-heal|p1a: Gigalith|99/100|[from] item: Leftovers
|upkeep
|turn|35
|
|t:|1667250864
|move|p2a: Shiftry|Leaf Storm|p1a: Gigalith
|-supereffective|p1a: Gigalith
|-damage|p1a: Gigalith|48/100
|-unboost|p2a: Shiftry|spa|2
|-damage|p2a: Shiftry|0 fnt|[from] item: Life Orb
|faint|p2a: Shiftry
|move|p1a: Gigalith|Earthquake|p2: Shiftry|[notarget]
|-fail|p1a: Gigalith
|
|-weather|none
|-heal|p1a: Gigalith|55/100|[from] item: Leftovers
|upkeep
|j| TheJasMan
|l| TheJasMan
|
|t:|1667250873
|switch|p2a: Rhydon|Rhydon, M|23/100
|turn|36
|
|t:|1667250877
|move|p1a: Gigalith|Protect|p1a: Gigalith
|-singleturn|p1a: Gigalith|Protect
|move|p2a: Rhydon|Earthquake|p1a: Gigalith
|-activate|p1a: Gigalith|move: Protect
|
|-heal|p1a: Gigalith|61/100|[from] item: Leftovers
|upkeep
|turn|37
|j|%zoowi
|
|t:|1667250883
|switch|p1a: Ribombee|Ribombee, F, shiny|29/100
|move|p2a: Rhydon|Earthquake|p1a: Ribombee
|-resisted|p1a: Ribombee
|-damage|p1a: Ribombee|0 fnt
|faint|p1a: Ribombee
|
|upkeep
|
|t:|1667250886
|switch|p1a: Gigalith|Gigalith, F, shiny|61/100
|-weather|Sandstorm|[from] ability: Sand Stream|[of] p1a: Gigalith
|turn|38
|
|t:|1667250892
|move|p2a: Rhydon|Earthquake|p1a: Gigalith
|-supereffective|p1a: Gigalith
|-damage|p1a: Gigalith|0 fnt
|faint|p1a: Gigalith
|
|win|TestingStuff54
|n|☆acluh1|acluh1
|n|☆TestingStuff54|testingstuff54
|n| zoowi|zoowi
