|j|☆PUDS Madara
|j|☆gokupichu
|inactive|Battle timer is ON: inactive players will automatically lose when time's up.
|t:|1637062837
|gametype|singles
|player|p1|PUDS Madara|drayden|
|player|p2|gokupichu|102|
|teamsize|p1|6
|teamsize|p2|6
|gen|8
|tier|[Gen 8] PU
|rated|Tournament battle
|rule|Sleep Clause Mod: Limit one foe put to sleep
|rule|Species Clause: Limit one of each Pokémon
|rule|OHKO Clause: OHKO moves are banned
|rule|Evasion Moves Clause: Evasion moves are banned
|rule|Endless Battle Clause: Forcing endless battles is banned
|rule|HP Percentage Mod: HP is shown in percentages
|rule|Dynamax Clause: You cannot dynamax
|clearpoke
|poke|p1|Sneasel, F|
|poke|p1|Articuno-Galar|
|poke|p1|Druddigon, F|
|poke|p1|Wishiwashi, F|
|poke|p1|Aromatisse, F|
|poke|p1|Togedemaru, M|
|poke|p2|Drampa, M|
|poke|p2|Scyther, M|
|poke|p2|Weezing, F|
|poke|p2|Gigalith, M|
|poke|p2|Sandslash, M|
|poke|p2|Silvally-*|
|teampreview
|j|*Lady Monita ☽
|c|☆PUDS Madara|hf champ
|c|☆gokupichu|glhf
|
|t:|1637062867
|start
|switch|p1a: Togedemaru|Togedemaru, M|100/100
|switch|p2a: Scyther|Scyther, M|100/100
|turn|1
|
|t:|1637062877
|move|p2a: Scyther|U-turn|p1a: Togedemaru
|-resisted|p1a: Togedemaru
|-damage|p1a: Togedemaru|72/100
|j| Divyansh Sharma
|j| ii77
|
|t:|1637062890
|switch|p2a: Sandslash|Sandslash, M|100/100|[from]move: U-turn
|move|p1a: Togedemaru|Iron Head|p2a: Sandslash
|-damage|p2a: Sandslash|44/100
|
|upkeep
|turn|2
|
|t:|1637062895
|switch|p2a: Weezing|Weezing, F|100/100
|-ability|p2a: Weezing|Neutralizing Gas
|move|p1a: Togedemaru|Iron Head|p2a: Weezing
|-damage|p2a: Weezing|61/100
|-damage|p1a: Togedemaru|55/100|[from] item: Rocky Helmet|[of] p2a: Weezing
|
|upkeep
|turn|3
|
|t:|1637062905
|switch|p1a: Articuno|Articuno-Galar|100/100
|move|p2a: Weezing|Pain Split|p1a: Articuno
|-sethp|p1a: Articuno|82/100|[from] move: Pain Split|[silent]
|-sethp|p2a: Weezing|79/100|[from] move: Pain Split
|
|upkeep
|turn|4
|
|t:|1637062911
|-end|p2a: Weezing|ability: Neutralizing Gas
|switch|p2a: Gigalith|Gigalith, M|100/100
|-weather|Sandstorm|[from] ability: Sand Stream|[of] p2a: Gigalith
|move|p1a: Articuno|Psyshock|p2a: Gigalith
|-damage|p2a: Gigalith|48/100
|
|-weather|Sandstorm|[upkeep]
|-damage|p1a: Articuno|76/100|[from] Sandstorm
|-heal|p2a: Gigalith|55/100|[from] item: Leftovers
|upkeep
|turn|5
|
|t:|1637062920
|switch|p1a: Druddigon|Druddigon, F|100/100
|move|p2a: Gigalith|Rock Blast|p1a: Druddigon
|-damage|p1a: Druddigon|89/100
|-damage|p1a: Druddigon|78/100
|-damage|p1a: Druddigon|67/100
|-hitcount|p1a: Druddigon|3
|
|-weather|Sandstorm|[upkeep]
|-damage|p1a: Druddigon|61/100|[from] Sandstorm
|-heal|p2a: Gigalith|61/100|[from] item: Leftovers
|upkeep
|turn|6
|
|t:|1637062927
|move|p1a: Druddigon|Superpower|p2a: Gigalith
|-supereffective|p2a: Gigalith
|-crit|p2a: Gigalith
|-damage|p2a: Gigalith|0 fnt
|-unboost|p1a: Druddigon|atk|1
|-unboost|p1a: Druddigon|def|1
|faint|p2a: Gigalith
|-damage|p1a: Druddigon|51/100|[from] item: Life Orb
|
|-weather|Sandstorm|[upkeep]
|-damage|p1a: Druddigon|45/100|[from] Sandstorm
|upkeep
|
|t:|1637062933
|switch|p2a: Silvally|Silvally-Fairy|100/100
|turn|7
|
|t:|1637062936
|move|p2a: Silvally|Flame Charge|p1a: Druddigon
|-resisted|p1a: Druddigon
|-damage|p1a: Druddigon|35/100
|-boost|p2a: Silvally|spe|1
|move|p1a: Druddigon|Gunk Shot|p2a: Silvally|[miss]
|-miss|p1a: Druddigon|p2a: Silvally
|
|-weather|Sandstorm|[upkeep]
|-damage|p2a: Silvally|94/100|[from] Sandstorm
|-damage|p1a: Druddigon|29/100|[from] Sandstorm
|upkeep
|turn|8
|c|☆PUDS Madara|right
|
|t:|1637062947
|move|p2a: Silvally|Multi-Attack|p1a: Druddigon
|-supereffective|p1a: Druddigon
|-damage|p1a: Druddigon|0 fnt
|faint|p1a: Druddigon
|
|-weather|none
|upkeep
|
|t:|1637062952
|switch|p1a: Articuno|Articuno-Galar|76/100
|turn|9
|c|☆gokupichu|that was scary
|c|☆PUDS Madara|why would you even
|c|☆PUDS Madara|set up on a drudi
|l| Divyansh Sharma
|c|☆PUDS Madara|when they almost always use glare
|c|☆gokupichu|well i play a lot of random
|inactive|PUDS Madara has 120 seconds left.
|c|☆gokupichu|see my profile
|
|t:|1637062987
|move|p2a: Silvally|Multi-Attack|p1a: Articuno
|-damage|p1a: Articuno|9/100
|move|p1a: Articuno|Psyshock|p2a: Silvally
|-damage|p2a: Silvally|17/100
|
|upkeep
|turn|10
|inactive|PUDS Madara has 120 seconds left.
|c|☆gokupichu|some times you just have to take risk
|c|☆PUDS Madara|lmao
|c|☆PUDS Madara|no
|c|☆PUDS Madara|u just threw
|c|☆PUDS Madara|and got rewarded
|c|☆PUDS Madara|w.e
|inactive|PUDS Madara has 90 seconds left.
|
|t:|1637063030
|switch|p1a: Aromatisse|Aromatisse, F|100/100
|move|p2a: Silvally|Flame Charge|p1a: Aromatisse
|-damage|p1a: Aromatisse|89/100
|-boost|p2a: Silvally|spe|1
|
|-heal|p1a: Aromatisse|96/100|[from] item: Leftovers
|upkeep
|turn|11
|
|t:|1637063035
|move|p2a: Silvally|Multi-Attack|p1a: Aromatisse
|-damage|p1a: Aromatisse|57/100
|move|p1a: Aromatisse|Moonblast|p2a: Silvally
|-damage|p2a: Silvally|0 fnt
|faint|p2a: Silvally
|
|-heal|p1a: Aromatisse|63/100|[from] item: Leftovers
|upkeep
|
|t:|1637063046
|switch|p2a: Scyther|Scyther, M|100/100
|turn|12
|
|t:|1637063052
|move|p2a: Scyther|Dual Wingbeat|p1a: Aromatisse
|-damage|p1a: Aromatisse|44/100
|-damage|p1a: Aromatisse|24/100
|-hitcount|p1a: Aromatisse|2
|move|p1a: Aromatisse|Moonblast|p2a: Scyther
|-damage|p2a: Scyther|57/100
|
|-heal|p1a: Aromatisse|30/100|[from] item: Leftovers
|upkeep
|turn|13
|
|t:|1637063061
|move|p2a: Scyther|Dual Wingbeat|p1a: Aromatisse|[miss]
|-miss|p2a: Scyther|p1a: Aromatisse
|move|p1a: Aromatisse|Wish|p1a: Aromatisse
|
|-heal|p1a: Aromatisse|36/100|[from] item: Leftovers
|upkeep
|turn|14
|
|t:|1637063066
|switch|p1a: Togedemaru|Togedemaru, M|55/100
|move|p2a: Scyther|Swords Dance|p2a: Scyther
|-boost|p2a: Scyther|atk|2
|
|-heal|p1a: Togedemaru|100/100|[from] move: Wish|[wisher] Aromatisse
|upkeep
|turn|15
|c|☆gokupichu|sturdy ??
|inactive|gokupichu has 120 seconds left.
|j| lgzumsar
|
|t:|1637063107
|switch|p1a: Aromatisse|Aromatisse, F|36/100
|move|p2a: Scyther|U-turn|p1a: Aromatisse
|-resisted|p1a: Aromatisse
|-damage|p1a: Aromatisse|11/100
|
|t:|1637063114
|switch|p2a: Drampa|Drampa, M|100/100|[from]move: U-turn
|-ability|p2a: Drampa|Cloud Nine
|
|-heal|p1a: Aromatisse|17/100|[from] item: Leftovers
|upkeep
|turn|16
|
|t:|1637063121
|move|p2a: Drampa|Hyper Voice|p1a: Aromatisse
|-damage|p1a: Aromatisse|0 fnt
|faint|p1a: Aromatisse
|
|upkeep
|
|t:|1637063135
|switch|p1a: Togedemaru|Togedemaru, M|100/100
|turn|17
|
|t:|1637063141
|switch|p2a: Sandslash|Sandslash, M|44/100
|move|p1a: Togedemaru|Iron Head|p2a: Sandslash
|-damage|p2a: Sandslash|0 fnt
|faint|p2a: Sandslash
|
|upkeep
|
|t:|1637063146
|switch|p2a: Weezing|Weezing, F|79/100
|-ability|p2a: Weezing|Neutralizing Gas
|turn|18
|
|t:|1637063154
|switch|p1a: Wishiwashi|Wishiwashi, F|100/100
|-formechange|p1a: Wishiwashi|Wishiwashi-School||[from] ability: Schooling
|move|p2a: Weezing|Will-O-Wisp|p1a: Wishiwashi|[miss]
|-miss|p2a: Weezing|p1a: Wishiwashi
|
|upkeep
|turn|19
|
|t:|1637063161
|-end|p2a: Weezing|ability: Neutralizing Gas
|switch|p2a: Drampa|Drampa, M|100/100
|-ability|p2a: Drampa|Cloud Nine
|move|p1a: Wishiwashi|U-turn|p2a: Drampa
|-damage|p2a: Drampa|72/100
|
|t:|1637063183
|switch|p1a: Articuno|Articuno-Galar|9/100|[from]move: U-turn
|
|upkeep
|turn|20
|
|t:|1637063187
|move|p1a: Articuno|Psyshock|p2a: Drampa
|-damage|p2a: Drampa|0 fnt
|faint|p2a: Drampa
|
|upkeep
|
|t:|1637063191
|switch|p2a: Scyther|Scyther, M|57/100
|turn|21
|
|t:|1637063198
|switch|p1a: Wishiwashi|Wishiwashi, F|100/100
|-formechange|p1a: Wishiwashi|Wishiwashi-School||[from] ability: Schooling
|move|p2a: Scyther|Knock Off|p1a: Wishiwashi
|-damage|p1a: Wishiwashi|72/100
|-enditem|p1a: Wishiwashi|Leftovers|[from] move: Knock Off|[of] p2a: Scyther
|
|upkeep
|turn|22
|
|t:|1637063221
|move|p2a: Scyther|U-turn|p1a: Wishiwashi
|-damage|p1a: Wishiwashi|44/100
|
|t:|1637063224
|switch|p2a: Weezing|Weezing, F|79/100|[from]move: U-turn
|-ability|p2a: Weezing|Neutralizing Gas
|move|p1a: Wishiwashi|Liquidation|p2a: Weezing
|-damage|p2a: Weezing|51/100
|-damage|p1a: Wishiwashi|28/100|[from] item: Rocky Helmet|[of] p2a: Weezing
|
|upkeep
|turn|23
|c|☆gokupichu|gg
|
|t:|1637063239
|move|p2a: Weezing|Will-O-Wisp|p1a: Wishiwashi
|-status|p1a: Wishiwashi|brn
|move|p1a: Wishiwashi|Rest|p1a: Wishiwashi
|-status|p1a: Wishiwashi|slp|[from] move: Rest
|-heal|p1a: Wishiwashi|100/100 slp|[silent]
|
|upkeep
|turn|24
|
|t:|1637063244
|move|p2a: Weezing|Pain Split|p1a: Wishiwashi
|-sethp|p1a: Wishiwashi|79/100 slp|[from] move: Pain Split|[silent]
|-sethp|p2a: Weezing|70/100|[from] move: Pain Split
|cant|p1a: Wishiwashi|slp
|move|p1a: Wishiwashi|Sleep Talk|p1a: Wishiwashi
|move|p1a: Wishiwashi|Liquidation|p2a: Weezing|[from]move: Sleep Talk
|-damage|p2a: Weezing|39/100
|-damage|p1a: Wishiwashi|62/100 slp|[from] item: Rocky Helmet|[of] p2a: Weezing
|
|upkeep
|turn|25
|
|t:|1637063252
|move|p2a: Weezing|Pain Split|p1a: Wishiwashi
|-sethp|p1a: Wishiwashi|53/100 slp|[from] move: Pain Split|[silent]
|-sethp|p2a: Weezing|47/100|[from] move: Pain Split
|cant|p1a: Wishiwashi|slp
|move|p1a: Wishiwashi|Sleep Talk|p1a: Wishiwashi
|move|p1a: Wishiwashi|U-turn|p2a: Weezing|[from]move: Sleep Talk
|-resisted|p2a: Weezing
|-damage|p2a: Weezing|39/100
|-damage|p1a: Wishiwashi|37/100 slp|[from] item: Rocky Helmet|[of] p2a: Weezing
|
|t:|1637063256
|switch|p1a: Articuno|Articuno-Galar|9/100|[from]move: U-turn
|
|upkeep
|turn|26
|
|t:|1637063276
|move|p1a: Articuno|Psyshock|p2a: Weezing
|-supereffective|p2a: Weezing
|-damage|p2a: Weezing|0 fnt
|faint|p2a: Weezing
|-end|p2a: Weezing|ability: Neutralizing Gas
|
|upkeep
|
|t:|1637063280
|switch|p2a: Scyther|Scyther, M|57/100
|turn|27
|
|t:|1637063282
|move|p2a: Scyther|Knock Off|p1a: Articuno
|-supereffective|p1a: Articuno
|-damage|p1a: Articuno|0 fnt
|-enditem|p1a: Articuno|Choice Specs|[from] move: Knock Off|[of] p2a: Scyther
|faint|p1a: Articuno
|
|upkeep
|
|t:|1637063285
|switch|p1a: Togedemaru|Togedemaru, M|100/100
|turn|28
|
|t:|1637063293
|move|p2a: Scyther|Knock Off|p1a: Togedemaru
|-damage|p1a: Togedemaru|41/100
|-enditem|p1a: Togedemaru|Choice Band|[from] move: Knock Off|[of] p2a: Scyther
|move|p1a: Togedemaru|Zing Zap|p2a: Scyther
|-supereffective|p2a: Scyther
|-damage|p2a: Scyther|0 fnt
|faint|p2a: Scyther
|
|win|PUDS Madara
|n|☆PUDS Madara|pudsmadara
|n|☆gokupichu|gokupichu
|n|*Lady Monita ☽|ladymonita
|n| ii77|ii77
|n| lgzumsar|lgzumsar
|l|*Lady Monita ☽
|c|☆PUDS Madara|gg
|l|☆gokupichu
|l|☆PUDS Madara
