|j|☆aog0
|j|☆cafay sen sukr
|t:|1643424251
|gametype|singles
|player|p1|aog0|preschooler|1288
|player|p2|cafay sen sukr|swimmer-gen4dp|1531
|teamsize|p1|6
|teamsize|p2|6
|gen|8
|tier|[Gen 8] PU
|rated|
|rule|Sleep Clause Mod: Limit one foe put to sleep
|rule|Species Clause: Limit one of each Pokémon
|rule|OHKO Clause: OHKO moves are banned
|rule|Evasion Moves Clause: Evasion moves are banned
|rule|Endless Battle Clause: Forcing endless battles is banned
|rule|HP Percentage Mod: HP is shown in percentages
|rule|Dynamax Clause: You cannot dynamax
|clearpoke
|poke|p1|Rapidash, F|
|poke|p1|Turtonator, M|
|poke|p1|Torkoal, F|
|poke|p1|Charizard, M|
|poke|p1|Coalossal, M|
|poke|p1|Centiskorch, F|
|poke|p2|Gigalith, F|
|poke|p2|Thievul, F|
|poke|p2|Magmortar, F|
|poke|p2|Gallade, M|
|poke|p2|Lurantis, M|
|poke|p2|Weezing, F|
|teampreview
|
|t:|1643424279
|start
|switch|p1a: Charizard|Charizard, M|100/100
|switch|p2a: Lurantis|Lurantis, M|100/100
|turn|1
|
|t:|1643424292
|move|p1a: Charizard|Focus Blast|p2a: Lurantis|[miss]
|-miss|p1a: Charizard|p2a: Lurantis
|move|p2a: Lurantis|Knock Off|p1a: Charizard
|-damage|p1a: Charizard|70/100
|-enditem|p1a: Charizard|Life Orb|[from] move: Knock Off|[of] p2a: Lurantis
|
|upkeep
|turn|2
|
|t:|1643424305
|switch|p2a: Gigalith|Gigalith, F|100/100
|-weather|Sandstorm|[from] ability: Sand Stream|[of] p2a: Gigalith
|move|p1a: Charizard|Flamethrower|p2a: Gigalith
|-resisted|p2a: Gigalith
|-damage|p2a: Gigalith|90/100
|-status|p2a: Gigalith|brn
|
|-weather|Sandstorm|[upkeep]
|-damage|p1a: Charizard|64/100|[from] Sandstorm
|-heal|p2a: Gigalith|96/100 brn|[from] item: Leftovers
|-damage|p2a: Gigalith|90/100 brn|[from] brn
|upkeep
|turn|3
|c|☆cafay sen sukr|,
|j| Gva
|
|t:|1643424321
|move|p1a: Charizard|Focus Blast|p2a: Gigalith|[miss]
|-miss|p1a: Charizard|p2a: Gigalith
|move|p2a: Gigalith|Stealth Rock|p1a: Charizard
|-sidestart|p1: aog0|move: Stealth Rock
|
|-weather|Sandstorm|[upkeep]
|-damage|p1a: Charizard|58/100|[from] Sandstorm
|-heal|p2a: Gigalith|96/100 brn|[from] item: Leftovers
|-damage|p2a: Gigalith|90/100 brn|[from] brn
|upkeep
|turn|4
|j| testfy
|
|t:|1643424339
|switch|p2a: Lurantis|Lurantis, M|100/100
|move|p1a: Charizard|Focus Blast|p2a: Lurantis
|-crit|p2a: Lurantis
|-damage|p2a: Lurantis|44/100
|
|-weather|Sandstorm|[upkeep]
|-damage|p1a: Charizard|52/100|[from] Sandstorm
|-damage|p2a: Lurantis|37/100|[from] Sandstorm
|-heal|p2a: Lurantis|44/100|[from] item: Leftovers
|upkeep
|turn|5
|inactive|Battle timer is ON: inactive players will automatically lose when time's up. (requested by aog0)
|inactive|aog0 has 120 seconds left.
|
|t:|1643424379
|move|p1a: Charizard|Flamethrower|p2a: Lurantis
|-supereffective|p2a: Lurantis
|-damage|p2a: Lurantis|0 fnt
|faint|p2a: Lurantis
|
|-weather|Sandstorm|[upkeep]
|-damage|p1a: Charizard|45/100|[from] Sandstorm
|upkeep
|inactive|cafay sen sukr has 120 seconds left.
|
|t:|1643424418
|switch|p2a: Magmortar|Magmortar, F|100/100
|turn|6
|
|t:|1643424425
|move|p1a: Charizard|Air Slash|p2a: Magmortar|[miss]
|-miss|p1a: Charizard|p2a: Magmortar
|move|p2a: Magmortar|Thunderbolt|p1a: Charizard
|-supereffective|p1a: Charizard
|-damage|p1a: Charizard|0 fnt
|faint|p1a: Charizard
|
|-weather|none
|upkeep
|
|t:|1643424434
|switch|p1a: Coalossal|Coalossal, M|100/100
|-damage|p1a: Coalossal|76/100|[from] Stealth Rock
|turn|7
|
|t:|1643424438
|move|p2a: Magmortar|Focus Blast|p1a: Coalossal|[miss]
|-miss|p2a: Magmortar|p1a: Coalossal
|move|p1a: Coalossal|Rapid Spin|p2a: Magmortar
|-damage|p2a: Magmortar|78/100
|-boost|p1a: Coalossal|spe|1
|-sideend|p1: aog0|Stealth Rock|[from] move: Rapid Spin|[of] p1a: Coalossal
|
|upkeep
|turn|8
|
|t:|1643424450
|move|p2a: Magmortar|Focus Blast|p1a: Coalossal|[miss]
|-miss|p2a: Magmortar|p1a: Coalossal
|move|p1a: Coalossal|Rock Blast|p2a: Magmortar|[miss]
|-miss|p1a: Coalossal|p2a: Magmortar
|
|upkeep
|turn|9
|
|t:|1643424461
|move|p2a: Magmortar|Focus Blast|p1a: Coalossal
|-supereffective|p1a: Coalossal
|-damage|p1a: Coalossal|0 fnt
|faint|p1a: Coalossal
|
|upkeep
|
|t:|1643424469
|switch|p1a: Rapidash|Rapidash, F|100/100
|turn|10
|
|t:|1643424474
|move|p1a: Rapidash|High Horsepower|p2a: Magmortar
|-supereffective|p2a: Magmortar
|-damage|p2a: Magmortar|0 fnt
|faint|p2a: Magmortar
|-damage|p1a: Rapidash|91/100|[from] item: Life Orb
|
|upkeep
|
|t:|1643424501
|switch|p2a: Weezing|Weezing, F|100/100
|-ability|p2a: Weezing|Neutralizing Gas
|turn|11
|
|t:|1643424508
|move|p1a: Rapidash|High Horsepower|p2a: Weezing
|-supereffective|p2a: Weezing
|-damage|p2a: Weezing|50/100
|-damage|p1a: Rapidash|74/100|[from] item: Rocky Helmet|[of] p2a: Weezing
|-damage|p1a: Rapidash|64/100|[from] item: Life Orb
|move|p2a: Weezing|Sludge Bomb|p1a: Rapidash
|-damage|p1a: Rapidash|20/100
|
|upkeep
|turn|12
|
|t:|1643424526
|move|p1a: Rapidash|High Horsepower|p2a: Weezing
|-supereffective|p2a: Weezing
|-damage|p2a: Weezing|0 fnt
|-damage|p1a: Rapidash|3/100|[from] item: Rocky Helmet|[of] p2a: Weezing
|faint|p2a: Weezing
|-end|p2a: Weezing|ability: Neutralizing Gas
|-damage|p1a: Rapidash|0 fnt|[from] item: Life Orb
|faint|p1a: Rapidash
|
|upkeep
|
|t:|1643424542
|switch|p1a: Torkoal|Torkoal, F|100/100
|switch|p2a: Gigalith|Gigalith, F|90/100 brn
|-weather|Sandstorm|[from] ability: Sand Stream|[of] p2a: Gigalith
|turn|13
|l| testfy
|
|t:|1643424557
|move|p1a: Torkoal|Earth Power|p2a: Gigalith
|-supereffective|p2a: Gigalith
|-damage|p2a: Gigalith|52/100 brn
|-unboost|p2a: Gigalith|spd|1
|move|p2a: Gigalith|Toxic|p1a: Torkoal|[miss]
|-miss|p2a: Gigalith|p1a: Torkoal
|
|-weather|Sandstorm|[upkeep]
|-damage|p1a: Torkoal|94/100|[from] Sandstorm
|-heal|p2a: Gigalith|58/100 brn|[from] item: Leftovers
|-damage|p2a: Gigalith|52/100 brn|[from] brn
|upkeep
|turn|14
|c|☆cafay sen sukr|OKAY
|
|t:|1643424572
|move|p1a: Torkoal|Earth Power|p2a: Gigalith
|-supereffective|p2a: Gigalith
|-damage|p2a: Gigalith|0 fnt
|faint|p2a: Gigalith
|
|-weather|Sandstorm|[upkeep]
|-damage|p1a: Torkoal|88/100|[from] Sandstorm
|upkeep
|
|t:|1643424578
|switch|p2a: Gallade|Gallade, M|100/100
|turn|15
|
|t:|1643424595
|move|p2a: Gallade|Swords Dance|p2a: Gallade
|-boost|p2a: Gallade|atk|2
|move|p1a: Torkoal|Earth Power|p2a: Gallade
|-damage|p2a: Gallade|59/100
|
|-weather|Sandstorm|[upkeep]
|-damage|p2a: Gallade|53/100|[from] Sandstorm
|-damage|p1a: Torkoal|82/100|[from] Sandstorm
|upkeep
|turn|16
|
|t:|1643424602
|move|p2a: Gallade|Close Combat|p1a: Torkoal
|-damage|p1a: Torkoal|0 fnt
|-unboost|p2a: Gallade|def|1
|-unboost|p2a: Gallade|spd|1
|faint|p1a: Torkoal
|-damage|p2a: Gallade|43/100|[from] item: Life Orb
|
|-weather|Sandstorm|[upkeep]
|-damage|p2a: Gallade|37/100|[from] Sandstorm
|upkeep
|
|t:|1643424611
|switch|p1a: Centiskorch|Centiskorch, F|100/100
|turn|17
|
|t:|1643424617
|move|p1a: Centiskorch|Flare Blitz|p2a: Gallade
|-damage|p2a: Gallade|0 fnt
|faint|p2a: Gallade
|-damage|p1a: Centiskorch|91/100|[from] Recoil
|
|-weather|none
|upkeep
|
|t:|1643424620
|switch|p2a: Thievul|Thievul, F|100/100
|turn|18
|
|t:|1643424628
|move|p1a: Centiskorch|Flare Blitz|p2a: Thievul
|-damage|p2a: Thievul|0 fnt
|faint|p2a: Thievul
|-damage|p1a: Centiskorch|64/100|[from] Recoil
|
|win|aog0
|raw|aog0's rating: 1288 &rarr; <strong>1328</strong><br />(+40 for winning)
|raw|cafay sen sukr's rating: 1531 &rarr; <strong>1499</strong><br />(-32 for losing)
|l|☆cafay sen sukr
|l| Gva
