|j|☆Gulag champ
|j|☆ddlcfan69
|player|p1|Gulag champ|266|
|player|p2|ddlcfan69|sailor|
|teamsize|p1|6
|teamsize|p2|6
|gametype|singles
|gen|8
|tier|[Gen 8] PU
|rated|Tournament battle
|clearpoke
|poke|p1|Stunfisk, F|
|poke|p1|Mareanie, F|
|poke|p1|Pikachu, F|
|poke|p1|Type: Null|
|poke|p1|Vespiquen, F|
|poke|p1|Dusknoir, M|
|poke|p2|Manectric, M|
|poke|p2|Ludicolo, M|
|poke|p2|Dusclops, M|
|poke|p2|Dubwool, F|
|poke|p2|Crustle, F|
|poke|p2|Wailord, F|
|rule|Sleep Clause Mod: Limit one foe put to sleep
|rule|Species Clause: Limit one of each Pokémon
|rule|OHKO Clause: OHKO moves are banned
|rule|Evasion Moves Clause: Evasion moves are banned
|rule|Endless Battle Clause: Forcing endless battles is banned
|rule|HP Percentage Mod: HP is shown in percentages
|rule|Dynamax Clause: You cannot dynamax
|teampreview
|j| thievul is cheap
|inactive|Battle timer is ON: inactive players will automatically lose when time's up. (requested by ddlcfan69)
|j| Fragmented
|j| Party Gengar㋛
|j| Thucydides
|l| thievul is cheap
|j| Twilat
|c|☆Gulag champ|gl
|j| Createblock
|c|☆ddlcfan69|gl
|c| Party Gengar㋛|a whole whale
|
|start
|switch|p1a: Mareanie|Mareanie, F|100/100
|switch|p2a: Manectric|Manectric, M|100/100
|turn|1
|j| SergioRules
|j| Riley999
|j| Ranbu No Melody
|
|switch|p1a: Stunfisk|Stunfisk, F|100/100
|move|p2a: Manectric|Thunderbolt|p1a: Stunfisk
|-immune|p1a: Stunfisk
|
|upkeep
|turn|2
|c|☆ddlcfan69|dont body shame my buddy
|j| KogaElite4
|
|switch|p2a: Ludicolo|Ludicolo, M|100/100
|move|p1a: Stunfisk|Toxic|p2a: Ludicolo
|-status|p2a: Ludicolo|tox
|
|-damage|p2a: Ludicolo|95/100 tox|[from] psn
|upkeep
|turn|3
|
|switch|p1a: Type: Null|Type: Null|100/100
|move|p2a: Ludicolo|Rain Dance|p2a: Ludicolo
|-weather|RainDance
|
|-weather|RainDance|[upkeep]
|-damage|p2a: Ludicolo|83/100 tox|[from] psn
|upkeep
|turn|4
|j| Oathkeepre
|
|move|p2a: Ludicolo|Hydro Pump|p1a: Type: Null
|-damage|p1a: Type: Null|57/100
|-damage|p2a: Ludicolo|73/100 tox|[from] item: Life Orb
|move|p1a: Type: Null|U-turn|p2a: Ludicolo
|-supereffective|p2a: Ludicolo
|-crit|p2a: Ludicolo
|-damage|p2a: Ludicolo|2/100 tox
|
|switch|p1a: Pikachu|Pikachu, F|100/100|[from]move: U-turn
|
|-weather|RainDance|[upkeep]
|-damage|p2a: Ludicolo|0 fnt|[from] psn
|faint|p2a: Ludicolo
|upkeep
|
|switch|p2a: Crustle|Crustle, F|100/100
|turn|5
|
|switch|p1a: Stunfisk|Stunfisk, F|100/100
|move|p2a: Crustle|Stealth Rock|p1a: Stunfisk
|-sidestart|p1: Gulag champ|move: Stealth Rock
|
|-weather|RainDance|[upkeep]
|upkeep
|turn|6
|
|move|p2a: Crustle|Shell Smash|p2a: Crustle
|-unboost|p2a: Crustle|def|1
|-unboost|p2a: Crustle|spd|1
|-boost|p2a: Crustle|atk|2
|-boost|p2a: Crustle|spa|2
|-boost|p2a: Crustle|spe|2
|-enditem|p2a: Crustle|White Herb
|-clearnegativeboost|p2a: Crustle|[silent]
|move|p1a: Stunfisk|Toxic|p2a: Crustle
|-status|p2a: Crustle|tox
|
|-weather|RainDance|[upkeep]
|-damage|p2a: Crustle|94/100 tox|[from] psn
|upkeep
|turn|7
|l| KogaElite4
|
|move|p2a: Crustle|X-Scissor|p1a: Stunfisk
|-damage|p1a: Stunfisk|46/100
|-damage|p2a: Crustle|78/100 tox|[from] item: Rocky Helmet|[of] p1a: Stunfisk
|move|p1a: Stunfisk|Discharge|p2a: Crustle
|-damage|p2a: Crustle|51/100 tox
|
|-weather|none
|-damage|p2a: Crustle|39/100 tox|[from] psn
|upkeep
|turn|8
|
|move|p2a: Crustle|X-Scissor|p1a: Stunfisk
|-crit|p1a: Stunfisk
|-damage|p1a: Stunfisk|0 fnt
|-damage|p2a: Crustle|22/100 tox|[from] item: Rocky Helmet|[of] p1a: Stunfisk
|faint|p1a: Stunfisk
|
|-damage|p2a: Crustle|4/100 tox|[from] psn
|upkeep
|
|switch|p1a: Pikachu|Pikachu, F|100/100
|-damage|p1a: Pikachu|88/100|[from] Stealth Rock
|turn|9
|
|move|p1a: Pikachu|Fake Out|p2a: Crustle
|-resisted|p2a: Crustle
|-damage|p2a: Crustle|0 fnt
|faint|p2a: Crustle
|
|upkeep
|
|switch|p2a: Dusclops|Dusclops, M|100/100
|-item|p1a: Pikachu|Light Ball|[from] ability: Frisk|[of] p2a: Dusclops|[identify]
|turn|10
|
|switch|p1a: Mareanie|Mareanie, F|100/100
|-damage|p1a: Mareanie|88/100|[from] Stealth Rock
|move|p2a: Dusclops|Trick Room|p2a: Dusclops
|-fieldstart|move: Trick Room|[of] p2a: Dusclops
|
|upkeep
|turn|11
|
|move|p2a: Dusclops|Shadow Ball|p1a: Mareanie
|-damage|p1a: Mareanie|53/100
|move|p1a: Mareanie|Toxic Spikes|p2a: Dusclops
|-sidestart|p2: ddlcfan69|move: Toxic Spikes
|
|upkeep
|turn|12
|
|move|p2a: Dusclops|Shadow Ball|p1a: Mareanie
|-damage|p1a: Mareanie|17/100
|-unboost|p1a: Mareanie|spd|1
|move|p1a: Mareanie|Recover|p1a: Mareanie
|-heal|p1a: Mareanie|67/100
|
|upkeep
|turn|13
|
|switch|p1a: Type: Null|Type: Null|57/100
|-damage|p1a: Type: Null|44/100|[from] Stealth Rock
|move|p2a: Dusclops|Shadow Ball|p1a: Type: Null
|-immune|p1a: Type: Null
|
|upkeep
|turn|14
|
|move|p2a: Dusclops|Dark Pulse|p1a: Type: Null
|-damage|p1a: Type: Null|36/100
|move|p1a: Type: Null|Toxic|p2a: Dusclops|[miss]
|-miss|p1a: Type: Null|p2a: Dusclops
|
|-fieldend|move: Trick Room
|upkeep
|turn|15
|j| amm17
|
|switch|p2a: Dubwool|Dubwool, F|100/100
|-status|p2a: Dubwool|psn
|move|p1a: Type: Null|Rest|p1a: Type: Null
|-status|p1a: Type: Null|slp|[from] move: Rest
|-heal|p1a: Type: Null|100/100 slp|[silent]
|
|-damage|p2a: Dubwool|88/100 psn|[from] psn
|upkeep
|turn|16
|
|switch|p1a: Mareanie|Mareanie, F|99/100
|-damage|p1a: Mareanie|88/100|[from] Stealth Rock
|move|p2a: Dubwool|Cotton Guard|p2a: Dubwool
|-boost|p2a: Dubwool|def|3
|
|-heal|p2a: Dubwool|94/100 psn|[from] item: Leftovers
|-damage|p2a: Dubwool|82/100 psn|[from] psn
|upkeep
|turn|17
|
|move|p2a: Dubwool|Rest|p2a: Dubwool
|-status|p2a: Dubwool|slp|[from] move: Rest
|-heal|p2a: Dubwool|100/100 slp|[silent]
|move|p1a: Mareanie|Toxic Spikes|p2a: Dubwool
|-sidestart|p2: ddlcfan69|move: Toxic Spikes
|
|upkeep
|turn|18
|
|cant|p2a: Dubwool|slp
|move|p2a: Dubwool|Sleep Talk|p2a: Dubwool
|move|p2a: Dubwool|Rest|p2a: Dubwool|[from]Sleep Talk
|-fail|p2a: Dubwool|heal
|move|p1a: Mareanie|Knock Off|p2a: Dubwool
|-damage|p2a: Dubwool|98/100 slp
|-enditem|p2a: Dubwool|Leftovers|[from] move: Knock Off|[of] p1a: Mareanie
|
|upkeep
|turn|19
|
|cant|p2a: Dubwool|slp
|move|p2a: Dubwool|Sleep Talk|p2a: Dubwool
|move|p2a: Dubwool|Body Press|p1a: Mareanie|[from]Sleep Talk
|-resisted|p1a: Mareanie
|-damage|p1a: Mareanie|72/100
|move|p1a: Mareanie|Knock Off|p2a: Dubwool
|-damage|p2a: Dubwool|96/100 slp
|
|upkeep
|turn|20
|
|-curestatus|p2a: Dubwool|slp|[msg]
|move|p2a: Dubwool|Cotton Guard|p2a: Dubwool
|-boost|p2a: Dubwool|def|3
|move|p1a: Mareanie|Haze|p1a: Mareanie
|-clearallboost
|
|upkeep
|turn|21
|
|move|p2a: Dubwool|Body Press|p1a: Mareanie
|-resisted|p1a: Mareanie
|-damage|p1a: Mareanie|66/100
|move|p1a: Mareanie|Recover|p1a: Mareanie
|-heal|p1a: Mareanie|100/100
|
|upkeep
|turn|22
|
|switch|p2a: Manectric|Manectric, M|100/100
|-status|p2a: Manectric|tox
|switch|p1a: Dusknoir|Dusknoir, M|100/100
|-damage|p1a: Dusknoir|88/100|[from] Stealth Rock
|-item|p2a: Manectric|Leftovers|[from] ability: Frisk|[of] p1a: Dusknoir|[identify]
|
|-damage|p2a: Manectric|94/100 tox|[from] psn
|upkeep
|turn|23
|
|switch|p1a: Type: Null|Type: Null|100/100 slp
|-damage|p1a: Type: Null|88/100 slp|[from] Stealth Rock
|move|p2a: Manectric|Volt Switch|p1a: Type: Null
|-damage|p1a: Type: Null|74/100 slp
|
|switch|p2a: Wailord|Wailord, F|100/100|[from]move: Volt Switch
|-status|p2a: Wailord|tox
|
|-damage|p2a: Wailord|94/100 tox|[from] psn
|upkeep
|turn|24
|
|move|p2a: Wailord|Water Spout|p1a: Type: Null
|-damage|p1a: Type: Null|37/100 slp
|cant|p1a: Type: Null|slp
|move|p1a: Type: Null|Sleep Talk|p1a: Type: Null
|move|p1a: Type: Null|U-turn|p2a: Wailord|[from]Sleep Talk
|-damage|p2a: Wailord|76/100 tox
|j| Deferio
|
|switch|p1a: Pikachu|Pikachu, F|88/100|[from]move: U-turn
|-damage|p1a: Pikachu|76/100|[from] Stealth Rock
|
|-damage|p2a: Wailord|63/100 tox|[from] psn
|upkeep
|turn|25
|
|move|p1a: Pikachu|Fake Out|p2a: Wailord
|-damage|p2a: Wailord|40/100 tox
|cant|p2a: Wailord|flinch
|
|-damage|p2a: Wailord|22/100 tox|[from] psn
|upkeep
|turn|26
|
|move|p1a: Pikachu|Extreme Speed|p2a: Wailord
|-damage|p2a: Wailord|0 fnt
|faint|p2a: Wailord
|
|upkeep
|
|switch|p2a: Manectric|Manectric, M|94/100 tox
|turn|27
|
|switch|p1a: Type: Null|Type: Null|37/100 slp
|-damage|p1a: Type: Null|24/100 slp|[from] Stealth Rock
|move|p2a: Manectric|Overheat|p1a: Type: Null
|-damage|p1a: Type: Null|6/100 slp
|-unboost|p2a: Manectric|spa|2
|
|-heal|p2a: Manectric|100/100 tox|[from] item: Leftovers
|-damage|p2a: Manectric|94/100 tox|[from] psn
|upkeep
|turn|28
|
|switch|p1a: Dusknoir|Dusknoir, M|88/100
|-damage|p1a: Dusknoir|76/100|[from] Stealth Rock
|-item|p2a: Manectric|Leftovers|[from] ability: Frisk|[of] p1a: Dusknoir|[identify]
|move|p2a: Manectric|Volt Switch|p1a: Dusknoir
|-damage|p1a: Dusknoir|58/100
|
|switch|p2a: Dusclops|Dusclops, M|100/100|[from]move: Volt Switch
|-status|p2a: Dusclops|tox
|
|-damage|p2a: Dusclops|95/100 tox|[from] psn
|upkeep
|turn|29
|
|switch|p1a: Vespiquen|Vespiquen, F|100/100
|-ability|p1a: Vespiquen|Pressure
|move|p2a: Dusclops|Trick Room|p2a: Dusclops
|-fieldstart|move: Trick Room|[of] p2a: Dusclops
|
|-heal|p2a: Dusclops|100/100 tox|[from] item: Leftovers
|-damage|p2a: Dusclops|89/100 tox|[from] psn
|upkeep
|turn|30
|l| Oathkeepre
|
|move|p2a: Dusclops|Shadow Ball|p1a: Vespiquen
|-damage|p1a: Vespiquen|75/100
|-unboost|p1a: Vespiquen|spd|1
|move|p1a: Vespiquen|Defog|p2a: Dusclops
|-unboost|p2a: Dusclops|evasion|1
|-sideend|p2: ddlcfan69|Toxic Spikes|[from] move: Defog|[of] p1a: Vespiquen
|-sideend|p1: Gulag champ|Stealth Rock|[from] move: Defog|[of] p1a: Vespiquen
|
|-heal|p2a: Dusclops|95/100 tox|[from] item: Leftovers
|-damage|p2a: Dusclops|77/100 tox|[from] psn
|upkeep
|turn|31
|
|move|p2a: Dusclops|Shadow Ball|p1a: Vespiquen
|-damage|p1a: Vespiquen|32/100
|move|p1a: Vespiquen|Roost|p1a: Vespiquen
|-heal|p1a: Vespiquen|82/100
|-singleturn|p1a: Vespiquen|move: Roost
|
|-heal|p2a: Dusclops|83/100 tox|[from] item: Leftovers
|-damage|p2a: Dusclops|59/100 tox|[from] psn
|upkeep
|turn|32
|l| Deferio
|
|move|p2a: Dusclops|Shadow Ball|p1a: Vespiquen
|-damage|p1a: Vespiquen|39/100
|move|p1a: Vespiquen|Roost|p1a: Vespiquen
|-heal|p1a: Vespiquen|89/100
|-singleturn|p1a: Vespiquen|move: Roost
|
|-heal|p2a: Dusclops|65/100 tox|[from] item: Leftovers
|-damage|p2a: Dusclops|35/100 tox|[from] psn
|upkeep
|turn|33
|
|move|p2a: Dusclops|Shadow Ball|p1a: Vespiquen
|-damage|p1a: Vespiquen|49/100
|move|p1a: Vespiquen|U-turn|p2a: Dusclops
|-resisted|p2a: Dusclops
|-damage|p2a: Dusclops|25/100 tox
|
|switch|p1a: Dusknoir|Dusknoir, M|58/100|[from]move: U-turn
|-item|p2a: Dusclops|Leftovers|[from] ability: Frisk|[of] p1a: Dusknoir|[identify]
|
|-heal|p2a: Dusclops|31/100 tox|[from] item: Leftovers
|-damage|p2a: Dusclops|0 fnt|[from] psn
|faint|p2a: Dusclops
|-fieldend|move: Trick Room
|upkeep
|
|switch|p2a: Manectric|Manectric, M|94/100 tox
|turn|34
|c|☆Gulag champ|gg
|l| Party Gengar㋛
|
|move|p2a: Manectric|Thunderbolt|p1a: Dusknoir
|-damage|p1a: Dusknoir|14/100
|move|p1a: Dusknoir|Earthquake|p2a: Manectric
|-supereffective|p2a: Manectric
|-damage|p2a: Manectric|0 fnt
|faint|p2a: Manectric
|
|upkeep
|c|☆ddlcfan69|ye
|l| Riley999
|
|switch|p2a: Dubwool|Dubwool, F|96/100
|turn|35
|
|move|p2a: Dubwool|Cotton Guard|p2a: Dubwool
|-boost|p2a: Dubwool|def|3
|move|p1a: Dusknoir|Power-Up Punch|p2a: Dubwool
|-supereffective|p2a: Dubwool
|-damage|p2a: Dubwool|91/100
|-boost|p1a: Dusknoir|atk|1
|
|upkeep
|turn|36
|
|move|p2a: Dubwool|Cotton Guard|p2a: Dubwool
|-boost|p2a: Dubwool|def|3
|move|p1a: Dusknoir|Power-Up Punch|p2a: Dubwool
|-supereffective|p2a: Dubwool
|-damage|p2a: Dubwool|87/100
|-boost|p1a: Dusknoir|atk|1
|
|upkeep
|turn|37
|
|move|p2a: Dubwool|Body Press|p1a: Dusknoir
|-immune|p1a: Dusknoir
|move|p1a: Dusknoir|Power-Up Punch|p2a: Dubwool
|-supereffective|p2a: Dubwool
|-damage|p2a: Dubwool|80/100
|-boost|p1a: Dusknoir|atk|1
|
|upkeep
|turn|38
|
|move|p2a: Dubwool|Body Press|p1a: Dusknoir
|-immune|p1a: Dusknoir
|move|p1a: Dusknoir|Power-Up Punch|p2a: Dubwool
|-supereffective|p2a: Dubwool
|-damage|p2a: Dubwool|72/100
|-boost|p1a: Dusknoir|atk|1
|
|upkeep
|turn|39
|
|move|p2a: Dubwool|Body Press|p1a: Dusknoir
|-immune|p1a: Dusknoir
|move|p1a: Dusknoir|Power-Up Punch|p2a: Dubwool
|-supereffective|p2a: Dubwool
|-damage|p2a: Dubwool|63/100
|-boost|p1a: Dusknoir|atk|1
|
|upkeep
|turn|40
|-message|ddlcfan69 forfeited.
|
|win|Gulag champ
