|j|☆allstarapology
|j|☆PoIiwag
|t:|1604943946
|player|p1|allstarapology|nurse|1323
|player|p2|PoIiwag|sage|1245
|teamsize|p1|6
|teamsize|p2|6
|gametype|singles
|gen|8
|tier|[Gen 8] PU
|rated|
|clearpoke
|poke|p1|Accelgor, M|
|poke|p1|Dugtrio-Alola, M|
|poke|p1|Carracosta, F|
|poke|p1|Silvally-*|
|poke|p1|Rotom-Fan|
|poke|p1|Gothitelle, F|
|poke|p2|Accelgor, M|
|poke|p2|Hitmonchan, M|
|poke|p2|Sandaconda, F|
|poke|p2|Alcremie, F|
|poke|p2|Jolteon, F|
|poke|p2|Dugtrio, M|
|rule|Sleep Clause Mod: Limit one foe put to sleep
|rule|Species Clause: Limit one of each Pokémon
|rule|OHKO Clause: OHKO moves are banned
|rule|Evasion Moves Clause: Evasion moves are banned
|rule|Endless Battle Clause: Forcing endless battles is banned
|rule|HP Percentage Mod: HP is shown in percentages
|rule|Dynamax Clause: You cannot dynamax
|teampreview
|inactive|Battle timer is ON: inactive players will automatically lose when time's up. (requested by allstarapology)
|inactive|allstarapology has 120 seconds left.
|inactive|allstarapology has 90 seconds left.
|
|t:|1604944013
|start
|switch|p1a: 1|Accelgor, M|100/100
|switch|p2a: Sandaconda|Sandaconda, F|100/100
|turn|1
|
|t:|1604944018
|move|p1a: 1|Spikes|p2a: Sandaconda
|-sidestart|p2: PoIiwag|Spikes
|move|p2a: Sandaconda|Glare|p1a: 1
|-status|p1a: 1|par
|
|upkeep
|turn|2
|j| fromtheboottt
|
|t:|1604944023
|cant|p1a: 1|par
|move|p2a: Sandaconda|Rock Tomb|p1a: 1
|-supereffective|p1a: 1
|-damage|p1a: 1|37/100 par
|-unboost|p1a: 1|spe|1
|
|upkeep
|turn|3
|
|t:|1604944032
|move|p2a: Sandaconda|Rock Tomb|p1a: 1
|-supereffective|p1a: 1
|-damage|p1a: 1|0 fnt
|faint|p1a: 1
|
|upkeep
|
|t:|1604944036
|switch|p1a: 2|Dugtrio-Alola, M|100/100
|turn|4
|
|t:|1604944039
|move|p1a: 2|Stealth Rock|p2a: Sandaconda
|-sidestart|p2: PoIiwag|move: Stealth Rock
|move|p2a: Sandaconda|Glare|p1a: 2
|-status|p1a: 2|par
|
|upkeep
|turn|5
|
|t:|1604944045
|move|p2a: Sandaconda|Stealth Rock|p1a: 2
|-sidestart|p1: allstarapology|move: Stealth Rock
|cant|p1a: 2|par
|
|upkeep
|turn|6
|
|t:|1604944049
|move|p2a: Sandaconda|Earthquake|p1a: 2
|-supereffective|p1a: 2
|-enditem|p1a: 2|Focus Sash
|-damage|p1a: 2|1/100 par
|move|p1a: 2|Earthquake|p2a: Sandaconda
|-crit|p2a: Sandaconda
|-damage|p2a: Sandaconda|55/100
|-weather|Sandstorm|[from] ability: Sand Spit|[of] p2a: Sandaconda
|
|-weather|Sandstorm|[upkeep]
|-heal|p2a: Sandaconda|61/100|[from] item: Leftovers
|upkeep
|turn|7
|
|t:|1604944055
|move|p2a: Sandaconda|Rock Tomb|p1a: 2
|-resisted|p1a: 2
|-damage|p1a: 2|0 fnt
|faint|p1a: 2
|
|-weather|Sandstorm|[upkeep]
|-heal|p2a: Sandaconda|67/100|[from] item: Leftovers
|upkeep
|
|t:|1604944060
|switch|p1a: 3|Carracosta, F|100/100
|turn|8
|
|t:|1604944083
|move|p2a: Sandaconda|Glare|p1a: 3
|-status|p1a: 3|par
|move|p1a: 3|Hydro Pump|p2a: Sandaconda
|-supereffective|p2a: Sandaconda
|-damage|p2a: Sandaconda|0 fnt
|faint|p2a: Sandaconda
|
|-weather|Sandstorm|[upkeep]
|upkeep
|
|t:|1604944087
|switch|p2a: Hitmonchan|Hitmonchan, M|100/100
|-damage|p2a: Hitmonchan|88/100|[from] Spikes
|-damage|p2a: Hitmonchan|82/100|[from] Stealth Rock
|turn|9
|inactive|allstarapology has 120 seconds left.
|inactive|allstarapology has 90 seconds left.
|
|t:|1604944143
|switch|p2a: Accelgor|Accelgor, M|100/100
|move|p1a: 3|Shell Smash|p1a: 3
|-unboost|p1a: 3|def|1
|-unboost|p1a: 3|spd|1
|-boost|p1a: 3|atk|2
|-boost|p1a: 3|spa|2
|-boost|p1a: 3|spe|2
|
|-weather|Sandstorm|[upkeep]
|-damage|p2a: Accelgor|94/100|[from] Sandstorm
|upkeep
|turn|10
|
|t:|1604944155
|move|p1a: 3|Aqua Jet|p2a: Accelgor
|-damage|p2a: Accelgor|23/100
|move|p2a: Accelgor|Toxic Spikes|p1a: 3
|-sidestart|p1: allstarapology|move: Toxic Spikes
|
|-weather|none
|upkeep
|turn|11
|
|t:|1604944161
|move|p1a: 3|Aqua Jet|p2a: Accelgor
|-damage|p2a: Accelgor|0 fnt
|faint|p2a: Accelgor
|
|upkeep
|
|t:|1604944169
|switch|p2a: Hitmonchan|Hitmonchan, M|82/100
|-damage|p2a: Hitmonchan|75/100|[from] Stealth Rock
|-damage|p2a: Hitmonchan|63/100|[from] Spikes
|turn|12
|
|t:|1604944179
|move|p2a: Hitmonchan|Mach Punch|p1a: 3
|-supereffective|p1a: 3
|-damage|p1a: 3|2/100 par
|move|p1a: 3|Aqua Jet|p2a: Hitmonchan
|-damage|p2a: Hitmonchan|7/100
|
|upkeep
|turn|13
|inactive|PoIiwag has 120 seconds left.
|
|t:|1604944235
|move|p2a: Hitmonchan|Mach Punch|p1a: 3
|-supereffective|p1a: 3
|-damage|p1a: 3|0 fnt
|faint|p1a: 3
|
|upkeep
|
|t:|1604944237
|switch|p1a: 4|Silvally-Poison|100/100
|-sideend|p1: allstarapology|move: Toxic Spikes|[of] p1a: 4
|-damage|p1a: 4|88/100|[from] Stealth Rock
|turn|14
|
|t:|1604944243
|move|p2a: Hitmonchan|Mach Punch|p1a: 4
|-resisted|p1a: 4
|-damage|p1a: 4|68/100
|move|p1a: 4|Multi-Attack|p2a: Hitmonchan
|-crit|p2a: Hitmonchan
|-damage|p2a: Hitmonchan|0 fnt
|faint|p2a: Hitmonchan
|
|upkeep
|j| mr milez
|
|t:|1604944251
|switch|p2a: Dugtrio|Dugtrio, M|100/100
|-damage|p2a: Dugtrio|88/100|[from] Spikes
|-damage|p2a: Dugtrio|82/100|[from] Stealth Rock
|turn|15
|j| Majorly
|
|t:|1604944254
|switch|p1a: 5|Rotom-Fan|100/100
|move|p2a: Dugtrio|Earthquake|p1a: 5
|-immune|p1a: 5
|
|upkeep
|turn|16
|
|t:|1604944258
|move|p2a: Dugtrio|Stone Edge|p1a: 5
|-supereffective|p1a: 5
|-damage|p1a: 5|0 fnt
|-damage|p2a: Dugtrio|72/100|[from] item: Life Orb
|faint|p1a: 5
|
|upkeep
|
|t:|1604944261
|switch|p1a: 6|Gothitelle, F|100/100
|-damage|p1a: 6|88/100|[from] Stealth Rock
|turn|17
|
|t:|1604944265
|move|p2a: Dugtrio|Sucker Punch||[still]
|-fail|p2a: Dugtrio
|move|p1a: 6|Cosmic Power|p1a: 6
|-boost|p1a: 6|def|1
|-boost|p1a: 6|spd|1
|
|upkeep
|turn|18
|
|t:|1604944268
|move|p2a: Dugtrio|Sucker Punch||[still]
|-fail|p2a: Dugtrio
|move|p1a: 6|Cosmic Power|p1a: 6
|-boost|p1a: 6|def|1
|-boost|p1a: 6|spd|1
|
|upkeep
|turn|19
|
|t:|1604944270
|move|p2a: Dugtrio|Hone Claws|p2a: Dugtrio
|-boost|p2a: Dugtrio|atk|1
|-boost|p2a: Dugtrio|accuracy|1
|move|p1a: 6|Cosmic Power|p1a: 6
|-boost|p1a: 6|def|1
|-boost|p1a: 6|spd|1
|
|upkeep
|turn|20
|c| Majorly|dugtrio is literally so goated
|
|t:|1604944273
|move|p2a: Dugtrio|Sucker Punch||[still]
|-fail|p2a: Dugtrio
|move|p1a: 6|Cosmic Power|p1a: 6
|-boost|p1a: 6|def|1
|-boost|p1a: 6|spd|1
|
|upkeep
|turn|21
|
|t:|1604944277
|move|p2a: Dugtrio|Sucker Punch||[still]
|-fail|p2a: Dugtrio
|move|p1a: 6|Cosmic Power|p1a: 6
|-boost|p1a: 6|def|1
|-boost|p1a: 6|spd|1
|
|upkeep
|turn|22
|
|t:|1604944281
|move|p2a: Dugtrio|Sucker Punch||[still]
|-fail|p2a: Dugtrio
|move|p1a: 6|Cosmic Power|p1a: 6
|-boost|p1a: 6|def|1
|-boost|p1a: 6|spd|1
|
|upkeep
|turn|23
|
|t:|1604944283
|move|p2a: Dugtrio|Sucker Punch|p1a: 6
|-supereffective|p1a: 6
|-damage|p1a: 6|71/100
|-enditem|p1a: 6|Weakness Policy
|-boost|p1a: 6|atk|2|[from] item: Weakness Policy
|-boost|p1a: 6|spa|2|[from] item: Weakness Policy
|-damage|p2a: Dugtrio|62/100|[from] item: Life Orb
|move|p1a: 6|Stored Power|p2a: Dugtrio
|-damage|p2a: Dugtrio|0 fnt
|faint|p2a: Dugtrio
|
|upkeep
|
|t:|1604944288
|switch|p2a: Jolteon|Jolteon, F|100/100
|-damage|p2a: Jolteon|88/100|[from] Stealth Rock
|-damage|p2a: Jolteon|76/100|[from] Spikes
|turn|24
|
|t:|1604944291
|move|p2a: Jolteon|Shadow Ball|p1a: 6
|-supereffective|p1a: 6
|-damage|p1a: 6|53/100
|move|p1a: 6|Stored Power|p2a: Jolteon
|-damage|p2a: Jolteon|0 fnt
|faint|p2a: Jolteon
|
|upkeep
|
|t:|1604944296
|switch|p2a: Alcremie|Alcremie, F|100/100
|-damage|p2a: Alcremie|88/100|[from] Spikes
|-damage|p2a: Alcremie|76/100|[from] Stealth Rock
|turn|25
|
|t:|1604944301
|move|p1a: 6|Stored Power|p2a: Alcremie
|-crit|p2a: Alcremie
|-damage|p2a: Alcremie|0 fnt
|faint|p2a: Alcremie
|
|win|allstarapology
|l|☆PoIiwag
|c|☆allstarapology|gg
