|j|☆gmatthew271
|j|☆cafay sen sukr
|t:|1615709627
|player|p1|gmatthew271|266|1238
|player|p2|cafay sen sukr|swimmer-gen4dp|1499
|teamsize|p1|6
|teamsize|p2|6
|gametype|singles
|gen|8
|tier|[Gen 8] PU
|rated|
|clearpoke
|poke|p1|Exeggutor-Alola, M|
|poke|p1|Scrafty, M|
|poke|p1|Regirock|
|poke|p1|Gallade, M|
|poke|p1|Articuno|
|poke|p1|Galvantula, M|
|poke|p2|Liepard, F|
|poke|p2|Druddigon, M|
|poke|p2|Gourgeist-*, F|
|poke|p2|Articuno|
|poke|p2|Rhydon, M|
|poke|p2|Togedemaru, F|
|rule|Sleep Clause Mod: Limit one foe put to sleep
|rule|Species Clause: Limit one of each Pokémon
|rule|OHKO Clause: OHKO moves are banned
|rule|Evasion Moves Clause: Evasion moves are banned
|rule|Endless Battle Clause: Forcing endless battles is banned
|rule|HP Percentage Mod: HP is shown in percentages
|rule|Dynamax Clause: You cannot dynamax
|teampreview
|
|t:|1615709670
|start
|switch|p1a: Galvantula|Galvantula, M|100/100
|switch|p2a: Liepard|Liepard, F|100/100
|turn|1
|
|t:|1615709683
|move|p1a: Galvantula|Giga Drain|p2a: Liepard
|-damage|p2a: Liepard|33/100
|move|p2a: Liepard|Knock Off|p1a: Galvantula
|-crit|p1a: Galvantula
|-damage|p1a: Galvantula|0 fnt
|-enditem|p1a: Galvantula|Choice Specs|[from] move: Knock Off|[of] p2a: Liepard
|faint|p1a: Galvantula
|
|upkeep
|
|t:|1615709697
|switch|p1a: Scrafty|Scrafty, M|100/100
|turn|2
|
|t:|1615709706
|move|p2a: Liepard|U-turn|p1a: Scrafty
|-damage|p1a: Scrafty|80/100
|
|t:|1615709712
|switch|p2a: Druddigon|Druddigon, M|100/100|[from]move: U-turn
|move|p1a: Scrafty|Dragon Dance|p1a: Scrafty
|-boost|p1a: Scrafty|atk|1
|-boost|p1a: Scrafty|spe|1
|
|upkeep
|turn|3
|
|t:|1615709718
|move|p1a: Scrafty|Dragon Dance|p1a: Scrafty
|-boost|p1a: Scrafty|atk|1
|-boost|p1a: Scrafty|spe|1
|move|p2a: Druddigon|Dragon Claw|p1a: Scrafty
|-damage|p1a: Scrafty|46/100
|
|upkeep
|turn|4
|
|t:|1615709730
|move|p1a: Scrafty|Close Combat|p2a: Druddigon
|-damage|p2a: Druddigon|27/100
|-unboost|p1a: Scrafty|def|1
|-unboost|p1a: Scrafty|spd|1
|-damage|p1a: Scrafty|33/100|[from] ability: Rough Skin|[of] p2a: Druddigon
|-damage|p1a: Scrafty|17/100|[from] item: Rocky Helmet|[of] p2a: Druddigon
|move|p2a: Druddigon|Dragon Claw|p1a: Scrafty
|-damage|p1a: Scrafty|0 fnt
|faint|p1a: Scrafty
|
|upkeep
|
|t:|1615709741
|switch|p1a: Gallade|Gallade, M|100/100
|turn|5
|
|t:|1615709745
|move|p1a: Gallade|Bulk Up|p1a: Gallade
|-boost|p1a: Gallade|atk|1
|-boost|p1a: Gallade|def|1
|move|p2a: Druddigon|Glare|p1a: Gallade
|-status|p1a: Gallade|par
|
|upkeep
|turn|6
|
|t:|1615709752
|move|p1a: Gallade|Shadow Sneak|p2a: Druddigon
|-damage|p2a: Druddigon|10/100
|-damage|p1a: Gallade|88/100 par|[from] ability: Rough Skin|[of] p2a: Druddigon
|-damage|p1a: Gallade|72/100 par|[from] item: Rocky Helmet|[of] p2a: Druddigon
|move|p2a: Druddigon|Dragon Claw|p1a: Gallade
|-damage|p1a: Gallade|30/100 par
|
|-heal|p1a: Gallade|37/100 par|[from] item: Leftovers
|upkeep
|turn|7
|
|t:|1615709761
|cant|p1a: Gallade|par
|move|p2a: Druddigon|Dragon Claw|p1a: Gallade
|-damage|p1a: Gallade|0 fnt
|faint|p1a: Gallade
|
|upkeep
|
|t:|1615709770
|switch|p1a: Articuno|Articuno|100/100
|-ability|p1a: Articuno|Pressure
|turn|8
|
|t:|1615709776
|move|p1a: Articuno|Hurricane|p2a: Druddigon
|-damage|p2a: Druddigon|0 fnt
|faint|p2a: Druddigon
|
|upkeep
|
|t:|1615709780
|switch|p2a: Togedemaru|Togedemaru, F|100/100
|turn|9
|
|t:|1615709784
|switch|p1a: Regirock|Regirock|100/100
|move|p2a: Togedemaru|Iron Head|p1a: Regirock
|-supereffective|p1a: Regirock
|-damage|p1a: Regirock|74/100
|
|-heal|p1a: Regirock|80/100|[from] item: Leftovers
|upkeep
|turn|10
|
|t:|1615709796
|switch|p2a: Gourgeist|Gourgeist-Super, F|100/100
|-item|p1a: Regirock|Leftovers|[from] ability: Frisk|[of] p2a: Gourgeist|[identify]
|move|p1a: Regirock|Body Press|p2a: Gourgeist
|-immune|p2a: Gourgeist
|
|-heal|p1a: Regirock|86/100|[from] item: Leftovers
|upkeep
|turn|11
|
|t:|1615709804
|move|p2a: Gourgeist|Poltergeist|p1a: Regirock
|-activate|p1a: Regirock|move: Poltergeist|Leftovers
|-damage|p1a: Regirock|51/100
|move|p1a: Regirock|Toxic|p2a: Gourgeist
|-status|p2a: Gourgeist|tox
|
|-heal|p1a: Regirock|57/100|[from] item: Leftovers
|-damage|p2a: Gourgeist|95/100 tox|[from] psn
|upkeep
|turn|12
|
|t:|1615709826
|switch|p1a: Articuno|Articuno|100/100
|-ability|p1a: Articuno|Pressure
|move|p2a: Gourgeist|Poltergeist|p1a: Articuno
|-activate|p1a: Articuno|move: Poltergeist|Heavy-Duty Boots
|-damage|p1a: Articuno|35/100
|
|-damage|p2a: Gourgeist|83/100 tox|[from] psn
|upkeep
|turn|13
|
|t:|1615709837
|switch|p2a: Togedemaru|Togedemaru, F|100/100
|move|p1a: Articuno|Hurricane|p2a: Togedemaru|[miss]
|-miss|p1a: Articuno|p2a: Togedemaru
|
|upkeep
|turn|14
|
|t:|1615709844
|switch|p1a: Exeggutor|Exeggutor-Alola, M|100/100
|-item|p2a: Togedemaru|Choice Scarf|[from] ability: Frisk|[of] p1a: Exeggutor|[identify]
|move|p2a: Togedemaru|Iron Head|p1a: Exeggutor
|-damage|p1a: Exeggutor|69/100
|
|upkeep
|turn|15
|
|t:|1615709854
|switch|p2a: Articuno|Articuno|100/100
|-ability|p2a: Articuno|Pressure
|move|p1a: Exeggutor|Flamethrower|p2a: Articuno
|-supereffective|p2a: Articuno
|-damage|p2a: Articuno|48/100
|
|upkeep
|turn|16
|
|t:|1615709867
|switch|p1a: Regirock|Regirock|57/100
|move|p2a: Articuno|Roost|p2a: Articuno
|-heal|p2a: Articuno|98/100
|-singleturn|p2a: Articuno|move: Roost
|
|-heal|p1a: Regirock|63/100|[from] item: Leftovers
|upkeep
|turn|17
|j| Just a jk
|
|t:|1615709876
|switch|p2a: Gourgeist|Gourgeist-Super, F|83/100 tox
|-item|p1a: Regirock|Leftovers|[from] ability: Frisk|[of] p2a: Gourgeist|[identify]
|move|p1a: Regirock|Rock Blast|p2a: Gourgeist
|-damage|p2a: Gourgeist|76/100 tox
|-damage|p2a: Gourgeist|69/100 tox
|-damage|p2a: Gourgeist|62/100 tox
|-crit|p2a: Gourgeist
|-damage|p2a: Gourgeist|51/100 tox
|-damage|p2a: Gourgeist|44/100 tox
|-hitcount|p2a: Gourgeist|5
|
|-heal|p1a: Regirock|69/100|[from] item: Leftovers
|-damage|p2a: Gourgeist|38/100 tox|[from] psn
|upkeep
|turn|18
|
|t:|1615709901
|move|p2a: Gourgeist|Poltergeist|p1a: Regirock
|-activate|p1a: Regirock|move: Poltergeist|Leftovers
|-damage|p1a: Regirock|38/100
|move|p1a: Regirock|Rock Blast|p2a: Gourgeist
|-damage|p2a: Gourgeist|30/100 tox
|-damage|p2a: Gourgeist|23/100 tox
|-hitcount|p2a: Gourgeist|2
|
|-heal|p1a: Regirock|44/100|[from] item: Leftovers
|-damage|p2a: Gourgeist|11/100 tox|[from] psn
|upkeep
|turn|19
|
|t:|1615709916
|move|p2a: Gourgeist|Poltergeist|p1a: Regirock|[miss]
|-miss|p2a: Gourgeist|p1a: Regirock
|move|p1a: Regirock|Stealth Rock|p2a: Gourgeist
|-sidestart|p2: cafay sen sukr|move: Stealth Rock
|
|-heal|p1a: Regirock|50/100|[from] item: Leftovers
|-damage|p2a: Gourgeist|0 fnt|[from] psn
|faint|p2a: Gourgeist
|upkeep
|
|t:|1615709921
|switch|p2a: Rhydon|Rhydon, M|100/100
|-damage|p2a: Rhydon|95/100|[from] Stealth Rock
|turn|20
|
|t:|1615709938
|switch|p1a: Articuno|Articuno|35/100
|-ability|p1a: Articuno|Pressure
|move|p2a: Rhydon|Earthquake|p1a: Articuno
|-immune|p1a: Articuno
|
|upkeep
|turn|21
|
|t:|1615709946
|switch|p2a: Togedemaru|Togedemaru, F|100/100
|-damage|p2a: Togedemaru|94/100|[from] Stealth Rock
|move|p1a: Articuno|Roost|p1a: Articuno
|-heal|p1a: Articuno|85/100
|-singleturn|p1a: Articuno|move: Roost
|
|upkeep
|turn|22
|
|t:|1615709955
|move|p2a: Togedemaru|Iron Head|p1a: Articuno
|-supereffective|p1a: Articuno
|-damage|p1a: Articuno|25/100
|move|p1a: Articuno|Hurricane|p2a: Togedemaru
|-resisted|p2a: Togedemaru
|-damage|p2a: Togedemaru|82/100
|
|upkeep
|turn|23
|
|t:|1615709961
|move|p2a: Togedemaru|Iron Head|p1a: Articuno
|-supereffective|p1a: Articuno
|-damage|p1a: Articuno|0 fnt
|faint|p1a: Articuno
|
|upkeep
|
|t:|1615709979
|switch|p1a: Regirock|Regirock|50/100
|turn|24
|inactive|Battle timer is ON: inactive players will automatically lose when time's up. (requested by cafay sen sukr)
|
|t:|1615709982
|move|p2a: Togedemaru|Iron Head|p1a: Regirock
|-supereffective|p1a: Regirock
|-damage|p1a: Regirock|23/100
|move|p1a: Regirock|Body Press|p2a: Togedemaru
|-supereffective|p2a: Togedemaru
|-damage|p2a: Togedemaru|0 fnt
|-damage|p1a: Regirock|11/100|[from] ability: Iron Barbs|[of] p2a: Togedemaru
|faint|p2a: Togedemaru
|
|-heal|p1a: Regirock|17/100|[from] item: Leftovers
|upkeep
|
|t:|1615709987
|switch|p2a: Liepard|Liepard, F|33/100
|turn|25
|
|t:|1615709996
|move|p2a: Liepard|Knock Off|p1a: Regirock
|-damage|p1a: Regirock|1/100
|-enditem|p1a: Regirock|Leftovers|[from] move: Knock Off|[of] p2a: Liepard
|move|p1a: Regirock|Body Press|p2a: Liepard
|-supereffective|p2a: Liepard
|-damage|p2a: Liepard|0 fnt
|faint|p2a: Liepard
|
|upkeep
|
|t:|1615710008
|switch|p2a: Articuno|Articuno|98/100
|-ability|p2a: Articuno|Pressure
|turn|26
|
|t:|1615710012
|move|p2a: Articuno|Freeze-Dry|p1a: Regirock
|-damage|p1a: Regirock|0 fnt
|faint|p1a: Regirock
|
|upkeep
|
|t:|1615710017
|switch|p1a: Exeggutor|Exeggutor-Alola, M|69/100
|-item|p2a: Articuno|Heavy-Duty Boots|[from] ability: Frisk|[of] p1a: Exeggutor|[identify]
|turn|27
|c|☆gmatthew271|gg
|c|☆cafay sen sukr|gg
|
|t:|1615710037
|move|p2a: Articuno|Freeze-Dry|p1a: Exeggutor
|-supereffective|p1a: Exeggutor
|-damage|p1a: Exeggutor|0 fnt
|faint|p1a: Exeggutor
|
|win|cafay sen sukr
|raw|gmatthew271's rating: 1238 &rarr; <strong>1232</strong><br />(-6 for losing)
|raw|cafay sen sukr's rating: 1499 &rarr; <strong>1506</strong><br />(+7 for winning)
|raw|gmatthew271's rating: 1238 &rarr; <strong>1229</strong><br />(-9 for losing)
|raw|cafay sen sukr's rating: 1499 &rarr; <strong>1506</strong><br />(+7 for winning)
|l|☆gmatthew271
|l| Just a jk
