|j|☆cafay sukray
|j|☆Yogapants
|t:|1647732768
|gametype|singles
|player|p1|cafay sukray|swimmer-gen4dp|1562
|player|p2|Yogapants|juggler-gen2|1456
|teamsize|p1|6
|teamsize|p2|6
|gen|8
|tier|[Gen 8] PU
|rated|
|rule|Sleep Clause Mod: Limit one foe put to sleep
|rule|Species Clause: Limit one of each Pokémon
|rule|OHKO Clause: OHKO moves are banned
|rule|Evasion Moves Clause: Evasion moves are banned
|rule|Endless Battle Clause: Forcing endless battles is banned
|rule|HP Percentage Mod: HP is shown in percentages
|rule|Dynamax Clause: You cannot dynamax
|clearpoke
|poke|p1|Silvally-*|
|poke|p1|Togedemaru, F|
|poke|p1|Lycanroc, M|
|poke|p1|Whimsicott, M|
|poke|p1|Emolga, F|
|poke|p1|Qwilfish, M|
|poke|p2|Turtonator, F|
|poke|p2|Mawile, M|
|poke|p2|Absol, M|
|poke|p2|Eldegoss, F|
|poke|p2|Silvally-*|
|poke|p2|Gigalith, F|
|teampreview
|
|t:|1647732790
|start
|switch|p1a: Qwilfish|Qwilfish, M|100/100
|switch|p2a: Silvally|Silvally-Ghost|100/100
|-ability|p1a: Qwilfish|Intimidate|boost
|-unboost|p2a: Silvally|atk|1
|turn|1
|
|t:|1647732797
|move|p2a: Silvally|Parting Shot|p1a: Qwilfish
|-unboost|p1a: Qwilfish|atk|1
|-unboost|p1a: Qwilfish|spa|1
|
|t:|1647732805
|switch|p2a: Mawile|Mawile, M, shiny|100/100|[from]move: Parting Shot
|-ability|p2a: Mawile|Intimidate|boost
|-unboost|p1a: Qwilfish|atk|1
|move|p1a: Qwilfish|Spikes|p2a: Mawile
|-sidestart|p2: Yogapants|Spikes
|
|upkeep
|turn|2
|
|t:|1647732807
|move|p1a: Qwilfish|Spikes|p2a: Mawile
|-sidestart|p2: Yogapants|Spikes
|move|p2a: Mawile|Stealth Rock|p1a: Qwilfish
|-sidestart|p1: cafay sukray|move: Stealth Rock
|
|upkeep
|turn|3
|
|t:|1647732810
|move|p1a: Qwilfish|Spikes|p2a: Mawile
|-sidestart|p2: Yogapants|Spikes
|move|p2a: Mawile|Knock Off|p1a: Qwilfish
|-damage|p1a: Qwilfish|82/100
|-enditem|p1a: Qwilfish|Black Sludge|[from] move: Knock Off|[of] p2a: Mawile
|
|upkeep
|turn|4
|
|t:|1647732819
|move|p1a: Qwilfish|Scald|p2a: Mawile
|-damage|p2a: Mawile|81/100
|move|p2a: Mawile|Iron Head|p1a: Qwilfish
|-resisted|p1a: Qwilfish
|-damage|p1a: Qwilfish|68/100
|
|upkeep
|turn|5
|
|t:|1647732822
|switch|p2a: Eldegoss|Eldegoss, F, shiny|100/100
|-damage|p2a: Eldegoss|75/100|[from] Spikes
|move|p1a: Qwilfish|Scald|p2a: Eldegoss
|-resisted|p2a: Eldegoss
|-damage|p2a: Eldegoss|71/100
|-status|p2a: Eldegoss|brn
|
|-heal|p2a: Eldegoss|77/100 brn|[from] item: Leftovers
|-damage|p2a: Eldegoss|71/100 brn|[from] brn
|upkeep
|turn|6
|
|t:|1647732824
|move|p1a: Qwilfish|Explosion|p2a: Eldegoss
|-damage|p2a: Eldegoss|48/100 brn
|faint|p1a: Qwilfish
|move|p2a: Eldegoss|Rapid Spin|p1: Qwilfish|[notarget]
|-fail|p2a: Eldegoss
|
|-heal|p2a: Eldegoss|54/100 brn|[from] item: Leftovers
|-damage|p2a: Eldegoss|48/100 brn|[from] brn
|upkeep
|
|t:|1647732862
|switch|p1a: Emolga|Emolga, F|100/100
|turn|7
|
|t:|1647732865
|switch|p2a: Gigalith|Gigalith, F, shiny|100/100
|-damage|p2a: Gigalith|76/100|[from] Spikes
|-weather|Sandstorm|[from] ability: Sand Stream|[of] p2a: Gigalith
|move|p1a: Emolga|Dual Wingbeat|p2a: Gigalith
|-resisted|p2a: Gigalith
|-damage|p2a: Gigalith|72/100
|-resisted|p2a: Gigalith
|-damage|p2a: Gigalith|67/100
|-hitcount|p2a: Gigalith|2
|
|-weather|Sandstorm|[upkeep]
|-damage|p1a: Emolga|94/100|[from] Sandstorm
|-heal|p2a: Gigalith|73/100|[from] item: Leftovers
|upkeep
|turn|8
|
|t:|1647732880
|move|p1a: Emolga|Dual Wingbeat|p2a: Gigalith
|-resisted|p2a: Gigalith
|-damage|p2a: Gigalith|69/100
|-resisted|p2a: Gigalith
|-damage|p2a: Gigalith|65/100
|-hitcount|p2a: Gigalith|2
|move|p2a: Gigalith|Stone Edge|p1a: Emolga
|-supereffective|p1a: Emolga
|-damage|p1a: Emolga|0 fnt
|faint|p1a: Emolga
|
|-weather|Sandstorm|[upkeep]
|-heal|p2a: Gigalith|72/100|[from] item: Leftovers
|upkeep
|
|t:|1647732888
|switch|p1a: Whimsicott|Whimsicott, M|100/100
|-damage|p1a: Whimsicott|88/100|[from] Stealth Rock
|turn|9
|
|t:|1647732893
|switch|p2a: Eldegoss|Eldegoss, F, shiny|81/100 brn
|-damage|p2a: Eldegoss|56/100 brn|[from] Spikes
|move|p1a: Whimsicott|Moonblast|p2a: Eldegoss
|-damage|p2a: Eldegoss|12/100 brn
|
|-weather|Sandstorm|[upkeep]
|-damage|p1a: Whimsicott|82/100|[from] Sandstorm
|-damage|p2a: Eldegoss|5/100 brn|[from] Sandstorm
|-heal|p2a: Eldegoss|12/100 brn|[from] item: Leftovers
|-damage|p2a: Eldegoss|5/100 brn|[from] brn
|upkeep
|turn|10
|j| leandemon
|
|t:|1647732901
|move|p1a: Whimsicott|Moonblast|p2a: Eldegoss
|-damage|p2a: Eldegoss|0 fnt
|faint|p2a: Eldegoss
|
|-weather|Sandstorm|[upkeep]
|-damage|p1a: Whimsicott|76/100|[from] Sandstorm
|upkeep
|
|t:|1647732907
|switch|p2a: Gigalith|Gigalith, F, shiny|72/100
|-damage|p2a: Gigalith|47/100|[from] Spikes
|turn|11
|
|t:|1647732915
|move|p1a: Whimsicott|Moonblast|p2a: Gigalith
|-damage|p2a: Gigalith|14/100
|move|p2a: Gigalith|Stone Edge|p1a: Whimsicott
|-crit|p1a: Whimsicott
|-damage|p1a: Whimsicott|0 fnt
|faint|p1a: Whimsicott
|
|-weather|none
|-heal|p2a: Gigalith|20/100|[from] item: Leftovers
|upkeep
|
|t:|1647732926
|switch|p1a: Lycanroc|Lycanroc, M|100/100
|turn|12
|l| leandemon
|
|t:|1647732938
|switch|p2a: Mawile|Mawile, M, shiny|81/100
|-damage|p2a: Mawile|57/100|[from] Spikes
|-ability|p2a: Mawile|Intimidate|boost
|-unboost|p1a: Lycanroc|atk|1
|move|p1a: Lycanroc|Close Combat|p2a: Mawile
|-damage|p2a: Mawile|34/100
|-unboost|p1a: Lycanroc|def|1
|-unboost|p1a: Lycanroc|spd|1
|-damage|p1a: Lycanroc|84/100|[from] item: Rocky Helmet|[of] p2a: Mawile
|
|upkeep
|turn|13
|
|t:|1647732963
|switch|p1a: Togedemaru|Togedemaru, F|100/100
|-damage|p1a: Togedemaru|94/100|[from] Stealth Rock
|move|p2a: Mawile|Knock Off|p1a: Togedemaru
|-damage|p1a: Togedemaru|60/100
|-damage|p2a: Mawile|22/100|[from] ability: Iron Barbs|[of] p1a: Togedemaru
|-enditem|p1a: Togedemaru|Choice Scarf|[from] move: Knock Off|[of] p2a: Mawile
|
|upkeep
|turn|14
|
|t:|1647733000
|move|p1a: Togedemaru|Iron Head|p2a: Mawile
|-damage|p2a: Mawile|0 fnt
|-damage|p1a: Togedemaru|44/100|[from] item: Rocky Helmet|[of] p2a: Mawile
|faint|p2a: Mawile
|
|upkeep
|
|t:|1647733006
|switch|p2a: Turtonator|Turtonator, F, shiny|100/100
|-damage|p2a: Turtonator|76/100|[from] Spikes
|turn|15
|
|t:|1647733009
|move|p1a: Togedemaru|Toxic|p2a: Turtonator
|-status|p2a: Turtonator|tox
|move|p2a: Turtonator|Shell Smash|p2a: Turtonator
|-unboost|p2a: Turtonator|def|1
|-unboost|p2a: Turtonator|spd|1
|-boost|p2a: Turtonator|atk|2
|-boost|p2a: Turtonator|spa|2
|-boost|p2a: Turtonator|spe|2
|
|-damage|p2a: Turtonator|69/100 tox|[from] psn
|upkeep
|turn|16
|
|t:|1647733015
|move|p2a: Turtonator|Fire Blast|p1a: Togedemaru
|-supereffective|p1a: Togedemaru
|-damage|p1a: Togedemaru|0 fnt
|faint|p1a: Togedemaru
|
|-damage|p2a: Turtonator|57/100 tox|[from] psn
|upkeep
|
|t:|1647733021
|switch|p1a: Lycanroc|Lycanroc, M|84/100
|turn|17
|
|t:|1647733023
|move|p1a: Lycanroc|Accelerock|p2a: Turtonator
|-supereffective|p2a: Turtonator
|-damage|p2a: Turtonator|0 fnt
|faint|p2a: Turtonator
|
|upkeep
|
|t:|1647733027
|switch|p2a: Silvally|Silvally-Ghost|100/100
|-damage|p2a: Silvally|76/100|[from] Spikes
|turn|18
|
|t:|1647733031
|move|p1a: Lycanroc|Stone Edge|p2a: Silvally
|-damage|p2a: Silvally|26/100
|move|p2a: Silvally|Multi-Attack|p1a: Lycanroc
|-damage|p1a: Lycanroc|5/100
|
|upkeep
|turn|19
|
|t:|1647733040
|move|p1a: Lycanroc|Stone Edge|p2a: Silvally
|-damage|p2a: Silvally|0 fnt
|faint|p2a: Silvally
|
|upkeep
|
|t:|1647733042
|switch|p2a: Absol|Absol, M, shiny|100/100
|-damage|p2a: Absol|76/100|[from] Spikes
|turn|20
|
|t:|1647733048
|move|p2a: Absol|Sucker Punch|p1a: Lycanroc
|-damage|p1a: Lycanroc|0 fnt
|faint|p1a: Lycanroc
|
|upkeep
|
|t:|1647733049
|switch|p1a: Silvally|Silvally-Fairy|100/100
|-damage|p1a: Silvally|88/100|[from] Stealth Rock
|turn|21
|
|t:|1647733053
|switch|p2a: Gigalith|Gigalith, F, shiny|20/100
|-damage|p2a: Gigalith|0 fnt|[from] Spikes
|faint|p2a: Gigalith
|move|p1a: Silvally|Multi-Attack|p2: Gigalith|[notarget]
|-fail|p1a: Silvally
|
|upkeep
|
|t:|1647733055
|switch|p2a: Absol|Absol, M, shiny|76/100
|-damage|p2a: Absol|51/100|[from] Spikes
|turn|22
|
|t:|1647733056
|move|p1a: Silvally|Multi-Attack|p2a: Absol
|-supereffective|p2a: Absol
|-damage|p2a: Absol|0 fnt
|faint|p2a: Absol
|
|win|cafay sukray
|raw|cafay sukray's rating: 1562 &rarr; <strong>1576</strong><br />(+14 for winning)
|raw|Yogapants's rating: 1456 &rarr; <strong>1442</strong><br />(-14 for losing)
|l|☆Yogapants
