|j|☆cafay sen sukr
|j|☆panned bomb
|t:|1644932449
|gametype|singles
|player|p1|cafay sen sukr|swimmer-gen4dp|1594
|player|p2|panned bomb|clown|1636
|teamsize|p1|6
|teamsize|p2|6
|gen|8
|tier|[Gen 8] PU
|rated|
|rule|Sleep Clause Mod: Limit one foe put to sleep
|rule|Species Clause: Limit one of each Pokémon
|rule|OHKO Clause: OHKO moves are banned
|rule|Evasion Moves Clause: Evasion moves are banned
|rule|Endless Battle Clause: Forcing endless battles is banned
|rule|HP Percentage Mod: HP is shown in percentages
|rule|Dynamax Clause: You cannot dynamax
|clearpoke
|poke|p1|Sneasel, F|
|poke|p1|Lanturn, M|
|poke|p1|Weezing, M|
|poke|p1|Aggron, F|
|poke|p1|Whimsicott, F|
|poke|p1|Espeon, M|
|poke|p2|Espeon, F|
|poke|p2|Scyther, F|
|poke|p2|Magmortar, F|
|poke|p2|Weezing, M|
|poke|p2|Wishiwashi, M|
|poke|p2|Palossand, M|
|teampreview
|
|t:|1644932467
|start
|switch|p1a: Weezing|Weezing, M|100/100
|switch|p2a: Wishiwashi|Wishiwashi, M|100/100
|-ability|p1a: Weezing|Neutralizing Gas
|-formechange|p2a: Wishiwashi|Wishiwashi-School||[from] ability: Schooling
|turn|1
|
|t:|1644932472
|move|p1a: Weezing|Toxic Spikes|p2a: Wishiwashi
|-sidestart|p2: panned bomb|move: Toxic Spikes
|move|p2a: Wishiwashi|Scald|p1a: Weezing
|-damage|p1a: Weezing|45/100
|-status|p1a: Weezing|brn
|
|-damage|p1a: Weezing|39/100 brn|[from] brn
|upkeep
|turn|2
|
|t:|1644932476
|move|p1a: Weezing|Pain Split|p2a: Wishiwashi
|-sethp|p2a: Wishiwashi|73/100|[from] move: Pain Split|[silent]
|-sethp|p1a: Weezing|64/100 brn|[from] move: Pain Split
|move|p2a: Wishiwashi|U-turn|p1a: Weezing
|-resisted|p1a: Weezing
|-damage|p1a: Weezing|56/100 brn
|-damage|p2a: Wishiwashi|56/100|[from] item: Rocky Helmet|[of] p1a: Weezing
|
|t:|1644932480
|switch|p2a: Weezing|Weezing, M|100/100|[from]move: U-turn
|-ability|p2a: Weezing|Neutralizing Gas
|-sideend|p2: panned bomb|move: Toxic Spikes|[of] p2a: Weezing
|
|-damage|p1a: Weezing|50/100 brn|[from] brn
|upkeep
|turn|3
|
|t:|1644932485
|move|p1a: Weezing|Toxic Spikes|p2a: Weezing
|-sidestart|p2: panned bomb|move: Toxic Spikes
|move|p2a: Weezing|Toxic Spikes|p1a: Weezing
|-sidestart|p1: cafay sen sukr|move: Toxic Spikes
|
|-damage|p1a: Weezing|45/100 brn|[from] brn
|upkeep
|turn|4
|
|t:|1644932494
|move|p1a: Weezing|Pain Split|p2a: Weezing
|-sethp|p2a: Weezing|72/100|[from] move: Pain Split|[silent]
|-sethp|p1a: Weezing|72/100 brn|[from] move: Pain Split
|move|p2a: Weezing|Taunt|p1a: Weezing
|-start|p1a: Weezing|move: Taunt
|
|-heal|p2a: Weezing|78/100|[from] item: Black Sludge
|-damage|p1a: Weezing|66/100 brn|[from] brn
|upkeep
|turn|5
|
|t:|1644932505
|switch|p1a: Espeon|Espeon, M|100/100
|-status|p1a: Espeon|psn
|-end|p2a: Weezing|ability: Neutralizing Gas
|switch|p2a: Scyther|Scyther, F|100/100
|
|-damage|p1a: Espeon|88/100 psn|[from] psn
|upkeep
|turn|6
|
|t:|1644932510
|switch|p1a: Aggron|Aggron, F|100/100
|move|p2a: Scyther|U-turn|p1a: Aggron
|-resisted|p1a: Aggron
|-damage|p1a: Aggron|87/100
|
|t:|1644932515
|switch|p2a: Weezing|Weezing, M|78/100|[from]move: U-turn
|-ability|p2a: Weezing|Neutralizing Gas
|-sideend|p2: panned bomb|move: Toxic Spikes|[of] p2a: Weezing
|
|-heal|p2a: Weezing|84/100|[from] item: Black Sludge
|-heal|p1a: Aggron|94/100|[from] item: Leftovers
|upkeep
|turn|7
|
|t:|1644932523
|switch|p1a: Weezing|Weezing, M|66/100 brn
|-ability|p1a: Weezing|Neutralizing Gas
|-sideend|p1: cafay sen sukr|move: Toxic Spikes|[of] p1a: Weezing
|move|p2a: Weezing|Taunt|p1a: Weezing
|-start|p1a: Weezing|move: Taunt
|
|-heal|p2a: Weezing|90/100|[from] item: Black Sludge
|-damage|p1a: Weezing|60/100 brn|[from] brn
|upkeep
|turn|8
|
|t:|1644932527
|switch|p1a: Espeon|Espeon, M|88/100 psn
|move|p2a: Weezing|Toxic Spikes|p1a: Espeon
|-sidestart|p1: cafay sen sukr|move: Toxic Spikes
|
|-heal|p2a: Weezing|96/100|[from] item: Black Sludge
|-damage|p1a: Espeon|76/100 psn|[from] psn
|upkeep
|turn|9
|
|t:|1644932531
|-end|p2a: Weezing|ability: Neutralizing Gas
|switch|p2a: Espeon|Espeon, F|100/100
|move|p1a: Espeon|Psychic|p2a: Espeon
|-resisted|p2a: Espeon
|-damage|p2a: Espeon|63/100
|
|-heal|p2a: Espeon|69/100|[from] item: Leftovers
|-damage|p1a: Espeon|64/100 psn|[from] psn
|upkeep
|turn|10
|
|t:|1644932541
|move|p1a: Espeon|Psychic|p2a: Espeon
|-resisted|p2a: Espeon
|-damage|p2a: Espeon|30/100
|move|p2a: Espeon|Reflect|p2a: Espeon
|-sidestart|p2: panned bomb|Reflect
|
|-heal|p2a: Espeon|36/100|[from] item: Leftovers
|-damage|p1a: Espeon|51/100 psn|[from] psn
|upkeep
|turn|11
|
|t:|1644932545
|move|p2a: Espeon|Protect|p2a: Espeon
|-singleturn|p2a: Espeon|Protect
|move|p1a: Espeon|Psychic|p2a: Espeon
|-activate|p2a: Espeon|move: Protect
|
|-heal|p2a: Espeon|42/100|[from] item: Leftovers
|-damage|p1a: Espeon|39/100 psn|[from] psn
|upkeep
|turn|12
|
|t:|1644932548
|move|p1a: Espeon|Psychic|p2a: Espeon
|-resisted|p2a: Espeon
|-damage|p2a: Espeon|0 fnt
|faint|p2a: Espeon
|
|-damage|p1a: Espeon|27/100 psn|[from] psn
|upkeep
|
|t:|1644932578
|switch|p2a: Wishiwashi|Wishiwashi, M|56/100
|-formechange|p2a: Wishiwashi|Wishiwashi-School||[from] ability: Schooling
|turn|13
|
|t:|1644932589
|move|p1a: Espeon|Psychic|p2a: Wishiwashi
|-damage|p2a: Wishiwashi|6/100
|move|p2a: Wishiwashi|U-turn|p1a: Espeon
|-supereffective|p1a: Espeon
|-damage|p1a: Espeon|0 fnt
|faint|p1a: Espeon
|
|t:|1644932603
|switch|p2a: Scyther|Scyther, F|100/100|[from]move: U-turn
|
|upkeep
|
|t:|1644932606
|switch|p1a: Weezing|Weezing, M|60/100 brn
|-ability|p1a: Weezing|Neutralizing Gas
|-sideend|p1: cafay sen sukr|move: Toxic Spikes|[of] p1a: Weezing
|turn|14
|
|t:|1644932614
|move|p2a: Scyther|U-turn|p1a: Weezing
|-resisted|p1a: Weezing
|-damage|p1a: Weezing|43/100 brn
|-damage|p2a: Scyther|84/100|[from] item: Rocky Helmet|[of] p1a: Weezing
|
|t:|1644932616
|switch|p2a: Palossand|Palossand, M|100/100|[from]move: U-turn
|move|p1a: Weezing|Toxic Spikes|p2a: Palossand
|-sidestart|p2: panned bomb|move: Toxic Spikes
|
|-damage|p1a: Weezing|37/100 brn|[from] brn
|-sideend|p2: panned bomb|Reflect
|upkeep
|turn|15
|
|t:|1644932632
|-end|p1a: Weezing|ability: Neutralizing Gas
|switch|p1a: Sneasel|Sneasel, F|100/100
|move|p2a: Palossand|Shadow Ball|p1a: Sneasel
|-resisted|p1a: Sneasel
|-damage|p1a: Sneasel|67/100
|-unboost|p1a: Sneasel|spd|1
|
|upkeep
|turn|16
|
|t:|1644932649
|switch|p2a: Weezing|Weezing, M|96/100
|-ability|p2a: Weezing|Neutralizing Gas
|-sideend|p2: panned bomb|move: Toxic Spikes|[of] p2a: Weezing
|move|p1a: Sneasel|Knock Off|p2a: Weezing
|-damage|p2a: Weezing|71/100
|-enditem|p2a: Weezing|Black Sludge|[from] move: Knock Off|[of] p1a: Sneasel
|
|upkeep
|turn|17
|
|t:|1644932661
|switch|p1a: Weezing|Weezing, M|37/100 brn
|-ability|p1a: Weezing|Neutralizing Gas
|move|p2a: Weezing|Toxic Spikes|p1a: Weezing
|-sidestart|p1: cafay sen sukr|move: Toxic Spikes
|
|-damage|p1a: Weezing|31/100 brn|[from] brn
|upkeep
|turn|18
|
|t:|1644932667
|move|p1a: Weezing|Toxic Spikes|p2a: Weezing
|-sidestart|p2: panned bomb|move: Toxic Spikes
|move|p2a: Weezing|Taunt|p1a: Weezing
|-start|p1a: Weezing|move: Taunt
|
|-damage|p1a: Weezing|25/100 brn|[from] brn
|upkeep
|turn|19
|
|t:|1644932672
|move|p1a: Weezing|Sludge Bomb|p2a: Weezing
|-resisted|p2a: Weezing
|-damage|p2a: Weezing|51/100
|move|p2a: Weezing|Sludge Bomb|p1a: Weezing
|-resisted|p1a: Weezing
|-damage|p1a: Weezing|7/100 brn
|
|-damage|p1a: Weezing|1/100 brn|[from] brn
|upkeep
|turn|20
|
|t:|1644932675
|move|p1a: Weezing|Sludge Bomb|p2a: Weezing
|-resisted|p2a: Weezing
|-damage|p2a: Weezing|33/100
|move|p2a: Weezing|Sludge Bomb|p1a: Weezing
|-resisted|p1a: Weezing
|-damage|p1a: Weezing|0 fnt
|faint|p1a: Weezing
|
|upkeep
|
|t:|1644932679
|switch|p1a: Whimsicott|Whimsicott, F|100/100
|-status|p1a: Whimsicott|psn
|turn|21
|
|t:|1644932683
|-end|p2a: Weezing|ability: Neutralizing Gas
|switch|p2a: Wishiwashi|Wishiwashi, M|6/100
|-status|p2a: Wishiwashi|psn
|move|p1a: Whimsicott|Psychic|p2a: Wishiwashi
|-crit|p2a: Wishiwashi
|-damage|p2a: Wishiwashi|0 fnt
|faint|p2a: Wishiwashi
|
|-damage|p1a: Whimsicott|88/100 psn|[from] psn
|upkeep
|
|t:|1644932692
|switch|p2a: Scyther|Scyther, F|84/100
|turn|22
|
|t:|1644932697
|switch|p1a: Aggron|Aggron, F|94/100
|move|p2a: Scyther|Brick Break|p1a: Aggron
|-supereffective|p1a: Aggron
|-damage|p1a: Aggron|16/100
|
|-heal|p1a: Aggron|22/100|[from] item: Leftovers
|upkeep
|turn|23
|
|t:|1644932702
|move|p1a: Aggron|Protect|p1a: Aggron
|-singleturn|p1a: Aggron|Protect
|move|p2a: Scyther|Brick Break|p1a: Aggron
|-activate|p1a: Aggron|move: Protect
|
|-heal|p1a: Aggron|28/100|[from] item: Leftovers
|upkeep
|turn|24
|
|t:|1644932712
|switch|p1a: Whimsicott|Whimsicott, F|88/100 psn
|move|p2a: Scyther|Brick Break|p1a: Whimsicott
|-resisted|p1a: Whimsicott
|-damage|p1a: Whimsicott|65/100 psn
|
|-damage|p1a: Whimsicott|52/100 psn|[from] psn
|upkeep
|turn|25
|
|t:|1644932734
|switch|p2a: Weezing|Weezing, M|33/100
|-ability|p2a: Weezing|Neutralizing Gas
|-sideend|p2: panned bomb|move: Toxic Spikes|[of] p2a: Weezing
|move|p1a: Whimsicott|Psychic|p2a: Weezing
|-supereffective|p2a: Weezing
|-damage|p2a: Weezing|0 fnt
|faint|p2a: Weezing
|-end|p2a: Weezing|ability: Neutralizing Gas
|
|-damage|p1a: Whimsicott|40/100 psn|[from] psn
|upkeep
|
|t:|1644932738
|switch|p2a: Scyther|Scyther, F|84/100
|turn|26
|
|t:|1644932749
|move|p1a: Whimsicott|Psychic|p2a: Scyther
|-damage|p2a: Scyther|38/100
|move|p2a: Scyther|U-turn|p1a: Whimsicott
|-damage|p1a: Whimsicott|0 fnt
|faint|p1a: Whimsicott
|
|t:|1644932756
|switch|p2a: Magmortar|Magmortar, F|100/100|[from]move: U-turn
|
|upkeep
|
|t:|1644932759
|switch|p1a: Lanturn|Lanturn, M|100/100
|-status|p1a: Lanturn|psn
|turn|27
|
|t:|1644932766
|move|p2a: Magmortar|Focus Blast|p1a: Lanturn
|-damage|p1a: Lanturn|58/100 psn
|-damage|p2a: Magmortar|91/100|[from] item: Life Orb
|move|p1a: Lanturn|Scald|p2a: Magmortar
|-supereffective|p2a: Magmortar
|-damage|p2a: Magmortar|18/100
|
|-heal|p1a: Lanturn|65/100 psn|[from] item: Leftovers
|-damage|p1a: Lanturn|52/100 psn|[from] psn
|upkeep
|turn|28
|
|t:|1644932788
|move|p2a: Magmortar|Focus Blast|p1a: Lanturn|[miss]
|-miss|p2a: Magmortar|p1a: Lanturn
|move|p1a: Lanturn|Scald|p2a: Magmortar
|-supereffective|p2a: Magmortar
|-damage|p2a: Magmortar|0 fnt
|faint|p2a: Magmortar
|
|-heal|p1a: Lanturn|58/100 psn|[from] item: Leftovers
|-damage|p1a: Lanturn|46/100 psn|[from] psn
|upkeep
|
|t:|1644932792
|switch|p2a: Scyther|Scyther, F|38/100
|turn|29
|
|t:|1644932799
|move|p2a: Scyther|U-turn|p1a: Lanturn
|-damage|p1a: Lanturn|0 fnt
|faint|p1a: Lanturn
|
|t:|1644932802
|switch|p2a: Palossand|Palossand, M|100/100|[from]move: U-turn
|
|upkeep
|
|t:|1644932805
|switch|p1a: Sneasel|Sneasel, F|67/100
|turn|30
|
|t:|1644932882
|move|p1a: Sneasel|Swords Dance|p1a: Sneasel
|-boost|p1a: Sneasel|atk|2
|move|p2a: Palossand|Earth Power|p1a: Sneasel
|-damage|p1a: Sneasel|3/100
|
|upkeep
|turn|31
|
|t:|1644932885
|move|p1a: Sneasel|Triple Axel|p2a: Palossand
|-supereffective|p2a: Palossand
|-damage|p2a: Palossand|73/100
|-damage|p1a: Sneasel|0 fnt|[from] item: Rocky Helmet|[of] p2a: Palossand
|faint|p1a: Sneasel
|-hitcount|p2a: Palossand|1
|move|p2a: Palossand|Earth Power|p1: Sneasel|[notarget]
|-fail|p2a: Palossand
|
|upkeep
|c|☆cafay sen sukr|ah fuck
|c|☆cafay sen sukr|gg
|
|t:|1644932891
|switch|p1a: Aggron|Aggron, F|28/100
|turn|32
|c|☆panned bomb|gg
|
|t:|1644932898
|move|p1a: Aggron|Toxic|p2a: Palossand
|-status|p2a: Palossand|tox
|move|p2a: Palossand|Earth Power|p1a: Aggron
|-supereffective|p1a: Aggron
|-damage|p1a: Aggron|0 fnt
|faint|p1a: Aggron
|
|win|panned bomb
|raw|cafay sen sukr's rating: 1594 &rarr; <strong>1576</strong><br />(-18 for losing)
|raw|panned bomb's rating: 1636 &rarr; <strong>1654</strong><br />(+18 for winning)
|l|☆cafay sen sukr
