|j|☆top 1 pu
|j|☆Iced out pattek
|player|p1|top 1 pu|lucas|1507
|player|p2|Iced out pattek|cowgirl|1336
|teamsize|p1|6
|teamsize|p2|6
|gametype|singles
|gen|8
|tier|[Gen 8] PU
|rated|
|clearpoke
|poke|p1|Carkol, M|
|poke|p1|Throh, M|
|poke|p1|Gourgeist-*, M|
|poke|p1|Ninjask, M|
|poke|p1|Silvally-*|
|poke|p1|Mr. Mime, F|
|poke|p2|Heatmor, F|
|poke|p2|Mawile, M|
|poke|p2|Silvally-*|
|poke|p2|Wishiwashi, F|
|poke|p2|Type: Null|
|poke|p2|Roselia, F|
|rule|Sleep Clause Mod: Limit one foe put to sleep
|rule|Species Clause: Limit one of each Pokémon
|rule|OHKO Clause: OHKO moves are banned
|rule|Evasion Moves Clause: Evasion moves are banned
|rule|Endless Battle Clause: Forcing endless battles is banned
|rule|HP Percentage Mod: HP is shown in percentages
|rule|Dynamax Clause: You cannot dynamax
|teampreview
|inactive|Battle timer is ON: inactive players will automatically lose when time's up. (requested by Iced out pattek)
|j| Urusius
|inactive|Iced out pattek has 120 seconds left.
|
|start
|switch|p1a: Silvally|Silvally-Ground|100/100
|switch|p2a: Roselia|Roselia, F|100/100
|turn|1
|
|move|p1a: Silvally|U-turn|p2a: Roselia
|-damage|p2a: Roselia|83/100
|-status|p1a: Silvally|psn|[from] ability: Poison Point|[of] p2a: Roselia
|
|switch|p1a: Carkol|Carkol, M|100/100|[from]move: U-turn
|move|p2a: Roselia|Giga Drain|p1a: Carkol
|-damage|p1a: Carkol|81/100
|-heal|p2a: Roselia|95/100|[from] drain|[of] p1a: Carkol
|
|upkeep
|turn|2
|
|switch|p2a: Silvally|Silvally-Ground|100/100
|move|p1a: Carkol|Stealth Rock|p2a: Silvally
|-sidestart|p2: Iced out pattek|move: Stealth Rock
|
|upkeep
|turn|3
|
|switch|p1a: Gourgeist|Gourgeist, M|100/100
|-item|p2a: Silvally|Ground Memory|[from] ability: Frisk|[of] p1a: Gourgeist|[identify]
|move|p2a: Silvally|Defog|p1a: Gourgeist
|-unboost|p1a: Gourgeist|evasion|1
|-sideend|p2: Iced out pattek|Stealth Rock|[from] move: Defog|[of] p2a: Silvally
|
|upkeep
|turn|4
|
|switch|p2a: Roselia|Roselia, F|95/100
|move|p1a: Gourgeist|Power Whip|p2a: Roselia|[miss]
|-miss|p1a: Gourgeist|p2a: Roselia
|
|upkeep
|turn|5
|
|switch|p1a: Carkol|Carkol, M|81/100
|move|p2a: Roselia|Spikes|p1a: Carkol
|-sidestart|p1: top 1 pu|Spikes
|
|upkeep
|turn|6
|
|switch|p2a: Silvally|Silvally-Ground|100/100
|move|p1a: Carkol|Rapid Spin|p2a: Silvally
|-damage|p2a: Silvally|94/100
|-boost|p1a: Carkol|spe|1
|-sideend|p1: top 1 pu|Spikes|[from] move: Rapid Spin|[of] p1a: Carkol
|
|upkeep
|turn|7
|
|move|p1a: Carkol|Protect|p1a: Carkol
|-singleturn|p1a: Carkol|Protect
|move|p2a: Silvally|U-turn|p1a: Carkol
|-activate|p1a: Carkol|move: Protect
|
|upkeep
|turn|8
|
|switch|p1a: Gourgeist|Gourgeist, M|100/100
|-item|p2a: Silvally|Ground Memory|[from] ability: Frisk|[of] p1a: Gourgeist|[identify]
|move|p2a: Silvally|U-turn|p1a: Gourgeist
|-damage|p1a: Gourgeist|80/100
|
|switch|p2a: Heatmor|Heatmor, F|100/100|[from]move: U-turn
|
|-heal|p1a: Gourgeist|86/100|[from] item: Leftovers
|upkeep
|turn|9
|
|switch|p1a: Throh|Throh, M|100/100
|move|p2a: Heatmor|Toxic|p1a: Throh
|-status|p1a: Throh|tox
|
|-damage|p1a: Throh|94/100 tox|[from] psn
|upkeep
|turn|10
|
|switch|p2a: Wishiwashi|Wishiwashi, F|100/100
|-formechange|p2a: Wishiwashi|Wishiwashi-School||[from] ability: Schooling
|move|p1a: Throh|Knock Off|p2a: Wishiwashi
|-damage|p2a: Wishiwashi|77/100
|-enditem|p2a: Wishiwashi|Leftovers|[from] move: Knock Off|[of] p1a: Throh
|
|-heal|p1a: Throh|100/100 tox|[from] item: Leftovers
|-damage|p1a: Throh|88/100 tox|[from] psn
|upkeep
|turn|11
|
|move|p1a: Throh|Storm Throw|p2a: Wishiwashi
|-crit|p2a: Wishiwashi
|-damage|p2a: Wishiwashi|44/100
|move|p2a: Wishiwashi|Toxic|p1a: Throh
|-fail|p1a: Throh|tox
|
|-heal|p1a: Throh|94/100 tox|[from] item: Leftovers
|-damage|p1a: Throh|76/100 tox|[from] psn
|upkeep
|turn|12
|
|move|p1a: Throh|Rest|p1a: Throh
|-status|p1a: Throh|slp|[from] move: Rest
|-heal|p1a: Throh|100/100 slp|[silent]
|move|p2a: Wishiwashi|Rest|p2a: Wishiwashi
|-status|p2a: Wishiwashi|slp|[from] move: Rest
|-heal|p2a: Wishiwashi|100/100 slp|[silent]
|
|upkeep
|turn|13
|
|cant|p1a: Throh|slp
|move|p1a: Throh|Sleep Talk|p1a: Throh
|move|p1a: Throh|Rest|p1a: Throh|[from]Sleep Talk
|-fail|p1a: Throh|heal
|cant|p2a: Wishiwashi|slp
|move|p2a: Wishiwashi|Sleep Talk|p2a: Wishiwashi
|move|p2a: Wishiwashi|Toxic||[from]Sleep Talk|[still]
|-fail|p2a: Wishiwashi
|
|upkeep
|turn|14
|
|cant|p1a: Throh|slp
|move|p1a: Throh|Sleep Talk|p1a: Throh
|move|p1a: Throh|Rest|p1a: Throh|[from]Sleep Talk
|-fail|p1a: Throh|heal
|cant|p2a: Wishiwashi|slp
|move|p2a: Wishiwashi|Sleep Talk|p2a: Wishiwashi
|move|p2a: Wishiwashi|Toxic||[from]Sleep Talk|[still]
|-fail|p2a: Wishiwashi
|
|upkeep
|turn|15
|
|-curestatus|p1a: Throh|slp|[msg]
|move|p1a: Throh|Storm Throw|p2a: Wishiwashi
|-crit|p2a: Wishiwashi
|-damage|p2a: Wishiwashi|78/100 slp
|-curestatus|p2a: Wishiwashi|slp|[msg]
|move|p2a: Wishiwashi|Toxic|p1a: Throh
|-status|p1a: Throh|tox
|
|-damage|p1a: Throh|94/100 tox|[from] psn
|upkeep
|turn|16
|
|move|p1a: Throh|Storm Throw|p2a: Wishiwashi
|-crit|p2a: Wishiwashi
|-damage|p2a: Wishiwashi|43/100
|move|p2a: Wishiwashi|Scald|p1a: Throh
|-damage|p1a: Throh|72/100 tox
|
|-heal|p1a: Throh|78/100 tox|[from] item: Leftovers
|-damage|p1a: Throh|66/100 tox|[from] psn
|upkeep
|turn|17
|
|switch|p1a: Mr. Mime|Mr. Mime, F|100/100
|move|p2a: Wishiwashi|Rest|p2a: Wishiwashi
|-status|p2a: Wishiwashi|slp|[from] move: Rest
|-heal|p2a: Wishiwashi|100/100 slp|[silent]
|
|upkeep
|turn|18
|
|switch|p2a: Type: Null|Type: Null|100/100
|move|p1a: Mr. Mime|Psychic|p2a: Type: Null
|-damage|p2a: Type: Null|73/100
|
|upkeep
|turn|19
|
|switch|p1a: Carkol|Carkol, M|81/100
|move|p2a: Type: Null|U-turn|p1a: Carkol
|-resisted|p1a: Carkol
|-damage|p1a: Carkol|77/100
|
|switch|p2a: Silvally|Silvally-Ground|94/100|[from]move: U-turn
|
|upkeep
|turn|20
|
|move|p2a: Silvally|Swords Dance|p2a: Silvally
|-boost|p2a: Silvally|atk|2
|move|p1a: Carkol|Stealth Rock|p2a: Silvally
|-sidestart|p2: Iced out pattek|move: Stealth Rock
|
|upkeep
|turn|21
|
|switch|p1a: Ninjask|Ninjask, M|100/100
|move|p2a: Silvally|Defog|p1a: Ninjask
|-unboost|p1a: Ninjask|evasion|1
|-sideend|p2: Iced out pattek|Stealth Rock|[from] move: Defog|[of] p2a: Silvally
|
|upkeep
|turn|22
|
|switch|p2a: Mawile|Mawile, M|100/100
|-ability|p2a: Mawile|Intimidate|boost
|-unboost|p1a: Ninjask|atk|1
|move|p1a: Ninjask|U-turn|p2a: Mawile
|-resisted|p2a: Mawile
|-damage|p2a: Mawile|96/100
|-damage|p1a: Ninjask|84/100|[from] item: Rocky Helmet|[of] p2a: Mawile
|
|switch|p1a: Carkol|Carkol, M|77/100|[from]move: U-turn
|
|upkeep
|turn|23
|
|switch|p2a: Silvally|Silvally-Ground|94/100
|move|p1a: Carkol|Flamethrower|p2a: Silvally
|-damage|p2a: Silvally|71/100
|
|upkeep
|turn|24
|
|switch|p1a: Gourgeist|Gourgeist, M|86/100
|-item|p2a: Silvally|Ground Memory|[from] ability: Frisk|[of] p1a: Gourgeist|[identify]
|move|p2a: Silvally|Multi-Attack|p1a: Gourgeist
|-resisted|p1a: Gourgeist
|-damage|p1a: Gourgeist|63/100
|
|-heal|p1a: Gourgeist|69/100|[from] item: Leftovers
|upkeep
|turn|25
|
|move|p2a: Silvally|U-turn|p1a: Gourgeist
|-damage|p1a: Gourgeist|52/100
|
|switch|p2a: Heatmor|Heatmor, F|100/100|[from]move: U-turn
|move|p1a: Gourgeist|Synthesis|p1a: Gourgeist
|-heal|p1a: Gourgeist|100/100
|
|upkeep
|turn|26
|
|move|p1a: Gourgeist|Rock Slide|p2a: Heatmor
|-supereffective|p2a: Heatmor
|-damage|p2a: Heatmor|48/100
|move|p2a: Heatmor|Overheat|p1a: Gourgeist
|-supereffective|p1a: Gourgeist
|-damage|p1a: Gourgeist|0 fnt
|-unboost|p2a: Heatmor|spa|2
|faint|p1a: Gourgeist
|
|upkeep
|
|switch|p1a: Silvally|Silvally-Ground|100/100 psn
|turn|27
|
|switch|p2a: Roselia|Roselia, F|95/100
|move|p1a: Silvally|Swords Dance|p1a: Silvally
|-boost|p1a: Silvally|atk|2
|
|-damage|p1a: Silvally|88/100 psn|[from] psn
|upkeep
|turn|28
|
|move|p1a: Silvally|Multi-Attack|p2a: Roselia
|-crit|p2a: Roselia
|-damage|p2a: Roselia|0 fnt
|faint|p2a: Roselia
|
|-damage|p1a: Silvally|76/100 psn|[from] psn
|upkeep
|l|☆Iced out pattek
|inactive|Iced out pattek disconnected and has a minute to reconnect!
|player|p2|
|j|☆Iced out pattek
|inactive|Iced out pattek reconnected and has 115 seconds left.
|player|p2|Iced out pattek|cowgirl
|c|☆Iced out pattek|did 93 max without crit
|c|☆Iced out pattek|unfort
|
|switch|p2a: Wishiwashi|Wishiwashi, F|100/100 slp
|-formechange|p2a: Wishiwashi|Wishiwashi-School||[from] ability: Schooling
|turn|29
|
|move|p1a: Silvally|Multi-Attack|p2a: Wishiwashi
|-damage|p2a: Wishiwashi|29/100 slp
|cant|p2a: Wishiwashi|slp
|move|p2a: Wishiwashi|Sleep Talk|p2a: Wishiwashi
|move|p2a: Wishiwashi|Scald|p1a: Silvally|[from]Sleep Talk
|-supereffective|p1a: Silvally
|-damage|p1a: Silvally|0 fnt
|faint|p1a: Silvally
|
|upkeep
|
|switch|p1a: Mr. Mime|Mr. Mime, F|100/100
|turn|30
|
|switch|p2a: Type: Null|Type: Null|73/100
|move|p1a: Mr. Mime|Psychic|p2a: Type: Null
|-damage|p2a: Type: Null|46/100
|
|upkeep
|turn|31
|
|move|p1a: Mr. Mime|Psychic|p2a: Type: Null
|-damage|p2a: Type: Null|18/100
|move|p2a: Type: Null|Rest|p2a: Type: Null
|-status|p2a: Type: Null|slp|[from] move: Rest
|-heal|p2a: Type: Null|100/100 slp|[silent]
|
|upkeep
|turn|32
|
|move|p1a: Mr. Mime|Psychic|p2a: Type: Null
|-damage|p2a: Type: Null|73/100 slp
|cant|p2a: Type: Null|slp
|move|p2a: Type: Null|Sleep Talk|p2a: Type: Null
|move|p2a: Type: Null|Rest|p2a: Type: Null|[from]Sleep Talk
|-fail|p2a: Type: Null
|
|upkeep
|turn|33
|
|move|p1a: Mr. Mime|Psychic|p2a: Type: Null
|-damage|p2a: Type: Null|45/100 slp
|cant|p2a: Type: Null|slp
|move|p2a: Type: Null|Sleep Talk|p2a: Type: Null
|move|p2a: Type: Null|U-turn|p1a: Mr. Mime|[from]Sleep Talk
|-damage|p1a: Mr. Mime|64/100
|
|switch|p2a: Silvally|Silvally-Ground|71/100|[from]move: U-turn
|
|upkeep
|turn|34
|
|switch|p1a: Ninjask|Ninjask, M|84/100
|move|p2a: Silvally|U-turn|p1a: Ninjask
|-resisted|p1a: Ninjask
|-damage|p1a: Ninjask|62/100
|
|switch|p2a: Mawile|Mawile, M|96/100|[from]move: U-turn
|-ability|p2a: Mawile|Intimidate|boost
|-unboost|p1a: Ninjask|atk|1
|
|upkeep
|turn|35
|
|switch|p1a: Carkol|Carkol, M|77/100
|move|p2a: Mawile|Stealth Rock|p1a: Carkol
|-sidestart|p1: top 1 pu|move: Stealth Rock
|
|upkeep
|turn|36
|
|switch|p2a: Silvally|Silvally-Ground|71/100
|move|p1a: Carkol|Rapid Spin|p2a: Silvally
|-damage|p2a: Silvally|65/100
|-boost|p1a: Carkol|spe|1
|-sideend|p1: top 1 pu|Stealth Rock|[from] move: Rapid Spin|[of] p1a: Carkol
|
|upkeep
|turn|37
|
|move|p2a: Silvally|Multi-Attack|p1a: Carkol
|-supereffective|p1a: Carkol
|-damage|p1a: Carkol|0 fnt
|faint|p1a: Carkol
|
|upkeep
|
|switch|p1a: Ninjask|Ninjask, M|62/100
|turn|38
|
|switch|p2a: Mawile|Mawile, M|96/100
|-ability|p2a: Mawile|Intimidate|boost
|-unboost|p1a: Ninjask|atk|1
|move|p1a: Ninjask|Swords Dance|p1a: Ninjask
|-boost|p1a: Ninjask|atk|2
|
|-ability|p1a: Ninjask|Speed Boost|boost
|-boost|p1a: Ninjask|spe|1
|upkeep
|turn|39
|
|move|p1a: Ninjask|U-turn|p2a: Mawile
|-resisted|p2a: Mawile
|-damage|p2a: Mawile|86/100
|-damage|p1a: Ninjask|45/100|[from] item: Rocky Helmet|[of] p2a: Mawile
|
|switch|p1a: Throh|Throh, M|66/100 tox|[from]move: U-turn
|move|p2a: Mawile|Play Rough|p1a: Throh
|-supereffective|p1a: Throh
|-damage|p1a: Throh|19/100 tox
|-unboost|p1a: Throh|atk|1
|
|-heal|p1a: Throh|25/100 tox|[from] item: Leftovers
|-damage|p1a: Throh|19/100 tox|[from] psn
|upkeep
|turn|40
|
|move|p1a: Throh|Rest|p1a: Throh
|-status|p1a: Throh|slp|[from] move: Rest
|-heal|p1a: Throh|100/100 slp|[silent]
|move|p2a: Mawile|Stealth Rock|p1a: Throh
|-sidestart|p1: top 1 pu|move: Stealth Rock
|
|upkeep
|turn|41
|
|cant|p1a: Throh|slp
|move|p1a: Throh|Sleep Talk|p1a: Throh
|move|p1a: Throh|Knock Off|p2a: Mawile|[from]Sleep Talk
|-resisted|p2a: Mawile
|-damage|p2a: Mawile|76/100
|-damage|p1a: Throh|84/100 slp|[from] item: Rocky Helmet|[of] p2a: Mawile
|-enditem|p2a: Mawile|Rocky Helmet|[from] move: Knock Off|[of] p1a: Throh
|move|p2a: Mawile|Play Rough|p1a: Throh
|-supereffective|p1a: Throh
|-damage|p1a: Throh|35/100 slp
|
|-heal|p1a: Throh|41/100 slp|[from] item: Leftovers
|upkeep
|turn|42
|
|cant|p1a: Throh|slp
|move|p1a: Throh|Sleep Talk|p1a: Throh
|move|p1a: Throh|Rest|p1a: Throh|[from]Sleep Talk
|-fail|p1a: Throh
|move|p2a: Mawile|Play Rough|p1a: Throh
|-supereffective|p1a: Throh
|-damage|p1a: Throh|0 fnt
|faint|p1a: Throh
|
|upkeep
|
|switch|p1a: Mr. Mime|Mr. Mime, F|64/100
|-damage|p1a: Mr. Mime|52/100|[from] Stealth Rock
|turn|43
|
|switch|p2a: Wishiwashi|Wishiwashi, F|29/100 slp
|-formechange|p2a: Wishiwashi|Wishiwashi-School||[from] ability: Schooling
|move|p1a: Mr. Mime|Psychic|p2a: Wishiwashi
|-damage|p2a: Wishiwashi|0 fnt
|faint|p2a: Wishiwashi
|
|upkeep
|
|switch|p2a: Silvally|Silvally-Ground|65/100
|turn|44
|
|move|p2a: Silvally|Multi-Attack|p1a: Mr. Mime
|-damage|p1a: Mr. Mime|0 fnt
|faint|p1a: Mr. Mime
|
|upkeep
|
|switch|p1a: Ninjask|Ninjask, M|45/100
|turn|45
|
|move|p1a: Ninjask|Swords Dance|p1a: Ninjask
|-boost|p1a: Ninjask|atk|2
|move|p2a: Silvally|U-turn|p1a: Ninjask
|-resisted|p1a: Ninjask
|-damage|p1a: Ninjask|21/100
|
|switch|p2a: Mawile|Mawile, M|76/100|[from]move: U-turn
|-ability|p2a: Mawile|Intimidate|boost
|-unboost|p1a: Ninjask|atk|1
|
|-ability|p1a: Ninjask|Speed Boost|boost
|-boost|p1a: Ninjask|spe|1
|upkeep
|turn|46
|
|move|p1a: Ninjask|Protect|p1a: Ninjask
|-singleturn|p1a: Ninjask|Protect
|move|p2a: Mawile|Iron Head|p1a: Ninjask
|-activate|p1a: Ninjask|move: Protect
|
|-ability|p1a: Ninjask|Speed Boost|boost
|-boost|p1a: Ninjask|spe|1
|upkeep
|turn|47
|
|move|p1a: Ninjask|Aerial Ace|p2a: Mawile
|-resisted|p2a: Mawile
|-damage|p2a: Mawile|60/100
|move|p2a: Mawile|Iron Head|p1a: Ninjask
|-damage|p1a: Ninjask|0 fnt
|faint|p1a: Ninjask
|
|win|Iced out pattek
|raw|top 1 pu's rating: 1507 &rarr; <strong>1478</strong><br />(-29 for losing)
|raw|Iced out pattek's rating: 1336 &rarr; <strong>1365</strong><br />(+29 for winning)
