|j|☆Eesturn
|j|☆yassy slay
|t:|1659197351
|gametype|singles
|player|p1|Eesturn|bellelba|1445
|player|p2|yassy slay|clown|1566
|teamsize|p1|6
|teamsize|p2|6
|gen|8
|tier|[Gen 8] PU
|rated|
|rule|Sleep Clause Mod: Limit one foe put to sleep
|rule|Species Clause: Limit one of each Pokémon
|rule|OHKO Clause: OHKO moves are banned
|rule|Evasion Moves Clause: Evasion moves are banned
|rule|Endless Battle Clause: Forcing endless battles is banned
|rule|HP Percentage Mod: HP is shown in percentages
|rule|Dynamax Clause: You cannot dynamax
|clearpoke
|poke|p1|Thievul, M|
|poke|p1|Perrserker, M|
|poke|p1|Ribombee, F|
|poke|p1|Jellicent, F|
|poke|p1|Mesprit|
|poke|p1|Coalossal, F|
|poke|p2|Stunfisk-Galar, F|
|poke|p2|Cryogonal|
|poke|p2|Flapple, M|
|poke|p2|Wishiwashi, F|
|poke|p2|Gourgeist-*, F|
|poke|p2|Comfey, F|
|teampreview
|
|t:|1659197360
|start
|switch|p1a: Perrserker|Perrserker, M|100/100
|switch|p2a: Wishiwashi|Wishiwashi, F|100/100
|-formechange|p2a: Wishiwashi|Wishiwashi-School||[from] ability: Schooling
|turn|1
|
|t:|1659197369
|move|p1a: Perrserker|U-turn|p2a: Wishiwashi
|-damage|p2a: Wishiwashi|58/100
|
|t:|1659197371
|switch|p1a: Jellicent|Jellicent, F|100/100|[from]move: U-turn
|move|p2a: Wishiwashi|U-turn|p1a: Jellicent
|-resisted|p1a: Jellicent
|-damage|p1a: Jellicent|88/100
|-start|p2a: Wishiwashi|Disable|U-turn|[from] ability: Cursed Body|[of] p1a: Jellicent
|
|t:|1659197376
|switch|p2a: Flapple|Flapple, M|100/100|[from]move: U-turn
|
|-heal|p1a: Jellicent|94/100|[from] item: Leftovers
|upkeep
|turn|2
|
|t:|1659197382
|switch|p1a: Ribombee|Ribombee, F|100/100
|move|p2a: Flapple|Grav Apple|p1a: Ribombee
|-resisted|p1a: Ribombee
|-damage|p1a: Ribombee|44/100
|
|upkeep
|turn|3
|
|t:|1659197389
|switch|p2a: Stunfisk|Stunfisk-Galar, F|100/100
|move|p1a: Ribombee|Moonblast|p2a: Stunfisk
|-resisted|p2a: Stunfisk
|-damage|p2a: Stunfisk|72/100
|
|-heal|p2a: Stunfisk|78/100|[from] item: Leftovers
|upkeep
|turn|4
|
|t:|1659197396
|switch|p1a: Mesprit|Mesprit|100/100
|move|p2a: Stunfisk|Stealth Rock|p1a: Mesprit
|-sidestart|p1: Eesturn|move: Stealth Rock
|
|-heal|p2a: Stunfisk|84/100|[from] item: Leftovers
|upkeep
|turn|5
|
|t:|1659197403
|move|p1a: Mesprit|Stealth Rock|p2a: Stunfisk
|-sidestart|p2: yassy slay|move: Stealth Rock
|move|p2a: Stunfisk|Foul Play|p1a: Mesprit
|-supereffective|p1a: Mesprit
|-enditem|p1a: Mesprit|Colbur Berry|[eat]
|-enditem|p1a: Mesprit|Colbur Berry|[weaken]
|-damage|p1a: Mesprit|77/100
|
|-heal|p2a: Stunfisk|90/100|[from] item: Leftovers
|upkeep
|turn|6
|
|t:|1659197414
|move|p1a: Mesprit|U-turn|p2a: Stunfisk
|-resisted|p2a: Stunfisk
|-damage|p2a: Stunfisk|86/100
|
|t:|1659197418
|switch|p1a: Jellicent|Jellicent, F|94/100|[from]move: U-turn
|-damage|p1a: Jellicent|82/100|[from] Stealth Rock
|move|p2a: Stunfisk|Foul Play|p1a: Jellicent
|-supereffective|p1a: Jellicent
|-damage|p1a: Jellicent|60/100
|-start|p2a: Stunfisk|Disable|Foul Play|[from] ability: Cursed Body|[of] p1a: Jellicent
|
|-heal|p1a: Jellicent|66/100|[from] item: Leftovers
|-heal|p2a: Stunfisk|92/100|[from] item: Leftovers
|upkeep
|turn|7
|j| SunnnyDays
|
|t:|1659197428
|switch|p2a: Cryogonal|Cryogonal|100/100
|move|p1a: Jellicent|Scald|p2a: Cryogonal
|-damage|p2a: Cryogonal|81/100
|-status|p2a: Cryogonal|brn
|
|-heal|p1a: Jellicent|72/100|[from] item: Leftovers
|-damage|p2a: Cryogonal|75/100 brn|[from] brn
|upkeep
|turn|8
|
|t:|1659197437
|switch|p1a: Coalossal|Coalossal, F|100/100
|move|p2a: Cryogonal|Toxic|p1a: Coalossal
|-status|p1a: Coalossal|tox
|
|-damage|p1a: Coalossal|94/100 tox|[from] psn
|-damage|p2a: Cryogonal|69/100 brn|[from] brn
|upkeep
|turn|9
|
|t:|1659197445
|switch|p2a: Gourgeist|Gourgeist-Small, F|100/100
|-damage|p2a: Gourgeist|88/100|[from] Stealth Rock
|-item|p1a: Coalossal|Heavy-Duty Boots|[from] ability: Frisk|[of] p2a: Gourgeist|[identify]
|move|p1a: Coalossal|Rapid Spin|p2a: Gourgeist
|-immune|p2a: Gourgeist
|
|-damage|p1a: Coalossal|82/100 tox|[from] psn
|upkeep
|turn|10
|
|t:|1659197459
|move|p2a: Gourgeist|Trick|p1a: Coalossal
|-activate|p2a: Gourgeist|move: Trick|[of] p1a: Coalossal
|-item|p1a: Coalossal|Choice Scarf|[from] move: Trick
|-item|p2a: Gourgeist|Heavy-Duty Boots|[from] move: Trick
|move|p1a: Coalossal|Flamethrower|p2a: Gourgeist
|-supereffective|p2a: Gourgeist
|-damage|p2a: Gourgeist|0 fnt
|faint|p2a: Gourgeist
|
|-damage|p1a: Coalossal|64/100 tox|[from] psn
|upkeep
|
|t:|1659197468
|switch|p2a: Wishiwashi|Wishiwashi, F|58/100
|-damage|p2a: Wishiwashi|46/100|[from] Stealth Rock
|-formechange|p2a: Wishiwashi|Wishiwashi-School||[from] ability: Schooling
|turn|11
|
|t:|1659197478
|switch|p1a: Jellicent|Jellicent, F|72/100
|-damage|p1a: Jellicent|60/100|[from] Stealth Rock
|move|p2a: Wishiwashi|Rest|p2a: Wishiwashi
|-status|p2a: Wishiwashi|slp|[from] move: Rest
|-heal|p2a: Wishiwashi|100/100 slp|[silent]
|
|-heal|p1a: Jellicent|66/100|[from] item: Leftovers
|upkeep
|turn|12
|
|t:|1659197488
|move|p1a: Jellicent|Toxic||[still]
|-fail|p1a: Jellicent
|cant|p2a: Wishiwashi|slp
|move|p2a: Wishiwashi|Sleep Talk|p2a: Wishiwashi
|move|p2a: Wishiwashi|Scald|p1a: Jellicent|[from]move: Sleep Talk
|-resisted|p1a: Jellicent
|-damage|p1a: Jellicent|55/100
|-start|p2a: Wishiwashi|Disable|Sleep Talk|[from] ability: Cursed Body|[of] p1a: Jellicent
|
|-heal|p1a: Jellicent|61/100|[from] item: Leftovers
|upkeep
|turn|13
|
|t:|1659197498
|move|p1a: Jellicent|Recover|p1a: Jellicent
|-heal|p1a: Jellicent|100/100
|cant|p2a: Wishiwashi|slp
|
|upkeep
|turn|14
|
|t:|1659197506
|move|p1a: Jellicent|Hex|p2a: Wishiwashi
|-damage|p2a: Wishiwashi|73/100 slp
|-curestatus|p2a: Wishiwashi|slp|[msg]
|move|p2a: Wishiwashi|U-turn|p1a: Jellicent
|-resisted|p1a: Jellicent
|-damage|p1a: Jellicent|88/100
|
|t:|1659197509
|switch|p2a: Flapple|Flapple, M|100/100|[from]move: U-turn
|-damage|p2a: Flapple|88/100|[from] Stealth Rock
|
|-heal|p1a: Jellicent|94/100|[from] item: Leftovers
|upkeep
|turn|15
|
|t:|1659197518
|switch|p1a: Mesprit|Mesprit|77/100
|-damage|p1a: Mesprit|65/100|[from] Stealth Rock
|move|p2a: Flapple|Grav Apple|p1a: Mesprit
|-damage|p1a: Mesprit|1/100
|-unboost|p1a: Mesprit|def|1
|
|upkeep
|turn|16
|
|t:|1659197526
|move|p2a: Flapple|Sucker Punch||[still]
|-fail|p2a: Flapple
|move|p1a: Mesprit|Stealth Rock||[still]
|-fail|p1a: Mesprit
|
|upkeep
|turn|17
|
|t:|1659197530
|move|p2a: Flapple|Sucker Punch||[still]
|-fail|p2a: Flapple
|move|p1a: Mesprit|Stealth Rock||[still]
|-fail|p1a: Mesprit
|
|upkeep
|turn|18
|
|t:|1659197535
|switch|p2a: Cryogonal|Cryogonal|69/100 brn
|move|p1a: Mesprit|Dazzling Gleam|p2a: Cryogonal
|-damage|p2a: Cryogonal|47/100 brn
|
|-damage|p2a: Cryogonal|41/100 brn|[from] brn
|upkeep
|turn|19
|
|t:|1659197542
|move|p2a: Cryogonal|Rapid Spin|p1a: Mesprit
|-damage|p1a: Mesprit|0 fnt
|-boost|p2a: Cryogonal|spe|1
|-sideend|p2: yassy slay|Stealth Rock|[from] move: Rapid Spin|[of] p2a: Cryogonal
|faint|p1a: Mesprit
|
|-damage|p2a: Cryogonal|35/100 brn|[from] brn
|upkeep
|
|t:|1659197548
|switch|p1a: Coalossal|Coalossal, F|64/100 tox
|-damage|p1a: Coalossal|39/100 tox|[from] Stealth Rock
|turn|20
|
|t:|1659197552
|switch|p2a: Stunfisk|Stunfisk-Galar, F|92/100
|move|p1a: Coalossal|Rapid Spin|p2a: Stunfisk
|-resisted|p2a: Stunfisk
|-damage|p2a: Stunfisk|89/100
|-boost|p1a: Coalossal|spe|1
|-sideend|p1: Eesturn|Stealth Rock|[from] move: Rapid Spin|[of] p1a: Coalossal
|
|-heal|p2a: Stunfisk|96/100|[from] item: Leftovers
|-damage|p1a: Coalossal|33/100 tox|[from] psn
|upkeep
|turn|21
|
|t:|1659197562
|switch|p1a: Thievul|Thievul, M|100/100
|move|p2a: Stunfisk|Stealth Rock|p1a: Thievul
|-sidestart|p1: Eesturn|move: Stealth Rock
|
|-heal|p2a: Stunfisk|100/100|[from] item: Leftovers
|upkeep
|turn|22
|
|t:|1659197568
|move|p1a: Thievul|Dark Pulse|p2a: Stunfisk
|-damage|p2a: Stunfisk|51/100
|cant|p2a: Stunfisk|flinch
|
|-heal|p2a: Stunfisk|58/100|[from] item: Leftovers
|upkeep
|turn|23
|
|t:|1659197573
|switch|p2a: Comfey|Comfey, F|100/100
|move|p1a: Thievul|Dark Pulse|p2a: Comfey
|-resisted|p2a: Comfey
|-damage|p2a: Comfey|50/100
|
|upkeep
|turn|24
|
|t:|1659197580
|switch|p1a: Perrserker|Perrserker, M|100/100
|-damage|p1a: Perrserker|94/100|[from] Stealth Rock
|move|p2a: Comfey|Leech Seed|p1a: Perrserker
|-start|p1a: Perrserker|move: Leech Seed
|
|-damage|p1a: Perrserker|82/100|[from] Leech Seed|[of] p2a: Comfey
|-heal|p2a: Comfey|64/100|[silent]
|upkeep
|turn|25
|
|t:|1659197598
|switch|p2a: Wishiwashi|Wishiwashi, F|73/100
|-formechange|p2a: Wishiwashi|Wishiwashi-School||[from] ability: Schooling
|move|p1a: Perrserker|U-turn|p2a: Wishiwashi
|-damage|p2a: Wishiwashi|27/100
|
|t:|1659197604
|switch|p1a: Thievul|Thievul, M|100/100|[from]move: U-turn
|-damage|p1a: Thievul|88/100|[from] Stealth Rock
|
|-heal|p2a: Wishiwashi|33/100|[from] item: Leftovers
|upkeep
|turn|26
|
|t:|1659197611
|switch|p2a: Comfey|Comfey, F|64/100
|move|p1a: Thievul|Dark Pulse|p2a: Comfey
|-resisted|p2a: Comfey
|-damage|p2a: Comfey|12/100
|
|upkeep
|turn|27
|
|t:|1659197617
|move|p2a: Comfey|Synthesis|p2a: Comfey
|-heal|p2a: Comfey|62/100
|move|p1a: Thievul|Dark Pulse|p2a: Comfey
|-resisted|p2a: Comfey
|-damage|p2a: Comfey|36/100
|
|upkeep
|turn|28
|
|t:|1659197624
|switch|p1a: Perrserker|Perrserker, M|82/100
|-damage|p1a: Perrserker|76/100|[from] Stealth Rock
|move|p2a: Comfey|Synthesis|p2a: Comfey
|-heal|p2a: Comfey|86/100
|
|upkeep
|turn|29
|
|t:|1659197634
|switch|p2a: Stunfisk|Stunfisk-Galar, F|58/100
|move|p1a: Perrserker|Iron Head|p2a: Stunfisk
|-resisted|p2a: Stunfisk
|-damage|p2a: Stunfisk|36/100
|
|-heal|p2a: Stunfisk|42/100|[from] item: Leftovers
|upkeep
|turn|30
|
|t:|1659197641
|move|p1a: Perrserker|Iron Head|p2a: Stunfisk
|-resisted|p2a: Stunfisk
|-damage|p2a: Stunfisk|17/100
|move|p2a: Stunfisk|Yawn|p1a: Perrserker
|-start|p1a: Perrserker|move: Yawn|[of] p2a: Stunfisk
|
|-heal|p2a: Stunfisk|23/100|[from] item: Leftovers
|upkeep
|turn|31
|
|t:|1659197654
|switch|p1a: Thievul|Thievul, M|88/100
|-damage|p1a: Thievul|76/100|[from] Stealth Rock
|move|p2a: Stunfisk|Yawn|p1a: Thievul
|-start|p1a: Thievul|move: Yawn|[of] p2a: Stunfisk
|
|-heal|p2a: Stunfisk|30/100|[from] item: Leftovers
|upkeep
|turn|32
|l| SunnnyDays
|
|t:|1659197665
|move|p1a: Thievul|Burning Jealousy|p2a: Stunfisk
|-supereffective|p2a: Stunfisk
|-damage|p2a: Stunfisk|0 fnt
|faint|p2a: Stunfisk
|
|-end|p1a: Thievul|move: Yawn|[silent]
|-status|p1a: Thievul|slp
|upkeep
|
|t:|1659197671
|switch|p2a: Flapple|Flapple, M|88/100
|turn|33
|
|t:|1659197680
|switch|p1a: Coalossal|Coalossal, F|33/100 tox
|-damage|p1a: Coalossal|8/100 tox|[from] Stealth Rock
|move|p2a: Flapple|Grav Apple|p1a: Coalossal
|-damage|p1a: Coalossal|0 fnt
|faint|p1a: Coalossal
|
|upkeep
|
|t:|1659197687
|switch|p1a: Perrserker|Perrserker, M|76/100
|-damage|p1a: Perrserker|70/100|[from] Stealth Rock
|turn|34
|
|t:|1659197692
|move|p2a: Flapple|Outrage|p1a: Perrserker
|-resisted|p1a: Perrserker
|-damage|p1a: Perrserker|22/100
|move|p1a: Perrserker|U-turn|p2a: Flapple
|-supereffective|p2a: Flapple
|-damage|p2a: Flapple|0 fnt
|faint|p2a: Flapple
|
|t:|1659197700
|switch|p1a: Ribombee|Ribombee, F|44/100|[from]move: U-turn
|-damage|p1a: Ribombee|19/100|[from] Stealth Rock
|
|upkeep
|
|t:|1659197705
|switch|p2a: Comfey|Comfey, F|86/100
|turn|35
|
|t:|1659197707
|move|p1a: Ribombee|Moonblast|p2a: Comfey
|-damage|p2a: Comfey|25/100
|move|p2a: Comfey|Dazzling Gleam|p1a: Ribombee
|-damage|p1a: Ribombee|0 fnt
|faint|p1a: Ribombee
|
|upkeep
|
|t:|1659197714
|switch|p1a: Perrserker|Perrserker, M|22/100
|-damage|p1a: Perrserker|16/100|[from] Stealth Rock
|turn|36
|
|t:|1659197722
|move|p2a: Comfey|Dazzling Gleam|p1a: Perrserker
|-resisted|p1a: Perrserker
|-crit|p1a: Perrserker
|-damage|p1a: Perrserker|0 fnt
|faint|p1a: Perrserker
|
|upkeep
|
|t:|1659197727
|switch|p1a: Jellicent|Jellicent, F|94/100
|-damage|p1a: Jellicent|82/100|[from] Stealth Rock
|turn|37
|
|t:|1659197731
|move|p2a: Comfey|Synthesis|p2a: Comfey
|-heal|p2a: Comfey|75/100
|move|p1a: Jellicent|Toxic|p2a: Comfey|[miss]
|-miss|p1a: Jellicent|p2a: Comfey
|
|-heal|p1a: Jellicent|88/100|[from] item: Leftovers
|upkeep
|turn|38
|
|t:|1659197737
|move|p2a: Comfey|Leech Seed|p1a: Jellicent
|-start|p1a: Jellicent|move: Leech Seed
|move|p1a: Jellicent|Toxic|p2a: Comfey
|-status|p2a: Comfey|tox
|
|-heal|p1a: Jellicent|94/100|[from] item: Leftovers
|-damage|p1a: Jellicent|82/100|[from] Leech Seed|[of] p2a: Comfey
|-heal|p2a: Comfey|91/100 tox|[silent]
|-damage|p2a: Comfey|85/100 tox|[from] psn
|upkeep
|turn|39
|
|t:|1659197745
|switch|p2a: Wishiwashi|Wishiwashi, F|33/100
|-formechange|p2a: Wishiwashi|Wishiwashi-School||[from] ability: Schooling
|switch|p1a: Thievul|Thievul, M|76/100 slp
|-damage|p1a: Thievul|63/100 slp|[from] Stealth Rock
|
|-heal|p2a: Wishiwashi|40/100|[from] item: Leftovers
|upkeep
|turn|40
|
|t:|1659197759
|cant|p1a: Thievul|slp
|move|p2a: Wishiwashi|U-turn|p1a: Thievul
|-supereffective|p1a: Thievul
|-damage|p1a: Thievul|0 fnt
|faint|p1a: Thievul
|
|t:|1659197761
|switch|p2a: Cryogonal|Cryogonal|35/100 brn|[from]move: U-turn
|
|-damage|p2a: Cryogonal|29/100 brn|[from] brn
|upkeep
|
|t:|1659197767
|switch|p1a: Jellicent|Jellicent, F|82/100
|-damage|p1a: Jellicent|69/100|[from] Stealth Rock
|turn|41
|
|t:|1659197772
|move|p2a: Cryogonal|Recover|p2a: Cryogonal
|-heal|p2a: Cryogonal|79/100 brn
|move|p1a: Jellicent|Hex|p2a: Cryogonal
|-damage|p2a: Cryogonal|46/100 brn
|
|-heal|p1a: Jellicent|75/100|[from] item: Leftovers
|-damage|p2a: Cryogonal|40/100 brn|[from] brn
|upkeep
|turn|42
|c|☆Eesturn|gg
|-message|Eesturn forfeited.
|
|win|yassy slay
|raw|Eesturn's rating: 1445 &rarr; <strong>1432</strong><br />(-13 for losing)
|raw|yassy slay's rating: 1566 &rarr; <strong>1579</strong><br />(+13 for winning)
|l|☆Eesturn
|c|☆yassy slay|gg
