|j|☆Lechugasismica
|j|☆Bellsprout Cherubi
|player|p1|Lechugasismica|unknownf|1440
|player|p2|Bellsprout Cherubi|lusamine|1294
|teamsize|p1|6
|teamsize|p2|6
|gametype|singles
|gen|8
|tier|[Gen 8] PU
|rated|
|clearpoke
|poke|p1|Throh, M|
|poke|p1|Pawniard, M|
|poke|p1|Swirlix, M|
|poke|p1|Stonjourner, M|
|poke|p1|Glaceon, F|
|poke|p1|Gastly, F|
|poke|p2|Klang|
|poke|p2|Silvally-*|
|poke|p2|Gloom, F|
|poke|p2|Mr. Rime, F|
|poke|p2|Palpitoad, M|
|poke|p2|Manectric, F|
|rule|Sleep Clause Mod: Limit one foe put to sleep
|rule|Species Clause: Limit one of each Pokémon
|rule|OHKO Clause: OHKO moves are banned
|rule|Evasion Moves Clause: Evasion moves are banned
|rule|Endless Battle Clause: Forcing endless battles is banned
|rule|HP Percentage Mod: HP is shown in percentages
|rule|Dynamax Clause: You cannot dynamax
|teampreview
|inactive|Battle timer is ON: inactive players will automatically lose when time's up. (requested by Lechugasismica)
|
|start
|switch|p1a: Swirlix|Swirlix, M|100/100
|switch|p2a: Manectric|Manectric, F|100/100
|turn|1
|
|move|p2a: Manectric|Volt Switch|p1a: Swirlix
|-damage|p1a: Swirlix|37/100
|
|switch|p2a: Mr. Rime|Mr. Rime, F|100/100|[from]move: Volt Switch
|move|p1a: Swirlix|Sticky Web|p2a: Mr. Rime
|-sidestart|p2: Bellsprout Cherubi|move: Sticky Web
|
|upkeep
|turn|2
|
|move|p2a: Mr. Rime|Rapid Spin|p1a: Swirlix
|-damage|p1a: Swirlix|22/100
|-boost|p2a: Mr. Rime|spe|1
|-sideend|p2: Bellsprout Cherubi|Sticky Web|[from] move: Rapid Spin|[of] p2a: Mr. Rime
|move|p1a: Swirlix|Endeavor|p2a: Mr. Rime
|-damage|p2a: Mr. Rime|20/100
|
|upkeep
|turn|3
|
|switch|p1a: Glaceon|Glaceon, F|100/100
|move|p2a: Mr. Rime|Freeze-Dry|p1a: Glaceon
|-resisted|p1a: Glaceon
|-damage|p1a: Glaceon|78/100
|
|upkeep
|turn|4
|
|move|p2a: Mr. Rime|Focus Blast|p1a: Glaceon
|-supereffective|p1a: Glaceon
|-damage|p1a: Glaceon|0 fnt
|faint|p1a: Glaceon
|
|upkeep
|
|switch|p1a: Gastly|Gastly, F|100/100
|turn|5
|
|move|p2a: Mr. Rime|Freeze-Dry|p1a: Gastly
|-damage|p1a: Gastly|0 fnt
|faint|p1a: Gastly
|
|upkeep
|
|switch|p1a: Pawniard|Pawniard, M|100/100
|turn|6
|
|switch|p2a: Palpitoad|Palpitoad, M|100/100
|move|p1a: Pawniard|Swords Dance|p1a: Pawniard
|-boost|p1a: Pawniard|atk|2
|
|upkeep
|turn|7
|
|move|p1a: Pawniard|Knock Off|p2a: Palpitoad
|-damage|p2a: Palpitoad|42/100
|-enditem|p2a: Palpitoad|Eviolite|[from] move: Knock Off|[of] p1a: Pawniard
|move|p2a: Palpitoad|Earth Power|p1a: Pawniard
|-supereffective|p1a: Pawniard
|-damage|p1a: Pawniard|17/100
|
|upkeep
|turn|8
|
|move|p1a: Pawniard|Iron Head|p2a: Palpitoad
|-resisted|p2a: Palpitoad
|-damage|p2a: Palpitoad|10/100
|move|p2a: Palpitoad|Earth Power|p1a: Pawniard
|-supereffective|p1a: Pawniard
|-damage|p1a: Pawniard|0 fnt
|faint|p1a: Pawniard
|
|upkeep
|
|switch|p1a: Swirlix|Swirlix, M|22/100
|turn|9
|
|move|p1a: Swirlix|Sticky Web|p2a: Palpitoad
|-sidestart|p2: Bellsprout Cherubi|move: Sticky Web
|move|p2a: Palpitoad|Scald|p1a: Swirlix
|-damage|p1a: Swirlix|0 fnt
|faint|p1a: Swirlix
|
|upkeep
|
|switch|p1a: Throh|Throh, M|100/100
|turn|10
|
|move|p1a: Throh|Storm Throw|p2a: Palpitoad
|-crit|p2a: Palpitoad
|-damage|p2a: Palpitoad|0 fnt
|faint|p2a: Palpitoad
|
|-status|p1a: Throh|brn|[from] item: Flame Orb
|upkeep
|
|switch|p2a: Cermet|Gloom, F|100/100
|-activate|p2a: Cermet|move: Sticky Web
|-unboost|p2a: Cermet|spe|1
|turn|11
|
|move|p1a: Throh|Knock Off|p2a: Cermet
|-damage|p2a: Cermet|67/100
|-enditem|p2a: Cermet|Eviolite|[from] move: Knock Off|[of] p1a: Throh
|move|p2a: Cermet|Strength Sap|p1a: Throh
|-unboost|p1a: Throh|atk|1
|-heal|p2a: Cermet|100/100
|
|-damage|p1a: Throh|94/100 brn|[from] brn
|upkeep
|turn|12
|
|switch|p1a: Stonjourner|Stonjourner, M|100/100
|move|p2a: Cermet|Worry Seed|p1a: Stonjourner
|-endability|p1a: Stonjourner|Power Spot|[from] move: Worry Seed
|-ability|p1a: Stonjourner|Insomnia|[from] move: Worry Seed
|
|upkeep
|turn|13
|
|move|p1a: Stonjourner|Heat Crash|p2a: Cermet
|-supereffective|p2a: Cermet
|-damage|p2a: Cermet|0 fnt
|-damage|p1a: Stonjourner|91/100|[from] item: Life Orb
|faint|p2a: Cermet
|
|upkeep
|
|switch|p2a: Manectric|Manectric, F|100/100
|-activate|p2a: Manectric|move: Sticky Web
|-unboost|p2a: Manectric|spe|1
|turn|14
|
|move|p2a: Manectric|Volt Switch|p1a: Stonjourner
|-damage|p1a: Stonjourner|0 fnt
|faint|p1a: Stonjourner
|
|switch|p2a: Mr. Rime|Mr. Rime, F|20/100|[from]move: Volt Switch
|
|upkeep
|
|switch|p1a: Throh|Throh, M|94/100 brn
|turn|15
|
|move|p2a: Mr. Rime|Rapid Spin|p1a: Throh
|-damage|p1a: Throh|86/100 brn
|-boost|p2a: Mr. Rime|spe|1
|-sideend|p2: Bellsprout Cherubi|Sticky Web|[from] move: Rapid Spin|[of] p2a: Mr. Rime
|move|p1a: Throh|Knock Off|p2a: Mr. Rime
|-supereffective|p2a: Mr. Rime
|-damage|p2a: Mr. Rime|0 fnt
|-enditem|p2a: Mr. Rime|Heavy-Duty Boots|[from] move: Knock Off|[of] p1a: Throh
|faint|p2a: Mr. Rime
|
|-damage|p1a: Throh|80/100 brn|[from] brn
|upkeep
|
|switch|p2a: Silvally|Silvally-Rock|100/100
|turn|16
|
|move|p2a: Silvally|Explosion|p1a: Throh
|-damage|p1a: Throh|3/100 brn
|faint|p2a: Silvally
|move|p1a: Throh|Storm Throw|p2: Silvally|[notarget]
|-fail|p1a: Throh
|
|-damage|p1a: Throh|0 fnt|[from] brn
|faint|p1a: Throh
|
|win|Bellsprout Cherubi
|upkeep
|l|☆Lechugasismica
||Ladder (probably) updated, but score could not be retrieved (Response not received).
