|j|☆yassy slay
|j|☆HazamaKazama
|t:|1658954010
|gametype|singles
|player|p1|yassy slay|clown|1535
|player|p2|HazamaKazama|drayden|1391
|teamsize|p1|6
|teamsize|p2|6
|gen|8
|tier|[Gen 8] PU
|rated|
|rule|Sleep Clause Mod: Limit one foe put to sleep
|rule|Species Clause: Limit one of each Pokémon
|rule|OHKO Clause: OHKO moves are banned
|rule|Evasion Moves Clause: Evasion moves are banned
|rule|Endless Battle Clause: Forcing endless battles is banned
|rule|HP Percentage Mod: HP is shown in percentages
|rule|Dynamax Clause: You cannot dynamax
|clearpoke
|poke|p1|Lunatone|
|poke|p1|Stunfisk-Galar, M|
|poke|p1|Jellicent, M|
|poke|p1|Scrafty, F|
|poke|p1|Ribombee, F|
|poke|p1|Charizard, F|
|poke|p2|Magmortar, M|
|poke|p2|Eldegoss, F|
|poke|p2|Lickilicky, M|
|poke|p2|Jellicent, F|
|poke|p2|Magneton|
|poke|p2|Silvally-*|
|teampreview
|inactive|Battle timer is ON: inactive players will automatically lose when time's up. (requested by HazamaKazama)
|
|t:|1658954037
|start
|switch|p1a: Lunatone|Lunatone|100/100
|switch|p2a: Inductor|Magneton, shiny|100/100
|turn|1
|
|t:|1658954044
|switch|p1a: Stunfisk|Stunfisk-Galar, M|100/100
|move|p2a: Inductor|Flash Cannon|p1a: Stunfisk
|-resisted|p1a: Stunfisk
|-damage|p1a: Stunfisk|75/100
|
|-heal|p1a: Stunfisk|81/100|[from] item: Leftovers
|upkeep
|turn|2
|
|t:|1658954069
|switch|p2a: Chie|Eldegoss, F, shiny|100/100
|move|p1a: Stunfisk|Stealth Rock|p2a: Chie
|-sidestart|p2: HazamaKazama|move: Stealth Rock
|
|-heal|p1a: Stunfisk|87/100|[from] item: Leftovers
|upkeep
|turn|3
|
|t:|1658954092
|switch|p1a: Charizard|Charizard, F|100/100
|move|p2a: Chie|Sleep Powder|p1a: Charizard
|-status|p1a: Charizard|slp|[from] move: Sleep Powder
|
|upkeep
|turn|4
|inactive|HazamaKazama has 120 seconds left.
|
|t:|1658954123
|switch|p1a: Scrafty|Scrafty, F|100/100
|switch|p2a: Raspberry Chan|Jellicent, F, shiny|100/100
|
|upkeep
|turn|5
|inactive|HazamaKazama has 120 seconds left.
|
|t:|1658954134
|switch|p2a: Chie|Eldegoss, F, shiny|100/100
|move|p1a: Scrafty|Poison Jab|p2a: Chie
|-supereffective|p2a: Chie
|-damage|p2a: Chie|58/100
|-status|p2a: Chie|psn
|
|-damage|p2a: Chie|46/100 psn|[from] psn
|upkeep
|turn|6
|inactive|HazamaKazama has 120 seconds left.
|
|t:|1658954158
|switch|p2a: Bubbies|Lickilicky, M, shiny|100/100
|-damage|p2a: Bubbies|88/100|[from] Stealth Rock
|move|p1a: Scrafty|Dragon Dance|p1a: Scrafty
|-boost|p1a: Scrafty|atk|1
|-boost|p1a: Scrafty|spe|1
|
|-heal|p2a: Bubbies|94/100|[from] item: Leftovers
|upkeep
|turn|7
|
|t:|1658954167
|switch|p2a: Yagu|Silvally-Fairy|100/100
|-damage|p2a: Yagu|88/100|[from] Stealth Rock
|move|p1a: Scrafty|Dragon Dance|p1a: Scrafty
|-boost|p1a: Scrafty|atk|1
|-boost|p1a: Scrafty|spe|1
|
|upkeep
|turn|8
|
|t:|1658954171
|move|p1a: Scrafty|Poison Jab|p2a: Yagu
|-supereffective|p2a: Yagu
|-damage|p2a: Yagu|1/100
|move|p2a: Yagu|Multi-Attack|p1a: Scrafty
|-supereffective|p1a: Scrafty
|-damage|p1a: Scrafty|0 fnt
|faint|p1a: Scrafty
|
|upkeep
|c|☆HazamaKazama|omg that would've been gg
|
|t:|1658954189
|switch|p1a: Ribombee|Ribombee, F|100/100
|turn|9
|
|t:|1658954199
|switch|p2a: Inductor|Magneton, shiny|100/100
|-damage|p2a: Inductor|95/100|[from] Stealth Rock
|move|p1a: Ribombee|Moonblast|p2a: Inductor
|-resisted|p2a: Inductor
|-damage|p2a: Inductor|63/100
|
|upkeep
|turn|10
|
|t:|1658954208
|switch|p1a: Stunfisk|Stunfisk-Galar, M|87/100
|switch|p2a: Bubbies|Lickilicky, M, shiny|94/100
|-damage|p2a: Bubbies|82/100|[from] Stealth Rock
|
|-heal|p2a: Bubbies|88/100|[from] item: Leftovers
|-heal|p1a: Stunfisk|93/100|[from] item: Leftovers
|upkeep
|turn|11
|
|t:|1658954222
|switch|p1a: Lunatone|Lunatone|100/100
|move|p2a: Bubbies|Wish|p2a: Bubbies
|
|-heal|p2a: Bubbies|94/100|[from] item: Leftovers
|upkeep
|turn|12
|
|t:|1658954225
|move|p1a: Lunatone|Future Sight|p2a: Bubbies
|-start|p1a: Lunatone|move: Future Sight
|move|p2a: Bubbies|Toxic|p1a: Lunatone
|-status|p1a: Lunatone|tox
|
|-heal|p2a: Bubbies|100/100|[from] move: Wish|[wisher] Bubbies
|-damage|p1a: Lunatone|94/100 tox|[from] psn
|upkeep
|turn|13
|
|t:|1658954238
|switch|p1a: Ribombee|Ribombee, F|100/100
|move|p2a: Bubbies|Wish|p2a: Bubbies
|
|upkeep
|turn|14
|
|t:|1658954243
|move|p1a: Ribombee|Trick|p2a: Bubbies
|-activate|p1a: Ribombee|move: Trick|[of] p2a: Bubbies
|-item|p2a: Bubbies|Choice Specs|[from] move: Trick
|-item|p1a: Ribombee|Leftovers|[from] move: Trick
|move|p2a: Bubbies|Toxic|p1a: Ribombee
|-status|p1a: Ribombee|tox
|
|-end|p2a: Bubbies|move: Future Sight
|-damage|p2a: Bubbies|57/100
|-heal|p2a: Bubbies|100/100|[from] move: Wish|[wisher] Bubbies
|-damage|p1a: Ribombee|94/100 tox|[from] psn
|upkeep
|turn|15
|
|t:|1658954266
|switch|p2a: Yagu|Silvally-Fairy|1/100
|-damage|p2a: Yagu|0 fnt|[from] Stealth Rock
|faint|p2a: Yagu
|move|p1a: Ribombee|Aromatherapy|p1a: Ribombee
|-activate|p1a: Ribombee|move: Aromatherapy
|-curestatus|p1a: Ribombee|tox|[msg]
|-curestatus|p1: Charizard|slp|[msg]
|-curestatus|p1: Lunatone|tox|[msg]
|
|-heal|p1a: Ribombee|100/100|[from] item: Leftovers
|upkeep
|
|t:|1658954278
|switch|p2a: Chie|Eldegoss, F, shiny|79/100 psn
|turn|16
|
|t:|1658954287
|switch|p1a: Jellicent|Jellicent, M|100/100
|move|p2a: Chie|Energy Ball|p1a: Jellicent
|-supereffective|p1a: Jellicent
|-damage|p1a: Jellicent|57/100
|
|-damage|p2a: Chie|67/100 psn|[from] psn
|upkeep
|turn|17
|
|t:|1658954296
|move|p1a: Jellicent|Recover|p1a: Jellicent
|-heal|p1a: Jellicent|100/100
|move|p2a: Chie|Energy Ball|p1a: Jellicent
|-supereffective|p1a: Jellicent
|-damage|p1a: Jellicent|61/100
|
|-damage|p2a: Chie|54/100 psn|[from] psn
|upkeep
|turn|18
|
|t:|1658954312
|switch|p2a: Bubbies|Lickilicky, M, shiny|100/100
|-damage|p2a: Bubbies|88/100|[from] Stealth Rock
|move|p1a: Jellicent|Recover|p1a: Jellicent
|-heal|p1a: Jellicent|100/100
|
|upkeep
|turn|19
|
|t:|1658954318
|switch|p1a: Stunfisk|Stunfisk-Galar, M|93/100
|move|p2a: Bubbies|Heal Bell|p2a: Bubbies
|-activate|p2a: Bubbies|move: Heal Bell
|-curestatus|p2: Chie|psn|[msg]
|
|-heal|p1a: Stunfisk|99/100|[from] item: Leftovers
|upkeep
|turn|20
|
|t:|1658954329
|switch|p2a: Chie|Eldegoss, F, shiny|88/100
|switch|p1a: Jellicent|Jellicent, M|100/100
|
|upkeep
|turn|21
|
|t:|1658954338
|move|p1a: Jellicent|Toxic|p2a: Chie
|-status|p2a: Chie|tox
|move|p2a: Chie|Sleep Powder|p1a: Jellicent
|-status|p1a: Jellicent|slp|[from] move: Sleep Powder
|
|-damage|p2a: Chie|81/100 tox|[from] psn
|upkeep
|turn|22
|
|t:|1658954345
|switch|p1a: Charizard|Charizard, F|100/100
|move|p2a: Chie|Rapid Spin|p1a: Charizard
|-damage|p1a: Charizard|92/100
|-boost|p2a: Chie|spe|1
|-sideend|p2: HazamaKazama|Stealth Rock|[from] move: Rapid Spin|[of] p2a: Chie
|
|-damage|p2a: Chie|69/100 tox|[from] psn
|upkeep
|turn|23
|
|t:|1658954353
|switch|p2a: Raspberry Chan|Jellicent, F, shiny|100/100
|move|p1a: Charizard|Toxic|p2a: Raspberry Chan
|-status|p2a: Raspberry Chan|tox
|
|-damage|p2a: Raspberry Chan|94/100 tox|[from] psn
|upkeep
|turn|24
|
|t:|1658954366
|switch|p1a: Ribombee|Ribombee, F|100/100
|move|p2a: Raspberry Chan|Night Shade|p1a: Ribombee
|-damage|p1a: Ribombee|62/100
|
|-heal|p1a: Ribombee|68/100|[from] item: Leftovers
|-damage|p2a: Raspberry Chan|82/100 tox|[from] psn
|upkeep
|turn|25
|
|t:|1658954376
|switch|p1a: Lunatone|Lunatone|94/100
|switch|p2a: Bubbies|Lickilicky, M, shiny|88/100
|
|-heal|p1a: Lunatone|100/100|[from] item: Leftovers
|upkeep
|turn|26
|
|t:|1658954383
|move|p1a: Lunatone|Future Sight|p2a: Bubbies
|-start|p1a: Lunatone|move: Future Sight
|move|p2a: Bubbies|Heal Bell|p2a: Bubbies
|-activate|p2a: Bubbies|move: Heal Bell
|-curestatus|p2: Raspberry Chan|tox|[msg]
|-curestatus|p2: Chie|tox|[msg]
|
|upkeep
|turn|27
|
|t:|1658954389
|switch|p2a: Chie|Eldegoss, F, shiny|100/100
|move|p1a: Lunatone|Power Gem|p2a: Chie
|-damage|p2a: Chie|71/100
|
|upkeep
|turn|28
|j| Belindas Dad
|
|t:|1658954401
|switch|p1a: Ribombee|Ribombee, F|68/100
|move|p2a: Chie|Synthesis|p2a: Chie
|-heal|p2a: Chie|100/100
|
|-end|p2a: Chie|move: Future Sight
|-damage|p2a: Chie|57/100
|-heal|p1a: Ribombee|74/100|[from] item: Leftovers
|upkeep
|turn|29
|
|t:|1658954409
|switch|p2a: Agidyne|Magmortar, M, shiny|100/100
|move|p1a: Ribombee|Aromatherapy|p1a: Ribombee
|-activate|p1a: Ribombee|move: Aromatherapy
|-curestatus|p1: Jellicent|slp|[msg]
|
|-heal|p1a: Ribombee|81/100|[from] item: Leftovers
|upkeep
|turn|30
|
|t:|1658954422
|switch|p1a: Lunatone|Lunatone|100/100
|move|p2a: Agidyne|Thunderbolt|p1a: Lunatone
|-damage|p1a: Lunatone|37/100
|
|-heal|p1a: Lunatone|43/100|[from] item: Leftovers
|upkeep
|turn|31
|
|t:|1658954428
|switch|p1a: Stunfisk|Stunfisk-Galar, M|99/100
|move|p2a: Agidyne|Thunderbolt|p1a: Stunfisk
|-immune|p1a: Stunfisk
|
|-heal|p1a: Stunfisk|100/100|[from] item: Leftovers
|upkeep
|turn|32
|
|t:|1658954437
|switch|p2a: Raspberry Chan|Jellicent, F, shiny|82/100
|move|p1a: Stunfisk|Stealth Rock|p2a: Raspberry Chan
|-sidestart|p2: HazamaKazama|move: Stealth Rock
|
|upkeep
|turn|33
|
|t:|1658954449
|switch|p2a: Chie|Eldegoss, F, shiny|90/100
|switch|p1a: Ribombee|Ribombee, F|81/100
|
|-heal|p1a: Ribombee|87/100|[from] item: Leftovers
|upkeep
|turn|34
|
|t:|1658954461
|switch|p1a: Charizard|Charizard, F|92/100
|move|p2a: Chie|Synthesis|p2a: Chie
|-heal|p2a: Chie|100/100
|
|upkeep
|turn|35
|
|t:|1658954466
|switch|p2a: Raspberry Chan|Jellicent, F, shiny|82/100
|move|p1a: Charizard|Toxic|p2a: Raspberry Chan
|-status|p2a: Raspberry Chan|tox
|
|-damage|p2a: Raspberry Chan|76/100 tox|[from] psn
|upkeep
|turn|36
|
|t:|1658954471
|move|p1a: Charizard|Flamethrower|p2a: Raspberry Chan
|-resisted|p2a: Raspberry Chan
|-crit|p2a: Raspberry Chan
|-damage|p2a: Raspberry Chan|58/100 tox
|move|p2a: Raspberry Chan|Night Shade|p1a: Charizard
|-damage|p1a: Charizard|58/100
|
|-damage|p2a: Raspberry Chan|45/100 tox|[from] psn
|upkeep
|turn|37
|
|t:|1658954476
|move|p1a: Charizard|Roost|p1a: Charizard
|-heal|p1a: Charizard|100/100
|-singleturn|p1a: Charizard|move: Roost
|move|p2a: Raspberry Chan|Recover|p2a: Raspberry Chan
|-heal|p2a: Raspberry Chan|96/100 tox
|
|-damage|p2a: Raspberry Chan|77/100 tox|[from] psn
|upkeep
|turn|38
|
|t:|1658954484
|move|p1a: Charizard|Flamethrower|p2a: Raspberry Chan
|-resisted|p2a: Raspberry Chan
|-damage|p2a: Raspberry Chan|66/100 tox
|move|p2a: Raspberry Chan|Scald|p1a: Charizard
|-supereffective|p1a: Charizard
|-damage|p1a: Charizard|38/100
|
|-damage|p2a: Raspberry Chan|41/100 tox|[from] psn
|upkeep
|turn|39
|
|t:|1658954493
|move|p1a: Charizard|Roost|p1a: Charizard
|-heal|p1a: Charizard|88/100
|-singleturn|p1a: Charizard|move: Roost
|move|p2a: Raspberry Chan|Recover|p2a: Raspberry Chan
|-heal|p2a: Raspberry Chan|91/100 tox
|
|-damage|p2a: Raspberry Chan|60/100 tox|[from] psn
|upkeep
|turn|40
|
|t:|1658954495
|switch|p2a: Bubbies|Lickilicky, M, shiny|88/100
|-damage|p2a: Bubbies|75/100|[from] Stealth Rock
|move|p1a: Charizard|Flamethrower|p2a: Bubbies
|-crit|p2a: Bubbies
|-damage|p2a: Bubbies|24/100
|
|upkeep
|turn|41
|
|t:|1658954505
|move|p1a: Charizard|Flamethrower|p2a: Bubbies
|-crit|p2a: Bubbies
|-damage|p2a: Bubbies|0 fnt
|faint|p2a: Bubbies
|
|upkeep
|
|t:|1658954522
|switch|p2a: Raspberry Chan|Jellicent, F, shiny|60/100 tox
|turn|42
|
|t:|1658954532
|switch|p1a: Jellicent|Jellicent, M|100/100
|move|p2a: Raspberry Chan|Scald|p1a: Jellicent
|-resisted|p1a: Jellicent
|-damage|p1a: Jellicent|91/100
|
|-damage|p2a: Raspberry Chan|54/100 tox|[from] psn
|upkeep
|turn|43
|
|t:|1658954540
|switch|p1a: Charizard|Charizard, F|88/100
|switch|p2a: Chie|Eldegoss, F, shiny|100/100
|
|upkeep
|turn|44
|
|t:|1658954549
|move|p1a: Charizard|Toxic|p2a: Chie
|-status|p2a: Chie|tox
|move|p2a: Chie|Rapid Spin|p1a: Charizard
|-damage|p1a: Charizard|80/100
|-boost|p2a: Chie|spe|1
|-sideend|p2: HazamaKazama|Stealth Rock|[from] move: Rapid Spin|[of] p2a: Chie
|
|-damage|p2a: Chie|94/100 tox|[from] psn
|upkeep
|turn|45
|
|t:|1658954556
|switch|p1a: Stunfisk|Stunfisk-Galar, M|100/100
|switch|p2a: Agidyne|Magmortar, M, shiny|100/100
|
|upkeep
|turn|46
|
|t:|1658954571
|switch|p1a: Jellicent|Jellicent, M|91/100
|move|p2a: Agidyne|Fire Blast|p1a: Jellicent
|-resisted|p1a: Jellicent
|-damage|p1a: Jellicent|52/100
|
|upkeep
|turn|47
|
|t:|1658954583
|switch|p1a: Stunfisk|Stunfisk-Galar, M|100/100
|move|p2a: Agidyne|Fire Blast|p1a: Stunfisk
|-supereffective|p1a: Stunfisk
|-damage|p1a: Stunfisk|0 fnt
|faint|p1a: Stunfisk
|
|upkeep
|
|t:|1658954587
|switch|p1a: Lunatone|Lunatone|43/100
|turn|48
|
|t:|1658954596
|move|p2a: Agidyne|Fire Blast|p1a: Lunatone|[miss]
|-miss|p2a: Agidyne|p1a: Lunatone
|move|p1a: Lunatone|Moonlight|p1a: Lunatone
|-heal|p1a: Lunatone|93/100
|
|-heal|p1a: Lunatone|99/100|[from] item: Leftovers
|upkeep
|turn|49
|
|t:|1658954603
|switch|p2a: Inductor|Magneton, shiny|63/100
|move|p1a: Lunatone|Future Sight|p2a: Inductor
|-start|p1a: Lunatone|move: Future Sight
|
|-heal|p1a: Lunatone|100/100|[from] item: Leftovers
|upkeep
|turn|50
|
|t:|1658954620
|move|p1a: Lunatone|Power Gem|p2a: Inductor
|-resisted|p2a: Inductor
|-damage|p2a: Inductor|45/100
|move|p2a: Inductor|Volt Switch|p1a: Lunatone
|-damage|p1a: Lunatone|43/100
|
|t:|1658954627
|switch|p2a: Chie|Eldegoss, F, shiny|100/100 tox|[from]move: Volt Switch
|
|-heal|p1a: Lunatone|49/100|[from] item: Leftovers
|-damage|p2a: Chie|94/100 tox|[from] psn
|upkeep
|turn|51
|
|t:|1658954635
|move|p1a: Lunatone|Moonlight|p1a: Lunatone
|-heal|p1a: Lunatone|99/100
|move|p2a: Chie|Sleep Powder|p1a: Lunatone
|-status|p1a: Lunatone|slp|[from] move: Sleep Powder
|
|-end|p2a: Chie|move: Future Sight
|-damage|p2a: Chie|52/100 tox
|-heal|p1a: Lunatone|100/100 slp|[from] item: Leftovers
|-damage|p2a: Chie|39/100 tox|[from] psn
|upkeep
|turn|52
|
|t:|1658954647
|switch|p1a: Ribombee|Ribombee, F|87/100
|switch|p2a: Inductor|Magneton, shiny|45/100
|
|-heal|p1a: Ribombee|93/100|[from] item: Leftovers
|upkeep
|turn|53
|
|t:|1658954657
|move|p1a: Ribombee|Moonblast|p2a: Inductor
|-resisted|p2a: Inductor
|-damage|p2a: Inductor|26/100
|move|p2a: Inductor|Thunderbolt|p1a: Ribombee
|-damage|p1a: Ribombee|0 fnt
|faint|p1a: Ribombee
|
|upkeep
|
|t:|1658954660
|switch|p1a: Charizard|Charizard, F|80/100
|turn|54
|
|t:|1658954664
|switch|p2a: Raspberry Chan|Jellicent, F, shiny|54/100 tox
|move|p1a: Charizard|Flamethrower|p2a: Raspberry Chan
|-resisted|p2a: Raspberry Chan
|-damage|p2a: Raspberry Chan|41/100 tox
|
|-damage|p2a: Raspberry Chan|34/100 tox|[from] psn
|upkeep
|turn|55
|
|t:|1658954674
|move|p1a: Charizard|Flamethrower|p2a: Raspberry Chan
|-resisted|p2a: Raspberry Chan
|-damage|p2a: Raspberry Chan|22/100 tox
|move|p2a: Raspberry Chan|Recover|p2a: Raspberry Chan
|-heal|p2a: Raspberry Chan|72/100 tox
|
|-damage|p2a: Raspberry Chan|60/100 tox|[from] psn
|upkeep
|turn|56
|
|t:|1658954683
|move|p1a: Charizard|Flamethrower|p2a: Raspberry Chan
|-resisted|p2a: Raspberry Chan
|-damage|p2a: Raspberry Chan|48/100 tox
|move|p2a: Raspberry Chan|Scald|p1a: Charizard
|-supereffective|p1a: Charizard
|-damage|p1a: Charizard|19/100
|
|-damage|p2a: Raspberry Chan|29/100 tox|[from] psn
|upkeep
|turn|57
|
|t:|1658954688
|switch|p2a: Agidyne|Magmortar, M, shiny|100/100
|move|p1a: Charizard|Roost|p1a: Charizard
|-heal|p1a: Charizard|70/100
|-singleturn|p1a: Charizard|move: Roost
|
|upkeep
|turn|58
|
|t:|1658954695
|move|p1a: Charizard|Roost|p1a: Charizard
|-heal|p1a: Charizard|100/100
|-singleturn|p1a: Charizard|move: Roost
|move|p2a: Agidyne|Thunderbolt|p1a: Charizard
|-crit|p1a: Charizard
|-damage|p1a: Charizard|0 fnt
|faint|p1a: Charizard
|
|upkeep
|
|t:|1658954698
|switch|p1a: Lunatone|Lunatone|100/100 slp
|turn|59
|
|t:|1658954717
|switch|p2a: Inductor|Magneton, shiny|26/100
|cant|p1a: Lunatone|slp
|
|upkeep
|turn|60
|
|t:|1658954732
|cant|p1a: Lunatone|slp
|move|p2a: Inductor|Steel Beam|p1a: Lunatone
|-supereffective|p1a: Lunatone
|-damage|p1a: Lunatone|0 fnt
|-damage|p2a: Inductor|0 fnt|[from] mindblown
|faint|p2a: Inductor
|faint|p1a: Lunatone
|
|upkeep
|
|t:|1658954737
|switch|p1a: Jellicent|Jellicent, M|52/100
|switch|p2a: Agidyne|Magmortar, M, shiny|100/100
|turn|61
|
|t:|1658954739
|move|p2a: Agidyne|Thunderbolt|p1a: Jellicent
|-supereffective|p1a: Jellicent
|-damage|p1a: Jellicent|0 fnt
|faint|p1a: Jellicent
|
|win|HazamaKazama
|raw|yassy slay's rating: 1535 &rarr; <strong>1507</strong><br />(-28 for losing)
|raw|HazamaKazama's rating: 1391 &rarr; <strong>1419</strong><br />(+28 for winning)
|c|☆HazamaKazama|GG
|c|☆yassy slay|gg
|l|☆yassy slay
||Ladder isn't responding, score probably updated but might not have (Request timeout).
