|html|<div class="broadcast-blue"><strong>[Gen 8] PU is currently suspecting Drampa! For information on how to participate check out the <a href="https://www.smogon.com/forums/threads/np-pu-stage-7-i-hear-hyper-voices-in-my-head-drampa-suspect-test.3692992/">suspect thread</a>.</strong></div>
|j|☆PUDS Madara
|j|☆Rocketpro8717
|inactive|Battle timer is ON: inactive players will automatically lose when time's up.
|t:|1636989206
|gametype|singles
|player|p1|PUDS Madara|drayden|
|player|p2|Rocketpro8717|pokemaniac|
|teamsize|p1|6
|teamsize|p2|6
|gen|8
|tier|[Gen 8] PU
|rated|Tournament battle
|rule|Sleep Clause Mod: Limit one foe put to sleep
|rule|Species Clause: Limit one of each Pokémon
|rule|OHKO Clause: OHKO moves are banned
|rule|Evasion Moves Clause: Evasion moves are banned
|rule|Endless Battle Clause: Forcing endless battles is banned
|rule|HP Percentage Mod: HP is shown in percentages
|rule|Dynamax Clause: You cannot dynamax
|clearpoke
|poke|p1|Audino, M|
|poke|p1|Articuno|
|poke|p1|Miltank, F|
|poke|p1|Qwilfish, M|
|poke|p1|Quagsire, M|
|poke|p1|Aromatisse, M|
|poke|p2|Ribombee, F|
|poke|p2|Jellicent, F|
|poke|p2|Sandaconda, M|
|poke|p2|Perrserker, F|
|poke|p2|Charizard, F|
|poke|p2|Audino, M|
|teampreview
|j|*Lady Monita ☽
|j| Sabado Perpetuo
|j| xasahbae
|j| daniYSB
|l| Sabado Perpetuo
|l| xasahbae
|j| zokua
|
|t:|1636989220
|start
|switch|p1a: ADAMANTINE KATA|Audino, M, shiny|100/100
|switch|p2a: Ribombee|Ribombee, F|100/100
|turn|1
|l| zokua
|c| daniYSB|wait bc y’all suck lmfao
|
|t:|1636989228
|move|p1a: ADAMANTINE KATA|Protect|p1a: ADAMANTINE KATA
|-singleturn|p1a: ADAMANTINE KATA|Protect
|move|p2a: Ribombee|Sticky Web|p1a: ADAMANTINE KATA
|-sidestart|p1: PUDS Madara|move: Sticky Web
|
|upkeep
|turn|2
|c|☆Rocketpro8717|Facts
|j| PokemonDimensions
|
|t:|1636989238
|switch|p2a: Sandaconda|Sandaconda, M|100/100
|move|p1a: ADAMANTINE KATA|Knock Off|p2a: Sandaconda
|-damage|p2a: Sandaconda|91/100
|-damage|p1a: ADAMANTINE KATA|84/100|[from] item: Rocky Helmet|[of] p2a: Sandaconda
|-enditem|p2a: Sandaconda|Rocky Helmet|[from] move: Knock Off|[of] p1a: ADAMANTINE KATA
|
|upkeep
|turn|3
|j| ii77
|
|t:|1636989253
|switch|p1a: IRON FINGERS|Miltank, F, shiny|100/100
|move|p2a: Sandaconda|Stealth Rock|p1a: IRON FINGERS
|-sidestart|p1: PUDS Madara|move: Stealth Rock
|
|upkeep
|turn|4
|c| daniYSB|Stall is fine but why use it in these room tours
|
|t:|1636989276
|move|p1a: IRON FINGERS|Stealth Rock|p2a: Sandaconda
|-sidestart|p2: Rocketpro8717|move: Stealth Rock
|move|p2a: Sandaconda|Earthquake|p1a: IRON FINGERS
|-damage|p1a: IRON FINGERS|76/100
|
|upkeep
|turn|5
|
|t:|1636989292
|switch|p1a: FIRE WATER|Quagsire, M, shiny|100/100
|move|p2a: Sandaconda|Earthquake|p1a: FIRE WATER
|-crit|p1a: FIRE WATER
|-damage|p1a: FIRE WATER|62/100
|
|upkeep
|turn|6
|j| PokeArt2004❤
|
|t:|1636989310
|switch|p2a: Audino|Audino, M|100/100
|move|p1a: FIRE WATER|Recover|p1a: FIRE WATER
|-heal|p1a: FIRE WATER|100/100
|
|upkeep
|turn|7
|c| PokemonDimensions|it is an official though so at least it doesn't screw up scheduling that bad (i once saw someone try to use stall in a bss tour that was made because official was in less than an hour)
|inactive|PUDS Madara has 120 seconds left.
|j| PyroTheGeomance
|
|t:|1636989343
|switch|p1a: ADAMANTINE KATA|Audino, M, shiny|100/100
|move|p2a: Audino|Toxic|p1a: ADAMANTINE KATA
|-status|p1a: ADAMANTINE KATA|tox
|
|-damage|p1a: ADAMANTINE KATA|94/100 tox|[from] psn
|upkeep
|turn|8
|inactive|PUDS Madara has 120 seconds left.
|
|t:|1636989352
|move|p2a: Audino|Knock Off|p1a: ADAMANTINE KATA
|-damage|p1a: ADAMANTINE KATA|80/100 tox
|-enditem|p1a: ADAMANTINE KATA|Heavy-Duty Boots|[from] move: Knock Off|[of] p2a: Audino
|move|p1a: ADAMANTINE KATA|Knock Off|p2a: Audino
|-damage|p2a: Audino|86/100
|-enditem|p2a: Audino|Heavy-Duty Boots|[from] move: Knock Off|[of] p1a: ADAMANTINE KATA
|
|-damage|p1a: ADAMANTINE KATA|67/100 tox|[from] psn
|upkeep
|turn|9
|l| PyroTheGeomance
|
|t:|1636989363
|switch|p2a: Perrserker|Perrserker, F|100/100
|-damage|p2a: Perrserker|94/100|[from] Stealth Rock
|switch|p1a: POSSESSING SPIRIT|Aromatisse, M, shiny|100/100
|-damage|p1a: POSSESSING SPIRIT|88/100|[from] Stealth Rock
|-activate|p1a: POSSESSING SPIRIT|move: Sticky Web
|-unboost|p1a: POSSESSING SPIRIT|spe|1
|
|-heal|p1a: POSSESSING SPIRIT|94/100|[from] item: Leftovers
|upkeep
|turn|10
|c| PokemonDimensions|grab some popcorn folks. gonna be here a while
|
|t:|1636989374
|switch|p1a: Qwilfish|Qwilfish, M|100/100
|-activate|p1a: Qwilfish|move: Sticky Web
|-unboost|p1a: Qwilfish|spe|1
|-damage|p1a: Qwilfish|88/100|[from] Stealth Rock
|-ability|p1a: Qwilfish|Intimidate|boost
|-unboost|p2a: Perrserker|atk|1
|move|p2a: Perrserker|Iron Head|p1a: Qwilfish
|-resisted|p1a: Qwilfish
|-damage|p1a: Qwilfish|52/100
|-damage|p2a: Perrserker|78/100|[from] item: Rocky Helmet|[of] p1a: Qwilfish
|
|upkeep
|turn|11
|inactive|PUDS Madara has 120 seconds left.
|
|t:|1636989391
|switch|p2a: Jellicent|Jellicent, F|100/100
|-damage|p2a: Jellicent|88/100|[from] Stealth Rock
|move|p1a: Qwilfish|Pain Split|p2a: Jellicent
|-sethp|p2a: Jellicent|69/100|[from] move: Pain Split|[silent]
|-sethp|p1a: Qwilfish|71/100|[from] move: Pain Split
|
|upkeep
|turn|12
|
|t:|1636989399
|switch|p1a: JELLYFISH CLUTCH|Articuno|100/100
|-ability|p1a: JELLYFISH CLUTCH|Pressure
|move|p2a: Jellicent|Trick|p1a: JELLYFISH CLUTCH
|-activate|p2a: Jellicent|move: Trick|[of] p1a: JELLYFISH CLUTCH
|-item|p1a: JELLYFISH CLUTCH|Choice Specs|[from] move: Trick
|-item|p2a: Jellicent|Heavy-Duty Boots|[from] move: Trick
|
|upkeep
|turn|13
|inactive|Rocketpro8717 has 120 seconds left.
|
|t:|1636989434
|move|p1a: JELLYFISH CLUTCH|Freeze-Dry|p2a: Jellicent
|-supereffective|p2a: Jellicent
|-damage|p2a: Jellicent|0 fnt
|faint|p2a: Jellicent
|
|upkeep
|
|t:|1636989445
|switch|p2a: Charizard|Charizard, F, shiny|100/100
|turn|14
|j| Archyoupi
|inactive|PUDS Madara has 120 seconds left.
|l| daniYSB
|
|t:|1636989468
|move|p2a: Charizard|Toxic|p1a: JELLYFISH CLUTCH
|-status|p1a: JELLYFISH CLUTCH|tox
|move|p1a: JELLYFISH CLUTCH|Freeze-Dry|p2a: Charizard
|-damage|p2a: Charizard|66/100
|
|-damage|p1a: JELLYFISH CLUTCH|94/100 tox|[from] psn
|upkeep
|turn|15
|inactive|Rocketpro8717 has 120 seconds left.
|l| Archyoupi
|
|t:|1636989489
|switch|p1a: ADAMANTINE KATA|Audino, M, shiny|99/100 tox
|-damage|p1a: ADAMANTINE KATA|88/100 tox|[from] Stealth Rock
|-activate|p1a: ADAMANTINE KATA|move: Sticky Web
|-unboost|p1a: ADAMANTINE KATA|spe|1
|move|p2a: Charizard|Roost|p2a: Charizard
|-heal|p2a: Charizard|100/100
|-singleturn|p2a: Charizard|move: Roost
|
|-damage|p1a: ADAMANTINE KATA|82/100 tox|[from] psn
|upkeep
|turn|16
|
|t:|1636989496
|move|p2a: Charizard|Mystical Fire|p1a: ADAMANTINE KATA
|-damage|p1a: ADAMANTINE KATA|63/100 tox
|-unboost|p1a: ADAMANTINE KATA|spa|1
|move|p1a: ADAMANTINE KATA|Wish|p1a: ADAMANTINE KATA
|
|-damage|p1a: ADAMANTINE KATA|50/100 tox|[from] psn
|upkeep
|turn|17
|inactive|Rocketpro8717 has 120 seconds left.
|j| daniYSB
|j| P.Otaku
|inactive|Rocketpro8717 has 90 seconds left.
|j| zokua
|
|t:|1636989535
|move|p2a: Charizard|Toxic|p1a: ADAMANTINE KATA
|-fail|p1a: ADAMANTINE KATA|tox
|move|p1a: ADAMANTINE KATA|Knock Off|p2a: Charizard
|-damage|p2a: Charizard|84/100
|-enditem|p2a: Charizard|Heavy-Duty Boots|[from] move: Knock Off|[of] p1a: ADAMANTINE KATA
|
|-heal|p1a: ADAMANTINE KATA|99/100 tox|[from] move: Wish|[wisher] ADAMANTINE KATA
|-damage|p1a: ADAMANTINE KATA|81/100 tox|[from] psn
|upkeep
|turn|18
|
|t:|1636989540
|move|p2a: Charizard|Toxic|p1a: ADAMANTINE KATA
|-fail|p1a: ADAMANTINE KATA|tox
|move|p1a: ADAMANTINE KATA|Toxic|p2a: Charizard
|-status|p2a: Charizard|tox
|
|-damage|p2a: Charizard|78/100 tox|[from] psn
|-damage|p1a: ADAMANTINE KATA|56/100 tox|[from] psn
|upkeep
|turn|19
|l| zokua
|
|t:|1636989546
|switch|p1a: POSSESSING SPIRIT|Aromatisse, M, shiny|94/100
|-damage|p1a: POSSESSING SPIRIT|82/100|[from] Stealth Rock
|-activate|p1a: POSSESSING SPIRIT|move: Sticky Web
|-unboost|p1a: POSSESSING SPIRIT|spe|1
|move|p2a: Charizard|Toxic|p1a: POSSESSING SPIRIT
|-status|p1a: POSSESSING SPIRIT|tox
|
|-heal|p1a: POSSESSING SPIRIT|88/100 tox|[from] item: Leftovers
|-damage|p2a: Charizard|66/100 tox|[from] psn
|-damage|p1a: POSSESSING SPIRIT|82/100 tox|[from] psn
|upkeep
|turn|20
|
|t:|1636989558
|switch|p2a: Perrserker|Perrserker, F|78/100
|-damage|p2a: Perrserker|72/100|[from] Stealth Rock
|move|p1a: POSSESSING SPIRIT|Aromatherapy|p1a: POSSESSING SPIRIT
|-activate|p1a: POSSESSING SPIRIT|move: Aromatherapy
|-curestatus|p1a: POSSESSING SPIRIT|tox|[msg]
|-curestatus|p1: ADAMANTINE KATA|tox|[msg]
|-curestatus|p1: JELLYFISH CLUTCH|tox|[msg]
|
|-heal|p1a: POSSESSING SPIRIT|88/100|[from] item: Leftovers
|upkeep
|turn|21
|inactive|Rocketpro8717 has 90 seconds left.
|
|t:|1636989600
|move|p1a: POSSESSING SPIRIT|Protect|p1a: POSSESSING SPIRIT
|-singleturn|p1a: POSSESSING SPIRIT|Protect
|move|p2a: Perrserker|Seed Bomb|p1a: POSSESSING SPIRIT
|-activate|p1a: POSSESSING SPIRIT|move: Protect
|
|-heal|p1a: POSSESSING SPIRIT|94/100|[from] item: Leftovers
|upkeep
|turn|22
|j|+laevin
|inactive|Rocketpro8717 has 60 seconds left.
|l|+laevin
|inactive|Rocketpro8717 has 30 seconds left.
|inactive|Rocketpro8717 has 20 seconds left.
|inactive|Rocketpro8717 has 15 seconds left.
|
|t:|1636989669
|switch|p2a: Audino|Audino, M|100/100
|-damage|p2a: Audino|88/100|[from] Stealth Rock
|switch|p1a: IRON FINGERS|Miltank, F, shiny|76/100
|
|upkeep
|turn|23
|inactive|Rocketpro8717 has 25 seconds left this turn.
|j| ShwiftyShiftry
|inactive|Rocketpro8717 has 20 seconds left.
|j| Luiw
|inactive|PUDS Madara has 120 seconds left.
|l| PokemonDimensions
|
|t:|1636989704
|switch|p1a: ADAMANTINE KATA|Audino, M, shiny|90/100
|-activate|p1a: ADAMANTINE KATA|move: Sticky Web
|-unboost|p1a: ADAMANTINE KATA|spe|1
|-damage|p1a: ADAMANTINE KATA|77/100|[from] Stealth Rock
|move|p2a: Audino|Knock Off|p1a: ADAMANTINE KATA
|-crit|p1a: ADAMANTINE KATA
|-damage|p1a: ADAMANTINE KATA|64/100
|
|upkeep
|turn|24
|inactive|Rocketpro8717 has 30 seconds left this turn.
|inactive|PUDS Madara has 120 seconds left.
|
|t:|1636989713
|move|p2a: Audino|Toxic|p1a: ADAMANTINE KATA
|-status|p1a: ADAMANTINE KATA|tox
|move|p1a: ADAMANTINE KATA|Toxic|p2a: Audino
|-status|p2a: Audino|tox
|
|-damage|p2a: Audino|82/100 tox|[from] psn
|-damage|p1a: ADAMANTINE KATA|57/100 tox|[from] psn
|upkeep
|turn|25
|j| Wesh papillon
|
|t:|1636989717
|switch|p2a: Perrserker|Perrserker, F|72/100
|-damage|p2a: Perrserker|66/100|[from] Stealth Rock
|move|p1a: ADAMANTINE KATA|Wish|p1a: ADAMANTINE KATA
|
|-damage|p1a: ADAMANTINE KATA|45/100 tox|[from] psn
|upkeep
|turn|26
|
|t:|1636989723
|switch|p1a: Qwilfish|Qwilfish, M|71/100
|-damage|p1a: Qwilfish|59/100|[from] Stealth Rock
|-activate|p1a: Qwilfish|move: Sticky Web
|-unboost|p1a: Qwilfish|spe|1
|-ability|p1a: Qwilfish|Intimidate|boost
|-unboost|p2a: Perrserker|atk|1
|move|p2a: Perrserker|Iron Head|p1a: Qwilfish
|-resisted|p1a: Qwilfish
|-damage|p1a: Qwilfish|23/100
|-damage|p2a: Perrserker|50/100|[from] item: Rocky Helmet|[of] p1a: Qwilfish
|
|-heal|p1a: Qwilfish|83/100|[from] move: Wish|[wisher] ADAMANTINE KATA
|upkeep
|turn|27
|c| ShwiftyShiftry|why is that webs balance?
|j| giove97
|
|t:|1636989741
|switch|p2a: Audino|Audino, M|100/100 tox
|-damage|p2a: Audino|88/100 tox|[from] Stealth Rock
|move|p1a: Qwilfish|Scald|p2a: Audino
|-damage|p2a: Audino|76/100 tox
|
|-damage|p2a: Audino|70/100 tox|[from] psn
|upkeep
|turn|28
|l| giove97
|c|☆Rocketpro8717|because i wanted to put webs
|c|☆Rocketpro8717|so i did
|
|t:|1636989760
|move|p1a: Qwilfish|Spikes|p2a: Audino
|-sidestart|p2: Rocketpro8717|Spikes
|move|p2a: Audino|Wish|p2a: Audino
|
|-damage|p2a: Audino|58/100 tox|[from] psn
|upkeep
|turn|29
|
|t:|1636989775
|switch|p1a: ADAMANTINE KATA|Audino, M, shiny|78/100 tox
|-activate|p1a: ADAMANTINE KATA|move: Sticky Web
|-unboost|p1a: ADAMANTINE KATA|spe|1
|-damage|p1a: ADAMANTINE KATA|66/100 tox|[from] Stealth Rock
|switch|p2a: Perrserker|Perrserker, F|50/100
|-damage|p2a: Perrserker|37/100|[from] Spikes
|-damage|p2a: Perrserker|31/100|[from] Stealth Rock
|
|-heal|p2a: Perrserker|100/100|[from] move: Wish|[wisher] Audino
|-damage|p1a: ADAMANTINE KATA|59/100 tox|[from] psn
|upkeep
|turn|30
|inactive|Rocketpro8717 has 60 seconds left.
|
|t:|1636989784
|move|p1a: ADAMANTINE KATA|Protect|p1a: ADAMANTINE KATA
|-singleturn|p1a: ADAMANTINE KATA|Protect
|move|p2a: Perrserker|Seed Bomb|p1a: ADAMANTINE KATA
|-activate|p1a: ADAMANTINE KATA|move: Protect
|
|-damage|p1a: ADAMANTINE KATA|47/100 tox|[from] psn
|upkeep
|turn|31
|
|t:|1636989792
|switch|p1a: IRON FINGERS|Miltank, F, shiny|76/100
|move|p2a: Perrserker|Seed Bomb|p1a: IRON FINGERS
|-ability|p1a: IRON FINGERS|Sap Sipper|boost
|-boost|p1a: IRON FINGERS|atk|1
|
|upkeep
|turn|32
|
|t:|1636989802
|switch|p2a: Sandaconda|Sandaconda, M|91/100
|-damage|p2a: Sandaconda|85/100|[from] Stealth Rock
|-damage|p2a: Sandaconda|73/100|[from] Spikes
|move|p1a: IRON FINGERS|Toxic|p2a: Sandaconda
|-status|p2a: Sandaconda|tox
|
|-damage|p2a: Sandaconda|66/100 tox|[from] psn
|upkeep
|turn|33
|
|t:|1636989811
|switch|p1a: FIRE WATER|Quagsire, M, shiny|100/100
|move|p2a: Sandaconda|Earthquake|p1a: FIRE WATER
|-damage|p1a: FIRE WATER|75/100
|
|-damage|p2a: Sandaconda|54/100 tox|[from] psn
|upkeep
|turn|34
|
|t:|1636989817
|switch|p2a: Audino|Audino, M|91/100 tox
|-damage|p2a: Audino|79/100 tox|[from] Spikes
|-damage|p2a: Audino|66/100 tox|[from] Stealth Rock
|move|p1a: FIRE WATER|Liquidation|p2a: Audino
|-damage|p2a: Audino|40/100 tox
|-unboost|p2a: Audino|def|1
|
|-damage|p2a: Audino|34/100 tox|[from] psn
|upkeep
|turn|35
|inactive|Rocketpro8717 has 90 seconds left.
|j| Ill Leave
|
|t:|1636989828
|move|p2a: Audino|Wish|p2a: Audino
|move|p1a: FIRE WATER|Liquidation|p2a: Audino
|-damage|p2a: Audino|10/100 tox
|
|-damage|p2a: Audino|0 fnt|[from] psn
|faint|p2a: Audino
|upkeep
|inactive|Rocketpro8717 has 90 seconds left.
|
|t:|1636989833
|switch|p2a: Perrserker|Perrserker, F|100/100
|-damage|p2a: Perrserker|88/100|[from] Spikes
|-damage|p2a: Perrserker|82/100|[from] Stealth Rock
|turn|36
|
|t:|1636989839
|switch|p1a: Qwilfish|Qwilfish, M|83/100
|-activate|p1a: Qwilfish|move: Sticky Web
|-unboost|p1a: Qwilfish|spe|1
|-damage|p1a: Qwilfish|71/100|[from] Stealth Rock
|-ability|p1a: Qwilfish|Intimidate|boost
|-unboost|p2a: Perrserker|atk|1
|move|p2a: Perrserker|Iron Head|p1a: Qwilfish
|-resisted|p1a: Qwilfish
|-damage|p1a: Qwilfish|35/100
|-damage|p2a: Perrserker|66/100|[from] item: Rocky Helmet|[of] p1a: Qwilfish
|
|-heal|p2a: Perrserker|100/100|[from] move: Wish|[wisher] Audino
|upkeep
|turn|37
|
|t:|1636989865
|move|p2a: Perrserker|Iron Head|p1a: Qwilfish
|-resisted|p1a: Qwilfish
|-damage|p1a: Qwilfish|0 fnt
|-damage|p2a: Perrserker|84/100|[from] item: Rocky Helmet|[of] p1a: Qwilfish
|faint|p1a: Qwilfish
|
|upkeep
|inactive|PUDS Madara has 120 seconds left.
|l| ShwiftyShiftry
|
|t:|1636989889
|switch|p1a: IRON FINGERS|Miltank, F, shiny|76/100
|turn|38
|
|t:|1636989892
|switch|p2a: Sandaconda|Sandaconda, M|54/100 tox
|-damage|p2a: Sandaconda|42/100 tox|[from] Spikes
|-damage|p2a: Sandaconda|36/100 tox|[from] Stealth Rock
|move|p1a: IRON FINGERS|Body Press|p2a: Sandaconda
|-damage|p2a: Sandaconda|18/100 tox
|
|-activate|p2a: Sandaconda|ability: Shed Skin
|-curestatus|p2a: Sandaconda|tox|[msg]
|upkeep
|turn|39
|
|t:|1636989900
|move|p1a: IRON FINGERS|Body Press|p2a: Sandaconda
|-damage|p2a: Sandaconda|0 fnt
|faint|p2a: Sandaconda
|
|upkeep
|
|t:|1636989903
|switch|p2a: Perrserker|Perrserker, F|84/100
|-damage|p2a: Perrserker|72/100|[from] Spikes
|-damage|p2a: Perrserker|66/100|[from] Stealth Rock
|turn|40
|inactive|PUDS Madara has 120 seconds left.
|j| ShwiftyShiftry
|inactive|PUDS Madara has 90 seconds left.
|inactive|PUDS Madara has 60 seconds left.
|
|t:|1636989988
|move|p1a: IRON FINGERS|Body Press|p2a: Perrserker
|-supereffective|p2a: Perrserker
|-damage|p2a: Perrserker|0 fnt
|faint|p2a: Perrserker
|
|upkeep
|-message|Rocketpro8717 forfeited.
|
|win|PUDS Madara
|n|☆PUDS Madara|pudsmadara
|n|☆Rocketpro8717|rocketpro8717
|n|*Lady Monita ☽|ladymonita
|n| ii77|ii77
|n| PokeArt2004❤|pokeart2004
|n| daniYSB|daniysb
|n| P.Otaku|potaku
|n| Luiw|luiw
|n| Wesh papillon|weshpapillon
|n| Ill Leave|illleave
|n| ShwiftyShiftry|shwiftyshiftry
|l|*Lady Monita ☽
|l|☆Rocketpro8717
|l| ShwiftyShiftry
