|j|☆cafay sen sukr
|j|☆XRoyalpain
|t:|1603677701
|player|p1|cafay sen sukr|swimmer-gen4dp|1355
|player|p2|XRoyalpain|266|1138
|teamsize|p1|6
|teamsize|p2|6
|gametype|singles
|gen|8
|tier|[Gen 8] PU
|rated|
|clearpoke
|poke|p1|Roselia, F|
|poke|p1|Magmar, F|
|poke|p1|Glaceon, M|
|poke|p1|Unfezant, F|
|poke|p1|Hattrem, F|
|poke|p1|Stunfisk, F|
|poke|p2|Ludicolo, M|
|poke|p2|Runerigus, F|
|poke|p2|Wigglytuff, M|
|poke|p2|Dragonair, M|
|poke|p2|Raboot, F|
|poke|p2|Solrock|
|rule|Sleep Clause Mod: Limit one foe put to sleep
|rule|Species Clause: Limit one of each Pokémon
|rule|OHKO Clause: OHKO moves are banned
|rule|Evasion Moves Clause: Evasion moves are banned
|rule|Endless Battle Clause: Forcing endless battles is banned
|rule|HP Percentage Mod: HP is shown in percentages
|rule|Dynamax Clause: You cannot dynamax
|teampreview
|j| Ktutverde
|c|☆cafay sen sukr|pourquoi je suis weak solrock
|c| Ktutverde|xd
|
|t:|1603677745
|start
|switch|p1a: Glaceon|Glaceon, M|100/100
|switch|p2a: Solrock|Solrock|100/100
|turn|1
|
|t:|1603677767
|move|p1a: Glaceon|Ice Beam|p2a: Solrock
|-damage|p2a: Solrock|5/100
|move|p2a: Solrock|Hypnosis|p1a: Glaceon
|-status|p1a: Glaceon|slp|[from] move: Hypnosis
|
|upkeep
|turn|2
|
|t:|1603677774
|cant|p1a: Glaceon|slp
|move|p2a: Solrock|Stone Edge|p1a: Glaceon
|-supereffective|p1a: Glaceon
|-damage|p1a: Glaceon|0 fnt
|faint|p1a: Glaceon
|
|upkeep
|
|t:|1603677781
|switch|p1a: Unfezant|Unfezant, F|100/100
|turn|3
|
|t:|1603677785
|switch|p2a: Runerigus|Runerigus, F|100/100
|move|p1a: Unfezant|U-turn|p2a: Runerigus
|-resisted|p2a: Runerigus
|-crit|p2a: Runerigus
|-damage|p2a: Runerigus|88/100
|-activate|p2a: Runerigus|ability: Wandering Spirit|Super Luck|Wandering Spirit|[of] p1a: Unfezant
|c| Ktutverde|je meurs
|c| Ktutverde|les unsets
|
|t:|1603677822
|switch|p1a: Magmar|Magmar, F|100/100|[from]move: U-turn
|
|upkeep
|turn|4
|
|t:|1603677834
|move|p1a: Magmar|Fire Blast|p2a: Runerigus
|-damage|p2a: Runerigus|12/100
|-status|p2a: Runerigus|brn
|move|p2a: Runerigus|Trick Room|p2a: Runerigus
|-fieldstart|move: Trick Room|[of] p2a: Runerigus
|
|-damage|p2a: Runerigus|6/100 brn|[from] brn
|upkeep
|turn|5
|
|t:|1603677855
|switch|p1a: Hattrem|Hattrem, F|100/100
|move|p2a: Runerigus|Stealth Rock|p1a: Hattrem
|move|p1a: Hattrem|Stealth Rock|p2a: Runerigus|[from]Magic Bounce
|-sidestart|p2: XRoyalpain|move: Stealth Rock
|
|-damage|p2a: Runerigus|0 fnt|[from] brn
|faint|p2a: Runerigus
|upkeep
|c| Ktutverde|magmar le DPP PU god
|c| Ktutverde|de retour
|c| Ktutverde|pour nous jouer un mauvais tour
|
|t:|1603677877
|switch|p2a: Raboot|Raboot, F|100/100
|turn|6
|
|t:|1603677881
|switch|p1a: Stunfisk|Stunfisk, F|100/100
|move|p2a: Raboot|U-turn|p1a: Stunfisk
|-start|p2a: Raboot|typechange|Bug|[from] ability: Libero
|-damage|p1a: Stunfisk|81/100
|
|t:|1603677897
|switch|p2a: Dragonair|Dragonair, M|100/100|[from]move: U-turn
|-damage|p2a: Dragonair|88/100|[from] Stealth Rock
|
|-heal|p1a: Stunfisk|87/100|[from] item: Leftovers
|upkeep
|turn|7
|c|☆cafay sen sukr|le mec qui m'a sweep arrête de se vanter
|c|☆cafay sen sukr|dans le chat pu
|c|☆cafay sen sukr|alors qu'il a juste dodge
|c|☆cafay sen sukr|je meurs
|c| Ktutverde|mdrrrr
|
|t:|1603677943
|switch|p1a: Hattrem|Hattrem, F|100/100
|move|p2a: Dragonair|Dragon Dance|p2a: Dragonair
|-boost|p2a: Dragonair|atk|1
|-boost|p2a: Dragonair|spe|1
|
|upkeep
|turn|8
|
|t:|1603677956
|move|p1a: Hattrem|Psychic|p2a: Dragonair
|-damage|p2a: Dragonair|39/100
|move|p2a: Dragonair|Iron Tail|p1a: Hattrem|[miss]
|-miss|p2a: Dragonair|p1a: Hattrem
|
|-fieldend|move: Trick Room
|upkeep
|turn|9
|
|t:|1603677965
|move|p2a: Dragonair|Outrage|p1a: Hattrem
|-damage|p1a: Hattrem|41/100
|move|p1a: Hattrem|Psychic|p2a: Dragonair
|-crit|p2a: Dragonair
|-damage|p2a: Dragonair|0 fnt
|faint|p2a: Dragonair
|
|upkeep
|
|t:|1603677976
|switch|p2a: Raboot|Raboot, F|100/100
|turn|10
|
|t:|1603677981
|switch|p1a: Stunfisk|Stunfisk, F|87/100
|move|p2a: Raboot|Flare Blitz|p1a: Stunfisk
|-damage|p1a: Stunfisk|55/100
|-status|p1a: Stunfisk|brn
|-damage|p2a: Raboot|84/100|[from] Recoil
|
|-heal|p1a: Stunfisk|61/100 brn|[from] item: Leftovers
|-damage|p1a: Stunfisk|55/100 brn|[from] brn
|upkeep
|turn|11
|
|t:|1603677994
|move|p2a: Raboot|Flare Blitz|p1a: Stunfisk
|-damage|p1a: Stunfisk|24/100 brn
|-status|p2a: Raboot|par|[from] ability: Static|[of] p1a: Stunfisk
|-damage|p2a: Raboot|68/100 par|[from] Recoil
|move|p1a: Stunfisk|Thunder Wave|p2a: Raboot
|-fail|p2a: Raboot|par
|
|-heal|p1a: Stunfisk|30/100 brn|[from] item: Leftovers
|-damage|p1a: Stunfisk|24/100 brn|[from] brn
|upkeep
|turn|12
|
|t:|1603678005
|move|p2a: Raboot|Flare Blitz|p1a: Stunfisk
|-damage|p1a: Stunfisk|0 fnt
|-damage|p2a: Raboot|56/100 par|[from] Recoil
|faint|p1a: Stunfisk
|
|upkeep
|j| Whiscash me ouside
|
|t:|1603678034
|switch|p1a: Unfezant|Unfezant, F|100/100
|turn|13
|l| Whiscash me ouside
|
|t:|1603678041
|switch|p2a: Solrock|Solrock|5/100
|-damage|p2a: Solrock|0 fnt|[from] Stealth Rock
|faint|p2a: Solrock
|move|p1a: Unfezant|Brave Bird|p2: Solrock|[notarget]
|-fail|p1a: Unfezant
|
|upkeep
|
|t:|1603678049
|switch|p2a: Wigglytuff|Wigglytuff, M|100/100
|-damage|p2a: Wigglytuff|88/100|[from] Stealth Rock
|turn|14
|
|t:|1603678054
|switch|p1a: Magmar|Magmar, F|100/100
|move|p2a: Wigglytuff|Thunderbolt|p1a: Magmar
|-damage|p1a: Magmar|64/100
|-status|p1a: Magmar|par
|
|upkeep
|turn|15
|
|t:|1603678062
|cant|p1a: Magmar|par
|move|p2a: Wigglytuff|Hyper Voice|p1a: Magmar
|-damage|p1a: Magmar|6/100 par
|
|upkeep
|turn|16
|
|t:|1603678069
|switch|p2a: Raboot|Raboot, F|56/100 par
|move|p1a: Magmar|Flamethrower|p2a: Raboot
|-resisted|p2a: Raboot
|-damage|p2a: Raboot|0 fnt
|faint|p2a: Raboot
|
|upkeep
|
|t:|1603678081
|switch|p2a: Wigglytuff|Wigglytuff, M|88/100
|-damage|p2a: Wigglytuff|76/100|[from] Stealth Rock
|turn|17
|
|t:|1603678085
|move|p1a: Magmar|Flamethrower|p2a: Wigglytuff
|-damage|p2a: Wigglytuff|29/100
|move|p2a: Wigglytuff|Hyper Voice|p1a: Magmar
|-damage|p1a: Magmar|0 fnt
|faint|p1a: Magmar
|
|upkeep
|
|t:|1603678087
|switch|p1a: Unfezant|Unfezant, F|100/100
|turn|18
|
|t:|1603678096
|move|p1a: Unfezant|Brave Bird|p2a: Wigglytuff
|-damage|p2a: Wigglytuff|0 fnt
|-damage|p1a: Unfezant|85/100|[from] Recoil
|faint|p2a: Wigglytuff
|
|upkeep
|c|☆XRoyalpain|Gg
|-message|XRoyalpain forfeited.
|
|win|cafay sen sukr
|c|☆cafay sen sukr|gg
|l|☆XRoyalpain
