|j|☆Persona111
|j|☆PULT4T2 za
|t:|1661673354
|gametype|singles
|player|p1|Persona111|sisandbro|1497
|player|p2|PULT4T2 za|acetrainer-gen4dp|1672
|teamsize|p1|6
|teamsize|p2|6
|gen|8
|tier|[Gen 8] PU
|rated|
|rule|Sleep Clause Mod: Limit one foe put to sleep
|rule|Species Clause: Limit one of each Pokémon
|rule|OHKO Clause: OHKO moves are banned
|rule|Evasion Items Clause: Evasion items are banned
|rule|Evasion Moves Clause: Evasion moves are banned
|rule|Endless Battle Clause: Forcing endless battles is banned
|rule|HP Percentage Mod: HP is shown in percentages
|rule|Dynamax Clause: You cannot dynamax
|clearpoke
|poke|p1|Centiskorch, M|
|poke|p1|Basculin, M|
|poke|p1|Gigalith, F|
|poke|p1|Whimsicott, F|
|poke|p1|Togedemaru, M|
|poke|p1|Mesprit|
|poke|p2|Doublade, M|
|poke|p2|Sandslash, F|
|poke|p2|Eldegoss, M|
|poke|p2|Ribombee, F|
|poke|p2|Scyther, F|
|poke|p2|Gigalith, M|
|teampreview
|
|t:|1661673370
|start
|switch|p1a: Based culin|Basculin, M|100/100
|switch|p2a: Gigalith|Gigalith, M|100/100
|-weather|Sandstorm|[from] ability: Sand Stream|[of] p2a: Gigalith
|turn|1
|
|t:|1661673376
|switch|p2a: Eldegoss|Eldegoss, M|100/100
|move|p1a: Based culin|Flip Turn|p2a: Eldegoss
|-resisted|p2a: Eldegoss
|-damage|p2a: Eldegoss|80/100
|
|t:|1661673380
|switch|p1a: Cem te esculacha|Centiskorch, M|100/100|[from]move: Flip Turn
|
|-weather|Sandstorm|[upkeep]
|-damage|p1a: Cem te esculacha|94/100|[from] Sandstorm
|-damage|p2a: Eldegoss|74/100|[from] Sandstorm
|upkeep
|turn|2
|
|t:|1661673385
|switch|p2a: Sandslash|Sandslash, F|100/100
|move|p1a: Cem te esculacha|Fire Lash|p2a: Sandslash
|-damage|p2a: Sandslash|72/100
|-unboost|p2a: Sandslash|def|1
|
|-weather|Sandstorm|[upkeep]
|-damage|p1a: Cem te esculacha|88/100|[from] Sandstorm
|-heal|p2a: Sandslash|78/100|[from] item: Leftovers
|upkeep
|turn|3
|
|t:|1661673406
|move|p2a: Sandslash|Knock Off|p1a: Cem te esculacha
|-damage|p1a: Cem te esculacha|60/100
|-enditem|p1a: Cem te esculacha|Heavy-Duty Boots|[from] move: Knock Off|[of] p2a: Sandslash
|move|p1a: Cem te esculacha|Power Whip|p2a: Sandslash|[miss]
|-miss|p1a: Cem te esculacha|p2a: Sandslash
|
|-weather|Sandstorm|[upkeep]
|-damage|p1a: Cem te esculacha|53/100|[from] Sandstorm
|-heal|p2a: Sandslash|85/100|[from] item: Leftovers
|upkeep
|turn|4
|
|t:|1661673427
|switch|p2a: Eldegoss|Eldegoss, M|100/100
|switch|p1a: Mickey plagiarism|Togedemaru, M|100/100
|
|-weather|Sandstorm|[upkeep]
|-damage|p2a: Eldegoss|94/100|[from] Sandstorm
|upkeep
|turn|5
|
|t:|1661673438
|move|p1a: Mickey plagiarism|Spiky Shield|p1a: Mickey plagiarism
|-singleturn|p1a: Mickey plagiarism|move: Protect
|move|p2a: Eldegoss|Leech Seed|p1a: Mickey plagiarism
|-activate|p1a: Mickey plagiarism|move: Protect
|
|-weather|none
|upkeep
|turn|6
|
|t:|1661673443
|switch|p2a: Gigalith|Gigalith, M|100/100
|-weather|Sandstorm|[from] ability: Sand Stream|[of] p2a: Gigalith
|move|p1a: Mickey plagiarism|Wish|p1a: Mickey plagiarism
|
|-weather|Sandstorm|[upkeep]
|upkeep
|turn|7
|
|t:|1661673456
|move|p1a: Mickey plagiarism|U-turn|p2a: Gigalith
|-damage|p2a: Gigalith|90/100
|
|t:|1661673459
|switch|p1a: Based culin|Basculin, M|100/100|[from]move: U-turn
|move|p2a: Gigalith|Stealth Rock|p1a: Based culin
|-sidestart|p1: Persona111|move: Stealth Rock
|
|-weather|Sandstorm|[upkeep]
|-damage|p1a: Based culin|94/100|[from] Sandstorm
|-heal|p1a: Based culin|100/100|[from] move: Wish|[wisher] Mickey plagiarism
|-heal|p2a: Gigalith|96/100|[from] item: Leftovers
|upkeep
|turn|8
|
|t:|1661673466
|switch|p2a: Eldegoss|Eldegoss, M|100/100
|move|p1a: Based culin|Flip Turn|p2a: Eldegoss
|-resisted|p2a: Eldegoss
|-damage|p2a: Eldegoss|81/100
|
|t:|1661673475
|switch|p1a: Chobits???|Whimsicott, F|100/100|[from]move: Flip Turn
|
|-weather|Sandstorm|[upkeep]
|-damage|p1a: Chobits???|94/100|[from] Sandstorm
|-damage|p2a: Eldegoss|74/100|[from] Sandstorm
|upkeep
|turn|9
|
|t:|1661673481
|switch|p2a: Gigalith|Gigalith, M|96/100
|move|p1a: Chobits???|Defog|p2a: Gigalith
|-unboost|p2a: Gigalith|evasion|1
|-sideend|p1: Persona111|Stealth Rock|[from] move: Defog|[of] p1a: Chobits???
|
|-weather|Sandstorm|[upkeep]
|-damage|p1a: Chobits???|88/100|[from] Sandstorm
|-heal|p2a: Gigalith|100/100|[from] item: Leftovers
|upkeep
|turn|10
|
|t:|1661673486
|move|p1a: Chobits???|Energy Ball|p2a: Gigalith
|-supereffective|p2a: Gigalith
|-damage|p2a: Gigalith|66/100
|move|p2a: Gigalith|Stealth Rock|p1a: Chobits???
|-sidestart|p1: Persona111|move: Stealth Rock
|
|-weather|none
|-heal|p2a: Gigalith|72/100|[from] item: Leftovers
|upkeep
|turn|11
|
|t:|1661673507
|move|p1a: Chobits???|Defog|p2a: Gigalith
|-unboost|p2a: Gigalith|evasion|1
|-sideend|p1: Persona111|Stealth Rock|[from] move: Defog|[of] p1a: Chobits???
|move|p2a: Gigalith|Rock Blast|p1a: Chobits???
|-damage|p1a: Chobits???|71/100
|-crit|p1a: Chobits???
|-damage|p1a: Chobits???|43/100
|-damage|p1a: Chobits???|25/100
|-hitcount|p1a: Chobits???|3
|
|-heal|p2a: Gigalith|79/100|[from] item: Leftovers
|upkeep
|turn|12
|
|t:|1661673519
|switch|p2a: Eldegoss|Eldegoss, M|100/100
|move|p1a: Chobits???|Energy Ball|p2a: Eldegoss
|-resisted|p2a: Eldegoss
|-damage|p2a: Eldegoss|87/100
|
|upkeep
|turn|13
|
|t:|1661673531
|switch|p2a: Gigalith|Gigalith, M|79/100
|-weather|Sandstorm|[from] ability: Sand Stream|[of] p2a: Gigalith
|move|p1a: Chobits???|Moonblast|p2a: Gigalith
|-damage|p2a: Gigalith|61/100
|
|-weather|Sandstorm|[upkeep]
|-damage|p1a: Chobits???|19/100|[from] Sandstorm
|-heal|p2a: Gigalith|67/100|[from] item: Leftovers
|upkeep
|turn|14
|
|t:|1661673538
|move|p1a: Chobits???|U-turn|p2a: Gigalith
|-damage|p2a: Gigalith|60/100
|
|t:|1661673557
|switch|p1a: Based culin|Basculin, M|100/100|[from]move: U-turn
|move|p2a: Gigalith|Earthquake|p1a: Based culin
|-damage|p1a: Based culin|50/100
|
|-weather|Sandstorm|[upkeep]
|-damage|p1a: Based culin|44/100|[from] Sandstorm
|-heal|p2a: Gigalith|66/100|[from] item: Leftovers
|upkeep
|turn|15
|
|t:|1661673570
|switch|p2a: Eldegoss|Eldegoss, M|100/100
|move|p1a: Based culin|Flip Turn|p2a: Eldegoss
|-resisted|p2a: Eldegoss
|-damage|p2a: Eldegoss|78/100
|
|t:|1661673573
|switch|p1a: Cem te esculacha|Centiskorch, M|53/100|[from]move: Flip Turn
|
|-weather|Sandstorm|[upkeep]
|-damage|p1a: Cem te esculacha|47/100|[from] Sandstorm
|-damage|p2a: Eldegoss|72/100|[from] Sandstorm
|upkeep
|turn|16
|
|t:|1661673581
|switch|p2a: Sandslash|Sandslash, F|85/100
|move|p1a: Cem te esculacha|Fire Lash|p2a: Sandslash
|-damage|p2a: Sandslash|58/100
|-unboost|p2a: Sandslash|def|1
|
|-weather|Sandstorm|[upkeep]
|-damage|p1a: Cem te esculacha|41/100|[from] Sandstorm
|-heal|p2a: Sandslash|64/100|[from] item: Leftovers
|upkeep
|turn|17
|
|t:|1661673598
|switch|p1a: Me Sprite i guess|Mesprit|100/100
|move|p2a: Sandslash|Earthquake|p1a: Me Sprite i guess
|-immune|p1a: Me Sprite i guess|[from] ability: Levitate
|
|-weather|none
|-heal|p2a: Sandslash|70/100|[from] item: Leftovers
|upkeep
|turn|18
|
|t:|1661673606
|switch|p2a: Gigalith|Gigalith, M|66/100
|-weather|Sandstorm|[from] ability: Sand Stream|[of] p2a: Gigalith
|move|p1a: Me Sprite i guess|U-turn|p2a: Gigalith
|-damage|p2a: Gigalith|55/100
|
|t:|1661673611
|switch|p1a: Based culin|Basculin, M|44/100|[from]move: U-turn
|
|-weather|Sandstorm|[upkeep]
|-damage|p1a: Based culin|38/100|[from] Sandstorm
|-heal|p2a: Gigalith|61/100|[from] item: Leftovers
|upkeep
|turn|19
|
|t:|1661673615
|switch|p2a: Eldegoss|Eldegoss, M|100/100
|move|p1a: Based culin|Flip Turn|p2a: Eldegoss
|-resisted|p2a: Eldegoss
|-damage|p2a: Eldegoss|81/100
|
|t:|1661673619
|switch|p1a: Cem te esculacha|Centiskorch, M|41/100|[from]move: Flip Turn
|
|-weather|Sandstorm|[upkeep]
|-damage|p1a: Cem te esculacha|35/100|[from] Sandstorm
|-damage|p2a: Eldegoss|74/100|[from] Sandstorm
|upkeep
|turn|20
|
|t:|1661673627
|switch|p2a: Sandslash|Sandslash, F|70/100
|move|p1a: Cem te esculacha|Leech Life|p2a: Sandslash
|-damage|p2a: Sandslash|42/100
|-heal|p1a: Cem te esculacha|48/100|[from] drain|[of] p2a: Sandslash
|
|-weather|Sandstorm|[upkeep]
|-damage|p1a: Cem te esculacha|42/100|[from] Sandstorm
|-heal|p2a: Sandslash|48/100|[from] item: Leftovers
|upkeep
|turn|21
|
|t:|1661673638
|switch|p1a: Mickey plagiarism|Togedemaru, M|100/100
|move|p2a: Sandslash|Earthquake|p1a: Mickey plagiarism
|-supereffective|p1a: Mickey plagiarism
|-damage|p1a: Mickey plagiarism|0 fnt
|faint|p1a: Mickey plagiarism
|
|-weather|Sandstorm|[upkeep]
|-heal|p2a: Sandslash|54/100|[from] item: Leftovers
|upkeep
|
|t:|1661673641
|switch|p1a: Me Sprite i guess|Mesprit|100/100
|turn|22
|
|t:|1661673646
|move|p2a: Sandslash|Spikes|p1a: Me Sprite i guess
|-sidestart|p1: Persona111|Spikes
|move|p1a: Me Sprite i guess|Ice Beam|p2a: Sandslash
|-supereffective|p2a: Sandslash
|-damage|p2a: Sandslash|0 fnt
|faint|p2a: Sandslash
|
|-weather|none
|upkeep
|
|t:|1661673648
|switch|p2a: Gigalith|Gigalith, M|61/100
|-weather|Sandstorm|[from] ability: Sand Stream|[of] p2a: Gigalith
|turn|23
|
|t:|1661673658
|move|p1a: Me Sprite i guess|Psychic|p2a: Gigalith
|-damage|p2a: Gigalith|41/100
|move|p2a: Gigalith|Stealth Rock|p1a: Me Sprite i guess
|-sidestart|p1: Persona111|move: Stealth Rock
|
|-weather|Sandstorm|[upkeep]
|-damage|p1a: Me Sprite i guess|95/100|[from] Sandstorm
|-heal|p2a: Gigalith|48/100|[from] item: Leftovers
|upkeep
|turn|24
|
|t:|1661673669
|switch|p2a: Scyther|Scyther, F|100/100
|move|p1a: Me Sprite i guess|U-turn|p2a: Scyther
|-resisted|p2a: Scyther
|-damage|p2a: Scyther|89/100
|
|t:|1661673675
|switch|p1a: Giga chad|Gigalith, F|100/100|[from]move: U-turn
|-damage|p1a: Giga chad|88/100|[from] Spikes
|-damage|p1a: Giga chad|76/100|[from] Stealth Rock
|
|-weather|Sandstorm|[upkeep]
|-damage|p2a: Scyther|83/100|[from] Sandstorm
|-heal|p1a: Giga chad|82/100|[from] item: Leftovers
|upkeep
|turn|25
|
|t:|1661673688
|move|p2a: Scyther|U-turn|p1a: Giga chad
|-damage|p1a: Giga chad|64/100
|
|t:|1661673691
|switch|p2a: Doublade|Doublade, M|100/100|[from]move: U-turn
|move|p1a: Giga chad|Toxic|p2a: Doublade
|-immune|p2a: Doublade
|
|-weather|Sandstorm|[upkeep]
|-heal|p1a: Giga chad|70/100|[from] item: Leftovers
|upkeep
|turn|26
|-message|Persona111 forfeited.
|
|win|PULT4T2 za
|raw|Persona111's rating: 1497 &rarr; <strong>1486</strong><br />(-11 for losing)
|raw|PULT4T2 za's rating: 1672 &rarr; <strong>1683</strong><br />(+11 for winning)
|l|☆Persona111
