|j|☆Ch4mz
|j|☆cafay sen sukr
|t:|1603678559
|player|p1|Ch4mz|cyclist-gen4|1283
|player|p2|cafay sen sukr|swimmer-gen4dp|1378
|teamsize|p1|6
|teamsize|p2|6
|gametype|singles
|gen|8
|tier|[Gen 8] PU
|rated|
|clearpoke
|poke|p1|Boltund, M|
|poke|p1|Dubwool, F|
|poke|p1|Luxray, M|
|poke|p1|Flareon, M|
|poke|p1|Raboot, M|
|poke|p1|Mr. Rime, M|
|poke|p2|Roselia, F|
|poke|p2|Magmar, M|
|poke|p2|Glaceon, M|
|poke|p2|Unfezant, M|
|poke|p2|Hattrem, F|
|poke|p2|Stunfisk, M|
|rule|Sleep Clause Mod: Limit one foe put to sleep
|rule|Species Clause: Limit one of each Pokémon
|rule|OHKO Clause: OHKO moves are banned
|rule|Evasion Moves Clause: Evasion moves are banned
|rule|Endless Battle Clause: Forcing endless battles is banned
|rule|HP Percentage Mod: HP is shown in percentages
|rule|Dynamax Clause: You cannot dynamax
|teampreview
|
|t:|1603678591
|start
|switch|p1a: Mr. Rime|Mr. Rime, M|100/100
|switch|p2a: Magmar|Magmar, M|100/100
|turn|1
|j| mrnoodleoctopus
|inactive|Battle timer is ON: inactive players will automatically lose when time's up. (requested by Ch4mz)
|
|t:|1603678600
|move|p2a: Magmar|Scorching Sands|p1a: Mr. Rime
|-damage|p1a: Mr. Rime|78/100
|-status|p1a: Mr. Rime|brn
|move|p1a: Mr. Rime|Psychic|p2a: Magmar
|-damage|p2a: Magmar|40/100
|
|-damage|p1a: Mr. Rime|72/100 brn|[from] brn
|upkeep
|turn|2
|
|t:|1603678608
|switch|p2a: Hattrem|Hattrem, F|100/100
|move|p1a: Mr. Rime|Rapid Spin|p2a: Hattrem
|-damage|p2a: Hattrem|98/100
|-boost|p1a: Mr. Rime|spe|1
|
|-damage|p1a: Mr. Rime|66/100 brn|[from] brn
|upkeep
|turn|3
|
|t:|1603678618
|move|p1a: Mr. Rime|Freeze-Dry|p2a: Hattrem
|-damage|p2a: Hattrem|63/100
|move|p2a: Hattrem|Nuzzle|p1a: Mr. Rime
|-crit|p1a: Mr. Rime
|-damage|p1a: Mr. Rime|61/100 brn
|
|-damage|p1a: Mr. Rime|55/100 brn|[from] brn
|upkeep
|turn|4
|
|t:|1603678626
|move|p1a: Mr. Rime|Freeze-Dry|p2a: Hattrem
|-damage|p2a: Hattrem|30/100
|move|p2a: Hattrem|Mystical Fire|p1a: Mr. Rime
|-supereffective|p1a: Mr. Rime
|-damage|p1a: Mr. Rime|33/100 brn
|-unboost|p1a: Mr. Rime|spa|1
|
|-damage|p1a: Mr. Rime|27/100 brn|[from] brn
|upkeep
|turn|5
|
|t:|1603678637
|switch|p2a: Glaceon|Glaceon, M|100/100
|move|p1a: Mr. Rime|Freeze-Dry|p2a: Glaceon
|-resisted|p2a: Glaceon
|-damage|p2a: Glaceon|85/100
|
|-damage|p1a: Mr. Rime|21/100 brn|[from] brn
|upkeep
|turn|6
|
|t:|1603678644
|move|p1a: Mr. Rime|Psychic|p2a: Glaceon
|-damage|p2a: Glaceon|43/100
|move|p2a: Glaceon|Water Pulse|p1a: Mr. Rime
|-damage|p1a: Mr. Rime|0 fnt
|faint|p1a: Mr. Rime
|
|upkeep
|
|t:|1603678652
|switch|p1a: Flareon|Flareon, M|100/100
|turn|7
|
|t:|1603678655
|move|p1a: Flareon|Flame Charge|p2a: Glaceon
|-supereffective|p2a: Glaceon
|-damage|p2a: Glaceon|0 fnt
|-boost|p1a: Flareon|spe|1
|faint|p2a: Glaceon
|
|-status|p1a: Flareon|tox|[from] item: Toxic Orb
|upkeep
|
|t:|1603678670
|switch|p2a: Unfezant|Unfezant, M|100/100
|turn|8
|
|t:|1603678675
|move|p2a: Unfezant|Brave Bird|p1a: Flareon
|-damage|p1a: Flareon|0 fnt
|-damage|p2a: Unfezant|71/100|[from] Recoil
|faint|p1a: Flareon
|
|upkeep
|
|t:|1603678682
|switch|p1a: Luxray|Luxray, M|100/100
|turn|9
|
|t:|1603678689
|switch|p2a: Hattrem|Hattrem, F|30/100
|move|p1a: Luxray|Agility|p1a: Luxray
|-boost|p1a: Luxray|spe|2
|
|-status|p1a: Luxray|brn|[from] item: Flame Orb
|upkeep
|turn|10
|
|t:|1603678710
|move|p1a: Luxray|Crunch|p2a: Hattrem
|-supereffective|p2a: Hattrem
|-damage|p2a: Hattrem|0 fnt
|faint|p2a: Hattrem
|
|-damage|p1a: Luxray|95/100 brn|[from] brn
|upkeep
|
|t:|1603678713
|switch|p2a: Stunfisk|Stunfisk, M|100/100
|turn|11
|inactive|Ch4mz has 120 seconds left.
|
|t:|1603678745
|move|p1a: Luxray|Play Rough|p2a: Stunfisk
|-damage|p2a: Stunfisk|66/100
|move|p2a: Stunfisk|Earth Power|p1a: Luxray
|-supereffective|p1a: Luxray
|-damage|p1a: Luxray|29/100 brn
|
|-damage|p1a: Luxray|23/100 brn|[from] brn
|upkeep
|turn|12
|inactive|Ch4mz has 120 seconds left.
|inactive|cafay sen sukr has 120 seconds left.
|
|t:|1603678799
|move|p1a: Luxray|Play Rough|p2a: Stunfisk
|-damage|p2a: Stunfisk|31/100
|move|p2a: Stunfisk|Earth Power|p1a: Luxray
|-supereffective|p1a: Luxray
|-damage|p1a: Luxray|0 fnt
|faint|p1a: Luxray
|
|upkeep
|inactive|Ch4mz has 90 seconds left.
|
|t:|1603678836
|switch|p1a: Raboot|Raboot, M|100/100
|turn|13
|
|t:|1603678846
|move|p1a: Raboot|Flare Blitz|p2a: Stunfisk
|-damage|p2a: Stunfisk|0 fnt
|-status|p1a: Raboot|par|[from] ability: Static|[of] p2a: Stunfisk
|-damage|p1a: Raboot|85/100 par|[from] Recoil
|-damage|p1a: Raboot|75/100 par|[from] item: Life Orb
|faint|p2a: Stunfisk
|
|upkeep
|inactive|cafay sen sukr has 90 seconds left.
|
|t:|1603678881
|switch|p2a: Magmar|Magmar, M|40/100
|turn|14
|inactive|cafay sen sukr has 90 seconds left.
|
|t:|1603678931
|cant|p1a: Raboot|par
|move|p2a: Magmar|Scorching Sands|p1a: Raboot
|-supereffective|p1a: Raboot
|-damage|p1a: Raboot|0 fnt
|faint|p1a: Raboot
|
|upkeep
|inactive|Ch4mz has 60 seconds left.
|
|t:|1603678949
|switch|p1a: Boltund|Boltund, M|100/100
|turn|15
|inactive|Ch4mz has 60 seconds left.
|
|t:|1603678968
|switch|p2a: Roselia|Roselia, F|100/100
|move|p1a: Boltund|Thunder Fang|p2a: Roselia
|-resisted|p2a: Roselia
|-damage|p2a: Roselia|63/100
|-damage|p1a: Boltund|91/100|[from] item: Life Orb
|
|upkeep
|turn|16
|inactive|Ch4mz has 60 seconds left.
|
|t:|1603678979
|move|p1a: Boltund|Fire Fang|p2a: Roselia
|-supereffective|p2a: Roselia
|-damage|p2a: Roselia|0 fnt
|-damage|p1a: Boltund|81/100|[from] item: Life Orb
|faint|p2a: Roselia
|
|upkeep
|
|t:|1603678985
|switch|p2a: Unfezant|Unfezant, M|71/100
|turn|17
|
|t:|1603678995
|move|p2a: Unfezant|Brave Bird|p1a: Boltund
|-resisted|p1a: Boltund
|-damage|p1a: Boltund|30/100
|-damage|p2a: Unfezant|55/100|[from] Recoil
|move|p1a: Boltund|Thunder Fang|p2a: Unfezant|[miss]
|-miss|p1a: Boltund|p2a: Unfezant
|
|upkeep
|turn|18
|
|t:|1603679002
|move|p2a: Unfezant|Brave Bird|p1a: Boltund
|-resisted|p1a: Boltund
|-crit|p1a: Boltund
|-damage|p1a: Boltund|0 fnt
|-damage|p2a: Unfezant|46/100|[from] Recoil
|faint|p1a: Boltund
|
|upkeep
|
|t:|1603679009
|switch|p1a: Dubwool|Dubwool, F|100/100
|turn|19
|j| Ktutverde
|
|t:|1603679021
|move|p2a: Unfezant|Brave Bird|p1a: Dubwool
|-damage|p1a: Dubwool|79/100
|-damage|p2a: Unfezant|39/100|[from] Recoil
|move|p1a: Dubwool|Cotton Guard|p1a: Dubwool
|-boost|p1a: Dubwool|def|3
|
|-heal|p1a: Dubwool|85/100|[from] item: Leftovers
|upkeep
|turn|20
|c| Ktutverde|magmar le héros
|c|☆cafay sen sukr|y
|
|t:|1603679031
|move|p2a: Unfezant|Brave Bird|p1a: Dubwool
|-damage|p1a: Dubwool|75/100
|-damage|p2a: Unfezant|35/100|[from] Recoil
|move|p1a: Dubwool|Cotton Guard|p1a: Dubwool
|-boost|p1a: Dubwool|def|3
|
|-heal|p1a: Dubwool|82/100|[from] item: Leftovers
|upkeep
|turn|21
|
|t:|1603679052
|move|p2a: Unfezant|Brave Bird|p1a: Dubwool
|-damage|p1a: Dubwool|76/100
|-damage|p2a: Unfezant|33/100|[from] Recoil
|move|p1a: Dubwool|Body Press|p2a: Unfezant
|-damage|p2a: Unfezant|0 fnt
|faint|p2a: Unfezant
|
|-heal|p1a: Dubwool|82/100|[from] item: Leftovers
|upkeep
|
|t:|1603679054
|switch|p2a: Magmar|Magmar, M|40/100
|turn|22
|
|t:|1603679067
|move|p2a: Magmar|Flamethrower|p1a: Dubwool
|-damage|p1a: Dubwool|0 fnt
|faint|p1a: Dubwool
|
|win|cafay sen sukr
|l|☆cafay sen sukr
|j|☆cafay sen sukr
|player|p2|cafay sen sukr|swimmer-gen4dp
|l| Ktutverde
|l|☆Ch4mz
