|j|☆SergioRules
|j|☆ayo bb
|t:|1620318680
|gametype|singles
|player|p1|SergioRules|skier-gen2|1365
|player|p2|ayo bb|170|1626
|teamsize|p1|6
|teamsize|p2|6
|gen|8
|tier|[Gen 8] PU
|rated|
|clearpoke
|poke|p1|Aurorus, M|
|poke|p1|Garbodor, F|
|poke|p1|Silvally-*|
|poke|p1|Uxie|
|poke|p1|Hitmontop, M|
|poke|p1|Guzzlord|
|poke|p2|Gigalith, F|
|poke|p2|Persian-Alola, F|
|poke|p2|Stunfisk-Galar, F|
|poke|p2|Gourgeist-*, F|
|poke|p2|Golbat, M|
|poke|p2|Mr. Rime, F|
|rule|Sleep Clause Mod: Limit one foe put to sleep
|rule|Species Clause: Limit one of each Pokémon
|rule|OHKO Clause: OHKO moves are banned
|rule|Evasion Moves Clause: Evasion moves are banned
|rule|Endless Battle Clause: Forcing endless battles is banned
|rule|HP Percentage Mod: HP is shown in percentages
|rule|Dynamax Clause: You cannot dynamax
|teampreview
|
|t:|1620318706
|start
|switch|p1a: dinner & diatribes|Silvally-Steel|100/100
|switch|p2a: Stunfisk|Stunfisk-Galar, F|100/100
|turn|1
|
|t:|1620318711
|move|p1a: dinner & diatribes|U-turn|p2a: Stunfisk
|-resisted|p2a: Stunfisk
|-damage|p2a: Stunfisk|96/100
|
|t:|1620318723
|switch|p1a: summer depression|Guzzlord, shiny|100/100|[from]move: U-turn
|move|p2a: Stunfisk|Snap Trap|p1a: summer depression
|-resisted|p1a: summer depression
|-damage|p1a: summer depression|97/100
|-activate|p1a: summer depression|move: Snap Trap|[of] p2a: Stunfisk
|
|-heal|p2a: Stunfisk|100/100|[from] item: Leftovers
|-damage|p1a: summer depression|84/100|[from] move: Snap Trap|[partiallytrapped]
|upkeep
|turn|2
|
|t:|1620318727
|move|p2a: Stunfisk|Protect|p2a: Stunfisk
|-singleturn|p2a: Stunfisk|Protect
|move|p1a: summer depression|Knock Off|p2a: Stunfisk
|-activate|p2a: Stunfisk|move: Protect
|
|-damage|p1a: summer depression|72/100|[from] move: Snap Trap|[partiallytrapped]
|upkeep
|turn|3
|
|t:|1620318732
|move|p1a: summer depression|Knock Off|p2a: Stunfisk
|-damage|p2a: Stunfisk|78/100
|-enditem|p2a: Stunfisk|Leftovers|[from] move: Knock Off|[of] p1a: summer depression
|move|p2a: Stunfisk|Earthquake|p1a: summer depression
|-damage|p1a: summer depression|44/100
|
|-damage|p1a: summer depression|32/100|[from] move: Snap Trap|[partiallytrapped]
|upkeep
|turn|4
|
|t:|1620318737
|move|p1a: summer depression|Drain Punch|p2a: Stunfisk
|-supereffective|p2a: Stunfisk
|-damage|p2a: Stunfisk|54/100
|-heal|p1a: summer depression|40/100|[from] drain|[of] p2a: Stunfisk
|move|p2a: Stunfisk|Earthquake|p1a: summer depression
|-damage|p1a: summer depression|11/100
|
|-damage|p1a: summer depression|0 fnt|[from] move: Snap Trap|[partiallytrapped]
|faint|p1a: summer depression
|upkeep
|
|t:|1620318744
|switch|p1a: night knuckles|Hitmontop, M, shiny|100/100
|turn|5
|
|t:|1620318750
|move|p1a: night knuckles|Triple Axel|p2a: Stunfisk
|-damage|p2a: Stunfisk|49/100
|-damage|p2a: Stunfisk|37/100
|-damage|p2a: Stunfisk|21/100
|-hitcount|p2a: Stunfisk|3
|move|p2a: Stunfisk|Yawn|p1a: night knuckles
|-start|p1a: night knuckles|move: Yawn|[of] p2a: Stunfisk
|
|upkeep
|turn|6
|
|t:|1620318759
|switch|p1a: sweet hibiscus tea|Uxie|100/100
|switch|p2a: Persian|Persian-Alola, F|100/100
|
|upkeep
|turn|7
|
|t:|1620318767
|switch|p1a: night knuckles|Hitmontop, M, shiny|100/100
|move|p2a: Persian|Parting Shot|p1a: night knuckles
|-unboost|p1a: night knuckles|atk|1
|-unboost|p1a: night knuckles|spa|1
|
|t:|1620318772
|switch|p2a: Mr. Rime|Mr. Rime, F|100/100|[from]move: Parting Shot
|
|upkeep
|turn|8
|
|t:|1620318779
|switch|p1a: dinner & diatribes|Silvally-Steel|100/100
|move|p2a: Mr. Rime|Future Sight|p1a: dinner & diatribes
|-start|p2a: Mr. Rime|move: Future Sight
|
|upkeep
|turn|9
|
|t:|1620318785
|switch|p2a: Persian|Persian-Alola, F|100/100
|move|p1a: dinner & diatribes|Multi-Attack|p2a: Persian
|-damage|p2a: Persian|73/100
|
|-heal|p2a: Persian|79/100|[from] item: Leftovers
|upkeep
|turn|10
|
|t:|1620318787
|move|p2a: Persian|Foul Play|p1a: dinner & diatribes
|-damage|p1a: dinner & diatribes|71/100
|move|p1a: dinner & diatribes|U-turn|p2a: Persian
|-supereffective|p2a: Persian
|-crit|p2a: Persian
|-damage|p2a: Persian|48/100
|
|t:|1620318795
|switch|p1a: sweet hibiscus tea|Uxie|100/100|[from]move: U-turn
|
|-end|p1a: sweet hibiscus tea|move: Future Sight
|-resisted|p1a: sweet hibiscus tea
|-damage|p1a: sweet hibiscus tea|78/100
|-heal|p2a: Persian|53/100|[from] item: Leftovers
|upkeep
|turn|11
|
|t:|1620318811
|move|p2a: Persian|Parting Shot|p1a: sweet hibiscus tea
|-unboost|p1a: sweet hibiscus tea|atk|1
|-unboost|p1a: sweet hibiscus tea|spa|1
|
|t:|1620318814
|switch|p2a: Gourgeist|Gourgeist-Super, F|100/100|[from]move: Parting Shot
|-item|p1a: sweet hibiscus tea|Colbur Berry|[from] ability: Frisk|[of] p2a: Gourgeist|[identify]
|move|p1a: sweet hibiscus tea|Stealth Rock|p2a: Gourgeist
|-sidestart|p2: ayo bb|move: Stealth Rock
|
|upkeep
|turn|12
|
|t:|1620318822
|move|p1a: sweet hibiscus tea|U-turn|p2a: Gourgeist
|-damage|p2a: Gourgeist|94/100
|
|t:|1620318826
|switch|p1a: broken hearts club|Garbodor, F, shiny|100/100|[from]move: U-turn
|move|p2a: Gourgeist|Trick Room|p2a: Gourgeist
|-fieldstart|move: Trick Room|[of] p2a: Gourgeist
|
|upkeep
|turn|13
|
|t:|1620318839
|move|p2a: Gourgeist|Poltergeist|p1a: broken hearts club|[miss]
|-miss|p2a: Gourgeist|p1a: broken hearts club
|move|p1a: broken hearts club|Stomping Tantrum|p2a: Gourgeist
|-resisted|p2a: Gourgeist
|-damage|p2a: Gourgeist|88/100
|
|upkeep
|turn|14
|j| laevin
|
|t:|1620318855
|move|p2a: Gourgeist|Poltergeist|p1a: broken hearts club
|-activate|p1a: broken hearts club|move: Poltergeist|Black Sludge
|-damage|p1a: broken hearts club|44/100
|-damage|p2a: Gourgeist|78/100|[from] item: Life Orb
|move|p1a: broken hearts club|Gunk Shot|p2a: Gourgeist|[miss]
|-miss|p1a: broken hearts club|p2a: Gourgeist
|
|-heal|p1a: broken hearts club|50/100|[from] item: Black Sludge
|upkeep
|turn|15
|c|☆SergioRules|neat
|
|t:|1620318865
|move|p2a: Gourgeist|Poltergeist|p1a: broken hearts club
|-activate|p1a: broken hearts club|move: Poltergeist|Black Sludge
|-damage|p1a: broken hearts club|0 fnt
|faint|p1a: broken hearts club
|-damage|p2a: Gourgeist|68/100|[from] item: Life Orb
|
|upkeep
|
|t:|1620318878
|switch|p1a: dinner & diatribes|Silvally-Steel|71/100
|turn|16
|l| laevin
|
|t:|1620318887
|switch|p2a: Stunfisk|Stunfisk-Galar, F|21/100
|-damage|p2a: Stunfisk|18/100|[from] Stealth Rock
|move|p1a: dinner & diatribes|U-turn|p2a: Stunfisk
|-resisted|p2a: Stunfisk
|-damage|p2a: Stunfisk|14/100
|
|t:|1620318910
|switch|p1a: night knuckles|Hitmontop, M, shiny|100/100|[from]move: U-turn
|
|-fieldend|move: Trick Room
|upkeep
|turn|17
|
|t:|1620318919
|move|p1a: night knuckles|Triple Axel|p2a: Stunfisk
|-damage|p2a: Stunfisk|8/100
|-damage|p2a: Stunfisk|0 fnt
|-hitcount|p2a: Stunfisk|2
|faint|p2a: Stunfisk
|
|upkeep
|
|t:|1620318926
|switch|p2a: Mr. Rime|Mr. Rime, F|100/100
|turn|18
|
|t:|1620318940
|move|p1a: night knuckles|Stone Edge|p2a: Mr. Rime
|-supereffective|p2a: Mr. Rime
|-damage|p2a: Mr. Rime|24/100
|move|p2a: Mr. Rime|Focus Blast|p1a: night knuckles
|-damage|p1a: night knuckles|56/100
|
|upkeep
|turn|19
|
|t:|1620318946
|move|p1a: night knuckles|Mach Punch|p2a: Mr. Rime
|-damage|p2a: Mr. Rime|0 fnt
|faint|p2a: Mr. Rime
|
|upkeep
|
|t:|1620318952
|switch|p2a: Golbat|Golbat, M|100/100
|-damage|p2a: Golbat|76/100|[from] Stealth Rock
|turn|20
|
|t:|1620318962
|switch|p1a: dinner & diatribes|Silvally-Steel|71/100
|move|p2a: Golbat|Brave Bird|p1a: dinner & diatribes
|-resisted|p1a: dinner & diatribes
|-damage|p1a: dinner & diatribes|55/100
|-damage|p2a: Golbat|70/100|[from] Recoil
|
|upkeep
|turn|21
|
|t:|1620318967
|move|p1a: dinner & diatribes|Multi-Attack|p2a: Golbat
|-damage|p2a: Golbat|45/100
|move|p2a: Golbat|Defog|p1a: dinner & diatribes
|-unboost|p1a: dinner & diatribes|evasion|1
|-sideend|p2: ayo bb|Stealth Rock|[from] move: Defog|[of] p2a: Golbat
|
|upkeep
|turn|22
|
|t:|1620318977
|move|p1a: dinner & diatribes|Multi-Attack|p2a: Golbat
|-damage|p2a: Golbat|20/100
|move|p2a: Golbat|Roost|p2a: Golbat
|-heal|p2a: Golbat|70/100
|-singleturn|p2a: Golbat|move: Roost
|
|upkeep
|turn|23
|
|t:|1620318986
|move|p1a: dinner & diatribes|Multi-Attack|p2a: Golbat
|-damage|p2a: Golbat|43/100
|move|p2a: Golbat|Roost|p2a: Golbat
|-heal|p2a: Golbat|93/100
|-singleturn|p2a: Golbat|move: Roost
|
|upkeep
|turn|24
|
|t:|1620318990
|switch|p2a: Persian|Persian-Alola, F|53/100
|move|p1a: dinner & diatribes|Multi-Attack|p2a: Persian
|-damage|p2a: Persian|28/100
|
|-heal|p2a: Persian|34/100|[from] item: Leftovers
|upkeep
|turn|25
|
|t:|1620318999
|move|p2a: Persian|Rest|p2a: Persian
|-status|p2a: Persian|slp|[from] move: Rest
|-heal|p2a: Persian|100/100 slp|[silent]
|move|p1a: dinner & diatribes|U-turn|p2a: Persian
|-supereffective|p2a: Persian
|-damage|p2a: Persian|80/100 slp
|
|t:|1620319004
|switch|p1a: ambrosia|Aurorus, M, shiny|100/100|[from]move: U-turn
|
|-heal|p2a: Persian|86/100 slp|[from] item: Leftovers
|upkeep
|turn|26
|
|t:|1620319010
|switch|p2a: Gigalith|Gigalith, F|100/100
|-weather|Sandstorm|[from] ability: Sand Stream|[of] p2a: Gigalith
|move|p1a: ambrosia|Hyper Voice|p2a: Gigalith
|-damage|p2a: Gigalith|75/100
|
|-weather|Sandstorm|[upkeep]
|-heal|p2a: Gigalith|81/100|[from] item: Leftovers
|upkeep
|turn|27
|
|t:|1620319015
|switch|p1a: sweet hibiscus tea|Uxie|78/100
|move|p2a: Gigalith|Rock Blast|p1a: sweet hibiscus tea
|-damage|p1a: sweet hibiscus tea|71/100
|-damage|p1a: sweet hibiscus tea|65/100
|-hitcount|p1a: sweet hibiscus tea|2
|
|-weather|Sandstorm|[upkeep]
|-damage|p1a: sweet hibiscus tea|58/100|[from] Sandstorm
|-heal|p2a: Gigalith|87/100|[from] item: Leftovers
|upkeep
|turn|28
|
|t:|1620319021
|switch|p2a: Gourgeist|Gourgeist-Super, F|68/100
|-item|p1a: sweet hibiscus tea|Colbur Berry|[from] ability: Frisk|[of] p2a: Gourgeist|[identify]
|move|p1a: sweet hibiscus tea|Stealth Rock|p2a: Gourgeist
|-sidestart|p2: ayo bb|move: Stealth Rock
|
|-weather|Sandstorm|[upkeep]
|-damage|p1a: sweet hibiscus tea|52/100|[from] Sandstorm
|-damage|p2a: Gourgeist|62/100|[from] Sandstorm
|upkeep
|turn|29
|
|t:|1620319031
|move|p1a: sweet hibiscus tea|Knock Off|p2a: Gourgeist
|-supereffective|p2a: Gourgeist
|-damage|p2a: Gourgeist|40/100
|-enditem|p2a: Gourgeist|Life Orb|[from] move: Knock Off|[of] p1a: sweet hibiscus tea
|move|p2a: Gourgeist|Trick Room|p2a: Gourgeist
|-fieldstart|move: Trick Room|[of] p2a: Gourgeist
|
|-weather|Sandstorm|[upkeep]
|-damage|p2a: Gourgeist|34/100|[from] Sandstorm
|-damage|p1a: sweet hibiscus tea|46/100|[from] Sandstorm
|upkeep
|turn|30
|
|t:|1620319041
|move|p2a: Gourgeist|Poltergeist|p1a: sweet hibiscus tea
|-activate|p1a: sweet hibiscus tea|move: Poltergeist|Colbur Berry
|-supereffective|p1a: sweet hibiscus tea
|-damage|p1a: sweet hibiscus tea|0 fnt
|faint|p1a: sweet hibiscus tea
|
|-weather|none
|upkeep
|
|t:|1620319045
|switch|p1a: dinner & diatribes|Silvally-Steel|55/100
|turn|31
|
|t:|1620319048
|move|p2a: Gourgeist|Synthesis|p2a: Gourgeist
|-heal|p2a: Gourgeist|84/100
|move|p1a: dinner & diatribes|Multi-Attack|p2a: Gourgeist
|-damage|p2a: Gourgeist|52/100
|
|upkeep
|turn|32
|
|t:|1620319053
|move|p2a: Gourgeist|Poltergeist|p1a: dinner & diatribes
|-activate|p1a: dinner & diatribes|move: Poltergeist|Steel Memory
|-damage|p1a: dinner & diatribes|6/100
|move|p1a: dinner & diatribes|Flamethrower|p2a: Gourgeist
|-supereffective|p2a: Gourgeist
|-damage|p2a: Gourgeist|11/100
|
|upkeep
|turn|33
|
|t:|1620319063
|move|p2a: Gourgeist|Power Whip|p1a: dinner & diatribes|[miss]
|-miss|p2a: Gourgeist|p1a: dinner & diatribes
|move|p1a: dinner & diatribes|Flamethrower|p2a: Gourgeist
|-supereffective|p2a: Gourgeist
|-damage|p2a: Gourgeist|0 fnt
|faint|p2a: Gourgeist
|
|-fieldend|move: Trick Room
|upkeep
|
|t:|1620319070
|switch|p2a: Persian|Persian-Alola, F|86/100 slp
|-damage|p2a: Persian|74/100 slp|[from] Stealth Rock
|turn|34
|
|t:|1620319076
|cant|p2a: Persian|slp
|move|p2a: Persian|Sleep Talk|p2a: Persian
|move|p2a: Persian|Foul Play|p1a: dinner & diatribes|[from]move: Sleep Talk
|-damage|p1a: dinner & diatribes|0 fnt
|faint|p1a: dinner & diatribes
|
|-heal|p2a: Persian|80/100 slp|[from] item: Leftovers
|upkeep
|
|t:|1620319079
|switch|p1a: ambrosia|Aurorus, M, shiny|100/100
|turn|35
|
|t:|1620319089
|switch|p2a: Gigalith|Gigalith, F|87/100
|-damage|p2a: Gigalith|75/100|[from] Stealth Rock
|-weather|Sandstorm|[from] ability: Sand Stream|[of] p2a: Gigalith
|move|p1a: ambrosia|Meteor Beam||[still]
|-prepare|p1a: ambrosia|Meteor Beam
|-boost|p1a: ambrosia|spa|1
|-enditem|p1a: ambrosia|Power Herb
|-anim|p1a: ambrosia|Meteor Beam|p2a: Gigalith
|-damage|p2a: Gigalith|32/100
|
|-weather|Sandstorm|[upkeep]
|-heal|p2a: Gigalith|38/100|[from] item: Leftovers
|upkeep
|turn|36
|
|t:|1620319097
|move|p2a: Gigalith|Protect|p2a: Gigalith
|-singleturn|p2a: Gigalith|Protect
|move|p1a: ambrosia|Earth Power|p2a: Gigalith
|-activate|p2a: Gigalith|move: Protect
|
|-weather|Sandstorm|[upkeep]
|-heal|p2a: Gigalith|44/100|[from] item: Leftovers
|upkeep
|turn|37
|
|t:|1620319104
|move|p1a: ambrosia|Earth Power|p2a: Gigalith
|-supereffective|p2a: Gigalith
|-damage|p2a: Gigalith|2/100
|move|p2a: Gigalith|Rock Blast|p1a: ambrosia
|-supereffective|p1a: ambrosia
|-damage|p1a: ambrosia|74/100
|-supereffective|p1a: ambrosia
|-damage|p1a: ambrosia|45/100
|-hitcount|p1a: ambrosia|2
|
|-weather|Sandstorm|[upkeep]
|-heal|p2a: Gigalith|8/100|[from] item: Leftovers
|upkeep
|turn|38
|
|t:|1620319108
|move|p1a: ambrosia|Earth Power|p2a: Gigalith
|-supereffective|p2a: Gigalith
|-damage|p2a: Gigalith|0 fnt
|faint|p2a: Gigalith
|
|-weather|Sandstorm|[upkeep]
|upkeep
|
|t:|1620319112
|switch|p2a: Persian|Persian-Alola, F|80/100 slp
|-damage|p2a: Persian|68/100 slp|[from] Stealth Rock
|turn|39
|
|t:|1620319117
|cant|p2a: Persian|slp
|move|p2a: Persian|Sleep Talk|p2a: Persian
|move|p2a: Persian|Parting Shot|p1a: ambrosia|[from]move: Sleep Talk
|-unboost|p1a: ambrosia|atk|1
|-unboost|p1a: ambrosia|spa|1
|
|t:|1620319119
|switch|p2a: Golbat|Golbat, M|93/100|[from]move: Parting Shot
|-damage|p2a: Golbat|68/100|[from] Stealth Rock
|move|p1a: ambrosia|Hyper Voice|p2a: Golbat
|-supereffective|p2a: Golbat
|-damage|p2a: Golbat|0 fnt
|faint|p2a: Golbat
|
|-weather|none
|upkeep
|
|t:|1620319121
|switch|p2a: Persian|Persian-Alola, F|68/100 slp
|-damage|p2a: Persian|55/100 slp|[from] Stealth Rock
|turn|40
|
|t:|1620319127
|-curestatus|p2a: Persian|slp|[msg]
|move|p2a: Persian|Foul Play|p1a: ambrosia
|-damage|p1a: ambrosia|31/100
|move|p1a: ambrosia|Hyper Voice|p2a: Persian
|-damage|p2a: Persian|0 fnt
|faint|p2a: Persian
|
|win|SergioRules
|raw|SergioRules's rating: 1365 &rarr; <strong>1398</strong><br />(+33 for winning)
|raw|ayo bb's rating: 1626 &rarr; <strong>1593</strong><br />(-33 for losing)
|c|☆SergioRules|gg
|c|☆ayo bb|gg
|l|☆ayo bb
||Ladder isn't responding, score probably updated but might not have (Request timeout).
|l|☆SergioRules
|j|☆SergioRules
|player|p1|SergioRules|skier-gen2
