|j|☆sweatercab
|j|☆purplehearts
|t:|1596396098
|player|p1|sweatercab|257|1263
|player|p2|purplehearts|lass-gen1|1216
|teamsize|p1|6
|teamsize|p2|6
|gametype|singles
|gen|8
|tier|[Gen 8] PU
|rated|
|clearpoke
|poke|p1|Unfezant, F|
|poke|p1|Dusknoir, F|
|poke|p1|Stonjourner, M|
|poke|p1|Boltund, M|
|poke|p1|Kadabra, F|
|poke|p1|Lapras, M|
|poke|p2|Pikachu, F|
|poke|p2|Morpeko, M|
|poke|p2|Dedenne, M|
|poke|p2|Marill, M|
|poke|p2|Gourgeist-*, F|
|poke|p2|Sandslash, M|
|rule|Sleep Clause Mod: Limit one foe put to sleep
|rule|Species Clause: Limit one of each Pokémon
|rule|OHKO Clause: OHKO moves are banned
|rule|Evasion Moves Clause: Evasion moves are banned
|rule|Endless Battle Clause: Forcing endless battles is banned
|rule|HP Percentage Mod: HP is shown in percentages
|rule|Dynamax Clause: You cannot dynamax
|teampreview
|inactive|Battle timer is ON: inactive players will automatically lose when time's up. (requested by sweatercab)
|
|t:|1596396115
|start
|switch|p1a: Stonjourner|Stonjourner, M|100/100
|switch|p2a: Sandslash|Sandslash, M|100/100
|turn|1
|
|t:|1596396120
|move|p1a: Stonjourner|Stealth Rock|p2a: Sandslash
|-sidestart|p2: purplehearts|move: Stealth Rock
|move|p2a: Sandslash|Stealth Rock|p1a: Stonjourner
|-sidestart|p1: sweatercab|move: Stealth Rock
|
|upkeep
|turn|2
|
|t:|1596396124
|switch|p1a: Dusknoir|Dusknoir, F|100/100
|-damage|p1a: Dusknoir|88/100|[from] Stealth Rock
|-item|p2a: Sandslash|Rocky Helmet|[from] ability: Frisk|[of] p1a: Dusknoir|[identify]
|move|p2a: Sandslash|Spikes|p1a: Dusknoir
|-sidestart|p1: sweatercab|Spikes
|
|-heal|p1a: Dusknoir|94/100|[from] item: Leftovers
|upkeep
|turn|3
|
|t:|1596396131
|move|p2a: Sandslash|Knock Off|p1a: Dusknoir
|-supereffective|p1a: Dusknoir
|-damage|p1a: Dusknoir|51/100
|-enditem|p1a: Dusknoir|Leftovers|[from] move: Knock Off|[of] p2a: Sandslash
|move|p1a: Dusknoir|Will-O-Wisp|p2a: Sandslash
|-status|p2a: Sandslash|brn
|
|-damage|p2a: Sandslash|94/100 brn|[from] brn
|upkeep
|turn|4
|
|t:|1596396142
|move|p2a: Sandslash|Spikes|p1a: Dusknoir
|-sidestart|p1: sweatercab|Spikes
|move|p1a: Dusknoir|Poltergeist|p2a: Sandslash
|-activate|p2a: Sandslash|move: Poltergeist|Rocky Helmet
|-damage|p2a: Sandslash|62/100 brn
|
|-damage|p2a: Sandslash|56/100 brn|[from] brn
|upkeep
|turn|5
|
|t:|1596396150
|switch|p1a: Unfezant|Unfezant, F|100/100
|-damage|p1a: Unfezant|76/100|[from] Stealth Rock
|move|p2a: Sandslash|Spikes|p1a: Unfezant
|-sidestart|p1: sweatercab|Spikes
|
|-damage|p2a: Sandslash|50/100 brn|[from] brn
|upkeep
|turn|6
|
|t:|1596396155
|move|p1a: Unfezant|Defog|p2a: Sandslash
|-unboost|p2a: Sandslash|evasion|1
|-sideend|p2: purplehearts|Stealth Rock|[from] move: Defog|[of] p1a: Unfezant
|-sideend|p1: sweatercab|Spikes|[from] move: Defog|[of] p1a: Unfezant
|-sideend|p1: sweatercab|Stealth Rock|[from] move: Defog|[of] p1a: Unfezant
|move|p2a: Sandslash|Knock Off|p1a: Unfezant
|-damage|p1a: Unfezant|60/100
|-enditem|p1a: Unfezant|Scope Lens|[from] move: Knock Off|[of] p2a: Sandslash
|
|-damage|p2a: Sandslash|43/100 brn|[from] brn
|upkeep
|turn|7
|
|t:|1596396164
|switch|p2a: Dedenne|Dedenne, M|100/100
|move|p1a: Unfezant|Brave Bird|p2a: Dedenne
|-resisted|p2a: Dedenne
|-damage|p2a: Dedenne|56/100
|-damage|p1a: Unfezant|43/100|[from] Recoil
|
|upkeep
|turn|8
|
|t:|1596396174
|switch|p1a: Boltund|Boltund, M|100/100
|move|p2a: Dedenne|Substitute|p2a: Dedenne
|-start|p2a: Dedenne|Substitute
|-damage|p2a: Dedenne|31/100
|
|upkeep
|turn|9
|
|t:|1596396181
|move|p1a: Boltund|Fire Fang|p2a: Dedenne
|-end|p2a: Dedenne|Substitute
|-damage|p1a: Boltund|91/100|[from] item: Life Orb
|move|p2a: Dedenne|Toxic|p1a: Boltund
|-status|p1a: Boltund|tox
|
|-damage|p1a: Boltund|85/100 tox|[from] psn
|upkeep
|turn|10
|
|t:|1596396191
|switch|p2a: Gourgeist|Gourgeist-Large, F|100/100
|-item|p1a: Boltund|Life Orb|[from] ability: Frisk|[of] p2a: Gourgeist|[identify]
|move|p1a: Boltund|Fire Fang|p2a: Gourgeist
|-supereffective|p2a: Gourgeist
|-damage|p2a: Gourgeist|62/100
|-damage|p1a: Boltund|75/100 tox|[from] item: Life Orb
|
|-damage|p1a: Boltund|63/100 tox|[from] psn
|upkeep
|turn|11
|
|t:|1596396201
|move|p1a: Boltund|Volt Switch|p2a: Gourgeist
|-resisted|p2a: Gourgeist
|-damage|p2a: Gourgeist|47/100
|-damage|p1a: Boltund|53/100 tox|[from] item: Life Orb
|
|t:|1596396204
|switch|p1a: Unfezant|Unfezant, F|43/100|[from]move: Volt Switch
|move|p2a: Gourgeist|Synthesis|p2a: Gourgeist
|-heal|p2a: Gourgeist|97/100
|
|upkeep
|turn|12
|
|t:|1596396218
|switch|p2a: Sandslash|Sandslash, M|43/100 brn
|move|p1a: Unfezant|Roost|p1a: Unfezant
|-heal|p1a: Unfezant|93/100
|-singleturn|p1a: Unfezant|move: Roost
|
|-damage|p2a: Sandslash|37/100 brn|[from] brn
|upkeep
|turn|13
|
|t:|1596396226
|move|p1a: Unfezant|Brave Bird|p2a: Sandslash
|-damage|p2a: Sandslash|2/100 brn
|-damage|p1a: Unfezant|77/100|[from] item: Rocky Helmet|[of] p2a: Sandslash
|-damage|p1a: Unfezant|63/100|[from] Recoil
|move|p2a: Sandslash|Stealth Rock|p1a: Unfezant
|-sidestart|p1: sweatercab|move: Stealth Rock
|
|-damage|p2a: Sandslash|0 fnt|[from] brn
|faint|p2a: Sandslash
|upkeep
|
|t:|1596396238
|switch|p2a: Morpeko|Morpeko, M|100/100
|turn|14
|
|t:|1596396243
|switch|p1a: Stonjourner|Stonjourner, M|100/100
|-damage|p1a: Stonjourner|88/100|[from] Stealth Rock
|move|p2a: Morpeko|Aura Wheel|p1a: Stonjourner
|-damage|p1a: Stonjourner|44/100
|-boost|p2a: Morpeko|spe|1
|-damage|p2a: Morpeko|91/100|[from] item: Life Orb
|
|-formechange|p2a: Morpeko|Morpeko-Hangry||[from] ability: Hunger Switch
|upkeep
|turn|15
|
|t:|1596396257
|move|p2a: Morpeko|Aura Wheel|p1a: Stonjourner
|-damage|p1a: Stonjourner|0 fnt
|-boost|p2a: Morpeko|spe|1
|-damage|p2a: Morpeko|81/100|[from] item: Life Orb
|faint|p1a: Stonjourner
|
|-formechange|p2a: Morpeko|Morpeko||[from] ability: Hunger Switch
|upkeep
|
|t:|1596396265
|switch|p1a: Kadabra|Kadabra, F|100/100
|turn|16
|
|t:|1596396275
|move|p2a: Morpeko|Parting Shot|p1a: Kadabra
|-unboost|p1a: Kadabra|atk|1
|-unboost|p1a: Kadabra|spa|1
|
|t:|1596396279
|switch|p2a: Marill|Marill, M|100/100|[from]move: Parting Shot
|move|p1a: Kadabra|Dazzling Gleam|p2a: Marill
|-damage|p2a: Marill|83/100
|
|upkeep
|turn|17
|
|t:|1596396287
|switch|p1a: Unfezant|Unfezant, F|63/100
|-damage|p1a: Unfezant|38/100|[from] Stealth Rock
|move|p2a: Marill|Toxic|p1a: Unfezant
|-status|p1a: Unfezant|tox
|
|-damage|p1a: Unfezant|32/100 tox|[from] psn
|upkeep
|turn|18
|
|t:|1596396291
|switch|p2a: Morpeko|Morpeko, M|81/100
|move|p1a: Unfezant|Defog|p2a: Morpeko
|-unboost|p2a: Morpeko|evasion|1
|-sideend|p1: sweatercab|Stealth Rock|[from] move: Defog|[of] p1a: Unfezant
|
|-damage|p1a: Unfezant|20/100 tox|[from] psn
|-formechange|p2a: Morpeko|Morpeko-Hangry||[from] ability: Hunger Switch
|upkeep
|turn|19
|
|t:|1596396296
|move|p2a: Morpeko|Aura Wheel|p1a: Unfezant
|-damage|p1a: Unfezant|0 fnt
|-boost|p2a: Morpeko|spe|1
|-damage|p2a: Morpeko|71/100|[from] item: Life Orb
|faint|p1a: Unfezant
|
|-formechange|p2a: Morpeko|Morpeko||[from] ability: Hunger Switch
|upkeep
|
|t:|1596396303
|switch|p1a: Dusknoir|Dusknoir, F|51/100
|-item|p2a: Morpeko|Life Orb|[from] ability: Frisk|[of] p1a: Dusknoir|[identify]
|turn|20
|
|t:|1596396311
|move|p2a: Morpeko|Aura Wheel|p1a: Dusknoir
|-crit|p1a: Dusknoir
|-damage|p1a: Dusknoir|0 fnt
|-boost|p2a: Morpeko|spe|1
|-damage|p2a: Morpeko|62/100|[from] item: Life Orb
|faint|p1a: Dusknoir
|
|-formechange|p2a: Morpeko|Morpeko-Hangry||[from] ability: Hunger Switch
|upkeep
|
|t:|1596396318
|switch|p1a: Lapras|Lapras, M|100/100
|turn|21
|
|t:|1596396326
|move|p2a: Morpeko|Aura Wheel|p1a: Lapras
|-damage|p1a: Lapras|52/100
|-boost|p2a: Morpeko|spe|1
|-damage|p2a: Morpeko|52/100|[from] item: Life Orb
|move|p1a: Lapras|Freeze-Dry|p2a: Morpeko
|-damage|p2a: Morpeko|6/100
|
|-heal|p1a: Lapras|58/100|[from] item: Leftovers
|-formechange|p2a: Morpeko|Morpeko||[from] ability: Hunger Switch
|upkeep
|turn|22
|
|t:|1596396336
|move|p2a: Morpeko|Aura Wheel|p1a: Lapras
|-supereffective|p1a: Lapras
|-damage|p1a: Lapras|0 fnt
|-boost|p2a: Morpeko|spe|1
|-damage|p2a: Morpeko|0 fnt|[from] item: Life Orb
|faint|p1a: Lapras
|faint|p2a: Morpeko
|
|upkeep
|
|t:|1596396342
|switch|p2a: Pikachu|Pikachu, F|100/100
|switch|p1a: Kadabra|Kadabra, F|100/100
|turn|23
|
|t:|1596396346
|move|p2a: Pikachu|Fake Out|p1a: Kadabra
|-damage|p1a: Kadabra|36/100
|cant|p1a: Kadabra|flinch
|
|upkeep
|turn|24
|
|t:|1596396349
|move|p2a: Pikachu|Extreme Speed|p1a: Kadabra
|-damage|p1a: Kadabra|0 fnt
|faint|p1a: Kadabra
|
|upkeep
|
|t:|1596396351
|switch|p1a: Boltund|Boltund, M|53/100 tox
|turn|25
|
|t:|1596396355
|move|p2a: Pikachu|Extreme Speed|p1a: Boltund
|-damage|p1a: Boltund|0 fnt
|faint|p1a: Boltund
|
|win|purplehearts
|c|☆sweatercab|gg
|l|☆sweatercab
||Ladder (probably) updated, but score could not be retrieved (Request timeout).
