|j|☆SingleAye
|j|☆acluh1
|t:|1664550187
|gametype|singles
|player|p1|SingleAye|acerola-masters|1387
|player|p2|acluh1|266|1481
|teamsize|p1|6
|teamsize|p2|6
|gen|8
|tier|[Gen 8] PU
|rated|
|rule|Sleep Clause Mod: Limit one foe put to sleep
|rule|Species Clause: Limit one of each Pokémon
|rule|OHKO Clause: OHKO moves are banned
|rule|Evasion Items Clause: Evasion items are banned
|rule|Evasion Moves Clause: Evasion moves are banned
|rule|Endless Battle Clause: Forcing endless battles is banned
|rule|HP Percentage Mod: HP is shown in percentages
|rule|Dynamax Clause: You cannot dynamax
|clearpoke
|poke|p1|Vikavolt, F|
|poke|p1|Basculin, M|
|poke|p1|Magmortar, F|
|poke|p1|Shiftry, M|
|poke|p1|Perrserker, F|
|poke|p1|Scrafty, M|
|poke|p2|Charizard, F|
|poke|p2|Gigalith, M|
|poke|p2|Sandaconda, F|
|poke|p2|Trevenant, F|
|poke|p2|Whimsicott, M|
|poke|p2|Wishiwashi, F|
|teampreview
|inactive|Battle timer is ON: inactive players will automatically lose when time's up. (requested by acluh1)
|
|t:|1664550204
|start
|switch|p1a: Shiftry|Shiftry, M|100/100
|switch|p2a: Whimsicott|Whimsicott, M, shiny|100/100
|turn|1
|
|t:|1664550212
|switch|p1a: Magmortar|Magmortar, F|100/100
|move|p2a: Whimsicott|Moonblast|p1a: Magmortar
|-resisted|p1a: Magmortar
|-damage|p1a: Magmortar|69/100
|
|upkeep
|turn|2
|
|t:|1664550219
|switch|p2a: Gigalith|Gigalith, M, shiny|100/100
|-weather|Sandstorm|[from] ability: Sand Stream|[of] p2a: Gigalith
|move|p1a: Magmortar|Focus Blast|p2a: Gigalith
|-supereffective|p2a: Gigalith
|-damage|p2a: Gigalith|38/100
|-damage|p1a: Magmortar|59/100|[from] item: Life Orb
|
|-weather|Sandstorm|[upkeep]
|-damage|p1a: Magmortar|53/100|[from] Sandstorm
|-heal|p2a: Gigalith|44/100|[from] item: Leftovers
|upkeep
|turn|3
|
|t:|1664550226
|move|p2a: Gigalith|Protect|p2a: Gigalith
|-singleturn|p2a: Gigalith|Protect
|move|p1a: Magmortar|Focus Blast|p2a: Gigalith
|-activate|p2a: Gigalith|move: Protect
|
|-weather|Sandstorm|[upkeep]
|-damage|p1a: Magmortar|47/100|[from] Sandstorm
|-heal|p2a: Gigalith|50/100|[from] item: Leftovers
|upkeep
|turn|4
|
|t:|1664550229
|move|p1a: Magmortar|Focus Blast|p2a: Gigalith
|-supereffective|p2a: Gigalith
|-damage|p2a: Gigalith|0 fnt
|faint|p2a: Gigalith
|-damage|p1a: Magmortar|37/100|[from] item: Life Orb
|
|-weather|Sandstorm|[upkeep]
|-damage|p1a: Magmortar|30/100|[from] Sandstorm
|upkeep
|
|t:|1664550235
|switch|p2a: Whimsicott|Whimsicott, M, shiny|100/100
|turn|5
|
|t:|1664550238
|move|p2a: Whimsicott|Moonblast|p1a: Magmortar
|-resisted|p1a: Magmortar
|-damage|p1a: Magmortar|0 fnt
|faint|p1a: Magmortar
|
|-weather|Sandstorm|[upkeep]
|-damage|p2a: Whimsicott|94/100|[from] Sandstorm
|upkeep
|
|t:|1664550251
|switch|p1a: Vikavolt|Vikavolt, F|100/100
|turn|6
|
|t:|1664550264
|move|p2a: Whimsicott|Moonblast|p1a: Vikavolt
|-damage|p1a: Vikavolt|27/100
|move|p1a: Vikavolt|Agility|p1a: Vikavolt
|-boost|p1a: Vikavolt|spe|2
|
|-weather|none
|upkeep
|turn|7
|
|t:|1664550285
|move|p1a: Vikavolt|Bug Buzz|p2a: Whimsicott
|-damage|p2a: Whimsicott|5/100
|-unboost|p2a: Whimsicott|spd|1
|-enditem|p1a: Vikavolt|Throat Spray
|-boost|p1a: Vikavolt|spa|1|[from] item: Throat Spray
|move|p2a: Whimsicott|Moonblast|p1a: Vikavolt
|-damage|p1a: Vikavolt|0 fnt
|faint|p1a: Vikavolt
|
|upkeep
|
|t:|1664550291
|switch|p1a: Perrserker|Perrserker, F|100/100
|turn|8
|
|t:|1664550300
|switch|p2a: Charizard|Charizard, F, shiny|100/100
|move|p1a: Perrserker|U-turn|p2a: Charizard
|-resisted|p2a: Charizard
|-damage|p2a: Charizard|92/100
|
|t:|1664550305
|switch|p1a: Shiftry|Shiftry, M|100/100|[from]move: U-turn
|
|upkeep
|turn|9
|
|t:|1664550309
|move|p1a: Shiftry|Rock Slide|p2a: Charizard
|-supereffective|p2a: Charizard
|-damage|p2a: Charizard|0 fnt
|faint|p2a: Charizard
|
|upkeep
|
|t:|1664550315
|switch|p2a: Trevenant|Trevenant, F|100/100
|turn|10
|
|t:|1664550320
|switch|p1a: Perrserker|Perrserker, F|100/100
|move|p2a: Trevenant|Drain Punch|p1a: Perrserker
|-supereffective|p1a: Perrserker
|-damage|p1a: Perrserker|25/100
|
|upkeep
|turn|11
|
|t:|1664550328
|move|p2a: Trevenant|Drain Punch|p1a: Perrserker
|-supereffective|p1a: Perrserker
|-damage|p1a: Perrserker|0 fnt
|faint|p1a: Perrserker
|
|upkeep
|
|t:|1664550331
|switch|p1a: Shiftry|Shiftry, M|100/100
|turn|12
|
|t:|1664550334
|switch|p2a: Sandaconda|Sandaconda, F, shiny|100/100
|move|p1a: Shiftry|Knock Off|p2a: Sandaconda
|-damage|p2a: Sandaconda|73/100
|-damage|p1a: Shiftry|84/100|[from] item: Rocky Helmet|[of] p2a: Sandaconda
|-enditem|p2a: Sandaconda|Rocky Helmet|[from] move: Knock Off|[of] p1a: Shiftry
|
|upkeep
|turn|13
|
|t:|1664550339
|switch|p1a: Scrafty|Scrafty, M|100/100
|move|p2a: Sandaconda|Glare|p1a: Scrafty
|-status|p1a: Scrafty|par
|
|upkeep
|turn|14
|
|t:|1664550346
|switch|p2a: Wishiwashi|Wishiwashi, F|100/100
|-formechange|p2a: Wishiwashi|Wishiwashi-School||[from] ability: Schooling
|move|p1a: Scrafty|Bulk Up|p1a: Scrafty
|-boost|p1a: Scrafty|atk|1
|-boost|p1a: Scrafty|def|1
|
|-activate|p1a: Scrafty|ability: Shed Skin
|-curestatus|p1a: Scrafty|par|[msg]
|upkeep
|turn|15
|
|t:|1664550351
|move|p1a: Scrafty|Drain Punch|p2a: Wishiwashi
|-damage|p2a: Wishiwashi|78/100
|move|p2a: Wishiwashi|Scald|p1a: Scrafty
|-damage|p1a: Scrafty|78/100
|-status|p1a: Scrafty|brn
|
|-heal|p1a: Scrafty|84/100 brn|[from] item: Leftovers
|-heal|p2a: Wishiwashi|84/100|[from] item: Leftovers
|-damage|p1a: Scrafty|78/100 brn|[from] brn
|upkeep
|turn|16
|
|t:|1664550362
|move|p1a: Scrafty|Knock Off|p2a: Wishiwashi
|-damage|p2a: Wishiwashi|68/100
|-enditem|p2a: Wishiwashi|Leftovers|[from] move: Knock Off|[of] p1a: Scrafty
|move|p2a: Wishiwashi|U-turn|p1a: Scrafty
|-damage|p1a: Scrafty|65/100 brn
|
|t:|1664550364
|switch|p2a: Whimsicott|Whimsicott, M, shiny|5/100|[from]move: U-turn
|
|-activate|p1a: Scrafty|ability: Shed Skin
|-curestatus|p1a: Scrafty|brn|[msg]
|-heal|p1a: Scrafty|71/100|[from] item: Leftovers
|upkeep
|turn|17
|
|t:|1664550372
|move|p2a: Whimsicott|Moonblast|p1a: Scrafty
|-supereffective|p1a: Scrafty
|-damage|p1a: Scrafty|0 fnt
|faint|p1a: Scrafty
|
|upkeep
|
|t:|1664550374
|switch|p1a: Basculin|Basculin, M|100/100
|turn|18
|
|t:|1664550378
|switch|p2a: Wishiwashi|Wishiwashi, F|68/100
|-formechange|p2a: Wishiwashi|Wishiwashi-School||[from] ability: Schooling
|move|p1a: Basculin|Flip Turn|p2a: Wishiwashi
|-resisted|p2a: Wishiwashi
|-damage|p2a: Wishiwashi|50/100
|
|t:|1664550381
|switch|p1a: Shiftry|Shiftry, M|84/100|[from]move: Flip Turn
|
|upkeep
|turn|19
|
|t:|1664550386
|switch|p2a: Sandaconda|Sandaconda, F, shiny|73/100
|move|p1a: Shiftry|Leaf Blade|p2a: Sandaconda
|-supereffective|p2a: Sandaconda
|-damage|p2a: Sandaconda|20/100
|
|upkeep
|turn|20
|
|t:|1664550390
|switch|p2a: Trevenant|Trevenant, F|100/100
|move|p1a: Shiftry|Leaf Blade|p2a: Trevenant
|-resisted|p2a: Trevenant
|-damage|p2a: Trevenant|73/100
|
|upkeep
|turn|21
|
|t:|1664550401
|switch|p1a: Basculin|Basculin, M|100/100
|move|p2a: Trevenant|Drain Punch|p1a: Basculin
|-damage|p1a: Basculin|34/100
|-heal|p2a: Trevenant|100/100|[from] drain|[of] p1a: Basculin
|
|upkeep
|turn|22
|
|t:|1664550407
|switch|p2a: Sandaconda|Sandaconda, F, shiny|20/100
|move|p1a: Basculin|Crunch|p2a: Sandaconda
|-damage|p2a: Sandaconda|0 fnt
|faint|p2a: Sandaconda
|
|upkeep
|
|t:|1664550415
|switch|p2a: Wishiwashi|Wishiwashi, F|50/100
|-formechange|p2a: Wishiwashi|Wishiwashi-School||[from] ability: Schooling
|turn|23
|
|t:|1664550419
|move|p1a: Basculin|Crunch|p2a: Wishiwashi
|-damage|p2a: Wishiwashi|27/100
|move|p2a: Wishiwashi|U-turn|p1a: Basculin
|-damage|p1a: Basculin|0 fnt
|faint|p1a: Basculin
|j| kellion180
|
|t:|1664550431
|switch|p2a: Whimsicott|Whimsicott, M, shiny|5/100|[from]move: U-turn
|
|upkeep
|
|t:|1664550433
|switch|p1a: Shiftry|Shiftry, M|84/100
|turn|24
|
|t:|1664550436
|move|p1a: Shiftry|Knock Off|p2a: Whimsicott
|-resisted|p2a: Whimsicott
|-damage|p2a: Whimsicott|0 fnt
|-enditem|p2a: Whimsicott|Choice Specs|[from] move: Knock Off|[of] p1a: Shiftry
|faint|p2a: Whimsicott
|
|upkeep
|
|t:|1664550438
|switch|p2a: Wishiwashi|Wishiwashi, F|27/100
|-formechange|p2a: Wishiwashi|Wishiwashi-School||[from] ability: Schooling
|turn|25
|
|t:|1664550439
|move|p1a: Shiftry|Knock Off|p2a: Wishiwashi
|-damage|p2a: Wishiwashi|6/100
|move|p2a: Wishiwashi|Scald|p1a: Shiftry
|-resisted|p1a: Shiftry
|-crit|p1a: Shiftry
|-damage|p1a: Shiftry|36/100
|
|-formechange|p2a: Wishiwashi|Wishiwashi||[from] ability: Schooling
|upkeep
|turn|26
|
|t:|1664550443
|move|p1a: Shiftry|Knock Off|p2a: Wishiwashi
|-damage|p2a: Wishiwashi|0 fnt
|faint|p2a: Wishiwashi
|
|upkeep
|
|t:|1664550444
|switch|p2a: Trevenant|Trevenant, F|100/100
|turn|27
|
|t:|1664550446
|move|p1a: Shiftry|Knock Off|p2a: Trevenant
|-supereffective|p2a: Trevenant
|-damage|p2a: Trevenant|0 fnt
|-enditem|p2a: Trevenant|Choice Band|[from] move: Knock Off|[of] p1a: Shiftry
|faint|p2a: Trevenant
|
|win|SingleAye
|raw|SingleAye's rating: 1387 &rarr; <strong>1412</strong><br />(+25 for winning)
|raw|acluh1's rating: 1481 &rarr; <strong>1456</strong><br />(-25 for losing)
