|j|☆tolon tolon
|j|☆gum
|t:|1641125793
|gametype|singles
|player|p1|tolon tolon|lucas|
|player|p2|gum|#paperrings|
|teamsize|p1|6
|teamsize|p2|6
|gen|8
|tier|[Gen 8] PU
|rated|Tournament battle
|rule|Sleep Clause Mod: Limit one foe put to sleep
|rule|Species Clause: Limit one of each Pokémon
|rule|OHKO Clause: OHKO moves are banned
|rule|Evasion Moves Clause: Evasion moves are banned
|rule|Endless Battle Clause: Forcing endless battles is banned
|rule|HP Percentage Mod: HP is shown in percentages
|rule|Dynamax Clause: You cannot dynamax
|clearpoke
|poke|p1|Magmortar, F|
|poke|p1|Aromatisse, F|
|poke|p1|Gourgeist-*, M|
|poke|p1|Silvally-*|
|poke|p1|Miltank, F|
|poke|p1|Archeops, M|
|poke|p2|Jellicent, F|
|poke|p2|Ninjask, F|
|poke|p2|Espeon, M|
|poke|p2|Ferroseed, M|
|poke|p2|Regirock|
|poke|p2|Silvally-*|
|teampreview
|j| Darkrowo
|c|☆gum|hf
|c|☆tolon tolon|u2
|c|☆tolon tolon|since when are ninjask and espeon here?
|c|☆gum|yesterday
|j|+keppy ㋛
|
|t:|1641125851
|start
|switch|p1a: Miltank|Miltank, F|100/100
|switch|p2a: only seeing god|Jellicent, F|100/100
|turn|1
|c|☆tolon tolon|thats cool
|
|t:|1641125860
|switch|p1a: Gourgeist|Gourgeist-Small, M|100/100
|-item|p2a: only seeing god|Choice Specs|[from] ability: Frisk|[of] p1a: Gourgeist|[identify]
|switch|p2a: effeminacy|Espeon, M|100/100
|
|upkeep
|turn|2
|
|t:|1641125870
|switch|p2a: cicada|Ninjask, F|100/100
|move|p1a: Gourgeist|Shadow Ball|p2a: cicada
|-damage|p2a: cicada|39/100
|-damage|p1a: Gourgeist|91/100|[from] item: Life Orb
|
|upkeep
|turn|3
|
|t:|1641125889
|switch|p1a: Aromatisse|Aromatisse, F|100/100
|move|p2a: cicada|Acrobatics|p1a: Aromatisse
|-damage|p1a: Aromatisse|62/100
|
|-heal|p1a: Aromatisse|68/100|[from] item: Leftovers
|-ability|p2a: cicada|Speed Boost|boost
|-boost|p2a: cicada|spe|1
|upkeep
|turn|4
|
|t:|1641125895
|move|p2a: cicada|U-turn|p1a: Aromatisse
|-resisted|p1a: Aromatisse
|-damage|p1a: Aromatisse|57/100
|
|t:|1641125900
|switch|p2a: naturopathe|Ferroseed, M|100/100|[from]move: U-turn
|move|p1a: Aromatisse|Wish|p1a: Aromatisse
|
|-heal|p1a: Aromatisse|64/100|[from] item: Leftovers
|upkeep
|turn|5
|
|t:|1641125911
|switch|p1a: Magmortar|Magmortar, F|100/100
|move|p2a: naturopathe|Leech Seed|p1a: Magmortar
|-start|p1a: Magmortar|move: Leech Seed
|
|-damage|p1a: Magmortar|88/100|[from] Leech Seed|[of] p2a: naturopathe
|upkeep
|turn|6
|
|t:|1641125919
|switch|p1a: Gourgeist|Gourgeist-Small, M|91/100
|-item|p2a: naturopathe|Eviolite|[from] ability: Frisk|[of] p1a: Gourgeist|[identify]
|switch|p2a: nothing from u|Regirock|100/100
|
|upkeep
|turn|7
|
|t:|1641125931
|move|p1a: Gourgeist|Nasty Plot|p1a: Gourgeist
|-boost|p1a: Gourgeist|spa|2
|move|p2a: nothing from u|Toxic|p1a: Gourgeist
|-status|p1a: Gourgeist|tox
|
|-damage|p1a: Gourgeist|85/100 tox|[from] psn
|upkeep
|turn|8
|
|t:|1641125935
|switch|p2a: cicada|Ninjask, F|39/100
|move|p1a: Gourgeist|Shadow Ball|p2a: cicada
|-crit|p2a: cicada
|-damage|p2a: cicada|0 fnt
|faint|p2a: cicada
|-damage|p1a: Gourgeist|75/100 tox|[from] item: Life Orb
|
|-damage|p1a: Gourgeist|63/100 tox|[from] psn
|upkeep
|
|t:|1641125942
|switch|p2a: angel|Silvally-Fairy|100/100
|turn|9
|
|t:|1641125953
|switch|p1a: Miltank|Miltank, F|100/100
|move|p2a: angel|Multi-Attack|p1a: Miltank
|-damage|p1a: Miltank|56/100
|
|-heal|p1a: Miltank|62/100|[from] item: Leftovers
|upkeep
|turn|10
|
|t:|1641125959
|switch|p2a: effeminacy|Espeon, M|100/100
|move|p1a: Miltank|Milk Drink|p1a: Miltank
|-heal|p1a: Miltank|100/100
|
|upkeep
|turn|11
|
|t:|1641125965
|move|p2a: effeminacy|Calm Mind|p2a: effeminacy
|-boost|p2a: effeminacy|spa|1
|-boost|p2a: effeminacy|spd|1
|move|p1a: Miltank|Seismic Toss|p2a: effeminacy
|-damage|p2a: effeminacy|71/100
|
|-heal|p2a: effeminacy|77/100|[from] item: Leftovers
|upkeep
|turn|12
|
|t:|1641125976
|move|p2a: effeminacy|Psychic|p1a: Miltank
|-damage|p1a: Miltank|49/100
|move|p1a: Miltank|Seismic Toss|p2a: effeminacy
|-damage|p2a: effeminacy|47/100
|
|-heal|p2a: effeminacy|53/100|[from] item: Leftovers
|-heal|p1a: Miltank|55/100|[from] item: Leftovers
|upkeep
|turn|13
|
|t:|1641125980
|move|p2a: effeminacy|Morning Sun|p2a: effeminacy
|-heal|p2a: effeminacy|100/100
|move|p1a: Miltank|Milk Drink|p1a: Miltank
|-heal|p1a: Miltank|100/100
|
|upkeep
|turn|14
|
|t:|1641125989
|move|p2a: effeminacy|Calm Mind|p2a: effeminacy
|-boost|p2a: effeminacy|spa|1
|-boost|p2a: effeminacy|spd|1
|move|p1a: Miltank|Seismic Toss|p2a: effeminacy
|-damage|p2a: effeminacy|71/100
|
|-heal|p2a: effeminacy|77/100|[from] item: Leftovers
|upkeep
|turn|15
|
|t:|1641125992
|move|p2a: effeminacy|Psychic|p1a: Miltank
|-damage|p1a: Miltank|32/100
|move|p1a: Miltank|Seismic Toss|p2a: effeminacy
|-damage|p2a: effeminacy|47/100
|
|-heal|p2a: effeminacy|53/100|[from] item: Leftovers
|-heal|p1a: Miltank|38/100|[from] item: Leftovers
|upkeep
|turn|16
|
|t:|1641125996
|move|p2a: effeminacy|Psychic|p1a: Miltank
|-damage|p1a: Miltank|0 fnt
|faint|p1a: Miltank
|
|-heal|p2a: effeminacy|59/100|[from] item: Leftovers
|upkeep
|
|t:|1641125999
|switch|p1a: Archeops|Archeops, M|100/100
|turn|17
|
|t:|1641126015
|move|p1a: Archeops|U-turn|p2a: effeminacy
|-supereffective|p2a: effeminacy
|-damage|p2a: effeminacy|9/100
|j|@ptf
|
|t:|1641126029
|switch|p1a: Gourgeist|Gourgeist-Small, M|63/100 tox|[from]move: U-turn
|-item|p2a: effeminacy|Leftovers|[from] ability: Frisk|[of] p1a: Gourgeist|[identify]
|move|p2a: effeminacy|Morning Sun|p2a: effeminacy
|-heal|p2a: effeminacy|59/100
|
|-heal|p2a: effeminacy|65/100|[from] item: Leftovers
|-damage|p1a: Gourgeist|57/100 tox|[from] psn
|upkeep
|turn|18
|
|t:|1641126035
|move|p1a: Gourgeist|Shadow Ball|p2a: effeminacy
|-supereffective|p2a: effeminacy
|-damage|p2a: effeminacy|28/100
|-unboost|p2a: effeminacy|spd|1
|-damage|p1a: Gourgeist|47/100 tox|[from] item: Life Orb
|move|p2a: effeminacy|Morning Sun|p2a: effeminacy
|-heal|p2a: effeminacy|78/100
|
|-heal|p2a: effeminacy|84/100|[from] item: Leftovers
|-damage|p1a: Gourgeist|35/100 tox|[from] psn
|upkeep
|turn|19
|
|t:|1641126042
|move|p1a: Gourgeist|Shadow Ball|p2a: effeminacy
|-supereffective|p2a: effeminacy
|-damage|p2a: effeminacy|35/100
|-damage|p1a: Gourgeist|25/100 tox|[from] item: Life Orb
|move|p2a: effeminacy|Psychic|p1a: Gourgeist
|-damage|p1a: Gourgeist|0 fnt
|faint|p1a: Gourgeist
|
|-heal|p2a: effeminacy|41/100|[from] item: Leftovers
|upkeep
|
|t:|1641126049
|switch|p1a: Archeops|Archeops, M|100/100
|turn|20
|
|t:|1641126054
|switch|p2a: nothing from u|Regirock|100/100
|move|p1a: Archeops|U-turn|p2a: nothing from u
|-damage|p2a: nothing from u|90/100
|c|@ptf|broken
|
|t:|1641126059
|switch|p1a: Silvally|Silvally-Water|100/100|[from]move: U-turn
|
|-heal|p2a: nothing from u|96/100|[from] item: Leftovers
|upkeep
|turn|21
|
|t:|1641126064
|switch|p2a: only seeing god|Jellicent, F|100/100
|move|p1a: Silvally|Surf|p2a: only seeing god
|-immune|p2a: only seeing god|[from] ability: Water Absorb
|
|upkeep
|turn|22
|
|t:|1641126068
|move|p1a: Silvally|Parting Shot|p2a: only seeing god
|-unboost|p2a: only seeing god|atk|1
|-unboost|p2a: only seeing god|spa|1
|
|t:|1641126076
|switch|p1a: Aromatisse|Aromatisse, F|64/100|[from]move: Parting Shot
|move|p2a: only seeing god|Shadow Ball|p1a: Aromatisse
|-damage|p1a: Aromatisse|34/100
|
|-heal|p1a: Aromatisse|41/100|[from] item: Leftovers
|upkeep
|turn|23
|
|t:|1641126081
|switch|p2a: effeminacy|Espeon, M|41/100
|move|p1a: Aromatisse|Wish|p1a: Aromatisse
|
|-heal|p2a: effeminacy|47/100|[from] item: Leftovers
|-heal|p1a: Aromatisse|47/100|[from] item: Leftovers
|upkeep
|turn|24
|
|t:|1641126092
|switch|p1a: Archeops|Archeops, M|100/100
|move|p2a: effeminacy|Morning Sun|p2a: effeminacy
|-heal|p2a: effeminacy|97/100
|
|-heal|p2a: effeminacy|100/100|[from] item: Leftovers
|upkeep
|turn|25
|
|t:|1641126096
|move|p1a: Archeops|Stone Edge|p2a: effeminacy|[miss]
|-miss|p1a: Archeops|p2a: effeminacy
|move|p2a: effeminacy|Psychic|p1a: Archeops
|-damage|p1a: Archeops|40/100
|
|upkeep
|turn|26
|c|☆tolon tolon|gg
|c|☆gum|mb
|-message|tolon tolon forfeited.
|
|win|gum
|n|☆tolon tolon|tolontolon
|n|☆gum|gum
|n| Darkrowo|darkrowo
|n| keppy ㋛|keppy
|n| ptf|ptf
