|html|<div class="broadcast-blue"><strong>[Gen 8] PU is currently suspecting Espeon! For information on how to participate check out the <a href="https://www.smogon.com/forums/threads/np-pu-stage-8-magic-bounce.3697962/">suspect thread</a>.</strong></div>
|j|☆ghrtt
|j|☆MentalAdversity
|t:|1646071971
|gametype|singles
|player|p1|ghrtt|265|1542
|player|p2|MentalAdversity|pokefanf-gen4|1513
|teamsize|p1|6
|teamsize|p2|6
|gen|8
|tier|[Gen 8] PU
|rated|
|rule|Sleep Clause Mod: Limit one foe put to sleep
|rule|Species Clause: Limit one of each Pokémon
|rule|OHKO Clause: OHKO moves are banned
|rule|Evasion Moves Clause: Evasion moves are banned
|rule|Endless Battle Clause: Forcing endless battles is banned
|rule|HP Percentage Mod: HP is shown in percentages
|rule|Dynamax Clause: You cannot dynamax
|clearpoke
|poke|p1|Gigalith, M|
|poke|p1|Sandslash, M|
|poke|p1|Togedemaru, F|
|poke|p1|Sneasel, F|
|poke|p1|Vikavolt, F|
|poke|p1|Espeon, F|
|poke|p2|Mareanie, M|
|poke|p2|Articuno|
|poke|p2|Audino, F|
|poke|p2|Corsola-Galar, M|
|poke|p2|Eldegoss, F|
|poke|p2|Quagsire, M|
|teampreview
|j| theegreenone
|l| theegreenone
|
|t:|1646072012
|start
|switch|p1a: Espeon|Espeon, F|100/100
|switch|p2a: NURSE JOY|Audino, F, shiny|100/100
|turn|1
|
|t:|1646072017
|move|p1a: Espeon|Trick|p2a: NURSE JOY
|-activate|p1a: Espeon|move: Trick|[of] p2a: NURSE JOY
|-item|p2a: NURSE JOY|Choice Specs|[from] move: Trick
|-item|p1a: Espeon|Heavy-Duty Boots|[from] move: Trick
|move|p2a: NURSE JOY|Knock Off|p1a: Espeon
|-supereffective|p1a: Espeon
|-damage|p1a: Espeon|43/100
|-enditem|p1a: Espeon|Heavy-Duty Boots|[from] move: Knock Off|[of] p2a: NURSE JOY
|
|upkeep
|turn|2
|inactive|Battle timer is ON: inactive players will automatically lose when time's up. (requested by ghrtt)
|
|t:|1646072030
|move|p1a: Espeon|Psychic|p2a: NURSE JOY
|-damage|p2a: NURSE JOY|67/100
|move|p2a: NURSE JOY|Knock Off|p1a: Espeon
|-supereffective|p1a: Espeon
|-damage|p1a: Espeon|8/100
|
|upkeep
|turn|3
|
|t:|1646072039
|switch|p1a: Togedemaru|Togedemaru, F|100/100
|move|p2a: NURSE JOY|Knock Off|p1a: Togedemaru
|-damage|p1a: Togedemaru|74/100
|-damage|p2a: NURSE JOY|55/100|[from] ability: Iron Barbs|[of] p1a: Togedemaru
|-enditem|p1a: Togedemaru|Choice Scarf|[from] move: Knock Off|[of] p2a: NURSE JOY
|
|upkeep
|turn|4
|
|t:|1646072045
|switch|p2a: Perry the platypus|Quagsire, M, shiny|100/100
|move|p1a: Togedemaru|U-turn|p2a: Perry the platypus
|-damage|p2a: Perry the platypus|84/100
|
|t:|1646072054
|switch|p1a: Vikavolt|Vikavolt, F|100/100|[from]move: U-turn
|
|-heal|p2a: Perry the platypus|90/100|[from] item: Leftovers
|upkeep
|turn|5
|
|t:|1646072059
|switch|p2a: NURSE JOY|Audino, F, shiny|88/100
|move|p1a: Vikavolt|Bug Buzz|p2a: NURSE JOY
|-damage|p2a: NURSE JOY|56/100
|
|upkeep
|turn|6
|
|t:|1646072065
|move|p2a: NURSE JOY|Wish|p2a: NURSE JOY
|move|p1a: Vikavolt|Thunderbolt|p2a: NURSE JOY
|-damage|p2a: NURSE JOY|27/100
|
|upkeep
|turn|7
|c|☆MentalAdversity|oooh
|c|☆MentalAdversity|i didnt realize it was choice specs
|c|☆MentalAdversity|lmao
|
|t:|1646072095
|switch|p2a: Corsola|Corsola-Galar, M|100/100
|switch|p1a: Sneasel|Sneasel, F|100/100
|
|upkeep
|turn|8
|
|t:|1646072101
|switch|p2a: Perry the platypus|Quagsire, M, shiny|90/100
|move|p1a: Sneasel|Knock Off|p2a: Perry the platypus
|-damage|p2a: Perry the platypus|44/100
|-enditem|p2a: Perry the platypus|Leftovers|[from] move: Knock Off|[of] p1a: Sneasel
|
|upkeep
|turn|9
|
|t:|1646072115
|switch|p1a: Vikavolt|Vikavolt, F|100/100
|move|p2a: Perry the platypus|Recover|p2a: Perry the platypus
|-heal|p2a: Perry the platypus|94/100
|
|upkeep
|turn|10
|
|t:|1646072120
|switch|p1a: Sandslash|Sandslash, M|100/100
|switch|p2a: Corsola|Corsola-Galar, M|100/100
|
|upkeep
|turn|11
|
|t:|1646072125
|move|p1a: Sandslash|Knock Off|p2a: Corsola
|-supereffective|p2a: Corsola
|-damage|p2a: Corsola|59/100
|-enditem|p2a: Corsola|Eviolite|[from] move: Knock Off|[of] p1a: Sandslash
|-damage|p1a: Sandslash|91/100|[from] item: Life Orb
|move|p2a: Corsola|Night Shade|p1a: Sandslash
|-damage|p1a: Sandslash|56/100
|
|upkeep
|turn|12
|
|t:|1646072135
|switch|p1a: Espeon|Espeon, F|8/100
|move|p2a: Corsola|Stealth Rock|p1a: Espeon
|move|p1a: Espeon|Stealth Rock|p2a: Corsola|[from]ability: Magic Bounce
|-sidestart|p2: MentalAdversity|move: Stealth Rock
|
|upkeep
|turn|13
|
|t:|1646072145
|switch|p2a: NURSE JOY|Audino, F, shiny|60/100
|-damage|p2a: NURSE JOY|48/100|[from] Stealth Rock
|move|p1a: Espeon|Psychic|p2a: NURSE JOY
|-damage|p2a: NURSE JOY|12/100
|
|upkeep
|turn|14
|
|t:|1646072149
|switch|p2a: COTTONBALL|Eldegoss, F, shiny|100/100
|move|p1a: Espeon|Psychic|p2a: COTTONBALL
|-damage|p2a: COTTONBALL|71/100
|
|upkeep
|turn|15
|
|t:|1646072157
|switch|p1a: Togedemaru|Togedemaru, F|74/100
|move|p2a: COTTONBALL|Rapid Spin|p1a: Togedemaru
|-resisted|p1a: Togedemaru
|-damage|p1a: Togedemaru|68/100
|-boost|p2a: COTTONBALL|spe|1
|-damage|p2a: COTTONBALL|59/100|[from] ability: Iron Barbs|[of] p1a: Togedemaru
|-sideend|p2: MentalAdversity|Stealth Rock|[from] move: Rapid Spin|[of] p2a: COTTONBALL
|
|upkeep
|turn|16
|
|t:|1646072168
|switch|p2a: Mareanie|Mareanie, M, shiny|100/100
|move|p1a: Togedemaru|U-turn|p2a: Mareanie
|-resisted|p2a: Mareanie
|-damage|p2a: Mareanie|93/100
|
|t:|1646072175
|switch|p1a: Sneasel|Sneasel, F|100/100|[from]move: U-turn
|
|upkeep
|turn|17
|
|t:|1646072178
|move|p1a: Sneasel|Knock Off|p2a: Mareanie
|-damage|p2a: Mareanie|46/100
|-enditem|p2a: Mareanie|Eviolite|[from] move: Knock Off|[of] p1a: Sneasel
|move|p2a: Mareanie|Toxic Spikes|p1a: Sneasel
|-sidestart|p1: ghrtt|move: Toxic Spikes
|
|upkeep
|turn|18
|
|t:|1646072184
|switch|p2a: Perry the platypus|Quagsire, M, shiny|94/100
|move|p1a: Sneasel|Knock Off|p2a: Perry the platypus
|-crit|p2a: Perry the platypus
|-damage|p2a: Perry the platypus|50/100
|
|upkeep
|turn|19
|
|t:|1646072192
|switch|p1a: Togedemaru|Togedemaru, F|68/100
|move|p2a: Perry the platypus|Recover|p2a: Perry the platypus
|-heal|p2a: Perry the platypus|99/100
|
|upkeep
|turn|20
|
|t:|1646072197
|switch|p1a: Vikavolt|Vikavolt, F|100/100
|move|p2a: Perry the platypus|Scald|p1a: Vikavolt
|-damage|p1a: Vikavolt|76/100
|
|upkeep
|turn|21
|
|t:|1646072214
|switch|p2a: COTTONBALL|Eldegoss, F, shiny|92/100
|move|p1a: Vikavolt|Bug Buzz|p2a: COTTONBALL
|-supereffective|p2a: COTTONBALL
|-damage|p2a: COTTONBALL|39/100
|
|upkeep
|turn|22
|
|t:|1646072221
|switch|p1a: Gigalith|Gigalith, M|100/100
|-status|p1a: Gigalith|psn
|-weather|Sandstorm|[from] ability: Sand Stream|[of] p1a: Gigalith
|move|p2a: COTTONBALL|Protect||[still]
|-fail|p2a: COTTONBALL
|
|-weather|Sandstorm|[upkeep]
|-damage|p2a: COTTONBALL|33/100|[from] Sandstorm
|-damage|p1a: Gigalith|88/100 psn|[from] psn
|upkeep
|turn|23
|
|t:|1646072227
|switch|p2a: Corsola|Corsola-Galar, M|59/100
|switch|p1a: Vikavolt|Vikavolt, F|76/100
|
|-weather|Sandstorm|[upkeep]
|-damage|p1a: Vikavolt|70/100|[from] Sandstorm
|-damage|p2a: Corsola|53/100|[from] Sandstorm
|upkeep
|turn|24
|
|t:|1646072232
|move|p1a: Vikavolt|Bug Buzz|p2a: Corsola
|-resisted|p2a: Corsola
|-damage|p2a: Corsola|30/100
|move|p2a: Corsola|Strength Sap|p1a: Vikavolt
|-unboost|p1a: Vikavolt|atk|1
|-heal|p2a: Corsola|70/100
|
|-weather|Sandstorm|[upkeep]
|-damage|p1a: Vikavolt|64/100|[from] Sandstorm
|-damage|p2a: Corsola|64/100|[from] Sandstorm
|upkeep
|turn|25
|
|t:|1646072243
|switch|p2a: BLUE JAYS|Articuno|100/100
|-ability|p2a: BLUE JAYS|Pressure
|move|p1a: Vikavolt|Roost|p1a: Vikavolt
|-heal|p1a: Vikavolt|100/100
|-singleturn|p1a: Vikavolt|move: Roost
|
|-weather|Sandstorm|[upkeep]
|-damage|p2a: BLUE JAYS|94/100|[from] Sandstorm
|-damage|p1a: Vikavolt|94/100|[from] Sandstorm
|upkeep
|turn|26
|
|t:|1646072247
|move|p2a: BLUE JAYS|Toxic|p1a: Vikavolt
|-status|p1a: Vikavolt|tox
|move|p1a: Vikavolt|Thunderbolt|p2a: BLUE JAYS
|-supereffective|p2a: BLUE JAYS
|-damage|p2a: BLUE JAYS|43/100
|
|-weather|Sandstorm|[upkeep]
|-damage|p2a: BLUE JAYS|37/100|[from] Sandstorm
|-damage|p1a: Vikavolt|88/100 tox|[from] Sandstorm
|-damage|p1a: Vikavolt|82/100 tox|[from] psn
|upkeep
|turn|27
|
|t:|1646072254
|switch|p1a: Sandslash|Sandslash, M|56/100
|-status|p1a: Sandslash|psn
|move|p2a: BLUE JAYS|Roost|p2a: BLUE JAYS
|-heal|p2a: BLUE JAYS|87/100
|-singleturn|p2a: BLUE JAYS|move: Roost
|
|-weather|Sandstorm|[upkeep]
|-damage|p2a: BLUE JAYS|81/100|[from] Sandstorm
|-damage|p1a: Sandslash|44/100 psn|[from] psn
|upkeep
|turn|28
|
|t:|1646072264
|switch|p2a: Corsola|Corsola-Galar, M|64/100
|move|p1a: Sandslash|Earthquake|p2a: Corsola
|-damage|p2a: Corsola|17/100
|-start|p1a: Sandslash|Disable|Earthquake|[from] ability: Cursed Body|[of] p2a: Corsola
|-damage|p1a: Sandslash|34/100 psn|[from] item: Life Orb
|
|-weather|Sandstorm|[upkeep]
|-damage|p2a: Corsola|11/100|[from] Sandstorm
|-damage|p1a: Sandslash|21/100 psn|[from] psn
|upkeep
|turn|29
|
|t:|1646072270
|move|p1a: Sandslash|Knock Off|p2a: Corsola
|-supereffective|p2a: Corsola
|-damage|p2a: Corsola|0 fnt
|faint|p2a: Corsola
|-damage|p1a: Sandslash|11/100 psn|[from] item: Life Orb
|
|-weather|none
|-damage|p1a: Sandslash|0 fnt|[from] psn
|faint|p1a: Sandslash
|upkeep
|
|t:|1646072283
|switch|p1a: Sneasel|Sneasel, F|100/100
|switch|p2a: Perry the platypus|Quagsire, M, shiny|99/100
|-status|p1a: Sneasel|psn
|turn|30
|
|t:|1646072291
|move|p1a: Sneasel|Triple Axel|p2a: Perry the platypus|[miss]
|-miss|p1a: Sneasel|p2a: Perry the platypus
|move|p2a: Perry the platypus|Scald|p1a: Sneasel
|-damage|p1a: Sneasel|67/100 psn
|
|-damage|p1a: Sneasel|55/100 psn|[from] psn
|upkeep
|turn|31
|
|t:|1646072294
|move|p1a: Sneasel|Triple Axel|p2a: Perry the platypus
|-damage|p2a: Perry the platypus|91/100
|-damage|p2a: Perry the platypus|74/100
|-damage|p2a: Perry the platypus|49/100
|-hitcount|p2a: Perry the platypus|3
|move|p2a: Perry the platypus|Recover|p2a: Perry the platypus
|-heal|p2a: Perry the platypus|99/100
|
|-damage|p1a: Sneasel|42/100 psn|[from] psn
|upkeep
|turn|32
|
|t:|1646072301
|switch|p1a: Vikavolt|Vikavolt, F|82/100 tox
|move|p2a: Perry the platypus|Recover|p2a: Perry the platypus
|-heal|p2a: Perry the platypus|100/100
|
|-damage|p1a: Vikavolt|76/100 tox|[from] psn
|upkeep
|turn|33
|
|t:|1646072308
|switch|p2a: NURSE JOY|Audino, F, shiny|45/100
|move|p1a: Vikavolt|Bug Buzz|p2a: NURSE JOY
|-damage|p2a: NURSE JOY|12/100
|
|-damage|p1a: Vikavolt|64/100 tox|[from] psn
|upkeep
|turn|34
|
|t:|1646072314
|move|p2a: NURSE JOY|Protect|p2a: NURSE JOY
|-singleturn|p2a: NURSE JOY|Protect
|move|p1a: Vikavolt|Bug Buzz|p2a: NURSE JOY
|-activate|p2a: NURSE JOY|move: Protect
|
|-damage|p1a: Vikavolt|45/100 tox|[from] psn
|upkeep
|turn|35
|
|t:|1646072318
|switch|p2a: BLUE JAYS|Articuno|81/100
|-ability|p2a: BLUE JAYS|Pressure
|move|p1a: Vikavolt|Roost|p1a: Vikavolt
|-heal|p1a: Vikavolt|95/100 tox
|-singleturn|p1a: Vikavolt|move: Roost
|
|-damage|p1a: Vikavolt|71/100 tox|[from] psn
|upkeep
|turn|36
|
|t:|1646072322
|switch|p1a: Gigalith|Gigalith, M|88/100 psn
|-weather|Sandstorm|[from] ability: Sand Stream|[of] p1a: Gigalith
|move|p2a: BLUE JAYS|Roost|p2a: BLUE JAYS
|-heal|p2a: BLUE JAYS|100/100
|-singleturn|p2a: BLUE JAYS|move: Roost
|
|-weather|Sandstorm|[upkeep]
|-damage|p2a: BLUE JAYS|94/100|[from] Sandstorm
|-damage|p1a: Gigalith|76/100 psn|[from] psn
|upkeep
|turn|37
|
|t:|1646072330
|switch|p2a: Perry the platypus|Quagsire, M, shiny|100/100
|move|p1a: Gigalith|Stealth Rock|p2a: Perry the platypus
|-sidestart|p2: MentalAdversity|move: Stealth Rock
|
|-weather|Sandstorm|[upkeep]
|-damage|p1a: Gigalith|64/100 psn|[from] psn
|upkeep
|turn|38
|
|t:|1646072335
|move|p2a: Perry the platypus|Scald|p1a: Gigalith
|-supereffective|p1a: Gigalith
|-damage|p1a: Gigalith|43/100 psn
|move|p1a: Gigalith|Toxic|p2a: Perry the platypus
|-status|p2a: Perry the platypus|tox
|
|-weather|Sandstorm|[upkeep]
|-damage|p2a: Perry the platypus|94/100 tox|[from] psn
|-damage|p1a: Gigalith|30/100 psn|[from] psn
|upkeep
|turn|39
|
|t:|1646072340
|move|p2a: Perry the platypus|Scald|p1a: Gigalith
|-supereffective|p1a: Gigalith
|-damage|p1a: Gigalith|11/100 psn
|move|p1a: Gigalith|Body Press|p2a: Perry the platypus
|-crit|p2a: Perry the platypus
|-damage|p2a: Perry the platypus|70/100 tox
|
|-weather|Sandstorm|[upkeep]
|-damage|p2a: Perry the platypus|57/100 tox|[from] psn
|-damage|p1a: Gigalith|0 fnt|[from] psn
|faint|p1a: Gigalith
|upkeep
|
|t:|1646072343
|switch|p1a: Vikavolt|Vikavolt, F|71/100 tox
|turn|40
|
|t:|1646072347
|switch|p2a: BLUE JAYS|Articuno|94/100
|-ability|p2a: BLUE JAYS|Pressure
|move|p1a: Vikavolt|Bug Buzz|p2a: BLUE JAYS
|-resisted|p2a: BLUE JAYS
|-damage|p2a: BLUE JAYS|82/100
|
|-weather|Sandstorm|[upkeep]
|-damage|p2a: BLUE JAYS|76/100|[from] Sandstorm
|-damage|p1a: Vikavolt|64/100 tox|[from] Sandstorm
|-damage|p1a: Vikavolt|58/100 tox|[from] psn
|upkeep
|turn|41
|
|t:|1646072355
|move|p2a: BLUE JAYS|Roost|p2a: BLUE JAYS
|-heal|p2a: BLUE JAYS|100/100
|-singleturn|p2a: BLUE JAYS|move: Roost
|move|p1a: Vikavolt|Roost|p1a: Vikavolt
|-heal|p1a: Vikavolt|100/100 tox
|-singleturn|p1a: Vikavolt|move: Roost
|
|-weather|Sandstorm|[upkeep]
|-damage|p2a: BLUE JAYS|94/100|[from] Sandstorm
|-damage|p1a: Vikavolt|94/100 tox|[from] Sandstorm
|-damage|p1a: Vikavolt|82/100 tox|[from] psn
|upkeep
|turn|42
|
|t:|1646072363
|switch|p2a: NURSE JOY|Audino, F, shiny|46/100
|-damage|p2a: NURSE JOY|33/100|[from] Stealth Rock
|move|p1a: Vikavolt|Thunderbolt|p2a: NURSE JOY
|-damage|p2a: NURSE JOY|0 fnt
|faint|p2a: NURSE JOY
|
|-weather|Sandstorm|[upkeep]
|-damage|p1a: Vikavolt|76/100 tox|[from] Sandstorm
|-damage|p1a: Vikavolt|57/100 tox|[from] psn
|upkeep
|
|t:|1646072365
|switch|p2a: BLUE JAYS|Articuno|94/100
|-ability|p2a: BLUE JAYS|Pressure
|turn|43
|
|t:|1646072368
|switch|p1a: Sneasel|Sneasel, F|42/100 psn
|move|p2a: BLUE JAYS|Roost|p2a: BLUE JAYS
|-heal|p2a: BLUE JAYS|100/100
|-singleturn|p2a: BLUE JAYS|move: Roost
|
|-weather|none
|-damage|p1a: Sneasel|30/100 psn|[from] psn
|upkeep
|turn|44
|
|t:|1646072374
|switch|p2a: Mareanie|Mareanie, M, shiny|80/100
|-damage|p2a: Mareanie|67/100|[from] Stealth Rock
|move|p1a: Sneasel|Knock Off|p2a: Mareanie
|-damage|p2a: Mareanie|24/100
|
|-damage|p1a: Sneasel|18/100 psn|[from] psn
|upkeep
|turn|45
|
|t:|1646072384
|switch|p1a: Togedemaru|Togedemaru, F|68/100
|move|p2a: Mareanie|Recover|p2a: Mareanie
|-heal|p2a: Mareanie|74/100
|
|upkeep
|turn|46
|
|t:|1646072389
|switch|p2a: Perry the platypus|Quagsire, M, shiny|57/100 tox
|-damage|p2a: Perry the platypus|51/100 tox|[from] Stealth Rock
|move|p1a: Togedemaru|U-turn|p2a: Perry the platypus
|-damage|p2a: Perry the platypus|35/100 tox
|
|t:|1646072395
|switch|p1a: Vikavolt|Vikavolt, F|57/100 tox|[from]move: U-turn
|
|-damage|p1a: Vikavolt|51/100 tox|[from] psn
|-damage|p2a: Perry the platypus|28/100 tox|[from] psn
|upkeep
|turn|47
|
|t:|1646072400
|switch|p2a: BLUE JAYS|Articuno|100/100
|-ability|p2a: BLUE JAYS|Pressure
|move|p1a: Vikavolt|Roost|p1a: Vikavolt
|-heal|p1a: Vikavolt|100/100 tox
|-singleturn|p1a: Vikavolt|move: Roost
|
|-damage|p1a: Vikavolt|88/100 tox|[from] psn
|upkeep
|turn|48
|
|t:|1646072413
|move|p2a: BLUE JAYS|Toxic|p1a: Vikavolt
|-fail|p1a: Vikavolt|tox
|move|p1a: Vikavolt|Thunderbolt|p2a: BLUE JAYS
|-supereffective|p2a: BLUE JAYS
|-damage|p2a: BLUE JAYS|52/100
|
|-damage|p1a: Vikavolt|70/100 tox|[from] psn
|upkeep
|turn|49
|
|t:|1646072417
|switch|p1a: Togedemaru|Togedemaru, F|68/100
|move|p2a: BLUE JAYS|Roost|p2a: BLUE JAYS
|-heal|p2a: BLUE JAYS|100/100
|-singleturn|p2a: BLUE JAYS|move: Roost
|
|upkeep
|turn|50
|
|t:|1646072424
|switch|p2a: Mareanie|Mareanie, M, shiny|100/100
|-damage|p2a: Mareanie|88/100|[from] Stealth Rock
|move|p1a: Togedemaru|Iron Head|p2a: Mareanie
|-resisted|p2a: Mareanie
|-damage|p2a: Mareanie|66/100
|
|upkeep
|turn|51
|
|t:|1646072434
|switch|p1a: Vikavolt|Vikavolt, F|70/100 tox
|move|p2a: Mareanie|Recover|p2a: Mareanie
|-heal|p2a: Mareanie|100/100
|
|-damage|p1a: Vikavolt|64/100 tox|[from] psn
|upkeep
|turn|52
|
|t:|1646072438
|switch|p2a: BLUE JAYS|Articuno|100/100
|-ability|p2a: BLUE JAYS|Pressure
|move|p1a: Vikavolt|Roost|p1a: Vikavolt
|-heal|p1a: Vikavolt|100/100 tox
|-singleturn|p1a: Vikavolt|move: Roost
|
|-damage|p1a: Vikavolt|88/100 tox|[from] psn
|upkeep
|turn|53
|
|t:|1646072446
|move|p2a: BLUE JAYS|Haze|p2a: BLUE JAYS
|-clearallboost
|move|p1a: Vikavolt|Thunderbolt|p2a: BLUE JAYS
|-supereffective|p2a: BLUE JAYS
|-damage|p2a: BLUE JAYS|56/100
|
|-damage|p1a: Vikavolt|70/100 tox|[from] psn
|upkeep
|turn|54
|
|t:|1646072450
|switch|p1a: Togedemaru|Togedemaru, F|68/100
|move|p2a: BLUE JAYS|Roost|p2a: BLUE JAYS
|-heal|p2a: BLUE JAYS|100/100
|-singleturn|p2a: BLUE JAYS|move: Roost
|
|upkeep
|turn|55
|
|t:|1646072454
|switch|p2a: Mareanie|Mareanie, M, shiny|100/100
|-damage|p2a: Mareanie|88/100|[from] Stealth Rock
|move|p1a: Togedemaru|Zing Zap|p2a: Mareanie
|-supereffective|p2a: Mareanie
|-damage|p2a: Mareanie|0 fnt
|faint|p2a: Mareanie
|
|upkeep
|
|t:|1646072458
|switch|p2a: Perry the platypus|Quagsire, M, shiny|28/100 tox
|-damage|p2a: Perry the platypus|22/100 tox|[from] Stealth Rock
|turn|56
|
|t:|1646072463
|switch|p1a: Vikavolt|Vikavolt, F|70/100 tox
|move|p2a: Perry the platypus|Recover|p2a: Perry the platypus
|-heal|p2a: Perry the platypus|72/100 tox
|
|-damage|p1a: Vikavolt|64/100 tox|[from] psn
|-damage|p2a: Perry the platypus|66/100 tox|[from] psn
|upkeep
|turn|57
|
|t:|1646072468
|switch|p2a: BLUE JAYS|Articuno|100/100
|-ability|p2a: BLUE JAYS|Pressure
|move|p1a: Vikavolt|Roost|p1a: Vikavolt
|-heal|p1a: Vikavolt|100/100 tox
|-singleturn|p1a: Vikavolt|move: Roost
|
|-damage|p1a: Vikavolt|88/100 tox|[from] psn
|upkeep
|turn|58
|
|t:|1646072476
|switch|p2a: COTTONBALL|Eldegoss, F, shiny|66/100
|move|p1a: Vikavolt|Thunderbolt|p2a: COTTONBALL
|-resisted|p2a: COTTONBALL
|-damage|p2a: COTTONBALL|51/100
|
|-damage|p1a: Vikavolt|70/100 tox|[from] psn
|upkeep
|turn|59
|
|t:|1646072480
|move|p2a: COTTONBALL|Protect|p2a: COTTONBALL
|-singleturn|p2a: COTTONBALL|Protect
|move|p1a: Vikavolt|Bug Buzz|p2a: COTTONBALL
|-activate|p2a: COTTONBALL|move: Protect
|
|-damage|p1a: Vikavolt|45/100 tox|[from] psn
|upkeep
|turn|60
|
|t:|1646072483
|switch|p2a: BLUE JAYS|Articuno|100/100
|-ability|p2a: BLUE JAYS|Pressure
|move|p1a: Vikavolt|Roost|p1a: Vikavolt
|-heal|p1a: Vikavolt|95/100 tox
|-singleturn|p1a: Vikavolt|move: Roost
|
|-damage|p1a: Vikavolt|64/100 tox|[from] psn
|upkeep
|turn|61
|
|t:|1646072488
|switch|p2a: COTTONBALL|Eldegoss, F, shiny|84/100
|switch|p1a: Togedemaru|Togedemaru, F|68/100
|
|upkeep
|turn|62
|
|t:|1646072495
|move|p1a: Togedemaru|U-turn|p2a: COTTONBALL
|-supereffective|p2a: COTTONBALL
|-damage|p2a: COTTONBALL|36/100
|
|t:|1646072501
|switch|p1a: Vikavolt|Vikavolt, F|64/100 tox|[from]move: U-turn
|move|p2a: COTTONBALL|Aromatherapy|p2a: COTTONBALL
|-activate|p2a: COTTONBALL|move: Aromatherapy
|-curestatus|p2: Perry the platypus|tox|[msg]
|
|-damage|p1a: Vikavolt|58/100 tox|[from] psn
|upkeep
|turn|63
|
|t:|1646072509
|move|p2a: COTTONBALL|Protect|p2a: COTTONBALL
|-singleturn|p2a: COTTONBALL|Protect
|move|p1a: Vikavolt|Roost|p1a: Vikavolt
|-heal|p1a: Vikavolt|100/100 tox
|-singleturn|p1a: Vikavolt|move: Roost
|
|-damage|p1a: Vikavolt|88/100 tox|[from] psn
|upkeep
|turn|64
|
|t:|1646072514
|switch|p2a: BLUE JAYS|Articuno|100/100
|-ability|p2a: BLUE JAYS|Pressure
|move|p1a: Vikavolt|Bug Buzz|p2a: BLUE JAYS
|-resisted|p2a: BLUE JAYS
|-damage|p2a: BLUE JAYS|88/100
|
|-damage|p1a: Vikavolt|70/100 tox|[from] psn
|upkeep
|turn|65
|
|t:|1646072523
|switch|p1a: Togedemaru|Togedemaru, F|68/100
|move|p2a: BLUE JAYS|Roost|p2a: BLUE JAYS
|-heal|p2a: BLUE JAYS|100/100
|-singleturn|p2a: BLUE JAYS|move: Roost
|
|upkeep
|turn|66
|
|t:|1646072528
|switch|p2a: Perry the platypus|Quagsire, M, shiny|66/100
|-damage|p2a: Perry the platypus|60/100|[from] Stealth Rock
|move|p1a: Togedemaru|Iron Head|p2a: Perry the platypus
|-resisted|p2a: Perry the platypus
|-damage|p2a: Perry the platypus|47/100
|
|upkeep
|turn|67
|
|t:|1646072535
|switch|p1a: Vikavolt|Vikavolt, F|70/100 tox
|move|p2a: Perry the platypus|Recover|p2a: Perry the platypus
|-heal|p2a: Perry the platypus|97/100
|
|-damage|p1a: Vikavolt|64/100 tox|[from] psn
|upkeep
|turn|68
|
|t:|1646072540
|switch|p2a: BLUE JAYS|Articuno|100/100
|-ability|p2a: BLUE JAYS|Pressure
|move|p1a: Vikavolt|Roost|p1a: Vikavolt
|-heal|p1a: Vikavolt|100/100 tox
|-singleturn|p1a: Vikavolt|move: Roost
|
|-damage|p1a: Vikavolt|88/100 tox|[from] psn
|upkeep
|turn|69
|
|t:|1646072547
|move|p2a: BLUE JAYS|Haze|p2a: BLUE JAYS
|-clearallboost
|move|p1a: Vikavolt|Thunderbolt|p2a: BLUE JAYS
|-supereffective|p2a: BLUE JAYS
|-damage|p2a: BLUE JAYS|53/100
|
|-damage|p1a: Vikavolt|70/100 tox|[from] psn
|upkeep
|turn|70
|
|t:|1646072551
|switch|p1a: Sneasel|Sneasel, F|18/100 psn
|move|p2a: BLUE JAYS|Roost|p2a: BLUE JAYS
|-heal|p2a: BLUE JAYS|100/100
|-singleturn|p2a: BLUE JAYS|move: Roost
|
|-damage|p1a: Sneasel|5/100 psn|[from] psn
|upkeep
|turn|71
|
|t:|1646072556
|switch|p2a: Perry the platypus|Quagsire, M, shiny|97/100
|-damage|p2a: Perry the platypus|91/100|[from] Stealth Rock
|move|p1a: Sneasel|Knock Off|p2a: Perry the platypus
|-damage|p2a: Perry the platypus|61/100
|
|-damage|p1a: Sneasel|0 fnt|[from] psn
|faint|p1a: Sneasel
|upkeep
|
|t:|1646072563
|switch|p1a: Espeon|Espeon, F|8/100
|-status|p1a: Espeon|psn
|turn|72
|
|t:|1646072570
|switch|p2a: BLUE JAYS|Articuno|100/100
|-ability|p2a: BLUE JAYS|Pressure
|move|p1a: Espeon|Trick|p2a: BLUE JAYS
|-activate|p1a: Espeon|move: Trick|[of] p2a: BLUE JAYS
|-enditem|p2a: BLUE JAYS|Heavy-Duty Boots|[silent]|[from] move: Trick
|-item|p1a: Espeon|Heavy-Duty Boots|[from] move: Trick
|
|-damage|p1a: Espeon|0 fnt|[from] psn
|faint|p1a: Espeon
|upkeep
|
|t:|1646072578
|switch|p1a: Togedemaru|Togedemaru, F|68/100
|turn|73
|
|t:|1646072585
|move|p1a: Togedemaru|Iron Head|p2a: BLUE JAYS
|-supereffective|p2a: BLUE JAYS
|-damage|p2a: BLUE JAYS|33/100
|cant|p2a: BLUE JAYS|flinch
|
|upkeep
|turn|74
|
|t:|1646072593
|switch|p2a: Perry the platypus|Quagsire, M, shiny|61/100
|-damage|p2a: Perry the platypus|55/100|[from] Stealth Rock
|move|p1a: Togedemaru|Iron Head|p2a: Perry the platypus
|-resisted|p2a: Perry the platypus
|-damage|p2a: Perry the platypus|43/100
|
|upkeep
|turn|75
|
|t:|1646072598
|switch|p1a: Vikavolt|Vikavolt, F|70/100 tox
|move|p2a: Perry the platypus|Recover|p2a: Perry the platypus
|-heal|p2a: Perry the platypus|93/100
|
|-damage|p1a: Vikavolt|64/100 tox|[from] psn
|upkeep
|turn|76
|
|t:|1646072602
|switch|p2a: COTTONBALL|Eldegoss, F, shiny|70/100
|move|p1a: Vikavolt|Roost|p1a: Vikavolt
|-heal|p1a: Vikavolt|100/100 tox
|-singleturn|p1a: Vikavolt|move: Roost
|
|-damage|p1a: Vikavolt|88/100 tox|[from] psn
|upkeep
|turn|77
|
|t:|1646072607
|move|p2a: COTTONBALL|Leech Seed|p1a: Vikavolt
|-start|p1a: Vikavolt|move: Leech Seed
|move|p1a: Vikavolt|Bug Buzz|p2a: COTTONBALL
|-supereffective|p2a: COTTONBALL
|-damage|p2a: COTTONBALL|10/100
|
|-damage|p1a: Vikavolt|76/100 tox|[from] Leech Seed|[of] p2a: COTTONBALL
|-heal|p2a: COTTONBALL|24/100|[silent]
|-damage|p1a: Vikavolt|57/100 tox|[from] psn
|upkeep
|turn|78
|
|t:|1646072610
|switch|p1a: Togedemaru|Togedemaru, F|68/100
|move|p2a: COTTONBALL|Protect||[still]
|-fail|p2a: COTTONBALL
|
|upkeep
|turn|79
|
|t:|1646072613
|switch|p2a: Perry the platypus|Quagsire, M, shiny|93/100
|-damage|p2a: Perry the platypus|87/100|[from] Stealth Rock
|move|p1a: Togedemaru|U-turn|p2a: Perry the platypus
|-damage|p2a: Perry the platypus|71/100
|
|t:|1646072615
|switch|p1a: Vikavolt|Vikavolt, F|57/100 tox|[from]move: U-turn
|
|-damage|p1a: Vikavolt|51/100 tox|[from] psn
|upkeep
|turn|80
|
|t:|1646072620
|move|p1a: Vikavolt|Roost|p1a: Vikavolt
|-heal|p1a: Vikavolt|100/100 tox
|-singleturn|p1a: Vikavolt|move: Roost
|move|p2a: Perry the platypus|Scald|p1a: Vikavolt
|-damage|p1a: Vikavolt|77/100 tox
|
|-damage|p1a: Vikavolt|64/100 tox|[from] psn
|upkeep
|turn|81
|
|t:|1646072623
|switch|p2a: COTTONBALL|Eldegoss, F, shiny|57/100
|move|p1a: Vikavolt|Bug Buzz|p2a: COTTONBALL
|-supereffective|p2a: COTTONBALL
|-damage|p2a: COTTONBALL|3/100
|
|-damage|p1a: Vikavolt|46/100 tox|[from] psn
|upkeep
|turn|82
|
|t:|1646072629
|switch|p1a: Togedemaru|Togedemaru, F|68/100
|move|p2a: COTTONBALL|Protect||[still]
|-fail|p2a: COTTONBALL
|
|upkeep
|turn|83
|
|t:|1646072634
|switch|p2a: Perry the platypus|Quagsire, M, shiny|71/100
|-damage|p2a: Perry the platypus|64/100|[from] Stealth Rock
|move|p1a: Togedemaru|U-turn|p2a: Perry the platypus
|-damage|p2a: Perry the platypus|49/100
|
|t:|1646072637
|switch|p1a: Vikavolt|Vikavolt, F|46/100 tox|[from]move: U-turn
|
|-damage|p1a: Vikavolt|40/100 tox|[from] psn
|upkeep
|turn|84
|
|t:|1646072643
|move|p1a: Vikavolt|Bug Buzz|p2a: Perry the platypus
|-damage|p2a: Perry the platypus|0 fnt
|faint|p2a: Perry the platypus
|
|-damage|p1a: Vikavolt|28/100 tox|[from] psn
|upkeep
|
|t:|1646072646
|switch|p2a: COTTONBALL|Eldegoss, F, shiny|36/100
|turn|85
|
|t:|1646072652
|move|p2a: COTTONBALL|Protect|p2a: COTTONBALL
|-singleturn|p2a: COTTONBALL|Protect
|move|p1a: Vikavolt|Bug Buzz|p2a: COTTONBALL
|-activate|p2a: COTTONBALL|move: Protect
|
|-damage|p1a: Vikavolt|9/100 tox|[from] psn
|upkeep
|turn|86
|
|t:|1646072658
|switch|p1a: Togedemaru|Togedemaru, F|68/100
|move|p2a: COTTONBALL|Leech Seed|p1a: Togedemaru
|-start|p1a: Togedemaru|move: Leech Seed
|
|-damage|p1a: Togedemaru|55/100|[from] Leech Seed|[of] p2a: COTTONBALL
|-heal|p2a: COTTONBALL|46/100|[silent]
|upkeep
|turn|87
|
|t:|1646072663
|switch|p1a: Vikavolt|Vikavolt, F|9/100 tox
|move|p2a: COTTONBALL|Protect||[still]
|-fail|p2a: COTTONBALL
|
|-damage|p1a: Vikavolt|3/100 tox|[from] psn
|upkeep
|turn|88
|
|t:|1646072669
|move|p2a: COTTONBALL|Leech Seed|p1a: Vikavolt
|-start|p1a: Vikavolt|move: Leech Seed
|move|p1a: Vikavolt|Bug Buzz|p2a: COTTONBALL
|-supereffective|p2a: COTTONBALL
|-damage|p2a: COTTONBALL|0 fnt
|faint|p2a: COTTONBALL
|
|-damage|p1a: Vikavolt|0 fnt|[from] psn
|faint|p1a: Vikavolt
|upkeep
|
|t:|1646072672
|switch|p2a: BLUE JAYS|Articuno|33/100
|switch|p1a: Togedemaru|Togedemaru, F|55/100
|-damage|p2a: BLUE JAYS|0 fnt|[from] Stealth Rock
|faint|p2a: BLUE JAYS
|
|win|ghrtt
|raw|ghrtt's rating: 1542 &rarr; <strong>1560</strong><br />(+18 for winning)
|raw|MentalAdversity's rating: 1513 &rarr; <strong>1495</strong><br />(-18 for losing)
|c|☆MentalAdversity|gg bro
|l|☆MentalAdversity
||Ladder isn't responding, score probably updated but might not have (Request timeout).
