|raw|<div class="broadcast-blue"><strong>This battle is required to be public due to a player having a name starting with 'pult4c1'.</div>
|j|☆PULT4C1 Carmin
|j|☆yassy slay
|t:|1661019521
|gametype|singles
|player|p1|PULT4C1 Carmin|firebreather|1586
|player|p2|yassy slay|clown|1606
|teamsize|p1|6
|teamsize|p2|6
|gen|8
|tier|[Gen 8] PU
|rated|
|rule|Sleep Clause Mod: Limit one foe put to sleep
|rule|Species Clause: Limit one of each Pokémon
|rule|OHKO Clause: OHKO moves are banned
|rule|Evasion Items Clause: Evasion items are banned
|rule|Evasion Moves Clause: Evasion moves are banned
|rule|Endless Battle Clause: Forcing endless battles is banned
|rule|HP Percentage Mod: HP is shown in percentages
|rule|Dynamax Clause: You cannot dynamax
|clearpoke
|poke|p1|Magmortar, F|
|poke|p1|Sandslash, M|
|poke|p1|Gigalith, F|
|poke|p1|Gallade, M|
|poke|p1|Weezing, F|
|poke|p1|Comfey, M|
|poke|p2|Flapple, F|
|poke|p2|Weezing, M|
|poke|p2|Comfey, F|
|poke|p2|Gourgeist-*, F|
|poke|p2|Gigalith, F|
|poke|p2|Sandslash, F|
|teampreview
|inactive|Battle timer is ON: inactive players will automatically lose when time's up. (requested by PULT4C1 Carmin)
|j| PULT4C1 Redemption
|
|t:|1661019547
|start
|switch|p1a: Comfey|Comfey, M|100/100
|switch|p2a: Gourgeist|Gourgeist-Super, F|100/100
|-item|p1a: Comfey|Heavy-Duty Boots|[from] ability: Frisk|[of] p2a: Gourgeist|[identify]
|turn|1
|j| Hoshibi
|
|t:|1661019552
|switch|p1a: Weezing|Weezing, F|100/100
|move|p2a: Gourgeist|Poltergeist||[still]
|-fail|p2a: Gourgeist
|
|upkeep
|turn|2
|
|t:|1661019562
|switch|p2a: Weezing|Weezing, M|100/100
|-ability|p2a: Weezing|Neutralizing Gas
|move|p1a: Weezing|Toxic Spikes|p2a: Weezing
|-sidestart|p2: yassy slay|move: Toxic Spikes
|
|upkeep
|turn|3
|
|t:|1661019571
|switch|p1a: Magmortar|Magmortar, F|100/100
|move|p2a: Weezing|Toxic Spikes|p1a: Magmortar
|-sidestart|p1: PULT4C1 Carmin|move: Toxic Spikes
|
|upkeep
|turn|4
|
|t:|1661019577
|-end|p2a: Weezing|ability: Neutralizing Gas
|switch|p2a: Gigalith|Gigalith, F|100/100
|-status|p2a: Gigalith|psn
|-weather|Sandstorm|[from] ability: Sand Stream|[of] p2a: Gigalith
|move|p1a: Magmortar|Fire Blast|p2a: Gigalith
|-resisted|p2a: Gigalith
|-damage|p2a: Gigalith|84/100 psn
|
|-weather|Sandstorm|[upkeep]
|-damage|p1a: Magmortar|94/100|[from] Sandstorm
|-heal|p2a: Gigalith|90/100 psn|[from] item: Leftovers
|-damage|p2a: Gigalith|78/100 psn|[from] psn
|upkeep
|turn|5
|
|t:|1661019585
|switch|p1a: Sandslash|Sandslash, M|100/100
|move|p2a: Gigalith|Earthquake|p1a: Sandslash
|-damage|p1a: Sandslash|75/100
|
|-weather|Sandstorm|[upkeep]
|-heal|p2a: Gigalith|84/100 psn|[from] item: Leftovers
|-damage|p2a: Gigalith|71/100 psn|[from] psn
|upkeep
|turn|6
|
|t:|1661019590
|switch|p2a: Gourgeist|Gourgeist-Super, F|100/100
|-status|p2a: Gourgeist|psn
|-item|p1a: Sandslash|Heavy-Duty Boots|[from] ability: Frisk|[of] p2a: Gourgeist|[identify]
|move|p1a: Sandslash|Rapid Spin|p2a: Gourgeist
|-immune|p2a: Gourgeist
|
|-weather|Sandstorm|[upkeep]
|-damage|p2a: Gourgeist|94/100 psn|[from] Sandstorm
|-damage|p2a: Gourgeist|82/100 psn|[from] psn
|upkeep
|turn|7
|
|t:|1661019598
|switch|p1a: Weezing|Weezing, F|100/100
|switch|p2a: Weezing|Weezing, M|100/100
|-ability|p2a: Weezing|Neutralizing Gas
|-sideend|p2: yassy slay|move: Toxic Spikes|[of] p2a: Weezing
|
|-weather|Sandstorm|[upkeep]
|-damage|p2a: Weezing|95/100|[from] Sandstorm
|-damage|p1a: Weezing|95/100|[from] Sandstorm
|-heal|p2a: Weezing|100/100|[from] item: Black Sludge
|upkeep
|turn|8
|j| PULT4C1 Haffling
|
|t:|1661019614
|move|p2a: Weezing|Flamethrower|p1a: Weezing
|-damage|p1a: Weezing|69/100
|move|p1a: Weezing|Toxic Spikes|p2a: Weezing
|-sidestart|p2: yassy slay|move: Toxic Spikes
|
|-weather|none
|upkeep
|turn|9
|
|t:|1661019618
|switch|p1a: Magmortar|Magmortar, F|94/100
|move|p2a: Weezing|Sludge Bomb|p1a: Magmortar
|-damage|p1a: Magmortar|61/100
|
|upkeep
|turn|10
|
|t:|1661019640
|move|p1a: Magmortar|Scorching Sands|p2a: Weezing
|-supereffective|p2a: Weezing
|-damage|p2a: Weezing|33/100
|-status|p2a: Weezing|brn
|move|p2a: Weezing|Sludge Bomb|p1a: Magmortar
|-damage|p1a: Magmortar|25/100
|-status|p1a: Magmortar|psn
|
|-heal|p2a: Weezing|39/100 brn|[from] item: Black Sludge
|-damage|p1a: Magmortar|13/100 psn|[from] psn
|-damage|p2a: Weezing|33/100 brn|[from] brn
|upkeep
|turn|11
|
|t:|1661019656
|switch|p1a: Sandslash|Sandslash, M|75/100
|-end|p2a: Weezing|ability: Neutralizing Gas
|switch|p2a: Gigalith|Gigalith, F|71/100 psn
|-weather|Sandstorm|[from] ability: Sand Stream|[of] p2a: Gigalith
|
|-weather|Sandstorm|[upkeep]
|-heal|p2a: Gigalith|78/100 psn|[from] item: Leftovers
|-damage|p2a: Gigalith|65/100 psn|[from] psn
|upkeep
|turn|12
|
|t:|1661019671
|switch|p2a: Gourgeist|Gourgeist-Super, F|82/100 psn
|-item|p1a: Sandslash|Heavy-Duty Boots|[from] ability: Frisk|[of] p2a: Gourgeist|[identify]
|move|p1a: Sandslash|Spikes|p2a: Gourgeist
|-sidestart|p2: yassy slay|Spikes
|
|-weather|Sandstorm|[upkeep]
|-damage|p2a: Gourgeist|76/100 psn|[from] Sandstorm
|-damage|p2a: Gourgeist|63/100 psn|[from] psn
|upkeep
|turn|13
|
|t:|1661019687
|switch|p2a: Flapple|Flapple, F|100/100
|-status|p2a: Flapple|psn
|-damage|p2a: Flapple|88/100 psn|[from] Spikes
|move|p1a: Sandslash|Knock Off|p2a: Flapple
|-damage|p2a: Flapple|52/100 psn
|-enditem|p2a: Flapple|Life Orb|[from] move: Knock Off|[of] p1a: Sandslash
|
|-weather|Sandstorm|[upkeep]
|-damage|p2a: Flapple|46/100 psn|[from] Sandstorm
|-damage|p2a: Flapple|34/100 psn|[from] psn
|upkeep
|turn|14
|inactive|PULT4C1 Carmin has 120 seconds left.
|
|t:|1661019738
|switch|p1a: Comfey|Comfey, M|100/100
|move|p2a: Flapple|Outrage|p1a: Comfey
|-immune|p1a: Comfey
|
|-weather|Sandstorm|[upkeep]
|-damage|p1a: Comfey|94/100|[from] Sandstorm
|-damage|p2a: Flapple|28/100 psn|[from] Sandstorm
|-damage|p2a: Flapple|15/100 psn|[from] psn
|upkeep
|turn|15
|
|t:|1661019753
|switch|p2a: Weezing|Weezing, M|33/100 brn
|-ability|p2a: Weezing|Neutralizing Gas
|-sideend|p2: yassy slay|move: Toxic Spikes|[of] p2a: Weezing
|-damage|p2a: Weezing|21/100 brn|[from] Spikes
|move|p1a: Comfey|Draining Kiss|p2a: Weezing
|-resisted|p2a: Weezing
|-damage|p2a: Weezing|11/100 brn
|-heal|p1a: Comfey|100/100|[from] drain|[of] p2a: Weezing
|
|-weather|none
|-heal|p2a: Weezing|17/100 brn|[from] item: Black Sludge
|-damage|p2a: Weezing|11/100 brn|[from] brn
|upkeep
|turn|16
|inactive|PULT4C1 Carmin has 90 seconds left.
|
|t:|1661019787
|move|p1a: Comfey|Taunt|p2a: Weezing
|-start|p2a: Weezing|move: Taunt
|cant|p2a: Weezing|move: Taunt|Pain Split
|
|-heal|p2a: Weezing|17/100 brn|[from] item: Black Sludge
|-damage|p2a: Weezing|11/100 brn|[from] brn
|upkeep
|turn|17
|inactive|PULT4C1 Carmin has 90 seconds left.
|
|t:|1661019801
|switch|p1a: Sandslash|Sandslash, M|75/100
|move|p2a: Weezing|Sludge Bomb|p1a: Sandslash
|-resisted|p1a: Sandslash
|-damage|p1a: Sandslash|54/100
|
|-heal|p2a: Weezing|17/100 brn|[from] item: Black Sludge
|-damage|p2a: Weezing|11/100 brn|[from] brn
|upkeep
|turn|18
|j| ekelelellee
|inactive|PULT4C1 Carmin has 90 seconds left.
|
|t:|1661019807
|-end|p2a: Weezing|ability: Neutralizing Gas
|switch|p2a: Gourgeist|Gourgeist-Super, F|63/100 psn
|-damage|p2a: Gourgeist|51/100 psn|[from] Spikes
|-item|p1a: Sandslash|Heavy-Duty Boots|[from] ability: Frisk|[of] p2a: Gourgeist|[identify]
|move|p1a: Sandslash|Rapid Spin|p2a: Gourgeist
|-immune|p2a: Gourgeist
|
|-damage|p2a: Gourgeist|39/100 psn|[from] psn
|upkeep
|turn|19
|
|t:|1661019817
|move|p1a: Sandslash|Knock Off|p2a: Gourgeist
|-supereffective|p2a: Gourgeist
|-damage|p2a: Gourgeist|14/100 psn
|move|p2a: Gourgeist|Synthesis|p2a: Gourgeist
|-heal|p2a: Gourgeist|64/100 psn
|
|-damage|p2a: Gourgeist|52/100 psn|[from] psn
|upkeep
|turn|20
|
|t:|1661019823
|switch|p1a: Weezing|Weezing, F|69/100
|move|p2a: Gourgeist|Synthesis|p2a: Gourgeist
|-heal|p2a: Gourgeist|100/100 psn
|
|-damage|p2a: Gourgeist|88/100 psn|[from] psn
|upkeep
|turn|21
|
|t:|1661019846
|switch|p2a: Gigalith|Gigalith, F|65/100 psn
|-damage|p2a: Gigalith|53/100 psn|[from] Spikes
|-weather|Sandstorm|[from] ability: Sand Stream|[of] p2a: Gigalith
|move|p1a: Weezing|Toxic Spikes|p2a: Gigalith
|-sidestart|p2: yassy slay|move: Toxic Spikes
|
|-weather|Sandstorm|[upkeep]
|-damage|p1a: Weezing|63/100|[from] Sandstorm
|-heal|p2a: Gigalith|59/100 psn|[from] item: Leftovers
|-damage|p2a: Gigalith|47/100 psn|[from] psn
|upkeep
|turn|22
|
|t:|1661019858
|switch|p1a: Sandslash|Sandslash, M|54/100
|move|p2a: Gigalith|Earthquake|p1a: Sandslash
|-damage|p1a: Sandslash|26/100
|
|-weather|Sandstorm|[upkeep]
|-heal|p2a: Gigalith|53/100 psn|[from] item: Leftovers
|-damage|p2a: Gigalith|41/100 psn|[from] psn
|upkeep
|turn|23
|
|t:|1661019863
|switch|p2a: Gourgeist|Gourgeist-Super, F|88/100 psn
|-damage|p2a: Gourgeist|76/100 psn|[from] Spikes
|-item|p1a: Sandslash|Heavy-Duty Boots|[from] ability: Frisk|[of] p2a: Gourgeist|[identify]
|move|p1a: Sandslash|Earthquake|p2a: Gourgeist
|-resisted|p2a: Gourgeist
|-damage|p2a: Gourgeist|61/100 psn
|
|-weather|Sandstorm|[upkeep]
|-damage|p2a: Gourgeist|55/100 psn|[from] Sandstorm
|-damage|p2a: Gourgeist|43/100 psn|[from] psn
|upkeep
|turn|24
|inactive|PULT4C1 Carmin has 120 seconds left.
|
|t:|1661019870
|move|p1a: Sandslash|Spikes|p2a: Gourgeist
|-sidestart|p2: yassy slay|Spikes
|move|p2a: Gourgeist|Power Whip|p1a: Sandslash
|-supereffective|p1a: Sandslash
|-damage|p1a: Sandslash|0 fnt
|faint|p1a: Sandslash
|
|-weather|Sandstorm|[upkeep]
|-damage|p2a: Gourgeist|36/100 psn|[from] Sandstorm
|-damage|p2a: Gourgeist|24/100 psn|[from] psn
|upkeep
|inactive|PULT4C1 Carmin has 120 seconds left.
|
|t:|1661019889
|switch|p1a: Weezing|Weezing, F|63/100
|turn|25
|
|t:|1661019892
|switch|p2a: Sandslash|Sandslash, F|100/100
|-damage|p2a: Sandslash|84/100|[from] Spikes
|-status|p2a: Sandslash|psn
|move|p1a: Weezing|Flamethrower|p2a: Sandslash
|-damage|p2a: Sandslash|51/100 psn
|
|-weather|none
|-heal|p2a: Sandslash|58/100 psn|[from] item: Leftovers
|-damage|p2a: Sandslash|45/100 psn|[from] psn
|upkeep
|turn|26
|
|t:|1661019899
|move|p2a: Sandslash|Rapid Spin|p1a: Weezing
|-damage|p1a: Weezing|53/100
|-boost|p2a: Sandslash|spe|1
|-sideend|p2: yassy slay|Spikes|[from] move: Rapid Spin|[of] p2a: Sandslash
|-sideend|p2: yassy slay|Toxic Spikes|[from] move: Rapid Spin|[of] p2a: Sandslash
|move|p1a: Weezing|Flamethrower|p2a: Sandslash
|-damage|p2a: Sandslash|15/100 psn
|
|-heal|p2a: Sandslash|21/100 psn|[from] item: Leftovers
|-damage|p2a: Sandslash|9/100 psn|[from] psn
|upkeep
|turn|27
|
|t:|1661019921
|switch|p2a: Flapple|Flapple, F|15/100 psn
|move|p1a: Weezing|Flamethrower|p2a: Flapple
|-damage|p2a: Flapple|0 fnt
|faint|p2a: Flapple
|
|upkeep
|
|t:|1661019927
|switch|p2a: Comfey|Comfey, F|100/100
|turn|28
|
|t:|1661019951
|switch|p1a: Comfey|Comfey, M|100/100
|move|p2a: Comfey|Trick|p1a: Comfey
|-activate|p2a: Comfey|move: Trick|[of] p1a: Comfey
|-item|p1a: Comfey|Choice Specs|[from] move: Trick
|-item|p2a: Comfey|Heavy-Duty Boots|[from] move: Trick
|
|upkeep
|turn|29
|inactive|PULT4C1 Carmin has 120 seconds left.
|
|t:|1661019985
|move|p1a: Comfey|Taunt|p2a: Comfey
|-start|p2a: Comfey|move: Taunt
|cant|p2a: Comfey|move: Taunt|Heal Bell
|
|upkeep
|turn|30
|inactive|PULT4C1 Carmin has 120 seconds left.
|
|t:|1661019990
|switch|p1a: Weezing|Weezing, F|53/100
|move|p2a: Comfey|Draining Kiss|p1a: Weezing
|-resisted|p1a: Weezing
|-damage|p1a: Weezing|39/100
|
|upkeep
|turn|31
|
|t:|1661020002
|switch|p2a: Gigalith|Gigalith, F|41/100 psn
|-weather|Sandstorm|[from] ability: Sand Stream|[of] p2a: Gigalith
|move|p1a: Weezing|Sludge Bomb|p2a: Gigalith
|-resisted|p2a: Gigalith
|-damage|p2a: Gigalith|33/100 psn
|
|-weather|Sandstorm|[upkeep]
|-damage|p1a: Weezing|33/100|[from] Sandstorm
|-heal|p2a: Gigalith|40/100 psn|[from] item: Leftovers
|-damage|p2a: Gigalith|27/100 psn|[from] psn
|upkeep
|turn|32
|inactive|PULT4C1 Carmin has 120 seconds left.
|
|t:|1661020021
|switch|p1a: Gigalith|Gigalith, F|100/100
|-status|p1a: Gigalith|psn
|move|p2a: Gigalith|Rock Blast|p1a: Gigalith
|-crit|p1a: Gigalith
|-damage|p1a: Gigalith|87/100 psn
|-damage|p1a: Gigalith|79/100 psn
|-hitcount|p1a: Gigalith|2
|
|-weather|Sandstorm|[upkeep]
|-heal|p1a: Gigalith|86/100 psn|[from] item: Leftovers
|-heal|p2a: Gigalith|33/100 psn|[from] item: Leftovers
|-damage|p1a: Gigalith|73/100 psn|[from] psn
|-damage|p2a: Gigalith|21/100 psn|[from] psn
|upkeep
|turn|33
|
|t:|1661020028
|move|p1a: Gigalith|Stealth Rock|p2a: Gigalith
|-sidestart|p2: yassy slay|move: Stealth Rock
|move|p2a: Gigalith|Stealth Rock|p1a: Gigalith
|-sidestart|p1: PULT4C1 Carmin|move: Stealth Rock
|
|-weather|Sandstorm|[upkeep]
|-heal|p1a: Gigalith|79/100 psn|[from] item: Leftovers
|-heal|p2a: Gigalith|27/100 psn|[from] item: Leftovers
|-damage|p1a: Gigalith|67/100 psn|[from] psn
|-damage|p2a: Gigalith|15/100 psn|[from] psn
|upkeep
|turn|34
|inactive|PULT4C1 Carmin has 120 seconds left.
|
|t:|1661020058
|move|p2a: Gigalith|Earthquake|p1a: Gigalith
|-supereffective|p1a: Gigalith
|-damage|p1a: Gigalith|21/100 psn
|move|p1a: Gigalith|Rock Blast|p2a: Gigalith
|-damage|p2a: Gigalith|6/100 psn
|-damage|p2a: Gigalith|0 fnt
|faint|p2a: Gigalith
|-hitcount|p2: Gigalith|2
|
|-weather|Sandstorm|[upkeep]
|-heal|p1a: Gigalith|27/100 psn|[from] item: Leftovers
|-damage|p1a: Gigalith|15/100 psn|[from] psn
|upkeep
|
|t:|1661020065
|switch|p2a: Comfey|Comfey, F|100/100
|turn|35
|j|+shaneghoul
|inactive|PULT4C1 Carmin has 120 seconds left.
|
|t:|1661020075
|switch|p1a: Comfey|Comfey, M|100/100
|-status|p1a: Comfey|psn
|-damage|p1a: Comfey|88/100 psn|[from] Stealth Rock
|move|p2a: Comfey|Calm Mind|p2a: Comfey
|-boost|p2a: Comfey|spa|1
|-boost|p2a: Comfey|spd|1
|
|-weather|none
|-damage|p1a: Comfey|76/100 psn|[from] psn
|upkeep
|turn|36
|
|t:|1661020080
|move|p1a: Comfey|Taunt|p2a: Comfey
|-start|p2a: Comfey|move: Taunt
|cant|p2a: Comfey|move: Taunt|Calm Mind
|
|-damage|p1a: Comfey|63/100 psn|[from] psn
|upkeep
|turn|37
|
|t:|1661020083
|switch|p1a: Gigalith|Gigalith, F|15/100 psn
|-damage|p1a: Gigalith|3/100 psn|[from] Stealth Rock
|-weather|Sandstorm|[from] ability: Sand Stream|[of] p1a: Gigalith
|move|p2a: Comfey|Draining Kiss|p1a: Gigalith
|-damage|p1a: Gigalith|0 fnt
|faint|p1a: Gigalith
|
|-weather|Sandstorm|[upkeep]
|-damage|p2a: Comfey|95/100|[from] Sandstorm
|upkeep
|
|t:|1661020086
|switch|p1a: Weezing|Weezing, F|33/100
|-damage|p1a: Weezing|20/100|[from] Stealth Rock
|turn|38
|
|t:|1661020088
|move|p2a: Comfey|Draining Kiss|p1a: Weezing
|-resisted|p1a: Weezing
|-damage|p1a: Weezing|0 fnt
|-heal|p2a: Comfey|100/100|[from] drain|[of] p1a: Weezing
|faint|p1a: Weezing
|
|-weather|Sandstorm|[upkeep]
|-damage|p2a: Comfey|95/100|[from] Sandstorm
|-end|p2a: Comfey|move: Taunt
|upkeep
|
|t:|1661020092
|switch|p1a: Gallade|Gallade, M|100/100
|-status|p1a: Gallade|psn
|-damage|p1a: Gallade|94/100 psn|[from] Stealth Rock
|turn|39
|
|t:|1661020094
|move|p2a: Comfey|Draining Kiss|p1a: Gallade
|-supereffective|p1a: Gallade
|-damage|p1a: Gallade|24/100 psn
|-heal|p2a: Comfey|100/100|[from] drain|[of] p1a: Gallade
|move|p1a: Gallade|Zen Headbutt|p2a: Comfey
|-damage|p2a: Comfey|48/100
|
|-weather|Sandstorm|[upkeep]
|-damage|p1a: Gallade|18/100 psn|[from] Sandstorm
|-damage|p2a: Comfey|42/100|[from] Sandstorm
|-damage|p1a: Gallade|6/100 psn|[from] psn
|upkeep
|turn|40
|
|t:|1661020100
|move|p2a: Comfey|Draining Kiss|p1a: Gallade
|-supereffective|p1a: Gallade
|-damage|p1a: Gallade|0 fnt
|-heal|p2a: Comfey|46/100|[from] drain|[of] p1a: Gallade
|faint|p1a: Gallade
|
|-weather|Sandstorm|[upkeep]
|-damage|p2a: Comfey|40/100|[from] Sandstorm
|upkeep
|
|t:|1661020102
|switch|p1a: Comfey|Comfey, M|63/100 psn
|-damage|p1a: Comfey|51/100 psn|[from] Stealth Rock
|turn|41
|
|t:|1661020104
|move|p1a: Comfey|Draining Kiss|p2a: Comfey
|-damage|p2a: Comfey|24/100
|-heal|p1a: Comfey|61/100 psn|[from] drain|[of] p2a: Comfey
|move|p2a: Comfey|Draining Kiss|p1a: Comfey
|-damage|p1a: Comfey|31/100 psn
|-heal|p2a: Comfey|50/100|[from] drain|[of] p1a: Comfey
|
|-weather|none
|-damage|p1a: Comfey|18/100 psn|[from] psn
|upkeep
|turn|42
|
|t:|1661020107
|move|p1a: Comfey|Draining Kiss|p2a: Comfey
|-damage|p2a: Comfey|33/100
|-heal|p1a: Comfey|30/100 psn|[from] drain|[of] p2a: Comfey
|move|p2a: Comfey|Draining Kiss|p1a: Comfey
|-damage|p1a: Comfey|0 fnt
|-heal|p2a: Comfey|58/100|[from] drain|[of] p1a: Comfey
|faint|p1a: Comfey
|
|upkeep
|
|t:|1661020109
|switch|p1a: Magmortar|Magmortar, F|13/100 psn
|turn|43
|
|t:|1661020110
|move|p2a: Comfey|Draining Kiss|p1a: Magmortar
|-resisted|p1a: Magmortar
|-damage|p1a: Magmortar|0 fnt
|-heal|p2a: Comfey|68/100|[from] drain|[of] p1a: Magmortar
|faint|p1a: Magmortar
|
|win|yassy slay
|raw|PULT4C1 Carmin's rating: 1586 &rarr; <strong>1567</strong><br />(-19 for losing)
|raw|yassy slay's rating: 1606 &rarr; <strong>1625</strong><br />(+19 for winning)
|c|☆yassy slay|gg
|c|☆PULT4C1 Carmin|²gg
|l|☆PULT4C1 Carmin
