|j|☆Reuben_Thomas05
|j|☆acluh1
|t:|1667398088
|gametype|singles
|player|p1|Reuben_Thomas05|blue-masters|1192
|player|p2|acluh1|karen|1452
|teamsize|p1|6
|teamsize|p2|6
|gen|8
|tier|[Gen 8] PU
|rated|
|rule|Sleep Clause Mod: Limit one foe put to sleep
|rule|Species Clause: Limit one of each Pokémon
|rule|OHKO Clause: OHKO moves are banned
|rule|Evasion Items Clause: Evasion items are banned
|rule|Evasion Moves Clause: Evasion moves are banned
|rule|Endless Battle Clause: Forcing endless battles is banned
|rule|HP Percentage Mod: HP is shown in percentages
|rule|Dynamax Clause: You cannot dynamax
|clearpoke
|poke|p1|Quagsire, M|
|poke|p1|Altaria, F|
|poke|p1|Articuno|
|poke|p1|Mareanie, M|
|poke|p1|Eldegoss, M|
|poke|p1|Corsola, M|
|poke|p2|Coalossal, M|
|poke|p2|Comfey, M|
|poke|p2|Doublade, F|
|poke|p2|Hitmonlee, M|
|poke|p2|Thievul, F|
|poke|p2|Thwackey, M|
|teampreview
|inactive|Battle timer is ON: inactive players will automatically lose when time's up. (requested by acluh1)
|
|t:|1667398105
|start
|switch|p1a: Corsola|Corsola, M, shiny|100/100
|switch|p2a: Coalossal|Coalossal, M|100/100
|turn|1
|
|t:|1667398110
|switch|p2a: Thwackey|Thwackey, M|100/100
|-fieldstart|move: Grassy Terrain|[from] ability: Grassy Surge|[of] p2a: Thwackey
|move|p1a: Corsola|Stealth Rock|p2a: Thwackey
|-sidestart|p2: acluh1|move: Stealth Rock
|
|upkeep
|turn|2
|
|t:|1667398118
|switch|p1a: Articuno|Articuno, shiny|100/100
|-ability|p1a: Articuno|Pressure
|move|p2a: Thwackey|Knock Off|p1a: Articuno
|-crit|p1a: Articuno
|-damage|p1a: Articuno|63/100
|-enditem|p1a: Articuno|Heavy-Duty Boots|[from] move: Knock Off|[of] p2a: Thwackey
|
|upkeep
|turn|3
|
|t:|1667398132
|switch|p2a: Coalossal|Coalossal, M|100/100
|move|p1a: Articuno|Brave Bird|p2a: Coalossal
|-resisted|p2a: Coalossal
|-damage|p2a: Coalossal|89/100
|-status|p1a: Articuno|brn|[from] ability: Flame Body|[of] p2a: Coalossal
|-damage|p1a: Articuno|59/100 brn|[from] Recoil
|
|-heal|p2a: Coalossal|95/100|[from] Grassy Terrain
|-damage|p1a: Articuno|53/100 brn|[from] brn
|upkeep
|turn|4
|
|t:|1667398138
|move|p1a: Articuno|Roost|p1a: Articuno
|-heal|p1a: Articuno|100/100 brn
|-singleturn|p1a: Articuno|move: Roost
|move|p2a: Coalossal|Rapid Spin|p1a: Articuno
|-damage|p1a: Articuno|92/100 brn
|-boost|p2a: Coalossal|spe|1
|-sideend|p2: acluh1|Stealth Rock|[from] move: Rapid Spin|[of] p2a: Coalossal
|
|-heal|p1a: Articuno|98/100 brn|[from] Grassy Terrain
|-heal|p2a: Coalossal|100/100|[from] Grassy Terrain
|-damage|p1a: Articuno|92/100 brn|[from] brn
|upkeep
|turn|5
|
|t:|1667398147
|switch|p1a: Quagsire|Quagsire, M, shiny|100/100
|move|p2a: Coalossal|Stealth Rock|p1a: Quagsire
|-sidestart|p1: Reuben_Thomas05|move: Stealth Rock
|
|upkeep
|turn|6
|
|t:|1667398160
|switch|p2a: Thwackey|Thwackey, M|100/100
|move|p1a: Quagsire|Toxic|p2a: Thwackey
|-status|p2a: Thwackey|tox
|
|-damage|p2a: Thwackey|94/100 tox|[from] psn
|upkeep
|turn|7
|
|t:|1667398173
|switch|p1a: Altaria|Altaria, F, shiny|100/100
|move|p2a: Thwackey|Grassy Glide|p1a: Altaria
|-resisted|p1a: Altaria
|-damage|p1a: Altaria|89/100
|
|-heal|p2a: Thwackey|100/100 tox|[from] Grassy Terrain
|-damage|p2a: Thwackey|88/100 tox|[from] psn
|upkeep
|turn|8
|
|t:|1667398182
|switch|p2a: Coalossal|Coalossal, M|100/100
|move|p1a: Altaria|Dragon Claw|p2a: Coalossal
|-damage|p2a: Coalossal|87/100
|
|-heal|p2a: Coalossal|93/100|[from] Grassy Terrain
|-fieldend|move: Grassy Terrain
|upkeep
|turn|9
|
|t:|1667398212
|switch|p1a: Quagsire|Quagsire, M, shiny|100/100
|-damage|p1a: Quagsire|94/100|[from] Stealth Rock
|move|p2a: Coalossal|Rock Blast|p1a: Quagsire
|-resisted|p1a: Quagsire
|-damage|p1a: Quagsire|92/100
|-resisted|p1a: Quagsire
|-damage|p1a: Quagsire|90/100
|-hitcount|p1a: Quagsire|2
|
|-heal|p1a: Quagsire|96/100|[from] item: Leftovers
|upkeep
|turn|10
|inactive|Reuben_Thomas05 has 120 seconds left.
|
|t:|1667398256
|switch|p2a: Comfey|Comfey, M|100/100
|move|p1a: Quagsire|Earthquake|p2a: Comfey
|-damage|p2a: Comfey|67/100
|
|-heal|p1a: Quagsire|100/100|[from] item: Leftovers
|upkeep
|turn|11
|
|t:|1667398261
|move|p2a: Comfey|Aromatherapy|p2a: Comfey
|-activate|p2a: Comfey|move: Aromatherapy
|-curestatus|p2: Thwackey|tox|[msg]
|move|p1a: Quagsire|Toxic|p2a: Comfey|[miss]
|-miss|p1a: Quagsire|p2a: Comfey
|
|upkeep
|turn|12
|
|t:|1667398277
|switch|p2a: Doublade|Doublade, F|100/100
|move|p1a: Quagsire|Earthquake|p2a: Doublade
|-supereffective|p2a: Doublade
|-crit|p2a: Doublade
|-damage|p2a: Doublade|54/100
|
|upkeep
|turn|13
|
|t:|1667398283
|switch|p2a: Thwackey|Thwackey, M|88/100
|-fieldstart|move: Grassy Terrain|[from] ability: Grassy Surge|[of] p2a: Thwackey
|move|p1a: Quagsire|Earthquake|p2a: Thwackey
|-resisted|p2a: Thwackey
|-damage|p2a: Thwackey|78/100
|
|-heal|p2a: Thwackey|84/100|[from] Grassy Terrain
|upkeep
|turn|14
|
|t:|1667398298
|switch|p1a: Eldegoss|Eldegoss, M, shiny|100/100
|-damage|p1a: Eldegoss|88/100|[from] Stealth Rock
|move|p2a: Thwackey|Grassy Glide|p1a: Eldegoss
|-resisted|p1a: Eldegoss
|-damage|p1a: Eldegoss|72/100
|
|-heal|p2a: Thwackey|90/100|[from] Grassy Terrain
|-heal|p1a: Eldegoss|78/100|[from] Grassy Terrain
|-heal|p1a: Eldegoss|84/100|[from] item: Leftovers
|upkeep
|turn|15
|
|t:|1667398306
|move|p2a: Thwackey|U-turn|p1a: Eldegoss
|-supereffective|p1a: Eldegoss
|-damage|p1a: Eldegoss|54/100
|
|t:|1667398311
|switch|p2a: Doublade|Doublade, F|54/100|[from]move: U-turn
|move|p1a: Eldegoss|Rapid Spin|p2a: Doublade
|-immune|p2a: Doublade
|
|-heal|p1a: Eldegoss|60/100|[from] Grassy Terrain
|-heal|p1a: Eldegoss|66/100|[from] item: Leftovers
|-heal|p2a: Doublade|60/100|[from] Grassy Terrain
|upkeep
|turn|16
|inactive|Reuben_Thomas05 has 120 seconds left.
|
|t:|1667398334
|move|p1a: Eldegoss|Leech Seed|p2a: Doublade
|-start|p2a: Doublade|move: Leech Seed
|move|p2a: Doublade|Shadow Claw|p1a: Eldegoss
|-damage|p1a: Eldegoss|38/100
|
|-heal|p1a: Eldegoss|44/100|[from] Grassy Terrain
|-heal|p1a: Eldegoss|50/100|[from] item: Leftovers
|-heal|p2a: Doublade|66/100|[from] Grassy Terrain
|-damage|p2a: Doublade|54/100|[from] Leech Seed|[of] p1a: Eldegoss
|-heal|p1a: Eldegoss|63/100|[silent]
|upkeep
|turn|17
|inactive|Reuben_Thomas05 has 120 seconds left.
|
|t:|1667398352
|switch|p2a: Coalossal|Coalossal, M|93/100
|move|p1a: Eldegoss|Sleep Powder|p2a: Coalossal|[miss]
|-miss|p1a: Eldegoss|p2a: Coalossal
|
|-heal|p1a: Eldegoss|69/100|[from] Grassy Terrain
|-heal|p1a: Eldegoss|75/100|[from] item: Leftovers
|-heal|p2a: Coalossal|99/100|[from] Grassy Terrain
|upkeep
|turn|18
|
|t:|1667398358
|switch|p1a: Quagsire|Quagsire, M, shiny|100/100
|-damage|p1a: Quagsire|94/100|[from] Stealth Rock
|move|p2a: Coalossal|Flamethrower|p1a: Quagsire
|-resisted|p1a: Quagsire
|-damage|p1a: Quagsire|79/100
|
|-heal|p1a: Quagsire|85/100|[from] Grassy Terrain
|-heal|p1a: Quagsire|91/100|[from] item: Leftovers
|-heal|p2a: Coalossal|100/100|[from] Grassy Terrain
|upkeep
|turn|19
|
|t:|1667398370
|switch|p2a: Comfey|Comfey, M|67/100
|-enditem|p2a: Comfey|Grassy Seed
|-boost|p2a: Comfey|def|1|[from] item: Grassy Seed
|move|p1a: Quagsire|Earthquake|p2a: Comfey
|-damage|p2a: Comfey|48/100
|
|-heal|p2a: Comfey|54/100|[from] Grassy Terrain
|-heal|p1a: Quagsire|97/100|[from] Grassy Terrain
|-heal|p1a: Quagsire|100/100|[from] item: Leftovers
|upkeep
|turn|20
|
|t:|1667398375
|move|p2a: Comfey|Calm Mind|p2a: Comfey
|-boost|p2a: Comfey|spa|1
|-boost|p2a: Comfey|spd|1
|move|p1a: Quagsire|Toxic|p2a: Comfey
|-status|p2a: Comfey|tox
|
|-heal|p2a: Comfey|61/100 tox|[from] Grassy Terrain
|-damage|p2a: Comfey|54/100 tox|[from] psn
|-fieldend|move: Grassy Terrain
|upkeep
|turn|21
|
|t:|1667398388
|switch|p1a: Altaria|Altaria, F, shiny|89/100
|move|p2a: Comfey|Draining Kiss|p1a: Altaria
|-supereffective|p1a: Altaria
|-damage|p1a: Altaria|50/100
|-heal|p2a: Comfey|88/100 tox|[from] drain|[of] p1a: Altaria
|
|-damage|p2a: Comfey|76/100 tox|[from] psn
|upkeep
|turn|22
|
|t:|1667398396
|move|p2a: Comfey|Aromatherapy|p2a: Comfey
|-activate|p2a: Comfey|move: Aromatherapy
|-curestatus|p2a: Comfey|tox|[msg]
|move|p1a: Altaria|Haze|p1a: Altaria
|-clearallboost
|
|upkeep
|turn|23
|
|t:|1667398400
|move|p2a: Comfey|Draining Kiss|p1a: Altaria
|-supereffective|p1a: Altaria
|-damage|p1a: Altaria|21/100
|-heal|p2a: Comfey|100/100|[from] drain|[of] p1a: Altaria
|move|p1a: Altaria|Roost|p1a: Altaria
|-heal|p1a: Altaria|71/100
|-singleturn|p1a: Altaria|move: Roost
|
|upkeep
|turn|24
|
|t:|1667398410
|switch|p2a: Coalossal|Coalossal, M|100/100
|switch|p1a: Eldegoss|Eldegoss, M, shiny|100/100
|-damage|p1a: Eldegoss|88/100|[from] Stealth Rock
|
|-heal|p1a: Eldegoss|94/100|[from] item: Leftovers
|upkeep
|turn|25
|
|t:|1667398415
|switch|p1a: Quagsire|Quagsire, M, shiny|100/100
|-damage|p1a: Quagsire|94/100|[from] Stealth Rock
|switch|p2a: Thwackey|Thwackey, M|90/100
|-fieldstart|move: Grassy Terrain|[from] ability: Grassy Surge|[of] p2a: Thwackey
|
|-heal|p2a: Thwackey|96/100|[from] Grassy Terrain
|-heal|p1a: Quagsire|100/100|[from] Grassy Terrain
|upkeep
|turn|26
|
|t:|1667398428
|switch|p1a: Altaria|Altaria, F, shiny|71/100
|move|p2a: Thwackey|Knock Off|p1a: Altaria
|-damage|p1a: Altaria|42/100
|-enditem|p1a: Altaria|Heavy-Duty Boots|[from] move: Knock Off|[of] p2a: Thwackey
|
|-heal|p2a: Thwackey|100/100|[from] Grassy Terrain
|upkeep
|turn|27
|
|t:|1667398442
|move|p2a: Thwackey|U-turn|p1a: Altaria
|-resisted|p1a: Altaria
|-damage|p1a: Altaria|32/100
|
|t:|1667398446
|switch|p2a: Comfey|Comfey, M|100/100|[from]move: U-turn
|move|p1a: Altaria|Roost|p1a: Altaria
|-heal|p1a: Altaria|82/100
|-singleturn|p1a: Altaria|move: Roost
|
|-heal|p1a: Altaria|89/100|[from] Grassy Terrain
|upkeep
|turn|28
|
|t:|1667398459
|switch|p2a: Coalossal|Coalossal, M|100/100
|switch|p1a: Eldegoss|Eldegoss, M, shiny|100/100
|-damage|p1a: Eldegoss|88/100|[from] Stealth Rock
|
|-heal|p1a: Eldegoss|94/100|[from] Grassy Terrain
|-heal|p1a: Eldegoss|100/100|[from] item: Leftovers
|upkeep
|turn|29
|
|t:|1667398463
|move|p1a: Eldegoss|Rapid Spin|p2a: Coalossal
|-resisted|p2a: Coalossal
|-damage|p2a: Coalossal|98/100
|-boost|p1a: Eldegoss|spe|1
|-status|p1a: Eldegoss|brn|[from] ability: Flame Body|[of] p2a: Coalossal
|-sideend|p1: Reuben_Thomas05|Stealth Rock|[from] move: Rapid Spin|[of] p1a: Eldegoss
|move|p2a: Coalossal|Flamethrower|p1a: Eldegoss
|-supereffective|p1a: Eldegoss
|-damage|p1a: Eldegoss|52/100 brn
|
|-heal|p1a: Eldegoss|58/100 brn|[from] Grassy Terrain
|-heal|p1a: Eldegoss|64/100 brn|[from] item: Leftovers
|-heal|p2a: Coalossal|100/100|[from] Grassy Terrain
|-damage|p1a: Eldegoss|58/100 brn|[from] brn
|upkeep
|turn|30
|
|t:|1667398477
|switch|p1a: Altaria|Altaria, F, shiny|89/100
|move|p2a: Coalossal|Flamethrower|p1a: Altaria
|-resisted|p1a: Altaria
|-damage|p1a: Altaria|79/100
|
|upkeep
|turn|31
|
|t:|1667398480
|move|p1a: Altaria|Heal Bell|p1a: Altaria
|-activate|p1a: Altaria|move: Heal Bell
|-curestatus|p1: Eldegoss|brn|[msg]
|-curestatus|p1: Articuno|brn|[msg]
|move|p2a: Coalossal|Rock Blast|p1a: Altaria
|-supereffective|p1a: Altaria
|-damage|p1a: Altaria|64/100
|-supereffective|p1a: Altaria
|-damage|p1a: Altaria|49/100
|-hitcount|p1a: Altaria|2
|
|upkeep
|turn|32
|
|t:|1667398490
|move|p1a: Altaria|Roost|p1a: Altaria
|-heal|p1a: Altaria|99/100
|-singleturn|p1a: Altaria|move: Roost
|move|p2a: Coalossal|Stealth Rock|p1a: Altaria
|-sidestart|p1: Reuben_Thomas05|move: Stealth Rock
|
|-heal|p1a: Altaria|100/100|[from] Grassy Terrain
|-fieldend|move: Grassy Terrain
|upkeep
|turn|33
|
|t:|1667398503
|switch|p1a: Quagsire|Quagsire, M, shiny|100/100
|-damage|p1a: Quagsire|94/100|[from] Stealth Rock
|move|p2a: Coalossal|Rock Blast|p1a: Quagsire
|-resisted|p1a: Quagsire
|-damage|p1a: Quagsire|92/100
|-resisted|p1a: Quagsire
|-damage|p1a: Quagsire|90/100
|-resisted|p1a: Quagsire
|-damage|p1a: Quagsire|87/100
|-resisted|p1a: Quagsire
|-damage|p1a: Quagsire|85/100
|-hitcount|p1a: Quagsire|4
|
|-heal|p1a: Quagsire|91/100|[from] item: Leftovers
|upkeep
|turn|34
|
|t:|1667398516
|switch|p2a: Doublade|Doublade, F|54/100
|move|p1a: Quagsire|Toxic|p2a: Doublade
|-immune|p2a: Doublade
|
|-heal|p1a: Quagsire|97/100|[from] item: Leftovers
|upkeep
|turn|35
|
|t:|1667398520
|switch|p2a: Thwackey|Thwackey, M|100/100
|-fieldstart|move: Grassy Terrain|[from] ability: Grassy Surge|[of] p2a: Thwackey
|move|p1a: Quagsire|Earthquake|p2a: Thwackey
|-resisted|p2a: Thwackey
|-damage|p2a: Thwackey|88/100
|
|-heal|p2a: Thwackey|94/100|[from] Grassy Terrain
|-heal|p1a: Quagsire|100/100|[from] Grassy Terrain
|upkeep
|turn|36
|
|t:|1667398541
|switch|p1a: Altaria|Altaria, F, shiny|100/100
|-damage|p1a: Altaria|76/100|[from] Stealth Rock
|move|p2a: Thwackey|Grassy Glide|p1a: Altaria
|-resisted|p1a: Altaria
|-damage|p1a: Altaria|66/100
|
|-heal|p2a: Thwackey|100/100|[from] Grassy Terrain
|upkeep
|turn|37
|
|t:|1667398549
|move|p2a: Thwackey|Swords Dance|p2a: Thwackey
|-boost|p2a: Thwackey|atk|2
|move|p1a: Altaria|Dragon Claw|p2a: Thwackey
|-damage|p2a: Thwackey|73/100
|
|-heal|p2a: Thwackey|79/100|[from] Grassy Terrain
|upkeep
|turn|38
|
|t:|1667398560
|move|p2a: Thwackey|Knock Off|p1a: Altaria
|-damage|p1a: Altaria|29/100
|move|p1a: Altaria|Haze|p1a: Altaria
|-clearallboost
|
|-heal|p2a: Thwackey|85/100|[from] Grassy Terrain
|upkeep
|turn|39
|
|t:|1667398571
|move|p2a: Thwackey|Knock Off|p1a: Altaria
|-damage|p1a: Altaria|10/100
|move|p1a: Altaria|Roost|p1a: Altaria
|-heal|p1a: Altaria|60/100
|-singleturn|p1a: Altaria|move: Roost
|
|-heal|p2a: Thwackey|91/100|[from] Grassy Terrain
|-heal|p1a: Altaria|66/100|[from] Grassy Terrain
|upkeep
|turn|40
|
|t:|1667398579
|move|p2a: Thwackey|Swords Dance|p2a: Thwackey
|-boost|p2a: Thwackey|atk|2
|move|p1a: Altaria|Dragon Claw|p2a: Thwackey
|-damage|p2a: Thwackey|63/100
|
|-heal|p2a: Thwackey|69/100|[from] Grassy Terrain
|upkeep
|turn|41
|
|t:|1667398583
|move|p2a: Thwackey|Knock Off|p1a: Altaria
|-damage|p1a: Altaria|28/100
|move|p1a: Altaria|Haze|p1a: Altaria
|-clearallboost
|
|-heal|p2a: Thwackey|75/100|[from] Grassy Terrain
|upkeep
|turn|42
|
|t:|1667398587
|move|p2a: Thwackey|Knock Off|p1a: Altaria
|-damage|p1a: Altaria|10/100
|move|p1a: Altaria|Roost|p1a: Altaria
|-heal|p1a: Altaria|60/100
|-singleturn|p1a: Altaria|move: Roost
|
|-heal|p2a: Thwackey|81/100|[from] Grassy Terrain
|-heal|p1a: Altaria|66/100|[from] Grassy Terrain
|-fieldend|move: Grassy Terrain
|upkeep
|turn|43
|
|t:|1667398590
|move|p2a: Thwackey|Swords Dance|p2a: Thwackey
|-boost|p2a: Thwackey|atk|2
|move|p1a: Altaria|Roost|p1a: Altaria
|-heal|p1a: Altaria|100/100
|-singleturn|p1a: Altaria|move: Roost
|
|upkeep
|turn|44
|
|t:|1667398596
|move|p2a: Thwackey|Knock Off|p1a: Altaria
|-damage|p1a: Altaria|59/100
|move|p1a: Altaria|Haze|p1a: Altaria
|-clearallboost
|
|upkeep
|turn|45
|
|t:|1667398601
|switch|p2a: Coalossal|Coalossal, M|100/100
|move|p1a: Altaria|Haze|p1a: Altaria
|-clearallboost
|
|upkeep
|turn|46
|
|t:|1667398607
|move|p1a: Altaria|Roost|p1a: Altaria
|-heal|p1a: Altaria|100/100
|-singleturn|p1a: Altaria|move: Roost
|move|p2a: Coalossal|Rock Blast|p1a: Altaria
|-damage|p1a: Altaria|92/100
|-damage|p1a: Altaria|84/100
|-damage|p1a: Altaria|76/100
|-hitcount|p1a: Altaria|3
|
|upkeep
|turn|47
|
|t:|1667398620
|move|p1a: Altaria|Haze|p1a: Altaria
|-clearallboost
|move|p2a: Coalossal|Rock Blast|p1a: Altaria
|-supereffective|p1a: Altaria
|-damage|p1a: Altaria|60/100
|-supereffective|p1a: Altaria
|-damage|p1a: Altaria|43/100
|-hitcount|p1a: Altaria|2
|
|upkeep
|turn|48
|
|t:|1667398629
|move|p1a: Altaria|Roost|p1a: Altaria
|-heal|p1a: Altaria|93/100
|-singleturn|p1a: Altaria|move: Roost
|move|p2a: Coalossal|Rock Blast|p1a: Altaria
|-damage|p1a: Altaria|86/100
|-damage|p1a: Altaria|78/100
|-damage|p1a: Altaria|69/100
|-damage|p1a: Altaria|62/100
|-hitcount|p1a: Altaria|4
|
|upkeep
|turn|49
|
|t:|1667398644
|move|p1a: Altaria|Roost|p1a: Altaria
|-heal|p1a: Altaria|100/100
|-singleturn|p1a: Altaria|move: Roost
|move|p2a: Coalossal|Rock Blast|p1a: Altaria
|-damage|p1a: Altaria|93/100
|-damage|p1a: Altaria|85/100
|-hitcount|p1a: Altaria|2
|
|upkeep
|turn|50
|
|t:|1667398659
|switch|p1a: Mareanie|Mareanie, M, shiny|100/100
|-damage|p1a: Mareanie|88/100|[from] Stealth Rock
|move|p2a: Coalossal|Rapid Spin|p1a: Mareanie
|-damage|p1a: Mareanie|80/100
|-boost|p2a: Coalossal|spe|1
|
|upkeep
|turn|51
|
|t:|1667398675
|switch|p2a: Comfey|Comfey, M|100/100
|move|p1a: Mareanie|Toxic Spikes|p2a: Comfey
|-sidestart|p2: acluh1|move: Toxic Spikes
|
|upkeep
|turn|52
|
|t:|1667398682
|move|p2a: Comfey|Calm Mind|p2a: Comfey
|-boost|p2a: Comfey|spa|1
|-boost|p2a: Comfey|spd|1
|move|p1a: Mareanie|Toxic Spikes|p2a: Comfey
|-sidestart|p2: acluh1|move: Toxic Spikes
|
|upkeep
|turn|53
|
|t:|1667398689
|switch|p1a: Altaria|Altaria, F, shiny|85/100
|-damage|p1a: Altaria|60/100|[from] Stealth Rock
|move|p2a: Comfey|Calm Mind|p2a: Comfey
|-boost|p2a: Comfey|spa|1
|-boost|p2a: Comfey|spd|1
|
|upkeep
|turn|54
|
|t:|1667398692
|move|p2a: Comfey|Draining Kiss|p1a: Altaria
|-supereffective|p1a: Altaria
|-damage|p1a: Altaria|10/100
|move|p1a: Altaria|Haze|p1a: Altaria
|-clearallboost
|
|upkeep
|turn|55
|
|t:|1667398701
|switch|p1a: Eldegoss|Eldegoss, M, shiny|91/100
|-damage|p1a: Eldegoss|79/100|[from] Stealth Rock
|move|p2a: Comfey|Draining Kiss|p1a: Eldegoss
|-damage|p1a: Eldegoss|61/100
|
|-heal|p1a: Eldegoss|67/100|[from] item: Leftovers
|upkeep
|turn|56
|
|t:|1667398704
|switch|p2a: Doublade|Doublade, F|54/100
|move|p1a: Eldegoss|Leech Seed|p2a: Doublade
|-start|p2a: Doublade|move: Leech Seed
|
|-heal|p1a: Eldegoss|73/100|[from] item: Leftovers
|-damage|p2a: Doublade|41/100|[from] Leech Seed|[of] p1a: Eldegoss
|-heal|p1a: Eldegoss|86/100|[silent]
|upkeep
|turn|57
|
|t:|1667398709
|move|p1a: Eldegoss|Rapid Spin|p2a: Doublade
|-immune|p2a: Doublade
|move|p2a: Doublade|Swords Dance|p2a: Doublade
|-boost|p2a: Doublade|atk|2
|
|-heal|p1a: Eldegoss|92/100|[from] item: Leftovers
|-damage|p2a: Doublade|29/100|[from] Leech Seed|[of] p1a: Eldegoss
|-heal|p1a: Eldegoss|100/100|[silent]
|upkeep
|turn|58
|
|t:|1667398716
|move|p1a: Eldegoss|Sleep Powder|p2a: Doublade
|-status|p2a: Doublade|slp|[from] move: Sleep Powder
|cant|p2a: Doublade|slp
|
|-damage|p2a: Doublade|16/100 slp|[from] Leech Seed|[of] p1a: Eldegoss
|upkeep
|turn|59
|
|t:|1667398726
|cant|p2a: Doublade|slp
|move|p1a: Eldegoss|Rapid Spin|p2a: Doublade
|-immune|p2a: Doublade
|
|-damage|p2a: Doublade|4/100 slp|[from] Leech Seed|[of] p1a: Eldegoss
|upkeep
|turn|60
|
|t:|1667398728
|-curestatus|p2a: Doublade|slp|[msg]
|move|p2a: Doublade|Shadow Sneak|p1a: Eldegoss
|-damage|p1a: Eldegoss|68/100
|move|p1a: Eldegoss|Rapid Spin|p2a: Doublade
|-immune|p2a: Doublade
|
|-heal|p1a: Eldegoss|74/100|[from] item: Leftovers
|-damage|p2a: Doublade|0 fnt|[from] Leech Seed|[of] p1a: Eldegoss
|-heal|p1a: Eldegoss|77/100|[silent]
|faint|p2a: Doublade
|upkeep
|
|t:|1667398750
|switch|p2a: Thwackey|Thwackey, M|81/100
|-status|p2a: Thwackey|tox
|-fieldstart|move: Grassy Terrain|[from] ability: Grassy Surge|[of] p2a: Thwackey
|turn|61
|
|t:|1667398754
|move|p2a: Thwackey|U-turn|p1a: Eldegoss
|-supereffective|p1a: Eldegoss
|-damage|p1a: Eldegoss|47/100
|
|t:|1667398755
|switch|p2a: Hitmonlee|Hitmonlee, M|100/100|[from]move: U-turn
|-status|p2a: Hitmonlee|tox
|-enditem|p2a: Hitmonlee|Grassy Seed
|-boost|p2a: Hitmonlee|def|1|[from] item: Grassy Seed
|move|p1a: Eldegoss|Rapid Spin|p2a: Hitmonlee
|-damage|p2a: Hitmonlee|91/100 tox
|-boost|p1a: Eldegoss|spe|1
|-sideend|p1: Reuben_Thomas05|Stealth Rock|[from] move: Rapid Spin|[of] p1a: Eldegoss
|
|-heal|p2a: Hitmonlee|97/100 tox|[from] Grassy Terrain
|-heal|p1a: Eldegoss|53/100|[from] Grassy Terrain
|-heal|p1a: Eldegoss|59/100|[from] item: Leftovers
|-damage|p2a: Hitmonlee|91/100 tox|[from] psn
|upkeep
|turn|62
|
|t:|1667398771
|move|p2a: Hitmonlee|Poison Jab|p1a: Eldegoss
|-supereffective|p1a: Eldegoss
|-damage|p1a: Eldegoss|11/100
|-status|p1a: Eldegoss|psn
|move|p1a: Eldegoss|Leech Seed|p2a: Hitmonlee
|-start|p2a: Hitmonlee|move: Leech Seed
|
|-heal|p2a: Hitmonlee|97/100 tox|[from] Grassy Terrain
|-heal|p1a: Eldegoss|17/100 psn|[from] Grassy Terrain
|-heal|p1a: Eldegoss|24/100 psn|[from] item: Leftovers
|-damage|p2a: Hitmonlee|85/100 tox|[from] Leech Seed|[of] p1a: Eldegoss
|-heal|p1a: Eldegoss|33/100 psn|[silent]
|-damage|p2a: Hitmonlee|73/100 tox|[from] psn
|-damage|p1a: Eldegoss|21/100 psn|[from] psn
|upkeep
|turn|63
|
|t:|1667398780
|switch|p1a: Mareanie|Mareanie, M, shiny|100/100
|move|p2a: Hitmonlee|Poison Jab|p1a: Mareanie
|-resisted|p1a: Mareanie
|-damage|p1a: Mareanie|90/100
|
|-heal|p2a: Hitmonlee|79/100 tox|[from] Grassy Terrain
|-heal|p1a: Mareanie|97/100|[from] Grassy Terrain
|-damage|p2a: Hitmonlee|67/100 tox|[from] Leech Seed|[of] p1a: Mareanie
|-heal|p1a: Mareanie|100/100|[silent]
|-damage|p2a: Hitmonlee|49/100 tox|[from] psn
|upkeep
|turn|64
|
|t:|1667398804
|move|p2a: Hitmonlee|Knock Off|p1a: Mareanie
|-damage|p1a: Mareanie|75/100
|-enditem|p1a: Mareanie|Eviolite|[from] move: Knock Off|[of] p2a: Hitmonlee
|move|p1a: Mareanie|Scald|p2a: Hitmonlee
|-damage|p2a: Hitmonlee|32/100 tox
|
|-heal|p2a: Hitmonlee|38/100 tox|[from] Grassy Terrain
|-heal|p1a: Mareanie|81/100|[from] Grassy Terrain
|-damage|p2a: Hitmonlee|25/100 tox|[from] Leech Seed|[of] p1a: Mareanie
|-heal|p1a: Mareanie|91/100|[silent]
|-damage|p2a: Hitmonlee|2/100 tox|[from] psn
|upkeep
|turn|65
|
|t:|1667398813
|move|p1a: Mareanie|Protect|p1a: Mareanie
|-singleturn|p1a: Mareanie|Protect
|move|p2a: Hitmonlee|Knock Off|p1a: Mareanie
|-activate|p1a: Mareanie|move: Protect
|
|-heal|p2a: Hitmonlee|8/100 tox|[from] Grassy Terrain
|-heal|p1a: Mareanie|98/100|[from] Grassy Terrain
|-damage|p2a: Hitmonlee|0 fnt|[from] Leech Seed|[of] p1a: Mareanie
|-heal|p1a: Mareanie|100/100|[silent]
|faint|p2a: Hitmonlee
|upkeep
|
|t:|1667398817
|switch|p2a: Coalossal|Coalossal, M|100/100
|turn|66
|
|t:|1667398821
|move|p1a: Mareanie|Scald|p2a: Coalossal
|-supereffective|p2a: Coalossal
|-damage|p2a: Coalossal|64/100
|move|p2a: Coalossal|Rapid Spin|p1a: Mareanie
|-damage|p1a: Mareanie|91/100
|-boost|p2a: Coalossal|spe|1
|-sideend|p2: acluh1|Toxic Spikes|[from] move: Rapid Spin|[of] p2a: Coalossal
|
|-heal|p2a: Coalossal|70/100|[from] Grassy Terrain
|-heal|p1a: Mareanie|97/100|[from] Grassy Terrain
|upkeep
|turn|67
|
|t:|1667398831
|move|p1a: Mareanie|Protect|p1a: Mareanie
|-singleturn|p1a: Mareanie|Protect
|move|p2a: Coalossal|Stealth Rock|p1a: Mareanie
|-sidestart|p1: Reuben_Thomas05|move: Stealth Rock
|
|-heal|p2a: Coalossal|76/100|[from] Grassy Terrain
|-heal|p1a: Mareanie|100/100|[from] Grassy Terrain
|upkeep
|turn|68
|
|t:|1667398841
|switch|p2a: Comfey|Comfey, M|100/100
|move|p1a: Mareanie|Scald|p2a: Comfey
|-damage|p2a: Comfey|86/100
|-status|p2a: Comfey|brn
|
|-heal|p2a: Comfey|92/100 brn|[from] Grassy Terrain
|-damage|p2a: Comfey|86/100 brn|[from] brn
|-fieldend|move: Grassy Terrain
|upkeep
|turn|69
|
|t:|1667398847
|move|p2a: Comfey|Calm Mind|p2a: Comfey
|-boost|p2a: Comfey|spa|1
|-boost|p2a: Comfey|spd|1
|move|p1a: Mareanie|Toxic Spikes|p2a: Comfey
|-sidestart|p2: acluh1|move: Toxic Spikes
|
|-damage|p2a: Comfey|80/100 brn|[from] brn
|upkeep
|turn|70
|
|t:|1667398859
|move|p2a: Comfey|Calm Mind|p2a: Comfey
|-boost|p2a: Comfey|spa|1
|-boost|p2a: Comfey|spd|1
|move|p1a: Mareanie|Scald|p2a: Comfey
|-damage|p2a: Comfey|72/100 brn
|
|-damage|p2a: Comfey|66/100 brn|[from] brn
|upkeep
|turn|71
|
|t:|1667398868
|switch|p1a: Quagsire|Quagsire, M, shiny|100/100
|-damage|p1a: Quagsire|94/100|[from] Stealth Rock
|move|p2a: Comfey|Calm Mind|p2a: Comfey
|-boost|p2a: Comfey|spa|1
|-boost|p2a: Comfey|spd|1
|
|-heal|p1a: Quagsire|100/100|[from] item: Leftovers
|-damage|p2a: Comfey|60/100 brn|[from] brn
|upkeep
|turn|72
|
|t:|1667398874
|move|p2a: Comfey|Draining Kiss|p1a: Quagsire
|-damage|p1a: Quagsire|77/100
|-heal|p2a: Comfey|83/100 brn|[from] drain|[of] p1a: Quagsire
|move|p1a: Quagsire|Scald|p2a: Comfey
|-damage|p2a: Comfey|65/100 brn
|
|-heal|p1a: Quagsire|83/100|[from] item: Leftovers
|-damage|p2a: Comfey|59/100 brn|[from] brn
|upkeep
|turn|73
|
|t:|1667398887
|move|p2a: Comfey|Draining Kiss|p1a: Quagsire
|-damage|p1a: Quagsire|58/100
|-heal|p2a: Comfey|84/100 brn|[from] drain|[of] p1a: Quagsire
|move|p1a: Quagsire|Earthquake|p2a: Comfey
|-damage|p2a: Comfey|47/100 brn
|
|-heal|p1a: Quagsire|64/100|[from] item: Leftovers
|-damage|p2a: Comfey|41/100 brn|[from] brn
|upkeep
|turn|74
|
|t:|1667398895
|move|p2a: Comfey|Draining Kiss|p1a: Quagsire
|-damage|p1a: Quagsire|39/100
|-heal|p2a: Comfey|65/100 brn|[from] drain|[of] p1a: Quagsire
|move|p1a: Quagsire|Recover|p1a: Quagsire
|-heal|p1a: Quagsire|89/100
|
|-heal|p1a: Quagsire|95/100|[from] item: Leftovers
|-damage|p2a: Comfey|58/100 brn|[from] brn
|upkeep
|turn|75
|
|t:|1667398906
|move|p2a: Comfey|Stored Power|p1a: Quagsire
|-damage|p1a: Quagsire|50/100
|move|p1a: Quagsire|Earthquake|p2a: Comfey
|-damage|p2a: Comfey|24/100 brn
|
|-heal|p1a: Quagsire|56/100|[from] item: Leftovers
|-damage|p2a: Comfey|17/100 brn|[from] brn
|upkeep
|turn|76
|
|t:|1667398910
|move|p2a: Comfey|Stored Power|p1a: Quagsire
|-damage|p1a: Quagsire|8/100
|move|p1a: Quagsire|Recover|p1a: Quagsire
|-heal|p1a: Quagsire|58/100
|
|-heal|p1a: Quagsire|64/100|[from] item: Leftovers
|-damage|p2a: Comfey|11/100 brn|[from] brn
|upkeep
|turn|77
|
|t:|1667398932
|move|p2a: Comfey|Draining Kiss|p1a: Quagsire
|-crit|p1a: Quagsire
|-damage|p1a: Quagsire|27/100
|-heal|p2a: Comfey|47/100 brn|[from] drain|[of] p1a: Quagsire
|move|p1a: Quagsire|Earthquake|p2a: Comfey
|-damage|p2a: Comfey|8/100 brn
|
|-heal|p1a: Quagsire|33/100|[from] item: Leftovers
|-damage|p2a: Comfey|2/100 brn|[from] brn
|upkeep
|turn|78
|
|t:|1667398951
|switch|p1a: Mareanie|Mareanie, M, shiny|100/100
|-damage|p1a: Mareanie|88/100|[from] Stealth Rock
|move|p2a: Comfey|Stored Power|p1a: Mareanie
|-supereffective|p1a: Mareanie
|-damage|p1a: Mareanie|0 fnt
|faint|p1a: Mareanie
|
|-damage|p2a: Comfey|0 fnt|[from] brn
|faint|p2a: Comfey
|upkeep
|inactive|Reuben_Thomas05 has 120 seconds left.
|
|t:|1667398982
|switch|p2a: Thwackey|Thwackey, M|81/100 tox
|switch|p1a: Eldegoss|Eldegoss, M, shiny|54/100 psn
|-fieldstart|move: Grassy Terrain|[from] ability: Grassy Surge|[of] p2a: Thwackey
|-damage|p1a: Eldegoss|42/100 psn|[from] Stealth Rock
|turn|79
|
|t:|1667398987
|move|p2a: Thwackey|Swords Dance|p2a: Thwackey
|-boost|p2a: Thwackey|atk|2
|move|p1a: Eldegoss|Rapid Spin|p2a: Thwackey
|-damage|p2a: Thwackey|72/100 tox
|-boost|p1a: Eldegoss|spe|1
|-sideend|p1: Reuben_Thomas05|Stealth Rock|[from] move: Rapid Spin|[of] p1a: Eldegoss
|
|-heal|p1a: Eldegoss|48/100 psn|[from] Grassy Terrain
|-heal|p1a: Eldegoss|54/100 psn|[from] item: Leftovers
|-heal|p2a: Thwackey|78/100 tox|[from] Grassy Terrain
|-damage|p1a: Eldegoss|42/100 psn|[from] psn
|-damage|p2a: Thwackey|72/100 tox|[from] psn
|upkeep
|turn|80
|
|t:|1667398993
|switch|p1a: Articuno|Articuno, shiny|92/100
|-ability|p1a: Articuno|Pressure
|move|p2a: Thwackey|U-turn|p1a: Articuno
|-resisted|p1a: Articuno
|-damage|p1a: Articuno|74/100
|
|t:|1667399001
|switch|p2a: Thievul|Thievul, F|100/100|[from]move: U-turn
|-status|p2a: Thievul|psn
|-enditem|p2a: Thievul|Grassy Seed
|-boost|p2a: Thievul|def|1|[from] item: Grassy Seed
|
|-damage|p2a: Thievul|88/100 psn|[from] psn
|upkeep
|turn|81
|
|t:|1667399005
|move|p2a: Thievul|Nasty Plot|p2a: Thievul
|-boost|p2a: Thievul|spa|2
|move|p1a: Articuno|Brave Bird|p2a: Thievul
|-damage|p2a: Thievul|48/100 psn
|-damage|p1a: Articuno|63/100|[from] Recoil
|
|-heal|p2a: Thievul|54/100 psn|[from] Grassy Terrain
|-damage|p2a: Thievul|41/100 psn|[from] psn
|upkeep
|turn|82
|
|t:|1667399007
|move|p2a: Thievul|Dark Pulse|p1a: Articuno
|-damage|p1a: Articuno|25/100
|move|p1a: Articuno|Freeze-Dry|p2a: Thievul
|-damage|p2a: Thievul|19/100 psn
|
|-heal|p2a: Thievul|25/100 psn|[from] Grassy Terrain
|-damage|p2a: Thievul|13/100 psn|[from] psn
|upkeep
|turn|83
|
|t:|1667399012
|switch|p1a: Eldegoss|Eldegoss, M, shiny|75/100 psn
|move|p2a: Thievul|Dark Pulse|p1a: Eldegoss
|-damage|p1a: Eldegoss|10/100 psn
|
|-heal|p2a: Thievul|19/100 psn|[from] Grassy Terrain
|-heal|p1a: Eldegoss|16/100 psn|[from] Grassy Terrain
|-heal|p1a: Eldegoss|22/100 psn|[from] item: Leftovers
|-damage|p2a: Thievul|7/100 psn|[from] psn
|-damage|p1a: Eldegoss|10/100 psn|[from] psn
|upkeep
|turn|84
|
|t:|1667399019
|switch|p1a: Articuno|Articuno, shiny|25/100
|-ability|p1a: Articuno|Pressure
|move|p2a: Thievul|Dark Pulse|p1a: Articuno
|-damage|p1a: Articuno|0 fnt
|faint|p1a: Articuno
|
|-heal|p2a: Thievul|13/100 psn|[from] Grassy Terrain
|-damage|p2a: Thievul|0 fnt|[from] psn
|faint|p2a: Thievul
|upkeep
|inactive|Reuben_Thomas05 has 120 seconds left.
|
|t:|1667399049
|switch|p2a: Thwackey|Thwackey, M|72/100 tox
|switch|p1a: Altaria|Altaria, F, shiny|10/100
|turn|85
|
|t:|1667399059
|switch|p1a: Eldegoss|Eldegoss, M, shiny|43/100 psn
|move|p2a: Thwackey|Knock Off|p1a: Eldegoss
|-damage|p1a: Eldegoss|19/100 psn
|-enditem|p1a: Eldegoss|Leftovers|[from] move: Knock Off|[of] p2a: Thwackey
|
|-heal|p2a: Thwackey|78/100 tox|[from] Grassy Terrain
|-heal|p1a: Eldegoss|25/100 psn|[from] Grassy Terrain
|-damage|p2a: Thwackey|72/100 tox|[from] psn
|-damage|p1a: Eldegoss|13/100 psn|[from] psn
|upkeep
|turn|86
|
|t:|1667399070
|switch|p1a: Quagsire|Quagsire, M, shiny|33/100
|move|p2a: Thwackey|U-turn|p1a: Quagsire
|-damage|p1a: Quagsire|20/100
|
|t:|1667399072
|switch|p2a: Coalossal|Coalossal, M|76/100|[from]move: U-turn
|
|-heal|p1a: Quagsire|26/100|[from] Grassy Terrain
|-heal|p1a: Quagsire|32/100|[from] item: Leftovers
|-heal|p2a: Coalossal|82/100|[from] Grassy Terrain
|-fieldend|move: Grassy Terrain
|upkeep
|turn|87
|
|t:|1667399095
|move|p1a: Quagsire|Recover|p1a: Quagsire
|-heal|p1a: Quagsire|82/100
|move|p2a: Coalossal|Rock Blast|p1a: Quagsire
|-resisted|p1a: Quagsire
|-damage|p1a: Quagsire|79/100
|-resisted|p1a: Quagsire
|-damage|p1a: Quagsire|77/100
|-resisted|p1a: Quagsire
|-damage|p1a: Quagsire|75/100
|-hitcount|p1a: Quagsire|3
|
|-heal|p1a: Quagsire|81/100|[from] item: Leftovers
|upkeep
|turn|88
|
|t:|1667399098
|move|p1a: Quagsire|Earthquake|p2a: Coalossal
|-supereffective|p2a: Coalossal
|-damage|p2a: Coalossal|0 fnt
|faint|p2a: Coalossal
|
|-heal|p1a: Quagsire|87/100|[from] item: Leftovers
|upkeep
|
|t:|1667399100
|switch|p2a: Thwackey|Thwackey, M|72/100 tox
|-fieldstart|move: Grassy Terrain|[from] ability: Grassy Surge|[of] p2a: Thwackey
|turn|89
|
|t:|1667399103
|switch|p1a: Eldegoss|Eldegoss, M, shiny|46/100 psn
|move|p2a: Thwackey|Grassy Glide|p1a: Eldegoss
|-resisted|p1a: Eldegoss
|-damage|p1a: Eldegoss|29/100 psn
|
|-heal|p2a: Thwackey|78/100 tox|[from] Grassy Terrain
|-heal|p1a: Eldegoss|35/100 psn|[from] Grassy Terrain
|-damage|p2a: Thwackey|72/100 tox|[from] psn
|-damage|p1a: Eldegoss|23/100 psn|[from] psn
|upkeep
|turn|90
|
|t:|1667399120
|move|p2a: Thwackey|Swords Dance|p2a: Thwackey
|-boost|p2a: Thwackey|atk|2
|move|p1a: Eldegoss|Giga Drain|p2a: Thwackey
|-resisted|p2a: Thwackey
|-damage|p2a: Thwackey|48/100 tox
|-heal|p1a: Eldegoss|34/100 psn|[from] drain|[of] p2a: Thwackey
|
|-heal|p2a: Thwackey|55/100 tox|[from] Grassy Terrain
|-heal|p1a: Eldegoss|41/100 psn|[from] Grassy Terrain
|-damage|p2a: Thwackey|42/100 tox|[from] psn
|-damage|p1a: Eldegoss|28/100 psn|[from] psn
|upkeep
|turn|91
|
|t:|1667399124
|move|p2a: Thwackey|U-turn|p1a: Eldegoss
|-supereffective|p1a: Eldegoss
|-damage|p1a: Eldegoss|0 fnt
|faint|p1a: Eldegoss
|
|-heal|p2a: Thwackey|48/100 tox|[from] Grassy Terrain
|-damage|p2a: Thwackey|30/100 tox|[from] psn
|upkeep
|
|t:|1667399130
|switch|p1a: Corsola|Corsola, M, shiny|100/100
|turn|92
|
|t:|1667399134
|move|p2a: Thwackey|Grassy Glide|p1a: Corsola
|-supereffective|p1a: Corsola
|-damage|p1a: Corsola|0 fnt
|faint|p1a: Corsola
|
|-heal|p2a: Thwackey|36/100 tox|[from] Grassy Terrain
|-damage|p2a: Thwackey|12/100 tox|[from] psn
|upkeep
|
|t:|1667399139
|switch|p1a: Altaria|Altaria, F, shiny|10/100
|turn|93
|
|t:|1667399142
|move|p2a: Thwackey|Knock Off|p1a: Altaria
|-damage|p1a: Altaria|0 fnt
|faint|p1a: Altaria
|
|-heal|p2a: Thwackey|18/100 tox|[from] Grassy Terrain
|-damage|p2a: Thwackey|0 fnt|[from] psn
|faint|p2a: Thwackey
|
|win|Reuben_Thomas05
|upkeep
|raw|Reuben_Thomas05's rating: 1204 &rarr; <strong>1244</strong><br />(+40 for winning)
|raw|acluh1's rating: 1452 &rarr; <strong>1420</strong><br />(-32 for losing)
|c|☆Reuben_Thomas05|Gg
|l|☆acluh1
||Ladder isn't responding, score probably updated but might not have (Request timeout).
|player|p1|Reuben_Thomas05|blue-masters
