|j|☆Saltator
|j|☆Lyra SS
|player|p1|Saltator|270|1364
|player|p2|Lyra SS|lyra|1211
|teamsize|p1|6
|teamsize|p2|6
|gametype|singles
|gen|8
|tier|[Gen 8] PU
|rated|
|clearpoke
|poke|p1|Silvally-*|
|poke|p1|Beheeyem, F|
|poke|p1|Stonjourner, M|
|poke|p1|Lapras, M|
|poke|p1|Ninjask, F|
|poke|p1|Raichu, M|
|poke|p2|Leafeon, F|
|poke|p2|Ninjask, M|
|poke|p2|Silvally-*|
|poke|p2|Manectric, M|
|poke|p2|Beheeyem, M|
|poke|p2|Mawile, F|
|rule|Sleep Clause Mod: Limit one foe put to sleep
|rule|Species Clause: Limit one of each Pokémon
|rule|OHKO Clause: OHKO moves are banned
|rule|Evasion Moves Clause: Evasion moves are banned
|rule|Endless Battle Clause: Forcing endless battles is banned
|rule|HP Percentage Mod: HP is shown in percentages
|rule|Dynamax Clause: You cannot dynamax
|teampreview
|inactive|Battle timer is ON: inactive players will automatically lose when time's up. (requested by Lyra SS)
|
|start
|switch|p1a: Stonjourner|Stonjourner, M, shiny|100/100
|switch|p2a: Mawile|Mawile, F|100/100
|-ability|p2a: Mawile|Intimidate|boost
|-unboost|p1a: Stonjourner|atk|1
|turn|1
|
|move|p1a: Stonjourner|Heat Crash|p2a: Mawile
|-supereffective|p2a: Mawile
|-damage|p2a: Mawile|50/100
|move|p2a: Mawile|Stealth Rock|p1a: Stonjourner
|-sidestart|p1: Saltator|move: Stealth Rock
|
|-heal|p2a: Mawile|56/100|[from] item: Leftovers
|upkeep
|turn|2
|
|switch|p2a: Silvally|Silvally-Ground|100/100
|move|p1a: Stonjourner|Heat Crash|p2a: Silvally
|-damage|p2a: Silvally|71/100
|
|upkeep
|turn|3
|
|switch|p1a: Ninjask|Ninjask, F|100/100
|move|p2a: Silvally|Multi-Attack|p1a: Ninjask
|-immune|p1a: Ninjask
|
|upkeep
|turn|4
|
|move|p1a: Ninjask|Defog|p2a: Silvally
|-unboost|p2a: Silvally|evasion|1
|-sideend|p1: Saltator|Stealth Rock|[from] move: Defog|[of] p1a: Ninjask
|move|p2a: Silvally|Parting Shot|p1a: Ninjask
|-unboost|p1a: Ninjask|atk|1
|-unboost|p1a: Ninjask|spa|1
|
|switch|p2a: Mawile|Mawile, F|56/100|[from]move: Parting Shot
|-ability|p2a: Mawile|Intimidate|boost
|-unboost|p1a: Ninjask|atk|1
|
|-heal|p2a: Mawile|62/100|[from] item: Leftovers
|-ability|p1a: Ninjask|Speed Boost|boost
|-boost|p1a: Ninjask|spe|1
|upkeep
|turn|5
|
|move|p1a: Ninjask|U-turn|p2a: Mawile
|-resisted|p2a: Mawile
|-damage|p2a: Mawile|58/100
|
|switch|p1a: Stonjourner|Stonjourner, M, shiny|100/100|[from]move: U-turn
|move|p2a: Mawile|Stealth Rock|p1a: Stonjourner
|-sidestart|p1: Saltator|move: Stealth Rock
|
|-heal|p2a: Mawile|65/100|[from] item: Leftovers
|upkeep
|turn|6
|
|switch|p2a: Leafeon|Leafeon, F|100/100
|move|p1a: Stonjourner|Heat Crash|p2a: Leafeon
|-supereffective|p2a: Leafeon
|-damage|p2a: Leafeon|24/100
|
|upkeep
|turn|7
|
|switch|p1a: Ninjask|Ninjask, F|100/100
|move|p2a: Leafeon|Leaf Blade|p1a: Ninjask
|-resisted|p1a: Ninjask
|-damage|p1a: Ninjask|63/100
|
|upkeep
|turn|8
|
|switch|p2a: Mawile|Mawile, F|65/100
|-ability|p2a: Mawile|Intimidate|boost
|-unboost|p1a: Ninjask|atk|1
|move|p1a: Ninjask|U-turn|p2a: Mawile
|-resisted|p2a: Mawile
|-damage|p2a: Mawile|60/100
|
|switch|p1a: Stonjourner|Stonjourner, M, shiny|100/100|[from]move: U-turn
|-damage|p1a: Stonjourner|88/100|[from] Stealth Rock
|
|-heal|p2a: Mawile|67/100|[from] item: Leftovers
|upkeep
|turn|9
|
|move|p1a: Stonjourner|Heat Crash|p2a: Mawile
|-supereffective|p2a: Mawile
|-damage|p2a: Mawile|0 fnt
|faint|p2a: Mawile
|
|upkeep
|
|switch|p2a: Manectric|Manectric, M, shiny|100/100
|turn|10
|
|switch|p1a: Raichu|Raichu, M|100/100
|-damage|p1a: Raichu|88/100|[from] Stealth Rock
|move|p2a: Manectric|Thunderbolt|p1a: Raichu
|-ability|p1a: Raichu|Lightning Rod|boost
|-boost|p1a: Raichu|spa|1
|
|upkeep
|turn|11
|
|move|p1a: Raichu|Thunderbolt|p2a: Manectric
|-ability|p2a: Manectric|Lightning Rod|boost
|-boost|p2a: Manectric|spa|1
|move|p2a: Manectric|Overheat|p1a: Raichu
|-damage|p1a: Raichu|0 fnt
|-unboost|p2a: Manectric|spa|2
|-damage|p2a: Manectric|91/100|[from] item: Life Orb
|faint|p1a: Raichu
|
|upkeep
|inactive|Saltator has 120 seconds left.
|
|switch|p1a: Beheeyem|Beheeyem, F, shiny|100/100
|-damage|p1a: Beheeyem|88/100|[from] Stealth Rock
|turn|12
|
|move|p2a: Manectric|Thunder Wave|p1a: Beheeyem|[miss]
|-miss|p2a: Manectric|p1a: Beheeyem
|move|p1a: Beheeyem|Future Sight|p2a: Manectric
|-start|p1a: Beheeyem|move: Future Sight
|
|upkeep
|turn|13
|
|move|p2a: Manectric|Thunder Wave|p1a: Beheeyem|[miss]
|-miss|p2a: Manectric|p1a: Beheeyem
|move|p1a: Beheeyem|Psychic|p2a: Manectric
|-damage|p2a: Manectric|0 fnt
|faint|p2a: Manectric
|
|upkeep
|
|switch|p2a: Beheeyem|Beheeyem, M, shiny|100/100
|turn|14
|
|move|p1a: Beheeyem|Dark Pulse|p2a: Beheeyem
|-supereffective|p2a: Beheeyem
|-damage|p2a: Beheeyem|60/100
|move|p2a: Beheeyem|Dark Pulse|p1a: Beheeyem
|-supereffective|p1a: Beheeyem
|-damage|p1a: Beheeyem|12/100
|
|-end|p2a: Beheeyem|move: Future Sight
|-resisted|p2a: Beheeyem
|-damage|p2a: Beheeyem|26/100
|upkeep
|turn|15
|
|move|p1a: Beheeyem|Dark Pulse|p2a: Beheeyem
|-supereffective|p2a: Beheeyem
|-damage|p2a: Beheeyem|0 fnt
|faint|p2a: Beheeyem
|
|upkeep
|
|switch|p2a: Ninjask|Ninjask, M|100/100
|turn|16
|
|move|p2a: Ninjask|U-turn|p1a: Beheeyem
|-supereffective|p1a: Beheeyem
|-damage|p1a: Beheeyem|0 fnt
|faint|p1a: Beheeyem
|
|switch|p2a: Silvally|Silvally-Ground|71/100|[from]move: U-turn
|
|upkeep
|
|switch|p1a: Stonjourner|Stonjourner, M, shiny|88/100
|-damage|p1a: Stonjourner|76/100|[from] Stealth Rock
|turn|17
|
|move|p2a: Silvally|Multi-Attack|p1a: Stonjourner
|-supereffective|p1a: Stonjourner
|-damage|p1a: Stonjourner|0 fnt
|faint|p1a: Stonjourner
|
|upkeep
|
|switch|p1a: Ninjask|Ninjask, F|63/100
|turn|18
|
|move|p1a: Ninjask|Leech Life|p2a: Silvally
|-damage|p2a: Silvally|32/100
|-heal|p1a: Ninjask|88/100|[from] drain|[of] p2a: Silvally
|move|p2a: Silvally|Parting Shot|p1a: Ninjask
|-unboost|p1a: Ninjask|atk|1
|-unboost|p1a: Ninjask|spa|1
|
|switch|p2a: Ninjask|Ninjask, M|100/100|[from]move: Parting Shot
|
|-ability|p1a: Ninjask|Speed Boost|boost
|-boost|p1a: Ninjask|spe|1
|upkeep
|turn|19
|
|switch|p2a: Leafeon|Leafeon, F|24/100
|move|p1a: Ninjask|U-turn|p2a: Leafeon
|-supereffective|p2a: Leafeon
|-damage|p2a: Leafeon|0 fnt
|faint|p2a: Leafeon
|
|switch|p1a: Silvally|Silvally-Ground|100/100|[from]move: U-turn
|-damage|p1a: Silvally|94/100|[from] Stealth Rock
|
|upkeep
|
|switch|p2a: Ninjask|Ninjask, M|100/100
|turn|20
|
|move|p2a: Ninjask|Swords Dance|p2a: Ninjask
|-boost|p2a: Ninjask|atk|2
|move|p1a: Silvally|Crunch|p2a: Ninjask
|-damage|p2a: Ninjask|44/100
|
|-ability|p2a: Ninjask|Speed Boost|boost
|-boost|p2a: Ninjask|spe|1
|upkeep
|turn|21
|
|move|p2a: Ninjask|Acrobatics|p1a: Silvally
|-damage|p1a: Silvally|0 fnt
|faint|p1a: Silvally
|
|-ability|p2a: Ninjask|Speed Boost|boost
|-boost|p2a: Ninjask|spe|1
|upkeep
|
|switch|p1a: Lapras|Lapras, M|100/100
|-damage|p1a: Lapras|76/100|[from] Stealth Rock
|turn|22
|
|move|p1a: Lapras|Protect|p1a: Lapras
|-singleturn|p1a: Lapras|Protect
|move|p2a: Ninjask|Acrobatics|p1a: Lapras
|-activate|p1a: Lapras|move: Protect
|
|-heal|p1a: Lapras|82/100|[from] item: Leftovers
|-ability|p2a: Ninjask|Speed Boost|boost
|-boost|p2a: Ninjask|spe|1
|upkeep
|turn|23
|
|move|p2a: Ninjask|Acrobatics|p1a: Lapras
|-damage|p1a: Lapras|23/100
|move|p1a: Lapras|Freeze-Dry|p2a: Ninjask
|-supereffective|p2a: Ninjask
|-damage|p2a: Ninjask|0 fnt
|faint|p2a: Ninjask
|
|-heal|p1a: Lapras|29/100|[from] item: Leftovers
|upkeep
|
|switch|p2a: Silvally|Silvally-Ground|32/100
|turn|24
|
|move|p2a: Silvally|Multi-Attack|p1a: Lapras
|-crit|p1a: Lapras
|-damage|p1a: Lapras|0 fnt
|faint|p1a: Lapras
|
|upkeep
|
|switch|p1a: Ninjask|Ninjask, F|88/100
|turn|25
|
|move|p1a: Ninjask|Leech Life|p2a: Silvally
|-damage|p2a: Silvally|0 fnt
|-heal|p1a: Ninjask|100/100|[from] drain|[of] p2a: Silvally
|faint|p2a: Silvally
|
|win|Saltator
|l|☆Lyra SS
