|raw|<div class="broadcast-blue"><strong>This battle is required to be public due to a player having a name starting with 'pult61a'.</div>
|j|☆whitebunni
|j|☆pult61awl
|t:|1627090624
|gametype|singles
|player|p1|whitebunni|waitress-gen4|1263
|player|p2|pult61awl|twins|1613
|teamsize|p1|6
|teamsize|p2|6
|gen|8
|tier|[Gen 8] PU
|rated|
|rule|Sleep Clause Mod: Limit one foe put to sleep
|rule|Species Clause: Limit one of each Pokémon
|rule|OHKO Clause: OHKO moves are banned
|rule|Evasion Moves Clause: Evasion moves are banned
|rule|Endless Battle Clause: Forcing endless battles is banned
|rule|HP Percentage Mod: HP is shown in percentages
|rule|Dynamax Clause: You cannot dynamax
|clearpoke
|poke|p1|Clefairy, F|
|poke|p1|Froslass, F|
|poke|p1|Tsareena, F|
|poke|p1|Stunfisk, M|
|poke|p1|Runerigus, M|
|poke|p1|Magmortar, F|
|poke|p2|Charizard, F|
|poke|p2|Scrafty, M|
|poke|p2|Gigalith, M|
|poke|p2|Weezing, M|
|poke|p2|Lurantis, F|
|poke|p2|Poliwrath, F|
|teampreview
|
|t:|1627090658
|start
|switch|p1a: Runerigus|Runerigus, M|100/100
|switch|p2a: Lurantis|Lurantis, F|100/100
|turn|1
|
|t:|1627090665
|move|p2a: Lurantis|Leaf Storm|p1a: Runerigus
|-supereffective|p1a: Runerigus
|-crit|p1a: Runerigus
|-damage|p1a: Runerigus|18/100
|-boost|p2a: Lurantis|spa|2
|move|p1a: Runerigus|Toxic Spikes|p2a: Lurantis
|-sidestart|p2: pult61awl|move: Toxic Spikes
|
|upkeep
|turn|2
|
|t:|1627090672
|move|p2a: Lurantis|Defog|p1a: Runerigus
|-unboost|p1a: Runerigus|evasion|1
|-sideend|p2: pult61awl|Toxic Spikes|[from] move: Defog|[of] p2a: Lurantis
|move|p1a: Runerigus|Toxic Spikes|p2a: Lurantis
|-sidestart|p2: pult61awl|move: Toxic Spikes
|
|upkeep
|turn|3
|
|t:|1627090676
|move|p2a: Lurantis|Defog|p1a: Runerigus
|-unboost|p1a: Runerigus|evasion|1
|-sideend|p2: pult61awl|Toxic Spikes|[from] move: Defog|[of] p2a: Lurantis
|move|p1a: Runerigus|Toxic Spikes|p2a: Lurantis
|-sidestart|p2: pult61awl|move: Toxic Spikes
|
|upkeep
|turn|4
|
|t:|1627090679
|move|p2a: Lurantis|Knock Off|p1a: Runerigus
|-supereffective|p1a: Runerigus
|-damage|p1a: Runerigus|0 fnt
|-activate|p1a: Runerigus|ability: Wandering Spirit|Contrary|Wandering Spirit|[of] p2a: Lurantis
|-enditem|p1a: Runerigus|Mental Herb|[from] move: Knock Off|[of] p2a: Lurantis
|faint|p1a: Runerigus
|
|upkeep
|
|t:|1627090681
|switch|p1a: Froslass|Froslass, F|100/100
|turn|5
|
|t:|1627090687
|switch|p2a: Weezing|Weezing, M|100/100
|-ability|p2a: Weezing|Neutralizing Gas
|-sideend|p2: pult61awl|move: Toxic Spikes|[of] p2a: Weezing
|move|p1a: Froslass|Ice Punch|p2a: Weezing
|-damage|p2a: Weezing|72/100
|
|-heal|p2a: Weezing|78/100|[from] item: Black Sludge
|upkeep
|turn|6
|
|t:|1627090698
|switch|p1a: Magmortar|Magmortar, F|100/100
|move|p2a: Weezing|Toxic Spikes|p1a: Magmortar
|-sidestart|p1: whitebunni|move: Toxic Spikes
|
|-heal|p2a: Weezing|84/100|[from] item: Black Sludge
|upkeep
|turn|7
|
|t:|1627090702
|-end|p2a: Weezing|ability: Neutralizing Gas
|switch|p2a: Gigalith|Gigalith, M|100/100
|-weather|Sandstorm|[from] ability: Sand Stream|[of] p2a: Gigalith
|move|p1a: Magmortar|Scorching Sands|p2a: Gigalith
|-supereffective|p2a: Gigalith
|-damage|p2a: Gigalith|63/100
|
|-weather|Sandstorm|[upkeep]
|-damage|p1a: Magmortar|94/100|[from] Sandstorm
|-heal|p2a: Gigalith|69/100|[from] item: Leftovers
|upkeep
|turn|8
|
|t:|1627090714
|switch|p1a: Tsareena|Tsareena, F|100/100
|move|p2a: Gigalith|Rock Blast|p1a: Tsareena
|-damage|p1a: Tsareena|87/100
|-damage|p1a: Tsareena|73/100
|-hitcount|p1a: Tsareena|2
|
|-weather|Sandstorm|[upkeep]
|-damage|p1a: Tsareena|67/100|[from] Sandstorm
|-heal|p2a: Gigalith|75/100|[from] item: Leftovers
|upkeep
|turn|9
|
|t:|1627090723
|move|p2a: Gigalith|Protect|p2a: Gigalith
|-singleturn|p2a: Gigalith|Protect
|move|p1a: Tsareena|Rapid Spin|p2a: Gigalith
|-activate|p2a: Gigalith|move: Protect
|
|-weather|Sandstorm|[upkeep]
|-damage|p1a: Tsareena|61/100|[from] Sandstorm
|-heal|p2a: Gigalith|81/100|[from] item: Leftovers
|upkeep
|turn|10
|
|t:|1627090730
|switch|p2a: Weezing|Weezing, M|84/100
|-ability|p2a: Weezing|Neutralizing Gas
|move|p1a: Tsareena|Rapid Spin|p2a: Weezing
|-damage|p2a: Weezing|72/100
|-boost|p1a: Tsareena|spe|1
|-sideend|p1: whitebunni|Toxic Spikes|[from] move: Rapid Spin|[of] p1a: Tsareena
|
|-weather|Sandstorm|[upkeep]
|-damage|p1a: Tsareena|54/100|[from] Sandstorm
|-damage|p2a: Weezing|66/100|[from] Sandstorm
|-heal|p2a: Weezing|72/100|[from] item: Black Sludge
|upkeep
|turn|11
|
|t:|1627090739
|move|p1a: Tsareena|Triple Axel|p2a: Weezing
|-damage|p2a: Weezing|67/100
|-damage|p2a: Weezing|57/100
|-damage|p2a: Weezing|42/100
|-hitcount|p2a: Weezing|3
|move|p2a: Weezing|Toxic Spikes|p1a: Tsareena
|-sidestart|p1: whitebunni|move: Toxic Spikes
|
|-weather|none
|-heal|p2a: Weezing|48/100|[from] item: Black Sludge
|upkeep
|turn|12
|
|t:|1627090748
|move|p1a: Tsareena|Rapid Spin|p2a: Weezing
|-damage|p2a: Weezing|36/100
|-boost|p1a: Tsareena|spe|1
|-sideend|p1: whitebunni|Toxic Spikes|[from] move: Rapid Spin|[of] p1a: Tsareena
|move|p2a: Weezing|Sludge Bomb|p1a: Tsareena
|-supereffective|p1a: Tsareena
|-damage|p1a: Tsareena|0 fnt
|faint|p1a: Tsareena
|
|-heal|p2a: Weezing|42/100|[from] item: Black Sludge
|upkeep
|
|t:|1627090760
|switch|p1a: Froslass|Froslass, F|100/100
|turn|13
|
|t:|1627090766
|move|p1a: Froslass|Poltergeist|p2a: Weezing
|-activate|p2a: Weezing|move: Poltergeist|Black Sludge
|-damage|p2a: Weezing|0 fnt
|faint|p2a: Weezing
|-end|p2a: Weezing|ability: Neutralizing Gas
|
|upkeep
|
|t:|1627090773
|switch|p2a: Scrafty|Scrafty, M|100/100
|turn|14
|
|t:|1627090777
|switch|p1a: Annoying|Clefairy, F|100/100
|move|p2a: Scrafty|Knock Off|p1a: Annoying
|-resisted|p1a: Annoying
|-damage|p1a: Annoying|90/100
|-enditem|p1a: Annoying|Eviolite|[from] move: Knock Off|[of] p2a: Scrafty
|
|upkeep
|turn|15
|
|t:|1627090783
|switch|p2a: Lurantis|Lurantis, F|100/100
|move|p1a: Annoying|Moonblast|p2a: Lurantis
|-damage|p2a: Lurantis|79/100
|-boost|p2a: Lurantis|spa|1
|
|upkeep
|turn|16
|
|t:|1627090790
|switch|p1a: Magmortar|Magmortar, F|94/100
|move|p2a: Lurantis|Leaf Storm|p1a: Magmortar
|-resisted|p1a: Magmortar
|-damage|p1a: Magmortar|58/100
|-boost|p2a: Lurantis|spa|2
|
|upkeep
|turn|17
|
|t:|1627090797
|switch|p2a: Gigalith|Gigalith, M|81/100
|-weather|Sandstorm|[from] ability: Sand Stream|[of] p2a: Gigalith
|move|p1a: Magmortar|Overheat|p2a: Gigalith
|-resisted|p2a: Gigalith
|-damage|p2a: Gigalith|53/100
|-unboost|p1a: Magmortar|spa|2
|
|-weather|Sandstorm|[upkeep]
|-damage|p1a: Magmortar|52/100|[from] Sandstorm
|-heal|p2a: Gigalith|59/100|[from] item: Leftovers
|upkeep
|turn|18
|
|t:|1627090811
|switch|p1a: Stunfisk|Stunfisk, M|100/100
|move|p2a: Gigalith|Stealth Rock|p1a: Stunfisk
|-sidestart|p1: whitebunni|move: Stealth Rock
|
|-weather|Sandstorm|[upkeep]
|-heal|p2a: Gigalith|66/100|[from] item: Leftovers
|upkeep
|turn|19
|
|t:|1627090820
|switch|p2a: Lurantis|Lurantis, F|79/100
|move|p1a: Stunfisk|Earth Power|p2a: Lurantis
|-resisted|p2a: Lurantis
|-damage|p2a: Lurantis|65/100
|
|-weather|Sandstorm|[upkeep]
|-damage|p2a: Lurantis|59/100|[from] Sandstorm
|upkeep
|turn|20
|
|t:|1627090826
|move|p2a: Lurantis|Leaf Storm|p1a: Stunfisk
|-supereffective|p1a: Stunfisk
|-damage|p1a: Stunfisk|39/100
|-boost|p2a: Lurantis|spa|2
|move|p1a: Stunfisk|Sludge Bomb|p2a: Lurantis
|-supereffective|p2a: Lurantis
|-damage|p2a: Lurantis|23/100
|-status|p2a: Lurantis|psn
|
|-weather|Sandstorm|[upkeep]
|-damage|p2a: Lurantis|17/100 psn|[from] Sandstorm
|-heal|p1a: Stunfisk|45/100|[from] item: Leftovers
|-damage|p2a: Lurantis|5/100 psn|[from] psn
|upkeep
|turn|21
|
|t:|1627090842
|move|p1a: Stunfisk|Protect|p1a: Stunfisk
|-singleturn|p1a: Stunfisk|Protect
|move|p2a: Lurantis|Leaf Storm|p1a: Stunfisk
|-activate|p1a: Stunfisk|move: Protect
|
|-weather|none
|-heal|p1a: Stunfisk|51/100|[from] item: Leftovers
|-damage|p2a: Lurantis|0 fnt|[from] psn
|faint|p2a: Lurantis
|upkeep
|
|t:|1627090845
|switch|p2a: Poliwrath|Poliwrath, F|100/100
|turn|22
|
|t:|1627090848
|move|p2a: Poliwrath|Liquidation|p1a: Stunfisk
|-supereffective|p1a: Stunfisk
|-damage|p1a: Stunfisk|4/100
|-status|p2a: Poliwrath|par|[from] ability: Static|[of] p1a: Stunfisk
|move|p1a: Stunfisk|Discharge|p2a: Poliwrath
|-supereffective|p2a: Poliwrath
|-damage|p2a: Poliwrath|49/100 par
|
|-heal|p1a: Stunfisk|10/100|[from] item: Leftovers
|upkeep
|turn|23
|
|t:|1627090856
|move|p1a: Stunfisk|Protect|p1a: Stunfisk
|-singleturn|p1a: Stunfisk|Protect
|move|p2a: Poliwrath|Liquidation|p1a: Stunfisk
|-activate|p1a: Stunfisk|move: Protect
|
|-heal|p1a: Stunfisk|16/100|[from] item: Leftovers
|upkeep
|turn|24
|
|t:|1627090863
|move|p2a: Poliwrath|Liquidation|p1a: Stunfisk
|-supereffective|p1a: Stunfisk
|-damage|p1a: Stunfisk|0 fnt
|faint|p1a: Stunfisk
|
|upkeep
|
|t:|1627090875
|switch|p1a: Froslass|Froslass, F|100/100
|-damage|p1a: Froslass|76/100|[from] Stealth Rock
|turn|25
|
|t:|1627090880
|move|p1a: Froslass|Poltergeist|p2a: Poliwrath
|-activate|p2a: Poliwrath|move: Poltergeist|Choice Scarf
|-damage|p2a: Poliwrath|0 fnt
|faint|p2a: Poliwrath
|
|upkeep
|
|t:|1627090884
|switch|p2a: Gigalith|Gigalith, M|66/100
|-weather|Sandstorm|[from] ability: Sand Stream|[of] p2a: Gigalith
|turn|26
|
|t:|1627090887
|move|p1a: Froslass|Poltergeist|p2a: Gigalith
|-activate|p2a: Gigalith|move: Poltergeist|Leftovers
|-damage|p2a: Gigalith|24/100
|move|p2a: Gigalith|Rock Blast|p1a: Froslass
|-supereffective|p1a: Froslass
|-damage|p1a: Froslass|39/100
|-start|p2a: Gigalith|Disable|Rock Blast|[from] ability: Cursed Body|[of] p1a: Froslass
|-supereffective|p1a: Froslass
|-damage|p1a: Froslass|4/100
|-hitcount|p1a: Froslass|2
|
|-weather|Sandstorm|[upkeep]
|-damage|p1a: Froslass|0 fnt|[from] Sandstorm
|faint|p1a: Froslass
|-heal|p2a: Gigalith|30/100|[from] item: Leftovers
|upkeep
|
|t:|1627090897
|switch|p1a: Annoying|Clefairy, F|90/100
|turn|27
|
|t:|1627090902
|switch|p2a: Charizard|Charizard, F|100/100
|move|p1a: Annoying|Cosmic Power|p1a: Annoying
|-boost|p1a: Annoying|def|1
|-boost|p1a: Annoying|spd|1
|
|-weather|Sandstorm|[upkeep]
|-damage|p2a: Charizard|94/100|[from] Sandstorm
|upkeep
|turn|28
|
|t:|1627090911
|move|p2a: Charizard|Hurricane|p1a: Annoying
|-damage|p1a: Annoying|40/100
|move|p1a: Annoying|Soft-Boiled|p1a: Annoying
|-heal|p1a: Annoying|90/100
|
|-weather|Sandstorm|[upkeep]
|-damage|p2a: Charizard|88/100|[from] Sandstorm
|upkeep
|turn|29
|
|t:|1627090917
|move|p2a: Charizard|Flamethrower|p1a: Annoying
|-damage|p1a: Annoying|51/100
|move|p1a: Annoying|Soft-Boiled|p1a: Annoying
|-heal|p1a: Annoying|100/100
|
|-weather|Sandstorm|[upkeep]
|-damage|p2a: Charizard|82/100|[from] Sandstorm
|upkeep
|turn|30
|
|t:|1627090921
|move|p2a: Charizard|Flamethrower|p1a: Annoying
|-damage|p1a: Annoying|64/100
|move|p1a: Annoying|Cosmic Power|p1a: Annoying
|-boost|p1a: Annoying|def|1
|-boost|p1a: Annoying|spd|1
|
|-weather|none
|upkeep
|turn|31
|
|t:|1627090925
|move|p2a: Charizard|Flamethrower|p1a: Annoying
|-damage|p1a: Annoying|33/100
|move|p1a: Annoying|Soft-Boiled|p1a: Annoying
|-heal|p1a: Annoying|83/100
|
|upkeep
|turn|32
|
|t:|1627090929
|move|p2a: Charizard|Flamethrower|p1a: Annoying
|-damage|p1a: Annoying|53/100
|move|p1a: Annoying|Soft-Boiled|p1a: Annoying
|-heal|p1a: Annoying|100/100
|
|upkeep
|turn|33
|
|t:|1627090932
|move|p2a: Charizard|Flamethrower|p1a: Annoying
|-damage|p1a: Annoying|73/100
|move|p1a: Annoying|Cosmic Power|p1a: Annoying
|-boost|p1a: Annoying|def|1
|-boost|p1a: Annoying|spd|1
|
|upkeep
|turn|34
|
|t:|1627090935
|move|p2a: Charizard|Flamethrower|p1a: Annoying
|-damage|p1a: Annoying|51/100
|move|p1a: Annoying|Soft-Boiled|p1a: Annoying
|-heal|p1a: Annoying|100/100
|
|upkeep
|turn|35
|
|t:|1627090940
|move|p2a: Charizard|Flamethrower|p1a: Annoying
|-damage|p1a: Annoying|76/100
|move|p1a: Annoying|Cosmic Power|p1a: Annoying
|-boost|p1a: Annoying|def|1
|-boost|p1a: Annoying|spd|1
|
|upkeep
|turn|36
|
|t:|1627090943
|move|p2a: Charizard|Flamethrower|p1a: Annoying
|-damage|p1a: Annoying|56/100
|move|p1a: Annoying|Soft-Boiled|p1a: Annoying
|-heal|p1a: Annoying|100/100
|
|upkeep
|turn|37
|
|t:|1627090947
|move|p2a: Charizard|Flamethrower|p1a: Annoying
|-damage|p1a: Annoying|82/100
|move|p1a: Annoying|Meteor Beam||[still]
|-prepare|p1a: Annoying|Meteor Beam
|-boost|p1a: Annoying|spa|1
|
|upkeep
|turn|38
|
|t:|1627090950
|move|p2a: Charizard|Flamethrower|p1a: Annoying
|-damage|p1a: Annoying|61/100
|move|p1a: Annoying|Meteor Beam|p2a: Charizard|[from]lockedmove
|-supereffective|p2a: Charizard
|-damage|p2a: Charizard|0 fnt
|faint|p2a: Charizard
|
|upkeep
|
|t:|1627090966
|switch|p2a: Gigalith|Gigalith, M|30/100
|-weather|Sandstorm|[from] ability: Sand Stream|[of] p2a: Gigalith
|turn|39
|
|t:|1627090969
|move|p1a: Annoying|Soft-Boiled|p1a: Annoying
|-heal|p1a: Annoying|100/100
|move|p2a: Gigalith|Rock Blast|p1a: Annoying
|-damage|p1a: Annoying|95/100
|-damage|p1a: Annoying|91/100
|-damage|p1a: Annoying|86/100
|-damage|p1a: Annoying|82/100
|-hitcount|p1a: Annoying|4
|
|-weather|Sandstorm|[upkeep]
|-heal|p2a: Gigalith|36/100|[from] item: Leftovers
|upkeep
|turn|40
|
|t:|1627090972
|move|p1a: Annoying|Moonblast|p2a: Gigalith
|-damage|p2a: Gigalith|21/100
|move|p2a: Gigalith|Rock Blast|p1a: Annoying|[miss]
|-miss|p2a: Gigalith|p1a: Annoying
|
|-weather|Sandstorm|[upkeep]
|-heal|p2a: Gigalith|27/100|[from] item: Leftovers
|upkeep
|turn|41
|
|t:|1627090977
|move|p2a: Gigalith|Protect|p2a: Gigalith
|-singleturn|p2a: Gigalith|Protect
|move|p1a: Annoying|Moonblast|p2a: Gigalith
|-activate|p2a: Gigalith|move: Protect
|
|-weather|Sandstorm|[upkeep]
|-heal|p2a: Gigalith|33/100|[from] item: Leftovers
|upkeep
|turn|42
|
|t:|1627090982
|move|p1a: Annoying|Moonblast|p2a: Gigalith
|-damage|p2a: Gigalith|17/100
|-unboost|p2a: Gigalith|spa|1
|move|p2a: Gigalith|Rock Blast|p1a: Annoying
|-damage|p1a: Annoying|77/100
|-damage|p1a: Annoying|72/100
|-damage|p1a: Annoying|67/100
|-hitcount|p1a: Annoying|3
|
|-weather|Sandstorm|[upkeep]
|-heal|p2a: Gigalith|23/100|[from] item: Leftovers
|upkeep
|turn|43
|
|t:|1627090993
|move|p2a: Gigalith|Protect|p2a: Gigalith
|-singleturn|p2a: Gigalith|Protect
|move|p1a: Annoying|Meteor Beam||[still]
|-prepare|p1a: Annoying|Meteor Beam
|-boost|p1a: Annoying|spa|1
|
|-weather|none
|-heal|p2a: Gigalith|29/100|[from] item: Leftovers
|upkeep
|turn|44
|
|t:|1627090998
|move|p1a: Annoying|Meteor Beam|p2a: Gigalith|[from]lockedmove
|-damage|p2a: Gigalith|3/100
|move|p2a: Gigalith|Rock Blast|p1a: Annoying
|-damage|p1a: Annoying|63/100
|-damage|p1a: Annoying|58/100
|-damage|p1a: Annoying|54/100
|-hitcount|p1a: Annoying|3
|
|-heal|p2a: Gigalith|9/100|[from] item: Leftovers
|upkeep
|turn|45
|
|t:|1627091007
|move|p2a: Gigalith|Protect|p2a: Gigalith
|-singleturn|p2a: Gigalith|Protect
|move|p1a: Annoying|Soft-Boiled|p1a: Annoying
|-heal|p1a: Annoying|100/100
|
|-heal|p2a: Gigalith|15/100|[from] item: Leftovers
|upkeep
|turn|46
|
|t:|1627091011
|move|p1a: Annoying|Moonblast|p2a: Gigalith
|-damage|p2a: Gigalith|0 fnt
|faint|p2a: Gigalith
|
|upkeep
|
|t:|1627091013
|switch|p2a: Scrafty|Scrafty, M|100/100
|turn|47
|
|t:|1627091016
|move|p2a: Scrafty|Bulk Up|p2a: Scrafty
|-boost|p2a: Scrafty|atk|1
|-boost|p2a: Scrafty|def|1
|move|p1a: Annoying|Moonblast|p2a: Scrafty
|-supereffective|p2a: Scrafty
|-damage|p2a: Scrafty|0 fnt
|faint|p2a: Scrafty
|
|win|whitebunni
|raw|whitebunni's rating: 1263 &rarr; <strong>1307</strong><br />(+44 for winning)
|raw|pult61awl's rating: 1613 &rarr; <strong>1578</strong><br />(-35 for losing)
|c|☆whitebunni|gg
