|j|☆pathooblers
|j|☆Breakfastbiscuit
|t:|1616981477
|player|p1|pathooblers|bugcatcher|1446
|player|p2|Breakfastbiscuit|101|1320
|teamsize|p1|6
|teamsize|p2|6
|gametype|singles
|gen|8
|tier|[Gen 8] PU
|rated|
|clearpoke
|poke|p1|Accelgor, F|
|poke|p1|Heliolisk, M|
|poke|p1|Passimian, F|
|poke|p1|Corsola-Galar, F|
|poke|p1|Braviary, M|
|poke|p1|Sandaconda, F|
|poke|p2|Persian-Alola, F|
|poke|p2|Carracosta, F|
|poke|p2|Lanturn, M|
|poke|p2|Dugtrio-Alola, M|
|poke|p2|Rotom|
|poke|p2|Skuntank, M|
|rule|Sleep Clause Mod: Limit one foe put to sleep
|rule|Species Clause: Limit one of each Pokémon
|rule|OHKO Clause: OHKO moves are banned
|rule|Evasion Moves Clause: Evasion moves are banned
|rule|Endless Battle Clause: Forcing endless battles is banned
|rule|HP Percentage Mod: HP is shown in percentages
|rule|Dynamax Clause: You cannot dynamax
|teampreview
|
|t:|1616981496
|start
|switch|p1a: Accelgor|Accelgor, F, shiny|100/100
|switch|p2a: Lanturn|Lanturn, M|100/100
|turn|1
|
|t:|1616981503
|move|p1a: Accelgor|Spikes|p2a: Lanturn
|-sidestart|p2: Breakfastbiscuit|Spikes
|move|p2a: Lanturn|Scald|p1a: Accelgor
|-damage|p1a: Accelgor|71/100
|-status|p1a: Accelgor|brn
|
|-damage|p1a: Accelgor|65/100 brn|[from] brn
|upkeep
|turn|2
|
|t:|1616981514
|move|p1a: Accelgor|Spikes|p2a: Lanturn
|-sidestart|p2: Breakfastbiscuit|Spikes
|move|p2a: Lanturn|Scald|p1a: Accelgor
|-damage|p1a: Accelgor|33/100 brn
|
|-damage|p1a: Accelgor|27/100 brn|[from] brn
|upkeep
|turn|3
|
|t:|1616981519
|switch|p1a: Heliolisk|Heliolisk, M|100/100
|move|p2a: Lanturn|Scald|p1a: Heliolisk
|-immune|p1a: Heliolisk|[from] ability: Dry Skin
|
|upkeep
|turn|4
|
|t:|1616981523
|move|p2a: Lanturn|Protect|p2a: Lanturn
|-singleturn|p2a: Lanturn|Protect
|move|p1a: Heliolisk|Hyper Voice|p2a: Lanturn
|-activate|p2a: Lanturn|move: Protect
|
|upkeep
|turn|5
|
|t:|1616981534
|switch|p1a: Passimian|Passimian, F|100/100
|switch|p2a: Rotom|Rotom|100/100
|
|upkeep
|turn|6
|
|t:|1616981538
|switch|p2a: Persian|Persian-Alola, F|100/100
|-damage|p2a: Persian|84/100|[from] Spikes
|move|p1a: Passimian|Knock Off|p2a: Persian
|-resisted|p2a: Persian
|-damage|p2a: Persian|72/100
|-enditem|p2a: Persian|Leftovers|[from] move: Knock Off|[of] p1a: Passimian
|
|upkeep
|turn|7
|
|t:|1616981549
|switch|p1a: Braviary|Braviary, M|100/100
|move|p2a: Persian|U-turn|p1a: Braviary
|-resisted|p1a: Braviary
|-damage|p1a: Braviary|95/100
|
|t:|1616981563
|switch|p2a: Rotom|Rotom|100/100|[from]move: U-turn
|
|upkeep
|turn|8
|
|t:|1616981571
|switch|p1a: Passimian|Passimian, F|100/100
|move|p2a: Rotom|Thunderbolt|p1a: Passimian
|-damage|p1a: Passimian|47/100
|
|upkeep
|turn|9
|
|t:|1616981577
|switch|p2a: Persian|Persian-Alola, F|72/100
|-damage|p2a: Persian|56/100|[from] Spikes
|move|p1a: Passimian|U-turn|p2a: Persian
|-supereffective|p2a: Persian
|-damage|p2a: Persian|18/100
|
|t:|1616981588
|switch|p1a: Braviary|Braviary, M|95/100|[from]move: U-turn
|
|upkeep
|turn|10
|
|t:|1616981591
|move|p2a: Persian|Knock Off|p1a: Braviary
|-damage|p1a: Braviary|71/100
|-enditem|p1a: Braviary|Heavy-Duty Boots|[from] move: Knock Off|[of] p2a: Persian
|move|p1a: Braviary|U-turn|p2a: Persian
|-supereffective|p2a: Persian
|-damage|p2a: Persian|0 fnt
|faint|p2a: Persian
|
|t:|1616981598
|switch|p1a: Passimian|Passimian, F|47/100|[from]move: U-turn
|
|upkeep
|
|t:|1616981607
|switch|p2a: Lanturn|Lanturn, M|100/100
|-damage|p2a: Lanturn|84/100|[from] Spikes
|turn|11
|
|t:|1616981612
|move|p2a: Lanturn|Protect|p2a: Lanturn
|-singleturn|p2a: Lanturn|Protect
|move|p1a: Passimian|U-turn|p2a: Lanturn
|-activate|p2a: Lanturn|move: Protect
|
|-heal|p2a: Lanturn|90/100|[from] item: Leftovers
|upkeep
|turn|12
|
|t:|1616981619
|move|p1a: Passimian|U-turn|p2a: Lanturn
|-damage|p2a: Lanturn|59/100
|
|t:|1616981622
|switch|p1a: Heliolisk|Heliolisk, M|100/100|[from]move: U-turn
|move|p2a: Lanturn|Volt Switch|p1a: Heliolisk
|-resisted|p1a: Heliolisk
|-damage|p1a: Heliolisk|88/100
|
|t:|1616981630
|switch|p2a: Skuntank|Skuntank, M|100/100|[from]move: Volt Switch
|-damage|p2a: Skuntank|84/100|[from] Spikes
|
|-heal|p2a: Skuntank|90/100|[from] item: Black Sludge
|upkeep
|turn|13
|
|t:|1616981634
|switch|p2a: Lanturn|Lanturn, M|59/100
|-damage|p2a: Lanturn|42/100|[from] Spikes
|move|p1a: Heliolisk|Volt Switch|p2a: Lanturn
|-heal|p2a: Lanturn|67/100|[from] ability: Volt Absorb|[of] p1a: Heliolisk
|
|-heal|p2a: Lanturn|73/100|[from] item: Leftovers
|upkeep
|turn|14
|
|t:|1616981640
|switch|p1a: Accelgor|Accelgor, F, shiny|27/100 brn
|move|p2a: Lanturn|Volt Switch|p1a: Accelgor
|-damage|p1a: Accelgor|0 fnt
|faint|p1a: Accelgor
|
|t:|1616981647
|switch|p2a: Rotom|Rotom|100/100|[from]move: Volt Switch
|
|upkeep
|
|t:|1616981650
|switch|p1a: Passimian|Passimian, F|47/100
|turn|15
|
|t:|1616981663
|switch|p2a: Lanturn|Lanturn, M|73/100
|-damage|p2a: Lanturn|57/100|[from] Spikes
|move|p1a: Passimian|Knock Off|p2a: Lanturn
|-damage|p2a: Lanturn|12/100
|-enditem|p2a: Lanturn|Leftovers|[from] move: Knock Off|[of] p1a: Passimian
|
|upkeep
|turn|16
|
|t:|1616981674
|switch|p1a: Heliolisk|Heliolisk, M|88/100
|move|p2a: Lanturn|Scald|p1a: Heliolisk
|-heal|p1a: Heliolisk|100/100|[from] ability: Dry Skin|[of] p2a: Lanturn
|
|upkeep
|turn|17
|
|t:|1616981682
|move|p2a: Lanturn|Protect|p2a: Lanturn
|-singleturn|p2a: Lanturn|Protect
|move|p1a: Heliolisk|Surf|p2a: Lanturn
|-activate|p2a: Lanturn|move: Protect
|
|upkeep
|turn|18
|
|t:|1616981689
|move|p1a: Heliolisk|Surf|p2a: Lanturn
|-resisted|p2a: Lanturn
|-damage|p2a: Lanturn|0 fnt
|faint|p2a: Lanturn
|
|upkeep
|
|t:|1616981694
|switch|p2a: Skuntank|Skuntank, M|90/100
|-damage|p2a: Skuntank|73/100|[from] Spikes
|turn|19
|
|t:|1616981704
|switch|p1a: Passimian|Passimian, F|47/100
|move|p2a: Skuntank|Defog|p1a: Passimian
|-unboost|p1a: Passimian|evasion|1
|-ability|p1a: Passimian|Defiant
|-boost|p1a: Passimian|atk|2
|-sideend|p2: Breakfastbiscuit|Spikes|[from] move: Defog|[of] p2a: Skuntank
|
|-heal|p2a: Skuntank|79/100|[from] item: Black Sludge
|upkeep
|turn|20
|
|t:|1616981709
|move|p2a: Skuntank|Sucker Punch|p1a: Passimian
|-resisted|p1a: Passimian
|-damage|p1a: Passimian|30/100
|move|p1a: Passimian|Knock Off|p2a: Skuntank
|-resisted|p2a: Skuntank
|-damage|p2a: Skuntank|29/100
|-enditem|p2a: Skuntank|Black Sludge|[from] move: Knock Off|[of] p1a: Passimian
|
|upkeep
|turn|21
|
|t:|1616981727
|switch|p1a: Sandaconda|Sandaconda, F|100/100
|move|p2a: Skuntank|Sucker Punch||[still]
|-fail|p2a: Skuntank
|
|upkeep
|turn|22
|
|t:|1616981734
|switch|p2a: Rotom|Rotom|100/100
|switch|p1a: Passimian|Passimian, F|30/100
|
|upkeep
|turn|23
|
|t:|1616981738
|switch|p2a: Skuntank|Skuntank, M|29/100
|move|p1a: Passimian|Knock Off|p2a: Skuntank
|-resisted|p2a: Skuntank
|-damage|p2a: Skuntank|12/100
|
|upkeep
|turn|24
|
|t:|1616981754
|switch|p1a: Sandaconda|Sandaconda, F|100/100
|switch|p2a: Rotom|Rotom|100/100
|
|upkeep
|turn|25
|
|t:|1616981758
|switch|p1a: Heliolisk|Heliolisk, M|100/100
|move|p2a: Rotom|Substitute|p2a: Rotom
|-start|p2a: Rotom|Substitute
|-damage|p2a: Rotom|76/100
|
|upkeep
|turn|26
|
|t:|1616981764
|move|p1a: Heliolisk|Surf|p2a: Rotom
|-end|p2a: Rotom|Substitute
|move|p2a: Rotom|Thunderbolt|p1a: Heliolisk
|-resisted|p1a: Heliolisk
|-crit|p1a: Heliolisk
|-damage|p1a: Heliolisk|63/100
|
|upkeep
|turn|27
|
|t:|1616981797
|switch|p2a: Skuntank|Skuntank, M|12/100
|move|p1a: Heliolisk|Surf|p2a: Skuntank
|-damage|p2a: Skuntank|0 fnt
|faint|p2a: Skuntank
|
|upkeep
|
|t:|1616981800
|switch|p2a: Carracosta|Carracosta, F|100/100
|turn|28
|
|t:|1616981809
|move|p1a: Heliolisk|Surf|p2a: Carracosta
|-damage|p2a: Carracosta|29/100
|move|p2a: Carracosta|Shell Smash|p2a: Carracosta
|-unboost|p2a: Carracosta|def|1
|-unboost|p2a: Carracosta|spd|1
|-boost|p2a: Carracosta|atk|2
|-boost|p2a: Carracosta|spa|2
|-boost|p2a: Carracosta|spe|2
|
|upkeep
|turn|29
|
|t:|1616981820
|switch|p1a: Corsola|Corsola-Galar, F|100/100
|move|p2a: Carracosta|Stone Edge|p1a: Corsola
|-crit|p1a: Corsola
|-damage|p1a: Corsola|12/100
|
|upkeep
|turn|30
|
|t:|1616981829
|move|p2a: Carracosta|Liquidation|p1a: Corsola
|-damage|p1a: Corsola|0 fnt
|faint|p1a: Corsola
|
|upkeep
|
|t:|1616981837
|switch|p1a: Passimian|Passimian, F|30/100
|turn|31
|
|t:|1616981840
|switch|p1a: Heliolisk|Heliolisk, M|63/100
|move|p2a: Carracosta|Aqua Jet|p1a: Heliolisk
|-heal|p1a: Heliolisk|88/100|[from] ability: Dry Skin|[of] p2a: Carracosta
|
|upkeep
|turn|32
|
|t:|1616981847
|move|p2a: Carracosta|Stone Edge|p1a: Heliolisk
|-damage|p1a: Heliolisk|0 fnt
|faint|p1a: Heliolisk
|
|upkeep
|
|t:|1616981852
|switch|p1a: Passimian|Passimian, F|30/100
|turn|33
|
|t:|1616981855
|move|p2a: Carracosta|Aqua Jet|p1a: Passimian
|-damage|p1a: Passimian|0 fnt
|faint|p1a: Passimian
|
|upkeep
|c|☆pathooblers|gg
|-message|pathooblers forfeited.
|
|win|Breakfastbiscuit
|raw|pathooblers's rating: 1446 &rarr; <strong>1419</strong><br />(-27 for losing)
|raw|Breakfastbiscuit's rating: 1320 &rarr; <strong>1347</strong><br />(+27 for winning)
|l|☆pathooblers
