|j|☆allstarapology
|j|☆egalvanc
|player|p1|allstarapology|shelly|
|player|p2|egalvanc|supernerd|
|teamsize|p1|6
|teamsize|p2|6
|gametype|singles
|gen|8
|tier|[Gen 8] PU
|clearpoke
|poke|p1|Crustle, M|
|poke|p1|Pikachu, F|
|poke|p1|Lampent, M|
|poke|p1|Silvally-*|
|poke|p1|Falinks|
|poke|p1|Mr. Rime, F|
|poke|p2|Silvally-*|
|poke|p2|Vibrava, M|
|poke|p2|Stonjourner, M|
|poke|p2|Pyukumuku, M|
|poke|p2|Throh, M|
|poke|p2|Mr. Mime, M|
|rule|Sleep Clause Mod: Limit one foe put to sleep
|rule|Species Clause: Limit one of each Pokémon
|rule|OHKO Clause: OHKO moves are banned
|rule|Evasion Moves Clause: Evasion moves are banned
|rule|Endless Battle Clause: Forcing endless battles is banned
|rule|HP Percentage Mod: HP is shown in percentages
|rule|Dynamax Clause: You cannot dynamax
|teampreview
|c|☆allstarapology|hf
|j| Toy Time King
|c|☆egalvanc|u2
|j| uhuhuhu7
|j| UberSkitty❤
|j| zSpxdes
|
|start
|switch|p1a: Crustle|Crustle, M|100/100
|switch|p2a: Stonjourner|Stonjourner, M|100/100
|turn|1
|j| Axrtix
|j| tlenit1
|
|move|p2a: Stonjourner|Stealth Rock|p1a: Crustle
|-sidestart|p1: allstarapology|move: Stealth Rock
|move|p1a: Crustle|Knock Off|p2a: Stonjourner
|-damage|p2a: Stonjourner|79/100
|-enditem|p2a: Stonjourner|Choice Scarf|[from] move: Knock Off|[of] p1a: Crustle
|
|upkeep
|turn|2
|
|move|p2a: Stonjourner|Stone Edge|p1a: Crustle
|-supereffective|p1a: Crustle
|-enditem|p1a: Crustle|Focus Sash
|-damage|p1a: Crustle|1/100
|-ability|p1a: Crustle|Weak Armor|boost
|-unboost|p1a: Crustle|def|1
|-boost|p1a: Crustle|spe|2
|move|p1a: Crustle|Stealth Rock|p2a: Stonjourner
|-sidestart|p2: egalvanc|move: Stealth Rock
|
|upkeep
|turn|3
|j| Rave Dubin ☭
|j| Pearlshipping4ever
|j| piloswine gripado
|
|move|p1a: Crustle|Spikes|p2a: Stonjourner
|-sidestart|p2: egalvanc|Spikes
|move|p2a: Stonjourner|Heat Crash|p1a: Crustle
|-damage|p1a: Crustle|0 fnt
|faint|p1a: Crustle
|
|upkeep
|j|+2xTheTap
|
|switch|p1a: Silvally|Silvally-Grass|100/100
|-damage|p1a: Silvally|88/100|[from] Stealth Rock
|turn|4
|
|move|p1a: Silvally|Multi-Attack|p2a: Stonjourner
|-supereffective|p2a: Stonjourner
|-damage|p2a: Stonjourner|0 fnt
|faint|p2a: Stonjourner
|
|upkeep
|j|+tjay
|
|switch|p2a: Silvally|Silvally-Ice|100/100
|-damage|p2a: Silvally|88/100|[from] Spikes
|-damage|p2a: Silvally|63/100|[from] Stealth Rock
|turn|5
|
|switch|p1a: Lampent|Lampent, M|100/100
|-damage|p1a: Lampent|76/100|[from] Stealth Rock
|move|p2a: Silvally|Multi-Attack|p1a: Lampent
|-resisted|p1a: Lampent
|-damage|p1a: Lampent|25/100
|
|upkeep
|turn|6
|
|switch|p2a: Vibrava|Vibrava, M|100/100
|-damage|p2a: Vibrava|95/100|[from] Stealth Rock
|move|p1a: Lampent|Flamethrower|p2a: Vibrava
|-resisted|p2a: Vibrava
|-damage|p2a: Vibrava|80/100
|
|upkeep
|turn|7
|j| Sweat and spaghet
|
|switch|p1a: Falinks|Falinks|100/100
|-damage|p1a: Falinks|95/100|[from] Stealth Rock
|move|p2a: Vibrava|Defog|p1a: Falinks
|-unboost|p1a: Falinks|evasion|1
|-ability|p1a: Falinks|Defiant
|-boost|p1a: Falinks|atk|2
|-sideend|p1: allstarapology|Stealth Rock|[from] move: Defog|[of] p2a: Vibrava
|-sideend|p2: egalvanc|Spikes|[from] move: Defog|[of] p2a: Vibrava
|-sideend|p2: egalvanc|Stealth Rock|[from] move: Defog|[of] p2a: Vibrava
|
|upkeep
|turn|8
|
|switch|p1a: Lampent|Lampent, M|25/100
|switch|p2a: Pyukumuku|Pyukumuku, M|100/100
|
|upkeep
|turn|9
|
|switch|p2a: Vibrava|Vibrava, M|80/100
|move|p1a: Lampent|Trick|p2a: Vibrava
|-activate|p1a: Lampent|move: Trick|[of] p2a: Vibrava
|-item|p2a: Vibrava|Choice Scarf|[from] move: Trick
|-item|p1a: Lampent|Eviolite|[from] move: Trick
|
|upkeep
|turn|10
|
|move|p2a: Vibrava|Earth Power|p1a: Lampent
|-supereffective|p1a: Lampent
|-crit|p1a: Lampent
|-damage|p1a: Lampent|0 fnt
|faint|p1a: Lampent
|
|upkeep
|
|switch|p1a: Silvally|Silvally-Grass|88/100
|turn|11
|
|move|p1a: Silvally|Multi-Attack|p2a: Vibrava
|-damage|p2a: Vibrava|0 fnt
|faint|p2a: Vibrava
|
|upkeep
|j| julie uwu 3
|
|switch|p2a: Silvally|Silvally-Ice|63/100
|turn|12
|
|switch|p1a: Mr. Rime|Mr. Rime, F|100/100
|move|p2a: Silvally|Multi-Attack|p1a: Mr. Rime
|-resisted|p1a: Mr. Rime
|-damage|p1a: Mr. Rime|67/100
|
|upkeep
|turn|13
|
|move|p2a: Silvally|Rock Slide|p1a: Mr. Rime
|-supereffective|p1a: Mr. Rime
|-damage|p1a: Mr. Rime|8/100
|move|p1a: Mr. Rime|Psychic|p2a: Silvally
|-damage|p2a: Silvally|26/100
|
|upkeep
|turn|14
|j|+atomicllamas
|
|move|p2a: Silvally|Multi-Attack|p1a: Mr. Rime
|-resisted|p1a: Mr. Rime
|-damage|p1a: Mr. Rime|0 fnt
|faint|p1a: Mr. Rime
|
|upkeep
|
|switch|p1a: Pikachu|Pikachu, F|100/100
|turn|15
|
|move|p1a: Pikachu|Fake Out|p2a: Silvally
|-damage|p2a: Silvally|6/100
|cant|p2a: Silvally|flinch
|
|upkeep
|turn|16
|
|move|p1a: Pikachu|Extreme Speed|p2a: Silvally
|-damage|p2a: Silvally|0 fnt
|faint|p2a: Silvally
|
|upkeep
|
|switch|p2a: Mr. Mime|Mr. Mime, M|100/100
|turn|17
|j|+King Leo V
|
|move|p1a: Pikachu|Extreme Speed|p2a: Mr. Mime
|-damage|p2a: Mr. Mime|21/100
|move|p2a: Mr. Mime|Psyshock|p1a: Pikachu
|-damage|p1a: Pikachu|0 fnt
|faint|p1a: Pikachu
|
|upkeep
|
|switch|p1a: Silvally|Silvally-Grass|88/100
|turn|18
|
|move|p2a: Mr. Mime|Psyshock|p1a: Silvally
|-damage|p1a: Silvally|49/100
|move|p1a: Silvally|Multi-Attack|p2a: Mr. Mime
|-damage|p2a: Mr. Mime|0 fnt
|faint|p2a: Mr. Mime
|
|upkeep
|
|switch|p2a: Throh|Throh, M|100/100
|turn|19
|j| bagoftrixx
|
|switch|p1a: Falinks|Falinks|95/100
|move|p2a: Throh|Bulk Up|p2a: Throh
|-boost|p2a: Throh|atk|1
|-boost|p2a: Throh|def|1
|
|upkeep
|turn|20
|
|move|p1a: Falinks|Zen Headbutt|p2a: Throh
|-supereffective|p2a: Throh
|-damage|p2a: Throh|66/100
|-damage|p1a: Falinks|85/100|[from] item: Life Orb
|move|p2a: Throh|Bulk Up|p2a: Throh
|-boost|p2a: Throh|atk|1
|-boost|p2a: Throh|def|1
|
|-heal|p2a: Throh|73/100|[from] item: Leftovers
|upkeep
|turn|21
|
|move|p1a: Falinks|Zen Headbutt|p2a: Throh
|-supereffective|p2a: Throh
|-damage|p2a: Throh|43/100
|-damage|p1a: Falinks|75/100|[from] item: Life Orb
|cant|p2a: Throh|flinch
|
|-heal|p2a: Throh|49/100|[from] item: Leftovers
|upkeep
|turn|22
|
|move|p1a: Falinks|Zen Headbutt|p2a: Throh
|-supereffective|p2a: Throh
|-damage|p2a: Throh|22/100
|-damage|p1a: Falinks|65/100|[from] item: Life Orb
|cant|p2a: Throh|flinch
|
|-heal|p2a: Throh|28/100|[from] item: Leftovers
|upkeep
|turn|23
|j| UUH4 pattek
|
|move|p1a: Falinks|Close Combat|p2a: Throh
|-damage|p2a: Throh|0 fnt
|-unboost|p1a: Falinks|def|1
|-unboost|p1a: Falinks|spd|1
|-damage|p1a: Falinks|55/100|[from] item: Life Orb
|faint|p2a: Throh
|
|upkeep
|c|☆egalvanc|dude
|j| kseyor
|j| PhantomHurious
|c|+2xTheTap|lol
|c|☆egalvanc|i should have won this
|c| tlenit1|sawsbuck!
|
|switch|p2a: Pyukumuku|Pyukumuku, M|100/100
|turn|24
|l| piloswine gripado
|
|move|p1a: Falinks|Poison Jab|p2a: Pyukumuku
|-damage|p2a: Pyukumuku|80/100
|-status|p2a: Pyukumuku|psn
|-damage|p1a: Falinks|45/100|[from] item: Life Orb
|move|p2a: Pyukumuku|Block|p1a: Falinks
|-activate|p1a: Falinks|trapped
|
|-heal|p2a: Pyukumuku|86/100 psn|[from] item: Leftovers
|-damage|p2a: Pyukumuku|73/100 psn|[from] psn
|upkeep
|turn|25
|
|move|p1a: Falinks|Close Combat|p2a: Pyukumuku
|-damage|p2a: Pyukumuku|31/100 psn
|-unboost|p1a: Falinks|def|1
|-unboost|p1a: Falinks|spd|1
|-damage|p1a: Falinks|35/100|[from] item: Life Orb
|move|p2a: Pyukumuku|Recover|p2a: Pyukumuku
|-heal|p2a: Pyukumuku|81/100 psn
|
|-heal|p2a: Pyukumuku|87/100 psn|[from] item: Leftovers
|-damage|p2a: Pyukumuku|75/100 psn|[from] psn
|upkeep
|turn|26
|
|move|p1a: Falinks|Close Combat|p2a: Pyukumuku
|-damage|p2a: Pyukumuku|27/100 psn
|-unboost|p1a: Falinks|def|1
|-unboost|p1a: Falinks|spd|1
|-damage|p1a: Falinks|25/100|[from] item: Life Orb
|move|p2a: Pyukumuku|Recover|p2a: Pyukumuku
|-heal|p2a: Pyukumuku|77/100 psn
|
|-heal|p2a: Pyukumuku|83/100 psn|[from] item: Leftovers
|-damage|p2a: Pyukumuku|71/100 psn|[from] psn
|upkeep
|turn|27
|
|move|p1a: Falinks|Close Combat|p2a: Pyukumuku
|-damage|p2a: Pyukumuku|26/100 psn
|-unboost|p1a: Falinks|def|1
|-unboost|p1a: Falinks|spd|1
|-damage|p1a: Falinks|15/100|[from] item: Life Orb
|move|p2a: Pyukumuku|Recover|p2a: Pyukumuku
|-heal|p2a: Pyukumuku|76/100 psn
|
|-heal|p2a: Pyukumuku|82/100 psn|[from] item: Leftovers
|-damage|p2a: Pyukumuku|70/100 psn|[from] psn
|upkeep
|turn|28
|
|move|p1a: Falinks|Close Combat|p2a: Pyukumuku
|-damage|p2a: Pyukumuku|26/100 psn
|-unboost|p1a: Falinks|def|1
|-unboost|p1a: Falinks|spd|1
|-damage|p1a: Falinks|5/100|[from] item: Life Orb
|move|p2a: Pyukumuku|Rest|p2a: Pyukumuku
|-status|p2a: Pyukumuku|slp|[from] move: Rest
|-heal|p2a: Pyukumuku|100/100 slp|[silent]
|
|upkeep
|turn|29
|
|move|p1a: Falinks|Close Combat|p2a: Pyukumuku
|-damage|p2a: Pyukumuku|58/100 slp
|-unboost|p1a: Falinks|def|1
|-unboost|p1a: Falinks|spd|1
|-damage|p1a: Falinks|0 fnt|[from] item: Life Orb
|faint|p1a: Falinks
|cant|p2a: Pyukumuku|slp
|
|-heal|p2a: Pyukumuku|64/100 slp|[from] item: Leftovers
|upkeep
|
|switch|p1a: Silvally|Silvally-Grass|49/100
|turn|30
|c|☆egalvanc|dude
|c|☆egalvanc|this rly sucks
|c|☆egalvanc|ngl
|l| kseyor
|c|☆allstarapology|i'm sorry
|c|☆allstarapology|wack set
|
|move|p1a: Silvally|Multi-Attack|p2a: Pyukumuku
|-supereffective|p2a: Pyukumuku
|-damage|p2a: Pyukumuku|0 fnt
|faint|p2a: Pyukumuku
|
|win|allstarapology
|l| PhantomHurious
|c|☆allstarapology|ggs
|c|☆egalvanc|gg.,
