|j|☆Icebergcity
|j|☆thinking of chu
|t:|1628248190
|gametype|singles
|player|p1|Icebergcity|pryce|1276
|player|p2|thinking of chu|clown|1372
|teamsize|p1|6
|teamsize|p2|6
|gen|8
|tier|[Gen 8] PU
|rated|
|rule|Sleep Clause Mod: Limit one foe put to sleep
|rule|Species Clause: Limit one of each Pokémon
|rule|OHKO Clause: OHKO moves are banned
|rule|Evasion Moves Clause: Evasion moves are banned
|rule|Endless Battle Clause: Forcing endless battles is banned
|rule|HP Percentage Mod: HP is shown in percentages
|rule|Dynamax Clause: You cannot dynamax
|clearpoke
|poke|p1|Eiscue, M|
|poke|p1|Froslass, F|
|poke|p1|Avalugg, M|
|poke|p1|Frosmoth, F|
|poke|p1|Piloswine, M|
|poke|p1|Regice|
|poke|p2|Turtonator, F|
|poke|p2|Lunatone|
|poke|p2|Poliwrath, M|
|poke|p2|Silvally-*|
|poke|p2|Stunfisk-Galar, M|
|poke|p2|Shiinotic, M|
|teampreview
|inactive|Battle timer is ON: inactive players will automatically lose when time's up. (requested by Icebergcity)
|inactive|thinking of chu has 120 seconds left.
|inactive|thinking of chu has 90 seconds left.
|
|t:|1628248259
|start
|switch|p1a: Froslass|Froslass, F, shiny|100/100
|switch|p2a: Stunfisk|Stunfisk-Galar, M|100/100
|turn|1
|
|t:|1628248262
|move|p1a: Froslass|Trick|p2a: Stunfisk
|-activate|p1a: Froslass|move: Trick|[of] p2a: Stunfisk
|-item|p2a: Stunfisk|Choice Specs|[from] move: Trick
|-item|p1a: Froslass|Leftovers|[from] move: Trick
|move|p2a: Stunfisk|Stealth Rock|p1a: Froslass
|-sidestart|p1: Icebergcity|move: Stealth Rock
|
|upkeep
|turn|2
|
|t:|1628248271
|switch|p2a: Poliwrath|Poliwrath, M|100/100
|move|p1a: Froslass|Ice Beam|p2a: Poliwrath
|-resisted|p2a: Poliwrath
|-damage|p2a: Poliwrath|85/100
|
|-heal|p2a: Poliwrath|91/100|[from] item: Leftovers
|upkeep
|turn|3
|
|t:|1628248274
|move|p1a: Froslass|Thunderbolt|p2a: Poliwrath
|-supereffective|p2a: Poliwrath
|-damage|p2a: Poliwrath|46/100
|move|p2a: Poliwrath|Scald|p1a: Froslass
|-damage|p1a: Froslass|68/100
|
|-heal|p1a: Froslass|75/100|[from] item: Leftovers
|-heal|p2a: Poliwrath|53/100|[from] item: Leftovers
|upkeep
|turn|4
|
|t:|1628248283
|switch|p2a: Stunfisk|Stunfisk-Galar, M|100/100
|move|p1a: Froslass|Thunderbolt|p2a: Stunfisk
|-immune|p2a: Stunfisk
|
|-heal|p1a: Froslass|81/100|[from] item: Leftovers
|upkeep
|turn|5
|
|t:|1628248286
|move|p1a: Froslass|Ice Beam|p2a: Stunfisk
|-damage|p2a: Stunfisk|78/100
|move|p2a: Stunfisk|Earthquake|p1a: Froslass
|-damage|p1a: Froslass|33/100
|
|-heal|p1a: Froslass|39/100|[from] item: Leftovers
|upkeep
|turn|6
|
|t:|1628248300
|move|p1a: Froslass|Ice Beam|p2a: Stunfisk
|-damage|p2a: Stunfisk|56/100
|move|p2a: Stunfisk|Earthquake|p1a: Froslass
|-damage|p1a: Froslass|0 fnt
|-start|p2a: Stunfisk|Disable|Earthquake|[from] ability: Cursed Body|[of] p1a: Froslass
|faint|p1a: Froslass
|
|upkeep
|
|t:|1628248306
|switch|p1a: Frosmoth|Frosmoth, F, shiny|100/100
|turn|7
|
|t:|1628248313
|switch|p2a: Silvally|Silvally-Ghost|100/100
|move|p1a: Frosmoth|Quiver Dance|p1a: Frosmoth
|-boost|p1a: Frosmoth|spa|1
|-boost|p1a: Frosmoth|spd|1
|-boost|p1a: Frosmoth|spe|1
|
|upkeep
|turn|8
|
|t:|1628248322
|move|p1a: Frosmoth|Ice Beam|p2a: Silvally
|-damage|p2a: Silvally|43/100
|move|p2a: Silvally|Roar|p1a: Frosmoth
|drag|p1a: Avalugg|Avalugg, M, shiny|100/100
|-damage|p1a: Avalugg|76/100|[from] Stealth Rock
|
|upkeep
|turn|9
|
|t:|1628248328
|move|p2a: Silvally|Rest|p2a: Silvally
|-status|p2a: Silvally|slp|[from] move: Rest
|-heal|p2a: Silvally|100/100 slp|[silent]
|move|p1a: Avalugg|Recover|p1a: Avalugg
|-heal|p1a: Avalugg|100/100
|
|upkeep
|turn|10
|
|t:|1628248332
|cant|p2a: Silvally|slp
|move|p2a: Silvally|Sleep Talk|p2a: Silvally
|move|p2a: Silvally|Multi-Attack|p1a: Avalugg|[from]move: Sleep Talk
|-damage|p1a: Avalugg|84/100
|-damage|p2a: Silvally|84/100 slp|[from] item: Rocky Helmet|[of] p1a: Avalugg
|move|p1a: Avalugg|Avalanche|p2a: Silvally
|-damage|p2a: Silvally|53/100 slp
|
|upkeep
|turn|11
|
|t:|1628248339
|cant|p2a: Silvally|slp
|move|p1a: Avalugg|Avalanche|p2a: Silvally
|-damage|p2a: Silvally|37/100 slp
|
|upkeep
|turn|12
|
|t:|1628248343
|-curestatus|p2a: Silvally|slp|[msg]
|move|p2a: Silvally|Rest|p2a: Silvally
|-status|p2a: Silvally|slp|[from] move: Rest
|-heal|p2a: Silvally|100/100 slp|[silent]
|move|p1a: Avalugg|Recover|p1a: Avalugg
|-heal|p1a: Avalugg|100/100
|
|upkeep
|turn|13
|
|t:|1628248346
|cant|p2a: Silvally|slp
|move|p2a: Silvally|Sleep Talk|p2a: Silvally
|move|p2a: Silvally|Multi-Attack|p1a: Avalugg|[from]move: Sleep Talk
|-damage|p1a: Avalugg|84/100
|-damage|p2a: Silvally|84/100 slp|[from] item: Rocky Helmet|[of] p1a: Avalugg
|move|p1a: Avalugg|Avalanche|p2a: Silvally
|-damage|p2a: Silvally|52/100 slp
|
|upkeep
|turn|14
|
|t:|1628248349
|cant|p2a: Silvally|slp
|move|p1a: Avalugg|Avalanche|p2a: Silvally
|-damage|p2a: Silvally|37/100 slp
|
|upkeep
|turn|15
|
|t:|1628248350
|-curestatus|p2a: Silvally|slp|[msg]
|move|p2a: Silvally|Rest|p2a: Silvally
|-status|p2a: Silvally|slp|[from] move: Rest
|-heal|p2a: Silvally|100/100 slp|[silent]
|move|p1a: Avalugg|Avalanche|p2a: Silvally
|-damage|p2a: Silvally|83/100 slp
|
|upkeep
|turn|16
|
|t:|1628248352
|cant|p2a: Silvally|slp
|move|p2a: Silvally|Sleep Talk|p2a: Silvally
|move|p2a: Silvally|Roar|p1a: Avalugg|[from]move: Sleep Talk
|drag|p1a: Regice|Regice|100/100
|
|upkeep
|turn|17
|
|t:|1628248358
|cant|p2a: Silvally|slp
|move|p2a: Silvally|Sleep Talk|p2a: Silvally
|move|p2a: Silvally|Rest||[from]move: Sleep Talk|[still]
|-fail|p2a: Silvally
|move|p1a: Regice|Ice Beam|p2a: Silvally
|-damage|p2a: Silvally|57/100 slp
|
|upkeep
|turn|18
|
|t:|1628248360
|-curestatus|p2a: Silvally|slp|[msg]
|move|p2a: Silvally|Multi-Attack|p1a: Regice
|-damage|p1a: Regice|63/100
|move|p1a: Regice|Ice Beam|p2a: Silvally
|-damage|p2a: Silvally|30/100
|
|upkeep
|turn|19
|
|t:|1628248363
|move|p2a: Silvally|Rest|p2a: Silvally
|-status|p2a: Silvally|slp|[from] move: Rest
|-heal|p2a: Silvally|100/100 slp|[silent]
|move|p1a: Regice|Toxic||[still]
|-fail|p1a: Regice
|
|upkeep
|turn|20
|
|t:|1628248365
|cant|p2a: Silvally|slp
|move|p2a: Silvally|Sleep Talk|p2a: Silvally
|move|p2a: Silvally|Multi-Attack|p1a: Regice|[from]move: Sleep Talk
|-damage|p1a: Regice|23/100
|move|p1a: Regice|Ice Beam|p2a: Silvally
|-damage|p2a: Silvally|73/100 slp
|
|upkeep
|turn|21
|
|t:|1628248367
|cant|p2a: Silvally|slp
|move|p2a: Silvally|Sleep Talk|p2a: Silvally
|move|p2a: Silvally|Multi-Attack|p1a: Regice|[from]move: Sleep Talk
|-damage|p1a: Regice|0 fnt
|faint|p1a: Regice
|
|upkeep
|
|t:|1628248378
|switch|p1a: Eiscue|Eiscue, M, shiny|100/100
|-damage|p1a: Eiscue|75/100|[from] Stealth Rock
|turn|22
|
|t:|1628248381
|move|p1a: Eiscue|Belly Drum|p1a: Eiscue
|-damage|p1a: Eiscue|25/100
|-setboost|p1a: Eiscue|atk|6|[from] move: Belly Drum
|-enditem|p1a: Eiscue|Sitrus Berry|[eat]
|-heal|p1a: Eiscue|50/100|[from] item: Sitrus Berry
|-curestatus|p2a: Silvally|slp|[msg]
|move|p2a: Silvally|Roar|p1a: Eiscue
|drag|p1a: Avalugg|Avalugg, M, shiny|84/100
|-damage|p1a: Avalugg|59/100|[from] Stealth Rock
|
|upkeep
|turn|23
|
|t:|1628248388
|move|p1a: Avalugg|Avalanche|p2a: Silvally
|-damage|p2a: Silvally|58/100
|move|p2a: Silvally|Roar|p1a: Avalugg
|drag|p1a: Eiscue|Eiscue, M, shiny|50/100
|-damage|p1a: Eiscue|25/100|[from] Stealth Rock
|
|upkeep
|turn|24
|
|t:|1628248393
|move|p2a: Silvally|Rest|p2a: Silvally
|-status|p2a: Silvally|slp|[from] move: Rest
|-heal|p2a: Silvally|100/100 slp|[silent]
|move|p1a: Eiscue|Belly Drum||[still]
|-fail|p1a: Eiscue
|
|upkeep
|turn|25
|
|t:|1628248397
|cant|p2a: Silvally|slp
|move|p2a: Silvally|Sleep Talk|p2a: Silvally
|move|p2a: Silvally|Roar|p1a: Eiscue|[from]move: Sleep Talk
|drag|p1a: Piloswine|Piloswine, M, shiny|100/100
|-damage|p1a: Piloswine|88/100|[from] Stealth Rock
|
|upkeep
|turn|26
|
|t:|1628248403
|cant|p2a: Silvally|slp
|move|p2a: Silvally|Sleep Talk|p2a: Silvally
|move|p2a: Silvally|Multi-Attack|p1a: Piloswine|[from]move: Sleep Talk
|-damage|p1a: Piloswine|64/100
|move|p1a: Piloswine|Stealth Rock|p2a: Silvally
|-sidestart|p2: thinking of chu|move: Stealth Rock
|
|upkeep
|turn|27
|
|t:|1628248405
|-curestatus|p2a: Silvally|slp|[msg]
|move|p2a: Silvally|Multi-Attack|p1a: Piloswine
|-damage|p1a: Piloswine|40/100
|move|p1a: Piloswine|Earthquake|p2a: Silvally
|-damage|p2a: Silvally|74/100
|
|upkeep
|turn|28
|
|t:|1628248407
|move|p2a: Silvally|Multi-Attack|p1a: Piloswine
|-damage|p1a: Piloswine|15/100
|move|p1a: Piloswine|Earthquake|p2a: Silvally
|-damage|p2a: Silvally|51/100
|
|upkeep
|turn|29
|
|t:|1628248409
|move|p2a: Silvally|Rest|p2a: Silvally
|-status|p2a: Silvally|slp|[from] move: Rest
|-heal|p2a: Silvally|100/100 slp|[silent]
|move|p1a: Piloswine|Earthquake|p2a: Silvally
|-damage|p2a: Silvally|78/100 slp
|
|upkeep
|turn|30
|
|t:|1628248412
|cant|p2a: Silvally|slp
|move|p2a: Silvally|Sleep Talk|p2a: Silvally
|move|p2a: Silvally|Roar|p1a: Piloswine|[from]move: Sleep Talk
|drag|p1a: Avalugg|Avalugg, M, shiny|59/100
|-damage|p1a: Avalugg|35/100|[from] Stealth Rock
|
|upkeep
|turn|31
|
|t:|1628248415
|cant|p2a: Silvally|slp
|move|p2a: Silvally|Sleep Talk|p2a: Silvally
|move|p2a: Silvally|Roar|p1a: Avalugg|[from]move: Sleep Talk
|drag|p1a: Eiscue|Eiscue, M, shiny|25/100
|-damage|p1a: Eiscue|0 fnt|[from] Stealth Rock
|faint|p1a: Eiscue
|
|upkeep
|
|t:|1628248420
|switch|p1a: Frosmoth|Frosmoth, F, shiny|100/100
|turn|32
|
|t:|1628248422
|move|p1a: Frosmoth|Quiver Dance|p1a: Frosmoth
|-boost|p1a: Frosmoth|spa|1
|-boost|p1a: Frosmoth|spd|1
|-boost|p1a: Frosmoth|spe|1
|-curestatus|p2a: Silvally|slp|[msg]
|move|p2a: Silvally|Multi-Attack|p1a: Frosmoth
|-damage|p1a: Frosmoth|33/100
|
|upkeep
|turn|33
|
|t:|1628248424
|move|p1a: Frosmoth|Ice Beam|p2a: Silvally
|-damage|p2a: Silvally|22/100
|move|p2a: Silvally|Multi-Attack|p1a: Frosmoth
|-damage|p1a: Frosmoth|0 fnt
|faint|p1a: Frosmoth
|
|upkeep
|
|t:|1628248427
|switch|p1a: Avalugg|Avalugg, M, shiny|35/100
|-damage|p1a: Avalugg|10/100|[from] Stealth Rock
|turn|34
|
|t:|1628248431
|move|p2a: Silvally|Multi-Attack|p1a: Avalugg
|-damage|p1a: Avalugg|0 fnt
|-damage|p2a: Silvally|5/100|[from] item: Rocky Helmet|[of] p1a: Avalugg
|faint|p1a: Avalugg
|
|upkeep
|
|t:|1628248433
|switch|p1a: Piloswine|Piloswine, M, shiny|15/100
|-damage|p1a: Piloswine|2/100|[from] Stealth Rock
|turn|35
|
|t:|1628248435
|move|p2a: Silvally|Multi-Attack|p1a: Piloswine
|-damage|p1a: Piloswine|0 fnt
|faint|p1a: Piloswine
|
|win|thinking of chu
|raw|Icebergcity's rating: 1276 &rarr; <strong>1258</strong><br />(-18 for losing)
|raw|thinking of chu's rating: 1372 &rarr; <strong>1387</strong><br />(+15 for winning)
|c|☆thinking of chu|gg
|l|☆Icebergcity
