|j|☆Trainer Chappy
|j|☆Heracross2.0
|t:|1664557993
|gametype|singles
|player|p1|Trainer Chappy|170|
|player|p2|Heracross2.0|roxanne-gen6|
|teamsize|p1|6
|teamsize|p2|6
|gen|8
|tier|[Gen 8] PU
|rated|Tournament battle
|rule|Sleep Clause Mod: Limit one foe put to sleep
|rule|Species Clause: Limit one of each Pokémon
|rule|OHKO Clause: OHKO moves are banned
|rule|Evasion Items Clause: Evasion items are banned
|rule|Evasion Moves Clause: Evasion moves are banned
|rule|Endless Battle Clause: Forcing endless battles is banned
|rule|HP Percentage Mod: HP is shown in percentages
|rule|Dynamax Clause: You cannot dynamax
|clearpoke
|poke|p1|Klinklang|
|poke|p1|Qwilfish, M|
|poke|p1|Stunfisk, F|
|poke|p1|Rotom|
|poke|p1|Whimsicott, M|
|poke|p1|Scrafty, M|
|poke|p2|Mesprit|
|poke|p2|Coalossal, F|
|poke|p2|Thievul, M|
|poke|p2|Silvally-*|
|poke|p2|Thwackey, M|
|poke|p2|Hitmonlee, M|
|teampreview
|inactive|Battle timer is ON: inactive players will automatically lose when time's up. (requested by Heracross2.0)
|c|☆Heracross2.0|hf
|
|t:|1664558007
|start
|switch|p1a: Stunfisk|Stunfisk, F|100/100
|switch|p2a: the better player|Thwackey, M|100/100
|-fieldstart|move: Grassy Terrain|[from] ability: Grassy Surge|[of] p2a: the better player
|turn|1
|
|t:|1664558015
|move|p2a: the better player|Taunt|p1a: Stunfisk
|-start|p1a: Stunfisk|move: Taunt
|cant|p1a: Stunfisk|move: Taunt|Stealth Rock
|
|upkeep
|turn|2
|
|t:|1664558020
|move|p2a: the better player|Knock Off|p1a: Stunfisk
|-damage|p1a: Stunfisk|80/100
|-enditem|p1a: Stunfisk|Leftovers|[from] move: Knock Off|[of] p2a: the better player
|move|p1a: Stunfisk|Discharge|p2a: the better player
|-resisted|p2a: the better player
|-damage|p2a: the better player|78/100
|
|-heal|p2a: the better player|84/100|[from] Grassy Terrain
|-heal|p1a: Stunfisk|86/100|[from] Grassy Terrain
|upkeep
|turn|3
|
|t:|1664558043
|switch|p1a: Rotom|Rotom|100/100
|move|p2a: the better player|Grassy Glide|p1a: Rotom
|-crit|p1a: Rotom
|-damage|p1a: Rotom|10/100
|
|-heal|p2a: the better player|90/100|[from] Grassy Terrain
|upkeep
|turn|4
|c|☆Trainer Chappy|gghf
|
|t:|1664558064
|move|p2a: the better player|Grassy Glide|p1a: Rotom
|-damage|p1a: Rotom|0 fnt
|faint|p1a: Rotom
|
|-heal|p2a: the better player|96/100|[from] Grassy Terrain
|upkeep
|inactive|Trainer Chappy has 120 seconds left.
|
|t:|1664558079
|switch|p1a: Whimsicott|Whimsicott, M|100/100
|turn|5
|
|t:|1664558086
|move|p1a: Whimsicott|Knock Off|p2a: the better player
|-damage|p2a: the better player|75/100
|-enditem|p2a: the better player|Terrain Extender|[from] move: Knock Off|[of] p1a: Whimsicott
|move|p2a: the better player|U-turn|p1a: Whimsicott
|-damage|p1a: Whimsicott|77/100
|
|t:|1664558102
|switch|p2a: skillful play|Coalossal, F|100/100|[from]move: U-turn
|
|-heal|p1a: Whimsicott|84/100|[from] Grassy Terrain
|upkeep
|turn|6
|j|+Haffling
|
|t:|1664558112
|move|p1a: Whimsicott|U-turn|p2a: skillful play
|-resisted|p2a: skillful play
|-damage|p2a: skillful play|97/100
|
|t:|1664558116
|switch|p1a: Stunfisk|Stunfisk, F|86/100|[from]move: U-turn
|move|p2a: skillful play|Flamethrower|p1a: Stunfisk
|-damage|p1a: Stunfisk|68/100
|
|-heal|p1a: Stunfisk|74/100|[from] Grassy Terrain
|-heal|p2a: skillful play|100/100|[from] Grassy Terrain
|upkeep
|turn|7
|
|t:|1664558125
|move|p1a: Stunfisk|Stealth Rock|p2a: skillful play
|-sidestart|p2: Heracross2.0|move: Stealth Rock
|move|p2a: skillful play|Stealth Rock|p1a: Stunfisk
|-sidestart|p1: Trainer Chappy|move: Stealth Rock
|
|-heal|p1a: Stunfisk|81/100|[from] Grassy Terrain
|upkeep
|turn|8
|
|t:|1664558132
|move|p1a: Stunfisk|Toxic|p2a: skillful play
|-status|p2a: skillful play|tox
|move|p2a: skillful play|Spikes|p1a: Stunfisk
|-sidestart|p1: Trainer Chappy|Spikes
|
|-heal|p1a: Stunfisk|87/100|[from] Grassy Terrain
|-damage|p2a: skillful play|94/100 tox|[from] psn
|-fieldend|move: Grassy Terrain
|upkeep
|turn|9
|
|t:|1664558142
|switch|p2a: the better player|Thwackey, M|75/100
|-damage|p2a: the better player|62/100|[from] Stealth Rock
|-fieldstart|move: Grassy Terrain|[from] ability: Grassy Surge|[of] p2a: the better player
|move|p1a: Stunfisk|Earth Power|p2a: the better player
|-resisted|p2a: the better player
|-damage|p2a: the better player|36/100
|
|-heal|p2a: the better player|42/100|[from] Grassy Terrain
|-heal|p1a: Stunfisk|93/100|[from] Grassy Terrain
|upkeep
|turn|10
|
|t:|1664558162
|switch|p1a: Whimsicott|Whimsicott, M|84/100
|move|p2a: the better player|U-turn|p1a: Whimsicott
|-damage|p1a: Whimsicott|61/100
|inactive|Heracross2.0 has 120 seconds left.
|
|t:|1664558196
|switch|p2a: skill issue|Silvally-Ghost|100/100|[from]move: U-turn
|-damage|p2a: skill issue|88/100|[from] Stealth Rock
|
|-heal|p1a: Whimsicott|67/100|[from] Grassy Terrain
|-heal|p2a: skill issue|94/100|[from] Grassy Terrain
|upkeep
|turn|11
|
|t:|1664558207
|move|p1a: Whimsicott|Knock Off|p2a: skill issue
|-supereffective|p2a: skill issue
|-damage|p2a: skill issue|72/100
|move|p2a: skill issue|Flame Charge|p1a: Whimsicott
|-supereffective|p1a: Whimsicott
|-damage|p1a: Whimsicott|36/100
|-boost|p2a: skill issue|spe|1
|
|-heal|p2a: skill issue|78/100|[from] Grassy Terrain
|-heal|p1a: Whimsicott|42/100|[from] Grassy Terrain
|upkeep
|turn|12
|
|t:|1664558219
|move|p2a: skill issue|Multi-Attack|p1a: Whimsicott
|-damage|p1a: Whimsicott|0 fnt
|faint|p1a: Whimsicott
|
|-heal|p2a: skill issue|84/100|[from] Grassy Terrain
|upkeep
|
|t:|1664558225
|switch|p1a: Stunfisk|Stunfisk, F|93/100
|-damage|p1a: Stunfisk|87/100|[from] Stealth Rock
|-damage|p1a: Stunfisk|74/100|[from] Spikes
|turn|13
|
|t:|1664558237
|move|p2a: skill issue|Swords Dance|p2a: skill issue
|-boost|p2a: skill issue|atk|2
|move|p1a: Stunfisk|Toxic|p2a: skill issue
|-status|p2a: skill issue|tox
|
|-heal|p2a: skill issue|91/100 tox|[from] Grassy Terrain
|-heal|p1a: Stunfisk|81/100|[from] Grassy Terrain
|-damage|p2a: skill issue|84/100 tox|[from] psn
|-fieldend|move: Grassy Terrain
|upkeep
|turn|14
|
|t:|1664558246
|move|p2a: skill issue|Multi-Attack|p1a: Stunfisk
|-damage|p1a: Stunfisk|0 fnt
|faint|p1a: Stunfisk
|
|-damage|p2a: skill issue|72/100 tox|[from] psn
|upkeep
|
|t:|1664558257
|switch|p1a: Scrafty|Scrafty, M|100/100
|-damage|p1a: Scrafty|95/100|[from] Stealth Rock
|-damage|p1a: Scrafty|82/100|[from] Spikes
|turn|15
|
|t:|1664558265
|move|p2a: skill issue|Explosion|p1a: Scrafty
|-damage|p1a: Scrafty|0 fnt
|faint|p2a: skill issue
|faint|p1a: Scrafty
|
|upkeep
|c|☆Trainer Chappy|bruh
|
|t:|1664558283
|switch|p2a: the better player|Thwackey, M|42/100
|switch|p1a: Klinklang|Klinklang|100/100
|-damage|p2a: the better player|29/100|[from] Stealth Rock
|-fieldstart|move: Grassy Terrain|[from] ability: Grassy Surge|[of] p2a: the better player
|-damage|p1a: Klinklang|95/100|[from] Stealth Rock
|-damage|p1a: Klinklang|82/100|[from] Spikes
|turn|16
|
|t:|1664558292
|move|p2a: the better player|U-turn|p1a: Klinklang
|-resisted|p1a: Klinklang
|-damage|p1a: Klinklang|72/100
|
|t:|1664558295
|switch|p2a: skillful play|Coalossal, F|94/100 tox|[from]move: U-turn
|move|p1a: Klinklang|Shift Gear|p1a: Klinklang
|-boost|p1a: Klinklang|spe|2
|-boost|p1a: Klinklang|atk|1
|
|-heal|p1a: Klinklang|78/100|[from] Grassy Terrain
|-heal|p1a: Klinklang|84/100|[from] item: Leftovers
|-heal|p2a: skillful play|100/100 tox|[from] Grassy Terrain
|-damage|p2a: skillful play|94/100 tox|[from] psn
|upkeep
|turn|17
|
|t:|1664558318
|move|p1a: Klinklang|Gear Grind|p2a: skillful play
|-damage|p2a: skillful play|72/100 tox
|-damage|p2a: skillful play|50/100 tox
|-hitcount|p2a: skillful play|2
|move|p2a: skillful play|Flamethrower|p1a: Klinklang
|-supereffective|p1a: Klinklang
|-damage|p1a: Klinklang|14/100
|
|-heal|p1a: Klinklang|20/100|[from] Grassy Terrain
|-heal|p1a: Klinklang|26/100|[from] item: Leftovers
|-heal|p2a: skillful play|57/100 tox|[from] Grassy Terrain
|-damage|p2a: skillful play|44/100 tox|[from] psn
|upkeep
|turn|18
|
|t:|1664558333
|move|p1a: Klinklang|Gear Grind|p2a: skillful play
|-damage|p2a: skillful play|20/100 tox
|-status|p1a: Klinklang|brn|[from] ability: Flame Body|[of] p2a: skillful play
|-damage|p2a: skillful play|8/100 tox
|-hitcount|p2a: skillful play|2
|move|p2a: skillful play|Flamethrower|p1a: Klinklang
|-supereffective|p1a: Klinklang
|-crit|p1a: Klinklang
|-damage|p1a: Klinklang|0 fnt
|faint|p1a: Klinklang
|
|-heal|p2a: skillful play|14/100 tox|[from] Grassy Terrain
|-damage|p2a: skillful play|0 fnt|[from] psn
|faint|p2a: skillful play
|upkeep
|c|☆Heracross2.0|gg
|
|t:|1664558346
|switch|p1a: Qwilfish|Qwilfish, M|100/100
|switch|p2a: ahh gottem ggs|Thievul, M|100/100
|-damage|p2a: ahh gottem ggs|88/100|[from] Stealth Rock
|-enditem|p2a: ahh gottem ggs|Grassy Seed
|-boost|p2a: ahh gottem ggs|def|1|[from] item: Grassy Seed
|-damage|p1a: Qwilfish|88/100|[from] Stealth Rock
|-damage|p1a: Qwilfish|75/100|[from] Spikes
|-ability|p1a: Qwilfish|Intimidate|boost
|-unboost|p2a: ahh gottem ggs|atk|1
|turn|19
|
|t:|1664558364
|move|p2a: ahh gottem ggs|Psychic|p1a: Qwilfish
|-supereffective|p1a: Qwilfish
|-damage|p1a: Qwilfish|22/100
|move|p1a: Qwilfish|Poison Jab|p2a: ahh gottem ggs
|-damage|p2a: ahh gottem ggs|52/100
|
|-heal|p2a: ahh gottem ggs|59/100|[from] Grassy Terrain
|-heal|p1a: Qwilfish|28/100|[from] Grassy Terrain
|-heal|p1a: Qwilfish|34/100|[from] item: Black Sludge
|upkeep
|turn|20
|
|t:|1664558374
|move|p2a: ahh gottem ggs|Psychic|p1a: Qwilfish
|-supereffective|p1a: Qwilfish
|-damage|p1a: Qwilfish|0 fnt
|faint|p1a: Qwilfish
|
|win|Heracross2.0
|n|☆Trainer Chappy|trainerchappy
|n|☆Heracross2.0|heracross20
|n| Haffling|haffling
