|j|☆Cilantro38
|j|☆Dr. Pronoun
|t:|1605921261
|player|p1|Cilantro38|aaron|
|player|p2|Dr. Pronoun|scientist-gen4dp|
|teamsize|p1|6
|teamsize|p2|6
|gametype|singles
|gen|8
|tier|[Gen 8] PU
|rated|Tournament battle
|clearpoke
|poke|p1|Altaria, F|
|poke|p1|Clefairy, F|
|poke|p1|Avalugg, M|
|poke|p1|Quagsire, M|
|poke|p1|Corsola-Galar, F|
|poke|p1|Ferroseed, F|
|poke|p2|Trevenant, M|
|poke|p2|Togedemaru, F|
|poke|p2|Rapidash, F|
|poke|p2|Golbat, F|
|poke|p2|Wishiwashi, F|
|poke|p2|Crustle, F|
|rule|Sleep Clause Mod: Limit one foe put to sleep
|rule|Species Clause: Limit one of each Pokémon
|rule|OHKO Clause: OHKO moves are banned
|rule|Evasion Moves Clause: Evasion moves are banned
|rule|Endless Battle Clause: Forcing endless battles is banned
|rule|HP Percentage Mod: HP is shown in percentages
|rule|Dynamax Clause: You cannot dynamax
|teampreview
|
|t:|1605921298
|start
|switch|p1a: Corsola|Corsola-Galar, F|100/100
|switch|p2a: Trevenant|Trevenant, M|100/100
|turn|1
|
|t:|1605921320
|move|p2a: Trevenant|Poltergeist|p1a: Corsola
|-activate|p1a: Corsola|move: Poltergeist|Eviolite
|-supereffective|p1a: Corsola
|-damage|p1a: Corsola|6/100
|-damage|p2a: Trevenant|91/100|[from] item: Life Orb
|move|p1a: Corsola|Stealth Rock|p2a: Trevenant
|-sidestart|p2: Dr. Pronoun|move: Stealth Rock
|
|upkeep
|turn|2
|j| LJ Rice
|
|t:|1605921331
|move|p2a: Trevenant|Poltergeist|p1a: Corsola
|-activate|p1a: Corsola|move: Poltergeist|Eviolite
|-supereffective|p1a: Corsola
|-damage|p1a: Corsola|0 fnt
|-start|p2a: Trevenant|Disable|Poltergeist|[from] ability: Cursed Body|[of] p1a: Corsola
|-damage|p2a: Trevenant|81/100|[from] item: Life Orb
|faint|p1a: Corsola
|
|upkeep
|
|t:|1605921348
|switch|p1a: Avalugg|Avalugg, M|100/100
|turn|3
|
|t:|1605921353
|switch|p2a: Wishiwashi|Wishiwashi, F|100/100
|-damage|p2a: Wishiwashi|88/100|[from] Stealth Rock
|-formechange|p2a: Wishiwashi|Wishiwashi-School||[from] ability: Schooling
|move|p1a: Avalugg|Avalanche|p2a: Wishiwashi
|-resisted|p2a: Wishiwashi
|-damage|p2a: Wishiwashi|80/100
|
|-heal|p2a: Wishiwashi|86/100|[from] item: Leftovers
|upkeep
|turn|4
|
|t:|1605921361
|move|p1a: Avalugg|Toxic|p2a: Wishiwashi
|-status|p2a: Wishiwashi|tox
|move|p2a: Wishiwashi|Scald|p1a: Avalugg
|-crit|p1a: Avalugg
|-damage|p1a: Avalugg|13/100
|
|-heal|p1a: Avalugg|19/100|[from] item: Leftovers
|-heal|p2a: Wishiwashi|92/100 tox|[from] item: Leftovers
|-damage|p2a: Wishiwashi|86/100 tox|[from] psn
|upkeep
|turn|5
|
|t:|1605921373
|switch|p1a: Ferroseed|Ferroseed, F|100/100
|move|p2a: Wishiwashi|Scald|p1a: Ferroseed
|-resisted|p1a: Ferroseed
|-damage|p1a: Ferroseed|85/100
|
|-heal|p2a: Wishiwashi|92/100 tox|[from] item: Leftovers
|-damage|p2a: Wishiwashi|80/100 tox|[from] psn
|upkeep
|turn|6
|j| Scum party㋛
|
|t:|1605921381
|switch|p2a: Golbat|Golbat, F|100/100
|-damage|p2a: Golbat|76/100|[from] Stealth Rock
|move|p1a: Ferroseed|Leech Seed|p2a: Golbat
|-start|p2a: Golbat|move: Leech Seed
|
|-damage|p2a: Golbat|63/100|[from] Leech Seed|[of] p1a: Ferroseed
|-heal|p1a: Ferroseed|99/100|[silent]
|upkeep
|turn|7
|
|t:|1605921390
|move|p1a: Ferroseed|Protect|p1a: Ferroseed
|-singleturn|p1a: Ferroseed|Protect
|move|p2a: Golbat|Defog|p1a: Ferroseed
|-activate|p1a: Ferroseed|move: Protect
|
|-damage|p2a: Golbat|51/100|[from] Leech Seed|[of] p1a: Ferroseed
|-heal|p1a: Ferroseed|100/100|[silent]
|upkeep
|turn|8
|
|t:|1605921397
|move|p2a: Golbat|Defog|p1a: Ferroseed
|-unboost|p1a: Ferroseed|evasion|1
|-sideend|p2: Dr. Pronoun|Stealth Rock|[from] move: Defog|[of] p2a: Golbat
|move|p1a: Ferroseed|Gyro Ball|p2a: Golbat
|-damage|p2a: Golbat|25/100
|
|-damage|p2a: Golbat|13/100|[from] Leech Seed|[of] p1a: Ferroseed
|upkeep
|turn|9
|
|t:|1605921405
|move|p2a: Golbat|Roost|p2a: Golbat
|-heal|p2a: Golbat|63/100
|-singleturn|p2a: Golbat|move: Roost
|move|p1a: Ferroseed|Gyro Ball|p2a: Golbat
|-damage|p2a: Golbat|35/100
|
|-damage|p2a: Golbat|22/100|[from] Leech Seed|[of] p1a: Ferroseed
|upkeep
|turn|10
|
|t:|1605921412
|move|p2a: Golbat|Roost|p2a: Golbat
|-heal|p2a: Golbat|72/100
|-singleturn|p2a: Golbat|move: Roost
|move|p1a: Ferroseed|Spikes|p2a: Golbat
|-sidestart|p2: Dr. Pronoun|Spikes
|
|-damage|p2a: Golbat|60/100|[from] Leech Seed|[of] p1a: Ferroseed
|upkeep
|turn|11
|
|t:|1605921422
|move|p2a: Golbat|Defog|p1a: Ferroseed
|-unboost|p1a: Ferroseed|evasion|1
|-sideend|p2: Dr. Pronoun|Spikes|[from] move: Defog|[of] p2a: Golbat
|move|p1a: Ferroseed|Gyro Ball|p2a: Golbat
|-damage|p2a: Golbat|33/100
|
|-damage|p2a: Golbat|20/100|[from] Leech Seed|[of] p1a: Ferroseed
|upkeep
|turn|12
|
|t:|1605921438
|switch|p2a: Rapidash|Rapidash, F|100/100
|switch|p1a: Clefairy|Clefairy, F|100/100
|
|upkeep
|turn|13
|
|t:|1605921451
|switch|p1a: Quagsire|Quagsire, M|100/100
|move|p2a: Rapidash|Flare Blitz|p1a: Quagsire
|-resisted|p1a: Quagsire
|-damage|p1a: Quagsire|83/100
|-damage|p2a: Rapidash|92/100|[from] Recoil
|
|-heal|p1a: Quagsire|89/100|[from] item: Leftovers
|upkeep
|turn|14
|
|t:|1605921461
|switch|p2a: Wishiwashi|Wishiwashi, F|80/100 tox
|-formechange|p2a: Wishiwashi|Wishiwashi-School||[from] ability: Schooling
|move|p1a: Quagsire|Toxic|p2a: Wishiwashi
|-fail|p2a: Wishiwashi|tox
|
|-heal|p1a: Quagsire|95/100|[from] item: Leftovers
|-heal|p2a: Wishiwashi|86/100 tox|[from] item: Leftovers
|-damage|p2a: Wishiwashi|80/100 tox|[from] psn
|upkeep
|turn|15
|j| JonAmon 25
|
|t:|1605921492
|switch|p1a: Ferroseed|Ferroseed, F|100/100
|move|p2a: Wishiwashi|U-turn|p1a: Ferroseed
|-damage|p1a: Ferroseed|88/100
|-damage|p2a: Wishiwashi|68/100 tox|[from] ability: Iron Barbs|[of] p1a: Ferroseed
|
|t:|1605921501
|switch|p2a: Rapidash|Rapidash, F|92/100|[from]move: U-turn
|
|upkeep
|turn|16
|j| brolio4
|
|t:|1605921513
|switch|p1a: Altaria|Altaria, F|100/100
|move|p2a: Rapidash|Will-O-Wisp|p1a: Altaria
|-status|p1a: Altaria|brn
|
|-damage|p1a: Altaria|94/100 brn|[from] brn
|upkeep
|turn|17
|
|t:|1605921519
|switch|p2a: Togedemaru|Togedemaru, F|100/100
|move|p1a: Altaria|Hurricane|p2a: Togedemaru
|-resisted|p2a: Togedemaru
|-damage|p2a: Togedemaru|87/100
|
|-heal|p2a: Togedemaru|93/100|[from] item: Leftovers
|-damage|p1a: Altaria|88/100 brn|[from] brn
|upkeep
|turn|18
|
|t:|1605921527
|move|p2a: Togedemaru|U-turn|p1a: Altaria
|-resisted|p1a: Altaria
|-damage|p1a: Altaria|80/100 brn
|
|t:|1605921531
|switch|p2a: Wishiwashi|Wishiwashi, F|68/100 tox|[from]move: U-turn
|-formechange|p2a: Wishiwashi|Wishiwashi-School||[from] ability: Schooling
|move|p1a: Altaria|Flamethrower|p2a: Wishiwashi
|-resisted|p2a: Wishiwashi
|-damage|p2a: Wishiwashi|57/100 tox
|
|-heal|p2a: Wishiwashi|63/100 tox|[from] item: Leftovers
|-damage|p1a: Altaria|74/100 brn|[from] brn
|-damage|p2a: Wishiwashi|57/100 tox|[from] psn
|upkeep
|turn|19
|
|t:|1605921536
|switch|p1a: Quagsire|Quagsire, M|95/100
|move|p2a: Wishiwashi|Rest|p2a: Wishiwashi
|-status|p2a: Wishiwashi|slp|[from] move: Rest
|-heal|p2a: Wishiwashi|100/100 slp|[silent]
|
|-heal|p1a: Quagsire|100/100|[from] item: Leftovers
|upkeep
|turn|20
|
|t:|1605921547
|move|p1a: Quagsire|Scald|p2a: Wishiwashi
|-resisted|p2a: Wishiwashi
|-damage|p2a: Wishiwashi|93/100 slp
|cant|p2a: Wishiwashi|slp
|move|p2a: Wishiwashi|Sleep Talk|p2a: Wishiwashi
|move|p2a: Wishiwashi|Rest|p2a: Wishiwashi|[from]move: Sleep Talk
|-fail|p2a: Wishiwashi
|
|-heal|p2a: Wishiwashi|99/100 slp|[from] item: Leftovers
|upkeep
|turn|21
|
|t:|1605921551
|switch|p1a: Clefairy|Clefairy, F|100/100
|cant|p2a: Wishiwashi|slp
|move|p2a: Wishiwashi|Sleep Talk|p2a: Wishiwashi
|move|p2a: Wishiwashi|Rest|p2a: Wishiwashi|[from]move: Sleep Talk
|-fail|p2a: Wishiwashi
|
|-heal|p2a: Wishiwashi|100/100 slp|[from] item: Leftovers
|upkeep
|turn|22
|
|t:|1605921555
|move|p1a: Clefairy|Cosmic Power|p1a: Clefairy
|-boost|p1a: Clefairy|def|1
|-boost|p1a: Clefairy|spd|1
|-curestatus|p2a: Wishiwashi|slp|[msg]
|move|p2a: Wishiwashi|U-turn|p1a: Clefairy
|-resisted|p1a: Clefairy
|-damage|p1a: Clefairy|92/100
|
|t:|1605921561
|switch|p2a: Golbat|Golbat, F|20/100|[from]move: U-turn
|
|upkeep
|turn|23
|l| JonAmon 25
|j| AllTerrainVen0moth
|l| AllTerrainVen0moth
|
|t:|1605921597
|switch|p1a: Altaria|Altaria, F|74/100
|move|p2a: Golbat|Taunt|p1a: Altaria
|-start|p1a: Altaria|move: Taunt
|
|upkeep
|turn|24
|
|t:|1605921603
|move|p2a: Golbat|Roost|p2a: Golbat
|-heal|p2a: Golbat|70/100
|-singleturn|p2a: Golbat|move: Roost
|move|p1a: Altaria|Hurricane|p2a: Golbat
|-damage|p2a: Golbat|49/100
|
|upkeep
|turn|25
|
|t:|1605921606
|move|p2a: Golbat|Roost|p2a: Golbat
|-heal|p2a: Golbat|99/100
|-singleturn|p2a: Golbat|move: Roost
|move|p1a: Altaria|Flamethrower|p2a: Golbat
|-crit|p2a: Golbat
|-damage|p2a: Golbat|78/100
|
|-end|p1a: Altaria|move: Taunt
|upkeep
|turn|26
|
|t:|1605921612
|switch|p2a: Wishiwashi|Wishiwashi, F|100/100
|-formechange|p2a: Wishiwashi|Wishiwashi-School||[from] ability: Schooling
|move|p1a: Altaria|Roost|p1a: Altaria
|-heal|p1a: Altaria|100/100
|-singleturn|p1a: Altaria|move: Roost
|
|upkeep
|turn|27
|
|t:|1605921616
|switch|p1a: Quagsire|Quagsire, M|100/100
|move|p2a: Wishiwashi|U-turn|p1a: Quagsire
|-damage|p1a: Quagsire|85/100
|
|t:|1605921625
|switch|p2a: Crustle|Crustle, F|100/100|[from]move: U-turn
|
|-heal|p1a: Quagsire|91/100|[from] item: Leftovers
|upkeep
|turn|28
|
|t:|1605921661
|move|p2a: Crustle|Stealth Rock|p1a: Quagsire
|-sidestart|p1: Cilantro38|move: Stealth Rock
|move|p1a: Quagsire|Toxic|p2a: Crustle
|-status|p2a: Crustle|tox
|
|-heal|p1a: Quagsire|97/100|[from] item: Leftovers
|-damage|p2a: Crustle|94/100 tox|[from] psn
|upkeep
|turn|29
|
|t:|1605921671
|move|p2a: Crustle|Solar Blade||[still]
|-prepare|p2a: Crustle|Solar Blade
|-enditem|p2a: Crustle|Power Herb
|-anim|p2a: Crustle|Solar Blade|p1a: Quagsire
|-supereffective|p1a: Quagsire
|-damage|p1a: Quagsire|0 fnt
|faint|p1a: Quagsire
|
|-damage|p2a: Crustle|82/100 tox|[from] psn
|upkeep
|c| Scum party㋛|holy shit
|
|t:|1605921679
|switch|p1a: Altaria|Altaria, F|100/100
|turn|30
|
|t:|1605921682
|move|p1a: Altaria|Hurricane|p2a: Crustle|[miss]
|-miss|p1a: Altaria|p2a: Crustle
|move|p2a: Crustle|Knock Off|p1a: Altaria
|-damage|p1a: Altaria|69/100
|-enditem|p1a: Altaria|Heavy-Duty Boots|[from] move: Knock Off|[of] p2a: Crustle
|
|-damage|p2a: Crustle|64/100 tox|[from] psn
|upkeep
|turn|31
|c| LJ Rice|:D
|
|t:|1605921692
|switch|p2a: Togedemaru|Togedemaru, F|93/100
|move|p1a: Altaria|Defog|p2a: Togedemaru
|-unboost|p2a: Togedemaru|evasion|1
|-sideend|p1: Cilantro38|Stealth Rock|[from] move: Defog|[of] p1a: Altaria
|
|-heal|p2a: Togedemaru|99/100|[from] item: Leftovers
|upkeep
|turn|32
|
|t:|1605921697
|switch|p1a: Ferroseed|Ferroseed, F|88/100
|move|p2a: Togedemaru|U-turn|p1a: Ferroseed
|-damage|p1a: Ferroseed|78/100
|-damage|p2a: Togedemaru|86/100|[from] ability: Iron Barbs|[of] p1a: Ferroseed
|
|t:|1605921708
|switch|p2a: Rapidash|Rapidash, F|92/100|[from]move: U-turn
|
|upkeep
|turn|33
|
|t:|1605921715
|switch|p1a: Clefairy|Clefairy, F|92/100
|move|p2a: Rapidash|Flare Blitz|p1a: Clefairy
|-damage|p1a: Clefairy|27/100
|-damage|p2a: Rapidash|65/100|[from] Recoil
|
|upkeep
|turn|34
|c|☆Cilantro38|Yeah I should've brought my balance team this is pretty boring
|c|☆Cilantro38|You win
|-message|Cilantro38 forfeited.
|
|win|Dr. Pronoun
