|raw|<div class="broadcast-blue"><strong>This battle is required to be public due to a player having a name starting with 'pult4t2'.</div>
|j|☆parent song
|j|☆PULT4T2 eifo
|t:|1661367808
|gametype|singles
|player|p1|parent song|waiter-gen4|1436
|player|p2|PULT4T2 eifo|102|1569
|teamsize|p1|6
|teamsize|p2|6
|gen|8
|tier|[Gen 8] PU
|rated|
|rule|Sleep Clause Mod: Limit one foe put to sleep
|rule|Species Clause: Limit one of each Pokémon
|rule|OHKO Clause: OHKO moves are banned
|rule|Evasion Items Clause: Evasion items are banned
|rule|Evasion Moves Clause: Evasion moves are banned
|rule|Endless Battle Clause: Forcing endless battles is banned
|rule|HP Percentage Mod: HP is shown in percentages
|rule|Dynamax Clause: You cannot dynamax
|clearpoke
|poke|p1|Scyther, F|
|poke|p1|Jolteon, F|
|poke|p1|Uxie|
|poke|p1|Ferroseed, M|
|poke|p1|Clefairy, M|
|poke|p1|Weezing, M|
|poke|p2|Quagsire, M|
|poke|p2|Aggron, F|
|poke|p2|Audino, M|
|poke|p2|Charizard, M|
|poke|p2|Weezing, M|
|poke|p2|Eldegoss, M|
|teampreview
|inactive|Battle timer is ON: inactive players will automatically lose when time's up. (requested by parent song)
|inactive|PULT4T2 eifo has 120 seconds left.
|
|t:|1661367878
|start
|switch|p1a: Weezing|Weezing, M|100/100
|switch|p2a: Audino|Audino, M|100/100
|turn|1
|
|t:|1661367893
|move|p1a: Weezing|Will-O-Wisp|p2a: Audino
|-status|p2a: Audino|brn
|move|p2a: Audino|Knock Off|p1a: Weezing
|-damage|p1a: Weezing|95/100
|-damage|p2a: Audino|84/100 brn|[from] item: Rocky Helmet|[of] p1a: Weezing
|-enditem|p1a: Weezing|Rocky Helmet|[from] move: Knock Off|[of] p2a: Audino
|
|-damage|p2a: Audino|78/100 brn|[from] brn
|upkeep
|turn|2
|
|t:|1661367919
|switch|p2a: Aggron|Aggron, F|100/100
|move|p1a: Weezing|Sludge Bomb|p2a: Aggron
|-immune|p2a: Aggron
|
|upkeep
|turn|3
|
|t:|1661367926
|move|p1a: Weezing|Taunt|p2a: Aggron
|-start|p2a: Aggron|move: Taunt
|cant|p2a: Aggron|move: Taunt|Stealth Rock
|
|upkeep
|turn|4
|j| ihavebestsandteam
|l| ihavebestsandteam
|inactive|PULT4T2 eifo has 120 seconds left.
|
|t:|1661367955
|switch|p2a: Charizard|Charizard, M|100/100
|move|p1a: Weezing|Sludge Bomb|p2a: Charizard
|-damage|p2a: Charizard|72/100
|
|upkeep
|turn|5
|
|t:|1661367959
|switch|p1a: Clefairy|Clefairy, M|100/100
|move|p2a: Charizard|Flamethrower|p1a: Clefairy
|-crit|p1a: Clefairy
|-damage|p1a: Clefairy|70/100
|
|upkeep
|turn|6
|inactive|PULT4T2 eifo has 120 seconds left.
|
|t:|1661367993
|switch|p2a: Aggron|Aggron, F|100/100
|move|p1a: Clefairy|Knock Off|p2a: Aggron
|-damage|p2a: Aggron|93/100
|-enditem|p2a: Aggron|Leftovers|[from] move: Knock Off|[of] p1a: Clefairy
|
|upkeep
|turn|7
|
|t:|1661368012
|switch|p1a: Ferroseed|Ferroseed, M|100/100
|move|p2a: Aggron|Stealth Rock|p1a: Ferroseed
|-sidestart|p1: parent song|move: Stealth Rock
|
|upkeep
|turn|8
|inactive|PULT4T2 eifo has 120 seconds left.
|inactive|PULT4T2 eifo has 90 seconds left.
|
|t:|1661368057
|move|p2a: Aggron|Body Press|p1a: Ferroseed
|-supereffective|p1a: Ferroseed
|-damage|p1a: Ferroseed|64/100
|-damage|p2a: Aggron|80/100|[from] ability: Iron Barbs|[of] p1a: Ferroseed
|move|p1a: Ferroseed|Spikes|p2a: Aggron
|-sidestart|p2: PULT4T2 eifo|Spikes
|
|upkeep
|turn|9
|
|t:|1661368065
|move|p2a: Aggron|Body Press|p1a: Ferroseed
|-supereffective|p1a: Ferroseed
|-damage|p1a: Ferroseed|29/100
|-damage|p2a: Aggron|68/100|[from] ability: Iron Barbs|[of] p1a: Ferroseed
|move|p1a: Ferroseed|Leech Seed|p2a: Aggron
|-start|p2a: Aggron|move: Leech Seed
|
|-damage|p2a: Aggron|55/100|[from] Leech Seed|[of] p1a: Ferroseed
|-heal|p1a: Ferroseed|43/100|[silent]
|upkeep
|turn|10
|j| mange tes tartines
|
|t:|1661368075
|switch|p2a: Eldegoss|Eldegoss, M|100/100
|move|p1a: Ferroseed|Gyro Ball|p2a: Eldegoss
|-damage|p2a: Eldegoss|87/100
|
|upkeep
|turn|11
|
|t:|1661368086
|move|p2a: Eldegoss|Rapid Spin|p1a: Ferroseed
|-resisted|p1a: Ferroseed
|-damage|p1a: Ferroseed|42/100
|-boost|p2a: Eldegoss|spe|1
|-damage|p2a: Eldegoss|74/100|[from] ability: Iron Barbs|[of] p1a: Ferroseed
|-sideend|p2: PULT4T2 eifo|Spikes|[from] move: Rapid Spin|[of] p2a: Eldegoss
|move|p1a: Ferroseed|Spikes|p2a: Eldegoss
|-sidestart|p2: PULT4T2 eifo|Spikes
|
|upkeep
|turn|12
|inactive|PULT4T2 eifo has 120 seconds left.
|
|t:|1661368096
|move|p2a: Eldegoss|Rapid Spin|p1a: Ferroseed
|-resisted|p1a: Ferroseed
|-damage|p1a: Ferroseed|40/100
|-boost|p2a: Eldegoss|spe|1
|-damage|p2a: Eldegoss|62/100|[from] ability: Iron Barbs|[of] p1a: Ferroseed
|-sideend|p2: PULT4T2 eifo|Spikes|[from] move: Rapid Spin|[of] p2a: Eldegoss
|move|p1a: Ferroseed|Leech Seed|p2a: Eldegoss
|-immune|p2a: Eldegoss
|
|upkeep
|turn|13
|inactive|PULT4T2 eifo has 120 seconds left.
|
|t:|1661368110
|switch|p2a: Charizard|Charizard, M|72/100
|move|p1a: Ferroseed|Leech Seed|p2a: Charizard
|-start|p2a: Charizard|move: Leech Seed
|
|-damage|p2a: Charizard|60/100|[from] Leech Seed|[of] p1a: Ferroseed
|-heal|p1a: Ferroseed|55/100|[silent]
|upkeep
|turn|14
|
|t:|1661368120
|switch|p2a: Eldegoss|Eldegoss, M|95/100
|switch|p1a: Clefairy|Clefairy, M|70/100
|
|upkeep
|turn|15
|
|t:|1661368127
|switch|p2a: Audino|Audino, M|100/100 brn
|move|p1a: Clefairy|Stealth Rock|p2a: Audino
|-sidestart|p2: PULT4T2 eifo|move: Stealth Rock
|
|-damage|p2a: Audino|94/100 brn|[from] brn
|upkeep
|turn|16
|
|t:|1661368133
|switch|p1a: Weezing|Weezing, M|95/100
|-damage|p1a: Weezing|82/100|[from] Stealth Rock
|move|p2a: Audino|Wish|p2a: Audino
|
|-damage|p2a: Audino|88/100 brn|[from] brn
|upkeep
|turn|17
|
|t:|1661368139
|switch|p2a: Aggron|Aggron, F|55/100
|-damage|p2a: Aggron|49/100|[from] Stealth Rock
|move|p1a: Weezing|Will-O-Wisp|p2a: Aggron
|-status|p2a: Aggron|brn
|
|-heal|p2a: Aggron|100/100 brn|[from] move: Wish|[wisher] Audino
|-damage|p2a: Aggron|94/100 brn|[from] brn
|upkeep
|turn|18
|
|t:|1661368168
|switch|p2a: Charizard|Charizard, M|60/100
|move|p1a: Weezing|Sludge Bomb|p2a: Charizard
|-damage|p2a: Charizard|31/100
|
|upkeep
|turn|19
|
|t:|1661368184
|switch|p1a: Jolteon|Jolteon, F|100/100
|move|p2a: Charizard|Roost|p2a: Charizard
|-heal|p2a: Charizard|82/100
|-singleturn|p2a: Charizard|move: Roost
|
|upkeep
|turn|20
|
|t:|1661368197
|switch|p2a: Audino|Audino, M|100/100 brn
|move|p1a: Jolteon|Shadow Ball|p2a: Audino
|-immune|p2a: Audino
|
|-damage|p2a: Audino|94/100 brn|[from] brn
|upkeep
|turn|21
|
|t:|1661368206
|switch|p1a: Weezing|Weezing, M|82/100
|-damage|p1a: Weezing|70/100|[from] Stealth Rock
|move|p2a: Audino|Knock Off|p1a: Weezing
|-damage|p1a: Weezing|66/100
|
|-damage|p2a: Audino|88/100 brn|[from] brn
|upkeep
|turn|22
|
|t:|1661368212
|move|p1a: Weezing|Sludge Bomb|p2a: Audino
|-damage|p2a: Audino|69/100 brn
|move|p2a: Audino|Wish|p2a: Audino
|
|-damage|p2a: Audino|63/100 brn|[from] brn
|upkeep
|turn|23
|
|t:|1661368223
|switch|p2a: Eldegoss|Eldegoss, M|100/100
|move|p1a: Weezing|Sludge Bomb|p2a: Eldegoss
|-supereffective|p2a: Eldegoss
|-damage|p2a: Eldegoss|49/100
|-status|p2a: Eldegoss|psn
|
|-heal|p2a: Eldegoss|100/100 psn|[from] move: Wish|[wisher] Audino
|-damage|p2a: Eldegoss|88/100 psn|[from] psn
|upkeep
|turn|24
|
|t:|1661368236
|move|p1a: Weezing|Taunt|p2a: Eldegoss
|-start|p2a: Eldegoss|move: Taunt
|cant|p2a: Eldegoss|move: Taunt|Aromatherapy
|
|-damage|p2a: Eldegoss|76/100 psn|[from] psn
|upkeep
|turn|25
|
|t:|1661368245
|switch|p2a: Audino|Audino, M|96/100 brn
|move|p1a: Weezing|Sludge Bomb|p2a: Audino
|-damage|p2a: Audino|78/100 brn
|
|-damage|p2a: Audino|72/100 brn|[from] brn
|upkeep
|turn|26
|
|t:|1661368253
|move|p2a: Audino|Protect|p2a: Audino
|-singleturn|p2a: Audino|Protect
|move|p1a: Weezing|Taunt|p2a: Audino
|-activate|p2a: Audino|move: Protect
|
|-damage|p2a: Audino|66/100 brn|[from] brn
|upkeep
|turn|27
|
|t:|1661368258
|switch|p2a: Charizard|Charizard, M|82/100
|move|p1a: Weezing|Sludge Bomb|p2a: Charizard
|-crit|p2a: Charizard
|-damage|p2a: Charizard|34/100
|
|upkeep
|turn|28
|
|t:|1661368267
|switch|p1a: Jolteon|Jolteon, F|100/100
|move|p2a: Charizard|Roost|p2a: Charizard
|-heal|p2a: Charizard|85/100
|-singleturn|p2a: Charizard|move: Roost
|
|upkeep
|turn|29
|
|t:|1661368273
|switch|p2a: Quagsire|Quagsire, M|100/100
|move|p1a: Jolteon|Volt Switch|p2a: Quagsire
|-immune|p2a: Quagsire
|
|upkeep
|turn|30
|
|t:|1661368283
|switch|p1a: Ferroseed|Ferroseed, M|55/100
|-damage|p1a: Ferroseed|49/100|[from] Stealth Rock
|switch|p2a: Eldegoss|Eldegoss, M|100/100 psn
|
|-damage|p2a: Eldegoss|88/100 psn|[from] psn
|upkeep
|turn|31
|
|t:|1661368292
|switch|p1a: Scyther|Scyther, F|100/100
|move|p2a: Eldegoss|Aromatherapy|p2a: Eldegoss
|-activate|p2a: Eldegoss|move: Aromatherapy
|-curestatus|p2a: Eldegoss|psn|[msg]
|-curestatus|p2: Aggron|brn|[msg]
|-curestatus|p2: Audino|brn|[msg]
|
|upkeep
|turn|32
|
|t:|1661368300
|switch|p2a: Aggron|Aggron, F|94/100
|-damage|p2a: Aggron|88/100|[from] Stealth Rock
|move|p1a: Scyther|Knock Off|p2a: Aggron
|-damage|p2a: Aggron|75/100
|
|upkeep
|turn|33
|
|t:|1661368306
|move|p1a: Scyther|U-turn|p2a: Aggron
|-resisted|p2a: Aggron
|-damage|p2a: Aggron|65/100
|
|t:|1661368309
|switch|p1a: Weezing|Weezing, M|66/100|[from]move: U-turn
|-damage|p1a: Weezing|54/100|[from] Stealth Rock
|move|p2a: Aggron|Roar|p1a: Weezing
|drag|p1a: Scyther|Scyther, F|100/100
|
|upkeep
|turn|34
|
|t:|1661368318
|switch|p2a: Audino|Audino, M|99/100
|move|p1a: Scyther|U-turn|p2a: Audino
|-damage|p2a: Audino|70/100
|
|t:|1661368329
|switch|p1a: Weezing|Weezing, M|54/100|[from]move: U-turn
|-damage|p1a: Weezing|42/100|[from] Stealth Rock
|
|upkeep
|turn|35
|
|t:|1661368345
|switch|p2a: Eldegoss|Eldegoss, M|100/100
|move|p1a: Weezing|Will-O-Wisp|p2a: Eldegoss
|-status|p2a: Eldegoss|brn
|
|-damage|p2a: Eldegoss|94/100 brn|[from] brn
|upkeep
|turn|36
|
|t:|1661368350
|move|p1a: Weezing|Taunt|p2a: Eldegoss
|-start|p2a: Eldegoss|move: Taunt
|move|p2a: Eldegoss|Rapid Spin|p1a: Weezing
|-damage|p1a: Weezing|39/100
|-boost|p2a: Eldegoss|spe|1
|-sideend|p2: PULT4T2 eifo|Stealth Rock|[from] move: Rapid Spin|[of] p2a: Eldegoss
|
|-damage|p2a: Eldegoss|88/100 brn|[from] brn
|upkeep
|turn|37
|
|t:|1661368370
|switch|p2a: Charizard|Charizard, M|85/100
|move|p1a: Weezing|Pain Split|p2a: Charizard
|-sethp|p2a: Charizard|60/100|[from] move: Pain Split|[silent]
|-sethp|p1a: Weezing|65/100|[from] move: Pain Split
|
|upkeep
|turn|38
|
|t:|1661368381
|switch|p1a: Clefairy|Clefairy, M|70/100
|move|p2a: Charizard|Flamethrower|p1a: Clefairy
|-damage|p1a: Clefairy|49/100
|
|upkeep
|turn|39
|
|t:|1661368388
|switch|p2a: Weezing|Weezing, M|100/100
|-ability|p2a: Weezing|Neutralizing Gas
|move|p1a: Clefairy|Soft-Boiled|p1a: Clefairy
|-heal|p1a: Clefairy|99/100
|
|upkeep
|turn|40
|inactive|PULT4T2 eifo has 120 seconds left.
|
|t:|1661368422
|-end|p2a: Weezing|ability: Neutralizing Gas
|switch|p2a: Audino|Audino, M|100/100
|move|p1a: Clefairy|Stealth Rock|p2a: Audino
|-sidestart|p2: PULT4T2 eifo|move: Stealth Rock
|
|upkeep
|turn|41
|
|t:|1661368440
|switch|p1a: Ferroseed|Ferroseed, M|49/100
|-damage|p1a: Ferroseed|43/100|[from] Stealth Rock
|move|p2a: Audino|Knock Off|p1a: Ferroseed
|-damage|p1a: Ferroseed|34/100
|-damage|p2a: Audino|88/100|[from] ability: Iron Barbs|[of] p1a: Ferroseed
|-enditem|p1a: Ferroseed|Eviolite|[from] move: Knock Off|[of] p2a: Audino
|
|upkeep
|turn|42
|
|t:|1661368452
|move|p2a: Audino|Knock Off|p1a: Ferroseed
|-damage|p1a: Ferroseed|25/100
|-damage|p2a: Audino|76/100|[from] ability: Iron Barbs|[of] p1a: Ferroseed
|move|p1a: Ferroseed|Spikes|p2a: Audino
|-sidestart|p2: PULT4T2 eifo|Spikes
|
|upkeep
|turn|43
|
|t:|1661368463
|switch|p2a: Eldegoss|Eldegoss, M|100/100 brn
|switch|p1a: Weezing|Weezing, M|65/100
|-damage|p1a: Weezing|53/100|[from] Stealth Rock
|
|-damage|p2a: Eldegoss|94/100 brn|[from] brn
|upkeep
|turn|44
|
|t:|1661368469
|move|p1a: Weezing|Sludge Bomb|p2a: Eldegoss
|-supereffective|p2a: Eldegoss
|-damage|p2a: Eldegoss|46/100 brn
|move|p2a: Eldegoss|Rapid Spin|p1a: Weezing
|-damage|p1a: Weezing|50/100
|-boost|p2a: Eldegoss|spe|1
|-sideend|p2: PULT4T2 eifo|Spikes|[from] move: Rapid Spin|[of] p2a: Eldegoss
|-sideend|p2: PULT4T2 eifo|Stealth Rock|[from] move: Rapid Spin|[of] p2a: Eldegoss
|
|-damage|p2a: Eldegoss|39/100 brn|[from] brn
|upkeep
|turn|45
|
|t:|1661368481
|switch|p2a: Charizard|Charizard, M|60/100
|switch|p1a: Clefairy|Clefairy, M|99/100
|
|upkeep
|turn|46
|
|t:|1661368486
|switch|p2a: Audino|Audino, M|100/100
|move|p1a: Clefairy|Stealth Rock|p2a: Audino
|-sidestart|p2: PULT4T2 eifo|move: Stealth Rock
|
|upkeep
|turn|47
|
|t:|1661368492
|switch|p1a: Ferroseed|Ferroseed, M|25/100
|-damage|p1a: Ferroseed|19/100|[from] Stealth Rock
|move|p2a: Audino|Wish|p2a: Audino
|
|upkeep
|turn|48
|
|t:|1661368498
|switch|p2a: Aggron|Aggron, F|65/100
|-damage|p2a: Aggron|59/100|[from] Stealth Rock
|move|p1a: Ferroseed|Rest|p1a: Ferroseed
|-status|p1a: Ferroseed|slp|[from] move: Rest
|-heal|p1a: Ferroseed|100/100 slp|[silent]
|
|-heal|p2a: Aggron|100/100|[from] move: Wish|[wisher] Audino
|upkeep
|turn|49
|
|t:|1661368519
|switch|p2a: Charizard|Charizard, M|60/100
|switch|p1a: Weezing|Weezing, M|50/100
|-damage|p1a: Weezing|38/100|[from] Stealth Rock
|
|upkeep
|turn|50
|
|t:|1661368536
|switch|p1a: Clefairy|Clefairy, M|99/100
|move|p2a: Charizard|Roost|p2a: Charizard
|-heal|p2a: Charizard|100/100
|-singleturn|p2a: Charizard|move: Roost
|
|upkeep
|turn|51
|
|t:|1661368553
|switch|p2a: Aggron|Aggron, F|100/100
|-damage|p2a: Aggron|94/100|[from] Stealth Rock
|switch|p1a: Jolteon|Jolteon, F|100/100
|
|upkeep
|turn|52
|
|t:|1661368570
|switch|p2a: Quagsire|Quagsire, M|100/100
|move|p1a: Jolteon|Heal Bell|p1a: Jolteon
|-activate|p1a: Jolteon|move: Heal Bell
|-curestatus|p1: Ferroseed|slp|[msg]
|
|upkeep
|turn|53
|
|t:|1661368592
|switch|p1a: Clefairy|Clefairy, M|99/100
|switch|p2a: Charizard|Charizard, M|100/100
|
|upkeep
|turn|54
|
|t:|1661368601
|switch|p2a: Aggron|Aggron, F|94/100
|-damage|p2a: Aggron|88/100|[from] Stealth Rock
|switch|p1a: Weezing|Weezing, M|38/100
|-damage|p1a: Weezing|26/100|[from] Stealth Rock
|
|upkeep
|turn|55
|
|t:|1661368618
|switch|p2a: Eldegoss|Eldegoss, M|73/100 brn
|move|p1a: Weezing|Pain Split|p2a: Eldegoss
|-sethp|p2a: Eldegoss|50/100 brn|[from] move: Pain Split|[silent]
|-sethp|p1a: Weezing|48/100|[from] move: Pain Split
|
|-damage|p2a: Eldegoss|43/100 brn|[from] brn
|upkeep
|turn|56
|
|t:|1661368623
|switch|p2a: Charizard|Charizard, M|100/100
|move|p1a: Weezing|Pain Split|p2a: Charizard
|-sethp|p2a: Charizard|73/100|[from] move: Pain Split|[silent]
|-sethp|p1a: Weezing|78/100|[from] move: Pain Split
|
|upkeep
|turn|57
|
|t:|1661368644
|switch|p2a: Eldegoss|Eldegoss, M|77/100 brn
|switch|p1a: Clefairy|Clefairy, M|99/100
|
|-damage|p2a: Eldegoss|71/100 brn|[from] brn
|upkeep
|turn|58
|inactive|PULT4T2 eifo has 120 seconds left.
|
|t:|1661368697
|switch|p2a: Audino|Audino, M|100/100
|move|p1a: Clefairy|Knock Off|p2a: Audino
|-damage|p2a: Audino|89/100
|-enditem|p2a: Audino|Heavy-Duty Boots|[from] move: Knock Off|[of] p1a: Clefairy
|
|upkeep
|turn|59
|
|t:|1661368705
|switch|p1a: Ferroseed|Ferroseed, M|100/100
|-damage|p1a: Ferroseed|94/100|[from] Stealth Rock
|move|p2a: Audino|Knock Off|p1a: Ferroseed
|-damage|p1a: Ferroseed|85/100
|-damage|p2a: Audino|76/100|[from] ability: Iron Barbs|[of] p1a: Ferroseed
|
|upkeep
|turn|60
|
|t:|1661368718
|switch|p2a: Eldegoss|Eldegoss, M|100/100 brn
|move|p1a: Ferroseed|Spikes|p2a: Eldegoss
|-sidestart|p2: PULT4T2 eifo|Spikes
|
|-damage|p2a: Eldegoss|94/100 brn|[from] brn
|upkeep
|turn|61
|
|t:|1661368725
|switch|p1a: Scyther|Scyther, F|100/100
|move|p2a: Eldegoss|Rapid Spin|p1a: Scyther
|-damage|p1a: Scyther|96/100
|-boost|p2a: Eldegoss|spe|1
|-sideend|p2: PULT4T2 eifo|Spikes|[from] move: Rapid Spin|[of] p2a: Eldegoss
|-sideend|p2: PULT4T2 eifo|Stealth Rock|[from] move: Rapid Spin|[of] p2a: Eldegoss
|
|-damage|p2a: Eldegoss|88/100 brn|[from] brn
|upkeep
|turn|62
|inactive|PULT4T2 eifo has 120 seconds left.
|
|t:|1661368746
|switch|p2a: Weezing|Weezing, M|100/100
|-ability|p2a: Weezing|Neutralizing Gas
|move|p1a: Scyther|Dual Wingbeat|p2a: Weezing
|-damage|p2a: Weezing|88/100
|-damage|p1a: Scyther|80/100|[from] item: Rocky Helmet|[of] p2a: Weezing
|-damage|p2a: Weezing|74/100
|-damage|p1a: Scyther|63/100|[from] item: Rocky Helmet|[of] p2a: Weezing
|-hitcount|p2a: Weezing|2
|
|upkeep
|turn|63
|
|t:|1661368765
|switch|p1a: Clefairy|Clefairy, M|99/100
|-damage|p1a: Clefairy|87/100|[from] Stealth Rock
|move|p2a: Weezing|Sludge Bomb|p1a: Clefairy
|-supereffective|p1a: Clefairy
|-damage|p1a: Clefairy|55/100
|-status|p1a: Clefairy|psn
|
|-damage|p1a: Clefairy|43/100 psn|[from] psn
|upkeep
|turn|64
|
|t:|1661368775
|move|p2a: Weezing|Sludge Bomb|p1a: Clefairy
|-supereffective|p1a: Clefairy
|-crit|p1a: Clefairy
|-damage|p1a: Clefairy|0 fnt
|faint|p1a: Clefairy
|
|upkeep
|inactive|parent song has 120 seconds left.
|
|t:|1661368808
|switch|p1a: Jolteon|Jolteon, F|100/100
|turn|65
|inactive|PULT4T2 eifo has 120 seconds left.
|
|t:|1661368827
|-end|p2a: Weezing|ability: Neutralizing Gas
|switch|p2a: Audino|Audino, M|100/100
|move|p1a: Jolteon|Volt Switch|p2a: Audino
|-damage|p2a: Audino|79/100
|inactive|parent song has 120 seconds left.
|
|t:|1661368837
|switch|p1a: Ferroseed|Ferroseed, M|85/100|[from]move: Volt Switch
|-damage|p1a: Ferroseed|79/100|[from] Stealth Rock
|
|upkeep
|turn|66
|
|t:|1661368845
|switch|p2a: Charizard|Charizard, M|73/100
|move|p1a: Ferroseed|Spikes|p2a: Charizard
|-sidestart|p2: PULT4T2 eifo|Spikes
|
|upkeep
|turn|67
|
|t:|1661368856
|switch|p1a: Jolteon|Jolteon, F|100/100
|move|p2a: Charizard|Flamethrower|p1a: Jolteon
|-damage|p1a: Jolteon|60/100
|
|upkeep
|turn|68
|
|t:|1661368870
|switch|p2a: Eldegoss|Eldegoss, M|100/100 brn
|move|p1a: Jolteon|Thunderbolt|p2a: Eldegoss
|-resisted|p2a: Eldegoss
|-damage|p2a: Eldegoss|82/100 brn
|
|-damage|p2a: Eldegoss|76/100 brn|[from] brn
|upkeep
|turn|69
|
|t:|1661368882
|move|p1a: Jolteon|Thunderbolt|p2a: Eldegoss
|-resisted|p2a: Eldegoss
|-damage|p2a: Eldegoss|58/100 brn
|move|p2a: Eldegoss|Rapid Spin|p1a: Jolteon
|-damage|p1a: Jolteon|54/100
|-boost|p2a: Eldegoss|spe|1
|-sideend|p2: PULT4T2 eifo|Spikes|[from] move: Rapid Spin|[of] p2a: Eldegoss
|
|-damage|p2a: Eldegoss|51/100 brn|[from] brn
|upkeep
|turn|70
|
|t:|1661368898
|switch|p1a: Scyther|Scyther, F|63/100
|switch|p2a: Quagsire|Quagsire, M|100/100
|
|upkeep
|turn|71
|
|t:|1661368917
|move|p1a: Scyther|Knock Off|p2a: Quagsire
|-damage|p2a: Quagsire|79/100
|-enditem|p2a: Quagsire|Heavy-Duty Boots|[from] move: Knock Off|[of] p1a: Scyther
|move|p2a: Quagsire|Waterfall|p1a: Scyther
|-damage|p1a: Scyther|31/100
|
|upkeep
|turn|72
|
|t:|1661368928
|move|p1a: Scyther|Roost|p1a: Scyther
|-heal|p1a: Scyther|81/100
|-singleturn|p1a: Scyther|move: Roost
|move|p2a: Quagsire|Toxic|p1a: Scyther
|-status|p1a: Scyther|tox
|
|-damage|p1a: Scyther|75/100 tox|[from] psn
|upkeep
|turn|73
|
|t:|1661368933
|move|p1a: Scyther|U-turn|p2a: Quagsire
|-damage|p2a: Quagsire|56/100
|
|t:|1661368936
|switch|p1a: Ferroseed|Ferroseed, M|79/100|[from]move: U-turn
|-damage|p1a: Ferroseed|72/100|[from] Stealth Rock
|move|p2a: Quagsire|Recover|p2a: Quagsire
|-heal|p2a: Quagsire|100/100
|
|upkeep
|turn|74
|
|t:|1661368942
|switch|p2a: Charizard|Charizard, M|73/100
|move|p1a: Ferroseed|Leech Seed|p2a: Charizard
|-start|p2a: Charizard|move: Leech Seed
|
|-damage|p2a: Charizard|60/100|[from] Leech Seed|[of] p1a: Ferroseed
|-heal|p1a: Ferroseed|87/100|[silent]
|upkeep
|turn|75
|
|t:|1661368966
|switch|p1a: Jolteon|Jolteon, F|54/100
|move|p2a: Charizard|Flamethrower|p1a: Jolteon
|-damage|p1a: Jolteon|8/100
|-status|p1a: Jolteon|brn
|
|-damage|p2a: Charizard|48/100|[from] Leech Seed|[of] p1a: Jolteon
|-heal|p1a: Jolteon|24/100 brn|[silent]
|-damage|p1a: Jolteon|18/100 brn|[from] brn
|upkeep
|turn|76
|inactive|PULT4T2 eifo has 120 seconds left.
|
|t:|1661369001
|switch|p1a: Scyther|Scyther, F|75/100 tox
|switch|p2a: Audino|Audino, M|100/100
|
|-damage|p1a: Scyther|69/100 tox|[from] psn
|upkeep
|turn|77
|
|t:|1661369011
|move|p1a: Scyther|U-turn|p2a: Audino
|-damage|p2a: Audino|68/100
|
|t:|1661369014
|switch|p1a: Weezing|Weezing, M|78/100|[from]move: U-turn
|-damage|p1a: Weezing|66/100|[from] Stealth Rock
|move|p2a: Audino|Knock Off|p1a: Weezing
|-damage|p1a: Weezing|59/100
|
|upkeep
|turn|78
|
|t:|1661369022
|move|p1a: Weezing|Taunt|p2a: Audino
|-start|p2a: Audino|move: Taunt
|cant|p2a: Audino|move: Taunt|Wish
|
|upkeep
|turn|79
|
|t:|1661369036
|move|p1a: Weezing|Sludge Bomb|p2a: Audino
|-damage|p2a: Audino|51/100
|move|p2a: Audino|Knock Off|p1a: Weezing
|-damage|p1a: Weezing|50/100
|
|upkeep
|turn|80
|inactive|PULT4T2 eifo has 120 seconds left.
|
|t:|1661369057
|switch|p1a: Ferroseed|Ferroseed, M|87/100
|-damage|p1a: Ferroseed|81/100|[from] Stealth Rock
|switch|p2a: Weezing|Weezing, M|74/100
|-ability|p2a: Weezing|Neutralizing Gas
|
|upkeep
|turn|81
|inactive|PULT4T2 eifo has 120 seconds left.
|
|t:|1661369072
|-end|p2a: Weezing|ability: Neutralizing Gas
|switch|p2a: Charizard|Charizard, M|48/100
|move|p1a: Ferroseed|Spikes|p2a: Charizard
|-sidestart|p2: PULT4T2 eifo|Spikes
|
|upkeep
|turn|82
|inactive|PULT4T2 eifo has 120 seconds left.
|
|t:|1661369081
|switch|p1a: Jolteon|Jolteon, F|18/100 brn
|move|p2a: Charizard|Flamethrower|p1a: Jolteon
|-damage|p1a: Jolteon|0 fnt
|faint|p1a: Jolteon
|
|upkeep
|
|t:|1661369093
|switch|p1a: Scyther|Scyther, F|69/100 tox
|turn|83
|inactive|PULT4T2 eifo has 120 seconds left.
|
|t:|1661369110
|switch|p2a: Weezing|Weezing, M|74/100
|-ability|p2a: Weezing|Neutralizing Gas
|-damage|p2a: Weezing|62/100|[from] Spikes
|move|p1a: Scyther|Dual Wingbeat|p2a: Weezing
|-damage|p2a: Weezing|49/100
|-damage|p1a: Scyther|52/100 tox|[from] item: Rocky Helmet|[of] p2a: Weezing
|-damage|p2a: Weezing|36/100
|-damage|p1a: Scyther|36/100 tox|[from] item: Rocky Helmet|[of] p2a: Weezing
|-hitcount|p2a: Weezing|2
|
|-damage|p1a: Scyther|30/100 tox|[from] psn
|upkeep
|turn|84
|
|t:|1661369118
|switch|p1a: Weezing|Weezing, M|50/100
|-damage|p1a: Weezing|38/100|[from] Stealth Rock
|move|p2a: Weezing|Pain Split|p1a: Weezing
|-sethp|p1a: Weezing|37/100|[from] move: Pain Split|[silent]
|-sethp|p2a: Weezing|37/100|[from] move: Pain Split
|
|upkeep
|turn|85
|
|t:|1661369125
|-end|p2a: Weezing|ability: Neutralizing Gas
|switch|p2a: Charizard|Charizard, M|48/100
|move|p1a: Weezing|Taunt|p2a: Charizard
|-start|p2a: Charizard|move: Taunt
|
|upkeep
|turn|86
|
|t:|1661369135
|switch|p1a: Ferroseed|Ferroseed, M|81/100
|-damage|p1a: Ferroseed|75/100|[from] Stealth Rock
|move|p2a: Charizard|Flamethrower|p1a: Ferroseed
|-supereffective|p1a: Ferroseed
|-damage|p1a: Ferroseed|0 fnt
|faint|p1a: Ferroseed
|
|upkeep
|
|t:|1661369138
|switch|p1a: Scyther|Scyther, F|30/100 tox
|turn|87
|j| pult4t2 le s
|inactive|PULT4T2 eifo has 120 seconds left.
|
|t:|1661369186
|switch|p2a: Audino|Audino, M|85/100
|-damage|p2a: Audino|72/100|[from] Spikes
|move|p1a: Scyther|Knock Off|p2a: Audino
|-damage|p2a: Audino|54/100
|
|-damage|p1a: Scyther|24/100 tox|[from] psn
|upkeep
|turn|88
|inactive|PULT4T2 eifo has 90 seconds left.
|
|t:|1661369221
|switch|p2a: Aggron|Aggron, F|88/100
|-damage|p2a: Aggron|76/100|[from] Spikes
|move|p1a: Scyther|Dual Wingbeat|p2a: Aggron
|-resisted|p2a: Aggron
|-damage|p2a: Aggron|71/100
|-resisted|p2a: Aggron
|-damage|p2a: Aggron|67/100
|-hitcount|p2a: Aggron|2
|
|-damage|p1a: Scyther|12/100 tox|[from] psn
|upkeep
|turn|89
|
|t:|1661369232
|move|p1a: Scyther|Knock Off|p2a: Aggron
|-damage|p2a: Aggron|56/100
|move|p2a: Aggron|Head Smash|p1a: Scyther
|-supereffective|p1a: Scyther
|-damage|p1a: Scyther|0 fnt
|faint|p1a: Scyther
|
|upkeep
|
|t:|1661369239
|switch|p1a: Weezing|Weezing, M|37/100
|-damage|p1a: Weezing|25/100|[from] Stealth Rock
|turn|90
|l| pult4t2 le s
|
|t:|1661369248
|switch|p2a: Charizard|Charizard, M|48/100
|move|p1a: Weezing|Taunt|p2a: Charizard
|-start|p2a: Charizard|move: Taunt
|
|upkeep
|turn|91
|inactive|PULT4T2 eifo has 90 seconds left.
|
|t:|1661369267
|switch|p2a: Audino|Audino, M|87/100
|-damage|p2a: Audino|75/100|[from] Spikes
|move|p1a: Weezing|Sludge Bomb|p2a: Audino
|-damage|p2a: Audino|57/100
|
|upkeep
|turn|92
|inactive|PULT4T2 eifo has 90 seconds left.
|
|t:|1661369273
|switch|p2a: Charizard|Charizard, M|48/100
|move|p1a: Weezing|Taunt|p2a: Charizard
|-start|p2a: Charizard|move: Taunt
|
|upkeep
|turn|93
|l| mange tes tartines
|inactive|PULT4T2 eifo has 90 seconds left.
|
|t:|1661369287
|switch|p2a: Eldegoss|Eldegoss, M|85/100 brn
|move|p1a: Weezing|Sludge Bomb|p2a: Eldegoss
|-supereffective|p2a: Eldegoss
|-damage|p2a: Eldegoss|36/100 brn
|
|-damage|p2a: Eldegoss|30/100 brn|[from] brn
|upkeep
|turn|94
|
|t:|1661369307
|move|p1a: Weezing|Sludge Bomb|p2a: Eldegoss
|-supereffective|p2a: Eldegoss
|-damage|p2a: Eldegoss|0 fnt
|faint|p2a: Eldegoss
|
|upkeep
|
|t:|1661369308
|switch|p2a: Charizard|Charizard, M|48/100
|turn|95
|
|t:|1661369311
|move|p2a: Charizard|Flamethrower|p1a: Weezing
|-damage|p1a: Weezing|0 fnt
|faint|p1a: Weezing
|
|upkeep
|
|t:|1661369315
|switch|p1a: Uxie|Uxie|100/100
|-damage|p1a: Uxie|88/100|[from] Stealth Rock
|turn|96
|
|t:|1661369319
|move|p2a: Charizard|Toxic|p1a: Uxie
|-status|p1a: Uxie|tox
|move|p1a: Uxie|Calm Mind|p1a: Uxie
|-boost|p1a: Uxie|spa|1
|-boost|p1a: Uxie|spd|1
|
|-damage|p1a: Uxie|82/100 tox|[from] psn
|upkeep
|turn|97
|inactive|PULT4T2 eifo has 90 seconds left.
|
|t:|1661369325
|move|p2a: Charizard|Defog|p1a: Uxie
|-unboost|p1a: Uxie|evasion|1
|-sideend|p1: parent song|Stealth Rock|[from] move: Defog|[of] p2a: Charizard
|-sideend|p2: PULT4T2 eifo|Spikes|[from] move: Defog|[of] p2a: Charizard
|move|p1a: Uxie|Calm Mind|p1a: Uxie
|-boost|p1a: Uxie|spa|1
|-boost|p1a: Uxie|spd|1
|
|-damage|p1a: Uxie|69/100 tox|[from] psn
|upkeep
|turn|98
|inactive|PULT4T2 eifo has 90 seconds left.
|
|t:|1661369336
|move|p2a: Charizard|Flamethrower|p1a: Uxie
|-damage|p1a: Uxie|58/100 tox
|move|p1a: Uxie|Calm Mind|p1a: Uxie
|-boost|p1a: Uxie|spa|1
|-boost|p1a: Uxie|spd|1
|
|-damage|p1a: Uxie|39/100 tox|[from] psn
|upkeep
|turn|99
|
|t:|1661369338
|move|p2a: Charizard|Flamethrower|p1a: Uxie
|-damage|p1a: Uxie|27/100 tox
|move|p1a: Uxie|Rest|p1a: Uxie
|-status|p1a: Uxie|slp|[from] move: Rest
|-heal|p1a: Uxie|100/100 slp|[silent]
|
|upkeep
|turn|100
|
|t:|1661369344
|switch|p2a: Quagsire|Quagsire, M|100/100
|cant|p1a: Uxie|slp
|
|upkeep
|turn|101
|
|t:|1661369346
|cant|p1a: Uxie|slp
|move|p2a: Quagsire|Curse|p2a: Quagsire
|-unboost|p2a: Quagsire|spe|1
|-boost|p2a: Quagsire|atk|1
|-boost|p2a: Quagsire|def|1
|
|upkeep
|turn|102
|
|t:|1661369351
|-curestatus|p1a: Uxie|slp|[msg]
|move|p1a: Uxie|Calm Mind|p1a: Uxie
|-boost|p1a: Uxie|spa|1
|-boost|p1a: Uxie|spd|1
|move|p2a: Quagsire|Waterfall|p1a: Uxie
|-damage|p1a: Uxie|82/100
|-enditem|p1a: Uxie|Kee Berry|[eat]
|-boost|p1a: Uxie|def|1|[from] item: Kee Berry
|
|upkeep
|turn|103
|
|t:|1661369356
|move|p1a: Uxie|Calm Mind|p1a: Uxie
|-boost|p1a: Uxie|spa|1
|-boost|p1a: Uxie|spd|1
|move|p2a: Quagsire|Toxic|p1a: Uxie
|-status|p1a: Uxie|tox
|
|-damage|p1a: Uxie|75/100 tox|[from] psn
|upkeep
|turn|104
|
|t:|1661369376
|move|p1a: Uxie|Stored Power|p2a: Quagsire
|-damage|p2a: Quagsire|20/100
|move|p2a: Quagsire|Waterfall|p1a: Uxie
|-damage|p1a: Uxie|53/100 tox
|
|-damage|p1a: Uxie|41/100 tox|[from] psn
|upkeep
|turn|105
|
|t:|1661369385
|move|p1a: Uxie|Rest|p1a: Uxie
|-status|p1a: Uxie|slp|[from] move: Rest
|-heal|p1a: Uxie|100/100 slp|[silent]
|move|p2a: Quagsire|Waterfall|p1a: Uxie
|-damage|p1a: Uxie|78/100 slp
|
|upkeep
|turn|106
|-message|PULT4T2 eifo forfeited.
|
|win|parent song
|raw|parent song's rating: 1436 &rarr; <strong>1464</strong><br />(+28 for winning)
|raw|PULT4T2 eifo's rating: 1578 &rarr; <strong>1550</strong><br />(-28 for losing)
|l|☆PULT4T2 eifo
||Ladder isn't responding, score probably updated but might not have (Request timeout).
