|j|☆Neutralist
|j|☆ayo bb
|t:|1620478724
|gametype|singles
|player|p1|Neutralist|hilbert-dueldisk|1284
|player|p2|ayo bb|2|1595
|teamsize|p1|6
|teamsize|p2|6
|gen|8
|tier|[Gen 8] PU
|rated|
|rule|Sleep Clause Mod: Limit one foe put to sleep
|rule|Species Clause: Limit one of each Pokémon
|rule|OHKO Clause: OHKO moves are banned
|rule|Evasion Moves Clause: Evasion moves are banned
|rule|Endless Battle Clause: Forcing endless battles is banned
|rule|HP Percentage Mod: HP is shown in percentages
|rule|Dynamax Clause: You cannot dynamax
|clearpoke
|poke|p1|Archeops, M|
|poke|p1|Lanturn, F|
|poke|p1|Hitmontop, M|
|poke|p1|Silvally-*|
|poke|p1|Druddigon, M|
|poke|p1|Mesprit|
|poke|p2|Gigalith, M|
|poke|p2|Claydol|
|poke|p2|Charizard, F|
|poke|p2|Perrserker, F|
|poke|p2|Aromatisse, F|
|poke|p2|Passimian, M|
|teampreview
|
|t:|1620478736
|start
|switch|p1a: Lanturn|Lanturn, F|100/100
|switch|p2a: Claydol|Claydol|100/100
|turn|1
|
|t:|1620478739
|move|p2a: Claydol|Future Sight|p1a: Lanturn
|-start|p2a: Claydol|move: Future Sight
|move|p1a: Lanturn|Scald|p2a: Claydol
|-supereffective|p2a: Claydol
|-damage|p2a: Claydol|70/100
|
|-heal|p2a: Claydol|76/100|[from] item: Leftovers
|upkeep
|turn|2
|
|t:|1620478752
|move|p1a: Lanturn|Toxic|p2a: Claydol
|-status|p2a: Claydol|tox
|move|p2a: Claydol|Teleport|p2a: Claydol
|
|t:|1620478760
|switch|p2a: Passimian|Passimian, M|100/100|[from]move: Teleport
|
|upkeep
|turn|3
|
|t:|1620478767
|switch|p1a: Druddigon|Druddigon, M|100/100
|move|p2a: Passimian|Knock Off|p1a: Druddigon
|-damage|p1a: Druddigon|66/100
|-damage|p2a: Passimian|88/100|[from] ability: Rough Skin|[of] p1a: Druddigon
|-damage|p2a: Passimian|72/100|[from] item: Rocky Helmet|[of] p1a: Druddigon
|-enditem|p1a: Druddigon|Rocky Helmet|[from] move: Knock Off|[of] p2a: Passimian
|
|-end|p1a: Druddigon|move: Future Sight
|-damage|p1a: Druddigon|44/100
|upkeep
|turn|4
|
|t:|1620478777
|switch|p2a: Perrserker|Perrserker, F|100/100
|move|p1a: Druddigon|Glare|p2a: Perrserker
|-status|p2a: Perrserker|par
|
|upkeep
|turn|5
|
|t:|1620478783
|move|p1a: Druddigon|Stealth Rock|p2a: Perrserker
|-sidestart|p2: ayo bb|move: Stealth Rock
|cant|p2a: Perrserker|par
|
|upkeep
|turn|6
|
|t:|1620478789
|move|p2a: Perrserker|Iron Head|p1a: Druddigon
|-damage|p1a: Druddigon|0 fnt
|-damage|p2a: Perrserker|88/100 par|[from] ability: Rough Skin|[of] p1a: Druddigon
|faint|p1a: Druddigon
|
|upkeep
|
|t:|1620478794
|switch|p1a: Lanturn|Lanturn, F|100/100
|turn|7
|
|t:|1620478799
|switch|p2a: Aromatisse|Aromatisse, F|100/100
|move|p1a: Lanturn|Thunderbolt|p2a: Aromatisse
|-damage|p2a: Aromatisse|76/100
|
|upkeep
|turn|8
|
|t:|1620478802
|move|p1a: Lanturn|Toxic|p2a: Aromatisse
|-status|p2a: Aromatisse|tox
|move|p2a: Aromatisse|Wish|p2a: Aromatisse
|
|-damage|p2a: Aromatisse|70/100 tox|[from] psn
|upkeep
|turn|9
|
|t:|1620478809
|move|p1a: Lanturn|Thunderbolt|p2a: Aromatisse
|-crit|p2a: Aromatisse
|-damage|p2a: Aromatisse|34/100 tox
|move|p2a: Aromatisse|Heal Bell|p2a: Aromatisse
|-activate|p2a: Aromatisse|move: Heal Bell
|-curestatus|p2a: Aromatisse|tox|[msg]
|-curestatus|p2: Perrserker|par|[msg]
|-curestatus|p2: Claydol|tox|[msg]
|
|-heal|p2a: Aromatisse|84/100|[from] move: Wish|[wisher] Aromatisse
|upkeep
|turn|10
|
|t:|1620478816
|move|p1a: Lanturn|Volt Switch|p2a: Aromatisse
|-damage|p2a: Aromatisse|66/100
|
|t:|1620478819
|switch|p1a: Silvally|Silvally-Steel|100/100|[from]move: Volt Switch
|move|p2a: Aromatisse|Wish|p2a: Aromatisse
|
|upkeep
|turn|11
|
|t:|1620478832
|switch|p2a: Charizard|Charizard, F|100/100
|move|p1a: Silvally|Thunder Wave|p2a: Charizard
|-status|p2a: Charizard|par
|
|upkeep
|turn|12
|
|t:|1620478836
|move|p1a: Silvally|Parting Shot|p2a: Charizard
|-unboost|p2a: Charizard|atk|1
|-unboost|p2a: Charizard|spa|1
|
|t:|1620478838
|switch|p1a: Lanturn|Lanturn, F|100/100|[from]move: Parting Shot
|move|p2a: Charizard|Defog|p1a: Lanturn
|-unboost|p1a: Lanturn|evasion|1
|-sideend|p2: ayo bb|Stealth Rock|[from] move: Defog|[of] p2a: Charizard
|
|upkeep
|turn|13
|
|t:|1620478848
|switch|p2a: Gigalith|Gigalith, M|100/100
|-weather|Sandstorm|[from] ability: Sand Stream|[of] p2a: Gigalith
|move|p1a: Lanturn|Volt Switch|p2a: Gigalith
|-damage|p2a: Gigalith|91/100
|
|t:|1620478852
|switch|p1a: Hitmontop|Hitmontop, M|100/100|[from]move: Volt Switch
|-ability|p1a: Hitmontop|Intimidate|boost
|-unboost|p2a: Gigalith|atk|1
|
|-weather|Sandstorm|[upkeep]
|-damage|p1a: Hitmontop|94/100|[from] Sandstorm
|-heal|p2a: Gigalith|97/100|[from] item: Leftovers
|upkeep
|turn|14
|
|t:|1620478857
|move|p1a: Hitmontop|Close Combat|p2a: Gigalith
|-supereffective|p2a: Gigalith
|-damage|p2a: Gigalith|0 fnt
|-unboost|p1a: Hitmontop|def|1
|-unboost|p1a: Hitmontop|spd|1
|faint|p2a: Gigalith
|
|-weather|Sandstorm|[upkeep]
|-damage|p1a: Hitmontop|88/100|[from] Sandstorm
|upkeep
|
|t:|1620478866
|switch|p2a: Claydol|Claydol|76/100
|turn|15
|
|t:|1620478874
|switch|p1a: Silvally|Silvally-Steel|100/100
|move|p2a: Claydol|Future Sight|p1a: Silvally
|-start|p2a: Claydol|move: Future Sight
|
|-weather|Sandstorm|[upkeep]
|-heal|p2a: Claydol|83/100|[from] item: Leftovers
|upkeep
|turn|16
|
|t:|1620478877
|move|p1a: Silvally|Parting Shot|p2a: Claydol
|-unboost|p2a: Claydol|atk|1
|-unboost|p2a: Claydol|spa|1
|
|t:|1620478879
|switch|p1a: Mesprit|Mesprit|100/100|[from]move: Parting Shot
|move|p2a: Claydol|Scorching Sands|p1a: Mesprit
|-immune|p1a: Mesprit|[from] ability: Levitate
|
|-weather|Sandstorm|[upkeep]
|-damage|p1a: Mesprit|95/100|[from] Sandstorm
|-heal|p2a: Claydol|89/100|[from] item: Leftovers
|upkeep
|turn|17
|
|t:|1620478884
|move|p1a: Mesprit|Shadow Ball|p2a: Claydol
|-supereffective|p2a: Claydol
|-damage|p2a: Claydol|48/100
|-damage|p1a: Mesprit|85/100|[from] item: Life Orb
|move|p2a: Claydol|Teleport|p2a: Claydol
|
|t:|1620478887
|switch|p2a: Perrserker|Perrserker, F|88/100|[from]move: Teleport
|
|-weather|none
|-end|p1a: Mesprit|move: Future Sight
|-resisted|p1a: Mesprit
|-damage|p1a: Mesprit|69/100
|upkeep
|turn|18
|c|☆Neutralist|jesus
|c|☆Neutralist|that's bulky
|
|t:|1620478894
|switch|p1a: Silvally|Silvally-Steel|100/100
|move|p2a: Perrserker|U-turn|p1a: Silvally
|-resisted|p1a: Silvally
|-damage|p1a: Silvally|85/100
|
|t:|1620478901
|switch|p2a: Passimian|Passimian, M|72/100|[from]move: U-turn
|
|upkeep
|turn|19
|
|t:|1620478911
|move|p2a: Passimian|Close Combat|p1a: Silvally
|-supereffective|p1a: Silvally
|-damage|p1a: Silvally|0 fnt
|-unboost|p2a: Passimian|def|1
|-unboost|p2a: Passimian|spd|1
|faint|p1a: Silvally
|
|upkeep
|
|t:|1620478918
|switch|p1a: Mesprit|Mesprit|69/100
|turn|20
|
|t:|1620478924
|switch|p2a: Claydol|Claydol|48/100
|move|p1a: Mesprit|Shadow Ball|p2a: Claydol
|-supereffective|p2a: Claydol
|-damage|p2a: Claydol|9/100
|-unboost|p2a: Claydol|spd|1
|-damage|p1a: Mesprit|59/100|[from] item: Life Orb
|
|-heal|p2a: Claydol|15/100|[from] item: Leftovers
|upkeep
|turn|21
|c|☆Neutralist|well that makes way more sense
|
|t:|1620478930
|move|p1a: Mesprit|Ice Beam|p2a: Claydol
|-supereffective|p2a: Claydol
|-damage|p2a: Claydol|0 fnt
|faint|p2a: Claydol
|-damage|p1a: Mesprit|49/100|[from] item: Life Orb
|
|upkeep
|
|t:|1620478932
|switch|p2a: Perrserker|Perrserker, F|88/100
|turn|22
|
|t:|1620478935
|move|p1a: Mesprit|Shadow Ball|p2a: Perrserker
|-damage|p2a: Perrserker|34/100
|-damage|p1a: Mesprit|39/100|[from] item: Life Orb
|move|p2a: Perrserker|U-turn|p1a: Mesprit
|-supereffective|p1a: Mesprit
|-damage|p1a: Mesprit|0 fnt
|faint|p1a: Mesprit
|
|t:|1620478944
|switch|p2a: Aromatisse|Aromatisse, F|66/100|[from]move: U-turn
|
|upkeep
|
|t:|1620478948
|switch|p1a: Archeops|Archeops, M|100/100
|turn|23
|
|t:|1620478952
|move|p1a: Archeops|Meteor Beam||[still]
|-prepare|p1a: Archeops|Meteor Beam
|-boost|p1a: Archeops|spa|1
|-enditem|p1a: Archeops|Power Herb
|-anim|p1a: Archeops|Meteor Beam|p2a: Aromatisse
|-damage|p2a: Aromatisse|0 fnt
|faint|p2a: Aromatisse
|
|upkeep
|
|t:|1620478957
|switch|p2a: Passimian|Passimian, M|72/100
|turn|24
|
|t:|1620478965
|switch|p1a: Hitmontop|Hitmontop, M|88/100
|-ability|p1a: Hitmontop|Intimidate|boost
|-unboost|p2a: Passimian|atk|1
|-ability|p2a: Passimian|Defiant
|-boost|p2a: Passimian|atk|2
|move|p2a: Passimian|Close Combat|p1a: Hitmontop
|-crit|p1a: Hitmontop
|-damage|p1a: Hitmontop|0 fnt
|-unboost|p2a: Passimian|def|1
|-unboost|p2a: Passimian|spd|1
|faint|p1a: Hitmontop
|
|upkeep
|
|t:|1620478968
|switch|p1a: Lanturn|Lanturn, F|100/100
|turn|25
|c|☆Neutralist|crap
|c|☆Neutralist|i forgot it had defiant
|c|☆Neutralist|my brain farted
|
|t:|1620478982
|switch|p2a: Charizard|Charizard, F|100/100 par
|move|p1a: Lanturn|Thunderbolt|p2a: Charizard
|-supereffective|p2a: Charizard
|-damage|p2a: Charizard|33/100 par
|
|upkeep
|turn|26
|c|☆Neutralist|might lose this
|
|t:|1620478985
|move|p1a: Lanturn|Scald|p2a: Charizard
|-supereffective|p2a: Charizard
|-damage|p2a: Charizard|0 fnt
|faint|p2a: Charizard
|
|upkeep
|
|t:|1620478988
|switch|p2a: Perrserker|Perrserker, F|34/100
|turn|27
|
|t:|1620478991
|move|p2a: Perrserker|Close Combat|p1a: Lanturn
|-damage|p1a: Lanturn|56/100
|-unboost|p2a: Perrserker|def|1
|-unboost|p2a: Perrserker|spd|1
|move|p1a: Lanturn|Thunderbolt|p2a: Perrserker
|-damage|p2a: Perrserker|0 fnt
|faint|p2a: Perrserker
|
|upkeep
|
|t:|1620478993
|switch|p2a: Passimian|Passimian, M|72/100
|turn|28
|
|t:|1620478995
|move|p2a: Passimian|Close Combat|p1a: Lanturn
|-damage|p1a: Lanturn|13/100
|-unboost|p2a: Passimian|def|1
|-unboost|p2a: Passimian|spd|1
|move|p1a: Lanturn|Thunderbolt|p2a: Passimian
|-damage|p2a: Passimian|15/100
|
|upkeep
|turn|29
|
|t:|1620478997
|move|p2a: Passimian|Close Combat|p1a: Lanturn
|-damage|p1a: Lanturn|0 fnt
|-unboost|p2a: Passimian|def|1
|-unboost|p2a: Passimian|spd|1
|faint|p1a: Lanturn
|
|upkeep
|
|t:|1620478999
|switch|p1a: Archeops|Archeops, M|100/100
|turn|30
|
|t:|1620479002
|move|p2a: Passimian|Close Combat|p1a: Archeops
|-damage|p1a: Archeops|6/100
|-unboost|p2a: Passimian|def|1
|-unboost|p2a: Passimian|spd|1
|move|p1a: Archeops|Air Slash|p2a: Passimian
|-supereffective|p2a: Passimian
|-damage|p2a: Passimian|0 fnt
|faint|p2a: Passimian
|
|win|Neutralist
|raw|Neutralist's rating: 1284 &rarr; <strong>1327</strong><br />(+43 for winning)
|raw|ayo bb's rating: 1595 &rarr; <strong>1561</strong><br />(-34 for losing)
|c|☆ayo bb|gg
|c|☆Neutralist|gg
|l|☆ayo bb
