|j|☆Bumpf92
|j|☆PULT4T2 eifo
|t:|1661286234
|gametype|singles
|player|p1|Bumpf92|roxie|1556
|player|p2|PULT4T2 eifo|266|1599
|teamsize|p1|6
|teamsize|p2|6
|gen|8
|tier|[Gen 8] PU
|rated|
|rule|Sleep Clause Mod: Limit one foe put to sleep
|rule|Species Clause: Limit one of each Pokémon
|rule|OHKO Clause: OHKO moves are banned
|rule|Evasion Items Clause: Evasion items are banned
|rule|Evasion Moves Clause: Evasion moves are banned
|rule|Endless Battle Clause: Forcing endless battles is banned
|rule|HP Percentage Mod: HP is shown in percentages
|rule|Dynamax Clause: You cannot dynamax
|clearpoke
|poke|p1|Liepard, F|
|poke|p1|Ludicolo, M|
|poke|p1|Kabutops, M|
|poke|p1|Charizard, M|
|poke|p1|Qwilfish, M|
|poke|p1|Runerigus, M|
|poke|p2|Charizard, F|
|poke|p2|Audino, F|
|poke|p2|Doublade, F|
|poke|p2|Weezing, M|
|poke|p2|Gigalith, M|
|poke|p2|Lurantis, F|
|teampreview
|
|t:|1661286276
|start
|switch|p1a: Runerigus|Runerigus, M|100/100
|switch|p2a: Lurantis|Lurantis, F|100/100
|turn|1
|
|t:|1661286282
|switch|p1a: Charizard|Charizard, M|100/100
|move|p2a: Lurantis|Leaf Storm|p1a: Charizard
|-resisted|p1a: Charizard
|-damage|p1a: Charizard|88/100
|-boost|p2a: Lurantis|spa|2
|
|upkeep
|turn|2
|
|t:|1661286290
|switch|p2a: Audino|Audino, F|100/100
|move|p1a: Charizard|Flamethrower|p2a: Audino
|-crit|p2a: Audino
|-damage|p2a: Audino|53/100
|
|upkeep
|turn|3
|
|t:|1661286297
|move|p1a: Charizard|Hurricane|p2a: Audino
|-damage|p2a: Audino|16/100
|move|p2a: Audino|Knock Off|p1a: Charizard
|-damage|p1a: Charizard|68/100
|-enditem|p1a: Charizard|Heavy-Duty Boots|[from] move: Knock Off|[of] p2a: Audino
|
|upkeep
|turn|4
|
|t:|1661286311
|switch|p2a: Gigalith|Gigalith, M|100/100
|-weather|Sandstorm|[from] ability: Sand Stream|[of] p2a: Gigalith
|move|p1a: Charizard|Hurricane|p2a: Gigalith|[miss]
|-miss|p1a: Charizard|p2a: Gigalith
|
|-weather|Sandstorm|[upkeep]
|-damage|p1a: Charizard|62/100|[from] Sandstorm
|upkeep
|turn|5
|j| papopela
|l| papopela
|
|t:|1661286320
|switch|p1a: Liepard|Liepard, F|100/100
|move|p2a: Gigalith|Stealth Rock|p1a: Liepard
|-sidestart|p1: Bumpf92|move: Stealth Rock
|
|-weather|Sandstorm|[upkeep]
|-damage|p1a: Liepard|95/100|[from] Sandstorm
|upkeep
|turn|6
|
|t:|1661286336
|switch|p2a: Weezing|Weezing, M|100/100
|move|p1a: Liepard|Rain Dance|p1a: Liepard
|-weather|RainDance
|
|-weather|RainDance|[upkeep]
|upkeep
|turn|7
|j| papopela
|
|t:|1661286346
|move|p1a: Liepard|U-turn|p2a: Weezing
|-resisted|p2a: Weezing
|-damage|p2a: Weezing|95/100
|-damage|p1a: Liepard|78/100|[from] item: Rocky Helmet|[of] p2a: Weezing
|
|t:|1661286357
|switch|p1a: Charizard|Charizard, M|62/100|[from]move: U-turn
|-damage|p1a: Charizard|12/100|[from] Stealth Rock
|move|p2a: Weezing|Sludge Bomb|p1a: Charizard
|-damage|p1a: Charizard|0 fnt
|faint|p1a: Charizard
|
|-weather|RainDance|[upkeep]
|upkeep
|
|t:|1661286367
|switch|p1a: Ludicolo|Ludicolo, M|100/100
|-damage|p1a: Ludicolo|88/100|[from] Stealth Rock
|turn|8
|
|t:|1661286374
|switch|p2a: Gigalith|Gigalith, M|100/100
|-weather|Sandstorm|[from] ability: Sand Stream|[of] p2a: Gigalith
|move|p1a: Ludicolo|Weather Ball|p2a: Gigalith
|-damage|p2a: Gigalith|82/100
|-damage|p1a: Ludicolo|78/100|[from] item: Life Orb
|
|-weather|Sandstorm|[upkeep]
|-damage|p1a: Ludicolo|72/100|[from] Sandstorm
|-heal|p2a: Gigalith|88/100|[from] item: Leftovers
|upkeep
|turn|9
|
|t:|1661286394
|move|p1a: Ludicolo|Rain Dance|p1a: Ludicolo
|-weather|RainDance
|move|p2a: Gigalith|Rock Blast|p1a: Ludicolo
|-damage|p1a: Ludicolo|55/100
|-crit|p1a: Ludicolo
|-damage|p1a: Ludicolo|29/100
|-damage|p1a: Ludicolo|12/100
|-hitcount|p1a: Ludicolo|3
|
|-weather|RainDance|[upkeep]
|-heal|p2a: Gigalith|94/100|[from] item: Leftovers
|upkeep
|turn|10
|
|t:|1661286416
|switch|p2a: Audino|Audino, F|50/100
|move|p1a: Ludicolo|Giga Drain|p2a: Audino
|-damage|p2a: Audino|23/100
|-heal|p1a: Ludicolo|30/100|[from] drain|[of] p2a: Audino
|-damage|p1a: Ludicolo|20/100|[from] item: Life Orb
|
|-weather|RainDance|[upkeep]
|upkeep
|turn|11
|
|t:|1661286426
|switch|p2a: Gigalith|Gigalith, M|94/100
|-weather|Sandstorm|[from] ability: Sand Stream|[of] p2a: Gigalith
|move|p1a: Ludicolo|Giga Drain|p2a: Gigalith
|-supereffective|p2a: Gigalith
|-damage|p2a: Gigalith|50/100
|-heal|p1a: Ludicolo|46/100|[from] drain|[of] p2a: Gigalith
|-damage|p1a: Ludicolo|36/100|[from] item: Life Orb
|
|-weather|Sandstorm|[upkeep]
|-damage|p1a: Ludicolo|30/100|[from] Sandstorm
|-heal|p2a: Gigalith|56/100|[from] item: Leftovers
|upkeep
|turn|12
|
|t:|1661286440
|switch|p1a: Runerigus|Runerigus, M|100/100
|-damage|p1a: Runerigus|95/100|[from] Stealth Rock
|move|p2a: Gigalith|Rock Blast|p1a: Runerigus|[miss]
|-miss|p2a: Gigalith|p1a: Runerigus
|
|-weather|Sandstorm|[upkeep]
|-heal|p2a: Gigalith|62/100|[from] item: Leftovers
|upkeep
|turn|13
|
|t:|1661286451
|switch|p2a: Lurantis|Lurantis, F|100/100
|move|p1a: Runerigus|Rain Dance|p1a: Runerigus
|-weather|RainDance
|
|-weather|RainDance|[upkeep]
|upkeep
|turn|14
|
|t:|1661286479
|switch|p1a: Ludicolo|Ludicolo, M|30/100
|-damage|p1a: Ludicolo|18/100|[from] Stealth Rock
|move|p2a: Lurantis|Leaf Storm|p1a: Ludicolo|[miss]
|-miss|p2a: Lurantis|p1a: Ludicolo
|
|-weather|RainDance|[upkeep]
|upkeep
|turn|15
|
|t:|1661286517
|switch|p2a: Gigalith|Gigalith, M|62/100
|-weather|Sandstorm|[from] ability: Sand Stream|[of] p2a: Gigalith
|move|p1a: Ludicolo|Giga Drain|p2a: Gigalith
|-supereffective|p2a: Gigalith
|-damage|p2a: Gigalith|14/100
|-heal|p1a: Ludicolo|47/100|[from] drain|[of] p2a: Gigalith
|-damage|p1a: Ludicolo|37/100|[from] item: Life Orb
|
|-weather|Sandstorm|[upkeep]
|-damage|p1a: Ludicolo|31/100|[from] Sandstorm
|-heal|p2a: Gigalith|21/100|[from] item: Leftovers
|upkeep
|turn|16
|j| KamalaPOTUS
|
|t:|1661286529
|switch|p2a: Charizard|Charizard, F|100/100
|move|p1a: Ludicolo|Giga Drain|p2a: Charizard
|-resisted|p2a: Charizard
|-damage|p2a: Charizard|89/100
|-heal|p1a: Ludicolo|37/100|[from] drain|[of] p2a: Charizard
|-damage|p1a: Ludicolo|27/100|[from] item: Life Orb
|
|-weather|Sandstorm|[upkeep]
|-damage|p2a: Charizard|83/100|[from] Sandstorm
|-damage|p1a: Ludicolo|21/100|[from] Sandstorm
|upkeep
|turn|17
|l| KamalaPOTUS
|
|t:|1661286539
|move|p2a: Charizard|Flamethrower|p1a: Ludicolo
|-damage|p1a: Ludicolo|0 fnt
|faint|p1a: Ludicolo
|
|-weather|Sandstorm|[upkeep]
|-damage|p2a: Charizard|77/100|[from] Sandstorm
|upkeep
|
|t:|1661286548
|switch|p1a: Kabutops|Kabutops, M|100/100
|-damage|p1a: Kabutops|88/100|[from] Stealth Rock
|turn|18
|
|t:|1661286568
|move|p2a: Charizard|Toxic|p1a: Kabutops|[miss]
|-miss|p2a: Charizard|p1a: Kabutops
|move|p1a: Kabutops|Rapid Spin|p2a: Charizard
|-damage|p2a: Charizard|58/100
|-boost|p1a: Kabutops|spe|1
|-sideend|p1: Bumpf92|Stealth Rock|[from] move: Rapid Spin|[of] p1a: Kabutops
|
|-weather|Sandstorm|[upkeep]
|-damage|p2a: Charizard|52/100|[from] Sandstorm
|upkeep
|turn|19
|
|t:|1661286576
|move|p1a: Kabutops|Flip Turn|p2a: Charizard
|-supereffective|p2a: Charizard
|-damage|p2a: Charizard|0 fnt
|faint|p2a: Charizard
|
|t:|1661286584
|switch|p1a: Liepard|Liepard, F|78/100|[from]move: Flip Turn
|
|-weather|none
|upkeep
|
|t:|1661286587
|switch|p2a: Lurantis|Lurantis, F|100/100
|turn|20
|
|t:|1661286599
|move|p1a: Liepard|U-turn|p2a: Lurantis
|-supereffective|p2a: Lurantis
|-damage|p2a: Lurantis|74/100
|
|t:|1661286602
|switch|p1a: Runerigus|Runerigus, M|95/100|[from]move: U-turn
|move|p2a: Lurantis|Superpower|p1a: Runerigus
|-immune|p1a: Runerigus
|
|upkeep
|turn|21
|
|t:|1661286616
|move|p2a: Lurantis|Leaf Storm|p1a: Runerigus
|-supereffective|p1a: Runerigus
|-damage|p1a: Runerigus|17/100
|-boost|p2a: Lurantis|spa|2
|move|p1a: Runerigus|Rain Dance|p1a: Runerigus
|-weather|RainDance
|
|-weather|RainDance|[upkeep]
|upkeep
|turn|22
|
|t:|1661286649
|move|p2a: Lurantis|Leaf Storm|p1a: Runerigus|[miss]
|-miss|p2a: Lurantis|p1a: Runerigus
|move|p1a: Runerigus|Stealth Rock|p2a: Lurantis
|-sidestart|p2: PULT4T2 eifo|move: Stealth Rock
|
|-weather|RainDance|[upkeep]
|upkeep
|turn|23
|
|t:|1661286681
|move|p2a: Lurantis|Leaf Storm|p1a: Runerigus
|-supereffective|p1a: Runerigus
|-damage|p1a: Runerigus|0 fnt
|-boost|p2a: Lurantis|spa|2
|faint|p1a: Runerigus
|
|-weather|RainDance|[upkeep]
|upkeep
|
|t:|1661286691
|switch|p1a: Qwilfish|Qwilfish, M|100/100
|turn|24
|
|t:|1661286759
|switch|p2a: Weezing|Weezing, M|95/100
|-damage|p2a: Weezing|83/100|[from] Stealth Rock
|move|p1a: Qwilfish|Poison Jab|p2a: Weezing
|-resisted|p2a: Weezing
|-damage|p2a: Weezing|70/100
|-damage|p1a: Qwilfish|84/100|[from] item: Rocky Helmet|[of] p2a: Weezing
|
|-weather|RainDance|[upkeep]
|upkeep
|turn|25
|
|t:|1661286768
|move|p1a: Qwilfish|Swords Dance|p1a: Qwilfish
|-boost|p1a: Qwilfish|atk|2
|move|p2a: Weezing|Will-O-Wisp|p1a: Qwilfish|[miss]
|-miss|p2a: Weezing|p1a: Qwilfish
|
|-weather|RainDance|[upkeep]
|upkeep
|turn|26
|c|☆PULT4T2 eifo|Jwusa mna
|c|☆Bumpf92|yes
|
|t:|1661286802
|move|p1a: Qwilfish|Swords Dance|p1a: Qwilfish
|-boost|p1a: Qwilfish|atk|2
|move|p2a: Weezing|Will-O-Wisp|p1a: Qwilfish
|-status|p1a: Qwilfish|brn
|-enditem|p1a: Qwilfish|Lum Berry|[eat]
|-curestatus|p1a: Qwilfish|brn|[msg]
|
|-weather|RainDance|[upkeep]
|upkeep
|turn|27
|
|t:|1661286813
|switch|p2a: Gigalith|Gigalith, M|21/100
|-damage|p2a: Gigalith|8/100|[from] Stealth Rock
|-weather|Sandstorm|[from] ability: Sand Stream|[of] p2a: Gigalith
|move|p1a: Qwilfish|Liquidation|p2a: Gigalith
|-supereffective|p2a: Gigalith
|-damage|p2a: Gigalith|0 fnt
|faint|p2a: Gigalith
|
|-weather|Sandstorm|[upkeep]
|-damage|p1a: Qwilfish|78/100|[from] Sandstorm
|upkeep
|
|t:|1661286819
|switch|p2a: Weezing|Weezing, M|70/100
|-damage|p2a: Weezing|57/100|[from] Stealth Rock
|turn|28
|
|t:|1661286827
|move|p1a: Qwilfish|Liquidation|p2a: Weezing
|-damage|p2a: Weezing|0 fnt
|-damage|p1a: Qwilfish|61/100|[from] item: Rocky Helmet|[of] p2a: Weezing
|faint|p2a: Weezing
|
|-weather|Sandstorm|[upkeep]
|-damage|p1a: Qwilfish|55/100|[from] Sandstorm
|upkeep
|
|t:|1661286832
|switch|p2a: Doublade|Doublade, F|100/100
|-damage|p2a: Doublade|94/100|[from] Stealth Rock
|turn|29
|
|t:|1661286840
|move|p1a: Qwilfish|Liquidation|p2a: Doublade
|-damage|p2a: Doublade|40/100
|move|p2a: Doublade|Shadow Claw|p1a: Qwilfish
|-damage|p1a: Qwilfish|8/100
|
|-weather|Sandstorm|[upkeep]
|-damage|p1a: Qwilfish|2/100|[from] Sandstorm
|upkeep
|turn|30
|
|t:|1661286848
|move|p2a: Doublade|Shadow Sneak|p1a: Qwilfish
|-damage|p1a: Qwilfish|0 fnt
|faint|p1a: Qwilfish
|
|-weather|Sandstorm|[upkeep]
|upkeep
|
|t:|1661286853
|switch|p1a: Liepard|Liepard, F|78/100
|turn|31
|
|t:|1661286859
|switch|p2a: Audino|Audino, F|56/100
|move|p1a: Liepard|Knock Off|p2a: Audino
|-damage|p2a: Audino|18/100
|-enditem|p2a: Audino|Heavy-Duty Boots|[from] move: Knock Off|[of] p1a: Liepard
|
|-weather|none
|upkeep
|turn|32
|j| Haffling
|
|t:|1661286871
|move|p1a: Liepard|Knock Off|p2a: Audino
|-damage|p2a: Audino|0 fnt
|faint|p2a: Audino
|
|upkeep
|
|t:|1661286874
|switch|p2a: Lurantis|Lurantis, F|74/100
|turn|33
|
|t:|1661286881
|move|p1a: Liepard|Knock Off|p2a: Lurantis
|-damage|p2a: Lurantis|45/100
|-enditem|p2a: Lurantis|Heavy-Duty Boots|[from] move: Knock Off|[of] p1a: Liepard
|move|p2a: Lurantis|Superpower|p1a: Liepard
|-supereffective|p1a: Liepard
|-damage|p1a: Liepard|0 fnt
|-boost|p2a: Lurantis|atk|1
|-boost|p2a: Lurantis|def|1
|faint|p1a: Liepard
|
|upkeep
|c|☆Bumpf92|gg
|
|t:|1661286891
|switch|p1a: Kabutops|Kabutops, M|88/100
|turn|34
|
|t:|1661286896
|move|p1a: Kabutops|Stone Edge|p2a: Lurantis
|-damage|p2a: Lurantis|21/100
|move|p2a: Lurantis|Synthesis|p2a: Lurantis
|-heal|p2a: Lurantis|70/100
|
|upkeep
|turn|35
|
|t:|1661286902
|move|p1a: Kabutops|Stone Edge|p2a: Lurantis
|-damage|p2a: Lurantis|42/100
|move|p2a: Lurantis|Superpower|p1a: Kabutops
|-supereffective|p1a: Kabutops
|-damage|p1a: Kabutops|0 fnt
|-boost|p2a: Lurantis|atk|1
|-boost|p2a: Lurantis|def|1
|faint|p1a: Kabutops
|
|win|PULT4T2 eifo
|raw|Bumpf92's rating: 1556 &rarr; <strong>1538</strong><br />(-18 for losing)
|raw|PULT4T2 eifo's rating: 1599 &rarr; <strong>1617</strong><br />(+18 for winning)
|c|☆PULT4T2 eifo|Gg
|c|☆PULT4T2 eifo|Wew
|l| papopela
||Ladder isn't responding, score probably updated but might not have (Request timeout).
