|j|☆cafay sen sukr
|j|☆Iceface Killah
|t:|1605412136
|player|p1|cafay sen sukr|swimmer-gen4dp|1506
|player|p2|Iceface Killah|boarder|1431
|teamsize|p1|6
|teamsize|p2|6
|gametype|singles
|gen|8
|tier|[Gen 8] PU
|rated|
|clearpoke
|poke|p1|Silvally-*|
|poke|p1|Qwilfish, F|
|poke|p1|Rhydon, F|
|poke|p1|Gothitelle, F|
|poke|p1|Gourgeist-*, M|
|poke|p1|Kangaskhan, F|
|poke|p2|Gabite, F|
|poke|p2|Mawile, M|
|poke|p2|Cinccino, F|
|poke|p2|Drifblim, F|
|poke|p2|Ludicolo, F|
|poke|p2|Jolteon, M|
|rule|Sleep Clause Mod: Limit one foe put to sleep
|rule|Species Clause: Limit one of each Pokémon
|rule|OHKO Clause: OHKO moves are banned
|rule|Evasion Moves Clause: Evasion moves are banned
|rule|Endless Battle Clause: Forcing endless battles is banned
|rule|HP Percentage Mod: HP is shown in percentages
|rule|Dynamax Clause: You cannot dynamax
|teampreview
|
|t:|1605412168
|start
|switch|p1a: Qwilfish|Qwilfish, F|100/100
|switch|p2a: Drifblim|Drifblim, F|100/100
|-ability|p1a: Qwilfish|Intimidate|boost
|-unboost|p2a: Drifblim|atk|1
|turn|1
|
|t:|1605412175
|move|p1a: Qwilfish|Thunder Wave|p2a: Drifblim
|-status|p2a: Drifblim|par
|move|p2a: Drifblim|Will-O-Wisp|p1a: Qwilfish
|-status|p1a: Qwilfish|brn
|
|-damage|p1a: Qwilfish|95/100 brn|[from] brn
|upkeep
|turn|2
|
|t:|1605412192
|switch|p1a: Gothitelle|Gothitelle, F|100/100
|move|p2a: Drifblim|Shadow Ball|p1a: Gothitelle
|-supereffective|p1a: Gothitelle
|-damage|p1a: Gothitelle|58/100
|
|-heal|p1a: Gothitelle|64/100|[from] item: Leftovers
|upkeep
|turn|3
|
|t:|1605412210
|move|p1a: Gothitelle|Cosmic Power|p1a: Gothitelle
|-boost|p1a: Gothitelle|def|1
|-boost|p1a: Gothitelle|spd|1
|move|p2a: Drifblim|Shadow Ball|p1a: Gothitelle
|-supereffective|p1a: Gothitelle
|-damage|p1a: Gothitelle|38/100
|-unboost|p1a: Gothitelle|spd|1
|-ability|p1a: Gothitelle|Competitive
|-boost|p1a: Gothitelle|spa|2
|
|-heal|p1a: Gothitelle|44/100|[from] item: Leftovers
|upkeep
|turn|4
|
|t:|1605412224
|switch|p2a: Gabite|Gabite, F|100/100
|move|p1a: Gothitelle|Cosmic Power|p1a: Gothitelle
|-boost|p1a: Gothitelle|def|1
|-boost|p1a: Gothitelle|spd|1
|
|-heal|p1a: Gothitelle|50/100|[from] item: Leftovers
|upkeep
|turn|5
|
|t:|1605412235
|move|p2a: Gabite|Scale Shot|p1a: Gothitelle
|-damage|p1a: Gothitelle|46/100
|-damage|p1a: Gothitelle|41/100
|-hitcount|p1a: Gothitelle|2
|-unboost|p2a: Gabite|def|1
|-boost|p2a: Gabite|spe|1
|move|p1a: Gothitelle|Stored Power|p2a: Gabite
|-damage|p2a: Gabite|0 fnt
|faint|p2a: Gabite
|
|-heal|p1a: Gothitelle|48/100|[from] item: Leftovers
|upkeep
|
|t:|1605412246
|switch|p2a: Cinccino|Cinccino, F|100/100
|turn|6
|
|t:|1605412249
|move|p2a: Cinccino|Tail Slap|p1a: Gothitelle
|-damage|p1a: Gothitelle|41/100
|-damage|p1a: Gothitelle|35/100
|-damage|p1a: Gothitelle|29/100
|-hitcount|p1a: Gothitelle|3
|move|p1a: Gothitelle|Stored Power|p2a: Cinccino
|-damage|p2a: Cinccino|0 fnt
|faint|p2a: Cinccino
|
|-heal|p1a: Gothitelle|35/100|[from] item: Leftovers
|upkeep
|
|t:|1605412265
|switch|p2a: Jolteon|Jolteon, M|100/100
|turn|7
|
|t:|1605412268
|switch|p1a: Kangaskhan|Kangaskhan, F|100/100
|move|p2a: Jolteon|Shadow Ball|p1a: Kangaskhan
|-immune|p1a: Kangaskhan
|
|upkeep
|turn|8
|j| aTanky
|
|t:|1605412273
|move|p1a: Kangaskhan|Sucker Punch|p2a: Jolteon
|-damage|p2a: Jolteon|60/100
|move|p2a: Jolteon|Volt Switch|p1a: Kangaskhan
|-damage|p1a: Kangaskhan|77/100
|
|t:|1605412279
|switch|p2a: Drifblim|Drifblim, F|100/100 par|[from]move: Volt Switch
|
|upkeep
|turn|9
|
|t:|1605412287
|switch|p1a: Qwilfish|Qwilfish, F|95/100 brn
|-ability|p1a: Qwilfish|Intimidate|boost
|-unboost|p2a: Drifblim|atk|1
|move|p2a: Drifblim|Will-O-Wisp|p1a: Qwilfish
|-fail|p1a: Qwilfish|brn
|
|-heal|p1a: Qwilfish|100/100 brn|[from] item: Black Sludge
|-damage|p1a: Qwilfish|95/100 brn|[from] brn
|upkeep
|turn|10
|
|t:|1605412292
|move|p1a: Qwilfish|Toxic Spikes|p2a: Drifblim
|-sidestart|p2: Iceface Killah|move: Toxic Spikes
|move|p2a: Drifblim|Shadow Ball|p1a: Qwilfish
|-damage|p1a: Qwilfish|56/100 brn
|
|-heal|p1a: Qwilfish|62/100 brn|[from] item: Black Sludge
|-damage|p1a: Qwilfish|56/100 brn|[from] brn
|upkeep
|turn|11
|
|t:|1605412301
|move|p1a: Qwilfish|Spikes|p2a: Drifblim
|-sidestart|p2: Iceface Killah|Spikes
|move|p2a: Drifblim|Shadow Ball|p1a: Qwilfish
|-damage|p1a: Qwilfish|20/100 brn
|
|-heal|p1a: Qwilfish|26/100 brn|[from] item: Black Sludge
|-damage|p1a: Qwilfish|20/100 brn|[from] brn
|upkeep
|turn|12
|
|t:|1605412308
|switch|p1a: Rhydon|Rhydon, F|100/100
|move|p2a: Drifblim|Defog|p1a: Rhydon
|-unboost|p1a: Rhydon|evasion|1
|-sideend|p2: Iceface Killah|Spikes|[from] move: Defog|[of] p2a: Drifblim
|-sideend|p2: Iceface Killah|Toxic Spikes|[from] move: Defog|[of] p2a: Drifblim
|
|upkeep
|turn|13
|
|t:|1605412318
|switch|p2a: Ludicolo|Ludicolo, F|100/100
|move|p1a: Rhydon|Rock Blast|p2a: Ludicolo
|-damage|p2a: Ludicolo|82/100
|-crit|p2a: Ludicolo
|-damage|p2a: Ludicolo|58/100
|-hitcount|p2a: Ludicolo|2
|
|-heal|p2a: Ludicolo|64/100|[from] item: Leftovers
|upkeep
|turn|14
|
|t:|1605412330
|switch|p1a: Gourgeist|Gourgeist-Small, M|100/100
|-item|p2a: Ludicolo|Leftovers|[from] ability: Frisk|[of] p1a: Gourgeist|[identify]
|move|p2a: Ludicolo|Scald|p1a: Gourgeist
|-resisted|p1a: Gourgeist
|-damage|p1a: Gourgeist|83/100
|
|-heal|p2a: Ludicolo|70/100|[from] item: Leftovers
|upkeep
|turn|15
|
|t:|1605412349
|switch|p2a: Mawile|Mawile, M|100/100
|-ability|p2a: Mawile|Intimidate|boost
|-unboost|p1a: Gourgeist|atk|1
|move|p1a: Gourgeist|Poltergeist|p2a: Mawile
|-activate|p2a: Mawile|move: Poltergeist|Leftovers
|-damage|p2a: Mawile|79/100
|
|-heal|p2a: Mawile|85/100|[from] item: Leftovers
|upkeep
|turn|16
|
|t:|1605412354
|switch|p1a: Silvally|Silvally-Poison|100/100
|move|p2a: Mawile|Stealth Rock|p1a: Silvally
|-sidestart|p1: cafay sen sukr|move: Stealth Rock
|
|-heal|p2a: Mawile|91/100|[from] item: Leftovers
|upkeep
|turn|17
|
|t:|1605412362
|switch|p2a: Drifblim|Drifblim, F|100/100 par
|move|p1a: Silvally|Work Up|p1a: Silvally
|-boost|p1a: Silvally|atk|1
|-boost|p1a: Silvally|spa|1
|
|upkeep
|turn|18
|
|t:|1605412366
|move|p1a: Silvally|Work Up|p1a: Silvally
|-boost|p1a: Silvally|atk|1
|-boost|p1a: Silvally|spa|1
|cant|p2a: Drifblim|par
|
|upkeep
|turn|19
|
|t:|1605412374
|move|p1a: Silvally|Flamethrower|p2a: Drifblim
|-damage|p2a: Drifblim|54/100 par
|move|p2a: Drifblim|Will-O-Wisp|p1a: Silvally
|-status|p1a: Silvally|brn
|
|-damage|p1a: Silvally|94/100 brn|[from] brn
|upkeep
|turn|20
|
|t:|1605412382
|move|p1a: Silvally|Work Up|p1a: Silvally
|-boost|p1a: Silvally|atk|1
|-boost|p1a: Silvally|spa|1
|move|p2a: Drifblim|Strength Sap|p1a: Silvally
|-unboost|p1a: Silvally|atk|1
|-heal|p2a: Drifblim|100/100 par
|
|-damage|p1a: Silvally|88/100 brn|[from] brn
|upkeep
|turn|21
|
|t:|1605412386
|move|p1a: Silvally|Flamethrower|p2a: Drifblim
|-damage|p2a: Drifblim|45/100 par
|move|p2a: Drifblim|Shadow Ball|p1a: Silvally
|-damage|p1a: Silvally|63/100 brn
|
|-damage|p1a: Silvally|57/100 brn|[from] brn
|upkeep
|turn|22
|
|t:|1605412397
|switch|p2a: Jolteon|Jolteon, M|60/100
|move|p1a: Silvally|Flamethrower|p2a: Jolteon
|-damage|p2a: Jolteon|0 fnt
|faint|p2a: Jolteon
|
|-damage|p1a: Silvally|51/100 brn|[from] brn
|upkeep
|
|t:|1605412404
|switch|p2a: Ludicolo|Ludicolo, F|70/100
|turn|23
|
|t:|1605412407
|move|p1a: Silvally|Multi-Attack|p2a: Ludicolo
|-supereffective|p2a: Ludicolo
|-damage|p2a: Ludicolo|0 fnt
|faint|p2a: Ludicolo
|
|-damage|p1a: Silvally|45/100 brn|[from] brn
|upkeep
|-message|Iceface Killah forfeited.
|
|win|cafay sen sukr
|l|☆Iceface Killah
|raw|cafay sen sukr's rating: 1523 &rarr; <strong>1537</strong><br />(+14 for winning)
|raw|Iceface Killah's rating: 1431 &rarr; <strong>1416</strong><br />(-15 for losing)
|l|☆cafay sen sukr
