|j|☆PULT4T2 spacial
|j|☆Heracross2.0
|t:|1661443607
|gametype|singles
|player|p1|PULT4T2 spacial|candice|
|player|p2|Heracross2.0|serena-masters2|
|teamsize|p1|6
|teamsize|p2|6
|gen|8
|tier|[Gen 8] PU
|rated|Tournament battle
|rule|Sleep Clause Mod: Limit one foe put to sleep
|rule|Species Clause: Limit one of each Pokémon
|rule|OHKO Clause: OHKO moves are banned
|rule|Evasion Items Clause: Evasion items are banned
|rule|Evasion Moves Clause: Evasion moves are banned
|rule|Endless Battle Clause: Forcing endless battles is banned
|rule|HP Percentage Mod: HP is shown in percentages
|rule|Dynamax Clause: You cannot dynamax
|clearpoke
|poke|p1|Centiskorch, M|
|poke|p1|Whimsicott, F|
|poke|p1|Lanturn, M|
|poke|p1|Aggron, M|
|poke|p1|Cinccino, M|
|poke|p1|Weezing, F|
|poke|p2|Dugtrio, M|
|poke|p2|Archeops, F|
|poke|p2|Scrafty, F|
|poke|p2|Doublade, M|
|poke|p2|Accelgor, F|
|poke|p2|Silvally-*|
|teampreview
|inactive|Battle timer is ON: inactive players will automatically lose when time's up. (requested by Heracross2.0)
|j| Nike2002
|j| yandaud
|c|☆Heracross2.0|hf
|inactive|PULT4T2 spacial has 120 seconds left.
|
|t:|1661443650
|start
|switch|p1a: Cinccino|Cinccino, M|100/100
|switch|p2a: The Pals|Dugtrio, M|100/100
|turn|1
|
|t:|1661443655
|move|p2a: The Pals|Stealth Rock|p1a: Cinccino
|-sidestart|p1: PULT4T2 spacial|move: Stealth Rock
|move|p1a: Cinccino|Bullet Seed|p2a: The Pals
|-supereffective|p2a: The Pals
|-damage|p2a: The Pals|59/100
|-supereffective|p2a: The Pals
|-damage|p2a: The Pals|17/100
|-supereffective|p2a: The Pals
|-damage|p2a: The Pals|0 fnt
|faint|p2a: The Pals
|-hitcount|p2: The Pals|3
|
|upkeep
|
|t:|1661443661
|switch|p2a: Double-Edged Sword|Doublade, M, shiny|100/100
|turn|2
|
|t:|1661443675
|switch|p2a: blind as a bat|Archeops, F|100/100
|move|p1a: Cinccino|U-turn|p2a: blind as a bat
|-resisted|p2a: blind as a bat
|-damage|p2a: blind as a bat|85/100
|
|t:|1661443686
|switch|p1a: Lanturn|Lanturn, M|100/100|[from]move: U-turn
|-damage|p1a: Lanturn|88/100|[from] Stealth Rock
|
|-heal|p1a: Lanturn|94/100|[from] item: Leftovers
|upkeep
|turn|3
|
|t:|1661443693
|move|p2a: blind as a bat|Meteor Beam||[still]
|-prepare|p2a: blind as a bat|Meteor Beam
|-boost|p2a: blind as a bat|spa|1
|-enditem|p2a: blind as a bat|Power Herb
|-anim|p2a: blind as a bat|Meteor Beam|p1a: Lanturn
|-damage|p1a: Lanturn|30/100
|move|p1a: Lanturn|Scald|p2a: blind as a bat
|-supereffective|p2a: blind as a bat
|-damage|p2a: blind as a bat|7/100
|
|-heal|p1a: Lanturn|36/100|[from] item: Leftovers
|upkeep
|turn|4
|
|t:|1661443698
|move|p2a: blind as a bat|Earth Power|p1a: Lanturn
|-supereffective|p1a: Lanturn
|-crit|p1a: Lanturn
|-damage|p1a: Lanturn|0 fnt
|faint|p1a: Lanturn
|
|upkeep
|
|t:|1661443707
|switch|p1a: Whimsicott|Whimsicott, F|100/100
|turn|5
|
|t:|1661443712
|move|p1a: Whimsicott|U-turn|p2a: blind as a bat
|-resisted|p2a: blind as a bat
|-damage|p2a: blind as a bat|0 fnt
|faint|p2a: blind as a bat
|
|t:|1661443720
|switch|p1a: Weezing|Weezing, F|100/100|[from]move: U-turn
|-damage|p1a: Weezing|88/100|[from] Stealth Rock
|
|upkeep
|
|t:|1661443724
|switch|p2a: Scars|Scrafty, F|100/100
|turn|6
|
|t:|1661443732
|switch|p1a: Whimsicott|Whimsicott, F|100/100
|move|p2a: Scars|Dragon Dance|p2a: Scars
|-boost|p2a: Scars|atk|1
|-boost|p2a: Scars|spe|1
|
|upkeep
|turn|7
|
|t:|1661443736
|move|p1a: Whimsicott|Moonblast|p2a: Scars
|-supereffective|p2a: Scars
|-enditem|p2a: Scars|Roseli Berry|[eat]
|-enditem|p2a: Scars|Roseli Berry|[weaken]
|-damage|p2a: Scars|38/100
|move|p2a: Scars|Dragon Dance|p2a: Scars
|-boost|p2a: Scars|atk|1
|-boost|p2a: Scars|spe|1
|
|upkeep
|turn|8
|
|t:|1661443741
|move|p2a: Scars|Poison Jab|p1a: Whimsicott
|-supereffective|p1a: Whimsicott
|-damage|p1a: Whimsicott|0 fnt
|faint|p1a: Whimsicott
|
|upkeep
|
|t:|1661443744
|switch|p1a: Weezing|Weezing, F|88/100
|-damage|p1a: Weezing|76/100|[from] Stealth Rock
|turn|9
|
|t:|1661443747
|move|p2a: Scars|Knock Off|p1a: Weezing
|-damage|p1a: Weezing|39/100
|move|p1a: Weezing|Sludge Bomb|p2a: Scars
|-damage|p2a: Scars|6/100
|-status|p2a: Scars|psn
|
|-damage|p2a: Scars|0 fnt|[from] psn
|faint|p2a: Scars
|upkeep
|
|t:|1661443762
|switch|p2a: Speed Over Mass|Accelgor, F|100/100
|turn|10
|
|t:|1661443773
|move|p2a: Speed Over Mass|Bug Buzz|p1a: Weezing
|-resisted|p1a: Weezing
|-damage|p1a: Weezing|7/100
|-enditem|p2a: Speed Over Mass|Throat Spray
|-boost|p2a: Speed Over Mass|spa|1|[from] item: Throat Spray
|move|p1a: Weezing|Pain Split|p2a: Speed Over Mass
|-sethp|p2a: Speed Over Mass|54/100|[from] move: Pain Split|[silent]
|-sethp|p1a: Weezing|49/100|[from] move: Pain Split
|
|upkeep
|turn|11
|
|t:|1661443785
|switch|p1a: Cinccino|Cinccino, M|100/100
|-damage|p1a: Cinccino|88/100|[from] Stealth Rock
|move|p2a: Speed Over Mass|Bug Buzz|p1a: Cinccino
|-damage|p1a: Cinccino|0 fnt
|faint|p1a: Cinccino
|
|upkeep
|
|t:|1661443787
|switch|p1a: Centiskorch|Centiskorch, M|100/100
|turn|12
|
|t:|1661443789
|move|p2a: Speed Over Mass|Sludge Bomb|p1a: Centiskorch
|-damage|p1a: Centiskorch|52/100
|move|p1a: Centiskorch|Fire Lash|p2a: Speed Over Mass
|-supereffective|p2a: Speed Over Mass
|-damage|p2a: Speed Over Mass|0 fnt
|faint|p2a: Speed Over Mass
|
|upkeep
|
|t:|1661443799
|switch|p2a: Gaia|Silvally-Grass, shiny|100/100
|turn|13
|
|t:|1661443804
|switch|p1a: Aggron|Aggron, M|100/100
|-damage|p1a: Aggron|94/100|[from] Stealth Rock
|move|p2a: Gaia|Swords Dance|p2a: Gaia
|-boost|p2a: Gaia|atk|2
|
|-heal|p1a: Aggron|100/100|[from] item: Leftovers
|upkeep
|turn|14
|
|t:|1661443809
|move|p2a: Gaia|Multi-Attack|p1a: Aggron
|-damage|p1a: Aggron|38/100
|move|p1a: Aggron|Head Smash|p2a: Gaia|[miss]
|-miss|p1a: Aggron|p2a: Gaia
|
|-heal|p1a: Aggron|44/100|[from] item: Leftovers
|upkeep
|turn|15
|
|t:|1661443821
|move|p2a: Gaia|Swords Dance|p2a: Gaia
|-boost|p2a: Gaia|atk|2
|move|p1a: Aggron|Head Smash|p2a: Gaia
|-crit|p2a: Gaia
|-damage|p2a: Gaia|2/100
|
|-heal|p1a: Aggron|50/100|[from] item: Leftovers
|upkeep
|turn|16
|
|t:|1661443827
|move|p2a: Gaia|Multi-Attack|p1a: Aggron
|-damage|p1a: Aggron|0 fnt
|faint|p1a: Aggron
|
|upkeep
|
|t:|1661443830
|switch|p1a: Weezing|Weezing, F|49/100
|-damage|p1a: Weezing|37/100|[from] Stealth Rock
|turn|17
|inactive|Heracross2.0 has 120 seconds left.
|
|t:|1661443865
|move|p2a: Gaia|Multi-Attack|p1a: Weezing
|-resisted|p1a: Weezing
|-damage|p1a: Weezing|0 fnt
|faint|p1a: Weezing
|
|upkeep
|
|t:|1661443868
|switch|p1a: Centiskorch|Centiskorch, M|52/100
|turn|18
|
|t:|1661443871
|move|p2a: Gaia|Rock Slide|p1a: Centiskorch
|-supereffective|p1a: Centiskorch
|-damage|p1a: Centiskorch|0 fnt
|faint|p1a: Centiskorch
|
|win|Heracross2.0
|n|☆PULT4T2 spacial|pult4t2spacial
|n|☆Heracross2.0|heracross20
|n| Nike2002|nike2002
|n| yandaud|yandaud
