|j|☆kingqueso141
|j|☆Ilikecatz
|t:|1612681758
|player|p1|kingqueso141|1|1205
|player|p2|Ilikecatz|clerk|1038
|teamsize|p1|6
|teamsize|p2|6
|gametype|singles
|gen|8
|tier|[Gen 8] PU
|rated|
|clearpoke
|poke|p1|Vaporeon, M|
|poke|p1|Sandaconda, F|
|poke|p1|Tsareena, F|
|poke|p1|Sandslash-Alola, M|
|poke|p1|Galvantula, F|
|poke|p1|Lampent, M|
|poke|p2|Magneton|
|poke|p2|Whimsicott, M|
|poke|p2|Hitmontop, M|
|poke|p2|Sandaconda, M|
|poke|p2|Talonflame, M|
|poke|p2|Jellicent, F|
|rule|Sleep Clause Mod: Limit one foe put to sleep
|rule|Species Clause: Limit one of each Pokémon
|rule|OHKO Clause: OHKO moves are banned
|rule|Evasion Moves Clause: Evasion moves are banned
|rule|Endless Battle Clause: Forcing endless battles is banned
|rule|HP Percentage Mod: HP is shown in percentages
|rule|Dynamax Clause: You cannot dynamax
|teampreview
|
|t:|1612681771
|start
|switch|p1a: Sandaconda|Sandaconda, F|100/100
|switch|p2a: Magneton|Magneton|100/100
|turn|1
|
|t:|1612681786
|switch|p2a: Sandaconda|Sandaconda, M|100/100
|move|p1a: Sandaconda|Stone Edge|p2a: Sandaconda
|-resisted|p2a: Sandaconda
|-damage|p2a: Sandaconda|91/100
|
|upkeep
|turn|2
|
|t:|1612681797
|move|p2a: Sandaconda|Glare|p1a: Sandaconda
|-status|p1a: Sandaconda|par
|cant|p1a: Sandaconda|par
|
|upkeep
|turn|3
|
|t:|1612681806
|move|p2a: Sandaconda|Coil|p2a: Sandaconda
|-boost|p2a: Sandaconda|atk|1
|-boost|p2a: Sandaconda|def|1
|-boost|p2a: Sandaconda|accuracy|1
|move|p1a: Sandaconda|Earthquake|p2a: Sandaconda
|-damage|p2a: Sandaconda|71/100
|
|upkeep
|turn|4
|
|t:|1612681813
|switch|p1a: Vaporeon|Vaporeon, M|100/100
|move|p2a: Sandaconda|Drill Run|p1a: Vaporeon
|-damage|p1a: Vaporeon|38/100
|
|-heal|p1a: Vaporeon|44/100|[from] item: Leftovers
|upkeep
|turn|5
|
|t:|1612681824
|switch|p2a: Jellicent|Jellicent, F|100/100
|move|p1a: Vaporeon|Scald|p2a: Jellicent
|-immune|p2a: Jellicent|[from] ability: Water Absorb
|
|-heal|p1a: Vaporeon|50/100|[from] item: Leftovers
|upkeep
|turn|6
|
|t:|1612681836
|move|p1a: Vaporeon|Protect|p1a: Vaporeon
|-singleturn|p1a: Vaporeon|Protect
|move|p2a: Jellicent|Shadow Ball|p1a: Vaporeon
|-activate|p1a: Vaporeon|move: Protect
|
|-heal|p1a: Vaporeon|57/100|[from] item: Leftovers
|upkeep
|turn|7
|
|t:|1612681847
|switch|p1a: Tsareena|Tsareena, F|100/100
|move|p2a: Jellicent|Will-O-Wisp|p1a: Tsareena
|-status|p1a: Tsareena|brn
|
|-damage|p1a: Tsareena|95/100 brn|[from] brn
|upkeep
|turn|8
|
|t:|1612681866
|switch|p2a: Magneton|Magneton|100/100
|move|p1a: Tsareena|Knock Off|p2a: Magneton
|-damage|p2a: Magneton|87/100
|-enditem|p2a: Magneton|Eviolite|[from] move: Knock Off|[of] p1a: Tsareena
|
|-damage|p1a: Tsareena|89/100 brn|[from] brn
|upkeep
|turn|9
|
|t:|1612681875
|move|p1a: Tsareena|U-turn|p2a: Magneton
|-resisted|p2a: Magneton
|-damage|p2a: Magneton|81/100
|
|t:|1612681880
|switch|p1a: Galvantula|Galvantula, F, shiny|100/100|[from]move: U-turn
|move|p2a: Magneton|Flash Cannon|p1a: Galvantula
|-resisted|p1a: Galvantula
|-damage|p1a: Galvantula|52/100
|
|upkeep
|turn|10
|
|t:|1612681888
|move|p1a: Galvantula|Sticky Web|p2a: Magneton
|-sidestart|p2: Ilikecatz|move: Sticky Web
|move|p2a: Magneton|Flash Cannon|p1a: Galvantula
|-resisted|p1a: Galvantula
|-damage|p1a: Galvantula|4/100
|
|upkeep
|turn|11
|
|t:|1612681892
|move|p1a: Galvantula|Volt Switch|p2a: Magneton
|-resisted|p2a: Magneton
|-damage|p2a: Magneton|60/100
|
|t:|1612681898
|switch|p1a: Lampent|Lampent, M|100/100|[from]move: Volt Switch
|move|p2a: Magneton|Flash Cannon|p1a: Lampent
|-resisted|p1a: Lampent
|-damage|p1a: Lampent|82/100
|
|upkeep
|turn|12
|
|t:|1612681907
|move|p2a: Magneton|Volt Switch|p1a: Lampent
|-damage|p1a: Lampent|58/100
|
|t:|1612681912
|switch|p2a: Talonflame|Talonflame, M|100/100|[from]move: Volt Switch
|move|p1a: Lampent|Will-O-Wisp|p2a: Talonflame
|-immune|p2a: Talonflame
|
|upkeep
|turn|13
|
|t:|1612681924
|move|p2a: Talonflame|Defog|p1a: Lampent
|-unboost|p1a: Lampent|evasion|1
|-sideend|p2: Ilikecatz|Sticky Web|[from] move: Defog|[of] p2a: Talonflame
|move|p1a: Lampent|Toxic|p2a: Talonflame
|-status|p2a: Talonflame|tox
|
|-damage|p2a: Talonflame|94/100 tox|[from] psn
|upkeep
|turn|14
|
|t:|1612681928
|move|p2a: Talonflame|Dual Wingbeat|p1a: Lampent
|-damage|p1a: Lampent|40/100
|-damage|p1a: Lampent|24/100
|-hitcount|p1a: Lampent|2
|move|p1a: Lampent|Hex|p2a: Talonflame
|-damage|p2a: Talonflame|24/100 tox
|
|-damage|p2a: Talonflame|12/100 tox|[from] psn
|upkeep
|turn|15
|
|t:|1612681943
|switch|p1a: Sandaconda|Sandaconda, F|100/100 par
|move|p2a: Talonflame|Dual Wingbeat|p1a: Sandaconda
|-damage|p1a: Sandaconda|88/100 par
|-damage|p2a: Talonflame|0 fnt|[from] item: Rocky Helmet|[of] p1a: Sandaconda
|-hitcount|p1a: Sandaconda|1
|faint|p2a: Talonflame
|
|upkeep
|
|t:|1612681950
|switch|p2a: Jellicent|Jellicent, F|100/100
|turn|16
|
|t:|1612681962
|switch|p2a: Magneton|Magneton|60/100
|switch|p1a: Vaporeon|Vaporeon, M|57/100
|
|-heal|p1a: Vaporeon|63/100|[from] item: Leftovers
|upkeep
|turn|17
|
|t:|1612681970
|move|p1a: Vaporeon|Protect|p1a: Vaporeon
|-singleturn|p1a: Vaporeon|Protect
|move|p2a: Magneton|Flash Cannon|p1a: Vaporeon
|-activate|p1a: Vaporeon|move: Protect
|
|-heal|p1a: Vaporeon|69/100|[from] item: Leftovers
|upkeep
|turn|18
|
|t:|1612681978
|move|p2a: Magneton|Volt Switch|p1a: Vaporeon
|-supereffective|p1a: Vaporeon
|-damage|p1a: Vaporeon|30/100
|
|t:|1612681981
|switch|p2a: Whimsicott|Whimsicott, M|100/100|[from]move: Volt Switch
|move|p1a: Vaporeon|Heal Bell|p1a: Vaporeon
|-activate|p1a: Vaporeon|move: Heal Bell
|-curestatus|p1: Sandaconda|par|[msg]
|-curestatus|p1: Tsareena|brn|[msg]
|
|-heal|p1a: Vaporeon|36/100|[from] item: Leftovers
|upkeep
|turn|19
|
|t:|1612682002
|switch|p1a: Galvantula|Galvantula, F, shiny|4/100
|move|p2a: Whimsicott|Toxic|p1a: Galvantula|[miss]
|-miss|p2a: Whimsicott|p1a: Galvantula
|
|upkeep
|turn|20
|
|t:|1612682011
|switch|p1a: Tsareena|Tsareena, F|89/100
|move|p2a: Whimsicott|Moonblast|p1a: Tsareena
|-damage|p1a: Tsareena|43/100
|-unboost|p1a: Tsareena|spa|1
|
|upkeep
|turn|21
|
|t:|1612682018
|move|p2a: Whimsicott|Moonblast|p1a: Tsareena
|-damage|p1a: Tsareena|2/100
|-unboost|p1a: Tsareena|spa|1
|move|p1a: Tsareena|U-turn|p2a: Whimsicott
|-damage|p2a: Whimsicott|64/100
|
|t:|1612682029
|switch|p1a: Sandslash|Sandslash-Alola, M, shiny|100/100|[from]move: U-turn
|
|upkeep
|turn|22
|
|t:|1612682044
|switch|p2a: Jellicent|Jellicent, F|100/100
|move|p1a: Sandslash|Triple Axel|p2a: Jellicent
|-resisted|p2a: Jellicent
|-damage|p2a: Jellicent|92/100
|-resisted|p2a: Jellicent
|-damage|p2a: Jellicent|76/100
|-resisted|p2a: Jellicent
|-damage|p2a: Jellicent|51/100
|-hitcount|p2a: Jellicent|3
|
|-heal|p2a: Jellicent|58/100|[from] item: Leftovers
|upkeep
|turn|23
|
|t:|1612682057
|switch|p1a: Vaporeon|Vaporeon, M|36/100
|move|p2a: Jellicent|Strength Sap|p1a: Vaporeon
|-unboost|p1a: Vaporeon|atk|1
|-heal|p2a: Jellicent|88/100
|
|-heal|p1a: Vaporeon|42/100|[from] item: Leftovers
|-heal|p2a: Jellicent|94/100|[from] item: Leftovers
|upkeep
|turn|24
|
|t:|1612682066
|move|p1a: Vaporeon|Wish|p1a: Vaporeon
|move|p2a: Jellicent|Shadow Ball|p1a: Vaporeon
|-crit|p1a: Vaporeon
|-damage|p1a: Vaporeon|21/100
|
|-heal|p1a: Vaporeon|27/100|[from] item: Leftovers
|-heal|p2a: Jellicent|99/100|[from] item: Leftovers
|upkeep
|turn|25
|
|t:|1612682078
|move|p1a: Vaporeon|Protect|p1a: Vaporeon
|-singleturn|p1a: Vaporeon|Protect
|move|p2a: Jellicent|Will-O-Wisp|p1a: Vaporeon
|-activate|p1a: Vaporeon|move: Protect
|
|-heal|p1a: Vaporeon|77/100|[from] move: Wish|[wisher] Vaporeon
|-heal|p1a: Vaporeon|83/100|[from] item: Leftovers
|-heal|p2a: Jellicent|100/100|[from] item: Leftovers
|upkeep
|turn|26
|
|t:|1612682098
|switch|p1a: Tsareena|Tsareena, F|2/100
|switch|p2a: Whimsicott|Whimsicott, M|64/100
|
|upkeep
|turn|27
|
|t:|1612682110
|move|p2a: Whimsicott|Moonblast|p1a: Tsareena
|-damage|p1a: Tsareena|0 fnt
|faint|p1a: Tsareena
|
|upkeep
|
|t:|1612682114
|switch|p1a: Sandslash|Sandslash-Alola, M, shiny|100/100
|turn|28
|
|t:|1612682127
|switch|p2a: Sandaconda|Sandaconda, M|71/100
|move|p1a: Sandslash|Iron Head|p2a: Sandaconda
|-damage|p2a: Sandaconda|28/100
|-damage|p1a: Sandslash|84/100|[from] item: Rocky Helmet|[of] p2a: Sandaconda
|
|upkeep
|turn|29
|l|☆Ilikecatz
|player|p2|
|inactive|Battle timer is ON: inactive players will automatically lose when time's up. (requested by kingqueso141)
|j|☆Ilikecatz
|inactive|Ilikecatz reconnected and has 140 seconds left.
|player|p2|Ilikecatz|clerk
|
|t:|1612682220
|switch|p1a: Sandaconda|Sandaconda, F|88/100
|move|p2a: Sandaconda|Glare|p1a: Sandaconda
|-status|p1a: Sandaconda|par
|
|upkeep
|turn|30
|
|t:|1612682232
|move|p2a: Sandaconda|Drill Run|p1a: Sandaconda
|-damage|p1a: Sandaconda|55/100 par
|-damage|p2a: Sandaconda|11/100|[from] item: Rocky Helmet|[of] p1a: Sandaconda
|move|p1a: Sandaconda|Earthquake|p2a: Sandaconda
|-damage|p2a: Sandaconda|0 fnt
|faint|p2a: Sandaconda
|
|upkeep
|
|t:|1612682241
|switch|p2a: Jellicent|Jellicent, F|100/100
|turn|31
|
|t:|1612682259
|switch|p1a: Lampent|Lampent, M|24/100
|move|p2a: Jellicent|Will-O-Wisp|p1a: Lampent
|-start|p1a: Lampent|ability: Flash Fire
|
|upkeep
|turn|32
|
|t:|1612682271
|move|p2a: Jellicent|Shadow Ball|p1a: Lampent
|-supereffective|p1a: Lampent
|-damage|p1a: Lampent|0 fnt
|faint|p1a: Lampent
|
|upkeep
|
|t:|1612682275
|switch|p1a: Galvantula|Galvantula, F, shiny|4/100
|turn|33
|
|t:|1612682280
|switch|p2a: Magneton|Magneton|60/100
|move|p1a: Galvantula|Thunder|p2a: Magneton
|-resisted|p2a: Magneton
|-damage|p2a: Magneton|26/100
|
|upkeep
|turn|34
|
|t:|1612682289
|move|p1a: Galvantula|Volt Switch|p2a: Magneton
|-resisted|p2a: Magneton
|-damage|p2a: Magneton|4/100
|
|t:|1612682294
|switch|p1a: Vaporeon|Vaporeon, M|83/100|[from]move: Volt Switch
|move|p2a: Magneton|Flash Cannon|p1a: Vaporeon
|-resisted|p1a: Vaporeon
|-damage|p1a: Vaporeon|67/100
|
|-heal|p1a: Vaporeon|74/100|[from] item: Leftovers
|upkeep
|turn|35
|
|t:|1612682299
|move|p2a: Magneton|Thunderbolt|p1a: Vaporeon
|-supereffective|p1a: Vaporeon
|-damage|p1a: Vaporeon|16/100
|-status|p1a: Vaporeon|par
|cant|p1a: Vaporeon|par
|
|-heal|p1a: Vaporeon|22/100 par|[from] item: Leftovers
|upkeep
|turn|36
|
|t:|1612682307
|move|p1a: Vaporeon|Protect|p1a: Vaporeon
|-singleturn|p1a: Vaporeon|Protect
|move|p2a: Magneton|Thunderbolt|p1a: Vaporeon
|-activate|p1a: Vaporeon|move: Protect
|
|-heal|p1a: Vaporeon|29/100 par|[from] item: Leftovers
|upkeep
|turn|37
|
|t:|1612682318
|switch|p1a: Sandaconda|Sandaconda, F|55/100 par
|move|p2a: Magneton|Thunderbolt|p1a: Sandaconda
|-immune|p1a: Sandaconda
|
|upkeep
|turn|38
|
|t:|1612682326
|move|p2a: Magneton|Flash Cannon|p1a: Sandaconda
|-damage|p1a: Sandaconda|20/100 par
|cant|p1a: Sandaconda|par
|
|-activate|p1a: Sandaconda|ability: Shed Skin
|-curestatus|p1a: Sandaconda|par|[msg]
|upkeep
|turn|39
|
|t:|1612682334
|move|p1a: Sandaconda|Rest|p1a: Sandaconda
|-status|p1a: Sandaconda|slp|[from] move: Rest
|-heal|p1a: Sandaconda|100/100 slp|[silent]
|move|p2a: Magneton|Flash Cannon|p1a: Sandaconda
|-damage|p1a: Sandaconda|51/100 slp
|
|upkeep
|turn|40
|
|t:|1612682338
|cant|p1a: Sandaconda|slp
|move|p2a: Magneton|Flash Cannon|p1a: Sandaconda
|-damage|p1a: Sandaconda|1/100 slp
|
|-activate|p1a: Sandaconda|ability: Shed Skin
|-curestatus|p1a: Sandaconda|slp|[msg]
|upkeep
|turn|41
|
|t:|1612682343
|move|p1a: Sandaconda|Rest|p1a: Sandaconda
|-status|p1a: Sandaconda|slp|[from] move: Rest
|-heal|p1a: Sandaconda|100/100 slp|[silent]
|move|p2a: Magneton|Flash Cannon|p1a: Sandaconda
|-damage|p1a: Sandaconda|51/100 slp
|
|upkeep
|turn|42
|
|t:|1612682346
|cant|p1a: Sandaconda|slp
|move|p2a: Magneton|Flash Cannon|p1a: Sandaconda
|-damage|p1a: Sandaconda|0 fnt
|faint|p1a: Sandaconda
|
|upkeep
|
|t:|1612682348
|switch|p1a: Sandslash|Sandslash-Alola, M, shiny|84/100
|turn|43
|
|t:|1612682351
|move|p1a: Sandslash|Ice Shard|p2a: Magneton
|-resisted|p2a: Magneton
|-damage|p2a: Magneton|0 fnt
|faint|p2a: Magneton
|
|upkeep
|
|t:|1612682355
|switch|p2a: Hitmontop|Hitmontop, M|100/100
|turn|44
|
|t:|1612682363
|switch|p1a: Vaporeon|Vaporeon, M|29/100 par
|move|p2a: Hitmontop|Mach Punch|p1a: Vaporeon
|-damage|p1a: Vaporeon|0 fnt
|faint|p1a: Vaporeon
|
|upkeep
|
|t:|1612682373
|switch|p1a: Galvantula|Galvantula, F, shiny|4/100
|turn|45
|
|t:|1612682376
|move|p2a: Hitmontop|Mach Punch|p1a: Galvantula
|-resisted|p1a: Galvantula
|-damage|p1a: Galvantula|0 fnt
|faint|p1a: Galvantula
|
|upkeep
|
|t:|1612682377
|switch|p1a: Sandslash|Sandslash-Alola, M, shiny|84/100
|turn|46
|
|t:|1612682379
|move|p2a: Hitmontop|Mach Punch|p1a: Sandslash
|-supereffective|p1a: Sandslash
|-damage|p1a: Sandslash|0 fnt
|faint|p1a: Sandslash
|
|win|Ilikecatz
|raw|kingqueso141's rating: 1205 &rarr; <strong>1169</strong><br />(-36 for losing)
|raw|Ilikecatz's rating: 1038 &rarr; <strong>1088</strong><br />(+50 for winning)
|c|☆Ilikecatz|gg
|c|☆kingqueso141|gg
|l|☆kingqueso141
|c|☆Ilikecatz|Nice Team
