|j|☆Octobop
|j|☆yassy slay
|t:|1654198952
|gametype|singles
|player|p1|Octobop|170|1476
|player|p2|yassy slay|170|1647
|teamsize|p1|6
|teamsize|p2|6
|gen|8
|tier|[Gen 8] PU
|rated|
|rule|Sleep Clause Mod: Limit one foe put to sleep
|rule|Species Clause: Limit one of each Pokémon
|rule|OHKO Clause: OHKO moves are banned
|rule|Evasion Moves Clause: Evasion moves are banned
|rule|Endless Battle Clause: Forcing endless battles is banned
|rule|HP Percentage Mod: HP is shown in percentages
|rule|Dynamax Clause: You cannot dynamax
|clearpoke
|poke|p1|Gallade, M|
|poke|p1|Lurantis, M|
|poke|p1|Gigalith, M|
|poke|p1|Klinklang|
|poke|p1|Jellicent, F|
|poke|p1|Aromatisse, F|
|poke|p2|Dubwool, F|
|poke|p2|Palossand, M|
|poke|p2|Eldegoss, M|
|poke|p2|Magneton|
|poke|p2|Musharna, F|
|poke|p2|Accelgor, M|
|teampreview
|inactive|Battle timer is ON: inactive players will automatically lose when time's up. (requested by Octobop)
|
|t:|1654198978
|start
|switch|p1a: Gallade|Gallade, M|100/100
|switch|p2a: Accelgor|Accelgor, M|100/100
|turn|1
|
|t:|1654198986
|move|p2a: Accelgor|Bug Buzz|p1a: Gallade
|-damage|p1a: Gallade|80/100
|move|p1a: Gallade|Knock Off|p2a: Accelgor
|-damage|p2a: Accelgor|56/100
|-activate|p2a: Accelgor|ability: Sticky Hold
|
|upkeep
|turn|2
|
|t:|1654198992
|move|p2a: Accelgor|Recover|p2a: Accelgor
|-heal|p2a: Accelgor|100/100
|move|p1a: Gallade|Zen Headbutt|p2a: Accelgor|[miss]
|-miss|p1a: Gallade|p2a: Accelgor
|
|upkeep
|turn|3
|
|t:|1654198999
|move|p2a: Accelgor|Toxic Spikes|p1a: Gallade
|-sidestart|p1: Octobop|move: Toxic Spikes
|move|p1a: Gallade|Zen Headbutt|p2a: Accelgor
|-crit|p2a: Accelgor
|-damage|p2a: Accelgor|9/100
|
|upkeep
|turn|4
|
|t:|1654199004
|switch|p2a: Palossand|Palossand, M|100/100
|move|p1a: Gallade|Zen Headbutt|p2a: Palossand
|-damage|p2a: Palossand|63/100
|
|upkeep
|turn|5
|
|t:|1654199010
|move|p1a: Gallade|Knock Off|p2a: Palossand
|-supereffective|p2a: Palossand
|-enditem|p2a: Palossand|Colbur Berry|[eat]
|-enditem|p2a: Palossand|Colbur Berry|[weaken]
|-damage|p2a: Palossand|30/100
|move|p2a: Palossand|Shore Up|p2a: Palossand
|-heal|p2a: Palossand|80/100
|
|upkeep
|turn|6
|
|t:|1654199016
|move|p1a: Gallade|Knock Off|p2a: Palossand
|-supereffective|p2a: Palossand
|-damage|p2a: Palossand|41/100
|move|p2a: Palossand|Sludge Bomb|p1a: Gallade
|-damage|p1a: Gallade|61/100
|
|upkeep
|turn|7
|
|t:|1654199024
|move|p1a: Gallade|Knock Off|p2a: Palossand
|-supereffective|p2a: Palossand
|-damage|p2a: Palossand|1/100
|move|p2a: Palossand|Shore Up|p2a: Palossand
|-heal|p2a: Palossand|51/100
|
|upkeep
|turn|8
|
|t:|1654199029
|move|p1a: Gallade|Zen Headbutt|p2a: Palossand
|-damage|p2a: Palossand|11/100
|move|p2a: Palossand|Shore Up|p2a: Palossand
|-heal|p2a: Palossand|61/100
|
|upkeep
|turn|9
|
|t:|1654199040
|move|p1a: Gallade|Zen Headbutt|p2a: Palossand
|-crit|p2a: Palossand
|-damage|p2a: Palossand|7/100
|move|p2a: Palossand|Shore Up|p2a: Palossand
|-heal|p2a: Palossand|57/100
|
|upkeep
|turn|10
|
|t:|1654199048
|switch|p2a: Dubwool|Dubwool, F|100/100
|move|p1a: Gallade|Zen Headbutt|p2a: Dubwool
|-damage|p2a: Dubwool|84/100
|
|-heal|p2a: Dubwool|90/100|[from] item: Leftovers
|upkeep
|turn|11
|
|t:|1654199055
|move|p2a: Dubwool|Body Press|p1a: Gallade
|-resisted|p1a: Gallade
|-damage|p1a: Gallade|43/100
|move|p1a: Gallade|Close Combat|p2a: Dubwool
|-supereffective|p2a: Dubwool
|-crit|p2a: Dubwool
|-damage|p2a: Dubwool|20/100
|-unboost|p1a: Gallade|def|1
|-unboost|p1a: Gallade|spd|1
|
|-heal|p2a: Dubwool|26/100|[from] item: Leftovers
|upkeep
|turn|12
|
|t:|1654199064
|move|p2a: Dubwool|Rest|p2a: Dubwool
|-status|p2a: Dubwool|slp|[from] move: Rest
|-heal|p2a: Dubwool|100/100 slp|[silent]
|move|p1a: Gallade|Close Combat|p2a: Dubwool
|-supereffective|p2a: Dubwool
|-damage|p2a: Dubwool|52/100 slp
|-unboost|p1a: Gallade|def|1
|-unboost|p1a: Gallade|spd|1
|
|-heal|p2a: Dubwool|58/100 slp|[from] item: Leftovers
|upkeep
|turn|13
|
|t:|1654199073
|cant|p2a: Dubwool|slp
|move|p2a: Dubwool|Sleep Talk|p2a: Dubwool
|move|p2a: Dubwool|Rest||[from]move: Sleep Talk|[still]
|-fail|p2a: Dubwool
|move|p1a: Gallade|Close Combat|p2a: Dubwool
|-supereffective|p2a: Dubwool
|-damage|p2a: Dubwool|6/100 slp
|-unboost|p1a: Gallade|def|1
|-unboost|p1a: Gallade|spd|1
|
|-heal|p2a: Dubwool|12/100 slp|[from] item: Leftovers
|upkeep
|turn|14
|
|t:|1654199085
|cant|p2a: Dubwool|slp
|move|p2a: Dubwool|Sleep Talk|p2a: Dubwool
|move|p2a: Dubwool|Body Press|p1a: Gallade|[from]move: Sleep Talk
|-resisted|p1a: Gallade
|-damage|p1a: Gallade|0 fnt
|faint|p1a: Gallade
|
|-heal|p2a: Dubwool|18/100 slp|[from] item: Leftovers
|upkeep
|
|t:|1654199092
|switch|p1a: Lurantis|Lurantis, M|100/100
|-status|p1a: Lurantis|psn
|turn|15
|
|t:|1654199106
|switch|p2a: Magneton|Magneton|100/100
|move|p1a: Lurantis|Leaf Storm|p2a: Magneton
|-resisted|p2a: Magneton
|-damage|p2a: Magneton|85/100
|-boost|p1a: Lurantis|spa|2
|
|-damage|p1a: Lurantis|88/100 psn|[from] psn
|upkeep
|turn|16
|
|t:|1654199115
|move|p2a: Magneton|Flash Cannon|p1a: Lurantis
|-damage|p1a: Lurantis|59/100 psn
|move|p1a: Lurantis|Leaf Storm|p2a: Magneton|[miss]
|-miss|p1a: Lurantis|p2a: Magneton
|
|-heal|p1a: Lurantis|65/100 psn|[from] item: Leftovers
|-damage|p1a: Lurantis|53/100 psn|[from] psn
|upkeep
|turn|17
|
|t:|1654199123
|move|p2a: Magneton|Flash Cannon|p1a: Lurantis
|-damage|p1a: Lurantis|23/100 psn
|move|p1a: Lurantis|Superpower|p2a: Magneton
|-supereffective|p2a: Magneton
|-damage|p2a: Magneton|37/100
|-boost|p1a: Lurantis|atk|1
|-boost|p1a: Lurantis|def|1
|
|-heal|p1a: Lurantis|29/100 psn|[from] item: Leftovers
|-damage|p1a: Lurantis|16/100 psn|[from] psn
|upkeep
|turn|18
|
|t:|1654199134
|move|p2a: Magneton|Flash Cannon|p1a: Lurantis
|-damage|p1a: Lurantis|0 fnt
|faint|p1a: Lurantis
|
|upkeep
|
|t:|1654199138
|switch|p1a: Gigalith|Gigalith, M|100/100
|-status|p1a: Gigalith|psn
|-weather|Sandstorm|[from] ability: Sand Stream|[of] p1a: Gigalith
|turn|19
|
|t:|1654199145
|move|p2a: Magneton|Volt Switch|p1a: Gigalith
|-damage|p1a: Gigalith|84/100 psn
|
|t:|1654199148
|switch|p2a: Palossand|Palossand, M|57/100|[from]move: Volt Switch
|move|p1a: Gigalith|Stealth Rock|p2a: Palossand
|-sidestart|p2: yassy slay|move: Stealth Rock
|
|-weather|Sandstorm|[upkeep]
|-heal|p1a: Gigalith|91/100 psn|[from] item: Leftovers
|-damage|p1a: Gigalith|78/100 psn|[from] psn
|upkeep
|turn|20
|
|t:|1654199155
|move|p2a: Palossand|Shore Up|p2a: Palossand
|-heal|p2a: Palossand|100/100
|move|p1a: Gigalith|Toxic|p2a: Palossand
|-status|p2a: Palossand|tox
|
|-weather|Sandstorm|[upkeep]
|-heal|p1a: Gigalith|84/100 psn|[from] item: Leftovers
|-damage|p2a: Palossand|94/100 tox|[from] psn
|-damage|p1a: Gigalith|72/100 psn|[from] psn
|upkeep
|turn|21
|
|t:|1654199164
|switch|p1a: Jellicent|Jellicent, F|100/100
|-status|p1a: Jellicent|psn
|move|p2a: Palossand|Stealth Rock|p1a: Jellicent
|-sidestart|p1: Octobop|move: Stealth Rock
|
|-weather|Sandstorm|[upkeep]
|-damage|p1a: Jellicent|94/100 psn|[from] Sandstorm
|-damage|p1a: Jellicent|82/100 psn|[from] psn
|-damage|p2a: Palossand|82/100 tox|[from] psn
|upkeep
|turn|22
|
|t:|1654199173
|switch|p2a: Musharna|Musharna, F|100/100
|move|p1a: Jellicent|Scald|p2a: Musharna
|-damage|p2a: Musharna|85/100
|
|-weather|Sandstorm|[upkeep]
|-damage|p1a: Jellicent|76/100 psn|[from] Sandstorm
|-damage|p2a: Musharna|79/100|[from] Sandstorm
|-damage|p1a: Jellicent|63/100 psn|[from] psn
|upkeep
|turn|23
|
|t:|1654199182
|switch|p1a: Klinklang|Klinklang|100/100
|-damage|p1a: Klinklang|94/100|[from] Stealth Rock
|move|p2a: Musharna|Future Sight|p1a: Klinklang
|-start|p2a: Musharna|move: Future Sight
|
|-weather|none
|-heal|p1a: Klinklang|100/100|[from] item: Leftovers
|upkeep
|turn|24
|
|t:|1654199200
|switch|p2a: Magneton|Magneton|37/100
|-damage|p2a: Magneton|31/100|[from] Stealth Rock
|move|p1a: Klinklang|Shift Gear|p1a: Klinklang
|-boost|p1a: Klinklang|spe|2
|-boost|p1a: Klinklang|atk|1
|
|upkeep
|turn|25
|
|t:|1654199211
|move|p1a: Klinklang|Wild Charge|p2a: Magneton
|-resisted|p2a: Magneton
|-damage|p2a: Magneton|13/100
|-damage|p1a: Klinklang|96/100|[from] Recoil
|move|p2a: Magneton|Rest|p2a: Magneton
|-status|p2a: Magneton|slp|[from] move: Rest
|-heal|p2a: Magneton|100/100 slp|[silent]
|
|-end|p1a: Klinklang|move: Future Sight
|-resisted|p1a: Klinklang
|-crit|p1a: Klinklang
|-damage|p1a: Klinklang|57/100
|-heal|p1a: Klinklang|63/100|[from] item: Leftovers
|upkeep
|turn|26
|
|t:|1654199223
|move|p1a: Klinklang|Shift Gear|p1a: Klinklang
|-boost|p1a: Klinklang|spe|2
|-boost|p1a: Klinklang|atk|1
|cant|p2a: Magneton|slp
|move|p2a: Magneton|Sleep Talk|p2a: Magneton
|move|p2a: Magneton|Rest||[from]move: Sleep Talk|[still]
|-fail|p2a: Magneton
|
|-heal|p1a: Klinklang|69/100|[from] item: Leftovers
|upkeep
|turn|27
|
|t:|1654199237
|move|p1a: Klinklang|Shift Gear|p1a: Klinklang
|-boost|p1a: Klinklang|spe|2
|-boost|p1a: Klinklang|atk|1
|cant|p2a: Magneton|slp
|move|p2a: Magneton|Sleep Talk|p2a: Magneton
|move|p2a: Magneton|Flash Cannon|p1a: Klinklang|[from]move: Sleep Talk
|-resisted|p1a: Klinklang
|-damage|p1a: Klinklang|37/100
|
|-heal|p1a: Klinklang|43/100|[from] item: Leftovers
|upkeep
|turn|28
|
|t:|1654199247
|move|p1a: Klinklang|Wild Charge|p2a: Magneton
|-resisted|p2a: Magneton
|-damage|p2a: Magneton|73/100 slp
|-damage|p1a: Klinklang|37/100|[from] Recoil
|-curestatus|p2a: Magneton|slp|[msg]
|move|p2a: Magneton|Volt Switch|p1a: Klinklang
|-damage|p1a: Klinklang|0 fnt
|faint|p1a: Klinklang
|
|t:|1654199253
|switch|p2a: Eldegoss|Eldegoss, M|100/100|[from]move: Volt Switch
|
|upkeep
|-message|Octobop forfeited.
|
|win|yassy slay
|raw|Octobop's rating: 1476 &rarr; <strong>1465</strong><br />(-11 for losing)
|raw|yassy slay's rating: 1647 &rarr; <strong>1658</strong><br />(+11 for winning)
|l|☆Octobop
