|html|<div class="broadcast-blue"><strong>[Gen 8] PU is currently suspecting Scyther! For information on how to participate check out the <a href="https://www.smogon.com/forums/threads/np-ss-pu-stage-11-turn-turn-turn-scyther-retest.3707179/">suspect thread</a>.</strong></div>
|raw|<div class="broadcast-blue"><strong>This battle is required to be public due to a player having a name starting with 'pult4v4'.</div>
|j|☆PULT4V4DawnDreams
|j|☆Cyber Cop (Police)
|t:|1662914300
|gametype|singles
|player|p1|PULT4V4DawnDreams|rosa-masters|1262
|player|p2|Cyber Cop (Police)|officer-gen2|1364
|teamsize|p1|6
|teamsize|p2|6
|gen|8
|tier|[Gen 8] PU
|rated|
|rule|Sleep Clause Mod: Limit one foe put to sleep
|rule|Species Clause: Limit one of each Pokémon
|rule|OHKO Clause: OHKO moves are banned
|rule|Evasion Items Clause: Evasion items are banned
|rule|Evasion Moves Clause: Evasion moves are banned
|rule|Endless Battle Clause: Forcing endless battles is banned
|rule|HP Percentage Mod: HP is shown in percentages
|rule|Dynamax Clause: You cannot dynamax
|clearpoke
|poke|p1|Aggron, F|
|poke|p1|Pyukumuku, M|
|poke|p1|Audino, F|
|poke|p1|Eldegoss, F|
|poke|p1|Articuno|
|poke|p1|Gothitelle, F|
|poke|p2|Charizard, F|
|poke|p2|Cradily, M|
|poke|p2|Scrafty, F|
|poke|p2|Ribombee, F|
|poke|p2|Togedemaru, M|
|poke|p2|Wishiwashi, M|
|teampreview
|inactive|Battle timer is ON: inactive players will automatically lose when time's up. (requested by PULT4V4DawnDreams)
|
|t:|1662914322
|start
|switch|p1a: Gothitelle|Gothitelle, F|100/100
|switch|p2a: Wishiwashi|Wishiwashi, M|100/100
|-item|p2a: Wishiwashi|Leftovers|[from] ability: Frisk|[of] p1a: Gothitelle|[identify]
|-formechange|p2a: Wishiwashi|Wishiwashi-School||[from] ability: Schooling
|turn|1
|
|t:|1662914342
|switch|p1a: Eldegoss|Eldegoss, F|100/100
|move|p2a: Wishiwashi|U-turn|p1a: Eldegoss
|-supereffective|p1a: Eldegoss
|-damage|p1a: Eldegoss|70/100
|
|t:|1662914346
|switch|p2a: Charizard|Charizard, F|100/100|[from]move: U-turn
|
|upkeep
|turn|2
|
|t:|1662914352
|switch|p1a: Audino|Audino, F|100/100
|move|p2a: Charizard|Toxic|p1a: Audino
|-status|p1a: Audino|tox
|
|-damage|p1a: Audino|94/100 tox|[from] psn
|upkeep
|turn|3
|
|t:|1662914357
|move|p2a: Charizard|Flamethrower|p1a: Audino
|-damage|p1a: Audino|72/100 tox
|move|p1a: Audino|Knock Off|p2a: Charizard
|-damage|p2a: Charizard|82/100
|-enditem|p2a: Charizard|Heavy-Duty Boots|[from] move: Knock Off|[of] p1a: Audino
|
|-heal|p1a: Audino|78/100 tox|[from] item: Leftovers
|-damage|p1a: Audino|66/100 tox|[from] psn
|upkeep
|turn|4
|
|t:|1662914373
|switch|p1a: Gothitelle|Gothitelle, F|100/100
|move|p2a: Charizard|Flamethrower|p1a: Gothitelle
|-crit|p1a: Gothitelle
|-damage|p1a: Gothitelle|65/100
|
|upkeep
|turn|5
|
|t:|1662914382
|switch|p2a: Togedemaru|Togedemaru, M|100/100
|move|p1a: Gothitelle|Mean Look|p2a: Togedemaru
|-activate|p2a: Togedemaru|trapped
|
|upkeep
|turn|6
|
|t:|1662914403
|switch|p1a: Audino|Audino, F|99/100 tox
|move|p2a: Togedemaru|U-turn|p1a: Audino
|-damage|p1a: Audino|83/100 tox
|
|t:|1662914406
|switch|p2a: Scrafty|Scrafty, F|100/100|[from]move: U-turn
|-ability|p2a: Scrafty|Intimidate|boost
|-unboost|p1a: Audino|atk|1
|
|-heal|p1a: Audino|89/100 tox|[from] item: Leftovers
|-damage|p1a: Audino|83/100 tox|[from] psn
|upkeep
|turn|7
|
|t:|1662914413
|switch|p1a: Pyukumuku|Pyukumuku, M|100/100
|move|p2a: Scrafty|Knock Off|p1a: Pyukumuku
|-damage|p1a: Pyukumuku|56/100
|-enditem|p1a: Pyukumuku|Leftovers|[from] move: Knock Off|[of] p2a: Scrafty
|
|upkeep
|turn|8
|
|t:|1662914418
|switch|p2a: Togedemaru|Togedemaru, M|100/100
|move|p1a: Pyukumuku|Recover|p1a: Pyukumuku
|-heal|p1a: Pyukumuku|100/100
|
|upkeep
|turn|9
|
|t:|1662914422
|switch|p1a: Audino|Audino, F|100/100 tox
|move|p2a: Togedemaru|U-turn|p1a: Audino
|-damage|p1a: Audino|86/100 tox
|
|t:|1662914424
|switch|p2a: Scrafty|Scrafty, F|100/100|[from]move: U-turn
|-ability|p2a: Scrafty|Intimidate|boost
|-unboost|p1a: Audino|atk|1
|
|-heal|p1a: Audino|92/100 tox|[from] item: Leftovers
|-damage|p1a: Audino|86/100 tox|[from] psn
|upkeep
|turn|10
|
|t:|1662914428
|switch|p1a: Pyukumuku|Pyukumuku, M|100/100
|move|p2a: Scrafty|Close Combat|p1a: Pyukumuku
|-damage|p1a: Pyukumuku|48/100
|-unboost|p2a: Scrafty|def|1
|-unboost|p2a: Scrafty|spd|1
|
|upkeep
|turn|11
|inactive|PULT4V4DawnDreams has 120 seconds left.
|
|t:|1662914469
|move|p2a: Scrafty|Close Combat|p1a: Pyukumuku
|-damage|p1a: Pyukumuku|0 fnt
|-unboost|p2a: Scrafty|def|1
|-unboost|p2a: Scrafty|spd|1
|faint|p1a: Pyukumuku
|
|upkeep
|
|t:|1662914478
|switch|p1a: Gothitelle|Gothitelle, F|65/100
|-item|p2a: Scrafty|Choice Band|[from] ability: Frisk|[of] p1a: Gothitelle|[identify]
|turn|12
|
|t:|1662914484
|switch|p2a: Togedemaru|Togedemaru, M|100/100
|move|p1a: Gothitelle|Rest|p1a: Gothitelle
|-status|p1a: Gothitelle|slp|[from] move: Rest
|-heal|p1a: Gothitelle|100/100 slp|[silent]
|
|upkeep
|turn|13
|
|t:|1662914489
|switch|p1a: Audino|Audino, F|100/100 tox
|move|p2a: Togedemaru|U-turn|p1a: Audino
|-damage|p1a: Audino|85/100 tox
|
|t:|1662914491
|switch|p2a: Scrafty|Scrafty, F|100/100|[from]move: U-turn
|-ability|p2a: Scrafty|Intimidate|boost
|-unboost|p1a: Audino|atk|1
|
|-heal|p1a: Audino|91/100 tox|[from] item: Leftovers
|-damage|p1a: Audino|85/100 tox|[from] psn
|upkeep
|turn|14
|
|t:|1662914495
|move|p1a: Audino|Protect|p1a: Audino
|-singleturn|p1a: Audino|Protect
|move|p2a: Scrafty|Knock Off|p1a: Audino
|-activate|p1a: Audino|move: Protect
|
|-heal|p1a: Audino|91/100 tox|[from] item: Leftovers
|-damage|p1a: Audino|79/100 tox|[from] psn
|upkeep
|turn|15
|
|t:|1662914511
|switch|p2a: Togedemaru|Togedemaru, M|100/100
|switch|p1a: Aggron|Aggron, F|100/100
|
|upkeep
|turn|16
|
|t:|1662914515
|move|p2a: Togedemaru|U-turn|p1a: Aggron
|-resisted|p1a: Aggron
|-damage|p1a: Aggron|97/100
|
|t:|1662914517
|switch|p2a: Wishiwashi|Wishiwashi, M|100/100|[from]move: U-turn
|-formechange|p2a: Wishiwashi|Wishiwashi-School||[from] ability: Schooling
|move|p1a: Aggron|Stealth Rock|p2a: Wishiwashi
|-sidestart|p2: Cyber Cop (Police)|move: Stealth Rock
|
|-heal|p1a: Aggron|100/100|[from] item: Leftovers
|upkeep
|turn|17
|
|t:|1662914529
|switch|p1a: Articuno|Articuno|100/100
|-ability|p1a: Articuno|Pressure
|move|p2a: Wishiwashi|Scald|p1a: Articuno
|-damage|p1a: Articuno|81/100
|
|upkeep
|turn|18
|
|t:|1662914536
|move|p1a: Articuno|Toxic|p2a: Wishiwashi
|-status|p2a: Wishiwashi|tox
|move|p2a: Wishiwashi|U-turn|p1a: Articuno
|-resisted|p1a: Articuno
|-damage|p1a: Articuno|73/100
|
|t:|1662914540
|switch|p2a: Togedemaru|Togedemaru, M|100/100|[from]move: U-turn
|-damage|p2a: Togedemaru|95/100|[from] Stealth Rock
|
|-heal|p2a: Togedemaru|100/100|[from] item: Leftovers
|upkeep
|turn|19
|
|t:|1662914555
|switch|p1a: Audino|Audino, F|100/100 tox
|move|p2a: Togedemaru|U-turn|p1a: Audino
|-damage|p1a: Audino|85/100 tox
|
|t:|1662914562
|switch|p2a: Scrafty|Scrafty, F|100/100|[from]move: U-turn
|-damage|p2a: Scrafty|95/100|[from] Stealth Rock
|-ability|p2a: Scrafty|Intimidate|boost
|-unboost|p1a: Audino|atk|1
|
|-heal|p1a: Audino|91/100 tox|[from] item: Leftovers
|-damage|p1a: Audino|85/100 tox|[from] psn
|upkeep
|turn|20
|
|t:|1662914567
|move|p1a: Audino|Protect|p1a: Audino
|-singleturn|p1a: Audino|Protect
|move|p2a: Scrafty|Drain Punch|p1a: Audino
|-activate|p1a: Audino|move: Protect
|
|-heal|p1a: Audino|91/100 tox|[from] item: Leftovers
|-damage|p1a: Audino|79/100 tox|[from] psn
|upkeep
|turn|21
|
|t:|1662914578
|switch|p1a: Eldegoss|Eldegoss, F|100/100
|move|p2a: Scrafty|Drain Punch|p1a: Eldegoss
|-damage|p1a: Eldegoss|59/100
|-heal|p2a: Scrafty|100/100|[from] drain|[of] p1a: Eldegoss
|
|upkeep
|turn|22
|
|t:|1662914588
|switch|p2a: Wishiwashi|Wishiwashi, M|100/100 tox
|-damage|p2a: Wishiwashi|88/100 tox|[from] Stealth Rock
|-formechange|p2a: Wishiwashi|Wishiwashi-School||[from] ability: Schooling
|move|p1a: Eldegoss|Aromatherapy|p1a: Eldegoss
|-activate|p1a: Eldegoss|move: Aromatherapy
|-curestatus|p1: Gothitelle|slp|[msg]
|-curestatus|p1: Audino|tox|[msg]
|
|-heal|p2a: Wishiwashi|94/100 tox|[from] item: Leftovers
|-damage|p2a: Wishiwashi|88/100 tox|[from] psn
|upkeep
|turn|23
|
|t:|1662914594
|switch|p1a: Articuno|Articuno|73/100
|-ability|p1a: Articuno|Pressure
|move|p2a: Wishiwashi|U-turn|p1a: Articuno
|-resisted|p1a: Articuno
|-damage|p1a: Articuno|64/100
|
|t:|1662914598
|switch|p2a: Scrafty|Scrafty, F|100/100|[from]move: U-turn
|-damage|p2a: Scrafty|95/100|[from] Stealth Rock
|-ability|p2a: Scrafty|Intimidate|boost
|-unboost|p1a: Articuno|atk|1
|
|upkeep
|turn|24
|
|t:|1662914604
|switch|p1a: Eldegoss|Eldegoss, F|92/100
|move|p2a: Scrafty|Knock Off|p1a: Eldegoss
|-damage|p1a: Eldegoss|42/100
|-enditem|p1a: Eldegoss|Heavy-Duty Boots|[from] move: Knock Off|[of] p2a: Scrafty
|
|upkeep
|turn|25
|
|t:|1662914623
|move|p2a: Scrafty|Knock Off|p1a: Eldegoss
|-damage|p1a: Eldegoss|8/100
|move|p1a: Eldegoss|Leech Seed|p2a: Scrafty
|-start|p2a: Scrafty|move: Leech Seed
|
|-damage|p2a: Scrafty|82/100|[from] Leech Seed|[of] p1a: Eldegoss
|-heal|p1a: Eldegoss|20/100|[silent]
|upkeep
|turn|26
|
|t:|1662914648
|switch|p2a: Togedemaru|Togedemaru, M|100/100
|-damage|p2a: Togedemaru|95/100|[from] Stealth Rock
|switch|p1a: Aggron|Aggron, F|100/100
|
|-heal|p2a: Togedemaru|100/100|[from] item: Leftovers
|upkeep
|turn|27
|
|t:|1662914666
|move|p2a: Togedemaru|U-turn|p1a: Aggron
|-resisted|p1a: Aggron
|-damage|p1a: Aggron|97/100
|
|t:|1662914667
|switch|p2a: Wishiwashi|Wishiwashi, M|88/100 tox|[from]move: U-turn
|-damage|p2a: Wishiwashi|76/100 tox|[from] Stealth Rock
|-formechange|p2a: Wishiwashi|Wishiwashi-School||[from] ability: Schooling
|move|p1a: Aggron|Body Press|p2a: Wishiwashi
|-damage|p2a: Wishiwashi|49/100 tox
|
|-heal|p1a: Aggron|100/100|[from] item: Leftovers
|-heal|p2a: Wishiwashi|55/100 tox|[from] item: Leftovers
|-damage|p2a: Wishiwashi|49/100 tox|[from] psn
|upkeep
|turn|28
|
|t:|1662914688
|switch|p1a: Eldegoss|Eldegoss, F|53/100
|move|p2a: Wishiwashi|Rest|p2a: Wishiwashi
|-status|p2a: Wishiwashi|slp|[from] move: Rest
|-heal|p2a: Wishiwashi|100/100 slp|[silent]
|
|upkeep
|turn|29
|
|t:|1662914692
|switch|p1a: Articuno|Articuno|64/100
|-ability|p1a: Articuno|Pressure
|cant|p2a: Wishiwashi|slp
|move|p2a: Wishiwashi|Sleep Talk|p2a: Wishiwashi
|move|p2a: Wishiwashi|Rest||[from]move: Sleep Talk|[still]
|-fail|p2a: Wishiwashi
|
|upkeep
|turn|30
|
|t:|1662914699
|move|p1a: Articuno|Roost|p1a: Articuno
|-heal|p1a: Articuno|100/100
|-singleturn|p1a: Articuno|move: Roost
|cant|p2a: Wishiwashi|slp
|move|p2a: Wishiwashi|Sleep Talk|p2a: Wishiwashi
|move|p2a: Wishiwashi|Rest||[from]move: Sleep Talk|[still]
|-fail|p2a: Wishiwashi
|
|upkeep
|turn|31
|
|t:|1662914707
|move|p1a: Articuno|Freeze-Dry|p2a: Wishiwashi
|-supereffective|p2a: Wishiwashi
|-damage|p2a: Wishiwashi|61/100 slp
|-curestatus|p2a: Wishiwashi|slp|[msg]
|move|p2a: Wishiwashi|Scald|p1a: Articuno
|-damage|p1a: Articuno|81/100
|
|-heal|p2a: Wishiwashi|67/100|[from] item: Leftovers
|upkeep
|turn|32
|
|t:|1662914714
|switch|p2a: Togedemaru|Togedemaru, M|100/100
|-damage|p2a: Togedemaru|95/100|[from] Stealth Rock
|move|p1a: Articuno|Freeze-Dry|p2a: Togedemaru
|-resisted|p2a: Togedemaru
|-damage|p2a: Togedemaru|83/100
|
|-heal|p2a: Togedemaru|89/100|[from] item: Leftovers
|upkeep
|turn|33
|
|t:|1662914737
|switch|p1a: Aggron|Aggron, F|100/100
|move|p2a: Togedemaru|U-turn|p1a: Aggron
|-resisted|p1a: Aggron
|-damage|p1a: Aggron|97/100
|
|t:|1662914739
|switch|p2a: Scrafty|Scrafty, F|82/100|[from]move: U-turn
|-damage|p2a: Scrafty|76/100|[from] Stealth Rock
|-ability|p2a: Scrafty|Intimidate|boost
|-unboost|p1a: Aggron|atk|1
|
|-heal|p1a: Aggron|100/100|[from] item: Leftovers
|upkeep
|turn|34
|
|t:|1662914748
|switch|p1a: Eldegoss|Eldegoss, F|87/100
|move|p2a: Scrafty|Poison Jab|p1a: Eldegoss
|-supereffective|p1a: Eldegoss
|-damage|p1a: Eldegoss|28/100
|-status|p1a: Eldegoss|psn
|
|-damage|p1a: Eldegoss|16/100 psn|[from] psn
|upkeep
|turn|35
|
|t:|1662914754
|switch|p2a: Wishiwashi|Wishiwashi, M|67/100
|-damage|p2a: Wishiwashi|55/100|[from] Stealth Rock
|-formechange|p2a: Wishiwashi|Wishiwashi-School||[from] ability: Schooling
|switch|p1a: Aggron|Aggron, F|100/100
|
|-heal|p2a: Wishiwashi|61/100|[from] item: Leftovers
|upkeep
|turn|36
|
|t:|1662914759
|switch|p1a: Articuno|Articuno|81/100
|-ability|p1a: Articuno|Pressure
|move|p2a: Wishiwashi|Scald|p1a: Articuno
|-damage|p1a: Articuno|60/100
|-status|p1a: Articuno|brn
|
|-heal|p2a: Wishiwashi|67/100|[from] item: Leftovers
|-damage|p1a: Articuno|53/100 brn|[from] brn
|upkeep
|turn|37
|
|t:|1662914765
|move|p1a: Articuno|Roost|p1a: Articuno
|-heal|p1a: Articuno|100/100 brn
|-singleturn|p1a: Articuno|move: Roost
|move|p2a: Wishiwashi|U-turn|p1a: Articuno
|-damage|p1a: Articuno|82/100 brn
|
|t:|1662914767
|switch|p2a: Scrafty|Scrafty, F|76/100|[from]move: U-turn
|-damage|p2a: Scrafty|70/100|[from] Stealth Rock
|-ability|p2a: Scrafty|Intimidate|boost
|-unboost|p1a: Articuno|atk|1
|
|-damage|p1a: Articuno|76/100 brn|[from] brn
|upkeep
|turn|38
|
|t:|1662914775
|switch|p1a: Aggron|Aggron, F|100/100
|move|p2a: Scrafty|Close Combat|p1a: Aggron
|-supereffective|p1a: Aggron
|-ability|p1a: Aggron|Sturdy
|-damage|p1a: Aggron|1/100
|-unboost|p2a: Scrafty|def|1
|-unboost|p2a: Scrafty|spd|1
|
|-heal|p1a: Aggron|7/100|[from] item: Leftovers
|upkeep
|turn|39
|
|t:|1662914782
|move|p2a: Scrafty|Close Combat|p1a: Aggron
|-supereffective|p1a: Aggron
|-damage|p1a: Aggron|0 fnt
|-unboost|p2a: Scrafty|def|1
|-unboost|p2a: Scrafty|spd|1
|faint|p1a: Aggron
|
|upkeep
|
|t:|1662914786
|switch|p1a: Gothitelle|Gothitelle, F|100/100
|-item|p2a: Scrafty|Choice Band|[from] ability: Frisk|[of] p1a: Gothitelle|[identify]
|turn|40
|
|t:|1662914788
|switch|p2a: Togedemaru|Togedemaru, M|89/100
|-damage|p2a: Togedemaru|83/100|[from] Stealth Rock
|move|p1a: Gothitelle|Mean Look|p2a: Togedemaru
|-activate|p2a: Togedemaru|trapped
|
|-heal|p2a: Togedemaru|89/100|[from] item: Leftovers
|upkeep
|turn|41
|
|t:|1662914793
|switch|p1a: Audino|Audino, F|100/100
|move|p2a: Togedemaru|Wish|p2a: Togedemaru
|
|-heal|p2a: Togedemaru|95/100|[from] item: Leftovers
|upkeep
|turn|42
|
|t:|1662914798
|switch|p2a: Charizard|Charizard, F|82/100
|-damage|p2a: Charizard|33/100|[from] Stealth Rock
|move|p1a: Audino|Knock Off|p2a: Charizard
|-damage|p2a: Charizard|21/100
|
|-heal|p2a: Charizard|68/100|[from] move: Wish|[wisher] Togedemaru
|upkeep
|turn|43
|
|t:|1662914807
|move|p2a: Charizard|Defog|p1a: Audino
|-unboost|p1a: Audino|evasion|1
|-sideend|p2: Cyber Cop (Police)|Stealth Rock|[from] move: Defog|[of] p2a: Charizard
|move|p1a: Audino|Heal Bell|p1a: Audino
|-activate|p1a: Audino|move: Heal Bell
|-curestatus|p1: Articuno|brn|[msg]
|-curestatus|p1: Eldegoss|psn|[msg]
|
|upkeep
|turn|44
|
|t:|1662914811
|move|p2a: Charizard|Toxic|p1a: Audino
|-status|p1a: Audino|tox
|move|p1a: Audino|Wish|p1a: Audino
|
|-damage|p1a: Audino|94/100 tox|[from] psn
|upkeep
|turn|45
|
|t:|1662914814
|move|p2a: Charizard|Flamethrower|p1a: Audino
|-damage|p1a: Audino|74/100 tox
|move|p1a: Audino|Knock Off|p2a: Charizard
|-damage|p2a: Charizard|56/100
|
|-heal|p1a: Audino|100/100 tox|[from] move: Wish|[wisher] Audino
|-damage|p1a: Audino|88/100 tox|[from] psn
|upkeep
|turn|46
|
|t:|1662914817
|move|p2a: Charizard|Roost|p2a: Charizard
|-heal|p2a: Charizard|100/100
|-singleturn|p2a: Charizard|move: Roost
|move|p1a: Audino|Heal Bell|p1a: Audino
|-activate|p1a: Audino|move: Heal Bell
|-curestatus|p1a: Audino|tox|[msg]
|
|-heal|p1a: Audino|94/100|[from] item: Leftovers
|upkeep
|turn|47
|
|t:|1662914820
|move|p1a: Audino|Protect|p1a: Audino
|-singleturn|p1a: Audino|Protect
|move|p2a: Charizard|Toxic|p1a: Audino
|-activate|p1a: Audino|move: Protect
|
|-heal|p1a: Audino|100/100|[from] item: Leftovers
|upkeep
|turn|48
|
|t:|1662914823
|move|p2a: Charizard|Toxic|p1a: Audino
|-status|p1a: Audino|tox
|move|p1a: Audino|Wish|p1a: Audino
|
|-damage|p1a: Audino|94/100 tox|[from] psn
|upkeep
|turn|49
|
|t:|1662914826
|switch|p1a: Gothitelle|Gothitelle, F|100/100
|move|p2a: Charizard|Flamethrower|p1a: Gothitelle
|-damage|p1a: Gothitelle|77/100
|
|-heal|p1a: Gothitelle|100/100|[from] move: Wish|[wisher] Audino
|upkeep
|turn|50
|
|t:|1662914831
|switch|p2a: Togedemaru|Togedemaru, M|95/100
|move|p1a: Gothitelle|Mean Look|p2a: Togedemaru
|-activate|p2a: Togedemaru|trapped
|
|-heal|p2a: Togedemaru|100/100|[from] item: Leftovers
|upkeep
|turn|51
|
|t:|1662914834
|switch|p1a: Audino|Audino, F|100/100 tox
|move|p2a: Togedemaru|U-turn|p1a: Audino
|-damage|p1a: Audino|85/100 tox
|
|t:|1662914841
|switch|p2a: Scrafty|Scrafty, F|70/100|[from]move: U-turn
|-ability|p2a: Scrafty|Intimidate|boost
|-unboost|p1a: Audino|atk|1
|
|-heal|p1a: Audino|91/100 tox|[from] item: Leftovers
|-damage|p1a: Audino|85/100 tox|[from] psn
|upkeep
|turn|52
|
|t:|1662914853
|move|p1a: Audino|Protect|p1a: Audino
|-singleturn|p1a: Audino|Protect
|move|p2a: Scrafty|Knock Off|p1a: Audino
|-activate|p1a: Audino|move: Protect
|
|-heal|p1a: Audino|91/100 tox|[from] item: Leftovers
|-damage|p1a: Audino|79/100 tox|[from] psn
|upkeep
|turn|53
|
|t:|1662914862
|switch|p1a: Eldegoss|Eldegoss, F|49/100
|move|p2a: Scrafty|Knock Off|p1a: Eldegoss
|-damage|p1a: Eldegoss|11/100
|
|upkeep
|turn|54
|
|t:|1662914867
|switch|p1a: Audino|Audino, F|100/100 tox
|move|p2a: Scrafty|Knock Off|p1a: Audino
|-damage|p1a: Audino|43/100 tox
|-enditem|p1a: Audino|Leftovers|[from] move: Knock Off|[of] p2a: Scrafty
|
|-damage|p1a: Audino|37/100 tox|[from] psn
|upkeep
|turn|55
|-message|PULT4V4DawnDreams forfeited.
|
|win|Cyber Cop (Police)
|raw|PULT4V4DawnDreams's rating: 1262 &rarr; <strong>1244</strong><br />(-18 for losing)
|raw|Cyber Cop (Police)'s rating: 1364 &rarr; <strong>1378</strong><br />(+14 for winning)
|l|☆PULT4V4DawnDreams
||Ladder isn't responding, score probably updated but might not have (Request timeout).
