|j|☆Eesturn
|j|☆Mrdin69
|t:|1620915916
|gametype|singles
|player|p1|Eesturn|psychic-gen4|1217
|player|p2|Mrdin69|argenta|1407
|teamsize|p1|6
|teamsize|p2|6
|gen|8
|tier|[Gen 8] PU
|rated|
|rule|Sleep Clause Mod: Limit one foe put to sleep
|rule|Species Clause: Limit one of each Pokémon
|rule|OHKO Clause: OHKO moves are banned
|rule|Evasion Moves Clause: Evasion moves are banned
|rule|Endless Battle Clause: Forcing endless battles is banned
|rule|HP Percentage Mod: HP is shown in percentages
|rule|Dynamax Clause: You cannot dynamax
|clearpoke
|poke|p1|Liepard, M|
|poke|p1|Rapidash, M|
|poke|p1|Xatu, F|
|poke|p1|Scyther, M|
|poke|p1|Palossand, F|
|poke|p1|Silvally-*|
|poke|p2|Dubwool, M|
|poke|p2|Xatu, M|
|poke|p2|Lanturn, M|
|poke|p2|Ribombee, F|
|poke|p2|Cradily, M|
|poke|p2|Boltund, M|
|teampreview
|
|t:|1620915924
|start
|switch|p1a: Scyther|Scyther, M|100/100
|switch|p2a: Green Lanturn|Lanturn, M, shiny|100/100
|turn|1
|
|t:|1620915929
|move|p1a: Scyther|U-turn|p2a: Green Lanturn
|-crit|p2a: Green Lanturn
|-damage|p2a: Green Lanturn|22/100
|
|t:|1620915934
|switch|p1a: Palossand|Palossand, F|100/100|[from]move: U-turn
|move|p2a: Green Lanturn|Volt Switch|p1a: Palossand
|-immune|p1a: Palossand
|
|upkeep
|turn|2
|
|t:|1620915942
|move|p2a: Green Lanturn|Scald|p1a: Palossand
|-supereffective|p1a: Palossand
|-damage|p1a: Palossand|36/100
|-ability|p1a: Palossand|Water Compaction|boost
|-boost|p1a: Palossand|def|2
|move|p1a: Palossand|Stealth Rock|p2a: Green Lanturn
|-sidestart|p2: Mrdin69|move: Stealth Rock
|
|-heal|p1a: Palossand|42/100|[from] item: Leftovers
|upkeep
|turn|3
|
|t:|1620915962
|move|p2a: Green Lanturn|Scald|p1a: Palossand
|-supereffective|p1a: Palossand
|-damage|p1a: Palossand|0 fnt
|faint|p1a: Palossand
|
|upkeep
|
|t:|1620915968
|switch|p1a: Scyther|Scyther, M|100/100
|turn|4
|
|t:|1620915976
|switch|p2a: Meh|Dubwool, M|100/100
|-damage|p2a: Meh|88/100|[from] Stealth Rock
|move|p1a: Scyther|Knock Off|p2a: Meh
|-crit|p2a: Meh
|-damage|p2a: Meh|65/100
|-damage|p1a: Scyther|84/100|[from] item: Rocky Helmet|[of] p2a: Meh
|-enditem|p2a: Meh|Rocky Helmet|[from] move: Knock Off|[of] p1a: Scyther
|
|upkeep
|turn|5
|
|t:|1620915991
|switch|p1a: Liepard|Liepard, M|100/100
|move|p2a: Meh|Body Press|p1a: Liepard
|-supereffective|p1a: Liepard
|-damage|p1a: Liepard|0 fnt
|faint|p1a: Liepard
|
|upkeep
|
|t:|1620915999
|switch|p1a: Rapidash|Rapidash, M|100/100
|turn|6
|
|t:|1620916002
|move|p1a: Rapidash|Swords Dance|p1a: Rapidash
|-boost|p1a: Rapidash|atk|2
|move|p2a: Meh|Cotton Guard|p2a: Meh
|-boost|p2a: Meh|def|3
|
|upkeep
|turn|7
|
|t:|1620916007
|move|p1a: Rapidash|Swords Dance|p1a: Rapidash
|-boost|p1a: Rapidash|atk|2
|move|p2a: Meh|Cotton Guard|p2a: Meh
|-boost|p2a: Meh|def|3
|
|upkeep
|turn|8
|
|t:|1620916012
|move|p1a: Rapidash|Flare Blitz|p2a: Meh
|-damage|p2a: Meh|37/100
|-damage|p1a: Rapidash|89/100|[from] Recoil
|move|p2a: Meh|Body Press|p1a: Rapidash
|-damage|p1a: Rapidash|0 fnt
|faint|p1a: Rapidash
|
|upkeep
|
|t:|1620916019
|switch|p1a: Xatu|Xatu, F|100/100
|turn|9
|
|t:|1620916025
|switch|p2a: Green Lanturn|Lanturn, M, shiny|22/100
|-damage|p2a: Green Lanturn|10/100|[from] Stealth Rock
|move|p1a: Xatu|Psychic|p2a: Green Lanturn
|-damage|p2a: Green Lanturn|0 fnt
|faint|p2a: Green Lanturn
|
|upkeep
|
|t:|1620916029
|switch|p2a: Charlie|Boltund, M|100/100
|-damage|p2a: Charlie|88/100|[from] Stealth Rock
|turn|10
|
|t:|1620916036
|move|p2a: Charlie|Thunder Fang|p1a: Xatu
|-supereffective|p1a: Xatu
|-damage|p1a: Xatu|2/100
|-damage|p2a: Charlie|79/100|[from] item: Life Orb
|move|p1a: Xatu|Teleport|p1a: Xatu
|
|t:|1620916041
|switch|p1a: Silvally|Silvally-Fairy|100/100|[from]move: Teleport
|
|upkeep
|turn|11
|
|t:|1620916048
|switch|p2a: Spongey|Cradily, M|100/100
|-damage|p2a: Spongey|88/100|[from] Stealth Rock
|move|p1a: Silvally|Flame Charge|p2a: Spongey
|-damage|p2a: Spongey|74/100
|-boost|p1a: Silvally|spe|1
|
|-heal|p2a: Spongey|81/100|[from] item: Leftovers
|upkeep
|turn|12
|
|t:|1620916057
|move|p1a: Silvally|Swords Dance|p1a: Silvally
|-boost|p1a: Silvally|atk|2
|move|p2a: Spongey|Toxic|p1a: Silvally
|-status|p1a: Silvally|tox
|
|-heal|p2a: Spongey|87/100|[from] item: Leftovers
|-damage|p1a: Silvally|94/100 tox|[from] psn
|upkeep
|turn|13
|
|t:|1620916066
|move|p1a: Silvally|Multi-Attack|p2a: Spongey
|-damage|p2a: Spongey|0 fnt
|faint|p2a: Spongey
|
|-damage|p1a: Silvally|82/100 tox|[from] psn
|upkeep
|
|t:|1620916072
|switch|p2a: Meh|Dubwool, M|37/100
|-damage|p2a: Meh|25/100|[from] Stealth Rock
|turn|14
|
|t:|1620916076
|move|p1a: Silvally|Multi-Attack|p2a: Meh
|-damage|p2a: Meh|0 fnt
|faint|p2a: Meh
|
|-damage|p1a: Silvally|64/100 tox|[from] psn
|upkeep
|
|t:|1620916087
|switch|p2a: Right back at u|Xatu, M|100/100
|turn|15
|
|t:|1620916090
|move|p1a: Silvally|Multi-Attack|p2a: Right back at u
|-damage|p2a: Right back at u|0 fnt
|faint|p2a: Right back at u
|
|-damage|p1a: Silvally|40/100 tox|[from] psn
|upkeep
|
|t:|1620916095
|switch|p2a: Anticipation|Ribombee, F|100/100
|-damage|p2a: Anticipation|76/100|[from] Stealth Rock
|turn|16
|
|t:|1620916098
|move|p1a: Silvally|Multi-Attack|p2a: Anticipation
|-damage|p2a: Anticipation|0 fnt
|faint|p2a: Anticipation
|
|-damage|p1a: Silvally|10/100 tox|[from] psn
|upkeep
|
|t:|1620916101
|switch|p2a: Charlie|Boltund, M|79/100
|-damage|p2a: Charlie|66/100|[from] Stealth Rock
|turn|17
|
|t:|1620916108
|move|p1a: Silvally|Explosion|p2a: Charlie
|-damage|p2a: Charlie|0 fnt
|faint|p1a: Silvally
|faint|p2a: Charlie
|
|win|Eesturn
|raw|Eesturn's rating: 1217 &rarr; <strong>1254</strong><br />(+37 for winning)
|raw|Mrdin69's rating: 1407 &rarr; <strong>1377</strong><br />(-30 for losing)
|c|☆Eesturn|gg
