|j|☆JoJo Reference #10
|j|☆INSANE CARZY GUY
|t:|1667970410
|gametype|singles
|player|p1|JoJo Reference #10|102|1526
|player|p2|INSANE CARZY GUY|pilot|1424
|teamsize|p1|6
|teamsize|p2|6
|gen|8
|tier|[Gen 8] PU
|rated|
|rule|Sleep Clause Mod: Limit one foe put to sleep
|rule|Species Clause: Limit one of each Pokémon
|rule|OHKO Clause: OHKO moves are banned
|rule|Evasion Items Clause: Evasion items are banned
|rule|Evasion Moves Clause: Evasion moves are banned
|rule|Endless Battle Clause: Forcing endless battles is banned
|rule|HP Percentage Mod: HP is shown in percentages
|rule|Dynamax Clause: You cannot dynamax
|clearpoke
|poke|p1|Jolteon, F|
|poke|p1|Ludicolo, F|
|poke|p1|Kabutops, F|
|poke|p1|Whiscash, F|
|poke|p1|Qwilfish, F|
|poke|p1|Ferroseed, F|
|poke|p2|Silvally-*|
|poke|p2|Thwackey, F|
|poke|p2|Uxie|
|poke|p2|Krabby, F|
|poke|p2|Coalossal, F|
|poke|p2|Hitmonlee, M|
|teampreview
|
|t:|1667970421
|start
|switch|p1a: Qwilfish|Qwilfish, F|100/100
|switch|p2a: Silvally|Silvally-Dragon|100/100
|turn|1
|
|t:|1667970430
|switch|p1a: Jolteon|Jolteon, F|100/100
|move|p2a: Silvally|Draco Meteor|p1a: Jolteon
|-damage|p1a: Jolteon|26/100
|-unboost|p2a: Silvally|spa|2
|
|upkeep
|turn|2
|
|t:|1667970433
|move|p1a: Jolteon|Rain Dance|p1a: Jolteon
|-weather|RainDance
|move|p2a: Silvally|Parting Shot|p1a: Jolteon
|-unboost|p1a: Jolteon|atk|1
|-unboost|p1a: Jolteon|spa|1
|
|t:|1667970439
|switch|p2a: Thwackey|Thwackey, F|100/100|[from]move: Parting Shot
|-fieldstart|move: Grassy Terrain|[from] ability: Grassy Surge|[of] p2a: Thwackey
|
|-weather|RainDance|[upkeep]
|-heal|p1a: Jolteon|32/100|[from] Grassy Terrain
|upkeep
|turn|3
|
|t:|1667970441
|move|p1a: Jolteon|Thunder|p2a: Thwackey
|-resisted|p2a: Thwackey
|-damage|p2a: Thwackey|72/100
|move|p2a: Thwackey|Knock Off|p1a: Jolteon
|-damage|p1a: Jolteon|0 fnt
|-enditem|p1a: Jolteon|Damp Rock|[from] move: Knock Off|[of] p2a: Thwackey
|faint|p1a: Jolteon
|
|-weather|RainDance|[upkeep]
|-heal|p2a: Thwackey|78/100|[from] Grassy Terrain
|upkeep
|
|t:|1667970445
|switch|p1a: Qwilfish|Qwilfish, F|100/100
|turn|4
|
|t:|1667970453
|switch|p2a: Coalossal|Coalossal, F|100/100
|move|p1a: Qwilfish|Swords Dance|p1a: Qwilfish
|-boost|p1a: Qwilfish|atk|2
|
|-weather|RainDance|[upkeep]
|upkeep
|turn|5
|
|t:|1667970460
|switch|p2a: OH-NO|Krabby, F|100/100
|move|p1a: Qwilfish|Liquidation|p2a: OH-NO
|-resisted|p2a: OH-NO
|-damage|p2a: OH-NO|0 fnt
|faint|p2a: OH-NO
|
|-weather|RainDance|[upkeep]
|upkeep
|
|t:|1667970464
|switch|p2a: Thwackey|Thwackey, F|78/100
|turn|6
|
|t:|1667970466
|move|p2a: Thwackey|Grassy Glide|p1a: Qwilfish
|-damage|p1a: Qwilfish|16/100
|move|p1a: Qwilfish|Poison Jab|p2a: Thwackey
|-supereffective|p2a: Thwackey
|-damage|p2a: Thwackey|0 fnt
|faint|p2a: Thwackey
|
|-weather|RainDance|[upkeep]
|-heal|p1a: Qwilfish|22/100|[from] Grassy Terrain
|-fieldend|move: Grassy Terrain
|upkeep
|-message|INSANE CARZY GUY forfeited.
|
|win|JoJo Reference #10
|raw|JoJo Reference #10's rating: 1526 &rarr; <strong>1540</strong><br />(+14 for winning)
|raw|INSANE CARZY GUY's rating: 1424 &rarr; <strong>1410</strong><br />(-14 for losing)
|l|☆INSANE CARZY GUY
