|raw|<div class="broadcast-blue"><strong>This battle is required to be public due to a player having a name starting with 'pult72b'.</div>
|j|☆ii77
|j|☆pult72b z
|t:|1627819562
|gametype|singles
|player|p1|ii77|iris|1146
|player|p2|pult72b z|erika|1453
|teamsize|p1|6
|teamsize|p2|6
|gen|8
|tier|[Gen 8] PU
|rated|
|rule|Sleep Clause Mod: Limit one foe put to sleep
|rule|Species Clause: Limit one of each Pokémon
|rule|OHKO Clause: OHKO moves are banned
|rule|Evasion Moves Clause: Evasion moves are banned
|rule|Endless Battle Clause: Forcing endless battles is banned
|rule|HP Percentage Mod: HP is shown in percentages
|rule|Dynamax Clause: You cannot dynamax
|clearpoke
|poke|p1|Drampa, M|
|poke|p1|Whimsicott, F|
|poke|p1|Passimian, F|
|poke|p1|Silvally-*|
|poke|p1|Altaria, M|
|poke|p1|Togedemaru, M|
|poke|p2|Absol, F|
|poke|p2|Vikavolt, F|
|poke|p2|Mesprit|
|poke|p2|Tsareena, F|
|poke|p2|Silvally-*|
|poke|p2|Archeops, F|
|teampreview
|c|☆ii77|glhf
|
|t:|1627819603
|start
|switch|p1a: budget bisharp|Passimian, F|100/100
|switch|p2a: Archeops|Archeops, F|100/100
|turn|1
|
|t:|1627819631
|move|p1a: budget bisharp|Close Combat|p2a: Archeops
|-enditem|p2a: Archeops|Focus Sash
|-damage|p2a: Archeops|1/100
|-unboost|p1a: budget bisharp|def|1
|-unboost|p1a: budget bisharp|spd|1
|move|p2a: Archeops|Stealth Rock|p1a: budget bisharp
|-sidestart|p1: ii77|move: Stealth Rock
|
|upkeep
|turn|2
|
|t:|1627819641
|switch|p2a: Mesprit|Mesprit|100/100
|move|p1a: budget bisharp|Close Combat|p2a: Mesprit
|-resisted|p2a: Mesprit
|-damage|p2a: Mesprit|81/100
|-unboost|p1a: budget bisharp|def|1
|-unboost|p1a: budget bisharp|spd|1
|-enditem|p2a: Mesprit|Kee Berry|[eat]
|-boost|p2a: Mesprit|def|1|[from] item: Kee Berry
|
|upkeep
|turn|3
|
|t:|1627819656
|switch|p1a: Altaria|Altaria, M|100/100
|move|p2a: Mesprit|Calm Mind|p2a: Mesprit
|-boost|p2a: Mesprit|spa|1
|-boost|p2a: Mesprit|spd|1
|
|upkeep
|turn|4
|
|t:|1627819660
|move|p2a: Mesprit|Calm Mind|p2a: Mesprit
|-boost|p2a: Mesprit|spa|1
|-boost|p2a: Mesprit|spd|1
|move|p1a: Altaria|Toxic|p2a: Mesprit
|-status|p2a: Mesprit|tox
|
|-damage|p2a: Mesprit|75/100 tox|[from] psn
|upkeep
|turn|5
|
|t:|1627819671
|switch|p1a: Whimsicott|Whimsicott, F|100/100
|-damage|p1a: Whimsicott|88/100|[from] Stealth Rock
|move|p2a: Mesprit|Calm Mind|p2a: Mesprit
|-boost|p2a: Mesprit|spa|1
|-boost|p2a: Mesprit|spd|1
|
|-heal|p1a: Whimsicott|94/100|[from] item: Leftovers
|-damage|p2a: Mesprit|63/100 tox|[from] psn
|upkeep
|turn|6
|
|t:|1627819678
|move|p1a: Whimsicott|Leech Seed|p2a: Mesprit
|-start|p2a: Mesprit|move: Leech Seed
|move|p2a: Mesprit|Stored Power|p1a: Whimsicott
|-damage|p1a: Whimsicott|0 fnt
|faint|p1a: Whimsicott
|
|-damage|p2a: Mesprit|45/100 tox|[from] psn
|upkeep
|
|t:|1627819686
|switch|p1a: budget bisharp|Passimian, F|100/100
|-damage|p1a: budget bisharp|94/100|[from] Stealth Rock
|turn|7
|
|t:|1627819688
|move|p1a: budget bisharp|Knock Off|p2a: Mesprit
|-supereffective|p2a: Mesprit
|-damage|p2a: Mesprit|25/100 tox
|move|p2a: Mesprit|Draining Kiss|p1a: budget bisharp
|-supereffective|p1a: budget bisharp
|-damage|p1a: budget bisharp|0 fnt
|-heal|p2a: Mesprit|91/100 tox|[from] drain|[of] p1a: budget bisharp
|faint|p1a: budget bisharp
|
|-damage|p2a: Mesprit|67/100 tox|[from] psn
|upkeep
|
|t:|1627819698
|switch|p1a: Togedemaru|Togedemaru, M|100/100
|turn|8
|
|t:|1627819702
|move|p1a: Togedemaru|Spiky Shield|p1a: Togedemaru
|-singleturn|p1a: Togedemaru|move: Protect
|move|p2a: Mesprit|Stored Power|p1a: Togedemaru
|-activate|p1a: Togedemaru|move: Protect
|
|-damage|p2a: Mesprit|55/100 tox|[from] Leech Seed|[of] p1a: Togedemaru
|-damage|p2a: Mesprit|24/100 tox|[from] psn
|upkeep
|turn|9
|
|t:|1627819711
|move|p1a: Togedemaru|Wish|p1a: Togedemaru
|move|p2a: Mesprit|Rest|p2a: Mesprit
|-status|p2a: Mesprit|slp|[from] move: Rest
|-heal|p2a: Mesprit|100/100 slp|[silent]
|
|-damage|p2a: Mesprit|88/100 slp|[from] Leech Seed|[of] p1a: Togedemaru
|upkeep
|turn|10
|-message|ii77 forfeited.
|
|win|pult72b z
|raw|ii77's rating: 1146 &rarr; <strong>1139</strong><br />(-7 for losing)
|raw|pult72b z's rating: 1453 &rarr; <strong>1459</strong><br />(+6 for winning)
|l|☆pult72b z
