|html|<div class="broadcast-blue"><strong>[Gen 8] PU is currently suspecting Virizion! For information on how to participate check out the <a href="https://www.smogon.com/forums/threads/np-pu-stage-4-and-justice-for-all-virizion-suspect-test.3676543/">suspect thread</a>.</strong></div>
|j|☆pltrtothemoon
|j|☆Testpu12
|t:|1611988331
|player|p1|pltrtothemoon|169|1466
|player|p2|Testpu12|lucas|1401
|teamsize|p1|6
|teamsize|p2|6
|gametype|singles
|gen|8
|tier|[Gen 8] PU
|rated|
|clearpoke
|poke|p1|Ferroseed, M|
|poke|p1|Qwilfish, M|
|poke|p1|Claydol|
|poke|p1|Lickilicky, M|
|poke|p1|Sableye, F|
|poke|p1|Talonflame, F|
|poke|p2|Sandslash-Alola, F|
|poke|p2|Raichu, F|
|poke|p2|Mesprit|
|poke|p2|Aromatisse, F|
|poke|p2|Druddigon, F|
|poke|p2|Weezing, F|
|rule|Sleep Clause Mod: Limit one foe put to sleep
|rule|Species Clause: Limit one of each Pokémon
|rule|OHKO Clause: OHKO moves are banned
|rule|Evasion Moves Clause: Evasion moves are banned
|rule|Endless Battle Clause: Forcing endless battles is banned
|rule|HP Percentage Mod: HP is shown in percentages
|rule|Dynamax Clause: You cannot dynamax
|teampreview
|
|t:|1611988348
|start
|switch|p1a: Sableye|Sableye, F|100/100
|switch|p2a: Mesprit|Mesprit|100/100
|turn|1
|
|t:|1611988358
|switch|p2a: Aromatisse|Aromatisse, F|100/100
|move|p1a: Sableye|Knock Off|p2a: Aromatisse
|-resisted|p2a: Aromatisse
|-damage|p2a: Aromatisse|91/100
|-enditem|p2a: Aromatisse|Heavy-Duty Boots|[from] move: Knock Off|[of] p1a: Sableye
|
|upkeep
|turn|2
|
|t:|1611988375
|switch|p1a: Qwilfish|Qwilfish, M|100/100
|-ability|p1a: Qwilfish|Intimidate|boost
|-unboost|p2a: Aromatisse|atk|1
|switch|p2a: Weezing|Weezing, F|100/100
|
|upkeep
|turn|3
|
|t:|1611988390
|move|p1a: Qwilfish|Toxic Spikes|p2a: Weezing
|-sidestart|p2: Testpu12|move: Toxic Spikes
|move|p2a: Weezing|Toxic Spikes|p1a: Qwilfish
|-sidestart|p1: pltrtothemoon|move: Toxic Spikes
|
|upkeep
|turn|4
|
|t:|1611988396
|switch|p1a: Claydol|Claydol|100/100
|switch|p2a: Mesprit|Mesprit|100/100
|
|upkeep
|turn|5
|
|t:|1611988400
|move|p2a: Mesprit|Substitute|p2a: Mesprit
|-start|p2a: Mesprit|Substitute
|-damage|p2a: Mesprit|76/100
|move|p1a: Claydol|Stealth Rock|p2a: Mesprit
|-sidestart|p2: Testpu12|move: Stealth Rock
|
|-heal|p2a: Mesprit|82/100|[from] item: Leftovers
|upkeep
|turn|6
|
|t:|1611988406
|switch|p1a: Talonflame|Talonflame, F|100/100
|move|p2a: Mesprit|Nasty Plot|p2a: Mesprit
|-boost|p2a: Mesprit|spa|2
|
|-heal|p2a: Mesprit|88/100|[from] item: Leftovers
|upkeep
|turn|7
|
|t:|1611988409
|move|p1a: Talonflame|Flare Blitz|p2a: Mesprit
|-end|p2a: Mesprit|Substitute
|-damage|p1a: Talonflame|94/100|[from] Recoil|[of] p2a: Mesprit
|move|p2a: Mesprit|Psychic|p1a: Talonflame
|-damage|p1a: Talonflame|0 fnt
|faint|p1a: Talonflame
|
|-heal|p2a: Mesprit|94/100|[from] item: Leftovers
|upkeep
|
|t:|1611988420
|switch|p1a: Sableye|Sableye, F|100/100
|-status|p1a: Sableye|psn
|turn|8
|
|t:|1611988425
|move|p2a: Mesprit|Dazzling Gleam|p1a: Sableye
|-supereffective|p1a: Sableye
|-damage|p1a: Sableye|0 fnt
|faint|p1a: Sableye
|
|-heal|p2a: Mesprit|99/100|[from] item: Leftovers
|upkeep
|
|t:|1611988434
|switch|p1a: Ferroseed|Ferroseed, M|100/100
|turn|9
|
|t:|1611988436
|move|p2a: Mesprit|Substitute|p2a: Mesprit
|-start|p2a: Mesprit|Substitute
|-damage|p2a: Mesprit|75/100
|move|p1a: Ferroseed|Leech Seed||[still]
|-fail|p1a: Ferroseed
|
|-heal|p2a: Mesprit|81/100|[from] item: Leftovers
|upkeep
|turn|10
|
|t:|1611988443
|switch|p1a: Qwilfish|Qwilfish, M|100/100
|-sideend|p1: pltrtothemoon|move: Toxic Spikes|[of] p1a: Qwilfish
|-ability|p1a: Qwilfish|Intimidate|boost
|-immune|p2a: Mesprit
|move|p2a: Mesprit|Nasty Plot|p2a: Mesprit
|-boost|p2a: Mesprit|spa|2
|
|-heal|p2a: Mesprit|87/100|[from] item: Leftovers
|upkeep
|turn|11
|
|t:|1611988453
|switch|p1a: Ferroseed|Ferroseed, M|100/100
|move|p2a: Mesprit|Psychic|p1a: Ferroseed
|-resisted|p1a: Ferroseed
|-damage|p1a: Ferroseed|51/100
|
|-heal|p2a: Mesprit|93/100|[from] item: Leftovers
|upkeep
|turn|12
|
|t:|1611988458
|move|p1a: Ferroseed|Protect|p1a: Ferroseed
|-singleturn|p1a: Ferroseed|Protect
|move|p2a: Mesprit|Nasty Plot|p2a: Mesprit
|-boost|p2a: Mesprit|spa|2
|
|-heal|p2a: Mesprit|99/100|[from] item: Leftovers
|upkeep
|turn|13
|c|☆Testpu12|Gg
|inactive|Battle timer is ON: inactive players will automatically lose when time's up. (requested by Testpu12)
|-message|pltrtothemoon forfeited.
|
|win|Testpu12
|l|☆pltrtothemoon
|raw|pltrtothemoon's rating: 1434 &rarr; <strong>1412</strong><br />(-22 for losing)
|raw|Testpu12's rating: 1402 &rarr; <strong>1424</strong><br />(+22 for winning)
|c|☆Testpu12|Nice tspike
|l|☆Testpu12
