|j|☆acluh1
|j|☆Neverland Plays
|t:|1659310894
|gametype|singles
|player|p1|acluh1|karen|
|player|p2|Neverland Plays|blue-masters|
|teamsize|p1|6
|teamsize|p2|6
|gen|8
|tier|[Gen 8] PU
|rated|Tournament battle
|rule|Sleep Clause Mod: Limit one foe put to sleep
|rule|Species Clause: Limit one of each Pokémon
|rule|OHKO Clause: OHKO moves are banned
|rule|Evasion Moves Clause: Evasion moves are banned
|rule|Endless Battle Clause: Forcing endless battles is banned
|rule|HP Percentage Mod: HP is shown in percentages
|rule|Dynamax Clause: You cannot dynamax
|clearpoke
|poke|p1|Charizard, F|
|poke|p1|Gigalith, M|
|poke|p1|Jolteon, M|
|poke|p1|Pincurchin, M|
|poke|p1|Sandaconda, F|
|poke|p1|Vanilluxe, M|
|poke|p2|Torracat, F|
|poke|p2|Dusclops, F|
|poke|p2|Sandslash, M|
|poke|p2|Glaceon, F|
|poke|p2|Rapidash-Galar, M|
|poke|p2|Raboot, F|
|teampreview
|inactive|Battle timer is ON: inactive players will automatically lose when time's up. (requested by acluh1)
|j| davirdo
|j| Fab2.0
|c|☆acluh1|gl
|c| Fab2.0|gl
|
|t:|1659310915
|start
|switch|p1a: Vanilluxe|Vanilluxe, M, shiny|100/100
|switch|p2a: Torracat|Torracat, F, shiny|100/100
|-ability|p2a: Torracat|Intimidate|boost
|-unboost|p1a: Vanilluxe|atk|1
|-weather|Hail|[from] ability: Snow Warning|[of] p1a: Vanilluxe
|turn|1
|j| Generation10
|
|t:|1659310925
|move|p2a: Torracat|Parting Shot|p1a: Vanilluxe
|-unboost|p1a: Vanilluxe|atk|1
|-unboost|p1a: Vanilluxe|spa|1
|
|t:|1659310930
|switch|p2a: Glaceon|Glaceon, F, shiny|100/100|[from]move: Parting Shot
|move|p1a: Vanilluxe|Blizzard|p2a: Glaceon
|-resisted|p2a: Glaceon
|-damage|p2a: Glaceon|72/100
|
|-weather|Hail|[upkeep]
|-heal|p2a: Glaceon|78/100|[from] ability: Ice Body
|upkeep
|turn|2
|
|t:|1659310940
|switch|p1a: Gigalith|Gigalith, M, shiny|100/100
|-weather|Sandstorm|[from] ability: Sand Stream|[of] p1a: Gigalith
|move|p2a: Glaceon|Freeze-Dry|p1a: Gigalith
|-damage|p1a: Gigalith|72/100
|
|-weather|Sandstorm|[upkeep]
|-damage|p2a: Glaceon|72/100|[from] Sandstorm
|-heal|p1a: Gigalith|78/100|[from] item: Leftovers
|upkeep
|turn|3
|
|t:|1659310953
|switch|p2a: Sandslash|Sandslash, M, shiny|100/100
|switch|p1a: Vanilluxe|Vanilluxe, M, shiny|100/100
|-weather|Hail|[from] ability: Snow Warning|[of] p1a: Vanilluxe
|
|-weather|Hail|[upkeep]
|-damage|p2a: Sandslash|94/100|[from] Hail
|upkeep
|turn|4
|
|t:|1659310961
|switch|p2a: Torracat|Torracat, F, shiny|100/100
|-ability|p2a: Torracat|Intimidate|boost
|-unboost|p1a: Vanilluxe|atk|1
|move|p1a: Vanilluxe|Blizzard|p2a: Torracat
|-resisted|p2a: Torracat
|-damage|p2a: Torracat|17/100
|
|-weather|Hail|[upkeep]
|-damage|p2a: Torracat|12/100|[from] Hail
|upkeep
|turn|5
|j| Sharingan54
|
|t:|1659310967
|switch|p1a: Gigalith|Gigalith, M, shiny|78/100
|-weather|Sandstorm|[from] ability: Sand Stream|[of] p1a: Gigalith
|move|p2a: Torracat|Endeavor|p1a: Gigalith
|-damage|p1a: Gigalith|9/100
|
|-weather|Sandstorm|[upkeep]
|-damage|p2a: Torracat|6/100|[from] Sandstorm
|-heal|p1a: Gigalith|15/100|[from] item: Leftovers
|upkeep
|turn|6
|
|t:|1659310976
|switch|p2a: Sandslash|Sandslash, M, shiny|94/100
|move|p1a: Gigalith|Protect||[still]
|-fail|p1a: Gigalith
|
|-weather|Sandstorm|[upkeep]
|-heal|p1a: Gigalith|21/100|[from] item: Leftovers
|upkeep
|turn|7
|
|t:|1659310989
|move|p2a: Sandslash|Stealth Rock|p1a: Gigalith
|-sidestart|p1: acluh1|move: Stealth Rock
|move|p1a: Gigalith|Earthquake|p2a: Sandslash
|-damage|p2a: Sandslash|73/100
|
|-weather|Sandstorm|[upkeep]
|-heal|p1a: Gigalith|27/100|[from] item: Leftovers
|upkeep
|turn|8
|
|t:|1659310995
|move|p1a: Gigalith|Protect|p1a: Gigalith
|-singleturn|p1a: Gigalith|Protect
|move|p2a: Sandslash|Earthquake|p1a: Gigalith
|-activate|p1a: Gigalith|move: Protect
|
|-weather|Sandstorm|[upkeep]
|-heal|p1a: Gigalith|33/100|[from] item: Leftovers
|upkeep
|turn|9
|
|t:|1659310999
|switch|p1a: Charizard|Charizard, F, shiny|100/100
|move|p2a: Sandslash|Knock Off|p1a: Charizard
|-damage|p1a: Charizard|74/100
|-enditem|p1a: Charizard|Heavy-Duty Boots|[from] move: Knock Off|[of] p2a: Sandslash
|
|-weather|none
|upkeep
|turn|10
|
|t:|1659311018
|switch|p2a: Glaceon|Glaceon, F, shiny|72/100
|move|p1a: Charizard|Roost|p1a: Charizard
|-heal|p1a: Charizard|100/100
|-singleturn|p1a: Charizard|move: Roost
|
|upkeep
|turn|11
|inactive|Neverland Plays has 120 seconds left.
|
|t:|1659311047
|move|p1a: Charizard|Defog|p2a: Glaceon
|-unboost|p2a: Glaceon|evasion|1
|-sideend|p1: acluh1|Stealth Rock|[from] move: Defog|[of] p1a: Charizard
|move|p2a: Glaceon|Freeze-Dry|p1a: Charizard
|-damage|p1a: Charizard|30/100
|
|upkeep
|turn|12
|inactive|Neverland Plays has 120 seconds left.
|
|t:|1659311059
|move|p1a: Charizard|Roost|p1a: Charizard
|-heal|p1a: Charizard|80/100
|-singleturn|p1a: Charizard|move: Roost
|move|p2a: Glaceon|Freeze-Dry|p1a: Charizard
|-resisted|p1a: Charizard
|-damage|p1a: Charizard|48/100
|
|upkeep
|turn|13
|
|t:|1659311064
|move|p1a: Charizard|Roost|p1a: Charizard
|-heal|p1a: Charizard|98/100
|-singleturn|p1a: Charizard|move: Roost
|move|p2a: Glaceon|Freeze-Dry|p1a: Charizard
|-resisted|p1a: Charizard
|-crit|p1a: Charizard
|-damage|p1a: Charizard|46/100
|
|upkeep
|turn|14
|
|t:|1659311075
|switch|p2a: Torracat|Torracat, F, shiny|6/100
|-ability|p2a: Torracat|Intimidate|boost
|-unboost|p1a: Charizard|atk|1
|move|p1a: Charizard|Flamethrower|p2a: Torracat
|-resisted|p2a: Torracat
|-damage|p2a: Torracat|0 fnt
|faint|p2a: Torracat
|
|upkeep
|
|t:|1659311078
|switch|p2a: Rapidash|Rapidash-Galar, M, shiny|100/100
|turn|15
|
|t:|1659311087
|switch|p1a: Sandaconda|Sandaconda, F, shiny|100/100
|move|p2a: Rapidash|Zen Headbutt|p1a: Sandaconda
|-damage|p1a: Sandaconda|72/100
|-damage|p2a: Rapidash|84/100|[from] item: Rocky Helmet|[of] p1a: Sandaconda
|-damage|p2a: Rapidash|74/100|[from] item: Life Orb
|
|upkeep
|turn|16
|
|t:|1659311105
|move|p2a: Rapidash|Swords Dance|p2a: Rapidash
|-boost|p2a: Rapidash|atk|2
|move|p1a: Sandaconda|Glare|p2a: Rapidash
|-status|p2a: Rapidash|par
|
|upkeep
|turn|17
|
|t:|1659311113
|move|p1a: Sandaconda|Earthquake|p2a: Rapidash
|-damage|p2a: Rapidash|13/100 par
|move|p2a: Rapidash|Play Rough|p1a: Sandaconda
|-damage|p1a: Sandaconda|6/100
|-damage|p2a: Rapidash|0 fnt|[from] item: Rocky Helmet|[of] p1a: Sandaconda
|faint|p2a: Rapidash
|
|upkeep
|
|t:|1659311120
|switch|p2a: Glaceon|Glaceon, F, shiny|72/100
|turn|18
|
|t:|1659311128
|move|p1a: Sandaconda|Rock Slide|p2a: Glaceon
|-supereffective|p2a: Glaceon
|-damage|p2a: Glaceon|39/100
|move|p2a: Glaceon|Hyper Voice|p1a: Sandaconda
|-damage|p1a: Sandaconda|0 fnt
|faint|p1a: Sandaconda
|
|upkeep
|
|t:|1659311135
|switch|p1a: Charizard|Charizard, F, shiny|46/100
|turn|19
|
|t:|1659311148
|move|p1a: Charizard|Flamethrower|p2a: Glaceon
|-supereffective|p2a: Glaceon
|-crit|p2a: Glaceon
|-damage|p2a: Glaceon|0 fnt
|faint|p2a: Glaceon
|
|upkeep
|
|t:|1659311152
|switch|p2a: Raboot|Raboot, F, shiny|100/100
|turn|20
|
|t:|1659311159
|move|p1a: Charizard|Toxic|p2a: Raboot
|-status|p2a: Raboot|tox
|move|p2a: Raboot|High Jump Kick|p1a: Charizard
|-start|p2a: Raboot|typechange|Fighting|[from] ability: Libero
|-resisted|p1a: Charizard
|-damage|p1a: Charizard|0 fnt
|faint|p1a: Charizard
|
|-damage|p2a: Raboot|95/100 tox|[from] psn
|upkeep
|
|t:|1659311169
|switch|p1a: Jolteon|Jolteon, M|100/100
|turn|21
|
|t:|1659311177
|switch|p2a: Dusclops|Dusclops, F, shiny|100/100
|-ability|p2a: Dusclops|Pressure
|move|p1a: Jolteon|Hyper Voice|p2a: Dusclops
|-immune|p2a: Dusclops
|
|upkeep
|turn|22
|
|t:|1659311181
|switch|p1a: Gigalith|Gigalith, M, shiny|33/100
|-weather|Sandstorm|[from] ability: Sand Stream|[of] p1a: Gigalith
|move|p2a: Dusclops|Will-O-Wisp|p1a: Gigalith
|-status|p1a: Gigalith|brn
|
|-weather|Sandstorm|[upkeep]
|-damage|p2a: Dusclops|95/100|[from] Sandstorm
|-heal|p1a: Gigalith|39/100 brn|[from] item: Leftovers
|-damage|p1a: Gigalith|33/100 brn|[from] brn
|upkeep
|turn|23
|l| Sharingan54
|
|t:|1659311186
|switch|p2a: Sandslash|Sandslash, M, shiny|73/100
|move|p1a: Gigalith|Stealth Rock|p2a: Sandslash
|-sidestart|p2: Neverland Plays|move: Stealth Rock
|
|-weather|Sandstorm|[upkeep]
|-heal|p1a: Gigalith|39/100 brn|[from] item: Leftovers
|-damage|p1a: Gigalith|33/100 brn|[from] brn
|upkeep
|turn|24
|
|t:|1659311195
|move|p2a: Sandslash|Stealth Rock|p1a: Gigalith
|-sidestart|p1: acluh1|move: Stealth Rock
|move|p1a: Gigalith|Earthquake|p2a: Sandslash
|-damage|p2a: Sandslash|62/100
|
|-weather|Sandstorm|[upkeep]
|-heal|p1a: Gigalith|39/100 brn|[from] item: Leftovers
|-damage|p1a: Gigalith|33/100 brn|[from] brn
|upkeep
|turn|25
|
|t:|1659311200
|move|p2a: Sandslash|Rapid Spin|p1a: Gigalith
|-resisted|p1a: Gigalith
|-damage|p1a: Gigalith|29/100 brn
|-boost|p2a: Sandslash|spe|1
|-sideend|p2: Neverland Plays|Stealth Rock|[from] move: Rapid Spin|[of] p2a: Sandslash
|move|p1a: Gigalith|Earthquake|p2a: Sandslash
|-damage|p2a: Sandslash|52/100
|
|-weather|Sandstorm|[upkeep]
|-heal|p1a: Gigalith|35/100 brn|[from] item: Leftovers
|-damage|p1a: Gigalith|29/100 brn|[from] brn
|upkeep
|turn|26
|
|t:|1659311203
|move|p2a: Sandslash|Knock Off|p1a: Gigalith
|-damage|p1a: Gigalith|13/100 brn
|-enditem|p1a: Gigalith|Leftovers|[from] move: Knock Off|[of] p2a: Sandslash
|move|p1a: Gigalith|Earthquake|p2a: Sandslash
|-damage|p2a: Sandslash|42/100
|
|-weather|none
|-damage|p1a: Gigalith|6/100 brn|[from] brn
|upkeep
|turn|27
|
|t:|1659311215
|move|p2a: Sandslash|Earthquake|p1a: Gigalith
|-supereffective|p1a: Gigalith
|-damage|p1a: Gigalith|0 fnt
|faint|p1a: Gigalith
|
|upkeep
|
|t:|1659311216
|switch|p1a: Jolteon|Jolteon, M|100/100
|-damage|p1a: Jolteon|88/100|[from] Stealth Rock
|turn|28
|
|t:|1659311230
|switch|p2a: Dusclops|Dusclops, F, shiny|95/100
|-ability|p2a: Dusclops|Pressure
|move|p1a: Jolteon|Shadow Ball|p2a: Dusclops
|-supereffective|p2a: Dusclops
|-damage|p2a: Dusclops|61/100
|
|upkeep
|turn|29
|l| Generation10
|
|t:|1659311240
|switch|p1a: Pincurchin|Pincurchin, M, shiny|100/100
|-damage|p1a: Pincurchin|88/100|[from] Stealth Rock
|-fieldstart|move: Electric Terrain|[from] ability: Electric Surge|[of] p1a: Pincurchin
|move|p2a: Dusclops|Rest||[still]
|-activate|p2a: Dusclops|move: Electric Terrain
|-fail|p2a: Dusclops
|
|upkeep
|turn|30
|
|t:|1659311245
|move|p2a: Dusclops|Will-O-Wisp|p1a: Pincurchin|[miss]
|-miss|p2a: Dusclops|p1a: Pincurchin
|move|p1a: Pincurchin|Scald|p2a: Dusclops
|-damage|p2a: Dusclops|50/100
|-status|p2a: Dusclops|brn
|
|-damage|p2a: Dusclops|44/100 brn|[from] brn
|upkeep
|turn|31
|
|t:|1659311249
|move|p2a: Dusclops|Will-O-Wisp|p1a: Pincurchin
|-status|p1a: Pincurchin|brn
|move|p1a: Pincurchin|Rising Voltage|p2a: Dusclops
|-hint|Rising Voltage's BP doubled on grounded target.
|-damage|p2a: Dusclops|1/100 brn
|
|-damage|p2a: Dusclops|0 fnt|[from] brn
|faint|p2a: Dusclops
|-damage|p1a: Pincurchin|82/100 brn|[from] brn
|upkeep
|
|t:|1659311253
|switch|p2a: Sandslash|Sandslash, M, shiny|42/100
|turn|32
|
|t:|1659311259
|move|p1a: Pincurchin|Sucker Punch|p2a: Sandslash
|-damage|p2a: Sandslash|36/100
|-damage|p1a: Pincurchin|65/100 brn|[from] item: Rocky Helmet|[of] p2a: Sandslash
|move|p2a: Sandslash|Earthquake|p1a: Pincurchin
|-supereffective|p1a: Pincurchin
|-damage|p1a: Pincurchin|0 fnt
|faint|p1a: Pincurchin
|
|upkeep
|
|t:|1659311265
|switch|p1a: Vanilluxe|Vanilluxe, M, shiny|100/100
|-damage|p1a: Vanilluxe|76/100|[from] Stealth Rock
|-weather|Hail|[from] ability: Snow Warning|[of] p1a: Vanilluxe
|turn|33
|
|t:|1659311270
|move|p1a: Vanilluxe|Blizzard|p2a: Sandslash
|-supereffective|p2a: Sandslash
|-damage|p2a: Sandslash|0 fnt
|faint|p2a: Sandslash
|
|-weather|Hail|[upkeep]
|upkeep
|
|t:|1659311271
|switch|p2a: Raboot|Raboot, F, shiny|95/100 tox
|turn|34
|
|t:|1659311277
|move|p2a: Raboot|Sucker Punch|p1a: Vanilluxe
|-start|p2a: Raboot|typechange|Dark|[from] ability: Libero
|-damage|p1a: Vanilluxe|23/100
|move|p1a: Vanilluxe|Blizzard|p2a: Raboot
|-damage|p2a: Raboot|0 fnt
|faint|p2a: Raboot
|
|win|acluh1
|n|☆acluh1|acluh1
|n|☆Neverland Plays|neverlandplays
|n| davirdo|davirdo
|n| Fab2.0|fab20
