|j|☆AlomomolaForOU
|j|☆pu8e eight
|t:|1648974195
|gametype|singles
|player|p1|AlomomolaForOU|colress|1297
|player|p2|pu8e eight|winona-gen3|1311
|teamsize|p1|6
|teamsize|p2|6
|gen|8
|tier|[Gen 8] PU
|rated|
|rule|Sleep Clause Mod: Limit one foe put to sleep
|rule|Species Clause: Limit one of each Pokémon
|rule|OHKO Clause: OHKO moves are banned
|rule|Evasion Moves Clause: Evasion moves are banned
|rule|Endless Battle Clause: Forcing endless battles is banned
|rule|HP Percentage Mod: HP is shown in percentages
|rule|Dynamax Clause: You cannot dynamax
|clearpoke
|poke|p1|Garbodor, M|
|poke|p1|Glastrier|
|poke|p1|Audino, M|
|poke|p1|Jellicent, M|
|poke|p1|Charizard, M|
|poke|p1|Dugtrio-Alola, M|
|poke|p2|Articuno-Galar|
|poke|p2|Garbodor, F|
|poke|p2|Aggron, F|
|poke|p2|Eldegoss, M|
|poke|p2|Sneasel, M|
|poke|p2|Jellicent, M|
|teampreview
|inactive|Battle timer is ON: inactive players will automatically lose when time's up. (requested by AlomomolaForOU)
|inactive|pu8e eight has 120 seconds left.
|
|t:|1648974233
|start
|switch|p1a: Garbodor|Garbodor, M|100/100
|switch|p2a: Aggron|Aggron, F|100/100
|turn|1
|
|t:|1648974249
|move|p1a: Garbodor|Body Press|p2a: Aggron
|-supereffective|p2a: Aggron
|-damage|p2a: Aggron|41/100
|move|p2a: Aggron|Stealth Rock|p1a: Garbodor
|-sidestart|p1: AlomomolaForOU|move: Stealth Rock
|
|-heal|p2a: Aggron|47/100|[from] item: Leftovers
|upkeep
|turn|2
|
|t:|1648974260
|switch|p2a: Garbodor|Garbodor, F|100/100
|move|p1a: Garbodor|Body Press|p2a: Garbodor
|-resisted|p2a: Garbodor
|-damage|p2a: Garbodor|91/100
|-damage|p1a: Garbodor|84/100|[from] item: Rocky Helmet|[of] p2a: Garbodor
|
|-heal|p1a: Garbodor|90/100|[from] item: Black Sludge
|upkeep
|turn|3
|
|t:|1648974269
|move|p1a: Garbodor|Spikes|p2a: Garbodor
|-sidestart|p2: pu8e eight|Spikes
|move|p2a: Garbodor|Spikes|p1a: Garbodor
|-sidestart|p1: AlomomolaForOU|Spikes
|
|-heal|p1a: Garbodor|96/100|[from] item: Black Sludge
|upkeep
|turn|4
|
|t:|1648974272
|move|p1a: Garbodor|Spikes|p2a: Garbodor
|-sidestart|p2: pu8e eight|Spikes
|move|p2a: Garbodor|Stomping Tantrum|p1a: Garbodor
|-supereffective|p1a: Garbodor
|-damage|p1a: Garbodor|70/100
|
|-heal|p1a: Garbodor|76/100|[from] item: Black Sludge
|upkeep
|turn|5
|
|t:|1648974275
|move|p1a: Garbodor|Spikes|p2a: Garbodor
|-sidestart|p2: pu8e eight|Spikes
|move|p2a: Garbodor|Stomping Tantrum|p1a: Garbodor
|-supereffective|p1a: Garbodor
|-damage|p1a: Garbodor|49/100
|
|-heal|p1a: Garbodor|55/100|[from] item: Black Sludge
|upkeep
|turn|6
|
|t:|1648974279
|switch|p1a: Charizard|Charizard, M|100/100
|move|p2a: Garbodor|Spikes|p1a: Charizard
|-sidestart|p1: AlomomolaForOU|Spikes
|
|upkeep
|turn|7
|
|t:|1648974281
|switch|p2a: Articuno|Articuno-Galar|100/100
|move|p1a: Charizard|Fire Blast|p2a: Articuno
|-damage|p2a: Articuno|42/100
|
|upkeep
|turn|8
|
|t:|1648974287
|switch|p2a: Jellicent|Jellicent, M|100/100
|-damage|p2a: Jellicent|75/100|[from] Spikes
|move|p1a: Charizard|Fire Blast|p2a: Jellicent
|-resisted|p2a: Jellicent
|-damage|p2a: Jellicent|53/100
|-status|p2a: Jellicent|brn
|
|-damage|p2a: Jellicent|47/100 brn|[from] brn
|upkeep
|turn|9
|
|t:|1648974295
|move|p1a: Charizard|Defog|p2a: Jellicent
|-unboost|p2a: Jellicent|evasion|1
|-sideend|p2: pu8e eight|Spikes|[from] move: Defog|[of] p1a: Charizard
|-sideend|p1: AlomomolaForOU|Spikes|[from] move: Defog|[of] p1a: Charizard
|-sideend|p1: AlomomolaForOU|Stealth Rock|[from] move: Defog|[of] p1a: Charizard
|move|p2a: Jellicent|Recover|p2a: Jellicent
|-heal|p2a: Jellicent|97/100 brn
|
|-damage|p2a: Jellicent|91/100 brn|[from] brn
|upkeep
|turn|10
|
|t:|1648974301
|switch|p1a: Audino|Audino, M|100/100
|move|p2a: Jellicent|Toxic|p1a: Audino
|-status|p1a: Audino|tox
|
|-damage|p1a: Audino|94/100 tox|[from] psn
|-damage|p2a: Jellicent|85/100 brn|[from] brn
|upkeep
|turn|11
|
|t:|1648974303
|move|p2a: Jellicent|Taunt|p1a: Audino
|-start|p1a: Audino|move: Taunt
|move|p1a: Audino|Knock Off|p2a: Jellicent
|-supereffective|p2a: Jellicent
|-enditem|p2a: Jellicent|Colbur Berry|[eat]
|-enditem|p2a: Jellicent|Colbur Berry|[weaken]
|-damage|p2a: Jellicent|73/100 brn
|
|-heal|p1a: Audino|100/100 tox|[from] item: Leftovers
|-damage|p1a: Audino|88/100 tox|[from] psn
|-damage|p2a: Jellicent|67/100 brn|[from] brn
|upkeep
|turn|12
|
|t:|1648974315
|switch|p1a: Garbodor|Garbodor, M|55/100
|move|p2a: Jellicent|Recover|p2a: Jellicent
|-heal|p2a: Jellicent|100/100 brn
|
|-heal|p1a: Garbodor|61/100|[from] item: Black Sludge
|-damage|p2a: Jellicent|94/100 brn|[from] brn
|upkeep
|turn|13
|
|t:|1648974318
|switch|p1a: Audino|Audino, M|100/100 tox
|move|p2a: Jellicent|Taunt|p1a: Audino
|-start|p1a: Audino|move: Taunt
|
|-damage|p1a: Audino|94/100 tox|[from] psn
|-damage|p2a: Jellicent|88/100 brn|[from] brn
|upkeep
|turn|14
|
|t:|1648974323
|switch|p2a: Garbodor|Garbodor, F|91/100
|move|p1a: Audino|Knock Off|p2a: Garbodor
|-damage|p2a: Garbodor|80/100
|-damage|p1a: Audino|78/100 tox|[from] item: Rocky Helmet|[of] p2a: Garbodor
|-enditem|p2a: Garbodor|Rocky Helmet|[from] move: Knock Off|[of] p1a: Audino
|
|-heal|p1a: Audino|84/100 tox|[from] item: Leftovers
|-damage|p1a: Audino|72/100 tox|[from] psn
|upkeep
|turn|15
|
|t:|1648974328
|switch|p1a: Charizard|Charizard, M|100/100
|move|p2a: Garbodor|Spikes|p1a: Charizard
|-sidestart|p1: AlomomolaForOU|Spikes
|
|upkeep
|turn|16
|
|t:|1648974333
|move|p1a: Charizard|Hurricane|p2a: Garbodor|[miss]
|-miss|p1a: Charizard|p2a: Garbodor
|move|p2a: Garbodor|Gunk Shot|p1a: Charizard
|-damage|p1a: Charizard|43/100
|
|upkeep
|turn|17
|
|t:|1648974339
|move|p1a: Charizard|Roost|p1a: Charizard
|-heal|p1a: Charizard|93/100
|-singleturn|p1a: Charizard|move: Roost
|move|p2a: Garbodor|Gunk Shot|p1a: Charizard
|-damage|p1a: Charizard|34/100
|
|upkeep
|turn|18
|j| ii88
|
|t:|1648974347
|move|p1a: Charizard|Fire Blast|p2a: Garbodor
|-crit|p2a: Garbodor
|-damage|p2a: Garbodor|0 fnt
|faint|p2a: Garbodor
|
|upkeep
|
|t:|1648974352
|switch|p2a: Sneasel|Sneasel, M|100/100
|turn|19
|
|t:|1648974363
|switch|p1a: Jellicent|Jellicent, M|100/100
|-damage|p1a: Jellicent|88/100|[from] Spikes
|move|p2a: Sneasel|Knock Off|p1a: Jellicent
|-supereffective|p1a: Jellicent
|-enditem|p1a: Jellicent|Colbur Berry|[eat]
|-enditem|p1a: Jellicent|Colbur Berry|[weaken]
|-damage|p1a: Jellicent|55/100
|
|upkeep
|turn|20
|j| Marwanium
|
|t:|1648974378
|move|p2a: Sneasel|Swords Dance|p2a: Sneasel
|-boost|p2a: Sneasel|atk|2
|move|p1a: Jellicent|Recover|p1a: Jellicent
|-heal|p1a: Jellicent|100/100
|
|upkeep
|turn|21
|
|t:|1648974380
|move|p2a: Sneasel|Knock Off|p1a: Jellicent
|-supereffective|p1a: Jellicent
|-damage|p1a: Jellicent|21/100
|move|p1a: Jellicent|Will-O-Wisp|p2a: Sneasel
|-status|p2a: Sneasel|brn
|
|-damage|p2a: Sneasel|95/100 brn|[from] brn
|upkeep
|turn|22
|
|t:|1648974385
|move|p2a: Sneasel|Knock Off|p1a: Jellicent
|-supereffective|p1a: Jellicent
|-damage|p1a: Jellicent|0 fnt
|faint|p1a: Jellicent
|
|-damage|p2a: Sneasel|89/100 brn|[from] brn
|upkeep
|
|t:|1648974389
|switch|p1a: Garbodor|Garbodor, M|61/100
|-damage|p1a: Garbodor|49/100|[from] Spikes
|turn|23
|
|t:|1648974400
|switch|p2a: Articuno|Articuno-Galar|42/100
|move|p1a: Garbodor|Body Press|p2a: Articuno
|-resisted|p2a: Articuno
|-damage|p2a: Articuno|35/100
|
|-heal|p1a: Garbodor|55/100|[from] item: Black Sludge
|upkeep
|turn|24
|
|t:|1648974404
|switch|p1a: Audino|Audino, M|100/100 tox
|-damage|p1a: Audino|88/100 tox|[from] Spikes
|move|p2a: Articuno|Hurricane|p1a: Audino
|-damage|p1a: Audino|48/100 tox
|
|-heal|p1a: Audino|55/100 tox|[from] item: Leftovers
|-damage|p1a: Audino|48/100 tox|[from] psn
|upkeep
|turn|25
|
|t:|1648974413
|move|p2a: Articuno|Future Sight|p1a: Audino
|-start|p2a: Articuno|move: Future Sight
|move|p1a: Audino|Heal Bell|p1a: Audino
|-activate|p1a: Audino|move: Heal Bell
|-curestatus|p1a: Audino|tox|[msg]
|
|-heal|p1a: Audino|55/100|[from] item: Leftovers
|upkeep
|turn|26
|
|t:|1648974422
|move|p2a: Articuno|U-turn|p1a: Audino
|-damage|p1a: Audino|43/100
|
|t:|1648974423
|switch|p2a: Eldegoss|Eldegoss, M|100/100|[from]move: U-turn
|move|p1a: Audino|Wish|p1a: Audino
|
|-heal|p1a: Audino|49/100|[from] item: Leftovers
|upkeep
|turn|27
|
|t:|1648974429
|move|p1a: Audino|Protect|p1a: Audino
|-singleturn|p1a: Audino|Protect
|move|p2a: Eldegoss|Aromatherapy|p2a: Eldegoss
|-activate|p2a: Eldegoss|move: Aromatherapy
|-curestatus|p2: Jellicent|brn|[msg]
|-curestatus|p2: Sneasel|brn|[msg]
|
|-end|p1a: Audino|move: Future Sight
|-damage|p1a: Audino|12/100
|-heal|p1a: Audino|62/100|[from] move: Wish|[wisher] Audino
|-heal|p1a: Audino|68/100|[from] item: Leftovers
|upkeep
|turn|28
|
|t:|1648974433
|move|p2a: Eldegoss|Sleep Powder|p1a: Audino
|-status|p1a: Audino|slp|[from] move: Sleep Powder
|cant|p1a: Audino|slp
|
|-heal|p1a: Audino|74/100 slp|[from] item: Leftovers
|upkeep
|turn|29
|
|t:|1648974440
|switch|p2a: Jellicent|Jellicent, M|88/100
|-curestatus|p1a: Audino|slp|[msg]
|move|p1a: Audino|Wish|p1a: Audino
|
|-heal|p1a: Audino|80/100|[from] item: Leftovers
|upkeep
|turn|30
|
|t:|1648974449
|switch|p1a: Garbodor|Garbodor, M|55/100
|-damage|p1a: Garbodor|43/100|[from] Spikes
|move|p2a: Jellicent|Taunt|p1a: Garbodor
|-start|p1a: Garbodor|move: Taunt
|
|-heal|p1a: Garbodor|99/100|[from] move: Wish|[wisher] Audino
|-heal|p1a: Garbodor|100/100|[from] item: Black Sludge
|upkeep
|turn|31
|
|t:|1648974452
|move|p1a: Garbodor|Gunk Shot|p2a: Jellicent
|-resisted|p2a: Jellicent
|-damage|p2a: Jellicent|73/100
|-status|p2a: Jellicent|psn
|move|p2a: Jellicent|Scald|p1a: Garbodor
|-damage|p1a: Garbodor|74/100
|
|-heal|p1a: Garbodor|80/100|[from] item: Black Sludge
|-damage|p2a: Jellicent|61/100 psn|[from] psn
|upkeep
|turn|32
|
|t:|1648974462
|switch|p1a: Audino|Audino, M|100/100
|-damage|p1a: Audino|88/100|[from] Spikes
|move|p2a: Jellicent|Scald|p1a: Audino
|-damage|p1a: Audino|72/100
|
|-heal|p1a: Audino|78/100|[from] item: Leftovers
|-damage|p2a: Jellicent|48/100 psn|[from] psn
|upkeep
|turn|33
|
|t:|1648974468
|move|p2a: Jellicent|Recover|p2a: Jellicent
|-heal|p2a: Jellicent|98/100 psn
|move|p1a: Audino|Wish|p1a: Audino
|
|-heal|p1a: Audino|84/100|[from] item: Leftovers
|-damage|p2a: Jellicent|86/100 psn|[from] psn
|upkeep
|turn|34
|
|t:|1648974475
|switch|p1a: Garbodor|Garbodor, M|80/100
|-damage|p1a: Garbodor|67/100|[from] Spikes
|move|p2a: Jellicent|Scald|p1a: Garbodor
|-damage|p1a: Garbodor|43/100
|-status|p1a: Garbodor|brn
|
|-heal|p1a: Garbodor|99/100 brn|[from] move: Wish|[wisher] Audino
|-heal|p1a: Garbodor|100/100 brn|[from] item: Black Sludge
|-damage|p2a: Jellicent|74/100 psn|[from] psn
|-damage|p1a: Garbodor|94/100 brn|[from] brn
|upkeep
|turn|35
|
|t:|1648974482
|move|p1a: Garbodor|Spikes|p2a: Jellicent
|-sidestart|p2: pu8e eight|Spikes
|move|p2a: Jellicent|Taunt|p1a: Garbodor
|-start|p1a: Garbodor|move: Taunt
|
|-heal|p1a: Garbodor|100/100 brn|[from] item: Black Sludge
|-damage|p2a: Jellicent|61/100 psn|[from] psn
|-damage|p1a: Garbodor|94/100 brn|[from] brn
|upkeep
|turn|36
|
|t:|1648974486
|switch|p1a: Audino|Audino, M|100/100
|-damage|p1a: Audino|88/100|[from] Spikes
|switch|p2a: Articuno|Articuno-Galar|35/100
|
|-heal|p1a: Audino|94/100|[from] item: Leftovers
|upkeep
|turn|37
|
|t:|1648974489
|move|p2a: Articuno|Recover|p2a: Articuno
|-heal|p2a: Articuno|85/100
|move|p1a: Audino|Knock Off|p2a: Articuno
|-supereffective|p2a: Articuno
|-damage|p2a: Articuno|52/100
|-enditem|p2a: Articuno|Heavy-Duty Boots|[from] move: Knock Off|[of] p1a: Audino
|
|-heal|p1a: Audino|99/100|[from] item: Leftovers
|upkeep
|turn|38
|
|t:|1648974493
|move|p2a: Articuno|Recover|p2a: Articuno
|-heal|p2a: Articuno|100/100
|move|p1a: Audino|Wish|p1a: Audino
|
|-heal|p1a: Audino|100/100|[from] item: Leftovers
|upkeep
|turn|39
|
|t:|1648974499
|switch|p1a: Dugtrio|Dugtrio-Alola, M|100/100
|-damage|p1a: Dugtrio|88/100|[from] Spikes
|move|p2a: Articuno|Future Sight|p1a: Dugtrio
|-start|p2a: Articuno|move: Future Sight
|
|-heal|p1a: Dugtrio|100/100|[from] move: Wish|[wisher] Audino
|upkeep
|turn|40
|
|t:|1648974506
|switch|p2a: Eldegoss|Eldegoss, M|100/100
|move|p1a: Dugtrio|Stealth Rock|p2a: Eldegoss
|-sidestart|p2: pu8e eight|move: Stealth Rock
|
|upkeep
|turn|41
|
|t:|1648974513
|switch|p1a: Audino|Audino, M|100/100
|-damage|p1a: Audino|88/100|[from] Spikes
|move|p2a: Eldegoss|Rapid Spin|p1a: Audino
|-damage|p1a: Audino|82/100
|-boost|p2a: Eldegoss|spe|1
|-sideend|p2: pu8e eight|Spikes|[from] move: Rapid Spin|[of] p2a: Eldegoss
|-sideend|p2: pu8e eight|Stealth Rock|[from] move: Rapid Spin|[of] p2a: Eldegoss
|
|-end|p1a: Audino|move: Future Sight
|-damage|p1a: Audino|45/100
|-heal|p1a: Audino|51/100|[from] item: Leftovers
|upkeep
|turn|42
|
|t:|1648974518
|move|p2a: Eldegoss|Aromatherapy|p2a: Eldegoss
|-activate|p2a: Eldegoss|move: Aromatherapy
|-curestatus|p2: Jellicent|psn|[msg]
|move|p1a: Audino|Wish|p1a: Audino
|
|-heal|p1a: Audino|57/100|[from] item: Leftovers
|upkeep
|turn|43
|
|t:|1648974523
|switch|p1a: Garbodor|Garbodor, M|94/100 brn
|-damage|p1a: Garbodor|82/100 brn|[from] Spikes
|move|p2a: Eldegoss|Sleep Powder|p1a: Garbodor|[miss]
|-miss|p2a: Eldegoss|p1a: Garbodor
|
|-heal|p1a: Garbodor|100/100 brn|[from] move: Wish|[wisher] Audino
|-damage|p1a: Garbodor|94/100 brn|[from] brn
|upkeep
|turn|44
|
|t:|1648974532
|move|p2a: Eldegoss|Leaf Storm|p1a: Garbodor
|-resisted|p1a: Garbodor
|-damage|p1a: Garbodor|75/100 brn
|-unboost|p2a: Eldegoss|spa|2
|move|p1a: Garbodor|Toxic|p2a: Eldegoss
|-status|p2a: Eldegoss|tox
|
|-heal|p1a: Garbodor|81/100 brn|[from] item: Black Sludge
|-damage|p2a: Eldegoss|94/100 tox|[from] psn
|-damage|p1a: Garbodor|75/100 brn|[from] brn
|upkeep
|turn|45
|
|t:|1648974546
|switch|p2a: Aggron|Aggron, F|47/100
|move|p1a: Garbodor|Gunk Shot|p2a: Aggron
|-immune|p2a: Aggron
|
|-heal|p1a: Garbodor|81/100 brn|[from] item: Black Sludge
|-heal|p2a: Aggron|53/100|[from] item: Leftovers
|-damage|p1a: Garbodor|75/100 brn|[from] brn
|upkeep
|turn|46
|
|t:|1648974553
|switch|p1a: Dugtrio|Dugtrio-Alola, M|100/100
|-damage|p1a: Dugtrio|88/100|[from] Spikes
|move|p2a: Aggron|Stealth Rock|p1a: Dugtrio
|-sidestart|p1: AlomomolaForOU|move: Stealth Rock
|
|-heal|p1a: Dugtrio|94/100|[from] item: Leftovers
|-heal|p2a: Aggron|60/100|[from] item: Leftovers
|upkeep
|turn|47
|
|t:|1648974563
|switch|p2a: Jellicent|Jellicent, M|61/100
|move|p1a: Dugtrio|Substitute|p1a: Dugtrio
|-start|p1a: Dugtrio|Substitute
|-damage|p1a: Dugtrio|70/100
|
|-heal|p1a: Dugtrio|76/100|[from] item: Leftovers
|upkeep
|turn|48
|
|t:|1648974568
|move|p1a: Dugtrio|Toxic|p2a: Jellicent
|-status|p2a: Jellicent|tox
|move|p2a: Jellicent|Recover|p2a: Jellicent
|-heal|p2a: Jellicent|100/100 tox
|
|-heal|p1a: Dugtrio|82/100|[from] item: Leftovers
|-damage|p2a: Jellicent|94/100 tox|[from] psn
|upkeep
|turn|49
|
|t:|1648974574
|switch|p2a: Eldegoss|Eldegoss, M|100/100 tox
|move|p1a: Dugtrio|Stealth Rock|p2a: Eldegoss
|-sidestart|p2: pu8e eight|move: Stealth Rock
|
|-heal|p1a: Dugtrio|88/100|[from] item: Leftovers
|-damage|p2a: Eldegoss|94/100 tox|[from] psn
|upkeep
|turn|50
|
|t:|1648974579
|move|p1a: Dugtrio|Earthquake|p2a: Eldegoss
|-resisted|p2a: Eldegoss
|-damage|p2a: Eldegoss|69/100 tox
|move|p2a: Eldegoss|Rapid Spin|p1a: Dugtrio
|-resisted|p1a: Dugtrio
|-activate|p1a: Dugtrio|move: Substitute|[damage]
|-sideend|p2: pu8e eight|Stealth Rock|[from] move: Rapid Spin|[of] p2a: Eldegoss
|-boost|p2a: Eldegoss|spe|1
|
|-heal|p1a: Dugtrio|94/100|[from] item: Leftovers
|-damage|p2a: Eldegoss|57/100 tox|[from] psn
|upkeep
|turn|51
|
|t:|1648974585
|move|p1a: Dugtrio|Stealth Rock|p2a: Eldegoss
|-sidestart|p2: pu8e eight|move: Stealth Rock
|move|p2a: Eldegoss|Aromatherapy|p2a: Eldegoss
|-activate|p2a: Eldegoss|move: Aromatherapy
|-curestatus|p2a: Eldegoss|tox|[msg]
|-curestatus|p2: Jellicent|tox|[msg]
|
|-heal|p1a: Dugtrio|100/100|[from] item: Leftovers
|upkeep
|turn|52
|j| keppy
|
|t:|1648974595
|move|p1a: Dugtrio|Toxic|p2a: Eldegoss
|-status|p2a: Eldegoss|tox
|move|p2a: Eldegoss|Rapid Spin|p1a: Dugtrio
|-resisted|p1a: Dugtrio
|-activate|p1a: Dugtrio|move: Substitute|[damage]
|-sideend|p2: pu8e eight|Stealth Rock|[from] move: Rapid Spin|[of] p2a: Eldegoss
|-boost|p2a: Eldegoss|spe|1
|
|-damage|p2a: Eldegoss|51/100 tox|[from] psn
|upkeep
|turn|53
|
|t:|1648974601
|switch|p2a: Jellicent|Jellicent, M|94/100
|move|p1a: Dugtrio|Earthquake|p2a: Jellicent
|-damage|p2a: Jellicent|61/100
|
|upkeep
|turn|54
|
|t:|1648974604
|move|p1a: Dugtrio|Toxic|p2a: Jellicent
|-status|p2a: Jellicent|tox
|move|p2a: Jellicent|Taunt|p1a: Dugtrio
|-start|p1a: Dugtrio|move: Taunt
|
|-damage|p2a: Jellicent|55/100 tox|[from] psn
|upkeep
|turn|55
|l| Marwanium
|
|t:|1648974608
|move|p1a: Dugtrio|Earthquake|p2a: Jellicent
|-damage|p2a: Jellicent|19/100 tox
|move|p2a: Jellicent|Recover|p2a: Jellicent
|-heal|p2a: Jellicent|69/100 tox
|
|-damage|p2a: Jellicent|56/100 tox|[from] psn
|upkeep
|turn|56
|
|t:|1648974614
|switch|p2a: Eldegoss|Eldegoss, M|84/100 tox
|move|p1a: Dugtrio|Earthquake|p2a: Eldegoss
|-resisted|p2a: Eldegoss
|-damage|p2a: Eldegoss|59/100 tox
|
|-damage|p2a: Eldegoss|53/100 tox|[from] psn
|upkeep
|turn|57
|
|t:|1648974617
|move|p1a: Dugtrio|Earthquake|p2a: Eldegoss
|-resisted|p2a: Eldegoss
|-damage|p2a: Eldegoss|26/100 tox
|move|p2a: Eldegoss|Aromatherapy|p2a: Eldegoss
|-activate|p2a: Eldegoss|move: Aromatherapy
|-curestatus|p2a: Eldegoss|tox|[msg]
|-curestatus|p2: Jellicent|tox|[msg]
|
|-end|p1a: Dugtrio|move: Taunt
|upkeep
|turn|58
|
|t:|1648974624
|switch|p2a: Jellicent|Jellicent, M|56/100
|move|p1a: Dugtrio|Toxic|p2a: Jellicent
|-status|p2a: Jellicent|tox
|
|-damage|p2a: Jellicent|50/100 tox|[from] psn
|upkeep
|turn|59
|
|t:|1648974626
|move|p1a: Dugtrio|Stealth Rock|p2a: Jellicent
|-sidestart|p2: pu8e eight|move: Stealth Rock
|move|p2a: Jellicent|Recover|p2a: Jellicent
|-heal|p2a: Jellicent|99/100 tox
|
|-damage|p2a: Jellicent|88/100 tox|[from] psn
|upkeep
|turn|60
|
|t:|1648974636
|move|p1a: Dugtrio|Earthquake|p2a: Jellicent
|-damage|p2a: Jellicent|53/100 tox
|move|p2a: Jellicent|Scald|p1a: Dugtrio
|-supereffective|p1a: Dugtrio
|-end|p1a: Dugtrio|Substitute
|
|-damage|p2a: Jellicent|35/100 tox|[from] psn
|upkeep
|turn|61
|
|t:|1648974644
|move|p1a: Dugtrio|Substitute|p1a: Dugtrio
|-start|p1a: Dugtrio|Substitute
|-damage|p1a: Dugtrio|76/100
|move|p2a: Jellicent|Scald|p1a: Dugtrio
|-supereffective|p1a: Dugtrio
|-end|p1a: Dugtrio|Substitute
|
|-heal|p1a: Dugtrio|82/100|[from] item: Leftovers
|-damage|p2a: Jellicent|10/100 tox|[from] psn
|upkeep
|turn|62
|
|t:|1648974648
|move|p1a: Dugtrio|Substitute|p1a: Dugtrio
|-start|p1a: Dugtrio|Substitute
|-damage|p1a: Dugtrio|57/100
|move|p2a: Jellicent|Scald|p1a: Dugtrio
|-supereffective|p1a: Dugtrio
|-end|p1a: Dugtrio|Substitute
|
|-heal|p1a: Dugtrio|64/100|[from] item: Leftovers
|-damage|p2a: Jellicent|0 fnt|[from] psn
|faint|p2a: Jellicent
|upkeep
|
|t:|1648974651
|switch|p2a: Sneasel|Sneasel, M|89/100
|turn|63
|
|t:|1648974658
|switch|p1a: Garbodor|Garbodor, M|75/100 brn
|-damage|p1a: Garbodor|62/100 brn|[from] Spikes
|-damage|p1a: Garbodor|50/100 brn|[from] Stealth Rock
|move|p2a: Sneasel|Knock Off|p1a: Garbodor
|-damage|p1a: Garbodor|19/100 brn
|-enditem|p1a: Garbodor|Black Sludge|[from] move: Knock Off|[of] p2a: Sneasel
|
|-damage|p1a: Garbodor|13/100 brn|[from] brn
|upkeep
|turn|64
|
|t:|1648974662
|move|p2a: Sneasel|Knock Off|p1a: Garbodor
|-damage|p1a: Garbodor|0 fnt
|-damage|p2a: Sneasel|64/100|[from] ability: Aftermath|[of] p1a: Garbodor
|faint|p1a: Garbodor
|
|upkeep
|
|t:|1648974665
|switch|p1a: Glastrier|Glastrier|100/100
|turn|65
|
|t:|1648974691
|switch|p2a: Aggron|Aggron, F|60/100
|-damage|p2a: Aggron|53/100|[from] Stealth Rock
|move|p1a: Glastrier|Substitute|p1a: Glastrier
|-start|p1a: Glastrier|Substitute
|-damage|p1a: Glastrier|76/100
|
|-heal|p2a: Aggron|60/100|[from] item: Leftovers
|upkeep
|turn|66
|
|t:|1648974694
|move|p1a: Glastrier|Close Combat|p2a: Aggron
|-supereffective|p2a: Aggron
|-damage|p2a: Aggron|0 fnt
|-unboost|p1a: Glastrier|def|1
|-unboost|p1a: Glastrier|spd|1
|faint|p2a: Aggron
|-ability|p1a: Glastrier|Chilling Neigh|boost
|-boost|p1a: Glastrier|atk|1
|
|upkeep
|
|t:|1648974698
|switch|p2a: Articuno|Articuno-Galar|100/100
|-damage|p2a: Articuno|76/100|[from] Stealth Rock
|turn|67
|
|t:|1648974704
|move|p2a: Articuno|U-turn|p1a: Glastrier
|-activate|p1a: Glastrier|move: Substitute|[damage]
|
|t:|1648974705
|switch|p2a: Eldegoss|Eldegoss, M|59/100|[from]move: U-turn
|move|p1a: Glastrier|Icicle Crash|p2a: Eldegoss
|-supereffective|p2a: Eldegoss
|-damage|p2a: Eldegoss|0 fnt
|faint|p2a: Eldegoss
|-ability|p1a: Glastrier|Chilling Neigh|boost
|-boost|p1a: Glastrier|atk|1
|
|upkeep
|
|t:|1648974707
|switch|p2a: Articuno|Articuno-Galar|76/100
|-damage|p2a: Articuno|51/100|[from] Stealth Rock
|turn|68
|
|t:|1648974721
|move|p2a: Articuno|Hurricane|p1a: Glastrier
|-end|p1a: Glastrier|Substitute
|move|p1a: Glastrier|Icicle Crash|p2a: Articuno
|-supereffective|p2a: Articuno
|-damage|p2a: Articuno|0 fnt
|faint|p2a: Articuno
|-ability|p1a: Glastrier|Chilling Neigh|boost
|-boost|p1a: Glastrier|atk|1
|
|upkeep
|
|t:|1648974724
|switch|p2a: Sneasel|Sneasel, M|64/100
|turn|69
|
|t:|1648974730
|move|p2a: Sneasel|Swords Dance|p2a: Sneasel
|-boost|p2a: Sneasel|atk|2
|move|p1a: Glastrier|Close Combat|p2a: Sneasel
|-supereffective|p2a: Sneasel
|-damage|p2a: Sneasel|0 fnt
|-unboost|p1a: Glastrier|def|1
|-unboost|p1a: Glastrier|spd|1
|faint|p2a: Sneasel
|
|win|AlomomolaForOU
|raw|AlomomolaForOU's rating: 1297 &rarr; <strong>1323</strong><br />(+26 for winning)
|raw|pu8e eight's rating: 1311 &rarr; <strong>1290</strong><br />(-21 for losing)
|c|☆AlomomolaForOU|gg
|c|☆pu8e eight|gg
|l|☆pu8e eight
