|j|☆uult5 somalia
|j|☆Lockjaw
|player|p1|uult5 somalia|#somalia|1486
|player|p2|Lockjaw|sina|1447
|teamsize|p1|6
|teamsize|p2|6
|gametype|singles
|gen|8
|tier|[Gen 8] PU
|rated|
|clearpoke
|poke|p1|Heatmor, M|
|poke|p1|Bellossom, F|
|poke|p1|Crustle, M|
|poke|p1|Falinks|
|poke|p1|Linoone-Galar, F|
|poke|p1|Pikachu, F|
|poke|p2|Thwackey, M|
|poke|p2|Trevenant, M|
|poke|p2|Mr. Rime, M|
|poke|p2|Stunfisk, M|
|poke|p2|Silvally-*|
|poke|p2|Heatmor, F|
|rule|Sleep Clause Mod: Limit one foe put to sleep
|rule|Species Clause: Limit one of each Pokémon
|rule|OHKO Clause: OHKO moves are banned
|rule|Evasion Moves Clause: Evasion moves are banned
|rule|Endless Battle Clause: Forcing endless battles is banned
|rule|HP Percentage Mod: HP is shown in percentages
|rule|Dynamax Clause: You cannot dynamax
|teampreview
|c|☆Lockjaw|glhf
|c|☆uult5 somalia|HF
|inactive|Battle timer is ON: inactive players will automatically lose when time's up. (requested by uult5 somalia)
|c|☆Lockjaw|considers that  a training  for  PUPL
|
|start
|switch|p1a: EVIL CRAB|Crustle, M|100/100
|switch|p2a: Silvally|Silvally-Rock|100/100
|turn|1
|
|move|p2a: Silvally|Swords Dance|p2a: Silvally
|-boost|p2a: Silvally|atk|2
|move|p1a: EVIL CRAB|Stealth Rock|p2a: Silvally
|-sidestart|p2: Lockjaw|move: Stealth Rock
|
|upkeep
|turn|2
|
|move|p2a: Silvally|Flame Charge|p1a: EVIL CRAB
|-damage|p1a: EVIL CRAB|75/100
|-boost|p2a: Silvally|spe|1
|-ability|p1a: EVIL CRAB|Weak Armor|boost
|-unboost|p1a: EVIL CRAB|def|1
|-boost|p1a: EVIL CRAB|spe|2
|move|p1a: EVIL CRAB|Earthquake|p2a: Silvally
|-supereffective|p2a: Silvally
|-damage|p2a: Silvally|34/100
|
|upkeep
|turn|3
|
|move|p2a: Silvally|Multi-Attack|p1a: EVIL CRAB
|-supereffective|p1a: EVIL CRAB
|-damage|p1a: EVIL CRAB|0 fnt
|faint|p1a: EVIL CRAB
|
|upkeep
|
|switch|p1a: EVIL WORM|Falinks|100/100
|turn|4
|
|switch|p2a: Stunfisk|Stunfisk, M|100/100
|-damage|p2a: Stunfisk|94/100|[from] Stealth Rock
|move|p1a: EVIL WORM|First Impression|p2a: Stunfisk
|-damage|p2a: Stunfisk|72/100
|-damage|p1a: EVIL WORM|84/100|[from] item: Rocky Helmet|[of] p2a: Stunfisk
|-status|p1a: EVIL WORM|par|[from] ability: Static|[of] p2a: Stunfisk
|-damage|p1a: EVIL WORM|74/100 par|[from] item: Life Orb
|
|upkeep
|turn|5
|
|move|p1a: EVIL WORM|Close Combat|p2a: Stunfisk
|-damage|p2a: Stunfisk|26/100
|-unboost|p1a: EVIL WORM|def|1
|-unboost|p1a: EVIL WORM|spd|1
|-damage|p1a: EVIL WORM|57/100 par|[from] item: Rocky Helmet|[of] p2a: Stunfisk
|-damage|p1a: EVIL WORM|47/100 par|[from] item: Life Orb
|move|p2a: Stunfisk|Stealth Rock|p1a: EVIL WORM
|-sidestart|p1: uult5 somalia|move: Stealth Rock
|
|upkeep
|turn|6
|
|move|p1a: EVIL WORM|Close Combat|p2a: Stunfisk
|-damage|p2a: Stunfisk|0 fnt
|-unboost|p1a: EVIL WORM|def|1
|-unboost|p1a: EVIL WORM|spd|1
|-damage|p1a: EVIL WORM|31/100 par|[from] item: Rocky Helmet|[of] p2a: Stunfisk
|-damage|p1a: EVIL WORM|21/100 par|[from] item: Life Orb
|faint|p2a: Stunfisk
|
|upkeep
|
|switch|p2a: Heatmor|Heatmor, F|100/100
|turn|7
|
|move|p2a: Heatmor|Giga Drain|p1a: EVIL WORM
|-damage|p1a: EVIL WORM|0 fnt
|faint|p1a: EVIL WORM
|
|upkeep
|
|switch|p1a: EVIL RAT|Pikachu, F|100/100
|-damage|p1a: EVIL RAT|88/100|[from] Stealth Rock
|turn|8
|
|switch|p2a: Thwackey|Thwackey, M|100/100
|-damage|p2a: Thwackey|88/100|[from] Stealth Rock
|-fieldstart|move: Grassy Terrain|[from] ability: Grassy Surge|[of] p2a: Thwackey
|move|p1a: EVIL RAT|Fake Out|p2a: Thwackey
|-damage|p2a: Thwackey|60/100
|
|-heal|p1a: EVIL RAT|94/100|[from] Grassy Terrain
|-heal|p2a: Thwackey|66/100|[from] Grassy Terrain
|upkeep
|turn|9
|inactive|uult5 somalia has 120 seconds left.
|
|move|p1a: EVIL RAT|Extreme Speed|p2a: Thwackey
|-damage|p2a: Thwackey|10/100
|move|p2a: Thwackey|Grassy Glide|p1a: EVIL RAT
|-damage|p1a: EVIL RAT|0 fnt
|-status|p2a: Thwackey|par|[from] ability: Static|[of] p1a: EVIL RAT
|faint|p1a: EVIL RAT
|
|-heal|p2a: Thwackey|16/100 par|[from] Grassy Terrain
|upkeep
|
|switch|p1a: EVIL WITCH|Bellossom, F, shiny|100/100
|-damage|p1a: EVIL WITCH|88/100|[from] Stealth Rock
|turn|10
|
|switch|p2a: Mr. Rime|Mr. Rime, M|100/100
|move|p1a: EVIL WITCH|Quiver Dance|p1a: EVIL WITCH
|-boost|p1a: EVIL WITCH|spa|1
|-boost|p1a: EVIL WITCH|spd|1
|-boost|p1a: EVIL WITCH|spe|1
|
|-heal|p1a: EVIL WITCH|94/100|[from] Grassy Terrain
|upkeep
|turn|11
|inactive|uult5 somalia has 120 seconds left.
|
|move|p1a: EVIL WITCH|Quiver Dance|p1a: EVIL WITCH
|-boost|p1a: EVIL WITCH|spa|1
|-boost|p1a: EVIL WITCH|spd|1
|-boost|p1a: EVIL WITCH|spe|1
|move|p2a: Mr. Rime|Toxic|p1a: EVIL WITCH
|-status|p1a: EVIL WITCH|tox
|-enditem|p1a: EVIL WITCH|Lum Berry|[eat]
|-curestatus|p1a: EVIL WITCH|tox|[msg]
|
|-heal|p1a: EVIL WITCH|100/100|[from] Grassy Terrain
|upkeep
|turn|12
|j| Erin Silver
|
|move|p1a: EVIL WITCH|Sleep Powder|p2a: Mr. Rime
|-status|p2a: Mr. Rime|slp|[from] move: Sleep Powder
|cant|p2a: Mr. Rime|slp
|
|-fieldend|move: Grassy Terrain
|upkeep
|turn|13
|
|move|p1a: EVIL WITCH|Quiver Dance|p1a: EVIL WITCH
|-boost|p1a: EVIL WITCH|spa|1
|-boost|p1a: EVIL WITCH|spd|1
|-boost|p1a: EVIL WITCH|spe|1
|cant|p2a: Mr. Rime|slp
|
|upkeep
|turn|14
|
|move|p1a: EVIL WITCH|Giga Drain|p2a: Mr. Rime
|-damage|p2a: Mr. Rime|43/100 slp
|-curestatus|p2a: Mr. Rime|slp|[msg]
|move|p2a: Mr. Rime|Toxic|p1a: EVIL WITCH
|-status|p1a: EVIL WITCH|tox
|
|-damage|p1a: EVIL WITCH|94/100 tox|[from] psn
|upkeep
|turn|15
|
|move|p1a: EVIL WITCH|Giga Drain|p2a: Mr. Rime
|-damage|p2a: Mr. Rime|0 fnt
|-heal|p1a: EVIL WITCH|100/100 tox|[from] drain|[of] p2a: Mr. Rime
|faint|p2a: Mr. Rime
|
|-damage|p1a: EVIL WITCH|88/100 tox|[from] psn
|upkeep
|
|switch|p2a: Trevenant|Trevenant, M|100/100
|-damage|p2a: Trevenant|88/100|[from] Stealth Rock
|turn|16
|
|move|p1a: EVIL WITCH|Sludge Bomb|p2a: Trevenant
|-damage|p2a: Trevenant|8/100
|move|p2a: Trevenant|Poltergeist||[still]
|-fail|p2a: Trevenant
|
|-damage|p1a: EVIL WITCH|70/100 tox|[from] psn
|upkeep
|turn|17
|c|☆Lockjaw|Oh yeah  i forgot
|
|move|p1a: EVIL WITCH|Giga Drain|p2a: Trevenant
|-resisted|p2a: Trevenant
|-damage|p2a: Trevenant|0 fnt
|-heal|p1a: EVIL WITCH|74/100 tox|[from] drain|[of] p2a: Trevenant
|faint|p2a: Trevenant
|
|-damage|p1a: EVIL WITCH|49/100 tox|[from] psn
|upkeep
|
|switch|p2a: Heatmor|Heatmor, F|100/100
|turn|18
|
|move|p1a: EVIL WITCH|Sleep Powder|p2a: Heatmor
|-status|p2a: Heatmor|slp|[from] move: Sleep Powder
|cant|p2a: Heatmor|slp
|
|-damage|p1a: EVIL WITCH|18/100 tox|[from] psn
|upkeep
|turn|19
|
|move|p1a: EVIL WITCH|Giga Drain|p2a: Heatmor
|-resisted|p2a: Heatmor
|-damage|p2a: Heatmor|36/100 slp
|-heal|p1a: EVIL WITCH|52/100 tox|[from] drain|[of] p2a: Heatmor
|cant|p2a: Heatmor|slp
|
|-damage|p1a: EVIL WITCH|15/100 tox|[from] psn
|upkeep
|turn|20
|
|move|p1a: EVIL WITCH|Giga Drain|p2a: Heatmor
|-resisted|p2a: Heatmor
|-damage|p2a: Heatmor|0 fnt
|-heal|p1a: EVIL WITCH|35/100 tox|[from] drain|[of] p2a: Heatmor
|faint|p2a: Heatmor
|
|-damage|p1a: EVIL WITCH|0 fnt|[from] psn
|faint|p1a: EVIL WITCH
|upkeep
|
|switch|p2a: Thwackey|Thwackey, M|16/100 par
|switch|p1a: EVIL BADGER|Linoone-Galar, F|100/100
|-damage|p1a: EVIL BADGER|88/100|[from] Stealth Rock
|-damage|p2a: Thwackey|4/100 par|[from] Stealth Rock
|-fieldstart|move: Grassy Terrain|[from] ability: Grassy Surge|[of] p2a: Thwackey
|turn|21
|
|cant|p2a: Thwackey|par
|move|p1a: EVIL BADGER|Knock Off|p2a: Thwackey
|-damage|p2a: Thwackey|0 fnt
|-enditem|p2a: Thwackey|Choice Band|[from] move: Knock Off|[of] p1a: EVIL BADGER
|faint|p2a: Thwackey
|
|-heal|p1a: EVIL BADGER|94/100|[from] Grassy Terrain
|-status|p1a: EVIL BADGER|tox|[from] item: Toxic Orb
|upkeep
|c|☆Lockjaw|bruh
|-message|Lockjaw forfeited.
|
|win|uult5 somalia
|l|☆Lockjaw
|c|☆uult5 somalia|i live lol
|l| Erin Silver
||Ladder (probably) updated, but score could not be retrieved (Request timeout).
