|html|<div class="broadcast-blue"><strong>[Gen 8] PU is currently suspecting Scyther! For information on how to participate check out the <a href="https://www.smogon.com/forums/threads/np-ss-pu-stage-11-turn-turn-turn-scyther-retest.3707179/">suspect thread</a>.</strong></div>
|raw|<div class="broadcast-blue"><strong>This battle is required to be public due to a player having a name starting with 'pult4v4'.</div>
|j|☆Cyber Cop (Police)
|j|☆pult4v4 pix
|t:|1662866921
|gametype|singles
|player|p1|Cyber Cop (Police)|officer-gen2|1231
|player|p2|pult4v4 pix|#puplviiimoomoomilkers|1401
|teamsize|p1|6
|teamsize|p2|6
|gen|8
|tier|[Gen 8] PU
|rated|
|rule|Sleep Clause Mod: Limit one foe put to sleep
|rule|Species Clause: Limit one of each Pokémon
|rule|OHKO Clause: OHKO moves are banned
|rule|Evasion Items Clause: Evasion items are banned
|rule|Evasion Moves Clause: Evasion moves are banned
|rule|Endless Battle Clause: Forcing endless battles is banned
|rule|HP Percentage Mod: HP is shown in percentages
|rule|Dynamax Clause: You cannot dynamax
|clearpoke
|poke|p1|Charizard, M|
|poke|p1|Cradily, F|
|poke|p1|Scrafty, M|
|poke|p1|Ribombee, F|
|poke|p1|Togedemaru, F|
|poke|p1|Wishiwashi, M|
|poke|p2|Lycanroc, F|
|poke|p2|Ribombee, F|
|poke|p2|Doublade, M|
|poke|p2|Archeops, M|
|poke|p2|Silvally-*|
|poke|p2|Turtonator, F|
|teampreview
|inactive|Battle timer is ON: inactive players will automatically lose when time's up. (requested by pult4v4 pix)
|j| Saek0
|c|☆Cyber Cop (Police)|holy moly are u Vulpix on smogon ? i read all your pu forum posts
|c|☆Cyber Cop (Police)|good luck have fun :D
|inactive|Cyber Cop (Police) has 120 seconds left.
|c|☆pult4v4 pix|gl
|c|☆Cyber Cop (Police)|oh gosh im nervous cuz Saek0 is watching lolll
|c|☆pult4v4 pix|0 :
|c| Saek0|h i.
|inactive|Cyber Cop (Police) has 90 seconds left.
|
|t:|1662866993
|start
|switch|p1a: Cradily|Cradily, F|100/100
|switch|p2a: Archeops|Archeops, M|100/100
|turn|1
|
|t:|1662867000
|move|p2a: Archeops|Meteor Beam||[still]
|-prepare|p2a: Archeops|Meteor Beam
|-boost|p2a: Archeops|spa|1
|-enditem|p2a: Archeops|Power Herb
|-anim|p2a: Archeops|Meteor Beam|p1a: Cradily
|-damage|p1a: Cradily|22/100
|move|p1a: Cradily|Meteor Beam||[still]
|-prepare|p1a: Cradily|Meteor Beam
|-boost|p1a: Cradily|spa|1
|-enditem|p1a: Cradily|Power Herb
|-anim|p1a: Cradily|Meteor Beam|p2a: Archeops
|-supereffective|p2a: Archeops
|-damage|p2a: Archeops|0 fnt
|faint|p2a: Archeops
|
|upkeep
|
|t:|1662867011
|switch|p2a: Ribombee|Ribombee, F|100/100
|turn|2
|
|t:|1662867015
|switch|p1a: Togedemaru|Togedemaru, F|100/100
|move|p2a: Ribombee|Moonblast|p1a: Togedemaru
|-resisted|p1a: Togedemaru
|-damage|p1a: Togedemaru|73/100
|
|upkeep
|turn|3
|
|t:|1662867039
|move|p2a: Ribombee|Moonblast|p1a: Togedemaru
|-resisted|p1a: Togedemaru
|-damage|p1a: Togedemaru|46/100
|-unboost|p1a: Togedemaru|spa|1
|move|p1a: Togedemaru|U-turn|p2a: Ribombee
|-resisted|p2a: Ribombee
|-damage|p2a: Ribombee|84/100
|
|t:|1662867043
|switch|p1a: Charizard|Charizard, M|100/100|[from]move: U-turn
|
|upkeep
|turn|4
|
|t:|1662867046
|move|p2a: Ribombee|Moonblast|p1a: Charizard
|-resisted|p1a: Charizard
|-damage|p1a: Charizard|69/100
|move|p1a: Charizard|Flamethrower|p2a: Ribombee
|-supereffective|p2a: Ribombee
|-damage|p2a: Ribombee|0 fnt
|faint|p2a: Ribombee
|
|upkeep
|
|t:|1662867050
|switch|p2a: Lycanroc|Lycanroc, F|100/100
|turn|5
|
|t:|1662867055
|switch|p1a: Wishiwashi|Wishiwashi, M|100/100
|-formechange|p1a: Wishiwashi|Wishiwashi-School||[from] ability: Schooling
|move|p2a: Lycanroc|Swords Dance|p2a: Lycanroc
|-boost|p2a: Lycanroc|atk|2
|
|upkeep
|turn|6
|
|t:|1662867071
|move|p2a: Lycanroc|Close Combat|p1a: Wishiwashi
|-damage|p1a: Wishiwashi|28/100
|-unboost|p2a: Lycanroc|def|1
|-unboost|p2a: Lycanroc|spd|1
|-damage|p2a: Lycanroc|91/100|[from] item: Life Orb
|move|p1a: Wishiwashi|Scald|p2a: Lycanroc
|-supereffective|p2a: Lycanroc
|-damage|p2a: Lycanroc|0 fnt
|faint|p2a: Lycanroc
|
|-heal|p1a: Wishiwashi|34/100|[from] item: Leftovers
|upkeep
|
|t:|1662867094
|switch|p2a: Turtonator|Turtonator, F|100/100
|turn|7
|
|t:|1662867097
|move|p2a: Turtonator|Shell Smash|p2a: Turtonator
|-unboost|p2a: Turtonator|def|1
|-unboost|p2a: Turtonator|spd|1
|-boost|p2a: Turtonator|atk|2
|-boost|p2a: Turtonator|spa|2
|-boost|p2a: Turtonator|spe|2
|-enditem|p2a: Turtonator|White Herb
|-clearnegativeboost|p2a: Turtonator|[silent]
|move|p1a: Wishiwashi|Scald|p2a: Turtonator
|-damage|p2a: Turtonator|48/100
|
|-heal|p1a: Wishiwashi|40/100|[from] item: Leftovers
|upkeep
|turn|8
|
|t:|1662867105
|move|p2a: Turtonator|Fire Blast|p1a: Wishiwashi
|-resisted|p1a: Wishiwashi
|-damage|p1a: Wishiwashi|0 fnt
|faint|p1a: Wishiwashi
|
|upkeep
|
|t:|1662867130
|switch|p1a: Scrafty|Scrafty, M|100/100
|-ability|p1a: Scrafty|Intimidate|boost
|-unboost|p2a: Turtonator|atk|1
|turn|9
|
|t:|1662867137
|switch|p1a: Cradily|Cradily, F|22/100
|move|p2a: Turtonator|Draco Meteor|p1a: Cradily
|-crit|p1a: Cradily
|-damage|p1a: Cradily|0 fnt
|-unboost|p2a: Turtonator|spa|2
|faint|p1a: Cradily
|
|upkeep
|inactive|Cyber Cop (Police) has 120 seconds left.
|
|t:|1662867157
|switch|p1a: Scrafty|Scrafty, M|100/100
|-ability|p1a: Scrafty|Intimidate|boost
|-unboost|p2a: Turtonator|atk|1
|turn|10
|inactive|Cyber Cop (Police) has 120 seconds left.
|
|t:|1662867170
|move|p2a: Turtonator|Fire Blast|p1a: Scrafty
|-crit|p1a: Scrafty
|-damage|p1a: Scrafty|32/100
|move|p1a: Scrafty|Drain Punch|p2a: Turtonator
|-damage|p2a: Turtonator|0 fnt
|-heal|p1a: Scrafty|52/100|[from] drain|[of] p2a: Turtonator
|faint|p2a: Turtonator
|
|upkeep
|
|t:|1662867175
|switch|p2a: Silvally|Silvally-Grass|100/100
|turn|11
|
|t:|1662867179
|switch|p1a: Ribombee|Ribombee, F|100/100
|move|p2a: Silvally|Flame Charge|p1a: Ribombee
|-supereffective|p1a: Ribombee
|-damage|p1a: Ribombee|43/100
|-boost|p2a: Silvally|spe|1
|
|upkeep
|turn|12
|j| homoinf
|
|t:|1662867182
|move|p2a: Silvally|Flame Charge|p1a: Ribombee
|-supereffective|p1a: Ribombee
|-damage|p1a: Ribombee|0 fnt
|-boost|p2a: Silvally|spe|1
|faint|p1a: Ribombee
|
|upkeep
|
|t:|1662867185
|switch|p1a: Scrafty|Scrafty, M|52/100
|-ability|p1a: Scrafty|Intimidate|boost
|-unboost|p2a: Silvally|atk|1
|turn|13
|
|t:|1662867200
|move|p2a: Silvally|Swords Dance|p2a: Silvally
|-boost|p2a: Silvally|atk|2
|move|p1a: Scrafty|Close Combat|p2a: Silvally
|-damage|p2a: Silvally|25/100
|-unboost|p1a: Scrafty|def|1
|-unboost|p1a: Scrafty|spd|1
|
|upkeep
|turn|14
|inactive|Cyber Cop (Police) has 120 seconds left.
|
|t:|1662867243
|switch|p1a: Togedemaru|Togedemaru, F|46/100
|move|p2a: Silvally|Multi-Attack|p1a: Togedemaru
|-resisted|p1a: Togedemaru
|-damage|p1a: Togedemaru|0 fnt
|faint|p1a: Togedemaru
|
|upkeep
|
|t:|1662867247
|switch|p1a: Scrafty|Scrafty, M|52/100
|-ability|p1a: Scrafty|Intimidate|boost
|-unboost|p2a: Silvally|atk|1
|turn|15
|inactive|Cyber Cop (Police) has 90 seconds left.
|
|t:|1662867280
|move|p2a: Silvally|Multi-Attack|p1a: Scrafty
|-damage|p1a: Scrafty|3/100
|move|p1a: Scrafty|Knock Off|p2a: Silvally
|-damage|p2a: Silvally|0 fnt
|faint|p2a: Silvally
|
|upkeep
|
|t:|1662867299
|switch|p2a: Doublade|Doublade, M|100/100
|turn|16
|
|t:|1662867305
|move|p2a: Doublade|Shadow Sneak|p1a: Scrafty
|-resisted|p1a: Scrafty
|-damage|p1a: Scrafty|0 fnt
|faint|p1a: Scrafty
|
|upkeep
|
|t:|1662867309
|switch|p1a: Charizard|Charizard, M|69/100
|turn|17
|
|t:|1662867315
|move|p1a: Charizard|Flamethrower|p2a: Doublade
|-supereffective|p2a: Doublade
|-damage|p2a: Doublade|27/100
|move|p2a: Doublade|Shadow Claw|p1a: Charizard
|-damage|p1a: Charizard|31/100
|
|upkeep
|turn|18
|
|t:|1662867320
|move|p2a: Doublade|Shadow Sneak|p1a: Charizard
|-damage|p1a: Charizard|7/100
|move|p1a: Charizard|Flamethrower|p2a: Doublade
|-supereffective|p2a: Doublade
|-damage|p2a: Doublade|0 fnt
|faint|p2a: Doublade
|
|win|Cyber Cop (Police)
|raw|Cyber Cop (Police)'s rating: 1231 &rarr; <strong>1268</strong><br />(+37 for winning)
|raw|pult4v4 pix's rating: 1408 &rarr; <strong>1379</strong><br />(-29 for losing)
|c|☆Cyber Cop (Police)|gg man wp
|l|☆pult4v4 pix
||Ladder isn't responding, score probably updated but might not have (Request timeout).
