|j|☆BiscotteKouloulou
|j|☆GamingWithSceptile
|t:|1665696961
|gametype|singles
|player|p1|BiscotteKouloulou|unknown|
|player|p2|GamingWithSceptile|gardenia|
|teamsize|p1|6
|teamsize|p2|6
|gen|8
|tier|[Gen 8] PU
|rated|Tournament battle
|rule|Sleep Clause Mod: Limit one foe put to sleep
|rule|Species Clause: Limit one of each Pokémon
|rule|OHKO Clause: OHKO moves are banned
|rule|Evasion Items Clause: Evasion items are banned
|rule|Evasion Moves Clause: Evasion moves are banned
|rule|Endless Battle Clause: Forcing endless battles is banned
|rule|HP Percentage Mod: HP is shown in percentages
|rule|Dynamax Clause: You cannot dynamax
|clearpoke
|poke|p1|Gigalith, F|
|poke|p1|Sandslash, M|
|poke|p1|Wishiwashi, F|
|poke|p1|Charizard, F|
|poke|p1|Magneton|
|poke|p1|Ribombee, M|
|poke|p2|Electivire, M|
|poke|p2|Cramorant, F|
|poke|p2|Claydol|
|poke|p2|Hitmonlee, M|
|poke|p2|Cradily, F|
|poke|p2|Butterfree, F|
|teampreview
|c|☆BiscotteKouloulou|idk what happened
|c|☆GamingWithSceptile|Well at least its fixed
|c|☆BiscotteKouloulou|I couldn't click on ready
|c|☆BiscotteKouloulou|yeah hf
|c|☆GamingWithSceptile|Thats odd
|c|☆GamingWithSceptile|U 2
|
|t:|1665697000
|start
|switch|p1a: Froussardine|Wishiwashi, F|100/100
|switch|p2a: Claydol|Claydol|100/100
|-formechange|p1a: Froussardine|Wishiwashi-School||[from] ability: Schooling
|turn|1
|
|t:|1665697006
|move|p2a: Claydol|Stealth Rock|p1a: Froussardine
|-sidestart|p1: BiscotteKouloulou|move: Stealth Rock
|move|p1a: Froussardine|U-turn|p2a: Claydol
|-supereffective|p2a: Claydol
|-damage|p2a: Claydol|61/100
|
|t:|1665697009
|switch|p1a: Dracaufeu|Charizard, F|100/100|[from]move: U-turn
|
|-heal|p2a: Claydol|68/100|[from] item: Leftovers
|upkeep
|turn|2
|
|t:|1665697015
|move|p1a: Dracaufeu|Toxic|p2a: Claydol
|-status|p2a: Claydol|tox
|move|p2a: Claydol|Toxic|p1a: Dracaufeu
|-status|p1a: Dracaufeu|tox
|
|-heal|p2a: Claydol|74/100 tox|[from] item: Leftovers
|-damage|p1a: Dracaufeu|94/100 tox|[from] psn
|-damage|p2a: Claydol|68/100 tox|[from] psn
|upkeep
|turn|3
|
|t:|1665697020
|move|p1a: Dracaufeu|Defog|p2a: Claydol
|-unboost|p2a: Claydol|evasion|1
|-sideend|p1: BiscotteKouloulou|Stealth Rock|[from] move: Defog|[of] p1a: Dracaufeu
|move|p2a: Claydol|Psychic|p1a: Dracaufeu
|-damage|p1a: Dracaufeu|69/100 tox
|
|-heal|p2a: Claydol|74/100 tox|[from] item: Leftovers
|-damage|p1a: Dracaufeu|57/100 tox|[from] psn
|-damage|p2a: Claydol|61/100 tox|[from] psn
|upkeep
|turn|4
|
|t:|1665697033
|move|p1a: Dracaufeu|Flamethrower|p2a: Claydol
|-damage|p2a: Claydol|33/100 tox
|move|p2a: Claydol|Stealth Rock|p1a: Dracaufeu
|-sidestart|p1: BiscotteKouloulou|move: Stealth Rock
|
|-heal|p2a: Claydol|39/100 tox|[from] item: Leftovers
|-damage|p1a: Dracaufeu|39/100 tox|[from] psn
|-damage|p2a: Claydol|20/100 tox|[from] psn
|upkeep
|turn|5
|c|☆GamingWithSceptile|Defog charizard nice
|
|t:|1665697043
|move|p1a: Dracaufeu|Defog|p2a: Claydol
|-unboost|p2a: Claydol|evasion|1
|-sideend|p1: BiscotteKouloulou|Stealth Rock|[from] move: Defog|[of] p1a: Dracaufeu
|move|p2a: Claydol|Psychic|p1a: Dracaufeu
|-crit|p1a: Dracaufeu
|-damage|p1a: Dracaufeu|0 fnt
|faint|p1a: Dracaufeu
|
|-heal|p2a: Claydol|27/100 tox|[from] item: Leftovers
|-damage|p2a: Claydol|2/100 tox|[from] psn
|upkeep
|
|t:|1665697051
|switch|p1a: Rubombelle|Ribombee, M|100/100
|turn|6
|
|t:|1665697056
|move|p1a: Rubombelle|Moonblast|p2a: Claydol
|-damage|p2a: Claydol|0 fnt
|faint|p2a: Claydol
|
|upkeep
|
|t:|1665697064
|switch|p2a: Cradily|Cradily, F|100/100
|turn|7
|
|t:|1665697086
|switch|p1a: Magneton|Magneton|100/100
|move|p2a: Cradily|Swords Dance|p2a: Cradily
|-boost|p2a: Cradily|atk|2
|
|upkeep
|turn|8
|j| Nike2012
|
|t:|1665697095
|move|p1a: Magneton|Flash Cannon|p2a: Cradily
|-supereffective|p2a: Cradily
|-damage|p2a: Cradily|0 fnt
|faint|p2a: Cradily
|
|upkeep
|
|t:|1665697102
|switch|p2a: Electivire|Electivire, M|100/100
|turn|9
|
|t:|1665697111
|switch|p1a: Sablaireau|Sandslash, M|100/100
|move|p2a: Electivire|Earthquake|p1a: Sablaireau
|-damage|p1a: Sablaireau|52/100
|-damage|p2a: Electivire|91/100|[from] item: Life Orb
|
|-heal|p1a: Sablaireau|58/100|[from] item: Leftovers
|upkeep
|turn|10
|
|t:|1665697118
|move|p2a: Electivire|Ice Punch|p1a: Sablaireau
|-supereffective|p1a: Sablaireau
|-damage|p1a: Sablaireau|0 fnt
|faint|p1a: Sablaireau
|-damage|p2a: Electivire|81/100|[from] item: Life Orb
|
|upkeep
|
|t:|1665697125
|switch|p1a: Gigalithe|Gigalith, F|100/100
|-weather|Sandstorm|[from] ability: Sand Stream|[of] p1a: Gigalithe
|turn|11
|
|t:|1665697135
|switch|p2a: Cramorant|Cramorant, F|100/100
|move|p1a: Gigalithe|Protect||[still]
|-fail|p1a: Gigalithe
|
|-weather|Sandstorm|[upkeep]
|-damage|p2a: Cramorant|94/100|[from] Sandstorm
|upkeep
|turn|12
|
|t:|1665697143
|switch|p1a: Froussardine|Wishiwashi, F|100/100
|-formechange|p1a: Froussardine|Wishiwashi-School||[from] ability: Schooling
|move|p2a: Cramorant|Surf|p1a: Froussardine
|-formechange|p2a: Cramorant|Cramorant-Gulping|
|-resisted|p1a: Froussardine
|-crit|p1a: Froussardine
|-damage|p1a: Froussardine|83/100
|
|-weather|Sandstorm|[upkeep]
|-damage|p2a: Cramorant|88/100|[from] Sandstorm
|-damage|p1a: Froussardine|77/100|[from] Sandstorm
|-heal|p1a: Froussardine|83/100|[from] item: Leftovers
|upkeep
|turn|13
|
|t:|1665697149
|move|p2a: Cramorant|Brave Bird|p1a: Froussardine
|-damage|p1a: Froussardine|49/100
|-damage|p2a: Cramorant|77/100|[from] Recoil
|move|p1a: Froussardine|Scald|p2a: Cramorant
|-resisted|p2a: Cramorant
|-damage|p2a: Cramorant|59/100
|-damage|p1a: Froussardine|24/100|[from] ability: Gulp Missile|[of] p2a: Cramorant
|-unboost|p1a: Froussardine|def|1
|-formechange|p2a: Cramorant|Cramorant|
|
|-weather|Sandstorm|[upkeep]
|-damage|p2a: Cramorant|53/100|[from] Sandstorm
|-damage|p1a: Froussardine|18/100|[from] Sandstorm
|-heal|p1a: Froussardine|24/100|[from] item: Leftovers
|-formechange|p1a: Froussardine|Wishiwashi||[from] ability: Schooling
|upkeep
|turn|14
|
|t:|1665697165
|move|p2a: Cramorant|Roost|p2a: Cramorant
|-heal|p2a: Cramorant|100/100
|-singleturn|p2a: Cramorant|move: Roost
|move|p1a: Froussardine|Scald|p2a: Cramorant
|-resisted|p2a: Cramorant
|-damage|p2a: Cramorant|95/100
|
|-weather|Sandstorm|[upkeep]
|-damage|p2a: Cramorant|89/100|[from] Sandstorm
|-damage|p1a: Froussardine|18/100|[from] Sandstorm
|-heal|p1a: Froussardine|24/100|[from] item: Leftovers
|upkeep
|turn|15
|
|t:|1665697169
|move|p2a: Cramorant|Surf|p1a: Froussardine
|-formechange|p2a: Cramorant|Cramorant-Gulping|
|-resisted|p1a: Froussardine
|-damage|p1a: Froussardine|0 fnt
|faint|p1a: Froussardine
|
|-weather|none
|upkeep
|
|t:|1665697175
|switch|p1a: Magneton|Magneton|100/100
|turn|16
|
|t:|1665697181
|switch|p2a: Electivire|Electivire, M|81/100
|move|p1a: Magneton|Volt Switch|p2a: Electivire
|-ability|p2a: Electivire|Motor Drive|boost
|-boost|p2a: Electivire|spe|1
|
|upkeep
|turn|17
|
|t:|1665697186
|switch|p1a: Rubombelle|Ribombee, M|100/100
|move|p2a: Electivire|Earthquake|p1a: Rubombelle
|-resisted|p1a: Rubombelle
|-damage|p1a: Rubombelle|57/100
|-damage|p2a: Electivire|71/100|[from] item: Life Orb
|
|upkeep
|turn|18
|
|t:|1665697203
|move|p2a: Electivire|Ice Punch|p1a: Rubombelle
|-damage|p1a: Rubombelle|0 fnt
|faint|p1a: Rubombelle
|-damage|p2a: Electivire|61/100|[from] item: Life Orb
|
|upkeep
|
|t:|1665697206
|switch|p1a: Gigalithe|Gigalith, F|100/100
|-weather|Sandstorm|[from] ability: Sand Stream|[of] p1a: Gigalithe
|turn|19
|
|t:|1665697214
|move|p2a: Electivire|Earthquake|p1a: Gigalithe
|-supereffective|p1a: Gigalithe
|-crit|p1a: Gigalithe
|-damage|p1a: Gigalithe|0 fnt
|faint|p1a: Gigalithe
|-damage|p2a: Electivire|51/100|[from] item: Life Orb
|
|-weather|Sandstorm|[upkeep]
|-damage|p2a: Electivire|45/100|[from] Sandstorm
|upkeep
|c|☆BiscotteKouloulou|gg
|c|☆GamingWithSceptile|Gg
|-message|BiscotteKouloulou forfeited.
|
|win|GamingWithSceptile
|n|☆BiscotteKouloulou|biscottekouloulou
|n|☆GamingWithSceptile|gamingwithsceptile
|n| Nike2012|nike2012
|l|☆BiscotteKouloulou
