|j|☆JoJo Reference #10
|j|☆EnterTheDinja
|t:|1661297206
|gametype|singles
|player|p1|JoJo Reference #10|2|1344
|player|p2|EnterTheDinja|1|1356
|teamsize|p1|6
|teamsize|p2|6
|gen|8
|tier|[Gen 8] PU
|rated|
|rule|Sleep Clause Mod: Limit one foe put to sleep
|rule|Species Clause: Limit one of each Pokémon
|rule|OHKO Clause: OHKO moves are banned
|rule|Evasion Items Clause: Evasion items are banned
|rule|Evasion Moves Clause: Evasion moves are banned
|rule|Endless Battle Clause: Forcing endless battles is banned
|rule|HP Percentage Mod: HP is shown in percentages
|rule|Dynamax Clause: You cannot dynamax
|clearpoke
|poke|p1|Jellicent, M|
|poke|p1|Aurorus, M|
|poke|p1|Silvally-*|
|poke|p1|Scrafty, F|
|poke|p1|Garbodor, M|
|poke|p1|Lycanroc, M|
|poke|p2|Gallade, M|
|poke|p2|Scrafty, F|
|poke|p2|Eldegoss, F|
|poke|p2|Gigalith, M|
|poke|p2|Jellicent, M|
|poke|p2|Sandaconda, F|
|teampreview
|inactive|Battle timer is ON: inactive players will automatically lose when time's up. (requested by EnterTheDinja)
|
|t:|1661297218
|start
|switch|p1a: Lycanroc|Lycanroc, M|100/100
|switch|p2a: Gallade|Gallade, M|100/100
|turn|1
|
|t:|1661297221
|move|p1a: Lycanroc|Stealth Rock|p2a: Gallade
|-sidestart|p2: EnterTheDinja|move: Stealth Rock
|move|p2a: Gallade|Knock Off|p1a: Lycanroc
|-damage|p1a: Lycanroc|55/100
|-enditem|p1a: Lycanroc|Focus Sash|[from] move: Knock Off|[of] p2a: Gallade
|
|upkeep
|turn|2
|
|t:|1661297228
|switch|p2a: Jellicent|Jellicent, M|100/100
|-damage|p2a: Jellicent|88/100|[from] Stealth Rock
|move|p1a: Lycanroc|Endeavor|p2a: Jellicent
|-immune|p2a: Jellicent
|
|upkeep
|turn|3
|
|t:|1661297230
|move|p1a: Lycanroc|Taunt|p2a: Jellicent
|-start|p2a: Jellicent|move: Taunt
|move|p2a: Jellicent|Scald|p1a: Lycanroc
|-supereffective|p1a: Lycanroc
|-damage|p1a: Lycanroc|0 fnt
|faint|p1a: Lycanroc
|
|upkeep
|
|t:|1661297234
|switch|p1a: Scrafty|Scrafty, F|100/100
|turn|4
|
|t:|1661297239
|switch|p2a: Sandaconda|Sandaconda, F|100/100
|-damage|p2a: Sandaconda|94/100|[from] Stealth Rock
|move|p1a: Scrafty|Dragon Dance|p1a: Scrafty
|-boost|p1a: Scrafty|atk|1
|-boost|p1a: Scrafty|spe|1
|
|-heal|p2a: Sandaconda|100/100|[from] item: Leftovers
|upkeep
|turn|5
|
|t:|1661297244
|move|p1a: Scrafty|Close Combat|p2a: Sandaconda
|-damage|p2a: Sandaconda|40/100
|-unboost|p1a: Scrafty|def|1
|-unboost|p1a: Scrafty|spd|1
|move|p2a: Sandaconda|Coil|p2a: Sandaconda
|-boost|p2a: Sandaconda|atk|1
|-boost|p2a: Sandaconda|def|1
|-boost|p2a: Sandaconda|accuracy|1
|
|-heal|p2a: Sandaconda|46/100|[from] item: Leftovers
|upkeep
|turn|6
|
|t:|1661297252
|switch|p1a: Jellicent|Jellicent, M|100/100
|move|p2a: Sandaconda|Earthquake|p1a: Jellicent
|-damage|p1a: Jellicent|22/100
|
|-heal|p2a: Sandaconda|52/100|[from] item: Leftovers
|upkeep
|turn|7
|
|t:|1661297257
|move|p1a: Jellicent|Ice Beam|p2a: Sandaconda
|-supereffective|p2a: Sandaconda
|-damage|p2a: Sandaconda|0 fnt
|faint|p2a: Sandaconda
|
|upkeep
|
|t:|1661297264
|switch|p2a: Gallade|Gallade, M|100/100
|-damage|p2a: Gallade|94/100|[from] Stealth Rock
|turn|8
|
|t:|1661297268
|switch|p1a: Silvally|Silvally-Fairy|100/100
|move|p2a: Gallade|Knock Off|p1a: Silvally
|-resisted|p1a: Silvally
|-damage|p1a: Silvally|88/100
|
|upkeep
|turn|9
|
|t:|1661297273
|switch|p2a: Gigalith|Gigalith, M|100/100
|-damage|p2a: Gigalith|88/100|[from] Stealth Rock
|-weather|Sandstorm|[from] ability: Sand Stream|[of] p2a: Gigalith
|move|p1a: Silvally|Swords Dance|p1a: Silvally
|-boost|p1a: Silvally|atk|2
|
|-weather|Sandstorm|[upkeep]
|-damage|p1a: Silvally|82/100|[from] Sandstorm
|-heal|p2a: Gigalith|94/100|[from] item: Leftovers
|upkeep
|turn|10
|
|t:|1661297278
|move|p1a: Silvally|Multi-Attack|p2a: Gigalith
|-damage|p2a: Gigalith|21/100
|move|p2a: Gigalith|Rock Blast|p1a: Silvally
|-damage|p1a: Silvally|69/100
|-damage|p1a: Silvally|56/100
|-hitcount|p1a: Silvally|2
|
|-weather|Sandstorm|[upkeep]
|-damage|p1a: Silvally|50/100|[from] Sandstorm
|-heal|p2a: Gigalith|28/100|[from] item: Leftovers
|upkeep
|turn|11
|
|t:|1661297282
|move|p1a: Silvally|Multi-Attack|p2a: Gigalith
|-damage|p2a: Gigalith|0 fnt
|faint|p2a: Gigalith
|
|-weather|Sandstorm|[upkeep]
|-damage|p1a: Silvally|44/100|[from] Sandstorm
|upkeep
|
|t:|1661297285
|switch|p2a: Jellicent|Jellicent, M|88/100
|-damage|p2a: Jellicent|76/100|[from] Stealth Rock
|turn|12
|
|t:|1661297287
|move|p1a: Silvally|Multi-Attack|p2a: Jellicent
|-damage|p2a: Jellicent|3/100
|move|p2a: Jellicent|Strength Sap|p1a: Silvally
|-unboost|p1a: Silvally|atk|1
|-heal|p2a: Jellicent|100/100
|
|-weather|Sandstorm|[upkeep]
|-damage|p1a: Silvally|38/100|[from] Sandstorm
|-damage|p2a: Jellicent|94/100|[from] Sandstorm
|upkeep
|turn|13
|
|t:|1661297296
|switch|p1a: Jellicent|Jellicent, M|22/100
|move|p2a: Jellicent|Will-O-Wisp|p1a: Jellicent|[miss]
|-miss|p2a: Jellicent|p1a: Jellicent
|
|-weather|none
|upkeep
|turn|14
|
|t:|1661297299
|switch|p2a: Scrafty|Scrafty, F|100/100
|-damage|p2a: Scrafty|94/100|[from] Stealth Rock
|move|p1a: Jellicent|Shadow Ball|p2a: Scrafty
|-resisted|p2a: Scrafty
|-damage|p2a: Scrafty|77/100
|-unboost|p2a: Scrafty|spd|1
|
|upkeep
|turn|15
|
|t:|1661297305
|switch|p1a: Silvally|Silvally-Fairy|38/100
|move|p2a: Scrafty|Dragon Dance|p2a: Scrafty
|-boost|p2a: Scrafty|atk|1
|-boost|p2a: Scrafty|spe|1
|
|upkeep
|turn|16
|
|t:|1661297310
|switch|p2a: Jellicent|Jellicent, M|94/100
|-damage|p2a: Jellicent|82/100|[from] Stealth Rock
|move|p1a: Silvally|Multi-Attack|p2a: Jellicent
|-damage|p2a: Jellicent|40/100
|
|upkeep
|turn|17
|
|t:|1661297313
|move|p1a: Silvally|Multi-Attack|p2a: Jellicent
|-damage|p2a: Jellicent|3/100
|move|p2a: Jellicent|Strength Sap|p1a: Silvally
|-unboost|p1a: Silvally|atk|1
|-heal|p2a: Jellicent|75/100
|
|upkeep
|turn|18
|
|t:|1661297316
|switch|p1a: Jellicent|Jellicent, M|22/100
|move|p2a: Jellicent|Will-O-Wisp|p1a: Jellicent
|-status|p1a: Jellicent|brn
|
|-damage|p1a: Jellicent|16/100 brn|[from] brn
|upkeep
|turn|19
|
|t:|1661297319
|switch|p2a: Eldegoss|Eldegoss, F|100/100
|move|p1a: Jellicent|Trick|p2a: Eldegoss
|-activate|p1a: Jellicent|move: Trick|[of] p2a: Eldegoss
|-item|p2a: Eldegoss|Choice Scarf|[from] move: Trick
|-item|p1a: Jellicent|Heavy-Duty Boots|[from] move: Trick
|
|-damage|p1a: Jellicent|10/100 brn|[from] brn
|upkeep
|turn|20
|
|t:|1661297322
|move|p1a: Jellicent|Ice Beam|p2a: Eldegoss
|-supereffective|p2a: Eldegoss
|-damage|p2a: Eldegoss|57/100
|move|p2a: Eldegoss|Leech Seed|p1a: Jellicent
|-start|p1a: Jellicent|move: Leech Seed
|
|-damage|p1a: Jellicent|0 fnt|[from] Leech Seed|[of] p2a: Eldegoss
|-heal|p2a: Eldegoss|67/100|[silent]
|faint|p1a: Jellicent
|upkeep
|
|t:|1661297332
|switch|p1a: Scrafty|Scrafty, F|100/100
|turn|21
|
|t:|1661297334
|move|p1a: Scrafty|Dragon Dance|p1a: Scrafty
|-boost|p1a: Scrafty|atk|1
|-boost|p1a: Scrafty|spe|1
|move|p2a: Eldegoss|Leech Seed|p1a: Scrafty
|-start|p1a: Scrafty|move: Leech Seed
|
|-damage|p1a: Scrafty|88/100|[from] Leech Seed|[of] p2a: Eldegoss
|-heal|p2a: Eldegoss|77/100|[silent]
|upkeep
|turn|22
|
|t:|1661297338
|switch|p2a: Jellicent|Jellicent, M|75/100
|-damage|p2a: Jellicent|62/100|[from] Stealth Rock
|move|p1a: Scrafty|Dragon Dance|p1a: Scrafty
|-boost|p1a: Scrafty|atk|1
|-boost|p1a: Scrafty|spe|1
|
|-damage|p1a: Scrafty|76/100|[from] Leech Seed|[of] p2a: Jellicent
|-heal|p2a: Jellicent|70/100|[silent]
|upkeep
|turn|23
|
|t:|1661297340
|move|p1a: Scrafty|Knock Off|p2a: Jellicent
|-supereffective|p2a: Jellicent
|-enditem|p2a: Jellicent|Colbur Berry|[eat]
|-enditem|p2a: Jellicent|Colbur Berry|[weaken]
|-damage|p2a: Jellicent|11/100
|move|p2a: Jellicent|Strength Sap|p1a: Scrafty
|-unboost|p1a: Scrafty|atk|1
|-heal|p2a: Jellicent|100/100
|
|-damage|p1a: Scrafty|64/100|[from] Leech Seed|[of] p2a: Jellicent
|upkeep
|turn|24
|
|t:|1661297345
|switch|p1a: Silvally|Silvally-Fairy|38/100
|move|p2a: Jellicent|Will-O-Wisp|p1a: Silvally
|-status|p1a: Silvally|brn
|
|-damage|p1a: Silvally|32/100 brn|[from] brn
|upkeep
|turn|25
|
|t:|1661297350
|move|p1a: Silvally|Multi-Attack|p2a: Jellicent
|-damage|p2a: Jellicent|80/100
|move|p2a: Jellicent|Taunt|p1a: Silvally
|-start|p1a: Silvally|move: Taunt
|
|-damage|p1a: Silvally|26/100 brn|[from] brn
|upkeep
|turn|26
|
|t:|1661297352
|move|p1a: Silvally|Multi-Attack|p2a: Jellicent
|-damage|p2a: Jellicent|62/100
|move|p2a: Jellicent|Strength Sap|p1a: Silvally
|-unboost|p1a: Silvally|atk|1
|-heal|p2a: Jellicent|100/100
|
|-damage|p1a: Silvally|20/100 brn|[from] brn
|upkeep
|turn|27
|
|t:|1661297358
|move|p1a: Silvally|Multi-Attack|p2a: Jellicent
|-crit|p2a: Jellicent
|-damage|p2a: Jellicent|72/100
|move|p2a: Jellicent|Strength Sap|p1a: Silvally
|-unboost|p1a: Silvally|atk|1
|-heal|p2a: Jellicent|100/100
|
|-damage|p1a: Silvally|14/100 brn|[from] brn
|upkeep
|turn|28
|
|t:|1661297360
|move|p1a: Silvally|Multi-Attack|p2a: Jellicent
|-damage|p2a: Jellicent|90/100
|move|p2a: Jellicent|Strength Sap|p1a: Silvally
|-unboost|p1a: Silvally|atk|1
|-heal|p2a: Jellicent|100/100
|
|-damage|p1a: Silvally|8/100 brn|[from] brn
|-end|p1a: Silvally|move: Taunt
|upkeep
|turn|29
|
|t:|1661297362
|move|p1a: Silvally|Multi-Attack|p2a: Jellicent
|-damage|p2a: Jellicent|93/100
|move|p2a: Jellicent|Strength Sap|p1a: Silvally
|-unboost|p1a: Silvally|atk|1
|-heal|p2a: Jellicent|100/100
|
|-damage|p1a: Silvally|2/100 brn|[from] brn
|upkeep
|turn|30
|
|t:|1661297364
|move|p1a: Silvally|Multi-Attack|p2a: Jellicent
|-damage|p2a: Jellicent|95/100
|move|p2a: Jellicent|Strength Sap|p1a: Silvally
|-unboost|p1a: Silvally|atk|1
|-heal|p2a: Jellicent|100/100
|
|-damage|p1a: Silvally|0 fnt|[from] brn
|faint|p1a: Silvally
|upkeep
|
|t:|1661297365
|switch|p1a: Scrafty|Scrafty, F|64/100
|turn|31
|
|t:|1661297369
|move|p1a: Scrafty|Substitute|p1a: Scrafty
|-start|p1a: Scrafty|Substitute
|-damage|p1a: Scrafty|39/100
|move|p2a: Jellicent|Taunt|p1a: Scrafty
|-start|p1a: Scrafty|move: Taunt
|
|upkeep
|turn|32
|
|t:|1661297372
|move|p1a: Scrafty|Knock Off|p2a: Jellicent
|-supereffective|p2a: Jellicent
|-damage|p2a: Jellicent|56/100
|move|p2a: Jellicent|Scald|p1a: Scrafty
|-end|p1a: Scrafty|Substitute
|
|upkeep
|turn|33
|
|t:|1661297375
|move|p1a: Scrafty|Knock Off|p2a: Jellicent
|-supereffective|p2a: Jellicent
|-damage|p2a: Jellicent|18/100
|move|p2a: Jellicent|Strength Sap|p1a: Scrafty
|-unboost|p1a: Scrafty|atk|1
|-heal|p2a: Jellicent|87/100
|
|upkeep
|turn|34
|
|t:|1661297378
|switch|p1a: Aurorus|Aurorus, M|100/100
|-weather|Hail|[from] ability: Snow Warning|[of] p1a: Aurorus
|move|p2a: Jellicent|Will-O-Wisp|p1a: Aurorus
|-status|p1a: Aurorus|brn
|
|-weather|Hail|[upkeep]
|-damage|p2a: Jellicent|81/100|[from] Hail
|-damage|p1a: Aurorus|94/100 brn|[from] brn
|upkeep
|turn|35
|
|t:|1661297383
|move|p1a: Aurorus|Rock Polish|p1a: Aurorus
|-boost|p1a: Aurorus|spe|2
|move|p2a: Jellicent|Scald|p1a: Aurorus
|-supereffective|p1a: Aurorus
|-damage|p1a: Aurorus|45/100 brn
|
|-weather|Hail|[upkeep]
|-damage|p2a: Jellicent|75/100|[from] Hail
|-damage|p1a: Aurorus|38/100 brn|[from] brn
|upkeep
|turn|36
|
|t:|1661297386
|move|p1a: Aurorus|Meteor Beam||[still]
|-prepare|p1a: Aurorus|Meteor Beam
|-boost|p1a: Aurorus|spa|1
|-enditem|p1a: Aurorus|Power Herb
|-anim|p1a: Aurorus|Meteor Beam|p2a: Jellicent
|-damage|p2a: Jellicent|10/100
|move|p2a: Jellicent|Scald|p1a: Aurorus
|-supereffective|p1a: Aurorus
|-damage|p1a: Aurorus|0 fnt
|faint|p1a: Aurorus
|
|-weather|Hail|[upkeep]
|-damage|p2a: Jellicent|4/100|[from] Hail
|upkeep
|
|t:|1661297391
|switch|p1a: Garbodor|Garbodor, M|100/100
|turn|37
|
|t:|1661297393
|move|p1a: Garbodor|Seed Bomb|p2a: Jellicent
|-supereffective|p2a: Jellicent
|-damage|p2a: Jellicent|0 fnt
|faint|p2a: Jellicent
|-damage|p1a: Garbodor|91/100|[from] item: Life Orb
|
|-weather|Hail|[upkeep]
|-damage|p1a: Garbodor|85/100|[from] Hail
|upkeep
|
|t:|1661297409
|switch|p2a: Eldegoss|Eldegoss, F|100/100
|-damage|p2a: Eldegoss|88/100|[from] Stealth Rock
|turn|38
|
|t:|1661297412
|move|p1a: Garbodor|Autotomize|p1a: Garbodor
|-boost|p1a: Garbodor|spe|2
|-start|p1a: Garbodor|Autotomize
|move|p2a: Eldegoss|Leech Seed|p1a: Garbodor|[miss]
|-miss|p2a: Eldegoss|p1a: Garbodor
|
|-weather|none
|upkeep
|turn|39
|
|t:|1661297414
|move|p1a: Garbodor|Gunk Shot|p2a: Eldegoss
|-supereffective|p2a: Eldegoss
|-damage|p2a: Eldegoss|0 fnt
|faint|p2a: Eldegoss
|-damage|p1a: Garbodor|75/100|[from] item: Life Orb
|
|upkeep
|
|t:|1661297418
|switch|p2a: Gallade|Gallade, M|94/100
|-damage|p2a: Gallade|88/100|[from] Stealth Rock
|turn|40
|
|t:|1661297420
|move|p1a: Garbodor|Gunk Shot|p2a: Gallade
|-damage|p2a: Gallade|0 fnt
|faint|p2a: Gallade
|-damage|p1a: Garbodor|65/100|[from] item: Life Orb
|
|upkeep
|
|t:|1661297422
|switch|p2a: Scrafty|Scrafty, F|77/100
|-damage|p2a: Scrafty|71/100|[from] Stealth Rock
|turn|41
|
|t:|1661297424
|move|p1a: Garbodor|Gunk Shot|p2a: Scrafty
|-damage|p2a: Scrafty|0 fnt
|faint|p2a: Scrafty
|-damage|p1a: Garbodor|55/100|[from] item: Life Orb
|
|win|JoJo Reference #10
|raw|JoJo Reference #10's rating: 1344 &rarr; <strong>1365</strong><br />(+21 for winning)
|raw|EnterTheDinja's rating: 1356 &rarr; <strong>1335</strong><br />(-21 for losing)
|c|☆JoJo Reference #10|gg
|l|☆EnterTheDinja
||Ladder isn't responding, score probably updated but might not have (Request timeout).
