|j|☆Zip-a-dee-do-da
|j|☆HJAD
|player|p1|Zip-a-dee-do-da|richboy-gen4|
|player|p2|HJAD|lance-gen2|
|teamsize|p1|6
|teamsize|p2|6
|gametype|singles
|gen|8
|tier|[Gen 8] PU
|rated|Tournament battle
|clearpoke
|poke|p1|Silvally-*|
|poke|p1|Sliggoo, M|
|poke|p1|Glaceon, F|
|poke|p1|Liepard, F|
|poke|p1|Gourgeist-*, M|
|poke|p1|Solrock|
|poke|p2|Pikachu, F|
|poke|p2|Persian, M|
|poke|p2|Gourgeist-*, M|
|poke|p2|Wartortle, M|
|poke|p2|Pawniard, M|
|poke|p2|Beheeyem, F|
|rule|Sleep Clause Mod: Limit one foe put to sleep
|rule|Species Clause: Limit one of each Pokémon
|rule|OHKO Clause: OHKO moves are banned
|rule|Evasion Moves Clause: Evasion moves are banned
|rule|Endless Battle Clause: Forcing endless battles is banned
|rule|HP Percentage Mod: HP is shown in percentages
|rule|Dynamax Clause: You cannot dynamax
|teampreview
|j| Roadhog Squad
|j| Ebic Game Mer
|c|☆HJAD|hf
|c| Ebic Game Mer|gl hf
|j| DJMunk023
|j| Deferio
|j| Roonie217
|c| Roonie217|ooh nice I like it HJAD
|j|#slowbroth
|j| Hit Me Up On Quora
|l| DJMunk023
|c|#slowbroth|HJAD ur team looks like a meme team from oras pu
|c| Ebic Game Mer|I hate the persian + pikachu combo, but it works too well to deny
|
|start
|switch|p1a: Solrock|Solrock|100/100
|switch|p2a: Pikachu|Pikachu, F|100/100
|turn|1
|
|move|p2a: Pikachu|Fake Out|p1a: Solrock
|-resisted|p1a: Solrock
|-damage|p1a: Solrock|94/100
|cant|p1a: Solrock|flinch
|
|-heal|p1a: Solrock|100/100|[from] item: Leftovers
|upkeep
|turn|2
|
|move|p2a: Pikachu|Knock Off|p1a: Solrock
|-supereffective|p1a: Solrock
|-crit|p1a: Solrock
|-damage|p1a: Solrock|16/100
|-enditem|p1a: Solrock|Leftovers|[from] move: Knock Off|[of] p2a: Pikachu
|move|p1a: Solrock|Stealth Rock|p2a: Pikachu
|-sidestart|p2: HJAD|move: Stealth Rock
|
|upkeep
|turn|3
|
|move|p2a: Pikachu|Knock Off|p1a: Solrock
|-supereffective|p1a: Solrock
|-damage|p1a: Solrock|0 fnt
|faint|p1a: Solrock
|
|upkeep
|c|☆HJAD|ikr broth
|
|switch|p1a: Silvally|Silvally-Ground|100/100
|turn|4
|c|☆HJAD|it looks like im hella trolling
|
|switch|p2a: Gourgeist|Gourgeist-Super, M|100/100
|-damage|p2a: Gourgeist|88/100|[from] Stealth Rock
|-item|p1a: Silvally|Ground Memory|[from] ability: Frisk|[of] p2a: Gourgeist|[identify]
|move|p1a: Silvally|Multi-Attack|p2a: Gourgeist
|-resisted|p2a: Gourgeist
|-damage|p2a: Gourgeist|76/100
|-damage|p1a: Silvally|84/100|[from] item: Rocky Helmet|[of] p2a: Gourgeist
|
|upkeep
|turn|5
|c| Roonie217|maybe you are secretly trolling
|c|☆HJAD|got me!
|
|switch|p1a: Glaceon|Glaceon, F|100/100
|move|p2a: Gourgeist|Synthesis|p2a: Gourgeist
|-heal|p2a: Gourgeist|100/100
|
|upkeep
|turn|6
|c| Roonie217|damn how could you :^(
|
|switch|p2a: Beheeyem|Beheeyem, F|100/100
|-damage|p2a: Beheeyem|88/100|[from] Stealth Rock
|move|p1a: Glaceon|Freeze-Dry|p2a: Beheeyem
|-damage|p2a: Beheeyem|72/100
|
|upkeep
|turn|7
|j| DiamondsRealm
|
|switch|p1a: Sliggoo|Sliggoo, M, shiny|100/100
|move|p2a: Beheeyem|Psyshock|p1a: Sliggoo
|-damage|p1a: Sliggoo|43/100
|
|upkeep
|turn|8
|
|move|p1a: Sliggoo|Toxic|p2a: Beheeyem
|-status|p2a: Beheeyem|tox
|move|p2a: Beheeyem|Psyshock|p1a: Sliggoo
|-damage|p1a: Sliggoo|0 fnt
|faint|p1a: Sliggoo
|
|-damage|p2a: Beheeyem|66/100 tox|[from] psn
|upkeep
|
|switch|p1a: Liepard|Liepard, F|100/100
|turn|9
|
|switch|p2a: Wartortle|Wartortle, M|100/100
|-damage|p2a: Wartortle|88/100|[from] Stealth Rock
|move|p1a: Liepard|U-turn|p2a: Wartortle
|-damage|p2a: Wartortle|71/100
|
|switch|p1a: Glaceon|Glaceon, F|100/100|[from]move: U-turn
|
|upkeep
|turn|10
|
|switch|p2a: Beheeyem|Beheeyem, F|66/100 tox
|-damage|p2a: Beheeyem|53/100 tox|[from] Stealth Rock
|move|p1a: Glaceon|Freeze-Dry|p2a: Beheeyem
|-damage|p2a: Beheeyem|38/100 tox
|
|-damage|p2a: Beheeyem|31/100 tox|[from] psn
|upkeep
|turn|11
|
|move|p1a: Glaceon|Freeze-Dry|p2a: Beheeyem
|-damage|p2a: Beheeyem|15/100 tox
|move|p2a: Beheeyem|Psychic|p1a: Glaceon
|-damage|p1a: Glaceon|59/100
|
|-damage|p2a: Beheeyem|3/100 tox|[from] psn
|upkeep
|turn|12
|c|☆HJAD|!dt glaceon
|raw|<div class="message"><ul class="utilichart"><li class="result"><span class="col numcol">PU</span> <span class="col iconcol"><psicon pokemon="glaceon"/></span> <span class="col pokemonnamecol" style="white-space:nowrap"><a href="https://dex.pokemonshowdown.com/pokemon/glaceon" target="_blank">Glaceon</a></span> <span class="col typecol"><img src="https://play.pokemonshowdown.com/sprites/types/Ice.png" alt="Ice" height="14" width="32"></span> <span style="float:left;min-height:26px"><span class="col abilitycol">Snow Cloak</span><span class="col abilitycol"><em>Ice Body</em></span></span><span style="float:left;min-height:26px"><span class="col statcol"><em>HP</em><br />65</span> <span class="col statcol"><em>Atk</em><br />60</span> <span class="col statcol"><em>Def</em><br />110</span> <span class="col statcol"><em>SpA</em><br />130</span> <span class="col statcol"><em>SpD</em><br />95</span> <span class="col statcol"><em>Spe</em><br />65</span> <span class="col bstcol"><em>BST<br />525</em></span> </span></li><li style="clear:both"></li></ul></div>
|raw|<font size="1"><font color="#686868">Dex#:</font> 471&nbsp;|&ThickSpace;<font color="#686868">Gen:</font> 4&nbsp;|&ThickSpace;<font color="#686868">Height:</font> 0.8 m&nbsp;|&ThickSpace;<font color="#686868">Weight:</font> 25.9 kg <em>(60 BP)</em>&nbsp;|&ThickSpace;<font color="#686868">Dex Colour:</font> Blue&nbsp;|&ThickSpace;<font color="#686868">Egg Group(s):</font> Field&nbsp;|&ThickSpace;<font color="#686868">Does Not Evolve</font></font>

|
|move|p1a: Glaceon|Protect|p1a: Glaceon
|-singleturn|p1a: Glaceon|Protect
|move|p2a: Beheeyem|Psychic|p1a: Glaceon
|-activate|p1a: Glaceon|move: Protect
|
|-damage|p2a: Beheeyem|0 fnt|[from] psn
|faint|p2a: Beheeyem
|upkeep
|
|switch|p2a: Pawniard|Pawniard, M|100/100
|-damage|p2a: Pawniard|94/100|[from] Stealth Rock
|turn|13
|
|switch|p1a: Silvally|Silvally-Ground|84/100
|move|p2a: Pawniard|Iron Head|p1a: Silvally
|-damage|p1a: Silvally|46/100
|
|upkeep
|turn|14
|
|switch|p2a: Gourgeist|Gourgeist-Super, M|100/100
|-damage|p2a: Gourgeist|88/100|[from] Stealth Rock
|-item|p1a: Silvally|Ground Memory|[from] ability: Frisk|[of] p2a: Gourgeist|[identify]
|move|p1a: Silvally|Multi-Attack|p2a: Gourgeist
|-resisted|p2a: Gourgeist
|-damage|p2a: Gourgeist|75/100
|-damage|p1a: Silvally|29/100|[from] item: Rocky Helmet|[of] p2a: Gourgeist
|
|upkeep
|turn|15
|c| DiamondsRealm|Id did some calc and I definitely won my match against zip if he didnt crit my fraxure and doesnt have fake out on liepard
|
|move|p1a: Silvally|Ice Beam|p2a: Gourgeist
|-supereffective|p2a: Gourgeist
|-damage|p2a: Gourgeist|18/100
|move|p2a: Gourgeist|Power Whip|p1a: Silvally
|-supereffective|p1a: Silvally
|-damage|p1a: Silvally|0 fnt
|faint|p1a: Silvally
|
|upkeep
|c| Roonie217|that's honestly tragic diamond
|
|switch|p1a: Glaceon|Glaceon, F|59/100
|turn|16
|c| Hit Me Up On Quora|he plays it like it's banded/scarf so chances are no fake out
|
|switch|p2a: Wartortle|Wartortle, M|71/100
|-damage|p2a: Wartortle|58/100|[from] Stealth Rock
|move|p1a: Glaceon|Freeze-Dry|p2a: Wartortle
|-supereffective|p2a: Wartortle
|-damage|p2a: Wartortle|4/100
|-status|p2a: Wartortle|frz
|
|upkeep
|turn|17
|
|move|p1a: Glaceon|Freeze-Dry|p2a: Wartortle
|-supereffective|p2a: Wartortle
|-damage|p2a: Wartortle|0 fnt
|faint|p2a: Wartortle
|
|upkeep
|
|switch|p2a: Pawniard|Pawniard, M|94/100
|-damage|p2a: Pawniard|88/100|[from] Stealth Rock
|turn|18
|
|move|p2a: Pawniard|Iron Head|p1a: Glaceon
|-supereffective|p1a: Glaceon
|-damage|p1a: Glaceon|0 fnt
|faint|p1a: Glaceon
|
|upkeep
|
|switch|p1a: Liepard|Liepard, F|100/100
|turn|19
|
|move|p1a: Liepard|Play Rough|p2a: Pawniard
|-damage|p2a: Pawniard|43/100
|-unboost|p2a: Pawniard|atk|1
|-ability|p2a: Pawniard|Defiant
|-boost|p2a: Pawniard|atk|2
|move|p2a: Pawniard|Iron Head|p1a: Liepard
|-damage|p1a: Liepard|0 fnt
|faint|p1a: Liepard
|
|upkeep
|
|switch|p1a: Gourgeist|Gourgeist-Super, M, shiny|100/100
|-item|p2a: Pawniard|Eviolite|[from] ability: Frisk|[of] p1a: Gourgeist|[identify]
|turn|20
|c| Ebic Game Mer|F
|c|☆HJAD|i was about to lose full for a second
|c| DiamondsRealm|Even if geist burns itll still and +1 outrage still kos pard while burned
|c|☆HJAD|then i realised pawn is busted
|
|move|p2a: Pawniard|Knock Off|p1a: Gourgeist
|-supereffective|p1a: Gourgeist
|-enditem|p1a: Gourgeist|Colbur Berry|[eat]
|-enditem|p1a: Gourgeist|Colbur Berry|[weaken]
|-damage|p1a: Gourgeist|64/100
|move|p1a: Gourgeist|Fire Blast|p2a: Pawniard
|-supereffective|p2a: Pawniard
|-damage|p2a: Pawniard|0 fnt
|faint|p2a: Pawniard
|
|upkeep
|
|switch|p2a: Pikachu|Pikachu, F|100/100
|-damage|p2a: Pikachu|88/100|[from] Stealth Rock
|turn|21
|
|move|p2a: Pikachu|Knock Off|p1a: Gourgeist
|-supereffective|p1a: Gourgeist
|-damage|p1a: Gourgeist|35/100
|move|p1a: Gourgeist|Synthesis|p1a: Gourgeist
|-heal|p1a: Gourgeist|85/100
|
|upkeep
|turn|22
|c|☆HJAD|chalked
|
|switch|p2a: Persian|Persian, M|100/100
|-damage|p2a: Persian|88/100|[from] Stealth Rock
|move|p1a: Gourgeist|Power Whip|p2a: Persian
|-damage|p2a: Persian|7/100
|
|upkeep
|turn|23
|j| ad2000
|
|move|p2a: Persian|Double-Edge|p1a: Gourgeist
|-immune|p1a: Gourgeist
|move|p1a: Gourgeist|Power Whip|p2a: Persian
|-damage|p2a: Persian|0 fnt
|faint|p2a: Persian
|
|upkeep
|
|switch|p2a: Gourgeist|Gourgeist-Super, M|18/100
|-damage|p2a: Gourgeist|6/100|[from] Stealth Rock
|turn|24
|
|move|p2a: Gourgeist|Synthesis|p2a: Gourgeist
|-heal|p2a: Gourgeist|56/100
|move|p1a: Gourgeist|Fire Blast|p2a: Gourgeist|[miss]
|-miss|p1a: Gourgeist|p2a: Gourgeist
|
|upkeep
|turn|25
|
|move|p2a: Gourgeist|Will-O-Wisp|p1a: Gourgeist
|-status|p1a: Gourgeist|brn
|move|p1a: Gourgeist|Fire Blast|p2a: Gourgeist
|-supereffective|p2a: Gourgeist
|-damage|p2a: Gourgeist|20/100
|
|-damage|p1a: Gourgeist|79/100 brn|[from] brn
|upkeep
|turn|26
|
|move|p2a: Gourgeist|Synthesis|p2a: Gourgeist
|-heal|p2a: Gourgeist|70/100
|move|p1a: Gourgeist|Fire Blast|p2a: Gourgeist
|-supereffective|p2a: Gourgeist
|-damage|p2a: Gourgeist|37/100
|
|-damage|p1a: Gourgeist|73/100 brn|[from] brn
|upkeep
|turn|27
|
|move|p2a: Gourgeist|Synthesis|p2a: Gourgeist
|-heal|p2a: Gourgeist|87/100
|move|p1a: Gourgeist|Fire Blast|p2a: Gourgeist
|-supereffective|p2a: Gourgeist
|-damage|p2a: Gourgeist|55/100
|
|-damage|p1a: Gourgeist|67/100 brn|[from] brn
|upkeep
|turn|28
|
|move|p2a: Gourgeist|Power Whip|p1a: Gourgeist
|-resisted|p1a: Gourgeist
|-damage|p1a: Gourgeist|55/100 brn
|move|p1a: Gourgeist|Fire Blast|p2a: Gourgeist
|-supereffective|p2a: Gourgeist
|-damage|p2a: Gourgeist|22/100
|
|-damage|p1a: Gourgeist|49/100 brn|[from] brn
|upkeep
|turn|29
|
|move|p2a: Gourgeist|Synthesis|p2a: Gourgeist
|-heal|p2a: Gourgeist|72/100
|move|p1a: Gourgeist|Synthesis|p1a: Gourgeist
|-heal|p1a: Gourgeist|99/100 brn
|
|-damage|p1a: Gourgeist|92/100 brn|[from] brn
|upkeep
|turn|30
|
|move|p2a: Gourgeist|Power Whip|p1a: Gourgeist
|-resisted|p1a: Gourgeist
|-damage|p1a: Gourgeist|80/100 brn
|move|p1a: Gourgeist|Fire Blast|p2a: Gourgeist
|-supereffective|p2a: Gourgeist
|-damage|p2a: Gourgeist|39/100
|
|-damage|p1a: Gourgeist|74/100 brn|[from] brn
|upkeep
|turn|31
|
|move|p2a: Gourgeist|Synthesis|p2a: Gourgeist
|-heal|p2a: Gourgeist|88/100
|move|p1a: Gourgeist|Fire Blast|p2a: Gourgeist
|-supereffective|p2a: Gourgeist
|-damage|p2a: Gourgeist|54/100
|
|-damage|p1a: Gourgeist|68/100 brn|[from] brn
|upkeep
|turn|32
|j| DJMunk023
|
|move|p2a: Gourgeist|Power Whip|p1a: Gourgeist|[miss]
|-miss|p2a: Gourgeist|p1a: Gourgeist
|move|p1a: Gourgeist|Power Whip|p2a: Gourgeist
|-resisted|p2a: Gourgeist
|-damage|p2a: Gourgeist|48/100
|-damage|p1a: Gourgeist|51/100 brn|[from] item: Rocky Helmet|[of] p2a: Gourgeist
|
|-damage|p1a: Gourgeist|45/100 brn|[from] brn
|upkeep
|turn|33
|l|☆Zip-a-dee-do-da
|player|p1|
|c|☆HJAD|this was a classic
|j| BlenderPower
|c|☆HJAD|mon at 8% was more useful than mon at 70%
|c|☆HJAD|take notes kids
|j|☆Zip-a-dee-do-da
|player|p1|Zip-a-dee-do-da|richboy-gen4
|
|move|p2a: Gourgeist|Power Whip|p1a: Gourgeist
|-resisted|p1a: Gourgeist
|-damage|p1a: Gourgeist|34/100 brn
|move|p1a: Gourgeist|Synthesis|p1a: Gourgeist
|-heal|p1a: Gourgeist|84/100 brn
|
|-damage|p1a: Gourgeist|78/100 brn|[from] brn
|upkeep
|turn|34
|
|move|p2a: Gourgeist|Power Whip|p1a: Gourgeist
|-resisted|p1a: Gourgeist
|-damage|p1a: Gourgeist|67/100 brn
|move|p1a: Gourgeist|Power Whip|p2a: Gourgeist
|-resisted|p2a: Gourgeist
|-damage|p2a: Gourgeist|42/100
|-damage|p1a: Gourgeist|50/100 brn|[from] item: Rocky Helmet|[of] p2a: Gourgeist
|
|-damage|p1a: Gourgeist|44/100 brn|[from] brn
|upkeep
|turn|35
|
|move|p2a: Gourgeist|Power Whip|p1a: Gourgeist
|-resisted|p1a: Gourgeist
|-damage|p1a: Gourgeist|32/100 brn
|move|p1a: Gourgeist|Synthesis|p1a: Gourgeist
|-heal|p1a: Gourgeist|82/100 brn
|
|-damage|p1a: Gourgeist|76/100 brn|[from] brn
|upkeep
|turn|36
|
|move|p2a: Gourgeist|Power Whip|p1a: Gourgeist
|-resisted|p1a: Gourgeist
|-damage|p1a: Gourgeist|65/100 brn
|move|p1a: Gourgeist|Power Whip|p2a: Gourgeist
|-resisted|p2a: Gourgeist
|-damage|p2a: Gourgeist|36/100
|-damage|p1a: Gourgeist|48/100 brn|[from] item: Rocky Helmet|[of] p2a: Gourgeist
|
|-damage|p1a: Gourgeist|42/100 brn|[from] brn
|upkeep
|turn|37
|
|move|p2a: Gourgeist|Synthesis|p2a: Gourgeist
|-heal|p2a: Gourgeist|86/100
|move|p1a: Gourgeist|Synthesis|p1a: Gourgeist
|-heal|p1a: Gourgeist|92/100 brn
|
|-damage|p1a: Gourgeist|86/100 brn|[from] brn
|upkeep
|turn|38
|
|move|p2a: Gourgeist|Power Whip|p1a: Gourgeist|[miss]
|-miss|p2a: Gourgeist|p1a: Gourgeist
|move|p1a: Gourgeist|Power Whip|p2a: Gourgeist|[miss]
|-miss|p1a: Gourgeist|p2a: Gourgeist
|
|-damage|p1a: Gourgeist|80/100 brn|[from] brn
|upkeep
|turn|39
|c| Ebic Game Mer|PFFT
|
|move|p2a: Gourgeist|Power Whip|p1a: Gourgeist
|-resisted|p1a: Gourgeist
|-damage|p1a: Gourgeist|67/100 brn
|move|p1a: Gourgeist|Power Whip|p2a: Gourgeist
|-resisted|p2a: Gourgeist
|-damage|p2a: Gourgeist|79/100
|-damage|p1a: Gourgeist|50/100 brn|[from] item: Rocky Helmet|[of] p2a: Gourgeist
|
|-damage|p1a: Gourgeist|44/100 brn|[from] brn
|upkeep
|turn|40
|
|move|p2a: Gourgeist|Power Whip|p1a: Gourgeist
|-resisted|p1a: Gourgeist
|-damage|p1a: Gourgeist|33/100 brn
|move|p1a: Gourgeist|Synthesis|p1a: Gourgeist
|-heal|p1a: Gourgeist|83/100 brn
|
|-damage|p1a: Gourgeist|77/100 brn|[from] brn
|upkeep
|turn|41
|
|move|p2a: Gourgeist|Power Whip|p1a: Gourgeist
|-resisted|p1a: Gourgeist
|-damage|p1a: Gourgeist|66/100 brn
|move|p1a: Gourgeist|Power Whip|p2a: Gourgeist
|-resisted|p2a: Gourgeist
|-damage|p2a: Gourgeist|74/100
|-damage|p1a: Gourgeist|49/100 brn|[from] item: Rocky Helmet|[of] p2a: Gourgeist
|
|-damage|p1a: Gourgeist|43/100 brn|[from] brn
|upkeep
|turn|42
|
|move|p2a: Gourgeist|Power Whip|p1a: Gourgeist
|-resisted|p1a: Gourgeist
|-damage|p1a: Gourgeist|30/100 brn
|move|p1a: Gourgeist|Synthesis|p1a: Gourgeist
|-heal|p1a: Gourgeist|80/100 brn
|
|-damage|p1a: Gourgeist|74/100 brn|[from] brn
|upkeep
|turn|43
|
|move|p2a: Gourgeist|Power Whip|p1a: Gourgeist
|-resisted|p1a: Gourgeist
|-damage|p1a: Gourgeist|62/100 brn
|move|p1a: Gourgeist|Power Whip|p2a: Gourgeist|[miss]
|-miss|p1a: Gourgeist|p2a: Gourgeist
|
|-damage|p1a: Gourgeist|56/100 brn|[from] brn
|upkeep
|turn|44
|
|move|p2a: Gourgeist|Power Whip|p1a: Gourgeist|[miss]
|-miss|p2a: Gourgeist|p1a: Gourgeist
|move|p1a: Gourgeist|Power Whip|p2a: Gourgeist
|-resisted|p2a: Gourgeist
|-damage|p2a: Gourgeist|68/100
|-damage|p1a: Gourgeist|39/100 brn|[from] item: Rocky Helmet|[of] p2a: Gourgeist
|
|-damage|p1a: Gourgeist|33/100 brn|[from] brn
|upkeep
|turn|45
|
|move|p2a: Gourgeist|Power Whip|p1a: Gourgeist
|-resisted|p1a: Gourgeist
|-damage|p1a: Gourgeist|22/100 brn
|move|p1a: Gourgeist|Synthesis|p1a: Gourgeist
|-heal|p1a: Gourgeist|72/100 brn
|
|-damage|p1a: Gourgeist|65/100 brn|[from] brn
|upkeep
|turn|46
|
|move|p2a: Gourgeist|Leech Seed|p1a: Gourgeist
|-immune|p1a: Gourgeist
|move|p1a: Gourgeist|Leech Seed|p2a: Gourgeist
|-immune|p2a: Gourgeist
|
|-damage|p1a: Gourgeist|59/100 brn|[from] brn
|upkeep
|turn|47
|c|☆HJAD|gg
|-message|Zip-a-dee-do-da forfeited.
|
|win|HJAD
