|j|☆2turtle
|j|☆drud ladder pu 2
|t:|1616860364
|player|p1|2turtle|hilbert-dueldisk|1299
|player|p2|drud ladder pu 2|richboy-gen4|1322
|teamsize|p1|6
|teamsize|p2|6
|gametype|singles
|gen|8
|tier|[Gen 8] PU
|rated|
|clearpoke
|poke|p1|Carracosta, F|
|poke|p1|Ludicolo, M|
|poke|p1|Heliolisk, M|
|poke|p1|Uxie|
|poke|p1|Hitmonlee, M|
|poke|p1|Silvally-*|
|poke|p2|Runerigus, M|
|poke|p2|Musharna, M|
|poke|p2|Poliwrath, M|
|poke|p2|Magneton|
|poke|p2|Archeops, F|
|poke|p2|Frosmoth, M|
|rule|Sleep Clause Mod: Limit one foe put to sleep
|rule|Species Clause: Limit one of each Pokémon
|rule|OHKO Clause: OHKO moves are banned
|rule|Evasion Moves Clause: Evasion moves are banned
|rule|Endless Battle Clause: Forcing endless battles is banned
|rule|HP Percentage Mod: HP is shown in percentages
|rule|Dynamax Clause: You cannot dynamax
|teampreview
|inactive|Battle timer is ON: inactive players will automatically lose when time's up. (requested by 2turtle)
|
|t:|1616860378
|start
|switch|p1a: Uxie|Uxie|100/100
|switch|p2a: Musharna|Musharna, M|100/100
|turn|1
|
|t:|1616860384
|move|p1a: Uxie|Rain Dance|p1a: Uxie
|-weather|RainDance
|move|p2a: Musharna|Yawn|p1a: Uxie
|-start|p1a: Uxie|move: Yawn|[of] p2a: Musharna
|
|-weather|RainDance|[upkeep]
|upkeep
|turn|2
|
|t:|1616860387
|switch|p2a: Runerigus|Runerigus, M|100/100
|move|p1a: Uxie|U-turn|p2a: Runerigus
|-resisted|p2a: Runerigus
|-damage|p2a: Runerigus|96/100
|-activate|p2a: Runerigus|ability: Wandering Spirit|Levitate|Wandering Spirit|[of] p1a: Uxie
|-enditem|p2a: Runerigus|Eject Button
|
|t:|1616860392
|switch|p2a: Poliwrath|Poliwrath, M|100/100
|
|-weather|RainDance|[upkeep]
|-end|p1a: Uxie|move: Yawn|[silent]
|-status|p1a: Uxie|slp
|upkeep
|turn|3
|j| BigConns
|
|t:|1616860406
|switch|p1a: Ludicolo|Ludicolo, M|100/100
|move|p2a: Poliwrath|Substitute|p2a: Poliwrath
|-start|p2a: Poliwrath|Substitute
|-damage|p2a: Poliwrath|75/100
|
|-weather|RainDance|[upkeep]
|upkeep
|turn|4
|
|t:|1616860410
|move|p2a: Poliwrath|Belly Drum|p2a: Poliwrath
|-damage|p2a: Poliwrath|25/100
|-setboost|p2a: Poliwrath|atk|6|[from] move: Belly Drum
|-enditem|p2a: Poliwrath|Salac Berry|[eat]
|-boost|p2a: Poliwrath|spe|1|[from] item: Salac Berry
|move|p1a: Ludicolo|Energy Ball|p2a: Poliwrath
|-supereffective|p2a: Poliwrath
|-crit|p2a: Poliwrath
|-end|p2a: Poliwrath|Substitute
|-damage|p1a: Ludicolo|91/100|[from] item: Life Orb
|
|-weather|RainDance|[upkeep]
|upkeep
|turn|5
|
|t:|1616860414
|move|p2a: Poliwrath|Drain Punch|p1a: Ludicolo
|-damage|p1a: Ludicolo|0 fnt
|-heal|p2a: Poliwrath|68/100|[from] drain|[of] p1a: Ludicolo
|faint|p1a: Ludicolo
|
|-weather|RainDance|[upkeep]
|upkeep
|
|t:|1616860435
|switch|p1a: Silvally|Silvally-Fairy|100/100
|turn|6
|
|t:|1616860438
|move|p2a: Poliwrath|Liquidation|p1a: Silvally
|-damage|p1a: Silvally|0 fnt
|faint|p1a: Silvally
|
|-weather|RainDance|[upkeep]
|upkeep
|
|t:|1616860444
|switch|p1a: Uxie|Uxie|100/100 slp
|turn|7
|
|t:|1616860446
|move|p2a: Poliwrath|Substitute|p2a: Poliwrath
|-start|p2a: Poliwrath|Substitute
|-damage|p2a: Poliwrath|43/100
|cant|p1a: Uxie|slp
|
|-weather|RainDance|[upkeep]
|upkeep
|turn|8
|
|t:|1616860449
|move|p2a: Poliwrath|Liquidation|p1a: Uxie
|-crit|p1a: Uxie
|-damage|p1a: Uxie|0 fnt
|faint|p1a: Uxie
|
|-weather|none
|upkeep
|
|t:|1616860453
|switch|p1a: Hitmonlee|Hitmonlee, M|100/100
|turn|9
|
|t:|1616860455
|move|p1a: Hitmonlee|Fake Out|p2a: Poliwrath
|-enditem|p1a: Hitmonlee|Normal Gem|[from] gem
|-activate|p2a: Poliwrath|move: Substitute|[damage]
|move|p2a: Poliwrath|Drain Punch|p1a: Hitmonlee
|-damage|p1a: Hitmonlee|0 fnt
|-heal|p2a: Poliwrath|81/100|[from] drain|[of] p1a: Hitmonlee
|faint|p1a: Hitmonlee
|
|upkeep
|-message|2turtle forfeited.
|
|win|drud ladder pu 2
|l|☆2turtle
|raw|2turtle's rating: 1300 &rarr; <strong>1277</strong><br />(-23 for losing)
|raw|drud ladder pu 2's rating: 1322 &rarr; <strong>1341</strong><br />(+19 for winning)
