|j|☆Crombey
|j|☆Testpu12
|t:|1633778450
|gametype|singles
|player|p1|Crombey|juggler|1419
|player|p2|Testpu12|dawn|1503
|teamsize|p1|6
|teamsize|p2|6
|gen|8
|tier|[Gen 8] PU
|rated|
|rule|Sleep Clause Mod: Limit one foe put to sleep
|rule|Species Clause: Limit one of each Pokémon
|rule|OHKO Clause: OHKO moves are banned
|rule|Evasion Moves Clause: Evasion moves are banned
|rule|Endless Battle Clause: Forcing endless battles is banned
|rule|HP Percentage Mod: HP is shown in percentages
|rule|Dynamax Clause: You cannot dynamax
|clearpoke
|poke|p1|Weezing, M|
|poke|p1|Trevenant, F|
|poke|p1|Scrafty, F|
|poke|p1|Lanturn, M|
|poke|p1|Whimsicott, F|
|poke|p1|Gigalith, M|
|poke|p2|Silvally-*|
|poke|p2|Poliwrath, M|
|poke|p2|Tsareena, F|
|poke|p2|Aggron, F|
|poke|p2|Aromatisse, F|
|poke|p2|Togedemaru, F|
|teampreview
|
|t:|1633778469
|start
|switch|p1a: Papa Tree|Trevenant, F, shiny|100/100
|switch|p2a: Tsareena|Tsareena, F|100/100
|turn|1
|
|t:|1633778473
|move|p1a: Papa Tree|Poltergeist|p2a: Tsareena
|-activate|p2a: Tsareena|move: Poltergeist|Heavy-Duty Boots
|-damage|p2a: Tsareena|32/100
|move|p2a: Tsareena|Knock Off|p1a: Papa Tree
|-supereffective|p1a: Papa Tree
|-damage|p1a: Papa Tree|19/100
|-enditem|p1a: Papa Tree|Choice Band|[from] move: Knock Off|[of] p2a: Tsareena
|
|upkeep
|turn|2
|c|☆Crombey|jesus
|
|t:|1633778484
|switch|p2a: Aromatisse|Aromatisse, F|100/100
|move|p1a: Papa Tree|Poltergeist|p2a: Aromatisse
|-activate|p2a: Aromatisse|move: Poltergeist|Leftovers
|-damage|p2a: Aromatisse|58/100
|
|-heal|p2a: Aromatisse|64/100|[from] item: Leftovers
|upkeep
|turn|3
|c|☆Crombey|is that defensive lmao
|
|t:|1633778497
|switch|p1a: Weezing|Weezing, M, shiny|100/100
|move|p2a: Aromatisse|Wish|p2a: Aromatisse
|
|-heal|p2a: Aromatisse|70/100|[from] item: Leftovers
|upkeep
|turn|4
|
|t:|1633778507
|move|p2a: Aromatisse|Protect|p2a: Aromatisse
|-singleturn|p2a: Aromatisse|Protect
|move|p1a: Weezing|Toxic Spikes|p2a: Aromatisse
|-sidestart|p2: Testpu12|move: Toxic Spikes
|
|-heal|p2a: Aromatisse|100/100|[from] move: Wish|[wisher] Aromatisse
|upkeep
|turn|5
|
|t:|1633778514
|switch|p2a: Aggron|Aggron, F|100/100
|move|p1a: Weezing|Sludge Bomb|p2a: Aggron
|-immune|p2a: Aggron
|
|upkeep
|turn|6
|
|t:|1633778517
|move|p1a: Weezing|Will-O-Wisp|p2a: Aggron
|-status|p2a: Aggron|brn
|move|p2a: Aggron|Stealth Rock|p1a: Weezing
|-sidestart|p1: Crombey|move: Stealth Rock
|
|-damage|p2a: Aggron|94/100 brn|[from] brn
|upkeep
|turn|7
|
|t:|1633778530
|switch|p2a: Poliwrath|Poliwrath, M|100/100
|-status|p2a: Poliwrath|psn
|move|p1a: Weezing|Toxic Spikes|p2a: Poliwrath
|-sidestart|p2: Testpu12|move: Toxic Spikes
|
|-damage|p2a: Poliwrath|88/100 psn|[from] psn
|upkeep
|turn|8
|
|t:|1633778539
|switch|p1a: Whimsicott|Whimsicott, F|100/100
|-damage|p1a: Whimsicott|88/100|[from] Stealth Rock
|move|p2a: Poliwrath|Hydro Pump|p1a: Whimsicott
|-resisted|p1a: Whimsicott
|-damage|p1a: Whimsicott|40/100
|
|-damage|p2a: Poliwrath|76/100 psn|[from] psn
|upkeep
|turn|9
|
|t:|1633778547
|switch|p2a: Togedemaru|Togedemaru, F|100/100
|move|p1a: Whimsicott|U-turn|p2a: Togedemaru
|-resisted|p2a: Togedemaru
|-damage|p2a: Togedemaru|90/100
|
|t:|1633778577
|switch|p1a: Lanturn|Lanturn, M|100/100|[from]move: U-turn
|-damage|p1a: Lanturn|88/100|[from] Stealth Rock
|
|upkeep
|turn|10
|
|t:|1633778582
|move|p2a: Togedemaru|U-turn|p1a: Lanturn
|-damage|p1a: Lanturn|61/100
|
|t:|1633778593
|switch|p2a: Silvally|Silvally-Ground|100/100|[from]move: U-turn
|-status|p2a: Silvally|tox
|move|p1a: Lanturn|Volt Switch|p2a: Silvally
|-immune|p2a: Silvally
|
|-damage|p2a: Silvally|94/100 tox|[from] psn
|upkeep
|turn|11
|
|t:|1633778600
|switch|p1a: Weezing|Weezing, M, shiny|100/100
|-damage|p1a: Weezing|88/100|[from] Stealth Rock
|move|p2a: Silvally|U-turn|p1a: Weezing
|-resisted|p1a: Weezing
|-damage|p1a: Weezing|82/100
|
|t:|1633778609
|switch|p2a: Poliwrath|Poliwrath, M|76/100 psn|[from]move: U-turn
|
|-heal|p1a: Weezing|88/100|[from] item: Black Sludge
|-damage|p2a: Poliwrath|63/100 psn|[from] psn
|upkeep
|turn|12
|
|t:|1633778618
|switch|p1a: Lanturn|Lanturn, M|61/100
|-damage|p1a: Lanturn|49/100|[from] Stealth Rock
|move|p2a: Poliwrath|Hydro Pump|p1a: Lanturn
|-resisted|p1a: Lanturn
|-damage|p1a: Lanturn|12/100
|
|-damage|p2a: Poliwrath|51/100 psn|[from] psn
|upkeep
|turn|13
|
|t:|1633778634
|move|p2a: Poliwrath|Hydro Pump|p1a: Lanturn
|-resisted|p1a: Lanturn
|-damage|p1a: Lanturn|0 fnt
|faint|p1a: Lanturn
|
|-damage|p2a: Poliwrath|38/100 psn|[from] psn
|upkeep
|
|t:|1633778649
|switch|p1a: Whimsicott|Whimsicott, F|40/100
|-damage|p1a: Whimsicott|28/100|[from] Stealth Rock
|turn|14
|
|t:|1633778655
|switch|p2a: Aggron|Aggron, F|94/100 brn
|move|p1a: Whimsicott|Moonblast|p2a: Aggron
|-resisted|p2a: Aggron
|-damage|p2a: Aggron|69/100 brn
|-unboost|p2a: Aggron|spa|1
|
|-heal|p2a: Aggron|75/100 brn|[from] item: Leftovers
|-damage|p2a: Aggron|69/100 brn|[from] brn
|upkeep
|turn|15
|
|t:|1633778662
|switch|p1a: Weezing|Weezing, M, shiny|88/100
|-damage|p1a: Weezing|75/100|[from] Stealth Rock
|move|p2a: Aggron|Head Smash|p1a: Weezing
|-damage|p1a: Weezing|57/100
|
|-heal|p1a: Weezing|63/100|[from] item: Black Sludge
|-heal|p2a: Aggron|75/100 brn|[from] item: Leftovers
|-damage|p2a: Aggron|69/100 brn|[from] brn
|upkeep
|turn|16
|
|t:|1633778669
|switch|p1a: Gigalith|Gigalith, M|100/100
|-damage|p1a: Gigalith|88/100|[from] Stealth Rock
|-weather|Sandstorm|[from] ability: Sand Stream|[of] p1a: Gigalith
|move|p2a: Aggron|Head Smash|p1a: Gigalith
|-damage|p1a: Gigalith|67/100
|
|-weather|Sandstorm|[upkeep]
|-heal|p2a: Aggron|75/100 brn|[from] item: Leftovers
|-heal|p1a: Gigalith|73/100|[from] item: Leftovers
|-damage|p2a: Aggron|69/100 brn|[from] brn
|upkeep
|turn|17
|
|t:|1633778676
|switch|p1a: Weezing|Weezing, M, shiny|63/100
|-damage|p1a: Weezing|51/100|[from] Stealth Rock
|move|p2a: Aggron|Body Press|p1a: Weezing
|-resisted|p1a: Weezing
|-damage|p1a: Weezing|45/100
|
|-weather|Sandstorm|[upkeep]
|-damage|p1a: Weezing|39/100|[from] Sandstorm
|-heal|p1a: Weezing|45/100|[from] item: Black Sludge
|-heal|p2a: Aggron|75/100 brn|[from] item: Leftovers
|-damage|p2a: Aggron|69/100 brn|[from] brn
|upkeep
|turn|18
|
|t:|1633778688
|move|p1a: Weezing|Pain Split|p2a: Aggron
|-sethp|p2a: Aggron|57/100 brn|[from] move: Pain Split|[silent]
|-sethp|p1a: Weezing|58/100|[from] move: Pain Split
|move|p2a: Aggron|Head Smash|p1a: Weezing|[miss]
|-miss|p2a: Aggron|p1a: Weezing
|
|-weather|Sandstorm|[upkeep]
|-damage|p1a: Weezing|52/100|[from] Sandstorm
|-heal|p1a: Weezing|58/100|[from] item: Black Sludge
|-heal|p2a: Aggron|63/100 brn|[from] item: Leftovers
|-damage|p2a: Aggron|57/100 brn|[from] brn
|upkeep
|turn|19
|
|t:|1633778694
|switch|p1a: Gigalith|Gigalith, M|73/100
|-damage|p1a: Gigalith|61/100|[from] Stealth Rock
|move|p2a: Aggron|Head Smash|p1a: Gigalith
|-damage|p1a: Gigalith|42/100
|
|-weather|Sandstorm|[upkeep]
|-heal|p2a: Aggron|63/100 brn|[from] item: Leftovers
|-heal|p1a: Gigalith|48/100|[from] item: Leftovers
|-damage|p2a: Aggron|57/100 brn|[from] brn
|upkeep
|turn|20
|
|t:|1633778700
|move|p2a: Aggron|Body Press|p1a: Gigalith
|-supereffective|p1a: Gigalith
|-damage|p1a: Gigalith|28/100
|move|p1a: Gigalith|Stealth Rock|p2a: Aggron
|-sidestart|p2: Testpu12|move: Stealth Rock
|
|-weather|none
|-heal|p2a: Aggron|63/100 brn|[from] item: Leftovers
|-heal|p1a: Gigalith|34/100|[from] item: Leftovers
|-damage|p2a: Aggron|57/100 brn|[from] brn
|upkeep
|turn|21
|
|t:|1633778710
|switch|p1a: Papa Tree|Trevenant, F, shiny|19/100
|-damage|p1a: Papa Tree|7/100|[from] Stealth Rock
|move|p2a: Aggron|Body Press|p1a: Papa Tree
|-immune|p1a: Papa Tree
|
|-heal|p2a: Aggron|63/100 brn|[from] item: Leftovers
|-damage|p2a: Aggron|57/100 brn|[from] brn
|upkeep
|turn|22
|
|t:|1633778731
|move|p1a: Papa Tree|Wood Hammer|p2a: Aggron
|-damage|p2a: Aggron|20/100 brn
|-damage|p1a: Papa Tree|0 fnt|[from] Recoil
|faint|p1a: Papa Tree
|move|p2a: Aggron|Head Smash|p1: Papa Tree|[notarget]
|-fail|p2a: Aggron
|
|-heal|p2a: Aggron|26/100 brn|[from] item: Leftovers
|-damage|p2a: Aggron|20/100 brn|[from] brn
|upkeep
|
|t:|1633778740
|switch|p1a: Whimsicott|Whimsicott, F|28/100
|-damage|p1a: Whimsicott|16/100|[from] Stealth Rock
|turn|23
|
|t:|1633778746
|move|p1a: Whimsicott|Energy Ball|p2a: Aggron
|-damage|p2a: Aggron|0 fnt
|faint|p2a: Aggron
|
|upkeep
|
|t:|1633778754
|switch|p2a: Poliwrath|Poliwrath, M|38/100 psn
|-damage|p2a: Poliwrath|32/100 psn|[from] Stealth Rock
|turn|24
|
|t:|1633778758
|move|p2a: Poliwrath|Vacuum Wave|p1a: Whimsicott
|-resisted|p1a: Whimsicott
|-damage|p1a: Whimsicott|0 fnt
|faint|p1a: Whimsicott
|
|-damage|p2a: Poliwrath|20/100 psn|[from] psn
|upkeep
|
|t:|1633778767
|switch|p1a: Weezing|Weezing, M, shiny|58/100
|-damage|p1a: Weezing|46/100|[from] Stealth Rock
|turn|25
|
|t:|1633778779
|move|p2a: Poliwrath|Vacuum Wave|p1a: Weezing
|-resisted|p1a: Weezing
|-damage|p1a: Weezing|29/100
|move|p1a: Weezing|Will-O-Wisp||[still]
|-fail|p1a: Weezing
|
|-heal|p1a: Weezing|35/100|[from] item: Black Sludge
|-damage|p2a: Poliwrath|7/100 psn|[from] psn
|upkeep
|turn|26
|
|t:|1633778783
|move|p2a: Poliwrath|Vacuum Wave|p1a: Weezing
|-resisted|p1a: Weezing
|-damage|p1a: Weezing|19/100
|move|p1a: Weezing|Will-O-Wisp||[still]
|-fail|p1a: Weezing
|
|-heal|p1a: Weezing|25/100|[from] item: Black Sludge
|-damage|p2a: Poliwrath|0 fnt|[from] psn
|faint|p2a: Poliwrath
|upkeep
|
|t:|1633778791
|switch|p2a: Tsareena|Tsareena, F|32/100
|turn|27
|
|t:|1633778796
|move|p2a: Tsareena|Rapid Spin|p1a: Weezing
|-damage|p1a: Weezing|15/100
|-boost|p2a: Tsareena|spe|1
|-sideend|p2: Testpu12|Toxic Spikes|[from] move: Rapid Spin|[of] p2a: Tsareena
|-sideend|p2: Testpu12|Stealth Rock|[from] move: Rapid Spin|[of] p2a: Tsareena
|move|p1a: Weezing|Sludge Bomb|p2a: Tsareena
|-supereffective|p2a: Tsareena
|-crit|p2a: Tsareena
|-damage|p2a: Tsareena|0 fnt
|faint|p2a: Tsareena
|
|-heal|p1a: Weezing|21/100|[from] item: Black Sludge
|upkeep
|
|t:|1633778798
|switch|p2a: Togedemaru|Togedemaru, F|90/100
|turn|28
|
|t:|1633778810
|switch|p1a: Scrafty|Scrafty, F|100/100
|-damage|p1a: Scrafty|95/100|[from] Stealth Rock
|move|p2a: Togedemaru|Iron Head|p1a: Scrafty
|-damage|p1a: Scrafty|62/100
|
|-heal|p1a: Scrafty|68/100|[from] item: Leftovers
|upkeep
|turn|29
|c|☆Testpu12|Gg dude
|
|t:|1633778819
|switch|p2a: Aromatisse|Aromatisse, F|100/100
|switch|p1a: Weezing|Weezing, M, shiny|21/100
|-damage|p1a: Weezing|9/100|[from] Stealth Rock
|
|-heal|p1a: Weezing|15/100|[from] item: Black Sludge
|upkeep
|turn|30
|
|t:|1633778831
|switch|p2a: Silvally|Silvally-Ground|94/100 tox
|move|p1a: Weezing|Pain Split|p2a: Silvally
|-sethp|p2a: Silvally|55/100 tox|[from] move: Pain Split|[silent]
|-sethp|p1a: Weezing|54/100|[from] move: Pain Split
|
|-heal|p1a: Weezing|60/100|[from] item: Black Sludge
|-damage|p2a: Silvally|49/100 tox|[from] psn
|upkeep
|turn|31
|
|t:|1633778840
|switch|p1a: Gigalith|Gigalith, M|34/100
|-damage|p1a: Gigalith|22/100|[from] Stealth Rock
|-weather|Sandstorm|[from] ability: Sand Stream|[of] p1a: Gigalith
|move|p2a: Silvally|Rock Slide|p1a: Gigalith
|-damage|p1a: Gigalith|6/100
|
|-weather|Sandstorm|[upkeep]
|-heal|p1a: Gigalith|12/100|[from] item: Leftovers
|-damage|p2a: Silvally|36/100 tox|[from] psn
|upkeep
|turn|32
|
|t:|1633778858
|move|p2a: Silvally|U-turn|p1a: Gigalith
|-damage|p1a: Gigalith|0 fnt
|faint|p1a: Gigalith
|
|t:|1633778860
|switch|p2a: Togedemaru|Togedemaru, F|90/100|[from]move: U-turn
|
|-weather|Sandstorm|[upkeep]
|upkeep
|
|t:|1633778884
|switch|p1a: Weezing|Weezing, M, shiny|60/100
|-damage|p1a: Weezing|48/100|[from] Stealth Rock
|turn|33
|
|t:|1633778891
|move|p2a: Togedemaru|Iron Head|p1a: Weezing
|-damage|p1a: Weezing|24/100
|move|p1a: Weezing|Pain Split|p2a: Togedemaru
|-sethp|p2a: Togedemaru|60/100|[from] move: Pain Split|[silent]
|-sethp|p1a: Weezing|49/100|[from] move: Pain Split
|
|-weather|Sandstorm|[upkeep]
|-damage|p1a: Weezing|43/100|[from] Sandstorm
|-heal|p1a: Weezing|49/100|[from] item: Black Sludge
|upkeep
|turn|34
|
|t:|1633778896
|move|p2a: Togedemaru|Iron Head|p1a: Weezing
|-damage|p1a: Weezing|24/100
|move|p1a: Weezing|Will-O-Wisp|p2a: Togedemaru
|-status|p2a: Togedemaru|brn
|
|-weather|Sandstorm|[upkeep]
|-damage|p1a: Weezing|18/100|[from] Sandstorm
|-heal|p1a: Weezing|24/100|[from] item: Black Sludge
|-damage|p2a: Togedemaru|54/100 brn|[from] brn
|upkeep
|turn|35
|
|t:|1633778905
|switch|p2a: Silvally|Silvally-Ground|36/100 tox
|move|p1a: Weezing|Pain Split|p2a: Silvally
|-sethp|p2a: Silvally|30/100 tox|[from] move: Pain Split|[silent]
|-sethp|p1a: Weezing|30/100|[from] move: Pain Split
|
|-weather|none
|-heal|p1a: Weezing|36/100|[from] item: Black Sludge
|-damage|p2a: Silvally|24/100 tox|[from] psn
|upkeep
|turn|36
|
|t:|1633778915
|switch|p1a: Scrafty|Scrafty, F|68/100
|-damage|p1a: Scrafty|62/100|[from] Stealth Rock
|move|p2a: Silvally|Rock Slide|p1a: Scrafty
|-resisted|p1a: Scrafty
|-damage|p1a: Scrafty|52/100
|
|-heal|p1a: Scrafty|58/100|[from] item: Leftovers
|-damage|p2a: Silvally|12/100 tox|[from] psn
|upkeep
|turn|37
|
|t:|1633778927
|switch|p1a: Weezing|Weezing, M, shiny|36/100
|-damage|p1a: Weezing|24/100|[from] Stealth Rock
|move|p2a: Silvally|U-turn|p1a: Weezing
|-resisted|p1a: Weezing
|-crit|p1a: Weezing
|-damage|p1a: Weezing|14/100
|
|t:|1633778934
|switch|p2a: Togedemaru|Togedemaru, F|54/100 brn|[from]move: U-turn
|
|-heal|p1a: Weezing|20/100|[from] item: Black Sludge
|-damage|p2a: Togedemaru|48/100 brn|[from] brn
|upkeep
|turn|38
|
|t:|1633778945
|move|p2a: Togedemaru|Iron Head|p1a: Weezing
|-crit|p1a: Weezing
|-damage|p1a: Weezing|3/100
|move|p1a: Weezing|Pain Split|p2a: Togedemaru
|-sethp|p2a: Togedemaru|26/100 brn|[from] move: Pain Split|[silent]
|-sethp|p1a: Weezing|21/100|[from] move: Pain Split
|
|-heal|p1a: Weezing|27/100|[from] item: Black Sludge
|-damage|p2a: Togedemaru|20/100 brn|[from] brn
|upkeep
|turn|39
|
|t:|1633778957
|switch|p1a: Scrafty|Scrafty, F|58/100
|-damage|p1a: Scrafty|52/100|[from] Stealth Rock
|move|p2a: Togedemaru|Iron Head|p1a: Scrafty
|-damage|p1a: Scrafty|37/100
|
|-heal|p1a: Scrafty|43/100|[from] item: Leftovers
|-damage|p2a: Togedemaru|14/100 brn|[from] brn
|upkeep
|turn|40
|
|t:|1633778968
|switch|p2a: Aromatisse|Aromatisse, F|100/100
|move|p1a: Scrafty|Drain Punch|p2a: Aromatisse
|-resisted|p2a: Aromatisse
|-damage|p2a: Aromatisse|92/100
|-heal|p1a: Scrafty|48/100|[from] drain|[of] p2a: Aromatisse
|
|-heal|p1a: Scrafty|54/100|[from] item: Leftovers
|-heal|p2a: Aromatisse|99/100|[from] item: Leftovers
|upkeep
|turn|41
|c|☆Crombey|ahhh
|c|☆Crombey|all came down to that 50/50
|inactive|Battle timer is ON: inactive players will automatically lose when time's up. (requested by Testpu12)
|c|☆Crombey|Didn't think you'd let me do that double again aha
|c|☆Crombey|gg
|
|t:|1633778997
|move|p1a: Scrafty|Knock Off|p2a: Aromatisse
|-resisted|p2a: Aromatisse
|-damage|p2a: Aromatisse|88/100
|-enditem|p2a: Aromatisse|Leftovers|[from] move: Knock Off|[of] p1a: Scrafty
|move|p2a: Aromatisse|Aromatherapy|p2a: Aromatisse
|-activate|p2a: Aromatisse|move: Aromatherapy
|-curestatus|p2: Silvally|tox|[msg]
|-curestatus|p2: Togedemaru|brn|[msg]
|
|-heal|p1a: Scrafty|60/100|[from] item: Leftovers
|upkeep
|turn|42
|
|t:|1633779011
|move|p1a: Scrafty|Bulk Up|p1a: Scrafty
|-boost|p1a: Scrafty|atk|1
|-boost|p1a: Scrafty|def|1
|move|p2a: Aromatisse|Moonblast|p1a: Scrafty
|-supereffective|p1a: Scrafty
|-damage|p1a: Scrafty|0 fnt
|faint|p1a: Scrafty
|
|upkeep
|c|☆Testpu12|Nothing is 50/50
|
|t:|1633779014
|switch|p1a: Weezing|Weezing, M, shiny|27/100
|-damage|p1a: Weezing|15/100|[from] Stealth Rock
|turn|43
|c|☆Testpu12|I win
|c|☆Crombey|lol what?
|
|t:|1633779035
|switch|p2a: Silvally|Silvally-Ground|12/100
|move|p1a: Weezing|Will-O-Wisp|p2a: Silvally
|-status|p2a: Silvally|brn
|
|-heal|p1a: Weezing|21/100|[from] item: Black Sludge
|-damage|p2a: Silvally|6/100 brn|[from] brn
|upkeep
|turn|44
|c|☆Testpu12|What 50/50
|
|t:|1633779043
|move|p2a: Silvally|Rock Slide|p1a: Weezing
|-damage|p1a: Weezing|14/100
|move|p1a: Weezing|Toxic Spikes|p2a: Silvally
|-sidestart|p2: Testpu12|move: Toxic Spikes
|
|-heal|p1a: Weezing|20/100|[from] item: Black Sludge
|-damage|p2a: Silvally|0 fnt|[from] brn
|faint|p2a: Silvally
|upkeep
|
|t:|1633779047
|switch|p2a: Togedemaru|Togedemaru, F|14/100
|turn|45
|c|☆Testpu12|Gg
|c|☆Crombey|you staying in with toged
|c|☆Testpu12|i win even if you double again
|c|☆Crombey|or going to aromatise
|c|☆Crombey|No lmao
|
|t:|1633779074
|move|p2a: Togedemaru|Iron Head|p1a: Weezing
|-damage|p1a: Weezing|0 fnt
|faint|p1a: Weezing
|
|win|Testpu12
|raw|Crombey's rating: 1419 &rarr; <strong>1404</strong><br />(-15 for losing)
|raw|Testpu12's rating: 1503 &rarr; <strong>1518</strong><br />(+15 for winning)
|l|☆Crombey
|c|☆Testpu12|Wouldn’t have mattered dude
|c|☆Testpu12|mes
