|j|☆one of the bouys
|j|☆Yusho
|t:|1634851698
|gametype|singles
|player|p1|one of the bouys|clown|1619
|player|p2|Yusho|hilbert|1429
|teamsize|p1|6
|teamsize|p2|6
|gen|8
|tier|[Gen 8] PU
|rated|
|rule|Sleep Clause Mod: Limit one foe put to sleep
|rule|Species Clause: Limit one of each Pokémon
|rule|OHKO Clause: OHKO moves are banned
|rule|Evasion Moves Clause: Evasion moves are banned
|rule|Endless Battle Clause: Forcing endless battles is banned
|rule|HP Percentage Mod: HP is shown in percentages
|rule|Dynamax Clause: You cannot dynamax
|clearpoke
|poke|p1|Flapple, F|
|poke|p1|Frosmoth, F|
|poke|p1|Gigalith, F|
|poke|p1|Weezing, M|
|poke|p1|Persian-Alola, F|
|poke|p1|Altaria, M|
|poke|p2|Quagsire, F|
|poke|p2|Charizard, F|
|poke|p2|Gigalith, F|
|poke|p2|Sandslash, M|
|poke|p2|Palossand, M|
|poke|p2|Ferroseed, F|
|teampreview
|
|t:|1634851709
|start
|switch|p1a: Persian|Persian-Alola, F|100/100
|switch|p2a: Gigalith|Gigalith, F|100/100
|-weather|Sandstorm|[from] ability: Sand Stream|[of] p2a: Gigalith
|turn|1
|inactive|Battle timer is ON: inactive players will automatically lose when time's up. (requested by Yusho)
|
|t:|1634851732
|move|p1a: Persian|Switcheroo|p2a: Gigalith
|-activate|p1a: Persian|move: Trick|[of] p2a: Gigalith
|-item|p2a: Gigalith|Choice Scarf|[from] move: Switcheroo
|-item|p1a: Persian|Smooth Rock|[from] move: Switcheroo
|move|p2a: Gigalith|Stealth Rock|p1a: Persian
|-sidestart|p1: one of the bouys|move: Stealth Rock
|
|-weather|Sandstorm|[upkeep]
|-damage|p1a: Persian|95/100|[from] Sandstorm
|upkeep
|turn|2
|
|t:|1634851749
|switch|p2a: Palossand|Palossand, M|100/100
|move|p1a: Persian|Parting Shot|p2a: Palossand
|-unboost|p2a: Palossand|atk|1
|-unboost|p2a: Palossand|spa|1
|
|t:|1634851757
|switch|p1a: Frosmoth|Frosmoth, F|100/100|[from]move: Parting Shot
|
|-weather|Sandstorm|[upkeep]
|-damage|p1a: Frosmoth|94/100|[from] Sandstorm
|upkeep
|turn|3
|
|t:|1634851768
|switch|p2a: Sandslash|Sandslash, M|100/100
|move|p1a: Frosmoth|Substitute|p1a: Frosmoth
|-start|p1a: Frosmoth|Substitute
|-damage|p1a: Frosmoth|70/100
|
|-weather|Sandstorm|[upkeep]
|-damage|p1a: Frosmoth|63/100|[from] Sandstorm
|upkeep
|turn|4
|
|t:|1634851771
|switch|p2a: Gigalith|Gigalith, F|100/100
|move|p1a: Frosmoth|Ice Beam|p2a: Gigalith
|-damage|p2a: Gigalith|80/100
|
|-weather|Sandstorm|[upkeep]
|-damage|p1a: Frosmoth|57/100|[from] Sandstorm
|upkeep
|turn|5
|
|t:|1634851781
|switch|p1a: Weezing|Weezing, M|100/100
|-ability|p1a: Weezing|Neutralizing Gas
|-damage|p1a: Weezing|88/100|[from] Stealth Rock
|move|p2a: Gigalith|Rock Blast|p1a: Weezing|[miss]
|-miss|p2a: Gigalith|p1a: Weezing
|
|-weather|Sandstorm|[upkeep]
|-damage|p1a: Weezing|82/100|[from] Sandstorm
|upkeep
|turn|6
|
|t:|1634851795
|switch|p2a: Palossand|Palossand, M|100/100
|move|p1a: Weezing|Toxic Spikes|p2a: Palossand
|-sidestart|p2: Yusho|move: Toxic Spikes
|
|-weather|Sandstorm|[upkeep]
|-damage|p1a: Weezing|76/100|[from] Sandstorm
|upkeep
|turn|7
|
|t:|1634851809
|-end|p1a: Weezing|ability: Neutralizing Gas
|switch|p1a: Altaria|Altaria, M|100/100
|move|p2a: Palossand|Shadow Ball|p1a: Altaria
|-damage|p1a: Altaria|57/100
|
|-weather|Sandstorm|[upkeep]
|-damage|p1a: Altaria|51/100|[from] Sandstorm
|upkeep
|turn|8
|
|t:|1634851823
|move|p1a: Altaria|Toxic|p2a: Palossand|[miss]
|-miss|p1a: Altaria|p2a: Palossand
|move|p2a: Palossand|Shadow Ball|p1a: Altaria
|-damage|p1a: Altaria|10/100
|-unboost|p1a: Altaria|spd|1
|
|-weather|none
|upkeep
|turn|9
|
|t:|1634851843
|move|p1a: Altaria|Hurricane|p2a: Palossand
|-damage|p2a: Palossand|55/100
|move|p2a: Palossand|Shadow Ball|p1a: Altaria
|-damage|p1a: Altaria|0 fnt
|faint|p1a: Altaria
|
|-heal|p2a: Palossand|61/100|[from] item: Leftovers
|upkeep
|
|t:|1634851852
|switch|p1a: Frosmoth|Frosmoth, F|57/100
|turn|10
|
|t:|1634851856
|switch|p2a: Gigalith|Gigalith, F|80/100
|-status|p2a: Gigalith|psn
|-weather|Sandstorm|[from] ability: Sand Stream|[of] p2a: Gigalith
|move|p1a: Frosmoth|Giga Drain|p2a: Gigalith
|-supereffective|p2a: Gigalith
|-damage|p2a: Gigalith|55/100 psn
|-heal|p1a: Frosmoth|72/100|[from] drain|[of] p2a: Gigalith
|
|-weather|Sandstorm|[upkeep]
|-damage|p1a: Frosmoth|66/100|[from] Sandstorm
|-damage|p2a: Gigalith|43/100 psn|[from] psn
|upkeep
|turn|11
|
|t:|1634851868
|switch|p1a: Persian|Persian-Alola, F|95/100
|-damage|p1a: Persian|82/100|[from] Stealth Rock
|move|p2a: Gigalith|Rest|p2a: Gigalith
|-status|p2a: Gigalith|slp|[from] move: Rest
|-heal|p2a: Gigalith|100/100 slp|[silent]
|
|-weather|Sandstorm|[upkeep]
|-damage|p1a: Persian|76/100|[from] Sandstorm
|upkeep
|turn|12
|
|t:|1634851882
|switch|p2a: Palossand|Palossand, M|61/100
|-status|p2a: Palossand|psn
|move|p1a: Persian|Parting Shot|p2a: Palossand
|-unboost|p2a: Palossand|atk|1
|-unboost|p2a: Palossand|spa|1
|
|t:|1634851887
|switch|p1a: Frosmoth|Frosmoth, F|66/100|[from]move: Parting Shot
|
|-weather|Sandstorm|[upkeep]
|-damage|p1a: Frosmoth|60/100|[from] Sandstorm
|-heal|p2a: Palossand|67/100 psn|[from] item: Leftovers
|-damage|p2a: Palossand|55/100 psn|[from] psn
|upkeep
|turn|13
|
|t:|1634851893
|switch|p2a: Gigalith|Gigalith, F|100/100 slp
|move|p1a: Frosmoth|Substitute|p1a: Frosmoth
|-start|p1a: Frosmoth|Substitute
|-damage|p1a: Frosmoth|35/100
|
|-weather|Sandstorm|[upkeep]
|-damage|p1a: Frosmoth|29/100|[from] Sandstorm
|upkeep
|turn|14
|
|t:|1634851896
|move|p1a: Frosmoth|Giga Drain|p2a: Gigalith
|-supereffective|p2a: Gigalith
|-damage|p2a: Gigalith|76/100 slp
|-heal|p1a: Frosmoth|44/100|[from] drain|[of] p2a: Gigalith
|cant|p2a: Gigalith|slp
|move|p2a: Gigalith|Sleep Talk|p2a: Gigalith
|move|p2a: Gigalith|Rest||[from]move: Sleep Talk|[still]
|-fail|p2a: Gigalith
|
|-weather|none
|upkeep
|turn|15
|
|t:|1634851904
|move|p1a: Frosmoth|Giga Drain|p2a: Gigalith
|-supereffective|p2a: Gigalith
|-crit|p2a: Gigalith
|-damage|p2a: Gigalith|19/100 slp
|-heal|p1a: Frosmoth|78/100|[from] drain|[of] p2a: Gigalith
|cant|p2a: Gigalith|slp
|move|p2a: Gigalith|Sleep Talk|p2a: Gigalith
|move|p2a: Gigalith|Rock Blast|p1a: Frosmoth|[from]move: Sleep Talk
|-supereffective|p1a: Frosmoth
|-end|p1a: Frosmoth|Substitute
|-supereffective|p1a: Frosmoth
|-damage|p1a: Frosmoth|9/100
|-supereffective|p1a: Frosmoth
|-damage|p1a: Frosmoth|0 fnt
|faint|p1a: Frosmoth
|-hitcount|p1: Frosmoth|3
|
|upkeep
|
|t:|1634851914
|switch|p1a: Flapple|Flapple, F|100/100
|-damage|p1a: Flapple|88/100|[from] Stealth Rock
|turn|16
|
|t:|1634851935
|switch|p2a: Charizard|Charizard, F|100/100
|move|p1a: Flapple|Grav Apple|p2a: Charizard
|-resisted|p2a: Charizard
|-damage|p2a: Charizard|72/100
|-unboost|p2a: Charizard|def|1
|-damage|p1a: Flapple|78/100|[from] item: Life Orb
|
|upkeep
|turn|17
|
|t:|1634851943
|move|p1a: Flapple|Sucker Punch|p2a: Charizard
|-damage|p2a: Charizard|0 fnt
|faint|p2a: Charizard
|-damage|p1a: Flapple|68/100|[from] item: Life Orb
|
|upkeep
|inactive|Yusho has 120 seconds left.
|
|t:|1634851974
|switch|p2a: Ferroseed|Ferroseed, F|100/100
|turn|18
|
|t:|1634851979
|switch|p1a: Persian|Persian-Alola, F|76/100
|-damage|p1a: Persian|64/100|[from] Stealth Rock
|move|p2a: Ferroseed|Gyro Ball|p1a: Persian
|-crit|p1a: Persian
|-damage|p1a: Persian|29/100
|
|upkeep
|turn|19
|
|t:|1634851996
|switch|p2a: Palossand|Palossand, M|55/100 psn
|move|p1a: Persian|Switcheroo|p2a: Palossand
|-activate|p1a: Persian|move: Trick|[of] p2a: Palossand
|-item|p2a: Palossand|Smooth Rock|[from] move: Switcheroo
|-item|p1a: Persian|Leftovers|[from] move: Switcheroo
|
|-heal|p1a: Persian|35/100|[from] item: Leftovers
|-damage|p2a: Palossand|42/100 psn|[from] psn
|upkeep
|turn|20
|inactive|Yusho has 120 seconds left.
|
|t:|1634852015
|move|p1a: Persian|Parting Shot|p2a: Palossand
|-unboost|p2a: Palossand|atk|1
|-unboost|p2a: Palossand|spa|1
|
|t:|1634852016
|switch|p1a: Flapple|Flapple, F|68/100|[from]move: Parting Shot
|-damage|p1a: Flapple|56/100|[from] Stealth Rock
|move|p2a: Palossand|Earth Power|p1a: Flapple
|-resisted|p1a: Flapple
|-damage|p1a: Flapple|26/100
|
|-damage|p2a: Palossand|30/100 psn|[from] psn
|upkeep
|turn|21
|
|t:|1634852025
|move|p1a: Flapple|Grav Apple|p2a: Palossand
|-supereffective|p2a: Palossand
|-damage|p2a: Palossand|0 fnt
|faint|p2a: Palossand
|-damage|p1a: Flapple|16/100|[from] item: Life Orb
|
|upkeep
|
|t:|1634852028
|switch|p2a: Ferroseed|Ferroseed, F|100/100
|turn|22
|
|t:|1634852033
|switch|p1a: Weezing|Weezing, M|76/100
|-ability|p1a: Weezing|Neutralizing Gas
|-damage|p1a: Weezing|64/100|[from] Stealth Rock
|move|p2a: Ferroseed|Gyro Ball|p1a: Weezing
|-damage|p1a: Weezing|42/100
|-damage|p2a: Ferroseed|84/100|[from] item: Rocky Helmet|[of] p1a: Weezing
|
|upkeep
|turn|23
|
|t:|1634852040
|switch|p2a: Quagsire|Quagsire, F|100/100
|-status|p2a: Quagsire|psn
|move|p1a: Weezing|Will-O-Wisp||[still]
|-fail|p1a: Weezing
|
|-damage|p2a: Quagsire|88/100 psn|[from] psn
|upkeep
|turn|24
|
|t:|1634852045
|move|p1a: Weezing|Pain Split|p2a: Quagsire
|-sethp|p2a: Quagsire|62/100 psn|[from] move: Pain Split|[silent]
|-sethp|p1a: Weezing|73/100|[from] move: Pain Split
|move|p2a: Quagsire|Earthquake|p1a: Weezing
|-supereffective|p1a: Weezing
|-damage|p1a: Weezing|30/100
|
|-heal|p2a: Quagsire|68/100 psn|[from] item: Leftovers
|-damage|p2a: Quagsire|56/100 psn|[from] psn
|upkeep
|turn|25
|
|t:|1634852056
|switch|p2a: Gigalith|Gigalith, F|19/100 slp
|move|p1a: Weezing|Pain Split|p2a: Gigalith
|-sethp|p2a: Gigalith|23/100 slp|[from] move: Pain Split|[silent]
|-sethp|p1a: Weezing|26/100|[from] move: Pain Split
|
|upkeep
|turn|26
|
|t:|1634852069
|-end|p1a: Weezing|ability: Neutralizing Gas
|-weather|Sandstorm|[from] ability: Sand Stream|[of] p2a: Gigalith
|switch|p1a: Gigalith|Gigalith, F|100/100
|-damage|p1a: Gigalith|88/100|[from] Stealth Rock
|-curestatus|p2a: Gigalith|slp|[msg]
|move|p2a: Gigalith|Rest|p2a: Gigalith
|-status|p2a: Gigalith|slp|[from] move: Rest
|-heal|p2a: Gigalith|100/100 slp|[silent]
|
|-weather|Sandstorm|[upkeep]
|-heal|p1a: Gigalith|94/100|[from] item: Leftovers
|upkeep
|turn|27
|
|t:|1634852080
|switch|p2a: Quagsire|Quagsire, F|56/100 psn
|move|p1a: Gigalith|Toxic||[still]
|-fail|p1a: Gigalith
|
|-weather|Sandstorm|[upkeep]
|-heal|p2a: Quagsire|62/100 psn|[from] item: Leftovers
|-heal|p1a: Gigalith|100/100|[from] item: Leftovers
|-damage|p2a: Quagsire|49/100 psn|[from] psn
|upkeep
|turn|28
|
|t:|1634852085
|move|p2a: Quagsire|Earthquake|p1a: Gigalith
|-supereffective|p1a: Gigalith
|-damage|p1a: Gigalith|57/100
|move|p1a: Gigalith|Stealth Rock|p2a: Quagsire
|-sidestart|p2: Yusho|move: Stealth Rock
|
|-weather|Sandstorm|[upkeep]
|-heal|p2a: Quagsire|55/100 psn|[from] item: Leftovers
|-heal|p1a: Gigalith|63/100|[from] item: Leftovers
|-damage|p2a: Quagsire|43/100 psn|[from] psn
|upkeep
|turn|29
|
|t:|1634852091
|move|p2a: Quagsire|Recover|p2a: Quagsire
|-heal|p2a: Quagsire|93/100 psn
|move|p1a: Gigalith|Earthquake|p2a: Quagsire
|-crit|p2a: Quagsire
|-damage|p2a: Quagsire|63/100 psn
|
|-weather|Sandstorm|[upkeep]
|-heal|p2a: Quagsire|69/100 psn|[from] item: Leftovers
|-heal|p1a: Gigalith|69/100|[from] item: Leftovers
|-damage|p2a: Quagsire|57/100 psn|[from] psn
|upkeep
|turn|30
|
|t:|1634852097
|move|p2a: Quagsire|Toxic|p1a: Gigalith
|-status|p1a: Gigalith|tox
|move|p1a: Gigalith|Earthquake|p2a: Quagsire
|-damage|p2a: Quagsire|36/100 psn
|
|-weather|none
|-heal|p2a: Quagsire|42/100 psn|[from] item: Leftovers
|-heal|p1a: Gigalith|76/100 tox|[from] item: Leftovers
|-damage|p2a: Quagsire|30/100 psn|[from] psn
|-damage|p1a: Gigalith|69/100 tox|[from] psn
|upkeep
|turn|31
|
|t:|1634852102
|switch|p1a: Persian|Persian-Alola, F|35/100
|-damage|p1a: Persian|23/100|[from] Stealth Rock
|move|p2a: Quagsire|Recover|p2a: Quagsire
|-heal|p2a: Quagsire|80/100 psn
|
|-heal|p1a: Persian|29/100|[from] item: Leftovers
|-heal|p2a: Quagsire|86/100 psn|[from] item: Leftovers
|-damage|p2a: Quagsire|73/100 psn|[from] psn
|upkeep
|turn|32
|
|t:|1634852112
|move|p1a: Persian|Foul Play|p2a: Quagsire
|-damage|p2a: Quagsire|54/100 psn
|move|p2a: Quagsire|Earthquake|p1a: Persian
|-damage|p1a: Persian|6/100
|
|-heal|p1a: Persian|12/100|[from] item: Leftovers
|-heal|p2a: Quagsire|60/100 psn|[from] item: Leftovers
|-damage|p2a: Quagsire|48/100 psn|[from] psn
|upkeep
|turn|33
|
|t:|1634852116
|move|p1a: Persian|Knock Off|p2a: Quagsire
|-damage|p2a: Quagsire|32/100 psn
|-enditem|p2a: Quagsire|Leftovers|[from] move: Knock Off|[of] p1a: Persian
|move|p2a: Quagsire|Recover|p2a: Quagsire
|-heal|p2a: Quagsire|82/100 psn
|
|-heal|p1a: Persian|18/100|[from] item: Leftovers
|-damage|p2a: Quagsire|70/100 psn|[from] psn
|upkeep
|turn|34
|
|t:|1634852124
|move|p1a: Persian|Parting Shot|p2a: Quagsire
|-unboost|p2a: Quagsire|atk|1
|-unboost|p2a: Quagsire|spa|1
|
|t:|1634852126
|switch|p1a: Gigalith|Gigalith, F|69/100 tox|[from]move: Parting Shot
|-damage|p1a: Gigalith|57/100 tox|[from] Stealth Rock
|-weather|Sandstorm|[from] ability: Sand Stream|[of] p1a: Gigalith
|move|p2a: Quagsire|Recover|p2a: Quagsire
|-heal|p2a: Quagsire|100/100 psn
|
|-weather|Sandstorm|[upkeep]
|-heal|p1a: Gigalith|63/100 tox|[from] item: Leftovers
|-damage|p2a: Quagsire|88/100 psn|[from] psn
|-damage|p1a: Gigalith|57/100 tox|[from] psn
|upkeep
|turn|35
|
|t:|1634852139
|switch|p2a: Sandslash|Sandslash, M|100/100
|-status|p2a: Sandslash|psn
|-damage|p2a: Sandslash|94/100 psn|[from] Stealth Rock
|move|p1a: Gigalith|Earthquake|p2a: Sandslash
|-damage|p2a: Sandslash|61/100 psn
|
|-weather|Sandstorm|[upkeep]
|-heal|p1a: Gigalith|63/100 tox|[from] item: Leftovers
|-damage|p2a: Sandslash|48/100 psn|[from] psn
|-damage|p1a: Gigalith|51/100 tox|[from] psn
|upkeep
|turn|36
|
|t:|1634852148
|move|p2a: Sandslash|Earthquake|p1a: Gigalith
|-supereffective|p1a: Gigalith
|-damage|p1a: Gigalith|0 fnt
|faint|p1a: Gigalith
|-damage|p2a: Sandslash|38/100 psn|[from] item: Life Orb
|
|-weather|Sandstorm|[upkeep]
|-damage|p2a: Sandslash|26/100 psn|[from] psn
|upkeep
|
|t:|1634852160
|switch|p1a: Flapple|Flapple, F|16/100
|-damage|p1a: Flapple|3/100|[from] Stealth Rock
|turn|37
|
|t:|1634852169
|switch|p2a: Ferroseed|Ferroseed, F|84/100
|-damage|p2a: Ferroseed|78/100|[from] Stealth Rock
|move|p1a: Flapple|Sucker Punch||[still]
|-fail|p1a: Flapple
|
|-weather|Sandstorm|[upkeep]
|-damage|p1a: Flapple|0 fnt|[from] Sandstorm
|faint|p1a: Flapple
|upkeep
|
|t:|1634852172
|switch|p1a: Persian|Persian-Alola, F|18/100
|-damage|p1a: Persian|6/100|[from] Stealth Rock
|turn|38
|
|t:|1634852192
|move|p2a: Ferroseed|Protect|p2a: Ferroseed
|-singleturn|p2a: Ferroseed|Protect
|move|p1a: Persian|Knock Off|p2a: Ferroseed
|-activate|p2a: Ferroseed|move: Protect
|
|-weather|none
|-heal|p1a: Persian|12/100|[from] item: Leftovers
|upkeep
|turn|39
|
|t:|1634852196
|move|p1a: Persian|Knock Off|p2a: Ferroseed
|-damage|p2a: Ferroseed|64/100
|-damage|p1a: Persian|0 fnt|[from] ability: Iron Barbs|[of] p2a: Ferroseed
|faint|p1a: Persian
|move|p2a: Ferroseed|Leech Seed|p1: Persian|[notarget]
|-fail|p2a: Ferroseed
|
|upkeep
|
|t:|1634852198
|switch|p1a: Weezing|Weezing, M|26/100
|-ability|p1a: Weezing|Neutralizing Gas
|-damage|p1a: Weezing|13/100|[from] Stealth Rock
|turn|40
|c|☆one of the bouys|gg
|-message|one of the bouys forfeited.
|
|win|Yusho
|raw|one of the bouys's rating: 1619 &rarr; <strong>1589</strong><br />(-30 for losing)
|raw|Yusho's rating: 1429 &rarr; <strong>1459</strong><br />(+30 for winning)
|l|☆one of the bouys
|c|☆Yusho|gg
||Ladder isn't responding, score probably updated but might not have (Request timeout).
