|j|☆uult5 somalia
|j|☆Ranbu±No∓Melody
|player|p1|uult5 somalia|alder|
|player|p2|Ranbu±No∓Melody|hugh|
|teamsize|p1|6
|teamsize|p2|6
|gametype|singles
|gen|8
|tier|[Gen 8] PU
|rated|Tournament battle
|clearpoke
|poke|p1|Glaceon, F|
|poke|p1|Onix, M|
|poke|p1|Gourgeist-*, M|
|poke|p1|Manectric, M|
|poke|p1|Pawniard, F|
|poke|p1|Hitmontop, M|
|poke|p2|Bellossom, M|
|poke|p2|Heatmor, F|
|poke|p2|Meowstic-F, F|
|poke|p2|Pawniard, M|
|poke|p2|Mareanie, F|
|poke|p2|Gourgeist-*, F|
|rule|Sleep Clause Mod: Limit one foe put to sleep
|rule|Species Clause: Limit one of each Pokémon
|rule|OHKO Clause: OHKO moves are banned
|rule|Evasion Moves Clause: Evasion moves are banned
|rule|Endless Battle Clause: Forcing endless battles is banned
|rule|HP Percentage Mod: HP is shown in percentages
|rule|Dynamax Clause: You cannot dynamax
|teampreview
|c|☆uult5 somalia|hf
|c|☆Ranbu±No∓Melody|ugh thanks for waiting for me
|c|☆Ranbu±No∓Melody|i got dced 3x
|c|☆uult5 somalia|np!
|c|☆uult5 somalia|oooh
|j|%tlenit1
|j|#Akir
|
|start
|switch|p1a: Onix|Onix, M|100/100
|switch|p2a: Meowstic|Meowstic-F, F|100/100
|turn|1
|
|move|p2a: Meowstic|Trick|p1a: Onix
|-activate|p2a: Meowstic|move: Trick|[of] p1a: Onix
|-item|p1a: Onix|Choice Specs|[from] move: Trick
|-item|p2a: Meowstic|Normal Gem|[from] move: Trick
|move|p1a: Onix|Stealth Rock|p2a: Meowstic
|-sidestart|p2: Ranbu±No∓Melody|move: Stealth Rock
|
|upkeep
|turn|2
|
|switch|p1a: Pawniard|Pawniard, F|100/100
|move|p2a: Meowstic|Thunderbolt|p1a: Pawniard
|-damage|p1a: Pawniard|65/100
|
|upkeep
|turn|3
|
|move|p2a: Meowstic|Trick|p1a: Pawniard
|-activate|p2a: Meowstic|move: Trick|[of] p1a: Pawniard
|-item|p1a: Pawniard|Normal Gem|[from] move: Trick
|-item|p2a: Meowstic|Eviolite|[from] move: Trick
|move|p1a: Pawniard|Knock Off|p2a: Meowstic
|-supereffective|p2a: Meowstic
|-damage|p2a: Meowstic|0 fnt
|-enditem|p2a: Meowstic|Eviolite|[from] move: Knock Off|[of] p1a: Pawniard
|faint|p2a: Meowstic
|
|upkeep
|
|switch|p2a: Mareanie|Mareanie, F|100/100
|-damage|p2a: Mareanie|88/100|[from] Stealth Rock
|turn|4
|
|move|p1a: Pawniard|Knock Off|p2a: Mareanie
|-damage|p2a: Mareanie|56/100
|-enditem|p2a: Mareanie|Eviolite|[from] move: Knock Off|[of] p1a: Pawniard
|move|p2a: Mareanie|Toxic Spikes|p1a: Pawniard
|-sidestart|p1: uult5 somalia|move: Toxic Spikes
|
|upkeep
|turn|5
|
|move|p1a: Pawniard|Swords Dance|p1a: Pawniard
|-boost|p1a: Pawniard|atk|2
|move|p2a: Mareanie|Recover|p2a: Mareanie
|-heal|p2a: Mareanie|100/100
|
|upkeep
|turn|6
|
|move|p1a: Pawniard|Knock Off|p2a: Mareanie
|-damage|p2a: Mareanie|45/100
|move|p2a: Mareanie|Scald|p1a: Pawniard
|-crit|p1a: Pawniard
|-damage|p1a: Pawniard|15/100
|-status|p1a: Pawniard|brn
|
|-damage|p1a: Pawniard|9/100 brn|[from] brn
|upkeep
|turn|7
|c|☆Ranbu±No∓Melody|,
|c|☆Ranbu±No∓Melody|scald being fair once again
|
|move|p1a: Pawniard|Iron Head|p2a: Mareanie
|-resisted|p2a: Mareanie
|-damage|p2a: Mareanie|25/100
|move|p2a: Mareanie|Recover|p2a: Mareanie
|-heal|p2a: Mareanie|75/100
|
|-damage|p1a: Pawniard|3/100 brn|[from] brn
|upkeep
|turn|8
|
|move|p1a: Pawniard|Iron Head|p2a: Mareanie
|-resisted|p2a: Mareanie
|-damage|p2a: Mareanie|56/100
|move|p2a: Mareanie|Recover|p2a: Mareanie
|-heal|p2a: Mareanie|100/100
|
|-damage|p1a: Pawniard|0 fnt|[from] brn
|faint|p1a: Pawniard
|upkeep
|
|switch|p1a: Glaceon|Glaceon, F|100/100
|-status|p1a: Glaceon|psn
|turn|9
|
|switch|p2a: Heatmor|Heatmor, F|100/100
|move|p1a: Glaceon|Freeze-Dry|p2a: Heatmor
|-resisted|p2a: Heatmor
|-damage|p2a: Heatmor|50/100
|-status|p2a: Heatmor|frz
|
|-damage|p1a: Glaceon|88/100 psn|[from] psn
|upkeep
|turn|10
|
|cant|p2a: Heatmor|frz
|move|p1a: Glaceon|Freeze-Dry|p2a: Heatmor
|-resisted|p2a: Heatmor
|-damage|p2a: Heatmor|0 fnt
|faint|p2a: Heatmor
|
|-damage|p1a: Glaceon|75/100 psn|[from] psn
|upkeep
|
|switch|p2a: Pawniard|Pawniard, M|100/100
|-damage|p2a: Pawniard|94/100|[from] Stealth Rock
|turn|11
|
|switch|p1a: Onix|Onix, M|100/100
|-status|p1a: Onix|psn
|move|p2a: Pawniard|Iron Head|p1a: Onix
|-supereffective|p1a: Onix
|-damage|p1a: Onix|24/100 psn
|
|-damage|p1a: Onix|12/100 psn|[from] psn
|upkeep
|turn|12
|
|move|p1a: Onix|Taunt|p2a: Pawniard
|-start|p2a: Pawniard|move: Taunt
|cant|p2a: Pawniard|move: Taunt|Stealth Rock
|
|-damage|p1a: Onix|0 fnt|[from] psn
|faint|p1a: Onix
|upkeep
|
|switch|p1a: Hitmontop|Hitmontop, M|100/100
|-status|p1a: Hitmontop|psn
|turn|13
|
|switch|p2a: Gourgeist|Gourgeist-Super, F|100/100
|-damage|p2a: Gourgeist|88/100|[from] Stealth Rock
|-item|p1a: Hitmontop|Assault Vest|[from] ability: Frisk|[of] p2a: Gourgeist|[identify]
|move|p1a: Hitmontop|Rapid Spin|p2a: Gourgeist
|-immune|p2a: Gourgeist
|
|-damage|p1a: Hitmontop|88/100 psn|[from] psn
|upkeep
|turn|14
|j| Hiddenlake
|
|move|p1a: Hitmontop|Thief|p2a: Gourgeist
|-supereffective|p2a: Gourgeist
|-enditem|p2a: Gourgeist|Colbur Berry|[eat]
|-enditem|p2a: Gourgeist|Colbur Berry|[weaken]
|-damage|p2a: Gourgeist|73/100
|move|p2a: Gourgeist|Leech Seed|p1a: Hitmontop
|-start|p1a: Hitmontop|move: Leech Seed
|
|-damage|p1a: Hitmontop|75/100 psn|[from] Leech Seed|[of] p2a: Gourgeist
|-heal|p2a: Gourgeist|84/100|[silent]
|-damage|p1a: Hitmontop|63/100 psn|[from] psn
|upkeep
|turn|15
|
|switch|p1a: Gourgeist|Gourgeist, M|100/100
|-status|p1a: Gourgeist|psn
|move|p2a: Gourgeist|Foul Play|p1a: Gourgeist
|-supereffective|p1a: Gourgeist
|-damage|p1a: Gourgeist|35/100 psn
|
|-damage|p1a: Gourgeist|23/100 psn|[from] psn
|upkeep
|turn|16
|
|switch|p2a: Mareanie|Mareanie, F|100/100
|-damage|p2a: Mareanie|88/100|[from] Stealth Rock
|move|p1a: Gourgeist|Flamethrower|p2a: Mareanie
|-resisted|p2a: Mareanie
|-damage|p2a: Mareanie|73/100
|-damage|p1a: Gourgeist|13/100 psn|[from] item: Life Orb
|
|-damage|p1a: Gourgeist|0 fnt|[from] psn
|faint|p1a: Gourgeist
|upkeep
|j| Oathkeepre
|j| confide
|
|switch|p1a: Glaceon|Glaceon, F|75/100 psn
|turn|17
|
|move|p1a: Glaceon|Freeze-Dry|p2a: Mareanie
|-supereffective|p2a: Mareanie
|-damage|p2a: Mareanie|0 fnt
|faint|p2a: Mareanie
|
|-damage|p1a: Glaceon|63/100 psn|[from] psn
|upkeep
|
|switch|p2a: Pawniard|Pawniard, M|94/100
|-damage|p2a: Pawniard|88/100|[from] Stealth Rock
|turn|18
|j| zSpxdes ©@!
|
|move|p1a: Glaceon|Freeze-Dry|p2a: Pawniard
|-resisted|p2a: Pawniard
|-damage|p2a: Pawniard|30/100
|move|p2a: Pawniard|Stealth Rock|p1a: Glaceon
|-sidestart|p1: uult5 somalia|move: Stealth Rock
|
|-damage|p1a: Glaceon|50/100 psn|[from] psn
|upkeep
|turn|19
|c| confide|somalia u learning pu now?
|c|☆uult5 somalia|yh
|
|move|p2a: Pawniard|Sucker Punch|p1a: Glaceon
|-damage|p1a: Glaceon|14/100 psn
|move|p1a: Glaceon|Freeze-Dry|p2a: Pawniard
|-resisted|p2a: Pawniard
|-damage|p2a: Pawniard|0 fnt
|faint|p2a: Pawniard
|
|-damage|p1a: Glaceon|2/100 psn|[from] psn
|upkeep
|c|☆uult5 somalia|pu and zu xd
|c| confide|how do u like it
|
|switch|p2a: Gourgeist|Gourgeist-Super, F|84/100
|-damage|p2a: Gourgeist|71/100|[from] Stealth Rock
|-item|p1a: Glaceon|Choice Specs|[from] ability: Frisk|[of] p2a: Gourgeist|[identify]
|turn|20
|j| Jonmychael
|c|☆uult5 somalia|i like it better now that im using HO
|c|☆uult5 somalia|i was always using stall
|c|☆uult5 somalia|which sucked
|
|move|p1a: Glaceon|Freeze-Dry|p2a: Gourgeist
|-supereffective|p2a: Gourgeist
|-damage|p2a: Gourgeist|0 fnt
|faint|p2a: Gourgeist
|
|-damage|p1a: Glaceon|0 fnt|[from] psn
|faint|p1a: Glaceon
|upkeep
|c| confide|ic
|j| Helena Harper
|
|switch|p1a: Manectric|Manectric, M|100/100
|switch|p2a: Bellossom|Bellossom, M|100/100
|-status|p1a: Manectric|psn
|-damage|p1a: Manectric|88/100 psn|[from] Stealth Rock
|-damage|p2a: Bellossom|88/100|[from] Stealth Rock
|turn|21
|
|move|p1a: Manectric|Overheat|p2a: Bellossom
|-supereffective|p2a: Bellossom
|-damage|p2a: Bellossom|0 fnt
|-unboost|p1a: Manectric|spa|2
|faint|p2a: Bellossom
|
|win|uult5 somalia
