|j|☆acluh1
|j|☆CReaToRxPR
|t:|1654141552
|gametype|singles
|player|p1|acluh1|karen|
|player|p2|CReaToRxPR|101|
|teamsize|p1|6
|teamsize|p2|6
|gen|8
|tier|[Gen 8] PU
|rated|Tournament battle
|rule|Sleep Clause Mod: Limit one foe put to sleep
|rule|Species Clause: Limit one of each Pokémon
|rule|OHKO Clause: OHKO moves are banned
|rule|Evasion Moves Clause: Evasion moves are banned
|rule|Endless Battle Clause: Forcing endless battles is banned
|rule|HP Percentage Mod: HP is shown in percentages
|rule|Dynamax Clause: You cannot dynamax
|clearpoke
|poke|p1|Basculin-Blue-Striped, F|
|poke|p1|Eldegoss, F|
|poke|p1|Ferroseed, M|
|poke|p1|Jolteon, F|
|poke|p1|Cursola, F|
|poke|p1|Scyther, M|
|poke|p2|Aromatisse, F|
|poke|p2|Audino, M|
|poke|p2|Abomasnow, F|
|poke|p2|Aurorus, M|
|poke|p2|Articuno-Galar|
|poke|p2|Scyther, F|
|teampreview
|inactive|Battle timer is ON: inactive players will automatically lose when time's up. (requested by acluh1)
|
|t:|1654141557
|start
|switch|p1a: Scyther|Scyther, M, shiny|100/100
|switch|p2a: Aurorus|Aurorus, M|100/100
|-weather|Hail|[from] ability: Snow Warning|[of] p2a: Aurorus
|turn|1
|
|t:|1654141561
|move|p1a: Scyther|U-turn|p2a: Aurorus
|-damage|p2a: Aurorus|64/100
|
|t:|1654141565
|switch|p1a: Cursola|Cursola, F, shiny|100/100|[from]move: U-turn
|move|p2a: Aurorus|Blizzard|p1a: Cursola
|-damage|p1a: Cursola|25/100
|-status|p1a: Cursola|frz
|
|-weather|Hail|[upkeep]
|-damage|p1a: Cursola|19/100 frz|[from] Hail
|upkeep
|turn|2
|
|t:|1654141571
|move|p2a: Aurorus|Blizzard|p1a: Cursola
|-damage|p1a: Cursola|0 fnt
|faint|p1a: Cursola
|
|-weather|Hail|[upkeep]
|upkeep
|j| PU Rules
|
|t:|1654141581
|switch|p1a: Jolteon|Jolteon, F|100/100
|turn|3
|
|t:|1654141584
|move|p1a: Jolteon|Volt Switch|p2a: Aurorus
|-damage|p2a: Aurorus|15/100
|
|t:|1654141586
|switch|p1a: Ferroseed|Ferroseed, M, shiny|100/100|[from]move: Volt Switch
|move|p2a: Aurorus|Blizzard|p1a: Ferroseed
|-damage|p1a: Ferroseed|29/100
|
|-weather|Hail|[upkeep]
|-damage|p1a: Ferroseed|22/100|[from] Hail
|upkeep
|turn|4
|
|t:|1654141588
|move|p2a: Aurorus|Blizzard|p1a: Ferroseed
|-damage|p1a: Ferroseed|0 fnt
|faint|p1a: Ferroseed
|
|-weather|Hail|[upkeep]
|upkeep
|
|t:|1654141589
|switch|p1a: Jolteon|Jolteon, F|100/100
|turn|5
|
|t:|1654141592
|switch|p2a: Audino|Audino, M|100/100
|move|p1a: Jolteon|Volt Switch|p2a: Audino
|-damage|p2a: Audino|75/100
|
|t:|1654141595
|switch|p1a: Basculin|Basculin-Blue-Striped, F|100/100|[from]move: Volt Switch
|
|-weather|none
|upkeep
|turn|6
|
|t:|1654141598
|switch|p2a: Abomasnow|Abomasnow, F|100/100
|-weather|Hail|[from] ability: Snow Warning|[of] p2a: Abomasnow
|move|p1a: Basculin|Liquidation|p2a: Abomasnow
|-resisted|p2a: Abomasnow
|-damage|p2a: Abomasnow|63/100
|-unboost|p2a: Abomasnow|def|1
|
|-weather|Hail|[upkeep]
|-damage|p1a: Basculin|94/100|[from] Hail
|upkeep
|turn|7
|
|t:|1654141605
|switch|p1a: Eldegoss|Eldegoss, F, shiny|100/100
|move|p2a: Abomasnow|Giga Drain|p1a: Eldegoss
|-resisted|p1a: Eldegoss
|-damage|p1a: Eldegoss|86/100
|-heal|p2a: Abomasnow|69/100|[from] drain|[of] p1a: Eldegoss
|
|-weather|Hail|[upkeep]
|-damage|p1a: Eldegoss|80/100|[from] Hail
|upkeep
|turn|8
|
|t:|1654141611
|move|p1a: Eldegoss|Giga Drain|p2a: Abomasnow
|-resisted|p2a: Abomasnow
|-damage|p2a: Abomasnow|55/100
|-heal|p1a: Eldegoss|89/100|[from] drain|[of] p2a: Abomasnow
|move|p2a: Abomasnow|Blizzard|p1a: Eldegoss
|-supereffective|p1a: Eldegoss
|-damage|p1a: Eldegoss|0 fnt
|faint|p1a: Eldegoss
|
|-weather|Hail|[upkeep]
|upkeep
|
|t:|1654141613
|switch|p1a: Scyther|Scyther, M, shiny|100/100
|turn|9
|
|t:|1654141621
|switch|p2a: Aurorus|Aurorus, M|15/100
|move|p1a: Scyther|U-turn|p2a: Aurorus
|-damage|p2a: Aurorus|0 fnt
|faint|p2a: Aurorus
|
|t:|1654141630
|switch|p1a: Basculin|Basculin-Blue-Striped, F|94/100|[from]move: U-turn
|
|-weather|Hail|[upkeep]
|-damage|p1a: Basculin|88/100|[from] Hail
|upkeep
|
|t:|1654141640
|switch|p2a: Abomasnow|Abomasnow, F|55/100
|turn|10
|
|t:|1654141642
|switch|p2a: Aromatisse|Aromatisse, F|100/100
|move|p1a: Basculin|Superpower|p2a: Aromatisse
|-resisted|p2a: Aromatisse
|-damage|p2a: Aromatisse|82/100
|-unboost|p1a: Basculin|atk|1
|-unboost|p1a: Basculin|def|1
|
|-weather|none
|-heal|p2a: Aromatisse|88/100|[from] item: Leftovers
|upkeep
|turn|11
|
|t:|1654141646
|switch|p1a: Scyther|Scyther, M, shiny|100/100
|move|p2a: Aromatisse|Calm Mind|p2a: Aromatisse
|-boost|p2a: Aromatisse|spa|1
|-boost|p2a: Aromatisse|spd|1
|
|-heal|p2a: Aromatisse|94/100|[from] item: Leftovers
|upkeep
|turn|12
|
|t:|1654141652
|move|p1a: Scyther|Dual Wingbeat|p2a: Aromatisse
|-damage|p2a: Aromatisse|73/100
|-damage|p2a: Aromatisse|51/100
|-hitcount|p2a: Aromatisse|2
|move|p2a: Aromatisse|Moonblast|p1a: Scyther
|-damage|p1a: Scyther|25/100
|
|-heal|p2a: Aromatisse|57/100|[from] item: Leftovers
|upkeep
|turn|13
|
|t:|1654141656
|move|p2a: Aromatisse|Protect|p2a: Aromatisse
|-singleturn|p2a: Aromatisse|Protect
|move|p1a: Scyther|Dual Wingbeat|p2a: Aromatisse
|-activate|p2a: Aromatisse|move: Protect
|
|-heal|p2a: Aromatisse|64/100|[from] item: Leftovers
|upkeep
|turn|14
|
|t:|1654141658
|move|p1a: Scyther|Dual Wingbeat|p2a: Aromatisse
|-damage|p2a: Aromatisse|44/100
|-damage|p2a: Aromatisse|23/100
|-hitcount|p2a: Aromatisse|2
|move|p2a: Aromatisse|Wish|p2a: Aromatisse
|
|-heal|p2a: Aromatisse|30/100|[from] item: Leftovers
|upkeep
|turn|15
|
|t:|1654141662
|move|p2a: Aromatisse|Protect|p2a: Aromatisse
|-singleturn|p2a: Aromatisse|Protect
|move|p1a: Scyther|Dual Wingbeat|p2a: Aromatisse
|-activate|p2a: Aromatisse|move: Protect
|
|-heal|p2a: Aromatisse|80/100|[from] move: Wish|[wisher] Aromatisse
|-heal|p2a: Aromatisse|86/100|[from] item: Leftovers
|upkeep
|turn|16
|
|t:|1654141664
|move|p1a: Scyther|Dual Wingbeat|p2a: Aromatisse
|-damage|p2a: Aromatisse|64/100
|-damage|p2a: Aromatisse|42/100
|-hitcount|p2a: Aromatisse|2
|move|p2a: Aromatisse|Moonblast|p1a: Scyther
|-damage|p1a: Scyther|0 fnt
|faint|p1a: Scyther
|
|-heal|p2a: Aromatisse|48/100|[from] item: Leftovers
|upkeep
|
|t:|1654141675
|switch|p1a: Basculin|Basculin-Blue-Striped, F|88/100
|turn|17
|
|t:|1654141681
|move|p2a: Aromatisse|Protect|p2a: Aromatisse
|-singleturn|p2a: Aromatisse|Protect
|move|p1a: Basculin|Liquidation|p2a: Aromatisse
|-activate|p2a: Aromatisse|move: Protect
|
|-heal|p2a: Aromatisse|54/100|[from] item: Leftovers
|upkeep
|turn|18
|
|t:|1654141687
|move|p1a: Basculin|Liquidation|p2a: Aromatisse
|-damage|p2a: Aromatisse|0 fnt
|faint|p2a: Aromatisse
|
|upkeep
|
|t:|1654141690
|switch|p2a: Abomasnow|Abomasnow, F|55/100
|-weather|Hail|[from] ability: Snow Warning|[of] p2a: Abomasnow
|turn|19
|
|t:|1654141692
|switch|p1a: Jolteon|Jolteon, F|100/100
|move|p2a: Abomasnow|Giga Drain|p1a: Jolteon
|-damage|p1a: Jolteon|62/100
|-heal|p2a: Abomasnow|69/100|[from] drain|[of] p1a: Jolteon
|
|-weather|Hail|[upkeep]
|-damage|p1a: Jolteon|56/100|[from] Hail
|upkeep
|turn|20
|
|t:|1654141701
|move|p1a: Jolteon|Hyper Voice|p2a: Abomasnow
|-damage|p2a: Abomasnow|27/100
|move|p2a: Abomasnow|Giga Drain|p1a: Jolteon
|-damage|p1a: Jolteon|16/100
|-heal|p2a: Abomasnow|41/100|[from] drain|[of] p1a: Jolteon
|
|-weather|Hail|[upkeep]
|-damage|p1a: Jolteon|10/100|[from] Hail
|upkeep
|turn|21
|
|t:|1654141703
|move|p2a: Abomasnow|Ice Shard|p1a: Jolteon
|-damage|p1a: Jolteon|0 fnt
|faint|p1a: Jolteon
|
|-weather|Hail|[upkeep]
|upkeep
|
|t:|1654141705
|switch|p1a: Basculin|Basculin-Blue-Striped, F|88/100
|turn|22
|
|t:|1654141708
|move|p2a: Abomasnow|Ice Shard|p1a: Basculin
|-resisted|p1a: Basculin
|-damage|p1a: Basculin|78/100
|move|p1a: Basculin|Liquidation|p2a: Abomasnow
|-resisted|p2a: Abomasnow
|-crit|p2a: Abomasnow
|-damage|p2a: Abomasnow|0 fnt
|faint|p2a: Abomasnow
|
|-weather|Hail|[upkeep]
|-damage|p1a: Basculin|72/100|[from] Hail
|upkeep
|
|t:|1654141712
|switch|p2a: Audino|Audino, M|100/100
|turn|23
|
|t:|1654141715
|move|p1a: Basculin|Liquidation|p2a: Audino
|-damage|p2a: Audino|33/100
|move|p2a: Audino|Thunder|p1a: Basculin|[miss]
|-miss|p2a: Audino|p1a: Basculin
|
|-weather|none
|upkeep
|turn|24
|
|t:|1654141717
|move|p1a: Basculin|Liquidation|p2a: Audino
|-damage|p2a: Audino|0 fnt
|faint|p2a: Audino
|
|upkeep
|
|t:|1654141720
|switch|p2a: Articuno|Articuno-Galar|100/100
|turn|25
|
|t:|1654141722
|move|p1a: Basculin|Liquidation|p2a: Articuno
|-damage|p2a: Articuno|19/100
|-unboost|p2a: Articuno|def|1
|-ability|p2a: Articuno|Competitive
|-boost|p2a: Articuno|spa|2
|move|p2a: Articuno|Freezing Glare|p1a: Basculin
|-damage|p1a: Basculin|0 fnt
|faint|p1a: Basculin
|
|win|CReaToRxPR
|n|☆acluh1|acluh1
|n|☆CReaToRxPR|creatorxpr
|n| PU Rules|purules
