|j|☆Heracross2.0
|j|☆ayo bb
|t:|1619982859
|gametype|singles
|player|p1|Heracross2.0|anabel|1382
|player|p2|ayo bb|101|1616
|teamsize|p1|6
|teamsize|p2|6
|gen|8
|tier|[Gen 8] PU
|rated|
|clearpoke
|poke|p1|Arctovish|
|poke|p1|Whimsicott, F|
|poke|p1|Sandaconda, F|
|poke|p1|Gigalith, M|
|poke|p1|Xatu, M|
|poke|p1|Passimian, F|
|poke|p2|Gigalith, M|
|poke|p2|Persian-Alola, M|
|poke|p2|Stunfisk-Galar, M|
|poke|p2|Gourgeist-*, F|
|poke|p2|Golbat, M|
|poke|p2|Poliwrath, M|
|rule|Sleep Clause Mod: Limit one foe put to sleep
|rule|Species Clause: Limit one of each Pokémon
|rule|OHKO Clause: OHKO moves are banned
|rule|Evasion Moves Clause: Evasion moves are banned
|rule|Endless Battle Clause: Forcing endless battles is banned
|rule|HP Percentage Mod: HP is shown in percentages
|rule|Dynamax Clause: You cannot dynamax
|teampreview
|inactive|Battle timer is ON: inactive players will automatically lose when time's up. (requested by Heracross2.0)
|
|t:|1619982884
|start
|switch|p1a: making me work|Passimian, F|100/100
|switch|p2a: Stunfisk|Stunfisk-Galar, M|100/100
|turn|1
|
|t:|1619982895
|move|p2a: Stunfisk|Protect|p2a: Stunfisk
|-singleturn|p2a: Stunfisk|Protect
|move|p1a: making me work|Knock Off|p2a: Stunfisk
|-activate|p2a: Stunfisk|move: Protect
|
|upkeep
|turn|2
|
|t:|1619982902
|switch|p1a: ill have your head|Xatu, M|100/100
|move|p2a: Stunfisk|Snap Trap|p1a: ill have your head
|-resisted|p1a: ill have your head
|-damage|p1a: ill have your head|97/100
|-activate|p1a: ill have your head|move: Snap Trap|[of] p2a: Stunfisk
|
|-damage|p1a: ill have your head|85/100|[from] move: Snap Trap|[partiallytrapped]
|upkeep
|turn|3
|
|t:|1619982909
|switch|p2a: Persian|Persian-Alola, M|100/100
|move|p1a: ill have your head|Psychic|p2a: Persian
|-immune|p2a: Persian
|
|-end|p1a: ill have your head|Snap Trap|[partiallytrapped]|[silent]
|upkeep
|turn|4
|
|t:|1619982915
|switch|p1a: stay away|Whimsicott, F|100/100
|move|p2a: Persian|Foul Play|p1a: stay away
|-resisted|p1a: stay away
|-damage|p1a: stay away|86/100
|
|upkeep
|turn|5
|
|t:|1619982919
|switch|p2a: Gigalith|Gigalith, M|100/100
|-weather|Sandstorm|[from] ability: Sand Stream|[of] p2a: Gigalith
|move|p1a: stay away|U-turn|p2a: Gigalith
|-damage|p2a: Gigalith|93/100
|
|t:|1619982931
|switch|p1a: ill have your head|Xatu, M|85/100|[from]move: U-turn
|
|-weather|Sandstorm|[upkeep]
|-damage|p1a: ill have your head|79/100|[from] Sandstorm
|-heal|p2a: Gigalith|99/100|[from] item: Leftovers
|upkeep
|turn|6
|
|t:|1619982936
|move|p1a: ill have your head|Toxic|p2a: Gigalith|[miss]
|-miss|p1a: ill have your head|p2a: Gigalith
|move|p2a: Gigalith|Rock Blast|p1a: ill have your head
|-supereffective|p1a: ill have your head
|-damage|p1a: ill have your head|58/100
|-supereffective|p1a: ill have your head
|-damage|p1a: ill have your head|34/100
|-supereffective|p1a: ill have your head
|-damage|p1a: ill have your head|10/100
|-hitcount|p1a: ill have your head|3
|
|-weather|Sandstorm|[upkeep]
|-damage|p1a: ill have your head|4/100|[from] Sandstorm
|-heal|p2a: Gigalith|100/100|[from] item: Leftovers
|upkeep
|turn|7
|
|t:|1619982944
|switch|p2a: Gourgeist|Gourgeist-Super, F|100/100
|-item|p1a: ill have your head|Heavy-Duty Boots|[from] ability: Frisk|[of] p2a: Gourgeist|[identify]
|move|p1a: ill have your head|Roost|p1a: ill have your head
|-heal|p1a: ill have your head|54/100
|-singleturn|p1a: ill have your head|move: Roost
|
|-weather|Sandstorm|[upkeep]
|-damage|p1a: ill have your head|48/100|[from] Sandstorm
|-damage|p2a: Gourgeist|94/100|[from] Sandstorm
|upkeep
|turn|8
|
|t:|1619982953
|switch|p1a: pure grit|Sandaconda, F|100/100
|move|p2a: Gourgeist|Trick Room|p2a: Gourgeist
|-fieldstart|move: Trick Room|[of] p2a: Gourgeist
|
|-weather|Sandstorm|[upkeep]
|-damage|p2a: Gourgeist|88/100|[from] Sandstorm
|upkeep
|turn|9
|
|t:|1619982957
|move|p2a: Gourgeist|Power Whip|p1a: pure grit
|-supereffective|p1a: pure grit
|-damage|p1a: pure grit|15/100
|move|p1a: pure grit|Coil|p1a: pure grit
|-boost|p1a: pure grit|atk|1
|-boost|p1a: pure grit|def|1
|-boost|p1a: pure grit|accuracy|1
|
|-weather|none
|-heal|p1a: pure grit|21/100|[from] item: Leftovers
|upkeep
|turn|10
|
|t:|1619982964
|switch|p1a: ill have your head|Xatu, M|48/100
|move|p2a: Gourgeist|Power Whip|p1a: ill have your head
|-resisted|p1a: ill have your head
|-damage|p1a: ill have your head|19/100
|
|upkeep
|turn|11
|
|t:|1619982967
|move|p2a: Gourgeist|Poltergeist|p1a: ill have your head
|-activate|p1a: ill have your head|move: Poltergeist|Heavy-Duty Boots
|-supereffective|p1a: ill have your head
|-damage|p1a: ill have your head|0 fnt
|faint|p1a: ill have your head
|
|upkeep
|
|t:|1619982974
|switch|p1a: making me work|Passimian, F|100/100
|turn|12
|
|t:|1619982980
|switch|p2a: Persian|Persian-Alola, M|100/100
|move|p1a: making me work|Knock Off|p2a: Persian
|-resisted|p2a: Persian
|-damage|p2a: Persian|91/100
|-enditem|p2a: Persian|Leftovers|[from] move: Knock Off|[of] p1a: making me work
|
|-fieldend|move: Trick Room
|upkeep
|turn|13
|
|t:|1619982987
|switch|p1a: stay away|Whimsicott, F|86/100
|move|p2a: Persian|Parting Shot|p1a: stay away
|-unboost|p1a: stay away|atk|1
|-unboost|p1a: stay away|spa|1
|
|t:|1619982992
|switch|p2a: Gourgeist|Gourgeist-Super, F|88/100|[from]move: Parting Shot
|-item|p1a: stay away|Choice Specs|[from] ability: Frisk|[of] p2a: Gourgeist|[identify]
|
|upkeep
|turn|14
|
|t:|1619982998
|switch|p2a: Gigalith|Gigalith, M|100/100
|-weather|Sandstorm|[from] ability: Sand Stream|[of] p2a: Gigalith
|move|p1a: stay away|U-turn|p2a: Gigalith
|-damage|p2a: Gigalith|95/100
|
|t:|1619983003
|switch|p1a: pure grit|Sandaconda, F|21/100|[from]move: U-turn
|
|-weather|Sandstorm|[upkeep]
|-heal|p1a: pure grit|28/100|[from] item: Leftovers
|-heal|p2a: Gigalith|100/100|[from] item: Leftovers
|upkeep
|turn|15
|
|t:|1619983009
|move|p1a: pure grit|Rest|p1a: pure grit
|-status|p1a: pure grit|slp|[from] move: Rest
|-heal|p1a: pure grit|100/100 slp|[silent]
|move|p2a: Gigalith|Stealth Rock|p1a: pure grit
|-sidestart|p1: Heracross2.0|move: Stealth Rock
|
|-weather|Sandstorm|[upkeep]
|upkeep
|turn|16
|
|t:|1619983012
|switch|p2a: Gourgeist|Gourgeist-Super, F|88/100
|-item|p1a: pure grit|Leftovers|[from] ability: Frisk|[of] p2a: Gourgeist|[identify]
|cant|p1a: pure grit|slp
|
|-weather|Sandstorm|[upkeep]
|-damage|p2a: Gourgeist|82/100|[from] Sandstorm
|-activate|p1a: pure grit|ability: Shed Skin
|-curestatus|p1a: pure grit|slp|[msg]
|upkeep
|turn|17
|
|t:|1619983016
|move|p1a: pure grit|Coil|p1a: pure grit
|-boost|p1a: pure grit|atk|1
|-boost|p1a: pure grit|def|1
|-boost|p1a: pure grit|accuracy|1
|move|p2a: Gourgeist|Trick Room|p2a: Gourgeist
|-fieldstart|move: Trick Room|[of] p2a: Gourgeist
|
|-weather|Sandstorm|[upkeep]
|-damage|p2a: Gourgeist|76/100|[from] Sandstorm
|upkeep
|turn|18
|
|t:|1619983019
|move|p2a: Gourgeist|Power Whip|p1a: pure grit
|-supereffective|p1a: pure grit
|-damage|p1a: pure grit|34/100
|move|p1a: pure grit|Stone Edge|p2a: Gourgeist
|-damage|p2a: Gourgeist|47/100
|
|-weather|none
|-heal|p1a: pure grit|40/100|[from] item: Leftovers
|upkeep
|turn|19
|
|t:|1619983026
|move|p2a: Gourgeist|Power Whip|p1a: pure grit|[miss]
|-miss|p2a: Gourgeist|p1a: pure grit
|move|p1a: pure grit|Rest|p1a: pure grit
|-status|p1a: pure grit|slp|[from] move: Rest
|-heal|p1a: pure grit|100/100 slp|[silent]
|
|upkeep
|turn|20
|
|t:|1619983029
|move|p2a: Gourgeist|Power Whip|p1a: pure grit
|-supereffective|p1a: pure grit
|-damage|p1a: pure grit|34/100 slp
|cant|p1a: pure grit|slp
|
|-activate|p1a: pure grit|ability: Shed Skin
|-curestatus|p1a: pure grit|slp|[msg]
|-heal|p1a: pure grit|40/100|[from] item: Leftovers
|upkeep
|turn|21
|
|t:|1619983032
|move|p2a: Gourgeist|Power Whip|p1a: pure grit
|-supereffective|p1a: pure grit
|-damage|p1a: pure grit|0 fnt
|faint|p1a: pure grit
|
|-fieldend|move: Trick Room
|upkeep
|c|☆Heracross2.0|okay what the hell am i supposed to do here
|c|☆ayo bb|ban gourgeist
|
|t:|1619983059
|switch|p1a: i will break you|Arctovish, shiny|100/100
|-damage|p1a: i will break you|76/100|[from] Stealth Rock
|turn|22
|
|t:|1619983065
|switch|p2a: Persian|Persian-Alola, M|91/100
|move|p1a: i will break you|Fishious Rend|p2a: Persian
|-damage|p2a: Persian|16/100
|
|upkeep
|turn|23
|
|t:|1619983071
|switch|p1a: making me work|Passimian, F|100/100
|-damage|p1a: making me work|94/100|[from] Stealth Rock
|move|p2a: Persian|Parting Shot|p1a: making me work
|-unboost|p1a: making me work|atk|1
|-ability|p1a: making me work|Defiant
|-boost|p1a: making me work|atk|2
|-unboost|p1a: making me work|spa|1
|-ability|p1a: making me work|Defiant
|-boost|p1a: making me work|atk|2
|
|t:|1619983076
|switch|p2a: Stunfisk|Stunfisk-Galar, M|100/100|[from]move: Parting Shot
|
|upkeep
|turn|24
|
|t:|1619983079
|move|p2a: Stunfisk|Protect|p2a: Stunfisk
|-singleturn|p2a: Stunfisk|Protect
|move|p1a: making me work|Knock Off|p2a: Stunfisk
|-activate|p2a: Stunfisk|move: Protect
|
|upkeep
|turn|25
|
|t:|1619983085
|move|p1a: making me work|Knock Off|p2a: Stunfisk
|-damage|p2a: Stunfisk|52/100
|-enditem|p2a: Stunfisk|Leftovers|[from] move: Knock Off|[of] p1a: making me work
|move|p2a: Stunfisk|Yawn|p1a: making me work
|-start|p1a: making me work|move: Yawn|[of] p2a: Stunfisk
|
|upkeep
|turn|26
|
|t:|1619983090
|switch|p1a: stay away|Whimsicott, F|86/100
|-damage|p1a: stay away|74/100|[from] Stealth Rock
|move|p2a: Stunfisk|Snap Trap|p1a: stay away
|-resisted|p1a: stay away
|-damage|p1a: stay away|68/100
|-activate|p1a: stay away|move: Snap Trap|[of] p2a: Stunfisk
|
|-damage|p1a: stay away|56/100|[from] move: Snap Trap|[partiallytrapped]
|upkeep
|turn|27
|
|t:|1619983093
|move|p2a: Stunfisk|Protect|p2a: Stunfisk
|-singleturn|p2a: Stunfisk|Protect
|move|p1a: stay away|U-turn|p2a: Stunfisk
|-activate|p2a: Stunfisk|move: Protect
|
|-damage|p1a: stay away|44/100|[from] move: Snap Trap|[partiallytrapped]
|upkeep
|turn|28
|
|t:|1619983098
|move|p1a: stay away|U-turn|p2a: Stunfisk
|-resisted|p2a: Stunfisk
|-damage|p2a: Stunfisk|49/100
|
|t:|1619983100
|switch|p1a: ready or not|Gigalith, M|100/100|[from]move: U-turn
|-damage|p1a: ready or not|88/100|[from] Stealth Rock
|-weather|Sandstorm|[from] ability: Sand Stream|[of] p1a: ready or not
|move|p2a: Stunfisk|Snap Trap|p1a: ready or not
|-supereffective|p1a: ready or not
|-damage|p1a: ready or not|78/100
|-activate|p1a: ready or not|move: Snap Trap|[of] p2a: Stunfisk
|
|-weather|Sandstorm|[upkeep]
|-heal|p1a: ready or not|84/100|[from] item: Leftovers
|-damage|p1a: ready or not|71/100|[from] move: Snap Trap|[partiallytrapped]
|upkeep
|turn|29
|-message|Heracross2.0 forfeited.
|
|win|ayo bb
|raw|Heracross2.0's rating: 1382 &rarr; <strong>1374</strong><br />(-8 for losing)
|raw|ayo bb's rating: 1616 &rarr; <strong>1624</strong><br />(+8 for winning)
|l|☆Heracross2.0
|j|☆Heracross2.0
|player|p1|Heracross2.0|anabel
|inactive|Battle timer is ON: inactive players will automatically lose when time's up. (requested by Heracross2.0)
