|j|☆tilting toxel
|j|☆Toxicidad fuera
|t:|1616334275
|player|p1|tilting toxel|ingo|
|player|p2|Toxicidad fuera|argenta|
|teamsize|p1|6
|teamsize|p2|6
|gametype|singles
|gen|8
|tier|[Gen 8] PU
|rated|Tournament battle
|clearpoke
|poke|p1|Weezing, M|
|poke|p1|Regirock|
|poke|p1|Tsareena, F|
|poke|p1|Dugtrio, M|
|poke|p1|Mesprit|
|poke|p1|Heliolisk, F|
|poke|p2|Lopunny, M|
|poke|p2|Raichu-Alola, M|
|poke|p2|Pincurchin, F|
|poke|p2|Sceptile, F|
|poke|p2|Avalugg, F|
|poke|p2|Dusknoir, F|
|rule|Sleep Clause Mod: Limit one foe put to sleep
|rule|Species Clause: Limit one of each Pokémon
|rule|OHKO Clause: OHKO moves are banned
|rule|Evasion Moves Clause: Evasion moves are banned
|rule|Endless Battle Clause: Forcing endless battles is banned
|rule|HP Percentage Mod: HP is shown in percentages
|rule|Dynamax Clause: You cannot dynamax
|teampreview
|c|☆tilting toxel|gl hf
|c|☆Toxicidad fuera|==
|
|t:|1616334298
|start
|switch|p1a: Heliolisk|Heliolisk, F|100/100
|switch|p2a: Lopunny|Lopunny, M|100/100
|turn|1
|j|+Heracross2.0
|l|+Heracross2.0
|j|+Ambipom Unviable
|
|t:|1616334315
|switch|p1a: Regirock|Regirock, shiny|100/100
|move|p2a: Lopunny|U-turn|p1a: Regirock
|-damage|p1a: Regirock|94/100
|-damage|p2a: Lopunny|84/100|[from] item: Rocky Helmet|[of] p1a: Regirock
|
|t:|1616334321
|switch|p2a: Raichu|Raichu-Alola, M|100/100|[from]move: U-turn
|
|upkeep
|turn|2
|
|t:|1616334331
|switch|p1a: Tsareena|Tsareena, F|100/100
|move|p2a: Raichu|Focus Blast|p1a: Tsareena
|-damage|p1a: Tsareena|77/100
|-damage|p2a: Raichu|91/100|[from] item: Life Orb
|
|upkeep
|turn|3
|
|t:|1616334346
|switch|p2a: Avalugg|Avalugg, F|100/100
|move|p1a: Tsareena|U-turn|p2a: Avalugg
|-crit|p2a: Avalugg
|-damage|p2a: Avalugg|88/100
|
|t:|1616334363
|switch|p1a: Weezing|Weezing, M|100/100|[from]move: U-turn
|
|upkeep
|turn|4
|
|t:|1616334380
|switch|p2a: Pincurchin|Pincurchin, F|100/100
|-fieldstart|move: Electric Terrain|[from] ability: Electric Surge|[of] p2a: Pincurchin
|move|p1a: Weezing|Will-O-Wisp|p2a: Pincurchin
|-status|p2a: Pincurchin|brn
|
|-damage|p2a: Pincurchin|94/100 brn|[from] brn
|upkeep
|turn|5
|
|t:|1616334396
|move|p1a: Weezing|Sludge Wave|p2a: Pincurchin
|-damage|p2a: Pincurchin|60/100 brn
|move|p2a: Pincurchin|Spikes|p1a: Weezing
|-sidestart|p1: tilting toxel|Spikes
|
|-damage|p2a: Pincurchin|54/100 brn|[from] brn
|upkeep
|turn|6
|
|t:|1616334408
|move|p1a: Weezing|Sludge Wave|p2a: Pincurchin
|-damage|p2a: Pincurchin|16/100 brn
|move|p2a: Pincurchin|Recover|p2a: Pincurchin
|-heal|p2a: Pincurchin|66/100 brn
|
|-damage|p2a: Pincurchin|60/100 brn|[from] brn
|upkeep
|turn|7
|
|t:|1616334417
|switch|p1a: Dugtrio|Dugtrio, M|100/100
|-damage|p1a: Dugtrio|88/100|[from] Spikes
|move|p2a: Pincurchin|Recover|p2a: Pincurchin
|-heal|p2a: Pincurchin|100/100 brn
|
|-damage|p2a: Pincurchin|94/100 brn|[from] brn
|upkeep
|turn|8
|
|t:|1616334425
|switch|p2a: Avalugg|Avalugg, F|88/100
|move|p1a: Dugtrio|Earthquake|p2a: Avalugg
|-damage|p2a: Avalugg|61/100
|
|upkeep
|turn|9
|j| gglrg
|
|t:|1616334437
|switch|p1a: Regirock|Regirock, shiny|94/100
|-damage|p1a: Regirock|81/100|[from] Spikes
|switch|p2a: Raichu|Raichu-Alola, M|91/100
|
|upkeep
|turn|10
|j|+Heracross2.0
|
|t:|1616334462
|switch|p1a: Weezing|Weezing, M|100/100
|move|p2a: Raichu|Psychic|p1a: Weezing
|-supereffective|p1a: Weezing
|-damage|p1a: Weezing|0 fnt
|-damage|p2a: Raichu|81/100|[from] item: Life Orb
|faint|p1a: Weezing
|
|upkeep
|
|t:|1616334475
|switch|p1a: Tsareena|Tsareena, F|77/100
|-damage|p1a: Tsareena|65/100|[from] Spikes
|turn|11
|
|t:|1616334480
|switch|p2a: Dusknoir|Dusknoir, F|100/100
|-item|p1a: Tsareena|Assault Vest|[from] ability: Frisk|[of] p2a: Dusknoir|[identify]
|move|p1a: Tsareena|U-turn|p2a: Dusknoir
|-resisted|p2a: Dusknoir
|-damage|p2a: Dusknoir|92/100
|
|t:|1616334492
|switch|p1a: Heliolisk|Heliolisk, F|100/100|[from]move: U-turn
|-damage|p1a: Heliolisk|88/100|[from] Spikes
|
|-fieldend|move: Electric Terrain
|upkeep
|turn|12
|
|t:|1616334500
|move|p1a: Heliolisk|Thunderbolt|p2a: Dusknoir
|-damage|p2a: Dusknoir|68/100
|-status|p2a: Dusknoir|par
|cant|p2a: Dusknoir|par
|
|upkeep
|turn|13
|
|t:|1616334507
|move|p1a: Heliolisk|Thunderbolt|p2a: Dusknoir
|-damage|p2a: Dusknoir|43/100 par
|move|p2a: Dusknoir|Power-Up Punch|p1a: Heliolisk
|-supereffective|p1a: Heliolisk
|-damage|p1a: Heliolisk|35/100
|-boost|p2a: Dusknoir|atk|1
|
|upkeep
|turn|14
|
|t:|1616334527
|move|p1a: Heliolisk|Thunderbolt|p2a: Dusknoir
|-damage|p2a: Dusknoir|19/100 par
|move|p2a: Dusknoir|Power-Up Punch|p1a: Heliolisk
|-supereffective|p1a: Heliolisk
|-damage|p1a: Heliolisk|0 fnt
|-boost|p2a: Dusknoir|atk|1
|faint|p1a: Heliolisk
|
|upkeep
|
|t:|1616334543
|switch|p1a: Mesprit|Mesprit|100/100
|turn|15
|
|t:|1616334550
|move|p2a: Dusknoir|Shadow Sneak|p1a: Mesprit
|-supereffective|p1a: Mesprit
|-crit|p1a: Mesprit
|-damage|p1a: Mesprit|0 fnt
|faint|p1a: Mesprit
|
|upkeep
|
|t:|1616334559
|switch|p1a: Regirock|Regirock, shiny|81/100
|-damage|p1a: Regirock|69/100|[from] Spikes
|turn|16
|
|t:|1616334564
|move|p1a: Regirock|Stone Edge|p2a: Dusknoir
|-damage|p2a: Dusknoir|0 fnt
|faint|p2a: Dusknoir
|
|upkeep
|
|t:|1616334575
|switch|p2a: Sceptile|Sceptile, F|100/100
|turn|17
|l|+Heracross2.0
|
|t:|1616334582
|move|p2a: Sceptile|Swords Dance|p2a: Sceptile
|-boost|p2a: Sceptile|atk|2
|move|p1a: Regirock|Ice Punch|p2a: Sceptile
|-supereffective|p2a: Sceptile
|-damage|p2a: Sceptile|36/100
|
|upkeep
|turn|18
|
|t:|1616334590
|move|p2a: Sceptile|Leaf Blade|p1a: Regirock
|-supereffective|p1a: Regirock
|-damage|p1a: Regirock|9/100
|-damage|p2a: Sceptile|19/100|[from] item: Rocky Helmet|[of] p1a: Regirock
|move|p1a: Regirock|Ice Punch|p2a: Sceptile
|-supereffective|p2a: Sceptile
|-damage|p2a: Sceptile|0 fnt
|faint|p2a: Sceptile
|
|upkeep
|
|t:|1616334599
|switch|p2a: Lopunny|Lopunny, M|84/100
|turn|19
|
|t:|1616334602
|move|p2a: Lopunny|Close Combat|p1a: Regirock
|-supereffective|p1a: Regirock
|-damage|p1a: Regirock|0 fnt
|-unboost|p2a: Lopunny|def|1
|-unboost|p2a: Lopunny|spd|1
|-damage|p2a: Lopunny|67/100|[from] item: Rocky Helmet|[of] p1a: Regirock
|faint|p1a: Regirock
|
|upkeep
|
|t:|1616334607
|switch|p1a: Dugtrio|Dugtrio, M|88/100
|-damage|p1a: Dugtrio|76/100|[from] Spikes
|turn|20
|
|t:|1616334626
|move|p1a: Dugtrio|Stone Edge|p2a: Lopunny
|-crit|p2a: Lopunny
|-damage|p2a: Lopunny|0 fnt
|faint|p2a: Lopunny
|
|upkeep
|
|t:|1616334631
|switch|p2a: Avalugg|Avalugg, F|61/100
|turn|21
|j|+Heracross2.0
|
|t:|1616334643
|switch|p1a: Tsareena|Tsareena, F|65/100
|-damage|p1a: Tsareena|53/100|[from] Spikes
|move|p2a: Avalugg|Recover|p2a: Avalugg
|-heal|p2a: Avalugg|100/100
|
|upkeep
|turn|22
|
|t:|1616334648
|move|p1a: Tsareena|Knock Off|p2a: Avalugg
|-damage|p2a: Avalugg|90/100
|-enditem|p2a: Avalugg|Heavy-Duty Boots|[from] move: Knock Off|[of] p1a: Tsareena
|move|p2a: Avalugg|Avalanche|p1a: Tsareena
|-supereffective|p1a: Tsareena
|-damage|p1a: Tsareena|0 fnt
|faint|p1a: Tsareena
|
|upkeep
|
|t:|1616334653
|switch|p1a: Dugtrio|Dugtrio, M|76/100
|-damage|p1a: Dugtrio|64/100|[from] Spikes
|turn|23
|c|☆Toxicidad fuera|gg
|c|☆tilting toxel|gg
|l|+Heracross2.0
|
|t:|1616334657
|move|p1a: Dugtrio|Stone Edge|p2a: Avalugg
|-supereffective|p2a: Avalugg
|-damage|p2a: Avalugg|54/100
|move|p2a: Avalugg|Avalanche|p1a: Dugtrio
|-supereffective|p1a: Dugtrio
|-damage|p1a: Dugtrio|0 fnt
|faint|p1a: Dugtrio
|
|win|Toxicidad fuera
|n|☆tilting toxel|tiltingtoxel
|n|☆Toxicidad fuera|toxicidadfuera
|n| Ambipom Unviable|ambipomunviable
|n| gglrg|gglrg
