|j|☆piloswine gripado
|j|☆uult5 somalia
|t:|1598396835
|player|p1|piloswine gripado|nurseryaide|
|player|p2|uult5 somalia|ghetsis|
|teamsize|p1|6
|teamsize|p2|6
|gametype|singles
|gen|8
|tier|[Gen 8] PU
|rated|Tournament battle
|clearpoke
|poke|p1|Shuckle, M|
|poke|p1|Carvanha, F|
|poke|p1|Farfetch’d, M|
|poke|p1|Meowstic-F, F|
|poke|p1|Drifblim, M|
|poke|p1|Dugtrio-Alola, M|
|poke|p2|Crustle, M|
|poke|p2|Falinks|
|poke|p2|Gothitelle, F|
|poke|p2|Unfezant, M|
|poke|p2|Throh, M|
|poke|p2|Klinklang|
|rule|Sleep Clause Mod: Limit one foe put to sleep
|rule|Species Clause: Limit one of each Pokémon
|rule|OHKO Clause: OHKO moves are banned
|rule|Evasion Moves Clause: Evasion moves are banned
|rule|Endless Battle Clause: Forcing endless battles is banned
|rule|HP Percentage Mod: HP is shown in percentages
|rule|Dynamax Clause: You cannot dynamax
|teampreview
|c|☆uult5 somalia|hf man
|j| MongotheMongo
|c|☆piloswine gripado|u2
|
|t:|1598396857
|start
|switch|p1a: Shuckle|Shuckle, M|100/100
|switch|p2a: Falinks|Falinks|100/100
|turn|1
|
|t:|1598396864
|move|p2a: Falinks|Close Combat|p1a: Shuckle
|-damage|p1a: Shuckle|67/100
|-unboost|p2a: Falinks|def|1
|-unboost|p2a: Falinks|spd|1
|move|p1a: Shuckle|Encore|p2a: Falinks
|-start|p2a: Falinks|Encore
|
|upkeep
|turn|2
|
|t:|1598396873
|switch|p2a: Unfezant|Unfezant, M|100/100
|move|p1a: Shuckle|Stealth Rock|p2a: Unfezant
|-sidestart|p2: uult5 somalia|move: Stealth Rock
|
|upkeep
|turn|3
|
|t:|1598396878
|move|p2a: Unfezant|Defog|p1a: Shuckle
|-unboost|p1a: Shuckle|evasion|1
|-sideend|p2: uult5 somalia|Stealth Rock|[from] move: Defog|[of] p2a: Unfezant
|move|p1a: Shuckle|Encore|p2a: Unfezant
|-start|p2a: Unfezant|Encore
|
|upkeep
|turn|4
|j|@ShuckleDeath
|c|@ShuckleDeath|i have to root for carvahna webs
|
|t:|1598396920
|switch|p2a: Crustle|Crustle, M|100/100
|move|p1a: Shuckle|Stealth Rock|p2a: Crustle
|-sidestart|p2: uult5 somalia|move: Stealth Rock
|
|upkeep
|turn|5
|
|t:|1598396926
|move|p2a: Crustle|Rock Blast|p1a: Shuckle
|-supereffective|p1a: Shuckle
|-damage|p1a: Shuckle|54/100
|-supereffective|p1a: Shuckle
|-damage|p1a: Shuckle|38/100
|-supereffective|p1a: Shuckle
|-damage|p1a: Shuckle|22/100
|-supereffective|p1a: Shuckle
|-damage|p1a: Shuckle|7/100
|-hitcount|p1a: Shuckle|4
|move|p1a: Shuckle|Sticky Web|p2a: Crustle
|-sidestart|p2: uult5 somalia|move: Sticky Web
|
|upkeep
|turn|6
|
|t:|1598396937
|move|p2a: Crustle|Earthquake|p1a: Shuckle
|-damage|p1a: Shuckle|0 fnt
|faint|p1a: Shuckle
|
|upkeep
|
|t:|1598396954
|switch|p1a: Dugtrio|Dugtrio-Alola, M|100/100
|turn|7
|
|t:|1598396962
|move|p1a: Dugtrio|Iron Head|p2a: Crustle
|-supereffective|p2a: Crustle
|-ability|p2a: Crustle|Sturdy
|-damage|p2a: Crustle|1/100
|move|p2a: Crustle|Shell Smash|p2a: Crustle
|-unboost|p2a: Crustle|def|1
|-unboost|p2a: Crustle|spd|1
|-boost|p2a: Crustle|atk|2
|-boost|p2a: Crustle|spa|2
|-boost|p2a: Crustle|spe|2
|-enditem|p2a: Crustle|White Herb
|-clearnegativeboost|p2a: Crustle|[silent]
|
|upkeep
|turn|8
|
|t:|1598396967
|switch|p1a: Farfetch’d|Farfetch’d, M|100/100
|move|p2a: Crustle|Earthquake|p1a: Farfetch’d
|-immune|p1a: Farfetch’d
|
|upkeep
|turn|9
|
|t:|1598396972
|switch|p2a: Unfezant|Unfezant, M|100/100
|move|p1a: Farfetch’d|Quick Attack|p2a: Unfezant
|-damage|p2a: Unfezant|77/100
|
|upkeep
|turn|10
|
|t:|1598396980
|move|p2a: Unfezant|Defog|p1a: Farfetch’d
|-unboost|p1a: Farfetch’d|evasion|1
|-ability|p1a: Farfetch’d|Defiant
|-boost|p1a: Farfetch’d|atk|2
|-sideend|p2: uult5 somalia|Stealth Rock|[from] move: Defog|[of] p2a: Unfezant
|-sideend|p2: uult5 somalia|Sticky Web|[from] move: Defog|[of] p2a: Unfezant
|move|p1a: Farfetch’d|Brave Bird|p2a: Unfezant
|-damage|p2a: Unfezant|0 fnt
|-damage|p1a: Farfetch’d|69/100|[from] Recoil
|faint|p2a: Unfezant
|
|upkeep
|c|☆uult5 somalia|wtf
|c|☆uult5 somalia|noooo
|
|t:|1598396990
|switch|p2a: Falinks|Falinks|100/100
|turn|11
|j| Arakd’eau
|
|t:|1598396998
|move|p1a: Farfetch’d|Quick Attack|p2a: Falinks
|-crit|p2a: Falinks
|-damage|p2a: Falinks|33/100
|move|p2a: Falinks|Rock Slide|p1a: Farfetch’d
|-supereffective|p1a: Farfetch’d
|-damage|p1a: Farfetch’d|0 fnt
|faint|p1a: Farfetch’d
|
|upkeep
|c|☆uult5 somalia|you hate to see it
|
|t:|1598397008
|switch|p1a: Dugtrio|Dugtrio-Alola, M|100/100
|turn|12
|c|☆piloswine gripado|the big leek
|
|t:|1598397025
|switch|p2a: Crustle|Crustle, M|1/100
|move|p1a: Dugtrio|Earthquake|p2a: Crustle
|-damage|p2a: Crustle|0 fnt
|faint|p2a: Crustle
|
|upkeep
|
|t:|1598397029
|switch|p2a: Throh|Throh, M|100/100
|-ability|p2a: Throh|Mold Breaker
|turn|13
|c|☆uult5 somalia|KING
|c|☆uult5 somalia|KONG
|c|☆uult5 somalia|enter
|c|@ShuckleDeath|oo ahh ahh
|c|☆uult5 somalia|rofl
|
|t:|1598397068
|switch|p1a: Drifblim|Drifblim, M|100/100
|move|p2a: Throh|Bulk Up|p2a: Throh
|-boost|p2a: Throh|atk|1
|-boost|p2a: Throh|def|1
|
|upkeep
|turn|14
|n| shuckledoom|shuckledeath
|
|t:|1598397078
|move|p1a: Drifblim|Shadow Ball|p2a: Throh
|-damage|p2a: Throh|75/100
|-unboost|p2a: Throh|spd|1
|move|p2a: Throh|Bulk Up|p2a: Throh
|-boost|p2a: Throh|atk|1
|-boost|p2a: Throh|def|1
|
|-heal|p2a: Throh|81/100|[from] item: Leftovers
|upkeep
|turn|15
|c|☆uult5 somalia|NO
|
|t:|1598397087
|move|p1a: Drifblim|Shadow Ball|p2a: Throh
|-damage|p2a: Throh|42/100
|move|p2a: Throh|Knock Off|p1a: Drifblim
|-supereffective|p1a: Drifblim
|-damage|p1a: Drifblim|0 fnt
|-enditem|p1a: Drifblim|Sitrus Berry|[from] move: Knock Off|[of] p2a: Throh
|faint|p1a: Drifblim
|
|-heal|p2a: Throh|49/100|[from] item: Leftovers
|upkeep
|
|t:|1598397090
|switch|p1a: Meowstic|Meowstic-F, F|100/100
|turn|16
|n| shuckledoom|shuckledoom
|
|t:|1598397098
|switch|p2a: Falinks|Falinks|33/100
|move|p1a: Meowstic|Psychic|p2a: Falinks
|-supereffective|p2a: Falinks
|-damage|p2a: Falinks|0 fnt
|-damage|p1a: Meowstic|91/100|[from] item: Life Orb
|faint|p2a: Falinks
|
|upkeep
|
|t:|1598397101
|switch|p2a: Klinklang|Klinklang|100/100
|turn|17
|
|t:|1598397106
|switch|p1a: Dugtrio|Dugtrio-Alola, M|100/100
|move|p2a: Klinklang|Gear Grind|p1a: Dugtrio
|-resisted|p1a: Dugtrio
|-damage|p1a: Dugtrio|70/100
|-ability|p1a: Dugtrio|Tangling Hair
|-fail|p2a: Klinklang|unboost|[from] ability: Clear Body|[of] p2a: Klinklang
|-resisted|p1a: Dugtrio
|-damage|p1a: Dugtrio|41/100
|-ability|p1a: Dugtrio|Tangling Hair
|-fail|p2a: Klinklang|unboost|[from] ability: Clear Body|[of] p2a: Klinklang
|-hitcount|p1a: Dugtrio|2
|
|upkeep
|turn|18
|n|@ShuckleDeath|shuckledoom
|
|t:|1598397115
|switch|p2a: Gothitelle|Gothitelle, F|100/100
|move|p1a: Dugtrio|Earthquake|p2a: Gothitelle
|-damage|p2a: Gothitelle|55/100
|
|upkeep
|turn|19
|
|t:|1598397121
|move|p1a: Dugtrio|Earthquake|p2a: Gothitelle
|-damage|p2a: Gothitelle|7/100
|move|p2a: Gothitelle|Rest|p2a: Gothitelle
|-status|p2a: Gothitelle|slp|[from] move: Rest
|-heal|p2a: Gothitelle|100/100 slp|[silent]
|
|upkeep
|turn|20
|
|t:|1598397123
|move|p1a: Dugtrio|Earthquake|p2a: Gothitelle
|-damage|p2a: Gothitelle|54/100 slp
|cant|p2a: Gothitelle|slp
|move|p2a: Gothitelle|Sleep Talk|p2a: Gothitelle
|move|p2a: Gothitelle|Rest|p2a: Gothitelle|[from]Sleep Talk
|-fail|p2a: Gothitelle
|
|upkeep
|turn|21
|
|t:|1598397125
|move|p1a: Dugtrio|Earthquake|p2a: Gothitelle
|-damage|p2a: Gothitelle|3/100 slp
|cant|p2a: Gothitelle|slp
|move|p2a: Gothitelle|Sleep Talk|p2a: Gothitelle
|move|p2a: Gothitelle|Stored Power|p1a: Dugtrio|[from]Sleep Talk
|-resisted|p1a: Dugtrio
|-damage|p1a: Dugtrio|34/100
|
|upkeep
|turn|22
|
|t:|1598397129
|move|p1a: Dugtrio|Earthquake|p2a: Gothitelle
|-damage|p2a: Gothitelle|0 fnt
|faint|p2a: Gothitelle
|
|upkeep
|
|t:|1598397130
|switch|p2a: Throh|Throh, M|49/100
|-ability|p2a: Throh|Mold Breaker
|turn|23
|
|t:|1598397135
|move|p1a: Dugtrio|Earthquake|p2a: Throh
|-damage|p2a: Throh|0 fnt
|faint|p2a: Throh
|
|upkeep
|c|☆uult5 somalia|man
|
|t:|1598397140
|switch|p2a: Klinklang|Klinklang|100/100
|turn|24
|
|t:|1598397155
|move|p1a: Dugtrio|Earthquake|p2a: Klinklang
|-supereffective|p2a: Klinklang
|-damage|p2a: Klinklang|0 fnt
|faint|p2a: Klinklang
|
|win|piloswine gripado
