|j|☆JoJo Reference #11
|j|☆Miku185
|t:|1667173736
|gametype|singles
|player|p1|JoJo Reference #11|1|1439
|player|p2|Miku185|firebreather|1439
|teamsize|p1|6
|teamsize|p2|6
|gen|8
|tier|[Gen 8] PU
|rated|
|rule|Sleep Clause Mod: Limit one foe put to sleep
|rule|Species Clause: Limit one of each Pokémon
|rule|OHKO Clause: OHKO moves are banned
|rule|Evasion Items Clause: Evasion items are banned
|rule|Evasion Moves Clause: Evasion moves are banned
|rule|Endless Battle Clause: Forcing endless battles is banned
|rule|HP Percentage Mod: HP is shown in percentages
|rule|Dynamax Clause: You cannot dynamax
|clearpoke
|poke|p1|Absol, F|
|poke|p1|Silvally-*|
|poke|p1|Centiskorch, F|
|poke|p1|Wishiwashi, F|
|poke|p1|Archeops, M|
|poke|p1|Malamar, F|
|poke|p2|Skuntank, F|
|poke|p2|Whimsicott, M|
|poke|p2|Druddigon, M|
|poke|p2|Golduck, F|
|poke|p2|Hitmonchan, M|
|poke|p2|Jolteon, M|
|teampreview
|inactive|Battle timer is ON: inactive players will automatically lose when time's up. (requested by JoJo Reference #11)
|j| GenericPUTeam
|inactive|Miku185 has 120 seconds left.
|
|t:|1667173804
|start
|switch|p1a: Archeops|Archeops, M|100/100
|switch|p2a: Jolteon|Jolteon, M|100/100
|turn|1
|
|t:|1667173808
|move|p2a: Jolteon|Volt Switch|p1a: Archeops
|-supereffective|p1a: Archeops
|-enditem|p1a: Archeops|Focus Sash
|-damage|p1a: Archeops|1/100
|
|t:|1667173813
|switch|p2a: Hitmonchan|Hitmonchan, M|100/100|[from]move: Volt Switch
|move|p1a: Archeops|Stealth Rock|p2a: Hitmonchan
|-sidestart|p2: Miku185|move: Stealth Rock
|
|upkeep
|turn|2
|
|t:|1667173816
|switch|p1a: Wishiwashi|Wishiwashi, F|100/100
|-formechange|p1a: Wishiwashi|Wishiwashi-School||[from] ability: Schooling
|move|p2a: Hitmonchan|Rapid Spin|p1a: Wishiwashi
|-damage|p1a: Wishiwashi|89/100
|-boost|p2a: Hitmonchan|spe|1
|-sideend|p2: Miku185|Stealth Rock|[from] move: Rapid Spin|[of] p2a: Hitmonchan
|
|-heal|p1a: Wishiwashi|95/100|[from] item: Leftovers
|upkeep
|turn|3
|
|t:|1667173825
|move|p2a: Hitmonchan|Drain Punch|p1a: Wishiwashi
|-damage|p1a: Wishiwashi|60/100
|move|p1a: Wishiwashi|U-turn|p2a: Hitmonchan
|-resisted|p2a: Hitmonchan
|-damage|p2a: Hitmonchan|86/100
|
|t:|1667173830
|switch|p1a: Centiskorch|Centiskorch, F|100/100|[from]move: U-turn
|
|upkeep
|turn|4
|
|t:|1667173837
|switch|p2a: Golduck|Golduck, F|100/100
|-ability|p2a: Golduck|Cloud Nine
|switch|p1a: Archeops|Archeops, M|1/100
|
|upkeep
|turn|5
|
|t:|1667173848
|switch|p2a: Hitmonchan|Hitmonchan, M|86/100
|move|p1a: Archeops|Stealth Rock|p2a: Hitmonchan
|-sidestart|p2: Miku185|move: Stealth Rock
|
|upkeep
|turn|6
|
|t:|1667173851
|move|p1a: Archeops|Head Smash|p2a: Hitmonchan|[miss]
|-miss|p1a: Archeops|p2a: Hitmonchan
|move|p2a: Hitmonchan|Rapid Spin|p1a: Archeops
|-resisted|p1a: Archeops
|-crit|p1a: Archeops
|-damage|p1a: Archeops|0 fnt
|-boost|p2a: Hitmonchan|spe|1
|-sideend|p2: Miku185|Stealth Rock|[from] move: Rapid Spin|[of] p2a: Hitmonchan
|faint|p1a: Archeops
|
|upkeep
|
|t:|1667173855
|switch|p1a: Centiskorch|Centiskorch, F|100/100
|turn|7
|
|t:|1667173860
|switch|p2a: Golduck|Golduck, F|100/100
|-ability|p2a: Golduck|Cloud Nine
|move|p1a: Centiskorch|Power Whip|p2a: Golduck
|-supereffective|p2a: Golduck
|-damage|p2a: Golduck|41/100
|
|-heal|p2a: Golduck|47/100|[from] item: Leftovers
|upkeep
|turn|8
|
|t:|1667173867
|switch|p1a: Wishiwashi|Wishiwashi, F|60/100
|-formechange|p1a: Wishiwashi|Wishiwashi-School||[from] ability: Schooling
|move|p2a: Golduck|Substitute|p2a: Golduck
|-start|p2a: Golduck|Substitute
|-damage|p2a: Golduck|22/100
|
|-heal|p2a: Golduck|28/100|[from] item: Leftovers
|-heal|p1a: Wishiwashi|66/100|[from] item: Leftovers
|upkeep
|turn|9
|
|t:|1667173875
|move|p2a: Golduck|Calm Mind|p2a: Golduck
|-boost|p2a: Golduck|spa|1
|-boost|p2a: Golduck|spd|1
|move|p1a: Wishiwashi|Scald|p2a: Golduck
|-resisted|p2a: Golduck
|-activate|p2a: Golduck|move: Substitute|[damage]
|
|-heal|p2a: Golduck|34/100|[from] item: Leftovers
|-heal|p1a: Wishiwashi|73/100|[from] item: Leftovers
|upkeep
|turn|10
|
|t:|1667173882
|move|p2a: Golduck|Calm Mind|p2a: Golduck
|-boost|p2a: Golduck|spa|1
|-boost|p2a: Golduck|spd|1
|move|p1a: Wishiwashi|U-turn|p2a: Golduck
|-end|p2a: Golduck|Substitute
|
|t:|1667173884
|switch|p1a: Silvally|Silvally-Grass|100/100|[from]move: U-turn
|
|-heal|p2a: Golduck|40/100|[from] item: Leftovers
|upkeep
|turn|11
|
|t:|1667173891
|switch|p2a: Druddigon|Druddigon, M|100/100
|move|p1a: Silvally|Multi-Attack|p2a: Druddigon
|-resisted|p2a: Druddigon
|-damage|p2a: Druddigon|82/100
|-damage|p1a: Silvally|88/100|[from] ability: Rough Skin|[of] p2a: Druddigon
|-damage|p1a: Silvally|71/100|[from] item: Rocky Helmet|[of] p2a: Druddigon
|
|upkeep
|turn|12
|
|t:|1667173894
|switch|p1a: Malamar|Malamar, F|100/100
|move|p2a: Druddigon|Stealth Rock|p1a: Malamar
|-sidestart|p1: JoJo Reference #11|move: Stealth Rock
|
|upkeep
|turn|13
|
|t:|1667173897
|move|p1a: Malamar|Substitute|p1a: Malamar
|-start|p1a: Malamar|Substitute
|-damage|p1a: Malamar|75/100
|move|p2a: Druddigon|Dragon Tail|p1a: Malamar|[miss]
|-miss|p2a: Druddigon|p1a: Malamar
|
|-heal|p1a: Malamar|82/100|[from] item: Leftovers
|upkeep
|turn|14
|
|t:|1667173904
|move|p1a: Malamar|Superpower|p2a: Druddigon
|-damage|p2a: Druddigon|61/100
|-boost|p1a: Malamar|atk|1
|-boost|p1a: Malamar|def|1
|-damage|p1a: Malamar|69/100|[from] ability: Rough Skin|[of] p2a: Druddigon
|-damage|p1a: Malamar|53/100|[from] item: Rocky Helmet|[of] p2a: Druddigon
|move|p2a: Druddigon|Dragon Tail|p1a: Malamar
|-activate|p1a: Malamar|move: Substitute|[damage]
|
|-heal|p1a: Malamar|59/100|[from] item: Leftovers
|upkeep
|turn|15
|
|t:|1667173910
|switch|p2a: Whimsicott|Whimsicott, M|100/100
|move|p1a: Malamar|Hypnosis|p2a: Whimsicott
|-status|p2a: Whimsicott|slp|[from] move: Hypnosis
|
|-heal|p1a: Malamar|65/100|[from] item: Leftovers
|upkeep
|turn|16
|
|t:|1667173914
|cant|p2a: Whimsicott|slp
|move|p1a: Malamar|Superpower|p2a: Whimsicott
|-resisted|p2a: Whimsicott
|-damage|p2a: Whimsicott|68/100 slp
|-boost|p1a: Malamar|atk|1
|-boost|p1a: Malamar|def|1
|
|-heal|p1a: Malamar|71/100|[from] item: Leftovers
|upkeep
|turn|17
|
|t:|1667173917
|cant|p2a: Whimsicott|slp
|move|p1a: Malamar|Knock Off|p2a: Whimsicott
|-resisted|p2a: Whimsicott
|-damage|p2a: Whimsicott|21/100 slp
|-enditem|p2a: Whimsicott|Life Orb|[from] move: Knock Off|[of] p1a: Malamar
|
|-heal|p1a: Malamar|78/100|[from] item: Leftovers
|upkeep
|turn|18
|
|t:|1667173919
|cant|p2a: Whimsicott|slp
|move|p1a: Malamar|Superpower|p2a: Whimsicott
|-resisted|p2a: Whimsicott
|-damage|p2a: Whimsicott|0 fnt
|-boost|p1a: Malamar|atk|1
|-boost|p1a: Malamar|def|1
|faint|p2a: Whimsicott
|
|-heal|p1a: Malamar|84/100|[from] item: Leftovers
|upkeep
|
|t:|1667173924
|switch|p2a: Golduck|Golduck, F|40/100
|-ability|p2a: Golduck|Cloud Nine
|turn|19
|
|t:|1667173927
|move|p1a: Malamar|Knock Off|p2a: Golduck
|-crit|p2a: Golduck
|-damage|p2a: Golduck|0 fnt
|-enditem|p2a: Golduck|Leftovers|[from] move: Knock Off|[of] p1a: Malamar
|faint|p2a: Golduck
|
|-heal|p1a: Malamar|90/100|[from] item: Leftovers
|upkeep
|-message|Miku185 forfeited.
|
|win|JoJo Reference #11
|raw|JoJo Reference #11's rating: 1439 &rarr; <strong>1459</strong><br />(+20 for winning)
|raw|Miku185's rating: 1439 &rarr; <strong>1419</strong><br />(-20 for losing)
|l|☆Miku185
