|j|☆kacj2
|j|☆bababi
|t:|1639952176
|gametype|singles
|player|p1|kacj2|swimmer|1342
|player|p2|bababi|cress|1657
|teamsize|p1|6
|teamsize|p2|6
|gen|8
|tier|[Gen 8] PU
|rated|
|rule|Sleep Clause Mod: Limit one foe put to sleep
|rule|Species Clause: Limit one of each Pokémon
|rule|OHKO Clause: OHKO moves are banned
|rule|Evasion Moves Clause: Evasion moves are banned
|rule|Endless Battle Clause: Forcing endless battles is banned
|rule|HP Percentage Mod: HP is shown in percentages
|rule|Dynamax Clause: You cannot dynamax
|clearpoke
|poke|p1|Centiskorch, M|
|poke|p1|Falinks|
|poke|p1|Lycanroc-Midnight, M|
|poke|p1|Gallade, M|
|poke|p1|Tsareena, F|
|poke|p1|Wailord, F|
|poke|p2|Sneasel, F|
|poke|p2|Ribombee, F|
|poke|p2|Regirock|
|poke|p2|Wishiwashi, M|
|poke|p2|Tsareena, F|
|poke|p2|Togedemaru, F|
|teampreview
|inactive|Battle timer is ON: inactive players will automatically lose when time's up. (requested by kacj2)
|
|t:|1639952196
|start
|switch|p1a: Lycanroc|Lycanroc-Midnight, M|100/100
|switch|p2a: Regirock|Regirock|100/100
|turn|1
|
|t:|1639952203
|move|p1a: Lycanroc|Close Combat|p2a: Regirock
|-supereffective|p2a: Regirock
|-damage|p2a: Regirock|64/100
|-unboost|p1a: Lycanroc|def|1
|-unboost|p1a: Lycanroc|spd|1
|move|p2a: Regirock|Body Press|p1a: Lycanroc
|-supereffective|p1a: Lycanroc
|-damage|p1a: Lycanroc|0 fnt
|faint|p1a: Lycanroc
|
|-heal|p2a: Regirock|70/100|[from] item: Leftovers
|upkeep
|
|t:|1639952215
|switch|p1a: Wailord|Wailord, F|100/100
|turn|2
|
|t:|1639952219
|switch|p2a: Wishiwashi|Wishiwashi, M|100/100
|-formechange|p2a: Wishiwashi|Wishiwashi-School||[from] ability: Schooling
|move|p1a: Wailord|Water Spout|p2a: Wishiwashi
|-resisted|p2a: Wishiwashi
|-damage|p2a: Wishiwashi|66/100
|
|-heal|p2a: Wishiwashi|72/100|[from] item: Leftovers
|upkeep
|turn|3
|
|t:|1639952229
|move|p1a: Wailord|Water Spout|p2a: Wishiwashi
|-resisted|p2a: Wishiwashi
|-damage|p2a: Wishiwashi|39/100
|move|p2a: Wishiwashi|U-turn|p1a: Wailord
|-damage|p1a: Wailord|73/100
|
|t:|1639952236
|switch|p2a: Tsareena|Tsareena, F|100/100|[from]move: U-turn
|
|upkeep
|turn|4
|
|t:|1639952243
|switch|p1a: Centiskorch|Centiskorch, M|100/100
|move|p2a: Tsareena|U-turn|p1a: Centiskorch
|-resisted|p1a: Centiskorch
|-damage|p1a: Centiskorch|85/100
|
|t:|1639952245
|switch|p2a: Regirock|Regirock|70/100|[from]move: U-turn
|
|-heal|p2a: Regirock|76/100|[from] item: Leftovers
|upkeep
|turn|5
|j| False God Red
|
|t:|1639952254
|move|p1a: Centiskorch|Knock Off|p2a: Regirock
|-damage|p2a: Regirock|62/100
|-enditem|p2a: Regirock|Leftovers|[from] move: Knock Off|[of] p1a: Centiskorch
|move|p2a: Regirock|Rock Blast|p1a: Centiskorch
|-supereffective|p1a: Centiskorch
|-damage|p1a: Centiskorch|39/100
|-supereffective|p1a: Centiskorch
|-damage|p1a: Centiskorch|0 fnt
|faint|p1a: Centiskorch
|-hitcount|p1: Centiskorch|2
|
|upkeep
|
|t:|1639952268
|switch|p1a: Gallade|Gallade, M|100/100
|turn|6
|
|t:|1639952273
|switch|p2a: Ribombee|Ribombee, F|100/100
|move|p1a: Gallade|Zen Headbutt|p2a: Ribombee
|-damage|p2a: Ribombee|0 fnt
|faint|p2a: Ribombee
|-damage|p1a: Gallade|91/100|[from] item: Life Orb
|
|upkeep
|
|t:|1639952276
|switch|p2a: cope|Sneasel, F|100/100
|turn|7
|
|t:|1639952287
|move|p2a: cope|Knock Off|p1a: Gallade
|-damage|p1a: Gallade|25/100
|-enditem|p1a: Gallade|Life Orb|[from] move: Knock Off|[of] p2a: cope
|move|p1a: Gallade|Close Combat|p2a: cope
|-supereffective|p2a: cope
|-damage|p2a: cope|0 fnt
|-unboost|p1a: Gallade|def|1
|-unboost|p1a: Gallade|spd|1
|faint|p2a: cope
|
|upkeep
|
|t:|1639952309
|switch|p2a: Tsareena|Tsareena, F|100/100
|turn|8
|c| False God Red|lets see if bababi can splash with the best
|
|t:|1639952314
|move|p2a: Tsareena|Rapid Spin|p1a: Gallade
|-damage|p1a: Gallade|0 fnt
|-boost|p2a: Tsareena|spe|1
|faint|p1a: Gallade
|
|upkeep
|
|t:|1639952320
|switch|p1a: Falinks|Falinks|100/100
|turn|9
|
|t:|1639952324
|move|p2a: Tsareena|Power Whip|p1a: Falinks|[miss]
|-miss|p2a: Tsareena|p1a: Falinks
|move|p1a: Falinks|No Retreat|p1a: Falinks
|-boost|p1a: Falinks|atk|1
|-boost|p1a: Falinks|def|1
|-boost|p1a: Falinks|spa|1
|-boost|p1a: Falinks|spd|1
|-boost|p1a: Falinks|spe|1
|-start|p1a: Falinks|move: No Retreat
|
|upkeep
|turn|10
|
|t:|1639952332
|move|p1a: Falinks|Poison Jab|p2a: Tsareena
|-supereffective|p2a: Tsareena
|-damage|p2a: Tsareena|6/100
|move|p2a: Tsareena|Power Whip|p1a: Falinks
|-damage|p1a: Falinks|50/100
|
|upkeep
|turn|11
|
|t:|1639952340
|move|p1a: Falinks|Throat Chop|p2a: Tsareena
|-damage|p2a: Tsareena|0 fnt
|faint|p2a: Tsareena
|
|upkeep
|
|t:|1639952349
|switch|p2a: Regirock|Regirock|62/100
|turn|12
|
|t:|1639952353
|move|p1a: Falinks|Close Combat|p2a: Regirock
|-supereffective|p2a: Regirock
|-damage|p2a: Regirock|0 fnt
|-unboost|p1a: Falinks|def|1
|-unboost|p1a: Falinks|spd|1
|faint|p2a: Regirock
|
|upkeep
|
|t:|1639952356
|switch|p2a: Togedemaru|Togedemaru, F|100/100
|turn|13
|
|t:|1639952362
|move|p2a: Togedemaru|Spiky Shield|p2a: Togedemaru
|-singleturn|p2a: Togedemaru|move: Protect
|move|p1a: Falinks|Close Combat|p2a: Togedemaru
|-activate|p2a: Togedemaru|move: Protect
|-damage|p1a: Falinks|37/100|[from] Spiky Shield|[of] p2a: Togedemaru
|
|upkeep
|turn|14
|
|t:|1639952369
|move|p2a: Togedemaru|Spiky Shield||[still]
|-fail|p2a: Togedemaru
|move|p1a: Falinks|Close Combat|p2a: Togedemaru
|-supereffective|p2a: Togedemaru
|-damage|p2a: Togedemaru|0 fnt
|-unboost|p1a: Falinks|def|1
|-unboost|p1a: Falinks|spd|1
|faint|p2a: Togedemaru
|
|upkeep
|
|t:|1639952371
|switch|p2a: Wishiwashi|Wishiwashi, M|39/100
|-formechange|p2a: Wishiwashi|Wishiwashi-School||[from] ability: Schooling
|turn|15
|
|t:|1639952382
|move|p1a: Falinks|Close Combat|p2a: Wishiwashi
|-damage|p2a: Wishiwashi|0 fnt
|-unboost|p1a: Falinks|def|1
|-unboost|p1a: Falinks|spd|1
|faint|p2a: Wishiwashi
|
|win|kacj2
|raw|kacj2's rating: 1342 &rarr; <strong>1376</strong><br />(+34 for winning)
|raw|bababi's rating: 1657 &rarr; <strong>1623</strong><br />(-34 for losing)
|l|☆bababi
|c| False God Red|gg
|c|☆kacj2|Gg
