|j|☆CardiffCopperajahs
|j|☆shalutianwang
|t:|1639299528
|gametype|singles
|player|p1|CardiffCopperajahs|ghetsis|1338
|player|p2|shalutianwang|pokemaniac|1439
|teamsize|p1|6
|teamsize|p2|6
|gen|8
|tier|[Gen 8] PU
|rated|
|rule|Sleep Clause Mod: Limit one foe put to sleep
|rule|Species Clause: Limit one of each Pokémon
|rule|OHKO Clause: OHKO moves are banned
|rule|Evasion Moves Clause: Evasion moves are banned
|rule|Endless Battle Clause: Forcing endless battles is banned
|rule|HP Percentage Mod: HP is shown in percentages
|rule|Dynamax Clause: You cannot dynamax
|clearpoke
|poke|p1|Charizard, M|
|poke|p1|Scrafty, M|
|poke|p1|Togedemaru, F|
|poke|p1|Gigalith, M|
|poke|p1|Weezing, F|
|poke|p1|Whimsicott, F|
|poke|p2|Carracosta, M|
|poke|p2|Scrafty, F|
|poke|p2|Cinccino, M|
|poke|p2|Claydol|
|poke|p2|Galvantula, F|
|poke|p2|Froslass, F|
|teampreview
|inactive|Battle timer is ON: inactive players will automatically lose when time's up. (requested by CardiffCopperajahs)
|j| False God Red
|
|t:|1639299561
|start
|switch|p1a: Scrafty|Scrafty, M|100/100
|switch|p2a: Galvantula|Galvantula, F|100/100
|turn|1
|
|t:|1639299569
|switch|p1a: Gigalith|Gigalith, M|100/100
|-weather|Sandstorm|[from] ability: Sand Stream|[of] p1a: Gigalith
|move|p2a: Galvantula|Thunder|p1a: Gigalith
|-damage|p1a: Gigalith|76/100
|-status|p1a: Gigalith|par
|
|-weather|Sandstorm|[upkeep]
|-damage|p2a: Galvantula|94/100|[from] Sandstorm
|-heal|p1a: Gigalith|82/100 par|[from] item: Leftovers
|upkeep
|turn|2
|
|t:|1639299590
|move|p2a: Galvantula|Sticky Web|p1a: Gigalith
|-sidestart|p1: CardiffCopperajahs|move: Sticky Web
|move|p1a: Gigalith|Stealth Rock|p2a: Galvantula
|-sidestart|p2: shalutianwang|move: Stealth Rock
|
|-weather|Sandstorm|[upkeep]
|-damage|p2a: Galvantula|88/100|[from] Sandstorm
|-heal|p1a: Gigalith|88/100 par|[from] item: Leftovers
|upkeep
|turn|3
|c| False God Red|gigalith use rapid spinn
|
|t:|1639299604
|switch|p2a: 艺术就是爆炸轰|Claydol|100/100
|-damage|p2a: 艺术就是爆炸轰|94/100|[from] Stealth Rock
|switch|p1a: Togedemaru|Togedemaru, F|100/100
|-activate|p1a: Togedemaru|move: Sticky Web
|-unboost|p1a: Togedemaru|spe|1
|
|-weather|Sandstorm|[upkeep]
|upkeep
|turn|4
|
|t:|1639299612
|move|p1a: Togedemaru|U-turn|p2a: 艺术就是爆炸轰
|-supereffective|p2a: 艺术就是爆炸轰
|-damage|p2a: 艺术就是爆炸轰|49/100
|
|t:|1639299615
|switch|p1a: Scrafty|Scrafty, M|100/100|[from]move: U-turn
|-activate|p1a: Scrafty|move: Sticky Web
|-unboost|p1a: Scrafty|spe|1
|move|p2a: 艺术就是爆炸轰|Stealth Rock|p1a: Scrafty
|-sidestart|p1: CardiffCopperajahs|move: Stealth Rock
|
|-weather|Sandstorm|[upkeep]
|-damage|p1a: Scrafty|95/100|[from] Sandstorm
|-heal|p1a: Scrafty|100/100|[from] item: Leftovers
|upkeep
|turn|5
|
|t:|1639299624
|move|p2a: 艺术就是爆炸轰|Rapid Spin|p1a: Scrafty
|-damage|p1a: Scrafty|92/100
|-boost|p2a: 艺术就是爆炸轰|spe|1
|-sideend|p2: shalutianwang|Stealth Rock|[from] move: Rapid Spin|[of] p2a: 艺术就是爆炸轰
|move|p1a: Scrafty|Knock Off|p2a: 艺术就是爆炸轰
|-supereffective|p2a: 艺术就是爆炸轰
|-enditem|p2a: 艺术就是爆炸轰|Colbur Berry|[eat]
|-enditem|p2a: 艺术就是爆炸轰|Colbur Berry|[weaken]
|-damage|p2a: 艺术就是爆炸轰|15/100
|
|-weather|none
|-heal|p1a: Scrafty|98/100|[from] item: Leftovers
|upkeep
|turn|6
|
|t:|1639299633
|move|p2a: 艺术就是爆炸轰|Explosion|p1a: Scrafty
|-damage|p1a: Scrafty|54/100
|faint|p2a: 艺术就是爆炸轰
|move|p1a: Scrafty|Knock Off|p2: 艺术就是爆炸轰|[notarget]
|-fail|p1a: Scrafty
|
|-heal|p1a: Scrafty|60/100|[from] item: Leftovers
|upkeep
|
|t:|1639299651
|switch|p2a: 见谁灭谁橙冠蜥|Scrafty, F|100/100
|turn|7
|
|t:|1639299668
|switch|p1a: Weezing|Weezing, F|100/100
|-damage|p1a: Weezing|88/100|[from] Stealth Rock
|move|p2a: 见谁灭谁橙冠蜥|Dragon Dance|p2a: 见谁灭谁橙冠蜥
|-boost|p2a: 见谁灭谁橙冠蜥|atk|1
|-boost|p2a: 见谁灭谁橙冠蜥|spe|1
|
|upkeep
|turn|8
|
|t:|1639299674
|move|p2a: 见谁灭谁橙冠蜥|Knock Off|p1a: Weezing
|-damage|p1a: Weezing|36/100
|-damage|p2a: 见谁灭谁橙冠蜥|84/100|[from] item: Rocky Helmet|[of] p1a: Weezing
|-enditem|p1a: Weezing|Rocky Helmet|[from] move: Knock Off|[of] p2a: 见谁灭谁橙冠蜥
|-damage|p2a: 见谁灭谁橙冠蜥|74/100|[from] item: Life Orb
|move|p1a: Weezing|Will-O-Wisp|p2a: 见谁灭谁橙冠蜥
|-status|p2a: 见谁灭谁橙冠蜥|brn
|
|-damage|p2a: 见谁灭谁橙冠蜥|68/100 brn|[from] brn
|upkeep
|turn|9
|
|t:|1639299684
|move|p2a: 见谁灭谁橙冠蜥|Iron Head|p1a: Weezing
|-damage|p1a: Weezing|24/100
|-damage|p2a: 见谁灭谁橙冠蜥|58/100 brn|[from] item: Life Orb
|cant|p1a: Weezing|flinch
|
|-damage|p2a: 见谁灭谁橙冠蜥|52/100 brn|[from] brn
|upkeep
|turn|10
|
|t:|1639299691
|move|p2a: 见谁灭谁橙冠蜥|Knock Off|p1a: Weezing
|-damage|p1a: Weezing|7/100
|-damage|p2a: 见谁灭谁橙冠蜥|42/100 brn|[from] item: Life Orb
|move|p1a: Weezing|Pain Split|p2a: 见谁灭谁橙冠蜥
|-sethp|p2a: 见谁灭谁橙冠蜥|25/100 brn|[from] move: Pain Split|[silent]
|-sethp|p1a: Weezing|21/100|[from] move: Pain Split
|
|-damage|p2a: 见谁灭谁橙冠蜥|19/100 brn|[from] brn
|upkeep
|turn|11
|
|t:|1639299702
|move|p2a: 见谁灭谁橙冠蜥|Knock Off|p1a: Weezing
|-damage|p1a: Weezing|4/100
|-damage|p2a: 见谁灭谁橙冠蜥|9/100 brn|[from] item: Life Orb
|move|p1a: Weezing|Sludge Bomb|p2a: 见谁灭谁橙冠蜥
|-damage|p2a: 见谁灭谁橙冠蜥|0 fnt
|faint|p2a: 见谁灭谁橙冠蜥
|
|upkeep
|
|t:|1639299724
|switch|p2a: 我好美呀呀呀呀呀呀|Cinccino, M|100/100
|turn|12
|c| False God Red|people use dragon dance scrafty?
|
|t:|1639299735
|switch|p1a: Gigalith|Gigalith, M|88/100 par
|-damage|p1a: Gigalith|76/100 par|[from] Stealth Rock
|-activate|p1a: Gigalith|move: Sticky Web
|-unboost|p1a: Gigalith|spe|1
|-weather|Sandstorm|[from] ability: Sand Stream|[of] p1a: Gigalith
|move|p2a: 我好美呀呀呀呀呀呀|Bullet Seed|p1a: Gigalith
|-supereffective|p1a: Gigalith
|-damage|p1a: Gigalith|62/100 par
|-supereffective|p1a: Gigalith
|-damage|p1a: Gigalith|49/100 par
|-supereffective|p1a: Gigalith
|-damage|p1a: Gigalith|37/100 par
|-supereffective|p1a: Gigalith
|-damage|p1a: Gigalith|24/100 par
|-supereffective|p1a: Gigalith
|-damage|p1a: Gigalith|11/100 par
|-hitcount|p1a: Gigalith|5
|-damage|p2a: 我好美呀呀呀呀呀呀|91/100|[from] item: Life Orb
|
|-weather|Sandstorm|[upkeep]
|-damage|p2a: 我好美呀呀呀呀呀呀|84/100|[from] Sandstorm
|-heal|p1a: Gigalith|17/100 par|[from] item: Leftovers
|upkeep
|turn|13
|j| Kyerndo
|inactive|CardiffCopperajahs has 120 seconds left.
|
|t:|1639299792
|switch|p1a: Charizard|Charizard, M|100/100
|move|p2a: 我好美呀呀呀呀呀呀|Bullet Seed|p1a: Charizard
|-resisted|p1a: Charizard
|-damage|p1a: Charizard|97/100
|-resisted|p1a: Charizard
|-damage|p1a: Charizard|94/100
|-resisted|p1a: Charizard
|-damage|p1a: Charizard|91/100
|-resisted|p1a: Charizard
|-damage|p1a: Charizard|88/100
|-resisted|p1a: Charizard
|-damage|p1a: Charizard|85/100
|-hitcount|p1a: Charizard|5
|-damage|p2a: 我好美呀呀呀呀呀呀|74/100|[from] item: Life Orb
|
|-weather|Sandstorm|[upkeep]
|-damage|p2a: 我好美呀呀呀呀呀呀|68/100|[from] Sandstorm
|-damage|p1a: Charizard|79/100|[from] Sandstorm
|upkeep
|turn|14
|
|t:|1639299806
|move|p2a: 我好美呀呀呀呀呀呀|Tail Slap|p1a: Charizard|[miss]
|-miss|p2a: 我好美呀呀呀呀呀呀|p1a: Charizard
|move|p1a: Charizard|Defog|p2a: 我好美呀呀呀呀呀呀
|-unboost|p2a: 我好美呀呀呀呀呀呀|evasion|1
|-sideend|p1: CardiffCopperajahs|Stealth Rock|[from] move: Defog|[of] p1a: Charizard
|-sideend|p1: CardiffCopperajahs|Sticky Web|[from] move: Defog|[of] p1a: Charizard
|
|-weather|Sandstorm|[upkeep]
|-damage|p2a: 我好美呀呀呀呀呀呀|62/100|[from] Sandstorm
|-damage|p1a: Charizard|73/100|[from] Sandstorm
|upkeep
|turn|15
|
|t:|1639299817
|switch|p1a: Weezing|Weezing, F|4/100
|move|p2a: 我好美呀呀呀呀呀呀|Tail Slap|p1a: Weezing|[miss]
|-miss|p2a: 我好美呀呀呀呀呀呀|p1a: Weezing
|
|-weather|Sandstorm|[upkeep]
|-damage|p2a: 我好美呀呀呀呀呀呀|56/100|[from] Sandstorm
|-damage|p1a: Weezing|0 fnt|[from] Sandstorm
|faint|p1a: Weezing
|upkeep
|
|t:|1639299825
|switch|p1a: Scrafty|Scrafty, M|60/100
|turn|16
|
|t:|1639299836
|move|p2a: 我好美呀呀呀呀呀呀|Tail Slap|p1a: Scrafty|[miss]
|-miss|p2a: 我好美呀呀呀呀呀呀|p1a: Scrafty
|move|p1a: Scrafty|Drain Punch|p2a: 我好美呀呀呀呀呀呀
|-supereffective|p2a: 我好美呀呀呀呀呀呀
|-damage|p2a: 我好美呀呀呀呀呀呀|0 fnt
|-heal|p1a: Scrafty|84/100|[from] drain|[of] p2a: 我好美呀呀呀呀呀呀
|faint|p2a: 我好美呀呀呀呀呀呀
|
|-weather|none
|-heal|p1a: Scrafty|90/100|[from] item: Leftovers
|upkeep
|c| False God Red|poor guy
|c| False God Red|missing his slaps
|inactive|shalutianwang has 120 seconds left.
|inactive|shalutianwang has 90 seconds left.
|
|t:|1639299903
|switch|p2a: Galvantula|Galvantula, F|88/100
|turn|17
|
|t:|1639299909
|move|p2a: Galvantula|Sticky Web|p1a: Scrafty
|-sidestart|p1: CardiffCopperajahs|move: Sticky Web
|move|p1a: Scrafty|Knock Off|p2a: Galvantula
|-damage|p2a: Galvantula|35/100
|-enditem|p2a: Galvantula|Focus Sash|[from] move: Knock Off|[of] p1a: Scrafty
|
|-heal|p1a: Scrafty|96/100|[from] item: Leftovers
|upkeep
|turn|18
|inactive|shalutianwang has 90 seconds left.
|
|t:|1639299930
|move|p2a: Galvantula|Thunder|p1a: Scrafty
|-damage|p1a: Scrafty|64/100
|move|p1a: Scrafty|Knock Off|p2a: Galvantula
|-damage|p2a: Galvantula|0 fnt
|faint|p2a: Galvantula
|
|-heal|p1a: Scrafty|70/100|[from] item: Leftovers
|upkeep
|
|t:|1639299934
|switch|p2a: 你的背包 对我沉重的负担|Carracosta, M|100/100
|turn|19
|
|t:|1639299948
|move|p2a: 你的背包 对我沉重的负担|Shell Smash|p2a: 你的背包 对我沉重的负担
|-unboost|p2a: 你的背包 对我沉重的负担|def|1
|-unboost|p2a: 你的背包 对我沉重的负担|spd|1
|-boost|p2a: 你的背包 对我沉重的负担|atk|2
|-boost|p2a: 你的背包 对我沉重的负担|spa|2
|-boost|p2a: 你的背包 对我沉重的负担|spe|2
|move|p1a: Scrafty|Drain Punch|p2a: 你的背包 对我沉重的负担
|-supereffective|p2a: 你的背包 对我沉重的负担
|-damage|p2a: 你的背包 对我沉重的负担|49/100
|-heal|p1a: Scrafty|92/100|[from] drain|[of] p2a: 你的背包 对我沉重的负担
|-enditem|p2a: 你的背包 对我沉重的负担|Weakness Policy
|-boost|p2a: 你的背包 对我沉重的负担|atk|2|[from] item: Weakness Policy
|-boost|p2a: 你的背包 对我沉重的负担|spa|2|[from] item: Weakness Policy
|
|-heal|p1a: Scrafty|98/100|[from] item: Leftovers
|upkeep
|turn|20
|
|t:|1639299962
|move|p2a: 你的背包 对我沉重的负担|Waterfall|p1a: Scrafty
|-damage|p1a: Scrafty|0 fnt
|faint|p1a: Scrafty
|
|upkeep
|inactive|CardiffCopperajahs has 90 seconds left.
|
|t:|1639299981
|switch|p1a: Togedemaru|Togedemaru, F|100/100
|-activate|p1a: Togedemaru|move: Sticky Web
|-unboost|p1a: Togedemaru|spe|1
|turn|21
|
|t:|1639299987
|move|p2a: 你的背包 对我沉重的负担|Waterfall|p1a: Togedemaru
|-crit|p1a: Togedemaru
|-damage|p1a: Togedemaru|0 fnt
|faint|p1a: Togedemaru
|
|upkeep
|inactive|CardiffCopperajahs has 90 seconds left.
|c| False God Red|cant believe you fell into that obious play
|-message|CardiffCopperajahs forfeited.
|
|win|shalutianwang
|raw|CardiffCopperajahs's rating: 1338 &rarr; <strong>1324</strong><br />(-14 for losing)
|raw|shalutianwang's rating: 1450 &rarr; <strong>1464</strong><br />(+14 for winning)
|l|☆CardiffCopperajahs
|l| False God Red
