|raw|<div class="broadcast-blue"><strong>This battle is required to be public due to a player having a name starting with 'pult4c1'.</div>
|j|☆PULT4C1 Redemption
|j|☆PULT4C1 Inder
|t:|1661033053
|gametype|singles
|player|p1|PULT4C1 Redemption|fisherman-gen4|1581
|player|p2|PULT4C1 Inder|#ruplixsleekslushrushers|1674
|teamsize|p1|6
|teamsize|p2|6
|gen|8
|tier|[Gen 8] PU
|rated|
|rule|Sleep Clause Mod: Limit one foe put to sleep
|rule|Species Clause: Limit one of each Pokémon
|rule|OHKO Clause: OHKO moves are banned
|rule|Evasion Items Clause: Evasion items are banned
|rule|Evasion Moves Clause: Evasion moves are banned
|rule|Endless Battle Clause: Forcing endless battles is banned
|rule|HP Percentage Mod: HP is shown in percentages
|rule|Dynamax Clause: You cannot dynamax
|clearpoke
|poke|p1|Kabutops, M|
|poke|p1|Doublade, M|
|poke|p1|Frosmoth, F|
|poke|p1|Silvally-*|
|poke|p1|Archeops, M|
|poke|p1|Sneasel, F|
|poke|p2|Coalossal, M|
|poke|p2|Audino, F|
|poke|p2|Quagsire, M|
|poke|p2|Altaria, M|
|poke|p2|Eldegoss, F|
|poke|p2|Doublade, M|
|teampreview
|inactive|Battle timer is ON: inactive players will automatically lose when time's up. (requested by PULT4C1 Inder)
|j| PULT4C1 Carmin
|j| Louna
|
|t:|1661033073
|start
|switch|p1a: Frosmoth|Frosmoth, F|100/100
|switch|p2a: Eldegoss|Eldegoss, F|100/100
|turn|1
|j| Micciu20250
|c| Micciu20250|Inder
|
|t:|1661033078
|switch|p1a: Kabutops|Kabutops, M|100/100
|switch|p2a: Coalossal|Coalossal, M|100/100
|
|upkeep
|turn|2
|c| Micciu20250|pourquoi
|
|t:|1661033083
|switch|p2a: Eldegoss|Eldegoss, F|100/100
|move|p1a: Kabutops|Stealth Rock|p2a: Eldegoss
|-sidestart|p2: PULT4C1 Inder|move: Stealth Rock
|
|upkeep
|turn|3
|c| Louna|feur
|c| Micciu20250|tu joues
|c| Micciu20250|ça
|c|☆PULT4C1 Redemption|askip stall c'est mid
|
|t:|1661033106
|switch|p1a: Doublade|Doublade, M|100/100
|move|p2a: Eldegoss|Giga Drain|p1a: Doublade
|-resisted|p1a: Doublade
|-damage|p1a: Doublade|87/100
|
|upkeep
|turn|4
|c|☆PULT4C1 Inder|faut pas écouter
|c|☆PULT4C1 Inder|ce que disent les gens
|
|t:|1661033120
|move|p2a: Eldegoss|Leech Seed|p1a: Doublade
|-start|p1a: Doublade|move: Leech Seed
|move|p1a: Doublade|Close Combat|p2a: Eldegoss
|-damage|p2a: Eldegoss|69/100
|-unboost|p1a: Doublade|def|1
|-unboost|p1a: Doublade|spd|1
|
|-damage|p1a: Doublade|75/100|[from] Leech Seed|[of] p2a: Eldegoss
|-heal|p2a: Eldegoss|81/100|[silent]
|upkeep
|turn|5
|
|t:|1661033124
|move|p2a: Eldegoss|Giga Drain|p1a: Doublade
|-resisted|p1a: Doublade
|-damage|p1a: Doublade|52/100
|-heal|p2a: Eldegoss|92/100|[from] drain|[of] p1a: Doublade
|move|p1a: Doublade|Swords Dance|p1a: Doublade
|-boost|p1a: Doublade|atk|2
|
|-damage|p1a: Doublade|40/100|[from] Leech Seed|[of] p2a: Eldegoss
|-heal|p2a: Eldegoss|100/100|[silent]
|upkeep
|turn|6
|
|t:|1661033128
|switch|p2a: Quagsire|Quagsire, M|100/100
|-damage|p2a: Quagsire|94/100|[from] Stealth Rock
|move|p1a: Doublade|Iron Head|p2a: Quagsire
|-resisted|p2a: Quagsire
|-damage|p2a: Quagsire|81/100
|-damage|p1a: Doublade|23/100|[from] item: Rocky Helmet|[of] p2a: Quagsire
|
|-damage|p1a: Doublade|11/100|[from] Leech Seed|[of] p2a: Quagsire
|-heal|p2a: Quagsire|91/100|[silent]
|upkeep
|turn|7
|
|t:|1661033132
|switch|p1a: Kabutops|Kabutops, M|100/100
|move|p2a: Quagsire|Earthquake|p1a: Kabutops
|-supereffective|p1a: Kabutops
|-damage|p1a: Kabutops|22/100
|-ability|p1a: Kabutops|Weak Armor|boost
|-unboost|p1a: Kabutops|def|1
|-boost|p1a: Kabutops|spe|2
|
|upkeep
|turn|8
|j| Hoshibi
|
|t:|1661033150
|switch|p2a: Audino|Audino, F|100/100
|move|p1a: Kabutops|Liquidation|p2a: Audino
|-damage|p2a: Audino|64/100
|
|upkeep
|turn|9
|
|t:|1661033154
|move|p1a: Kabutops|Liquidation|p2a: Audino
|-damage|p2a: Audino|25/100
|-unboost|p2a: Audino|def|1
|move|p2a: Audino|Wish|p2a: Audino
|
|upkeep
|turn|10
|j| Boulicrok
|
|t:|1661033162
|switch|p1a: Sneasel|Sneasel, F|100/100
|switch|p2a: Quagsire|Quagsire, M|91/100
|-damage|p2a: Quagsire|85/100|[from] Stealth Rock
|
|-heal|p2a: Quagsire|100/100|[from] move: Wish|[wisher] Audino
|upkeep
|turn|11
|
|t:|1661033173
|switch|p1a: Kabutops|Kabutops, M|22/100
|move|p2a: Quagsire|Toxic|p1a: Kabutops
|-status|p1a: Kabutops|tox
|
|-damage|p1a: Kabutops|15/100 tox|[from] psn
|upkeep
|turn|12
|
|t:|1661033182
|switch|p1a: Sneasel|Sneasel, F|100/100
|move|p2a: Quagsire|Recover||[still]
|-fail|p2a: Quagsire|heal
|
|upkeep
|turn|13
|
|t:|1661033186
|switch|p1a: Kabutops|Kabutops, M|15/100 tox
|move|p2a: Quagsire|Earthquake|p1a: Kabutops
|-supereffective|p1a: Kabutops
|-damage|p1a: Kabutops|0 fnt
|faint|p1a: Kabutops
|
|upkeep
|
|t:|1661033190
|switch|p1a: Silvally|Silvally-Grass|100/100
|turn|14
|
|t:|1661033199
|switch|p1a: Sneasel|Sneasel, F|100/100
|switch|p2a: Coalossal|Coalossal, M|100/100
|
|upkeep
|turn|15
|
|t:|1661033205
|switch|p1a: Archeops|Archeops, M|100/100
|move|p2a: Coalossal|Heat Crash|p1a: Archeops
|-resisted|p1a: Archeops
|-crit|p1a: Archeops
|-damage|p1a: Archeops|57/100
|
|upkeep
|turn|16
|inactive|PULT4C1 Inder has 120 seconds left.
|
|t:|1661033240
|switch|p2a: Audino|Audino, F|58/100
|move|p1a: Archeops|Meteor Beam||[still]
|-prepare|p1a: Archeops|Meteor Beam
|-boost|p1a: Archeops|spa|1
|-enditem|p1a: Archeops|Power Herb
|-anim|p1a: Archeops|Meteor Beam|p2a: Audino|[miss]
|-miss|p1a: Archeops|p2a: Audino
|
|upkeep
|turn|17
|c|☆PULT4C1 Redemption|mais
|
|t:|1661033252
|move|p1a: Archeops|Air Slash|p2a: Audino
|-damage|p2a: Audino|23/100
|move|p2a: Audino|Knock Off|p1a: Archeops
|-damage|p1a: Archeops|41/100
|
|upkeep
|turn|18
|c| PULT4C1 Carmin|luckdercolver
|
|t:|1661033275
|switch|p2a: Quagsire|Quagsire, M|100/100
|-damage|p2a: Quagsire|94/100|[from] Stealth Rock
|move|p1a: Archeops|Air Slash|p2a: Quagsire
|-damage|p2a: Quagsire|72/100
|
|upkeep
|turn|19
|
|t:|1661033281
|move|p1a: Archeops|Air Slash|p2a: Quagsire
|-damage|p2a: Quagsire|50/100
|move|p2a: Quagsire|Toxic|p1a: Archeops
|-status|p1a: Archeops|tox
|
|-damage|p1a: Archeops|35/100 tox|[from] psn
|upkeep
|turn|20
|
|t:|1661033286
|move|p1a: Archeops|Air Slash|p2a: Quagsire
|-damage|p2a: Quagsire|28/100
|cant|p2a: Quagsire|flinch
|
|-damage|p1a: Archeops|22/100 tox|[from] psn
|upkeep
|turn|21
|
|t:|1661033290
|move|p1a: Archeops|Air Slash|p2a: Quagsire
|-damage|p2a: Quagsire|5/100
|move|p2a: Quagsire|Recover|p2a: Quagsire
|-heal|p2a: Quagsire|55/100
|
|-damage|p1a: Archeops|4/100 tox|[from] psn
|upkeep
|turn|22
|
|t:|1661033293
|move|p1a: Archeops|Air Slash|p2a: Quagsire|[miss]
|-miss|p1a: Archeops|p2a: Quagsire
|move|p2a: Quagsire|Recover|p2a: Quagsire
|-heal|p2a: Quagsire|100/100
|
|-damage|p1a: Archeops|0 fnt|[from] psn
|faint|p1a: Archeops
|upkeep
|
|t:|1661033296
|switch|p1a: Frosmoth|Frosmoth, F|100/100
|turn|23
|
|t:|1661033306
|switch|p1a: Sneasel|Sneasel, F|100/100
|switch|p2a: Coalossal|Coalossal, M|100/100
|
|upkeep
|turn|24
|
|t:|1661033313
|move|p1a: Sneasel|Knock Off|p2a: Coalossal
|-crit|p2a: Coalossal
|-damage|p2a: Coalossal|42/100
|-status|p1a: Sneasel|brn|[from] ability: Flame Body|[of] p2a: Coalossal
|-enditem|p2a: Coalossal|Heavy-Duty Boots|[from] move: Knock Off|[of] p1a: Sneasel
|-damage|p1a: Sneasel|91/100 brn|[from] item: Life Orb
|move|p2a: Coalossal|Rapid Spin|p1a: Sneasel
|-damage|p1a: Sneasel|70/100 brn
|-boost|p2a: Coalossal|spe|1
|-sideend|p2: PULT4C1 Inder|Stealth Rock|[from] move: Rapid Spin|[of] p2a: Coalossal
|
|-damage|p1a: Sneasel|64/100 brn|[from] brn
|upkeep
|turn|25
|j| LT94JE Chisato ❤
|c|☆PULT4C1 Redemption|faut jouer qd t'es off
|c|☆PULT4C1 Redemption|si j'ai capté
|c|☆PULT4C1 Redemption|dieu te surveille
|inactive|PULT4C1 Redemption has 120 seconds left.
|
|t:|1661033361
|switch|p1a: Doublade|Doublade, M|11/100
|switch|p2a: Audino|Audino, F|56/100
|
|upkeep
|turn|26
|c|☆PULT4C1 Inder|J’ai été un de tes plus fervents supporters
|inactive|PULT4C1 Inder has 120 seconds left.
|c|☆PULT4C1 Inder|aucun risque que je ne streamhack
|c|☆PULT4C1 Redemption|pas ça le pb là...
|c| PULT4C1 Carmin|crit heat crash into miss
|
|t:|1661033416
|switch|p2a: Quagsire|Quagsire, M|100/100
|move|p1a: Doublade|Close Combat|p2a: Quagsire
|-damage|p2a: Quagsire|72/100
|-unboost|p1a: Doublade|def|1
|-unboost|p1a: Doublade|spd|1
|-damage|p1a: Doublade|0 fnt|[from] item: Rocky Helmet|[of] p2a: Quagsire
|faint|p1a: Doublade
|
|upkeep
|c| PULT4C1 Carmin|comme ca le koff met en range de defeatist
|c| PULT4C1 Carmin|puis la burn
|c| PULT4C1 Carmin|ca fait beaucoup
|
|t:|1661033434
|switch|p1a: Silvally|Silvally-Grass|100/100
|turn|27
|
|t:|1661033440
|move|p1a: Silvally|Swords Dance|p1a: Silvally
|-boost|p1a: Silvally|atk|2
|move|p2a: Quagsire|Toxic|p1a: Silvally
|-status|p1a: Silvally|tox
|
|-damage|p1a: Silvally|94/100 tox|[from] psn
|upkeep
|turn|28
|inactive|PULT4C1 Inder has 120 seconds left.
|
|t:|1661033465
|switch|p2a: Audino|Audino, F|89/100
|move|p1a: Silvally|Rock Slide|p2a: Audino
|-damage|p2a: Audino|47/100
|
|-damage|p1a: Silvally|82/100 tox|[from] psn
|upkeep
|turn|29
|
|t:|1661033471
|move|p2a: Audino|Protect|p2a: Audino
|-singleturn|p2a: Audino|Protect
|move|p1a: Silvally|Multi-Attack|p2a: Audino
|-activate|p2a: Audino|move: Protect
|
|-damage|p1a: Silvally|64/100 tox|[from] psn
|upkeep
|turn|30
|
|t:|1661033479
|switch|p2a: Altaria|Altaria, M|100/100
|move|p1a: Silvally|Multi-Attack|p2a: Altaria
|-resisted|p2a: Altaria
|-damage|p2a: Altaria|82/100
|
|-damage|p1a: Silvally|40/100 tox|[from] psn
|upkeep
|turn|31
|
|t:|1661033494
|move|p1a: Silvally|Rock Slide|p2a: Altaria
|-supereffective|p2a: Altaria
|-damage|p2a: Altaria|16/100
|cant|p2a: Altaria|flinch
|
|-damage|p1a: Silvally|10/100 tox|[from] psn
|upkeep
|turn|32
|
|t:|1661033500
|move|p1a: Silvally|Multi-Attack|p2a: Altaria
|-resisted|p2a: Altaria
|-damage|p2a: Altaria|0 fnt
|faint|p2a: Altaria
|
|-damage|p1a: Silvally|0 fnt|[from] psn
|faint|p1a: Silvally
|upkeep
|inactive|PULT4C1 Inder has 120 seconds left.
|
|t:|1661033507
|switch|p1a: Sneasel|Sneasel, F|64/100 brn
|switch|p2a: Coalossal|Coalossal, M|42/100
|turn|33
|
|t:|1661033510
|move|p1a: Sneasel|Knock Off|p2a: Coalossal
|-damage|p2a: Coalossal|30/100
|-damage|p1a: Sneasel|54/100 brn|[from] item: Life Orb
|move|p2a: Coalossal|Heat Crash|p1a: Sneasel
|-supereffective|p1a: Sneasel
|-damage|p1a: Sneasel|0 fnt
|faint|p1a: Sneasel
|
|upkeep
|
|t:|1661033512
|switch|p1a: Frosmoth|Frosmoth, F|100/100
|turn|34
|
|t:|1661033514
|move|p1a: Frosmoth|Ice Beam|p2a: Coalossal
|-resisted|p2a: Coalossal
|-damage|p2a: Coalossal|16/100
|move|p2a: Coalossal|Heat Crash|p1a: Frosmoth
|-supereffective|p1a: Frosmoth
|-damage|p1a: Frosmoth|0 fnt
|faint|p1a: Frosmoth
|
|win|PULT4C1 Inder
|raw|PULT4C1 Redemption's rating: 1581 &rarr; <strong>1566</strong><br />(-15 for losing)
|raw|PULT4C1 Inder's rating: 1674 &rarr; <strong>1689</strong><br />(+15 for winning)
|l|☆PULT4C1 Redemption
|l| Micciu20250
|c|☆PULT4C1 Inder|la qualif wouuuuhoo
|j|+Tuthur
||Ladder isn't responding, score probably updated but might not have (Request timeout).
