|j|☆SGKI
|j|☆Leroiluxrayps
|t:|1651434116
|gametype|singles
|player|p1|SGKI|elaine|
|player|p2|Leroiluxrayps|jogger|
|teamsize|p1|6
|teamsize|p2|6
|gen|8
|tier|[Gen 8] PU
|rule|Sleep Clause Mod: Limit one foe put to sleep
|rule|Species Clause: Limit one of each Pokémon
|rule|OHKO Clause: OHKO moves are banned
|rule|Evasion Moves Clause: Evasion moves are banned
|rule|Endless Battle Clause: Forcing endless battles is banned
|rule|HP Percentage Mod: HP is shown in percentages
|rule|Dynamax Clause: You cannot dynamax
|clearpoke
|poke|p1|Ribombee, M|
|poke|p1|Magmortar, M|
|poke|p1|Archeops, F|
|poke|p1|Ferroseed, F|
|poke|p1|Quagsire, F|
|poke|p1|Mesprit|
|poke|p2|Crustle, F|
|poke|p2|Togedemaru, F|
|poke|p2|Charizard, F|
|poke|p2|Qwilfish, M|
|poke|p2|Runerigus, F|
|poke|p2|Eldegoss, M|
|teampreview
|c|☆Leroiluxrayps|hf!
|c|☆SGKI|hf !
|c|☆Leroiluxrayps|jte laisse link ?
|c|☆SGKI|C'est fait
|j| HaxxSel♔
|j| GrosTeh
|j| Allo hi hola
|j| Neco0s
|j| Sir sans honneur
|j| Romain45
|j| DLTCT Neph
|l| GrosTeh
|c| Allo hi hola|Lesgo shoge!
|j| Squash
|l| DLTCT Neph
|j| UFG DX
|c| Squash|go shoge
|j| formido
|j| rom1x
|c| Squash|pour notre premier 5-6
|j| MS3D
|n| Shoge qui sucks|sirsanshonneur
|j| Celestin34
|j| vhkv
|j| Kssr
|j| Masskeauuu
|l| Squash
|j| JadisQueenOfNarnia
|
|t:|1651434212
|start
|switch|p1a: Ferroseed|Ferroseed, F|100/100
|switch|p2a: Crustle|Crustle, F|100/100
|turn|1
|j| Flex OKLM
|c| Shoge qui sucks|Go shoge
|j| zS
|j| Sharow 水上
|j| Menacce17
|j| congelateur-sama
|j| AzZoCcX
|
|t:|1651434235
|switch|p2a: Runerigus|Runerigus, F|100/100
|move|p1a: Ferroseed|Gyro Ball|p2a: Runerigus
|-damage|p2a: Runerigus|83/100
|-activate|p2a: Runerigus|ability: Wandering Spirit|Iron Barbs|Wandering Spirit|[of] p1a: Ferroseed
|
|upkeep
|turn|2
|j| Le Clicker Fou
|j| Cherbou
|j| Fekir
|j| Quarante8
|j|%ironwater
|l| zS
|
|t:|1651434277
|switch|p1a: Quagsire|Quagsire, F|100/100
|move|p2a: Runerigus|Poltergeist|p1a: Quagsire
|-activate|p1a: Quagsire|move: Poltergeist|Heavy-Duty Boots
|-damage|p1a: Quagsire|65/100
|
|upkeep
|turn|3
|l| Menacce17
|l| rom1x
|j| zS
|
|t:|1651434308
|move|p1a: Quagsire|Recover|p1a: Quagsire
|-heal|p1a: Quagsire|100/100
|move|p2a: Runerigus|Stealth Rock|p1a: Quagsire
|-sidestart|p1: SGKI|move: Stealth Rock
|
|upkeep
|turn|4
|l| Shoge qui sucks
|
|t:|1651434320
|switch|p2a: Eldegoss|Eldegoss, M|100/100
|move|p1a: Quagsire|Toxic|p2a: Eldegoss
|-status|p2a: Eldegoss|tox
|
|-damage|p2a: Eldegoss|94/100 tox|[from] psn
|upkeep
|turn|5
|j| rom1x
|j| Elyoss
|
|t:|1651434346
|switch|p2a: Charizard|Charizard, F|100/100
|switch|p1a: Ferroseed|Ferroseed, F|100/100
|-damage|p1a: Ferroseed|94/100|[from] Stealth Rock
|
|upkeep
|turn|6
|l| zS
|j| Alkione
|j| PokemonCestDur
|
|t:|1651434361
|switch|p2a: Crustle|Crustle, F|100/100
|switch|p1a: Archeops|Archeops, F|100/100
|
|upkeep
|turn|7
|j| UU12M haxxlr8
|l| UFG DX
|j| zS
|l| UU12M haxxlr8
|j|+Brumirage
|l|+Brumirage
|j| AlbtraumUndNass
|
|t:|1651434420
|switch|p1a: Ferroseed|Ferroseed, F|94/100
|-damage|p1a: Ferroseed|88/100|[from] Stealth Rock
|move|p2a: Crustle|Stone Edge|p1a: Ferroseed
|-resisted|p1a: Ferroseed
|-damage|p1a: Ferroseed|66/100
|
|upkeep
|turn|8
|j| Xeltal
|l| zS
|j| Spoire 45
|
|t:|1651434438
|switch|p2a: Runerigus|Runerigus, F|83/100
|move|p1a: Ferroseed|Knock Off|p2a: Runerigus
|-supereffective|p2a: Runerigus
|-damage|p2a: Runerigus|64/100
|-activate|p2a: Runerigus|ability: Wandering Spirit|Iron Barbs|Wandering Spirit|[of] p1a: Ferroseed
|-enditem|p2a: Runerigus|Custap Berry|[from] move: Knock Off|[of] p1a: Ferroseed
|
|upkeep
|turn|9
|j| S-Arcobaleno
|l| Allo hi hola
|
|t:|1651434461
|switch|p1a: Quagsire|Quagsire, F|100/100
|move|p2a: Runerigus|Poltergeist|p1a: Quagsire
|-activate|p1a: Quagsire|move: Poltergeist|Heavy-Duty Boots
|-damage|p1a: Quagsire|62/100
|
|upkeep
|turn|10
|j| blajijoso
|j| zS
|
|t:|1651434484
|switch|p2a: Qwilfish|Qwilfish, M|100/100
|-ability|p2a: Qwilfish|Intimidate|boost
|-unboost|p1a: Quagsire|atk|1
|move|p1a: Quagsire|Recover|p1a: Quagsire
|-heal|p1a: Quagsire|100/100
|
|upkeep
|turn|11
|j| Allo hi hola
|
|t:|1651434539
|move|p2a: Qwilfish|Toxic|p1a: Quagsire
|-status|p1a: Quagsire|tox
|move|p1a: Quagsire|Curse|p1a: Quagsire
|-unboost|p1a: Quagsire|spe|1
|-boost|p1a: Quagsire|atk|1
|-boost|p1a: Quagsire|def|1
|
|-damage|p1a: Quagsire|94/100 tox|[from] psn
|upkeep
|turn|12
|l| zS
|l| rom1x
|l| PokemonCestDur
|j| Skyrio
|j| The last dice game
|
|t:|1651434598
|switch|p1a: Ferroseed|Ferroseed, F|66/100
|-damage|p1a: Ferroseed|59/100|[from] Stealth Rock
|move|p2a: Qwilfish|Spikes|p1a: Ferroseed
|-sidestart|p1: SGKI|Spikes
|
|upkeep
|turn|13
|j| rom1x
|
|t:|1651434606
|move|p2a: Qwilfish|Taunt|p1a: Ferroseed
|-start|p1a: Ferroseed|move: Taunt
|cant|p1a: Ferroseed|move: Taunt|Stealth Rock
|
|upkeep
|turn|14
|j| Grimji
|j| cielau origine ♫
|j| Staroc22
|l| rom1x
|l| Grimji
|
|t:|1651434649
|switch|p1a: Mesprit|Mesprit|100/100
|-damage|p1a: Mesprit|88/100|[from] Stealth Rock
|move|p2a: Qwilfish|Scald|p1a: Mesprit
|-damage|p1a: Mesprit|70/100
|
|upkeep
|turn|15
|j| Grimji
|j| rom1x
|j| Menacce17
|l| The last dice game
|
|t:|1651434705
|switch|p1a: Magmortar|Magmortar, M|100/100
|switch|p2a: Togedemaru|Togedemaru, F|100/100
|
|upkeep
|turn|16
|l| rom1x
|j| Herv / Vegeto
|l| Herv / Vegeto
|
|t:|1651434740
|move|p2a: Togedemaru|Zing Zap|p1a: Magmortar
|-damage|p1a: Magmortar|46/100
|move|p1a: Magmortar|Scorching Sands|p2a: Togedemaru
|-supereffective|p2a: Togedemaru
|-damage|p2a: Togedemaru|0 fnt
|faint|p2a: Togedemaru
|
|upkeep
|l| cielau origine ♫
|j| cielau origine ♫
|j| rom1x
|l| HaxxSel♔
|j| Dieu Amphibien
|l| rom1x
|
|t:|1651434802
|switch|p2a: Charizard|Charizard, F|100/100
|turn|17
|j| Darky~Samaa'
|j| rom1x
|j| Squash
|
|t:|1651434826
|switch|p2a: Runerigus|Runerigus, F|64/100
|switch|p1a: Archeops|Archeops, F|100/100
|
|upkeep
|turn|18
|
|t:|1651434838
|move|p1a: Archeops|U-turn|p2a: Runerigus
|-resisted|p2a: Runerigus
|-damage|p2a: Runerigus|54/100
|-activate|p2a: Runerigus|ability: Wandering Spirit|Defeatist|Wandering Spirit|[of] p1a: Archeops
|l| Kssr
|
|t:|1651434860
|switch|p1a: Quagsire|Quagsire, F|94/100 tox|[from]move: U-turn
|move|p2a: Runerigus|Poltergeist|p1a: Quagsire
|-activate|p1a: Quagsire|move: Poltergeist|Heavy-Duty Boots
|-damage|p1a: Quagsire|60/100 tox
|
|-damage|p1a: Quagsire|54/100 tox|[from] psn
|upkeep
|turn|19
|l| formido
|j| Mimilucha
|l|%ironwater
|l| Spoire 45
|
|t:|1651434895
|move|p1a: Quagsire|Recover|p1a: Quagsire
|-heal|p1a: Quagsire|100/100 tox
|move|p2a: Runerigus|Poltergeist|p1a: Quagsire|[miss]
|-miss|p2a: Runerigus|p1a: Quagsire
|
|-damage|p1a: Quagsire|88/100 tox|[from] psn
|upkeep
|turn|20
|l| Squash
|c| Staroc22|Quag ce pokemon du diable
|l| JadisQueenOfNarnia
|j| Shoge qui sucks
|l| Allo hi hola
|c| rom1x|C'est très bien quag comme Poké
|
|t:|1651434972
|move|p1a: Quagsire|Waterfall|p2a: Runerigus
|-supereffective|p2a: Runerigus
|-damage|p2a: Runerigus|15/100
|move|p2a: Runerigus|Poltergeist|p1a: Quagsire
|-activate|p1a: Quagsire|move: Poltergeist|Heavy-Duty Boots
|-damage|p1a: Quagsire|71/100 tox
|
|-damage|p1a: Quagsire|53/100 tox|[from] psn
|upkeep
|turn|21
|j| formido
|
|t:|1651435015
|move|p1a: Quagsire|Waterfall|p2a: Runerigus
|-supereffective|p2a: Runerigus
|-damage|p2a: Runerigus|0 fnt
|faint|p2a: Runerigus
|
|-damage|p1a: Quagsire|29/100 tox|[from] psn
|upkeep
|l| rom1x
|j|%ironwater
|
|t:|1651435029
|switch|p2a: Crustle|Crustle, F|100/100
|turn|22
|
|t:|1651435054
|move|p2a: Crustle|Solar Blade||[still]
|-prepare|p2a: Crustle|Solar Blade
|-enditem|p2a: Crustle|Power Herb
|-anim|p2a: Crustle|Solar Blade|p1a: Quagsire
|-supereffective|p1a: Quagsire
|-damage|p1a: Quagsire|0 fnt
|faint|p1a: Quagsire
|
|upkeep
|j| Carmin06
|
|t:|1651435096
|switch|p1a: Mesprit|Mesprit|70/100
|-damage|p1a: Mesprit|58/100|[from] Stealth Rock
|turn|23
|l| Cherbou
|l| Shoge qui sucks
|j| Squash
|
|t:|1651435149
|switch|p2a: Eldegoss|Eldegoss, M|94/100 tox
|move|p1a: Mesprit|U-turn|p2a: Eldegoss
|-supereffective|p2a: Eldegoss
|-damage|p2a: Eldegoss|58/100 tox
|-ability|p2a: Eldegoss|Cotton Down
|-unboost|p1a: Mesprit|spe|1
|c| Squash|cotton down??
|j|+kino
|c| Squash|op
|
|t:|1651435186
|switch|p1a: Archeops|Archeops, F|100/100|[from]move: U-turn
|
|-heal|p2a: Eldegoss|64/100 tox|[from] item: Leftovers
|-damage|p2a: Eldegoss|58/100 tox|[from] psn
|upkeep
|turn|24
|
|t:|1651435189
|move|p1a: Archeops|U-turn|p2a: Eldegoss
|-supereffective|p2a: Eldegoss
|-damage|p2a: Eldegoss|0 fnt
|-ability|p2a: Eldegoss|Cotton Down
|-unboost|p1a: Archeops|spe|1
|faint|p2a: Eldegoss
|
|t:|1651435206
|switch|p1a: Mesprit|Mesprit|58/100|[from]move: U-turn
|-damage|p1a: Mesprit|46/100|[from] Stealth Rock
|
|upkeep
|
|t:|1651435211
|switch|p2a: Crustle|Crustle, F|100/100
|turn|25
|j| Moutemoute
|c|+kino|c toi op Squash c toi
|l| Moutemoute
|c| Squash|<3
|c| Squash|toi aussi t op laeviners
|j| Spoire 45
|
|t:|1651435254
|move|p1a: Mesprit|U-turn|p2a: Crustle
|-damage|p2a: Crustle|87/100
|
|t:|1651435262
|switch|p1a: Ribombee|Ribombee, M|100/100|[from]move: U-turn
|move|p2a: Crustle|Stone Edge|p1a: Ribombee
|-supereffective|p1a: Ribombee
|-damage|p1a: Ribombee|0 fnt
|faint|p1a: Ribombee
|
|upkeep
|j| rom1x
|
|t:|1651435294
|switch|p1a: Magmortar|Magmortar, M|46/100
|turn|26
|
|t:|1651435313
|move|p1a: Magmortar|Thunderbolt|p2a: Crustle
|-damage|p2a: Crustle|32/100
|move|p2a: Crustle|Shell Smash|p2a: Crustle
|-unboost|p2a: Crustle|def|1
|-unboost|p2a: Crustle|spd|1
|-boost|p2a: Crustle|atk|2
|-boost|p2a: Crustle|spa|2
|-boost|p2a: Crustle|spe|2
|
|upkeep
|turn|27
|
|t:|1651435326
|move|p2a: Crustle|Earthquake|p1a: Magmortar
|-supereffective|p1a: Magmortar
|-crit|p1a: Magmortar
|-damage|p1a: Magmortar|0 fnt
|faint|p1a: Magmortar
|
|upkeep
|
|t:|1651435336
|switch|p1a: Mesprit|Mesprit|46/100
|-damage|p1a: Mesprit|33/100|[from] Stealth Rock
|turn|28
|
|t:|1651435342
|move|p1a: Mesprit|Psychic|p2a: Crustle
|-damage|p2a: Crustle|0 fnt
|faint|p2a: Crustle
|
|upkeep
|
|t:|1651435356
|switch|p2a: Charizard|Charizard, F|100/100
|turn|29
|
|t:|1651435377
|switch|p1a: Ferroseed|Ferroseed, F|59/100
|-damage|p1a: Ferroseed|47/100|[from] Spikes
|-damage|p1a: Ferroseed|41/100|[from] Stealth Rock
|move|p2a: Charizard|Flame Charge|p1a: Ferroseed
|-supereffective|p1a: Ferroseed
|-damage|p1a: Ferroseed|0 fnt
|-boost|p2a: Charizard|spe|1
|-damage|p2a: Charizard|88/100|[from] ability: Iron Barbs|[of] p1a: Ferroseed
|faint|p1a: Ferroseed
|
|upkeep
|
|t:|1651435389
|switch|p1a: Archeops|Archeops, F|100/100
|turn|30
|c| Squash|ha
|
|t:|1651435393
|switch|p2a: Qwilfish|Qwilfish, M|100/100
|-ability|p2a: Qwilfish|Intimidate|boost
|-unboost|p1a: Archeops|atk|1
|move|p1a: Archeops|Stone Edge|p2a: Qwilfish|[miss]
|-miss|p1a: Archeops|p2a: Qwilfish
|
|upkeep
|turn|31
|c| Squash|him
|j| Mao112
|l| rom1x
|
|t:|1651435430
|move|p1a: Archeops|Earthquake|p2a: Qwilfish
|-supereffective|p2a: Qwilfish
|-damage|p2a: Qwilfish|56/100
|move|p2a: Qwilfish|Scald|p1a: Archeops
|-supereffective|p1a: Archeops
|-damage|p1a: Archeops|46/100
|
|-heal|p2a: Qwilfish|62/100|[from] item: Black Sludge
|upkeep
|turn|32
|l| Staroc22
|j| rom1x
|
|t:|1651435476
|move|p1a: Archeops|Roost|p1a: Archeops
|-heal|p1a: Archeops|96/100
|-singleturn|p1a: Archeops|move: Roost
|move|p2a: Qwilfish|Scald|p1a: Archeops
|-supereffective|p1a: Archeops
|-damage|p1a: Archeops|43/100
|-status|p1a: Archeops|brn
|
|-heal|p2a: Qwilfish|68/100|[from] item: Black Sludge
|-damage|p1a: Archeops|37/100 brn|[from] brn
|upkeep
|turn|33
|l| Dieu Amphibien
|
|t:|1651435492
|move|p1a: Archeops|Earthquake|p2a: Qwilfish
|-supereffective|p2a: Qwilfish
|-damage|p2a: Qwilfish|57/100
|move|p2a: Qwilfish|Scald|p1a: Archeops
|-supereffective|p1a: Archeops
|-damage|p1a: Archeops|0 fnt
|faint|p1a: Archeops
|
|-heal|p2a: Qwilfish|63/100|[from] item: Black Sludge
|upkeep
|
|t:|1651435497
|switch|p1a: Mesprit|Mesprit|33/100
|-damage|p1a: Mesprit|21/100|[from] Stealth Rock
|turn|34
|
|t:|1651435504
|move|p1a: Mesprit|Psychic|p2a: Qwilfish
|-supereffective|p2a: Qwilfish
|-damage|p2a: Qwilfish|0 fnt
|faint|p2a: Qwilfish
|
|upkeep
|
|t:|1651435519
|switch|p2a: Charizard|Charizard, F|88/100
|turn|35
|
|t:|1651435523
|move|p1a: Mesprit|Psychic|p2a: Charizard
|-damage|p2a: Charizard|33/100
|move|p2a: Charizard|Flame Charge|p1a: Mesprit
|-damage|p1a: Mesprit|0 fnt
|-boost|p2a: Charizard|spe|1
|faint|p1a: Mesprit
|
|win|Leroiluxrayps
|l| rom1x
|l| Fekir
|l| Carmin06
|c|☆SGKI|gg
|c|☆Leroiluxrayps|gg
|l| Sharow 水上
|l| Squash
|l| Spoire 45
|l| Alkione
|l| cielau origine ♫
|l| formido
|l| Skyrio
|j| Kssr
|j| Micciu20250
|l| Kssr
|l| Darky~Samaa'
|l|+kino
|l| Micciu20250
|l| Quarante8
|l| Grimji
|l| Masskeauuu
|l| Xeltal
|l|%ironwater
|l| Mao112
|l| Celestin34
|l| Flex OKLM
|l| Elyoss
|l| Romain45
|j| JadisQueenOfNarnia
|l|☆SGKI
|l| Menacce17
|l| S-Arcobaleno
|l| vhkv
|j| S-Arcobaleno
|j| HaxxSel♔
