|j|☆bathtubhippo
|j|☆Haffling
|t:|1649624550
|gametype|singles
|player|p1|bathtubhippo|pryce|1618
|player|p2|Haffling|cyrus|1663
|teamsize|p1|6
|teamsize|p2|6
|gen|8
|tier|[Gen 8] PU
|rated|
|rule|Sleep Clause Mod: Limit one foe put to sleep
|rule|Species Clause: Limit one of each Pokémon
|rule|OHKO Clause: OHKO moves are banned
|rule|Evasion Moves Clause: Evasion moves are banned
|rule|Endless Battle Clause: Forcing endless battles is banned
|rule|HP Percentage Mod: HP is shown in percentages
|rule|Dynamax Clause: You cannot dynamax
|clearpoke
|poke|p1|Froslass, F|
|poke|p1|Regirock|
|poke|p1|Togedemaru, F|
|poke|p1|Weezing, M|
|poke|p1|Gallade, M|
|poke|p1|Eldegoss, F|
|poke|p2|Arctovish|
|poke|p2|Weezing, M|
|poke|p2|Eldegoss, F|
|poke|p2|Scrafty, F|
|poke|p2|Gigalith, M|
|poke|p2|Mesprit|
|teampreview
|inactive|Battle timer is ON: inactive players will automatically lose when time's up. (requested by bathtubhippo)
|
|t:|1649624564
|start
|switch|p1a: Gallade|Gallade, M|100/100
|switch|p2a: Scrafty|Scrafty, F|100/100
|turn|1
|
|t:|1649624569
|switch|p2a: Weezing|Weezing, M|100/100
|-ability|p2a: Weezing|Neutralizing Gas
|move|p1a: Gallade|Close Combat|p2a: Weezing
|-resisted|p2a: Weezing
|-damage|p2a: Weezing|80/100
|-unboost|p1a: Gallade|def|1
|-unboost|p1a: Gallade|spd|1
|
|-heal|p2a: Weezing|86/100|[from] item: Black Sludge
|upkeep
|turn|2
|
|t:|1649624576
|switch|p1a: Regirock|Regirock|100/100
|move|p2a: Weezing|Sludge Bomb|p1a: Regirock
|-resisted|p1a: Regirock
|-damage|p1a: Regirock|91/100
|
|-heal|p2a: Weezing|92/100|[from] item: Black Sludge
|-heal|p1a: Regirock|97/100|[from] item: Leftovers
|upkeep
|turn|3
|
|t:|1649624580
|move|p2a: Weezing|Toxic Spikes|p1a: Regirock
|-sidestart|p1: bathtubhippo|move: Toxic Spikes
|move|p1a: Regirock|Stealth Rock|p2a: Weezing
|-sidestart|p2: Haffling|move: Stealth Rock
|
|-heal|p2a: Weezing|98/100|[from] item: Black Sludge
|-heal|p1a: Regirock|100/100|[from] item: Leftovers
|upkeep
|turn|4
|
|t:|1649624584
|-end|p2a: Weezing|ability: Neutralizing Gas
|switch|p2a: Eldegoss|Eldegoss, F|100/100
|move|p1a: Regirock|Thunder Wave|p2a: Eldegoss
|-status|p2a: Eldegoss|par
|
|upkeep
|turn|5
|
|t:|1649624592
|switch|p1a: Weezing|Weezing, M|100/100
|move|p2a: Eldegoss|Aromatherapy|p2a: Eldegoss
|-activate|p2a: Eldegoss|move: Aromatherapy
|-curestatus|p2a: Eldegoss|par|[msg]
|
|upkeep
|turn|6
|
|t:|1649624596
|move|p1a: Weezing|Toxic Spikes|p2a: Eldegoss
|-sidestart|p2: Haffling|move: Toxic Spikes
|move|p2a: Eldegoss|Rapid Spin|p1a: Weezing
|-damage|p1a: Weezing|96/100
|-boost|p2a: Eldegoss|spe|1
|-damage|p2a: Eldegoss|84/100|[from] item: Rocky Helmet|[of] p1a: Weezing
|-sideend|p2: Haffling|Toxic Spikes|[from] move: Rapid Spin|[of] p2a: Eldegoss
|-sideend|p2: Haffling|Stealth Rock|[from] move: Rapid Spin|[of] p2a: Eldegoss
|
|upkeep
|turn|7
|
|t:|1649624605
|switch|p2a: Mesprit|Mesprit|100/100
|move|p1a: Weezing|Toxic Spikes|p2a: Mesprit
|-sidestart|p2: Haffling|move: Toxic Spikes
|
|upkeep
|turn|8
|
|t:|1649624610
|switch|p1a: Togedemaru|Togedemaru, F|100/100
|move|p2a: Mesprit|Psychic|p1a: Togedemaru
|-resisted|p1a: Togedemaru
|-damage|p1a: Togedemaru|83/100
|
|-heal|p1a: Togedemaru|89/100|[from] item: Leftovers
|upkeep
|turn|9
|
|t:|1649624614
|switch|p2a: Weezing|Weezing, M|98/100
|-ability|p2a: Weezing|Neutralizing Gas
|-sideend|p2: Haffling|move: Toxic Spikes|[of] p2a: Weezing
|move|p1a: Togedemaru|U-turn|p2a: Weezing
|-resisted|p2a: Weezing
|-damage|p2a: Weezing|93/100
|
|t:|1649624625
|switch|p1a: Eldegoss|Eldegoss, F|100/100|[from]move: U-turn
|
|-heal|p2a: Weezing|99/100|[from] item: Black Sludge
|upkeep
|turn|10
|
|t:|1649624633
|-end|p2a: Weezing|ability: Neutralizing Gas
|switch|p2a: Mesprit|Mesprit|100/100
|move|p1a: Eldegoss|Leech Seed|p2a: Mesprit
|-start|p2a: Mesprit|move: Leech Seed
|
|-damage|p2a: Mesprit|88/100|[from] Leech Seed|[of] p1a: Eldegoss
|upkeep
|turn|11
|
|t:|1649624636
|move|p2a: Mesprit|U-turn|p1a: Eldegoss
|-supereffective|p1a: Eldegoss
|-damage|p1a: Eldegoss|67/100
|
|t:|1649624640
|switch|p2a: Weezing|Weezing, M|99/100|[from]move: U-turn
|-ability|p2a: Weezing|Neutralizing Gas
|move|p1a: Eldegoss|Rapid Spin|p2a: Weezing
|-damage|p2a: Weezing|95/100
|-boost|p1a: Eldegoss|spe|1
|-sideend|p1: bathtubhippo|Toxic Spikes|[from] move: Rapid Spin|[of] p1a: Eldegoss
|
|-heal|p2a: Weezing|100/100|[from] item: Black Sludge
|upkeep
|turn|12
|
|t:|1649624643
|move|p1a: Eldegoss|Leech Seed|p2a: Weezing
|-start|p2a: Weezing|move: Leech Seed
|move|p2a: Weezing|Toxic Spikes|p1a: Eldegoss
|-sidestart|p1: bathtubhippo|move: Toxic Spikes
|
|-damage|p2a: Weezing|88/100|[from] Leech Seed|[of] p1a: Eldegoss
|-heal|p1a: Eldegoss|80/100|[silent]
|upkeep
|turn|13
|
|t:|1649624648
|-end|p2a: Weezing|ability: Neutralizing Gas
|switch|p2a: Scrafty|Scrafty, F|100/100
|move|p1a: Eldegoss|Rapid Spin|p2a: Scrafty
|-damage|p2a: Scrafty|95/100
|-boost|p1a: Eldegoss|spe|1
|-sideend|p1: bathtubhippo|Toxic Spikes|[from] move: Rapid Spin|[of] p1a: Eldegoss
|
|-heal|p2a: Scrafty|100/100|[from] item: Leftovers
|upkeep
|turn|14
|
|t:|1649624657
|switch|p1a: Weezing|Weezing, M|96/100
|move|p2a: Scrafty|Knock Off|p1a: Weezing
|-damage|p1a: Weezing|74/100
|-damage|p2a: Scrafty|84/100|[from] item: Rocky Helmet|[of] p1a: Weezing
|-enditem|p1a: Weezing|Rocky Helmet|[from] move: Knock Off|[of] p2a: Scrafty
|
|-heal|p2a: Scrafty|90/100|[from] item: Leftovers
|upkeep
|turn|15
|
|t:|1649624661
|switch|p2a: Weezing|Weezing, M|88/100
|-ability|p2a: Weezing|Neutralizing Gas
|move|p1a: Weezing|Sludge Bomb|p2a: Weezing
|-resisted|p2a: Weezing
|-damage|p2a: Weezing|70/100
|
|-heal|p2a: Weezing|76/100|[from] item: Black Sludge
|upkeep
|turn|16
|
|t:|1649624665
|move|p1a: Weezing|Flamethrower|p2a: Weezing
|-damage|p2a: Weezing|50/100
|move|p2a: Weezing|Toxic Spikes|p1a: Weezing
|-sidestart|p1: bathtubhippo|move: Toxic Spikes
|
|-heal|p2a: Weezing|56/100|[from] item: Black Sludge
|upkeep
|turn|17
|
|t:|1649624670
|move|p1a: Weezing|Sludge Bomb|p2a: Weezing
|-resisted|p2a: Weezing
|-damage|p2a: Weezing|37/100
|move|p2a: Weezing|Pain Split|p1a: Weezing
|-sethp|p1a: Weezing|55/100|[from] move: Pain Split|[silent]
|-sethp|p2a: Weezing|55/100|[from] move: Pain Split
|
|-heal|p2a: Weezing|61/100|[from] item: Black Sludge
|upkeep
|turn|18
|
|t:|1649624679
|-end|p2a: Weezing|ability: Neutralizing Gas
|switch|p2a: Arctovish|Arctovish|100/100
|move|p1a: Weezing|Toxic Spikes|p2a: Arctovish
|-sidestart|p2: Haffling|move: Toxic Spikes
|
|upkeep
|turn|19
|
|t:|1649624686
|switch|p1a: Eldegoss|Eldegoss, F|100/100
|move|p2a: Arctovish|Fishious Rend|p1a: Eldegoss
|-resisted|p1a: Eldegoss
|-damage|p1a: Eldegoss|39/100
|
|upkeep
|turn|20
|j| cafay sukray
|
|t:|1649624696
|switch|p1a: Weezing|Weezing, M|55/100
|move|p2a: Arctovish|Fishious Rend|p1a: Weezing
|-damage|p1a: Weezing|0 fnt
|faint|p1a: Weezing
|
|upkeep
|
|t:|1649624700
|switch|p1a: Gallade|Gallade, M|100/100
|-status|p1a: Gallade|psn
|turn|21
|
|t:|1649624706
|switch|p2a: Weezing|Weezing, M|61/100
|-ability|p2a: Weezing|Neutralizing Gas
|-sideend|p2: Haffling|move: Toxic Spikes|[of] p2a: Weezing
|move|p1a: Gallade|Close Combat|p2a: Weezing
|-resisted|p2a: Weezing
|-damage|p2a: Weezing|43/100
|-unboost|p1a: Gallade|def|1
|-unboost|p1a: Gallade|spd|1
|
|-heal|p2a: Weezing|49/100|[from] item: Black Sludge
|-damage|p1a: Gallade|88/100 psn|[from] psn
|upkeep
|turn|22
|
|t:|1649624716
|switch|p1a: Eldegoss|Eldegoss, F|72/100
|move|p2a: Weezing|Flamethrower|p1a: Eldegoss
|-supereffective|p1a: Eldegoss
|-damage|p1a: Eldegoss|48/100
|
|-heal|p2a: Weezing|55/100|[from] item: Black Sludge
|upkeep
|turn|23
|
|t:|1649624721
|move|p2a: Weezing|Sludge Bomb|p1a: Eldegoss
|-supereffective|p1a: Eldegoss
|-damage|p1a: Eldegoss|15/100
|move|p1a: Eldegoss|Rapid Spin|p2a: Weezing
|-damage|p2a: Weezing|51/100
|-boost|p1a: Eldegoss|spe|1
|-sideend|p1: bathtubhippo|Toxic Spikes|[from] move: Rapid Spin|[of] p1a: Eldegoss
|
|-heal|p2a: Weezing|57/100|[from] item: Black Sludge
|upkeep
|turn|24
|
|t:|1649624729
|switch|p1a: Regirock|Regirock|100/100
|move|p2a: Weezing|Flamethrower|p1a: Regirock
|-resisted|p1a: Regirock
|-damage|p1a: Regirock|94/100
|
|-heal|p2a: Weezing|63/100|[from] item: Black Sludge
|-heal|p1a: Regirock|99/100|[from] item: Leftovers
|upkeep
|turn|25
|
|t:|1649624733
|move|p2a: Weezing|Toxic Spikes|p1a: Regirock
|-sidestart|p1: bathtubhippo|move: Toxic Spikes
|move|p1a: Regirock|Stealth Rock|p2a: Weezing
|-sidestart|p2: Haffling|move: Stealth Rock
|
|-heal|p2a: Weezing|69/100|[from] item: Black Sludge
|-heal|p1a: Regirock|100/100|[from] item: Leftovers
|upkeep
|turn|26
|
|t:|1649624741
|-end|p2a: Weezing|ability: Neutralizing Gas
|switch|p2a: Eldegoss|Eldegoss, F|100/100
|move|p1a: Regirock|Rock Blast|p2a: Eldegoss
|-damage|p2a: Eldegoss|93/100
|-damage|p2a: Eldegoss|86/100
|-damage|p2a: Eldegoss|79/100
|-damage|p2a: Eldegoss|71/100
|-damage|p2a: Eldegoss|64/100
|-hitcount|p2a: Eldegoss|5
|
|upkeep
|turn|27
|
|t:|1649624754
|switch|p1a: Gallade|Gallade, M|88/100 psn
|move|p2a: Eldegoss|Giga Drain|p1a: Gallade
|-damage|p1a: Gallade|64/100 psn
|-heal|p2a: Eldegoss|74/100|[from] drain|[of] p1a: Gallade
|
|-damage|p1a: Gallade|52/100 psn|[from] psn
|upkeep
|turn|28
|
|t:|1649624760
|switch|p2a: Mesprit|Mesprit|88/100
|-damage|p2a: Mesprit|76/100|[from] Stealth Rock
|move|p1a: Gallade|Knock Off|p2a: Mesprit
|-supereffective|p2a: Mesprit
|-enditem|p2a: Mesprit|Colbur Berry|[eat]
|-enditem|p2a: Mesprit|Colbur Berry|[weaken]
|-damage|p2a: Mesprit|37/100
|
|-damage|p1a: Gallade|39/100 psn|[from] psn
|upkeep
|turn|29
|
|t:|1649624767
|switch|p2a: Scrafty|Scrafty, F|90/100
|-damage|p2a: Scrafty|84/100|[from] Stealth Rock
|move|p1a: Gallade|Knock Off|p2a: Scrafty
|-resisted|p2a: Scrafty
|-damage|p2a: Scrafty|77/100
|-enditem|p2a: Scrafty|Leftovers|[from] move: Knock Off|[of] p1a: Gallade
|
|-damage|p1a: Gallade|27/100 psn|[from] psn
|upkeep
|turn|30
|
|t:|1649624776
|switch|p1a: Regirock|Regirock|100/100
|-status|p1a: Regirock|psn
|move|p2a: Scrafty|Knock Off|p1a: Regirock
|-damage|p1a: Regirock|86/100 psn
|-enditem|p1a: Regirock|Leftovers|[from] move: Knock Off|[of] p2a: Scrafty
|
|-damage|p1a: Regirock|73/100 psn|[from] psn
|upkeep
|turn|31
|
|t:|1649624782
|switch|p2a: Eldegoss|Eldegoss, F|100/100
|move|p1a: Regirock|Body Press|p2a: Eldegoss
|-damage|p2a: Eldegoss|74/100
|
|-damage|p1a: Regirock|61/100 psn|[from] psn
|upkeep
|turn|32
|
|t:|1649624787
|switch|p1a: Eldegoss|Eldegoss, F|15/100
|move|p2a: Eldegoss|Rapid Spin|p1a: Eldegoss
|-damage|p1a: Eldegoss|8/100
|-boost|p2a: Eldegoss|spe|1
|-sideend|p2: Haffling|Stealth Rock|[from] move: Rapid Spin|[of] p2a: Eldegoss
|
|upkeep
|turn|33
|
|t:|1649624792
|switch|p2a: Weezing|Weezing, M|69/100
|-ability|p2a: Weezing|Neutralizing Gas
|move|p1a: Eldegoss|Rapid Spin|p2a: Weezing
|-damage|p2a: Weezing|65/100
|-boost|p1a: Eldegoss|spe|1
|-sideend|p1: bathtubhippo|Toxic Spikes|[from] move: Rapid Spin|[of] p1a: Eldegoss
|
|-heal|p2a: Weezing|71/100|[from] item: Black Sludge
|upkeep
|turn|34
|
|t:|1649624800
|switch|p1a: Froslass|Froslass, F|100/100
|move|p2a: Weezing|Flamethrower|p1a: Froslass
|-supereffective|p1a: Froslass
|-damage|p1a: Froslass|42/100
|
|-heal|p2a: Weezing|77/100|[from] item: Black Sludge
|upkeep
|turn|35
|
|t:|1649624805
|-end|p2a: Weezing|ability: Neutralizing Gas
|switch|p2a: Scrafty|Scrafty, F|77/100
|move|p1a: Froslass|Ice Beam|p2a: Scrafty
|-damage|p2a: Scrafty|42/100
|
|upkeep
|turn|36
|
|t:|1649624811
|move|p1a: Froslass|Ice Beam|p2a: Scrafty
|-damage|p2a: Scrafty|10/100
|move|p2a: Scrafty|Knock Off|p1a: Froslass
|-supereffective|p1a: Froslass
|-damage|p1a: Froslass|0 fnt
|-start|p2a: Scrafty|Disable|Knock Off|[from] ability: Cursed Body|[of] p1a: Froslass
|-enditem|p1a: Froslass|Choice Specs|[from] move: Knock Off|[of] p2a: Scrafty
|faint|p1a: Froslass
|
|upkeep
|
|t:|1649624817
|switch|p1a: Togedemaru|Togedemaru, F|89/100
|turn|37
|
|t:|1649624823
|move|p1a: Togedemaru|U-turn|p2a: Scrafty
|-damage|p2a: Scrafty|0 fnt
|faint|p2a: Scrafty
|
|t:|1649624831
|switch|p1a: Eldegoss|Eldegoss, F|8/100|[from]move: U-turn
|
|upkeep
|
|t:|1649624835
|switch|p2a: Weezing|Weezing, M|77/100
|-ability|p2a: Weezing|Neutralizing Gas
|turn|38
|
|t:|1649624837
|switch|p1a: Togedemaru|Togedemaru, F|89/100
|move|p2a: Weezing|Flamethrower|p1a: Togedemaru
|-supereffective|p1a: Togedemaru
|-damage|p1a: Togedemaru|57/100
|
|-heal|p1a: Togedemaru|63/100|[from] item: Leftovers
|-heal|p2a: Weezing|83/100|[from] item: Black Sludge
|upkeep
|turn|39
|
|t:|1649624845
|move|p1a: Togedemaru|Wish|p1a: Togedemaru
|move|p2a: Weezing|Flamethrower|p1a: Togedemaru
|-supereffective|p1a: Togedemaru
|-damage|p1a: Togedemaru|30/100
|
|-heal|p1a: Togedemaru|36/100|[from] item: Leftovers
|-heal|p2a: Weezing|89/100|[from] item: Black Sludge
|upkeep
|turn|40
|
|t:|1649624856
|move|p1a: Togedemaru|Iron Head|p2a: Weezing
|-damage|p2a: Weezing|71/100
|move|p2a: Weezing|Sludge Bomb|p1a: Togedemaru
|-immune|p1a: Togedemaru
|
|-heal|p1a: Togedemaru|86/100|[from] move: Wish|[wisher] Togedemaru
|-heal|p1a: Togedemaru|92/100|[from] item: Leftovers
|-heal|p2a: Weezing|77/100|[from] item: Black Sludge
|upkeep
|turn|41
|
|t:|1649624862
|-end|p2a: Weezing|ability: Neutralizing Gas
|switch|p2a: Arctovish|Arctovish|100/100
|move|p1a: Togedemaru|Wish|p1a: Togedemaru
|
|-heal|p1a: Togedemaru|98/100|[from] item: Leftovers
|upkeep
|turn|42
|
|t:|1649624867
|move|p1a: Togedemaru|Spiky Shield|p1a: Togedemaru
|-singleturn|p1a: Togedemaru|move: Protect
|move|p2a: Arctovish|Fishious Rend|p1a: Togedemaru
|-activate|p1a: Togedemaru|move: Protect
|-damage|p2a: Arctovish|88/100|[from] Spiky Shield|[of] p1a: Togedemaru
|
|-heal|p1a: Togedemaru|100/100|[from] move: Wish|[wisher] Togedemaru
|upkeep
|turn|43
|
|t:|1649624873
|move|p1a: Togedemaru|Iron Head|p2a: Arctovish
|-damage|p2a: Arctovish|59/100
|cant|p2a: Arctovish|flinch
|
|upkeep
|turn|44
|
|t:|1649624878
|switch|p2a: Eldegoss|Eldegoss, F|100/100
|move|p1a: Togedemaru|Iron Head|p2a: Eldegoss
|-damage|p2a: Eldegoss|79/100
|
|upkeep
|turn|45
|
|t:|1649624882
|move|p1a: Togedemaru|Wish|p1a: Togedemaru
|move|p2a: Eldegoss|Leech Seed|p1a: Togedemaru
|-start|p1a: Togedemaru|move: Leech Seed
|
|-damage|p1a: Togedemaru|88/100|[from] Leech Seed|[of] p2a: Eldegoss
|-heal|p2a: Eldegoss|92/100|[silent]
|upkeep
|turn|46
|
|t:|1649624889
|move|p1a: Togedemaru|U-turn|p2a: Eldegoss
|-supereffective|p2a: Eldegoss
|-damage|p2a: Eldegoss|67/100
|
|t:|1649624891
|switch|p1a: Eldegoss|Eldegoss, F|8/100|[from]move: U-turn
|move|p2a: Eldegoss|Giga Drain|p1a: Eldegoss
|-resisted|p1a: Eldegoss
|-damage|p1a: Eldegoss|0 fnt
|-heal|p2a: Eldegoss|71/100|[from] drain|[of] p1a: Eldegoss
|faint|p1a: Eldegoss
|
|upkeep
|
|t:|1649624898
|switch|p1a: Togedemaru|Togedemaru, F|88/100
|turn|47
|
|t:|1649624901
|move|p1a: Togedemaru|Wish|p1a: Togedemaru
|move|p2a: Eldegoss|Leech Seed|p1a: Togedemaru|[miss]
|-miss|p2a: Eldegoss|p1a: Togedemaru
|
|-heal|p1a: Togedemaru|94/100|[from] item: Leftovers
|upkeep
|turn|48
|
|t:|1649624904
|move|p1a: Togedemaru|U-turn|p2a: Eldegoss
|-supereffective|p2a: Eldegoss
|-damage|p2a: Eldegoss|44/100
|
|t:|1649624906
|switch|p1a: Regirock|Regirock|61/100 psn|[from]move: U-turn
|move|p2a: Eldegoss|Giga Drain|p1a: Regirock
|-supereffective|p1a: Regirock
|-damage|p1a: Regirock|31/100 psn
|-heal|p2a: Eldegoss|61/100|[from] drain|[of] p1a: Regirock
|
|-heal|p1a: Regirock|77/100 psn|[from] move: Wish|[wisher] Togedemaru
|-damage|p1a: Regirock|64/100 psn|[from] psn
|upkeep
|turn|49
|
|t:|1649624911
|switch|p1a: Togedemaru|Togedemaru, F|94/100
|move|p2a: Eldegoss|Giga Drain|p1a: Togedemaru
|-resisted|p1a: Togedemaru
|-damage|p1a: Togedemaru|84/100
|-heal|p2a: Eldegoss|66/100|[from] drain|[of] p1a: Togedemaru
|
|-heal|p1a: Togedemaru|90/100|[from] item: Leftovers
|upkeep
|turn|50
|
|t:|1649624917
|move|p1a: Togedemaru|Iron Head|p2a: Eldegoss
|-damage|p2a: Eldegoss|44/100
|move|p2a: Eldegoss|Leech Seed|p1a: Togedemaru
|-start|p1a: Togedemaru|move: Leech Seed
|
|-heal|p1a: Togedemaru|96/100|[from] item: Leftovers
|-damage|p1a: Togedemaru|84/100|[from] Leech Seed|[of] p2a: Eldegoss
|-heal|p2a: Eldegoss|57/100|[silent]
|upkeep
|turn|51
|
|t:|1649624922
|move|p1a: Togedemaru|U-turn|p2a: Eldegoss
|-supereffective|p2a: Eldegoss
|-damage|p2a: Eldegoss|30/100
|
|t:|1649624925
|switch|p1a: Regirock|Regirock|64/100 psn|[from]move: U-turn
|move|p2a: Eldegoss|Giga Drain|p1a: Regirock
|-supereffective|p1a: Regirock
|-damage|p1a: Regirock|35/100 psn
|-heal|p2a: Eldegoss|46/100|[from] drain|[of] p1a: Regirock
|
|-damage|p1a: Regirock|23/100 psn|[from] psn
|upkeep
|turn|52
|
|t:|1649624929
|move|p2a: Eldegoss|Giga Drain|p1a: Regirock
|-supereffective|p1a: Regirock
|-damage|p1a: Regirock|0 fnt
|-heal|p2a: Eldegoss|59/100|[from] drain|[of] p1a: Regirock
|faint|p1a: Regirock
|
|upkeep
|
|t:|1649624931
|switch|p1a: Togedemaru|Togedemaru, F|84/100
|turn|53
|
|t:|1649624936
|switch|p2a: Arctovish|Arctovish|59/100
|move|p1a: Togedemaru|Iron Head|p2a: Arctovish
|-damage|p2a: Arctovish|32/100
|
|-heal|p1a: Togedemaru|90/100|[from] item: Leftovers
|upkeep
|turn|54
|
|t:|1649624939
|move|p1a: Togedemaru|Iron Head|p2a: Arctovish
|-damage|p2a: Arctovish|4/100
|move|p2a: Arctovish|Fishious Rend|p1a: Togedemaru
|-crit|p1a: Togedemaru
|-damage|p1a: Togedemaru|0 fnt
|faint|p1a: Togedemaru
|
|upkeep
|
|t:|1649624943
|switch|p1a: Gallade|Gallade, M|27/100 psn
|turn|55
|
|t:|1649624946
|move|p1a: Gallade|Zen Headbutt|p2a: Arctovish
|-damage|p2a: Arctovish|0 fnt
|faint|p2a: Arctovish
|
|-damage|p1a: Gallade|15/100 psn|[from] psn
|upkeep
|
|t:|1649624948
|switch|p2a: Gigalith|Gigalith, M|100/100
|-weather|Sandstorm|[from] ability: Sand Stream|[of] p2a: Gigalith
|turn|56
|
|t:|1649624951
|move|p2a: Gigalith|Protect|p2a: Gigalith
|-singleturn|p2a: Gigalith|Protect
|move|p1a: Gallade|Zen Headbutt|p2a: Gigalith
|-activate|p2a: Gigalith|move: Protect
|
|-weather|Sandstorm|[upkeep]
|-damage|p1a: Gallade|9/100 psn|[from] Sandstorm
|-damage|p1a: Gallade|0 fnt|[from] psn
|faint|p1a: Gallade
|
|win|Haffling
|upkeep
|raw|bathtubhippo's rating: 1618 &rarr; <strong>1601</strong><br />(-17 for losing)
|raw|Haffling's rating: 1663 &rarr; <strong>1680</strong><br />(+17 for winning)
|c|☆Haffling|Gg
|l|☆bathtubhippo
|c|☆Haffling|Got damn
|c|☆Haffling|1680
|c| cafay sukray|oof
|l| cafay sukray
||Ladder isn't responding, score probably updated but might not have (Request timeout).
