|j|☆Welwitchia
|j|☆Silver428
|t:|1653399985
|gametype|singles
|player|p1|Welwitchia|pokemonbreeder-gen4|1195
|player|p2|Silver428|266|1328
|teamsize|p1|6
|teamsize|p2|6
|gen|8
|tier|[Gen 8] PU
|rated|
|rule|Sleep Clause Mod: Limit one foe put to sleep
|rule|Species Clause: Limit one of each Pokémon
|rule|OHKO Clause: OHKO moves are banned
|rule|Evasion Moves Clause: Evasion moves are banned
|rule|Endless Battle Clause: Forcing endless battles is banned
|rule|HP Percentage Mod: HP is shown in percentages
|rule|Dynamax Clause: You cannot dynamax
|clearpoke
|poke|p1|Charizard, F|
|poke|p1|Trevenant, M|
|poke|p1|Articuno-Galar|
|poke|p1|Lanturn, F|
|poke|p1|Aromatisse, F|
|poke|p1|Perrserker, M|
|poke|p2|Arctovish|
|poke|p2|Togedemaru, M|
|poke|p2|Charizard, F|
|poke|p2|Miltank, F|
|poke|p2|Galvantula, M|
|poke|p2|Mawile, F|
|teampreview
|inactive|Battle timer is ON: inactive players will automatically lose when time's up. (requested by Silver428)
|
|t:|1653400014
|start
|switch|p1a: Ms. Chuggs|Lanturn, F, shiny|100/100
|switch|p2a: Arctovish|Arctovish|100/100
|turn|1
|
|t:|1653400024
|move|p2a: Arctovish|Fishious Rend|p1a: Ms. Chuggs
|-resisted|p1a: Ms. Chuggs
|-damage|p1a: Ms. Chuggs|37/100
|move|p1a: Ms. Chuggs|Toxic|p2a: Arctovish
|-status|p2a: Arctovish|tox
|
|-heal|p1a: Ms. Chuggs|44/100|[from] item: Leftovers
|-damage|p2a: Arctovish|94/100 tox|[from] psn
|upkeep
|turn|2
|
|t:|1653400034
|move|p1a: Ms. Chuggs|Protect|p1a: Ms. Chuggs
|-singleturn|p1a: Ms. Chuggs|Protect
|move|p2a: Arctovish|Fishious Rend|p1a: Ms. Chuggs
|-activate|p1a: Ms. Chuggs|move: Protect
|
|-heal|p1a: Ms. Chuggs|50/100|[from] item: Leftovers
|-damage|p2a: Arctovish|82/100 tox|[from] psn
|upkeep
|turn|3
|
|t:|1653400051
|switch|p1a: 11 Inches|Trevenant, M|100/100
|move|p2a: Arctovish|Fishious Rend|p1a: 11 Inches
|-resisted|p1a: 11 Inches
|-damage|p1a: 11 Inches|28/100
|
|-damage|p2a: Arctovish|63/100 tox|[from] psn
|upkeep
|turn|4
|
|t:|1653400063
|switch|p1a: Daddey Bilbo|Perrserker, M|100/100
|switch|p2a: Miltank|Miltank, F|100/100
|
|upkeep
|turn|5
|
|t:|1653400088
|switch|p2a: Charizard|Charizard, F|100/100
|switch|p1a: Len-len|Aromatisse, F, shiny|100/100
|
|upkeep
|turn|6
|
|t:|1653400098
|switch|p2a: Arctovish|Arctovish|63/100 tox
|move|p1a: Len-len|Wish|p1a: Len-len
|
|-damage|p2a: Arctovish|57/100 tox|[from] psn
|upkeep
|turn|7
|
|t:|1653400112
|move|p2a: Arctovish|Fishious Rend|p1a: Len-len
|-damage|p1a: Len-len|16/100
|move|p1a: Len-len|Moonblast|p2a: Arctovish
|-damage|p2a: Arctovish|19/100 tox
|
|-heal|p1a: Len-len|66/100|[from] move: Wish|[wisher] Len-len
|-heal|p1a: Len-len|72/100|[from] item: Leftovers
|-damage|p2a: Arctovish|6/100 tox|[from] psn
|upkeep
|turn|8
|
|t:|1653400130
|move|p1a: Len-len|Protect|p1a: Len-len
|-singleturn|p1a: Len-len|Protect
|move|p2a: Arctovish|Fishious Rend|p1a: Len-len
|-activate|p1a: Len-len|move: Protect
|
|-heal|p1a: Len-len|78/100|[from] item: Leftovers
|-damage|p2a: Arctovish|0 fnt|[from] psn
|faint|p2a: Arctovish
|upkeep
|
|t:|1653400144
|switch|p2a: Mawile|Mawile, F|100/100
|-ability|p2a: Mawile|Intimidate|boost
|-unboost|p1a: Len-len|atk|1
|turn|9
|
|t:|1653400152
|switch|p1a: Daddey Bilbo|Perrserker, M|100/100
|move|p2a: Mawile|Stealth Rock|p1a: Daddey Bilbo
|-sidestart|p1: Welwitchia|move: Stealth Rock
|
|upkeep
|turn|10
|
|t:|1653400159
|switch|p2a: Charizard|Charizard, F|100/100
|move|p1a: Daddey Bilbo|Iron Head|p2a: Charizard
|-resisted|p2a: Charizard
|-crit|p2a: Charizard
|-damage|p2a: Charizard|59/100
|
|upkeep
|turn|11
|
|t:|1653400168
|switch|p1a: Mama Blaq|Charizard, F, shiny|100/100
|move|p2a: Charizard|Flamethrower|p1a: Mama Blaq
|-resisted|p1a: Mama Blaq
|-damage|p1a: Mama Blaq|72/100
|
|upkeep
|turn|12
|
|t:|1653400177
|switch|p2a: Galvantula|Galvantula, M|100/100
|move|p1a: Mama Blaq|Defog|p2a: Galvantula
|-unboost|p2a: Galvantula|evasion|1
|-sideend|p1: Welwitchia|Stealth Rock|[from] move: Defog|[of] p1a: Mama Blaq
|
|upkeep
|turn|13
|
|t:|1653400185
|switch|p1a: Ms. Chuggs|Lanturn, F, shiny|50/100
|move|p2a: Galvantula|Giga Drain|p1a: Ms. Chuggs
|-supereffective|p1a: Ms. Chuggs
|-damage|p1a: Ms. Chuggs|18/100
|
|-heal|p1a: Ms. Chuggs|24/100|[from] item: Leftovers
|upkeep
|turn|14
|
|t:|1653400196
|move|p1a: Ms. Chuggs|Protect|p1a: Ms. Chuggs
|-singleturn|p1a: Ms. Chuggs|Protect
|move|p2a: Galvantula|Sticky Web|p1a: Ms. Chuggs
|-sidestart|p1: Welwitchia|move: Sticky Web
|
|-heal|p1a: Ms. Chuggs|30/100|[from] item: Leftovers
|upkeep
|turn|15
|
|t:|1653400207
|switch|p1a: Len-len|Aromatisse, F, shiny|78/100
|-activate|p1a: Len-len|move: Sticky Web
|-unboost|p1a: Len-len|spe|1
|move|p2a: Galvantula|Giga Drain|p1a: Len-len
|-crit|p1a: Len-len
|-damage|p1a: Len-len|50/100
|
|-heal|p1a: Len-len|56/100|[from] item: Leftovers
|upkeep
|turn|16
|
|t:|1653400217
|move|p1a: Len-len|Protect|p1a: Len-len
|-singleturn|p1a: Len-len|Protect
|move|p2a: Galvantula|Thunder|p1a: Len-len
|-activate|p1a: Len-len|move: Protect
|
|-heal|p1a: Len-len|62/100|[from] item: Leftovers
|upkeep
|turn|17
|
|t:|1653400226
|move|p2a: Galvantula|Giga Drain|p1a: Len-len
|-damage|p1a: Len-len|42/100
|move|p1a: Len-len|Wish|p1a: Len-len
|
|-heal|p1a: Len-len|48/100|[from] item: Leftovers
|upkeep
|turn|18
|
|t:|1653400247
|switch|p2a: Charizard|Charizard, F|59/100
|move|p1a: Len-len|Moonblast|p2a: Charizard
|-resisted|p2a: Charizard
|-damage|p2a: Charizard|40/100
|
|-heal|p1a: Len-len|98/100|[from] move: Wish|[wisher] Len-len
|-heal|p1a: Len-len|100/100|[from] item: Leftovers
|upkeep
|turn|19
|
|t:|1653400261
|move|p2a: Charizard|Flamethrower|p1a: Len-len
|-damage|p1a: Len-len|60/100
|move|p1a: Len-len|Wish|p1a: Len-len
|
|-heal|p1a: Len-len|66/100|[from] item: Leftovers
|upkeep
|turn|20
|
|t:|1653400270
|switch|p1a: Ms. Chuggs|Lanturn, F, shiny|30/100
|-activate|p1a: Ms. Chuggs|move: Sticky Web
|-unboost|p1a: Ms. Chuggs|spe|1
|move|p2a: Charizard|Air Slash|p1a: Ms. Chuggs|[miss]
|-miss|p2a: Charizard|p1a: Ms. Chuggs
|
|-heal|p1a: Ms. Chuggs|81/100|[from] move: Wish|[wisher] Len-len
|-heal|p1a: Ms. Chuggs|87/100|[from] item: Leftovers
|upkeep
|turn|21
|
|t:|1653400283
|move|p2a: Charizard|Roost|p2a: Charizard
|-heal|p2a: Charizard|90/100
|-singleturn|p2a: Charizard|move: Roost
|move|p1a: Ms. Chuggs|Scald|p2a: Charizard
|-supereffective|p2a: Charizard
|-damage|p2a: Charizard|32/100
|
|-heal|p1a: Ms. Chuggs|94/100|[from] item: Leftovers
|upkeep
|turn|22
|
|t:|1653400296
|switch|p2a: Miltank|Miltank, F|100/100
|move|p1a: Ms. Chuggs|Toxic|p2a: Miltank
|-status|p2a: Miltank|tox
|
|-heal|p1a: Ms. Chuggs|99/100|[from] item: Leftovers
|-damage|p2a: Miltank|94/100 tox|[from] psn
|upkeep
|turn|23
|
|t:|1653400306
|move|p2a: Miltank|Body Press|p1a: Ms. Chuggs
|-damage|p1a: Ms. Chuggs|74/100
|move|p1a: Ms. Chuggs|Volt Switch|p2a: Miltank
|-damage|p2a: Miltank|71/100 tox
|
|t:|1653400312
|switch|p1a: Len-len|Aromatisse, F, shiny|66/100|[from]move: Volt Switch
|-activate|p1a: Len-len|move: Sticky Web
|-unboost|p1a: Len-len|spe|1
|
|-heal|p2a: Miltank|77/100 tox|[from] item: Leftovers
|-heal|p1a: Len-len|72/100|[from] item: Leftovers
|-damage|p2a: Miltank|65/100 tox|[from] psn
|upkeep
|turn|24
|
|t:|1653400322
|move|p2a: Miltank|Toxic|p1a: Len-len
|-status|p1a: Len-len|tox
|move|p1a: Len-len|Wish|p1a: Len-len
|
|-heal|p2a: Miltank|71/100 tox|[from] item: Leftovers
|-heal|p1a: Len-len|78/100 tox|[from] item: Leftovers
|-damage|p2a: Miltank|53/100 tox|[from] psn
|-damage|p1a: Len-len|72/100 tox|[from] psn
|upkeep
|turn|25
|
|t:|1653400331
|move|p2a: Miltank|Heal Bell|p2a: Miltank
|-activate|p2a: Miltank|move: Heal Bell
|-curestatus|p2a: Miltank|tox|[msg]
|move|p1a: Len-len|Heal Bell|p1a: Len-len
|-activate|p1a: Len-len|move: Heal Bell
|-curestatus|p1a: Len-len|tox|[msg]
|
|-heal|p1a: Len-len|100/100|[from] move: Wish|[wisher] Len-len
|-heal|p2a: Miltank|59/100|[from] item: Leftovers
|upkeep
|turn|26
|
|t:|1653400343
|move|p2a: Miltank|Toxic|p1a: Len-len
|-status|p1a: Len-len|tox
|move|p1a: Len-len|Wish|p1a: Len-len
|
|-heal|p2a: Miltank|65/100|[from] item: Leftovers
|-damage|p1a: Len-len|94/100 tox|[from] psn
|upkeep
|turn|27
|
|t:|1653400358
|move|p2a: Miltank|Toxic|p1a: Len-len
|-fail|p1a: Len-len|tox
|move|p1a: Len-len|Moonblast|p2a: Miltank
|-damage|p2a: Miltank|29/100
|
|-heal|p1a: Len-len|100/100 tox|[from] move: Wish|[wisher] Len-len
|-heal|p2a: Miltank|35/100|[from] item: Leftovers
|-damage|p1a: Len-len|88/100 tox|[from] psn
|upkeep
|turn|28
|
|t:|1653400369
|move|p2a: Miltank|Milk Drink|p2a: Miltank
|-heal|p2a: Miltank|85/100
|move|p1a: Len-len|Heal Bell|p1a: Len-len
|-activate|p1a: Len-len|move: Heal Bell
|-curestatus|p1a: Len-len|tox|[msg]
|
|-heal|p2a: Miltank|91/100|[from] item: Leftovers
|-heal|p1a: Len-len|94/100|[from] item: Leftovers
|upkeep
|turn|29
|
|t:|1653400383
|move|p2a: Miltank|Toxic|p1a: Len-len
|-status|p1a: Len-len|tox
|move|p1a: Len-len|Wish|p1a: Len-len
|
|-heal|p2a: Miltank|97/100|[from] item: Leftovers
|-heal|p1a: Len-len|100/100 tox|[from] item: Leftovers
|-damage|p1a: Len-len|94/100 tox|[from] psn
|upkeep
|turn|30
|
|t:|1653400393
|switch|p1a: 11 Inches|Trevenant, M|28/100
|-activate|p1a: 11 Inches|move: Sticky Web
|-unboost|p1a: 11 Inches|spe|1
|move|p2a: Miltank|Toxic|p1a: 11 Inches
|-status|p1a: 11 Inches|tox
|
|-heal|p1a: 11 Inches|93/100 tox|[from] move: Wish|[wisher] Len-len
|-heal|p2a: Miltank|100/100|[from] item: Leftovers
|-damage|p1a: 11 Inches|87/100 tox|[from] psn
|upkeep
|turn|31
|
|t:|1653400408
|move|p2a: Miltank|Body Press|p1a: 11 Inches
|-immune|p1a: 11 Inches
|move|p1a: 11 Inches|Horn Leech|p2a: Miltank
|-ability|p2a: Miltank|Sap Sipper|boost
|-boost|p2a: Miltank|atk|1
|
|-damage|p1a: 11 Inches|75/100 tox|[from] psn
|upkeep
|turn|32
|
|t:|1653400422
|-curestatus|p1a: 11 Inches|tox|[from] ability: Natural Cure
|switch|p1a: Len-len|Aromatisse, F, shiny|94/100 tox
|-activate|p1a: Len-len|move: Sticky Web
|-unboost|p1a: Len-len|spe|1
|move|p2a: Miltank|Toxic|p1a: Len-len
|-fail|p1a: Len-len|tox
|
|-heal|p1a: Len-len|100/100 tox|[from] item: Leftovers
|-damage|p1a: Len-len|94/100 tox|[from] psn
|upkeep
|turn|33
|
|t:|1653400439
|switch|p2a: Mawile|Mawile, F|100/100
|-ability|p2a: Mawile|Intimidate|boost
|-unboost|p1a: Len-len|atk|1
|move|p1a: Len-len|Wish|p1a: Len-len
|
|-heal|p1a: Len-len|100/100 tox|[from] item: Leftovers
|-damage|p1a: Len-len|88/100 tox|[from] psn
|upkeep
|turn|34
|
|t:|1653400457
|switch|p1a: Daddey Bilbo|Perrserker, M|100/100
|-activate|p1a: Daddey Bilbo|move: Sticky Web
|-unboost|p1a: Daddey Bilbo|spe|1
|move|p2a: Mawile|Knock Off|p1a: Daddey Bilbo
|-damage|p1a: Daddey Bilbo|80/100
|-enditem|p1a: Daddey Bilbo|Assault Vest|[from] move: Knock Off|[of] p2a: Mawile
|
|-heal|p1a: Daddey Bilbo|100/100|[from] move: Wish|[wisher] Len-len
|upkeep
|turn|35
|
|t:|1653400474
|move|p2a: Mawile|Stealth Rock|p1a: Daddey Bilbo
|-sidestart|p1: Welwitchia|move: Stealth Rock
|move|p1a: Daddey Bilbo|Iron Head|p2a: Mawile
|-damage|p2a: Mawile|64/100
|-damage|p1a: Daddey Bilbo|84/100|[from] item: Rocky Helmet|[of] p2a: Mawile
|
|upkeep
|turn|36
|
|t:|1653400486
|switch|p2a: Togedemaru|Togedemaru, M|100/100
|move|p1a: Daddey Bilbo|Iron Head|p2a: Togedemaru
|-resisted|p2a: Togedemaru
|-damage|p2a: Togedemaru|84/100
|
|-heal|p2a: Togedemaru|90/100|[from] item: Leftovers
|upkeep
|turn|37
|
|t:|1653400496
|move|p2a: Togedemaru|Wish|p2a: Togedemaru
|move|p1a: Daddey Bilbo|Close Combat|p2a: Togedemaru
|-supereffective|p2a: Togedemaru
|-damage|p2a: Togedemaru|0 fnt
|-unboost|p1a: Daddey Bilbo|def|1
|-unboost|p1a: Daddey Bilbo|spd|1
|faint|p2a: Togedemaru
|
|upkeep
|
|t:|1653400505
|switch|p2a: Charizard|Charizard, F|32/100
|turn|38
|
|t:|1653400510
|switch|p1a: Ms. Chuggs|Lanturn, F, shiny|74/100
|-activate|p1a: Ms. Chuggs|move: Sticky Web
|-unboost|p1a: Ms. Chuggs|spe|1
|-damage|p1a: Ms. Chuggs|62/100|[from] Stealth Rock
|move|p2a: Charizard|Flamethrower|p1a: Ms. Chuggs
|-resisted|p1a: Ms. Chuggs
|-damage|p1a: Ms. Chuggs|40/100
|
|-heal|p2a: Charizard|89/100|[from] move: Wish|[wisher] Togedemaru
|-heal|p1a: Ms. Chuggs|46/100|[from] item: Leftovers
|upkeep
|turn|39
|
|t:|1653400523
|move|p1a: Ms. Chuggs|Protect|p1a: Ms. Chuggs
|-singleturn|p1a: Ms. Chuggs|Protect
|move|p2a: Charizard|Flamethrower|p1a: Ms. Chuggs
|-activate|p1a: Ms. Chuggs|move: Protect
|
|-heal|p1a: Ms. Chuggs|53/100|[from] item: Leftovers
|upkeep
|turn|40
|
|t:|1653400532
|move|p2a: Charizard|Flamethrower|p1a: Ms. Chuggs
|-resisted|p1a: Ms. Chuggs
|-damage|p1a: Ms. Chuggs|38/100
|move|p1a: Ms. Chuggs|Toxic|p2a: Charizard
|-status|p2a: Charizard|tox
|
|-heal|p1a: Ms. Chuggs|45/100|[from] item: Leftovers
|-damage|p2a: Charizard|83/100 tox|[from] psn
|upkeep
|turn|41
|
|t:|1653400545
|switch|p2a: Galvantula|Galvantula, M|100/100
|move|p1a: Ms. Chuggs|Scald|p2a: Galvantula
|-damage|p2a: Galvantula|60/100
|
|-heal|p1a: Ms. Chuggs|51/100|[from] item: Leftovers
|upkeep
|turn|42
|
|t:|1653400555
|move|p1a: Ms. Chuggs|Protect|p1a: Ms. Chuggs
|-singleturn|p1a: Ms. Chuggs|Protect
|move|p2a: Galvantula|Giga Drain|p1a: Ms. Chuggs
|-activate|p1a: Ms. Chuggs|move: Protect
|
|-heal|p1a: Ms. Chuggs|57/100|[from] item: Leftovers
|upkeep
|turn|43
|
|t:|1653400565
|move|p2a: Galvantula|Volt Switch|p1a: Ms. Chuggs
|-heal|p1a: Ms. Chuggs|82/100|[from] ability: Volt Absorb|[of] p2a: Galvantula
|move|p1a: Ms. Chuggs|Toxic|p2a: Galvantula
|-status|p2a: Galvantula|tox
|
|-heal|p1a: Ms. Chuggs|88/100|[from] item: Leftovers
|-damage|p2a: Galvantula|54/100 tox|[from] psn
|upkeep
|turn|44
|
|t:|1653400579
|move|p2a: Galvantula|Giga Drain|p1a: Ms. Chuggs
|-supereffective|p1a: Ms. Chuggs
|-damage|p1a: Ms. Chuggs|55/100
|-heal|p2a: Galvantula|77/100 tox|[from] drain|[of] p1a: Ms. Chuggs
|move|p1a: Ms. Chuggs|Scald|p2a: Galvantula
|-damage|p2a: Galvantula|37/100 tox
|
|-heal|p1a: Ms. Chuggs|62/100|[from] item: Leftovers
|-damage|p2a: Galvantula|25/100 tox|[from] psn
|upkeep
|turn|45
|
|t:|1653400591
|move|p1a: Ms. Chuggs|Protect|p1a: Ms. Chuggs
|-singleturn|p1a: Ms. Chuggs|Protect
|move|p2a: Galvantula|Giga Drain|p1a: Ms. Chuggs
|-activate|p1a: Ms. Chuggs|move: Protect
|
|-heal|p1a: Ms. Chuggs|68/100|[from] item: Leftovers
|-damage|p2a: Galvantula|7/100 tox|[from] psn
|upkeep
|turn|46
|
|t:|1653400601
|switch|p1a: 11 Inches|Trevenant, M|75/100
|-activate|p1a: 11 Inches|move: Sticky Web
|-unboost|p1a: 11 Inches|spe|1
|-damage|p1a: 11 Inches|63/100|[from] Stealth Rock
|move|p2a: Galvantula|Giga Drain|p1a: 11 Inches
|-resisted|p1a: 11 Inches
|-damage|p1a: 11 Inches|49/100
|-heal|p2a: Galvantula|15/100 tox|[from] drain|[of] p1a: 11 Inches
|
|-damage|p2a: Galvantula|0 fnt|[from] psn
|faint|p2a: Galvantula
|upkeep
|
|t:|1653400614
|switch|p2a: Charizard|Charizard, F|83/100 tox
|turn|47
|
|t:|1653400623
|switch|p1a: Len-len|Aromatisse, F, shiny|88/100 tox
|-activate|p1a: Len-len|move: Sticky Web
|-unboost|p1a: Len-len|spe|1
|-damage|p1a: Len-len|76/100 tox|[from] Stealth Rock
|move|p2a: Charizard|Air Slash|p1a: Len-len
|-damage|p1a: Len-len|46/100 tox
|
|-heal|p1a: Len-len|52/100 tox|[from] item: Leftovers
|-damage|p2a: Charizard|77/100 tox|[from] psn
|-damage|p1a: Len-len|46/100 tox|[from] psn
|upkeep
|turn|48
|-message|Silver428 forfeited.
|
|win|Welwitchia
|raw|Welwitchia's rating: 1195 &rarr; <strong>1229</strong><br />(+34 for winning)
|raw|Silver428's rating: 1328 &rarr; <strong>1301</strong><br />(-27 for losing)
