|html|<div class="broadcast-blue"><strong>[Gen 8] PU is currently suspecting Drampa! For information on how to participate check out the <a href="https://www.smogon.com/forums/threads/np-pu-stage-7-i-hear-hyper-voices-in-my-head-drampa-suspect-test.3692992/">suspect thread</a>.</strong></div>
|j|☆Nina mal
|j|☆one of the bouys
|t:|1636162288
|gametype|singles
|player|p1|Nina mal|guitarist|1375
|player|p2|one of the bouys|clown|1446
|teamsize|p1|6
|teamsize|p2|6
|gen|8
|tier|[Gen 8] PU
|rated|
|rule|Sleep Clause Mod: Limit one foe put to sleep
|rule|Species Clause: Limit one of each Pokémon
|rule|OHKO Clause: OHKO moves are banned
|rule|Evasion Moves Clause: Evasion moves are banned
|rule|Endless Battle Clause: Forcing endless battles is banned
|rule|HP Percentage Mod: HP is shown in percentages
|rule|Dynamax Clause: You cannot dynamax
|clearpoke
|poke|p1|Hitmonlee, M|
|poke|p1|Corsola-Galar, F|
|poke|p1|Sandaconda, M|
|poke|p1|Vikavolt, M|
|poke|p1|Tsareena, F|
|poke|p1|Silvally-*|
|poke|p2|Flapple, F|
|poke|p2|Drifblim, M|
|poke|p2|Sandaconda, M|
|poke|p2|Crustle, F|
|poke|p2|Cryogonal|
|poke|p2|Gigalith, M|
|teampreview
|
|t:|1636162312
|start
|switch|p1a: Corsola|Corsola-Galar, F|100/100
|switch|p2a: Cryogonal|Cryogonal|100/100
|turn|1
|
|t:|1636162320
|switch|p1a: Silvally|Silvally-Poison|100/100
|move|p2a: Cryogonal|Toxic|p1a: Silvally
|-immune|p1a: Silvally
|
|upkeep
|turn|2
|
|t:|1636162327
|switch|p2a: Crustle|Crustle, F|100/100
|move|p1a: Silvally|Toxic|p2a: Crustle
|-status|p2a: Crustle|tox
|
|-damage|p2a: Crustle|94/100 tox|[from] psn
|upkeep
|turn|3
|
|t:|1636162330
|move|p1a: Silvally|Parting Shot|p2a: Crustle
|-unboost|p2a: Crustle|atk|1
|-unboost|p2a: Crustle|spa|1
|
|t:|1636162340
|switch|p1a: Corsola|Corsola-Galar, F|100/100|[from]move: Parting Shot
|move|p2a: Crustle|Spikes|p1a: Corsola
|-sidestart|p1: Nina mal|Spikes
|
|-damage|p2a: Crustle|82/100 tox|[from] psn
|upkeep
|turn|4
|
|t:|1636162343
|move|p2a: Crustle|Spikes|p1a: Corsola
|-sidestart|p1: Nina mal|Spikes
|move|p1a: Corsola|Stealth Rock|p2a: Crustle
|-sidestart|p2: one of the bouys|move: Stealth Rock
|
|-damage|p2a: Crustle|64/100 tox|[from] psn
|upkeep
|turn|5
|
|t:|1636162347
|move|p2a: Crustle|Spikes|p1a: Corsola
|-sidestart|p1: Nina mal|Spikes
|move|p1a: Corsola|Night Shade|p2a: Crustle
|-damage|p2a: Crustle|35/100 tox
|
|-damage|p2a: Crustle|10/100 tox|[from] psn
|upkeep
|turn|6
|
|t:|1636162351
|move|p2a: Crustle|Rest|p2a: Crustle
|-status|p2a: Crustle|slp|[from] move: Rest
|-heal|p2a: Crustle|100/100 slp|[silent]
|move|p1a: Corsola|Strength Sap|p2a: Crustle
|-unboost|p2a: Crustle|atk|1
|
|upkeep
|turn|7
|
|t:|1636162361
|switch|p2a: Drifblim|Drifblim, M|100/100
|move|p1a: Corsola|Night Shade|p2a: Drifblim
|-damage|p2a: Drifblim|78/100
|
|upkeep
|turn|8
|
|t:|1636162368
|move|p2a: Drifblim|Knock Off|p1a: Corsola
|-supereffective|p1a: Corsola
|-damage|p1a: Corsola|75/100
|-enditem|p1a: Corsola|Eviolite|[from] move: Knock Off|[of] p2a: Drifblim
|move|p1a: Corsola|Night Shade|p2a: Drifblim
|-damage|p2a: Drifblim|55/100
|
|upkeep
|turn|9
|
|t:|1636162376
|switch|p2a: Cryogonal|Cryogonal|100/100
|move|p1a: Corsola|Night Shade|p2a: Cryogonal
|-damage|p2a: Cryogonal|69/100
|
|upkeep
|turn|10
|
|t:|1636162385
|move|p2a: Cryogonal|Ice Beam|p1a: Corsola
|-damage|p1a: Corsola|48/100
|move|p1a: Corsola|Will-O-Wisp|p2a: Cryogonal
|-status|p2a: Cryogonal|brn
|
|-damage|p2a: Cryogonal|62/100 brn|[from] brn
|upkeep
|turn|11
|
|t:|1636162397
|move|p2a: Cryogonal|Ice Beam|p1a: Corsola
|-damage|p1a: Corsola|22/100
|move|p1a: Corsola|Strength Sap|p2a: Cryogonal
|-unboost|p2a: Cryogonal|atk|1
|-heal|p1a: Corsola|59/100
|
|-damage|p2a: Cryogonal|56/100 brn|[from] brn
|upkeep
|turn|12
|
|t:|1636162405
|move|p2a: Cryogonal|Ice Beam|p1a: Corsola
|-damage|p1a: Corsola|30/100
|move|p1a: Corsola|Night Shade|p2a: Cryogonal
|-damage|p2a: Cryogonal|24/100 brn
|
|-damage|p2a: Cryogonal|18/100 brn|[from] brn
|upkeep
|turn|13
|
|t:|1636162408
|move|p2a: Cryogonal|Recover|p2a: Cryogonal
|-heal|p2a: Cryogonal|69/100 brn
|move|p1a: Corsola|Night Shade|p2a: Cryogonal
|-damage|p2a: Cryogonal|37/100 brn
|
|-damage|p2a: Cryogonal|31/100 brn|[from] brn
|upkeep
|turn|14
|
|t:|1636162413
|switch|p1a: Silvally|Silvally-Poison|100/100
|-damage|p1a: Silvally|76/100|[from] Spikes
|move|p2a: Cryogonal|Recover|p2a: Cryogonal
|-heal|p2a: Cryogonal|81/100 brn
|
|-damage|p2a: Cryogonal|75/100 brn|[from] brn
|upkeep
|turn|15
|
|t:|1636162417
|switch|p2a: Sandaconda|Sandaconda, M|100/100
|-damage|p2a: Sandaconda|94/100|[from] Stealth Rock
|move|p1a: Silvally|Swords Dance|p1a: Silvally
|-boost|p1a: Silvally|atk|2
|
|upkeep
|turn|16
|
|t:|1636162421
|move|p1a: Silvally|Parting Shot|p2a: Sandaconda
|-unboost|p2a: Sandaconda|atk|1
|-unboost|p2a: Sandaconda|spa|1
|
|t:|1636162425
|switch|p1a: Tsareena|Tsareena, F, shiny|100/100|[from]move: Parting Shot
|move|p2a: Sandaconda|Earthquake|p1a: Tsareena
|-resisted|p1a: Tsareena
|-damage|p1a: Tsareena|87/100
|
|upkeep
|turn|17
|
|t:|1636162429
|switch|p2a: Drifblim|Drifblim, M|55/100
|move|p1a: Tsareena|Triple Axel|p2a: Drifblim|[miss]
|-miss|p1a: Tsareena|p2a: Drifblim
|
|upkeep
|turn|18
|
|t:|1636162434
|move|p2a: Drifblim|Will-O-Wisp|p1a: Tsareena
|-status|p1a: Tsareena|brn
|move|p1a: Tsareena|Triple Axel|p2a: Drifblim
|-supereffective|p2a: Drifblim
|-damage|p2a: Drifblim|49/100
|-supereffective|p2a: Drifblim
|-damage|p2a: Drifblim|37/100
|-supereffective|p2a: Drifblim
|-damage|p2a: Drifblim|17/100
|-hitcount|p2a: Drifblim|3
|
|-damage|p1a: Tsareena|81/100 brn|[from] brn
|upkeep
|turn|19
|
|t:|1636162437
|move|p2a: Drifblim|Strength Sap|p1a: Tsareena
|-unboost|p1a: Tsareena|atk|1
|-heal|p2a: Drifblim|94/100
|move|p1a: Tsareena|Triple Axel|p2a: Drifblim
|-supereffective|p2a: Drifblim
|-damage|p2a: Drifblim|89/100
|-supereffective|p2a: Drifblim
|-damage|p2a: Drifblim|80/100
|-supereffective|p2a: Drifblim
|-damage|p2a: Drifblim|68/100
|-hitcount|p2a: Drifblim|3
|
|-damage|p1a: Tsareena|75/100 brn|[from] brn
|upkeep
|turn|20
|
|t:|1636162460
|move|p2a: Drifblim|Knock Off|p1a: Tsareena
|-damage|p1a: Tsareena|52/100 brn
|-enditem|p1a: Tsareena|Heavy-Duty Boots|[from] move: Knock Off|[of] p2a: Drifblim
|move|p1a: Tsareena|Triple Axel|p2a: Drifblim
|-supereffective|p2a: Drifblim
|-damage|p2a: Drifblim|63/100
|-supereffective|p2a: Drifblim
|-damage|p2a: Drifblim|55/100
|-supereffective|p2a: Drifblim
|-damage|p2a: Drifblim|41/100
|-hitcount|p2a: Drifblim|3
|
|-damage|p1a: Tsareena|46/100 brn|[from] brn
|upkeep
|turn|21
|
|t:|1636162470
|move|p2a: Drifblim|Strength Sap|p1a: Tsareena
|-unboost|p1a: Tsareena|atk|1
|-heal|p2a: Drifblim|93/100
|move|p1a: Tsareena|Triple Axel|p2a: Drifblim
|-supereffective|p2a: Drifblim
|-damage|p2a: Drifblim|89/100
|-supereffective|p2a: Drifblim
|-damage|p2a: Drifblim|83/100
|-supereffective|p2a: Drifblim
|-damage|p2a: Drifblim|74/100
|-hitcount|p2a: Drifblim|3
|
|-damage|p1a: Tsareena|40/100 brn|[from] brn
|upkeep
|turn|22
|
|t:|1636162475
|switch|p2a: Sandaconda|Sandaconda, M|94/100
|-damage|p2a: Sandaconda|88/100|[from] Stealth Rock
|move|p1a: Tsareena|Triple Axel|p2a: Sandaconda
|-supereffective|p2a: Sandaconda
|-damage|p2a: Sandaconda|86/100
|-damage|p1a: Tsareena|23/100 brn|[from] item: Rocky Helmet|[of] p2a: Sandaconda
|-supereffective|p2a: Sandaconda
|-damage|p2a: Sandaconda|82/100
|-damage|p1a: Tsareena|7/100 brn|[from] item: Rocky Helmet|[of] p2a: Sandaconda
|-supereffective|p2a: Sandaconda
|-damage|p2a: Sandaconda|75/100
|-damage|p1a: Tsareena|0 fnt|[from] item: Rocky Helmet|[of] p2a: Sandaconda
|faint|p1a: Tsareena
|-hitcount|p2a: Sandaconda|3
|
|upkeep
|
|t:|1636162487
|switch|p1a: Vikavolt|Vikavolt, M, shiny|100/100
|turn|23
|
|t:|1636162491
|switch|p2a: Gigalith|Gigalith, M|100/100
|-damage|p2a: Gigalith|88/100|[from] Stealth Rock
|-weather|Sandstorm|[from] ability: Sand Stream|[of] p2a: Gigalith
|move|p1a: Vikavolt|Sticky Web|p2a: Gigalith
|-sidestart|p2: one of the bouys|move: Sticky Web
|
|-weather|Sandstorm|[upkeep]
|-damage|p1a: Vikavolt|94/100|[from] Sandstorm
|-heal|p2a: Gigalith|94/100|[from] item: Leftovers
|upkeep
|turn|24
|
|t:|1636162498
|switch|p1a: Sandaconda|Sandaconda, M|100/100
|-damage|p1a: Sandaconda|75/100|[from] Spikes
|move|p2a: Gigalith|Toxic|p1a: Sandaconda
|-status|p1a: Sandaconda|tox
|
|-weather|Sandstorm|[upkeep]
|-heal|p2a: Gigalith|100/100|[from] item: Leftovers
|-damage|p1a: Sandaconda|69/100 tox|[from] psn
|upkeep
|turn|25
|
|t:|1636162505
|switch|p2a: Drifblim|Drifblim, M|74/100
|move|p1a: Sandaconda|Glare|p2a: Drifblim
|-status|p2a: Drifblim|par
|
|-weather|Sandstorm|[upkeep]
|-damage|p2a: Drifblim|67/100 par|[from] Sandstorm
|-activate|p1a: Sandaconda|ability: Shed Skin
|-curestatus|p1a: Sandaconda|tox|[msg]
|upkeep
|turn|26
|
|t:|1636162511
|move|p1a: Sandaconda|Stone Edge|p2a: Drifblim|[miss]
|-miss|p1a: Sandaconda|p2a: Drifblim
|move|p2a: Drifblim|Strength Sap|p1a: Sandaconda
|-unboost|p1a: Sandaconda|atk|1
|-heal|p2a: Drifblim|100/100 par
|
|-weather|Sandstorm|[upkeep]
|-damage|p2a: Drifblim|94/100 par|[from] Sandstorm
|upkeep
|turn|27
|
|t:|1636162517
|move|p1a: Sandaconda|Stone Edge|p2a: Drifblim
|-supereffective|p2a: Drifblim
|-damage|p2a: Drifblim|60/100 par
|move|p2a: Drifblim|Knock Off|p1a: Sandaconda
|-damage|p1a: Sandaconda|59/100
|-damage|p2a: Drifblim|44/100 par|[from] item: Rocky Helmet|[of] p1a: Sandaconda
|-enditem|p1a: Sandaconda|Rocky Helmet|[from] move: Knock Off|[of] p2a: Drifblim
|
|-weather|none
|upkeep
|turn|28
|
|t:|1636162527
|switch|p2a: Crustle|Crustle, F|100/100 slp
|move|p1a: Sandaconda|Stone Edge|p2a: Crustle
|-supereffective|p2a: Crustle
|-damage|p2a: Crustle|80/100 slp
|
|upkeep
|turn|29
|
|t:|1636162531
|move|p1a: Sandaconda|Stone Edge|p2a: Crustle
|-supereffective|p2a: Crustle
|-damage|p2a: Crustle|58/100 slp
|cant|p2a: Crustle|slp
|
|upkeep
|turn|30
|
|t:|1636162537
|move|p1a: Sandaconda|Stone Edge|p2a: Crustle
|-supereffective|p2a: Crustle
|-damage|p2a: Crustle|39/100 slp
|cant|p2a: Crustle|slp
|
|upkeep
|turn|31
|
|t:|1636162545
|move|p1a: Sandaconda|Earthquake|p2a: Crustle
|-damage|p2a: Crustle|24/100 slp
|-curestatus|p2a: Crustle|slp|[msg]
|move|p2a: Crustle|Rest|p2a: Crustle
|-status|p2a: Crustle|slp|[from] move: Rest
|-heal|p2a: Crustle|100/100 slp|[silent]
|
|upkeep
|turn|32
|
|t:|1636162554
|move|p1a: Sandaconda|Glare||[still]
|-fail|p1a: Sandaconda
|cant|p2a: Crustle|slp
|
|upkeep
|turn|33
|
|t:|1636162557
|move|p1a: Sandaconda|Rest|p1a: Sandaconda
|-status|p1a: Sandaconda|slp|[from] move: Rest
|-heal|p1a: Sandaconda|100/100 slp|[silent]
|cant|p2a: Crustle|slp
|
|upkeep
|turn|34
|
|t:|1636162561
|switch|p1a: Corsola|Corsola-Galar, F|30/100
|-damage|p1a: Corsola|5/100|[from] Spikes
|-curestatus|p2a: Crustle|slp|[msg]
|move|p2a: Crustle|Iron Defense|p2a: Crustle
|-boost|p2a: Crustle|def|2
|
|upkeep
|turn|35
|
|t:|1636162568
|switch|p2a: Cryogonal|Cryogonal|75/100 brn
|move|p1a: Corsola|Strength Sap|p2a: Cryogonal
|-unboost|p2a: Cryogonal|atk|1
|-heal|p1a: Corsola|42/100
|
|-damage|p2a: Cryogonal|69/100 brn|[from] brn
|upkeep
|turn|36
|
|t:|1636162574
|switch|p1a: Silvally|Silvally-Poison|76/100
|-damage|p1a: Silvally|51/100|[from] Spikes
|move|p2a: Cryogonal|Ice Beam|p1a: Silvally
|-damage|p1a: Silvally|13/100
|
|-damage|p2a: Cryogonal|62/100 brn|[from] brn
|upkeep
|turn|37
|
|t:|1636162578
|move|p2a: Cryogonal|Ice Beam|p1a: Silvally
|-damage|p1a: Silvally|0 fnt
|faint|p1a: Silvally
|
|-damage|p2a: Cryogonal|56/100 brn|[from] brn
|upkeep
|
|t:|1636162584
|switch|p1a: Hitmonlee|Hitmonlee, M|100/100
|-damage|p1a: Hitmonlee|76/100|[from] Spikes
|turn|38
|
|t:|1636162592
|move|p2a: Cryogonal|Ice Beam|p1a: Hitmonlee
|-damage|p1a: Hitmonlee|29/100
|move|p1a: Hitmonlee|Poison Jab|p2a: Cryogonal
|-damage|p2a: Cryogonal|0 fnt
|faint|p2a: Cryogonal
|
|upkeep
|
|t:|1636162601
|switch|p2a: Sandaconda|Sandaconda, M|75/100
|-activate|p2a: Sandaconda|move: Sticky Web
|-unboost|p2a: Sandaconda|spe|1
|-damage|p2a: Sandaconda|69/100|[from] Stealth Rock
|turn|39
|
|t:|1636162605
|move|p1a: Hitmonlee|Endure|p1a: Hitmonlee
|-singleturn|p1a: Hitmonlee|move: Endure
|move|p2a: Sandaconda|Earthquake|p1a: Hitmonlee
|-activate|p1a: Hitmonlee|move: Endure
|-damage|p1a: Hitmonlee|1/100
|-enditem|p1a: Hitmonlee|Liechi Berry|[eat]
|-boost|p1a: Hitmonlee|atk|1|[from] item: Liechi Berry
|
|upkeep
|turn|40
|
|t:|1636162609
|move|p1a: Hitmonlee|Reversal|p2a: Sandaconda
|-damage|p2a: Sandaconda|0 fnt
|-damage|p1a: Hitmonlee|0 fnt|[from] item: Rocky Helmet|[of] p2a: Sandaconda
|faint|p2a: Sandaconda
|faint|p1a: Hitmonlee
|
|upkeep
|
|t:|1636162617
|switch|p1a: Vikavolt|Vikavolt, M, shiny|94/100
|switch|p2a: Crustle|Crustle, F|100/100
|turn|41
|
|t:|1636162627
|switch|p2a: Gigalith|Gigalith, M|100/100
|-activate|p2a: Gigalith|move: Sticky Web
|-unboost|p2a: Gigalith|spe|1
|-damage|p2a: Gigalith|88/100|[from] Stealth Rock
|-weather|Sandstorm|[from] ability: Sand Stream|[of] p2a: Gigalith
|switch|p1a: Corsola|Corsola-Galar, F|42/100
|-damage|p1a: Corsola|17/100|[from] Spikes
|
|-weather|Sandstorm|[upkeep]
|-damage|p1a: Corsola|11/100|[from] Sandstorm
|-heal|p2a: Gigalith|94/100|[from] item: Leftovers
|upkeep
|turn|42
|
|t:|1636162632
|move|p1a: Corsola|Strength Sap|p2a: Gigalith
|-unboost|p2a: Gigalith|atk|1
|-heal|p1a: Corsola|100/100
|move|p2a: Gigalith|Toxic|p1a: Corsola
|-status|p1a: Corsola|tox
|
|-weather|Sandstorm|[upkeep]
|-damage|p1a: Corsola|94/100 tox|[from] Sandstorm
|-heal|p2a: Gigalith|100/100|[from] item: Leftovers
|-damage|p1a: Corsola|88/100 tox|[from] psn
|upkeep
|turn|43
|
|t:|1636162639
|move|p2a: Gigalith|Protect|p2a: Gigalith
|-singleturn|p2a: Gigalith|Protect
|move|p1a: Corsola|Will-O-Wisp|p2a: Gigalith
|-activate|p2a: Gigalith|move: Protect
|
|-weather|Sandstorm|[upkeep]
|-damage|p1a: Corsola|82/100 tox|[from] Sandstorm
|-damage|p1a: Corsola|70/100 tox|[from] psn
|upkeep
|turn|44
|
|t:|1636162643
|switch|p2a: Crustle|Crustle, F|100/100
|move|p1a: Corsola|Will-O-Wisp|p2a: Crustle|[miss]
|-miss|p1a: Corsola|p2a: Crustle
|
|-weather|Sandstorm|[upkeep]
|-damage|p1a: Corsola|63/100 tox|[from] Sandstorm
|-damage|p1a: Corsola|45/100 tox|[from] psn
|upkeep
|turn|45
|
|t:|1636162648
|move|p2a: Crustle|Iron Defense|p2a: Crustle
|-boost|p2a: Crustle|def|2
|move|p1a: Corsola|Will-O-Wisp|p2a: Crustle
|-status|p2a: Crustle|brn
|
|-weather|none
|-damage|p1a: Corsola|20/100 tox|[from] psn
|-damage|p2a: Crustle|94/100 brn|[from] brn
|upkeep
|turn|46
|
|t:|1636162653
|switch|p1a: Vikavolt|Vikavolt, M, shiny|94/100
|move|p2a: Crustle|Iron Defense|p2a: Crustle
|-boost|p2a: Crustle|def|2
|
|-damage|p2a: Crustle|88/100 brn|[from] brn
|upkeep
|turn|47
|
|t:|1636162657
|switch|p2a: Gigalith|Gigalith, M|100/100
|-damage|p2a: Gigalith|88/100|[from] Stealth Rock
|-activate|p2a: Gigalith|move: Sticky Web
|-unboost|p2a: Gigalith|spe|1
|-weather|Sandstorm|[from] ability: Sand Stream|[of] p2a: Gigalith
|move|p1a: Vikavolt|Discharge|p2a: Gigalith
|-damage|p2a: Gigalith|62/100
|
|-weather|Sandstorm|[upkeep]
|-damage|p1a: Vikavolt|88/100|[from] Sandstorm
|-heal|p2a: Gigalith|68/100|[from] item: Leftovers
|upkeep
|turn|48
|
|t:|1636162661
|move|p1a: Vikavolt|Discharge|p2a: Gigalith
|-damage|p2a: Gigalith|45/100
|move|p2a: Gigalith|Rock Blast|p1a: Vikavolt
|-supereffective|p1a: Vikavolt
|-damage|p1a: Vikavolt|64/100
|-supereffective|p1a: Vikavolt
|-damage|p1a: Vikavolt|39/100
|-supereffective|p1a: Vikavolt
|-damage|p1a: Vikavolt|17/100
|-hitcount|p1a: Vikavolt|3
|
|-weather|Sandstorm|[upkeep]
|-damage|p1a: Vikavolt|11/100|[from] Sandstorm
|-heal|p2a: Gigalith|51/100|[from] item: Leftovers
|upkeep
|turn|49
|
|t:|1636162666
|move|p1a: Vikavolt|Roost|p1a: Vikavolt
|-heal|p1a: Vikavolt|61/100
|-singleturn|p1a: Vikavolt|move: Roost
|move|p2a: Gigalith|Rock Blast|p1a: Vikavolt
|-supereffective|p1a: Vikavolt
|-damage|p1a: Vikavolt|38/100
|-supereffective|p1a: Vikavolt
|-damage|p1a: Vikavolt|16/100
|-supereffective|p1a: Vikavolt
|-damage|p1a: Vikavolt|0 fnt
|faint|p1a: Vikavolt
|-hitcount|p1: Vikavolt|3
|
|-weather|Sandstorm|[upkeep]
|-heal|p2a: Gigalith|57/100|[from] item: Leftovers
|upkeep
|
|t:|1636162678
|switch|p1a: Sandaconda|Sandaconda, M|100/100 slp
|-damage|p1a: Sandaconda|75/100 slp|[from] Spikes
|turn|50
|
|t:|1636162680
|switch|p2a: Flapple|Flapple, F|100/100
|-damage|p2a: Flapple|88/100|[from] Stealth Rock
|-activate|p2a: Flapple|move: Sticky Web
|-unboost|p2a: Flapple|spe|1
|cant|p1a: Sandaconda|slp
|
|-weather|Sandstorm|[upkeep]
|-damage|p2a: Flapple|82/100|[from] Sandstorm
|-activate|p1a: Sandaconda|ability: Shed Skin
|-curestatus|p1a: Sandaconda|slp|[msg]
|upkeep
|turn|51
|
|t:|1636162684
|move|p1a: Sandaconda|Glare|p2a: Flapple
|-status|p2a: Flapple|par
|move|p2a: Flapple|Grav Apple|p1a: Sandaconda
|-supereffective|p1a: Sandaconda
|-damage|p1a: Sandaconda|0 fnt
|faint|p1a: Sandaconda
|-damage|p2a: Flapple|72/100 par|[from] item: Life Orb
|
|-weather|none
|upkeep
|-message|Nina mal forfeited.
|
|win|one of the bouys
|raw|Nina mal's rating: 1375 &rarr; <strong>1359</strong><br />(-16 for losing)
|raw|one of the bouys's rating: 1446 &rarr; <strong>1462</strong><br />(+16 for winning)
|l|☆Nina mal
|l|☆one of the bouys
|j|☆Nina mal
|player|p1|Nina mal|guitarist
