|html|<div class="broadcast-blue"><strong>[Gen 8] PU is currently suspecting Drampa! For information on how to participate check out the <a href="https://www.smogon.com/forums/threads/np-pu-stage-7-i-hear-hyper-voices-in-my-head-drampa-suspect-test.3692992/">suspect thread</a>.</strong></div>
|j|☆Lucasm123
|j|☆one of the bouys
|t:|1635982776
|gametype|singles
|player|p1|Lucasm123|169|1322
|player|p2|one of the bouys|clown|1516
|teamsize|p1|6
|teamsize|p2|6
|gen|8
|tier|[Gen 8] PU
|rated|
|rule|Sleep Clause Mod: Limit one foe put to sleep
|rule|Species Clause: Limit one of each Pokémon
|rule|OHKO Clause: OHKO moves are banned
|rule|Evasion Moves Clause: Evasion moves are banned
|rule|Endless Battle Clause: Forcing endless battles is banned
|rule|HP Percentage Mod: HP is shown in percentages
|rule|Dynamax Clause: You cannot dynamax
|clearpoke
|poke|p1|Palossand, M|
|poke|p1|Drampa, M|
|poke|p1|Basculin, M|
|poke|p1|Charizard, F|
|poke|p1|Unfezant, F|
|poke|p1|Scrafty, M|
|poke|p2|Flapple, M|
|poke|p2|Drifblim, F|
|poke|p2|Sandaconda, F|
|poke|p2|Ribombee, F|
|poke|p2|Cryogonal|
|poke|p2|Gigalith, M|
|teampreview
|
|t:|1635982824
|start
|switch|p1a: Unfezant|Unfezant, F|100/100
|switch|p2a: Sandaconda|Sandaconda, F|100/100
|turn|1
|
|t:|1635982826
|move|p1a: Unfezant|U-turn|p2a: Sandaconda
|-damage|p2a: Sandaconda|84/100
|-damage|p1a: Unfezant|84/100|[from] item: Rocky Helmet|[of] p2a: Sandaconda
|
|t:|1635982832
|switch|p1a: Palossand|Palossand, M|100/100|[from]move: U-turn
|move|p2a: Sandaconda|Stealth Rock|p1a: Palossand
|-sidestart|p1: Lucasm123|move: Stealth Rock
|
|upkeep
|turn|2
|
|t:|1635982835
|switch|p2a: Flapple|Flapple, M|100/100
|move|p1a: Palossand|Stealth Rock|p2a: Flapple
|-sidestart|p2: one of the bouys|move: Stealth Rock
|
|upkeep
|turn|3
|
|t:|1635982840
|switch|p1a: Charizard|Charizard, F|100/100
|move|p2a: Flapple|Draco Meteor|p1a: Charizard
|-damage|p1a: Charizard|16/100
|-unboost|p2a: Flapple|spa|2
|-damage|p2a: Flapple|91/100|[from] item: Life Orb
|
|upkeep
|turn|4
|
|t:|1635982845
|switch|p2a: Gigalith|Gigalith, M|100/100
|-damage|p2a: Gigalith|88/100|[from] Stealth Rock
|-weather|Sandstorm|[from] ability: Sand Stream|[of] p2a: Gigalith
|move|p1a: Charizard|Flamethrower|p2a: Gigalith
|-resisted|p2a: Gigalith
|-damage|p2a: Gigalith|73/100
|
|-weather|Sandstorm|[upkeep]
|-damage|p1a: Charizard|10/100|[from] Sandstorm
|-heal|p2a: Gigalith|80/100|[from] item: Leftovers
|upkeep
|turn|5
|
|t:|1635982853
|switch|p1a: Palossand|Palossand, M|100/100
|-damage|p1a: Palossand|94/100|[from] Stealth Rock
|move|p2a: Gigalith|Sand Tomb|p1a: Palossand
|-damage|p1a: Palossand|88/100
|-activate|p1a: Palossand|move: Sand Tomb|[of] p2a: Gigalith
|
|-weather|Sandstorm|[upkeep]
|-heal|p1a: Palossand|94/100|[from] item: Leftovers
|-heal|p2a: Gigalith|86/100|[from] item: Leftovers
|-damage|p1a: Palossand|82/100|[from] move: Sand Tomb|[partiallytrapped]
|upkeep
|turn|6
|
|t:|1635982863
|move|p1a: Palossand|Earth Power|p2a: Gigalith
|-supereffective|p2a: Gigalith
|-damage|p2a: Gigalith|56/100
|move|p2a: Gigalith|Toxic|p1a: Palossand
|-status|p1a: Palossand|tox
|
|-weather|Sandstorm|[upkeep]
|-heal|p1a: Palossand|88/100 tox|[from] item: Leftovers
|-heal|p2a: Gigalith|63/100|[from] item: Leftovers
|-damage|p1a: Palossand|82/100 tox|[from] psn
|-damage|p1a: Palossand|69/100 tox|[from] move: Sand Tomb|[partiallytrapped]
|upkeep
|turn|7
|
|t:|1635982870
|move|p2a: Gigalith|Protect|p2a: Gigalith
|-singleturn|p2a: Gigalith|Protect
|move|p1a: Palossand|Earth Power|p2a: Gigalith
|-activate|p2a: Gigalith|move: Protect
|
|-weather|Sandstorm|[upkeep]
|-heal|p1a: Palossand|76/100 tox|[from] item: Leftovers
|-heal|p2a: Gigalith|69/100|[from] item: Leftovers
|-damage|p1a: Palossand|63/100 tox|[from] psn
|-damage|p1a: Palossand|51/100 tox|[from] move: Sand Tomb|[partiallytrapped]
|upkeep
|turn|8
|
|t:|1635982881
|switch|p2a: Ribombee|Ribombee, F|100/100
|move|p1a: Palossand|Shore Up|p1a: Palossand
|-heal|p1a: Palossand|100/100 tox
|
|-weather|none
|-damage|p1a: Palossand|82/100 tox|[from] psn
|-end|p1a: Palossand|Sand Tomb|[partiallytrapped]|[silent]
|upkeep
|turn|9
|
|t:|1635982892
|move|p2a: Ribombee|Quiver Dance|p2a: Ribombee
|-boost|p2a: Ribombee|spa|1
|-boost|p2a: Ribombee|spd|1
|-boost|p2a: Ribombee|spe|1
|move|p1a: Palossand|Shadow Ball|p2a: Ribombee
|-damage|p2a: Ribombee|65/100
|
|-heal|p1a: Palossand|88/100 tox|[from] item: Leftovers
|-damage|p1a: Palossand|64/100 tox|[from] psn
|upkeep
|turn|10
|
|t:|1635982896
|move|p2a: Ribombee|Moonblast|p1a: Palossand
|-damage|p1a: Palossand|0 fnt
|faint|p1a: Palossand
|
|upkeep
|
|t:|1635982898
|switch|p1a: Basculin|Basculin, M|100/100
|-damage|p1a: Basculin|88/100|[from] Stealth Rock
|turn|11
|
|t:|1635982904
|switch|p2a: Flapple|Flapple, M|91/100
|-damage|p2a: Flapple|78/100|[from] Stealth Rock
|move|p1a: Basculin|Aqua Jet|p2a: Flapple
|-resisted|p2a: Flapple
|-crit|p2a: Flapple
|-damage|p2a: Flapple|57/100
|
|upkeep
|turn|12
|
|t:|1635982909
|switch|p1a: Charizard|Charizard, F|10/100
|move|p2a: Flapple|Draco Meteor|p1a: Charizard
|-damage|p1a: Charizard|0 fnt
|-unboost|p2a: Flapple|spa|2
|faint|p1a: Charizard
|-damage|p2a: Flapple|47/100|[from] item: Life Orb
|
|upkeep
|
|t:|1635982913
|switch|p1a: Unfezant|Unfezant, F|84/100
|-damage|p1a: Unfezant|59/100|[from] Stealth Rock
|turn|13
|
|t:|1635982918
|switch|p2a: Sandaconda|Sandaconda, F|84/100
|-damage|p2a: Sandaconda|78/100|[from] Stealth Rock
|move|p1a: Unfezant|U-turn|p2a: Sandaconda
|-damage|p2a: Sandaconda|63/100
|-damage|p1a: Unfezant|42/100|[from] item: Rocky Helmet|[of] p2a: Sandaconda
|
|t:|1635982923
|switch|p1a: Basculin|Basculin, M|88/100|[from]move: U-turn
|-damage|p1a: Basculin|76/100|[from] Stealth Rock
|
|upkeep
|turn|14
|
|t:|1635982926
|move|p1a: Basculin|Liquidation|p2a: Sandaconda
|-supereffective|p2a: Sandaconda
|-damage|p2a: Sandaconda|0 fnt
|-damage|p1a: Basculin|59/100|[from] item: Rocky Helmet|[of] p2a: Sandaconda
|faint|p2a: Sandaconda
|
|upkeep
|
|t:|1635982935
|switch|p2a: Ribombee|Ribombee, F|65/100
|turn|15
|
|t:|1635982943
|switch|p1a: Drampa|Drampa, M|100/100
|-damage|p1a: Drampa|88/100|[from] Stealth Rock
|move|p2a: Ribombee|Moonblast|p1a: Drampa
|-supereffective|p1a: Drampa
|-damage|p1a: Drampa|4/100
|
|upkeep
|turn|16
|
|t:|1635982954
|move|p2a: Ribombee|U-turn|p1a: Drampa
|-damage|p1a: Drampa|0 fnt
|faint|p1a: Drampa
|
|t:|1635982961
|switch|p2a: Flapple|Flapple, M|47/100|[from]move: U-turn
|-damage|p2a: Flapple|35/100|[from] Stealth Rock
|
|upkeep
|
|t:|1635982970
|switch|p1a: Unfezant|Unfezant, F|42/100
|-damage|p1a: Unfezant|17/100|[from] Stealth Rock
|turn|17
|
|t:|1635982973
|move|p2a: Flapple|Sucker Punch|p1a: Unfezant
|-damage|p1a: Unfezant|0 fnt
|faint|p1a: Unfezant
|-damage|p2a: Flapple|25/100|[from] item: Life Orb
|
|upkeep
|
|t:|1635982978
|switch|p1a: Scrafty|Scrafty, M|100/100
|-damage|p1a: Scrafty|95/100|[from] Stealth Rock
|turn|18
|
|t:|1635982981
|move|p2a: Flapple|Outrage|p1a: Scrafty
|-damage|p1a: Scrafty|0 fnt
|faint|p1a: Scrafty
|-damage|p2a: Flapple|15/100|[from] item: Life Orb
|
|upkeep
|
|t:|1635982983
|switch|p1a: Basculin|Basculin, M|59/100
|-damage|p1a: Basculin|47/100|[from] Stealth Rock
|turn|19
|
|t:|1635982987
|move|p1a: Basculin|Aqua Jet|p2a: Flapple
|-resisted|p2a: Flapple
|-damage|p2a: Flapple|2/100
|move|p2a: Flapple|Outrage|p1a: Basculin|[from]lockedmove
|-damage|p1a: Basculin|0 fnt
|faint|p1a: Basculin
|-damage|p2a: Flapple|0 fnt|[from] item: Life Orb
|faint|p2a: Flapple
|
|win|one of the bouys
|raw|Lucasm123's rating: 1322 &rarr; <strong>1312</strong><br />(-10 for losing)
|raw|one of the bouys's rating: 1516 &rarr; <strong>1526</strong><br />(+10 for winning)
|c|☆one of the bouys|gg
|l|☆Lucasm123
