|j|☆Haffling
|j|☆neoRockw3b
|t:|1665924764
|gametype|singles
|player|p1|Haffling|cyrus|
|player|p2|neoRockw3b|n|
|teamsize|p1|6
|teamsize|p2|6
|gen|8
|tier|[Gen 8] PU
|rated|Tournament battle
|rule|Sleep Clause Mod: Limit one foe put to sleep
|rule|Species Clause: Limit one of each Pokémon
|rule|OHKO Clause: OHKO moves are banned
|rule|Evasion Items Clause: Evasion items are banned
|rule|Evasion Moves Clause: Evasion moves are banned
|rule|Endless Battle Clause: Forcing endless battles is banned
|rule|HP Percentage Mod: HP is shown in percentages
|rule|Dynamax Clause: You cannot dynamax
|clearpoke
|poke|p1|Charizard, F|
|poke|p1|Scrafty, M|
|poke|p1|Togedemaru, M|
|poke|p1|Eldegoss, F|
|poke|p1|Gigalith, F|
|poke|p1|Quagsire, M|
|poke|p2|Galvantula, M|
|poke|p2|Whimsicott, M|
|poke|p2|Quagsire, M|
|poke|p2|Charizard, M|
|poke|p2|Froslass, F|
|poke|p2|Cinccino, F|
|teampreview
|inactive|Battle timer is ON: inactive players will automatically lose when time's up. (requested by neoRockw3b)
|j| PUDS DiannieRatson
|c|☆Haffling|hf
|c|☆neoRockw3b|u2
|
|t:|1665924781
|start
|switch|p1a: Gigalith|Gigalith, F|100/100
|switch|p2a: furry|Cinccino, F|100/100
|-weather|Sandstorm|[from] ability: Sand Stream|[of] p1a: Gigalith
|turn|1
|
|t:|1665924793
|move|p1a: Gigalith|Protect|p1a: Gigalith
|-singleturn|p1a: Gigalith|Protect
|move|p2a: furry|U-turn|p1a: Gigalith
|-activate|p1a: Gigalith|move: Protect
|
|-weather|Sandstorm|[upkeep]
|-damage|p2a: furry|94/100|[from] Sandstorm
|upkeep
|turn|2
|
|t:|1665924798
|move|p2a: furry|U-turn|p1a: Gigalith
|-damage|p1a: Gigalith|79/100
|
|t:|1665924801
|switch|p2a: ?|Quagsire, M|100/100|[from]move: U-turn
|move|p1a: Gigalith|Stealth Rock|p2a: ?
|-sidestart|p2: neoRockw3b|move: Stealth Rock
|
|-weather|Sandstorm|[upkeep]
|-heal|p1a: Gigalith|85/100|[from] item: Leftovers
|upkeep
|turn|3
|
|t:|1665924811
|switch|p1a: Scrafty|Scrafty, M|100/100
|move|p2a: ?|Toxic|p1a: Scrafty
|-status|p1a: Scrafty|tox
|
|-weather|Sandstorm|[upkeep]
|-damage|p1a: Scrafty|95/100 tox|[from] Sandstorm
|-heal|p1a: Scrafty|100/100 tox|[from] item: Leftovers
|-damage|p1a: Scrafty|95/100 tox|[from] psn
|upkeep
|turn|4
|
|t:|1665924834
|move|p1a: Scrafty|Knock Off|p2a: ?
|-damage|p2a: ?|71/100
|-enditem|p2a: ?|Leftovers|[from] move: Knock Off|[of] p1a: Scrafty
|move|p2a: ?|Scald|p1a: Scrafty
|-damage|p1a: Scrafty|74/100 tox
|
|-weather|Sandstorm|[upkeep]
|-damage|p1a: Scrafty|68/100 tox|[from] Sandstorm
|-heal|p1a: Scrafty|74/100 tox|[from] item: Leftovers
|-damage|p1a: Scrafty|62/100 tox|[from] psn
|upkeep
|turn|5
|j| cafay sukray
|
|t:|1665924845
|move|p1a: Scrafty|Taunt|p2a: ?
|-start|p2a: ?|move: Taunt
|move|p2a: ?|Earthquake|p1a: Scrafty
|-crit|p1a: Scrafty
|-damage|p1a: Scrafty|7/100 tox
|
|-weather|none
|-heal|p1a: Scrafty|13/100 tox|[from] item: Leftovers
|-damage|p1a: Scrafty|0 fnt|[from] psn
|faint|p1a: Scrafty
|upkeep
|c|☆Haffling|boo
|
|t:|1665924854
|switch|p1a: Eldegoss|Eldegoss, F|100/100
|turn|6
|c|☆neoRockw3b|depressing
|
|t:|1665924861
|switch|p2a: furry|Cinccino, F|94/100
|-damage|p2a: furry|82/100|[from] Stealth Rock
|move|p1a: Eldegoss|Leech Seed|p2a: furry
|-start|p2a: furry|move: Leech Seed
|
|-damage|p2a: furry|70/100|[from] Leech Seed|[of] p1a: Eldegoss
|upkeep
|turn|7
|c| PUDS DiannieRatson|What a crit
|c| PUDS DiannieRatson|I wish I was that lucky when against scrafty
|
|t:|1665924874
|move|p2a: furry|U-turn|p1a: Eldegoss
|-supereffective|p1a: Eldegoss
|-damage|p1a: Eldegoss|51/100
|
|t:|1665924886
|switch|p2a: Glaile|Froslass, F|100/100|[from]move: U-turn
|move|p1a: Eldegoss|Leech Seed|p2a: Glaile
|-start|p2a: Glaile|move: Leech Seed
|
|-damage|p2a: Glaile|88/100|[from] Leech Seed|[of] p1a: Eldegoss
|-heal|p1a: Eldegoss|62/100|[silent]
|upkeep
|turn|8
|
|t:|1665924895
|switch|p1a: Gigalith|Gigalith, F|85/100
|-weather|Sandstorm|[from] ability: Sand Stream|[of] p1a: Gigalith
|move|p2a: Glaile|Ice Beam|p1a: Gigalith
|-damage|p1a: Gigalith|67/100
|
|-weather|Sandstorm|[upkeep]
|-damage|p2a: Glaile|82/100|[from] Sandstorm
|-heal|p1a: Gigalith|73/100|[from] item: Leftovers
|-damage|p2a: Glaile|70/100|[from] Leech Seed|[of] p1a: Gigalith
|-heal|p1a: Gigalith|82/100|[silent]
|upkeep
|turn|9
|j| JA4sen
|l|☆Haffling
|inactive|Haffling disconnected and has a minute to reconnect!
|player|p1|
|inactive|Haffling has 30 seconds to reconnect!
|inactive|Haffling has 20 seconds to reconnect!
|j|☆Haffling
|inactive|Haffling reconnected and has 100 seconds left.
|player|p1|Haffling|cyrus
|
|t:|1665924951
|switch|p2a: furry|Cinccino, F|70/100
|-damage|p2a: furry|57/100|[from] Stealth Rock
|move|p1a: Gigalith|Rock Blast|p2a: furry
|-damage|p2a: furry|38/100
|-damage|p2a: furry|18/100
|-hitcount|p2a: furry|2
|
|-weather|Sandstorm|[upkeep]
|-damage|p2a: furry|11/100|[from] Sandstorm
|-heal|p1a: Gigalith|88/100|[from] item: Leftovers
|upkeep
|turn|10
|
|t:|1665924961
|move|p1a: Gigalith|Protect|p1a: Gigalith
|-singleturn|p1a: Gigalith|Protect
|move|p2a: furry|Bullet Seed|p1a: Gigalith
|-activate|p1a: Gigalith|move: Protect
|
|-weather|Sandstorm|[upkeep]
|-damage|p2a: furry|5/100|[from] Sandstorm
|-heal|p1a: Gigalith|95/100|[from] item: Leftovers
|upkeep
|turn|11
|c|☆Haffling|scary
|
|t:|1665924966
|switch|p1a: Charizard|Charizard, F|100/100
|move|p2a: furry|Bullet Seed|p1a: Charizard
|-resisted|p1a: Charizard
|-damage|p1a: Charizard|97/100
|-resisted|p1a: Charizard
|-damage|p1a: Charizard|93/100
|-resisted|p1a: Charizard
|-damage|p1a: Charizard|89/100
|-resisted|p1a: Charizard
|-damage|p1a: Charizard|86/100
|-resisted|p1a: Charizard
|-damage|p1a: Charizard|83/100
|-hitcount|p1a: Charizard|5
|
|-weather|Sandstorm|[upkeep]
|-damage|p2a: furry|0 fnt|[from] Sandstorm
|-damage|p1a: Charizard|77/100|[from] Sandstorm
|faint|p2a: furry
|upkeep
|
|t:|1665924978
|switch|p2a: Galvanizer|Galvantula, M|100/100
|turn|12
|
|t:|1665924986
|switch|p1a: Togedemaru|Togedemaru, M|100/100
|move|p2a: Galvanizer|Giga Drain|p1a: Togedemaru
|-resisted|p1a: Togedemaru
|-damage|p1a: Togedemaru|90/100
|
|-weather|none
|-heal|p1a: Togedemaru|96/100|[from] item: Leftovers
|upkeep
|turn|13
|
|t:|1665924995
|switch|p2a: Cotton Candy|Whimsicott, M, shiny|100/100
|-damage|p2a: Cotton Candy|88/100|[from] Stealth Rock
|move|p1a: Togedemaru|Wish|p1a: Togedemaru
|
|-heal|p2a: Cotton Candy|94/100|[from] item: Leftovers
|-heal|p1a: Togedemaru|100/100|[from] item: Leftovers
|upkeep
|turn|14
|c| PUDS DiannieRatson|Disconnection is op
|
|t:|1665925000
|move|p2a: Cotton Candy|Defog|p1a: Togedemaru
|-unboost|p1a: Togedemaru|evasion|1
|-sideend|p2: neoRockw3b|Stealth Rock|[from] move: Defog|[of] p2a: Cotton Candy
|move|p1a: Togedemaru|Iron Head|p2a: Cotton Candy
|-supereffective|p2a: Cotton Candy
|-damage|p2a: Cotton Candy|30/100
|
|-heal|p2a: Cotton Candy|36/100|[from] item: Leftovers
|upkeep
|turn|15
|
|t:|1665925012
|switch|p2a: CHARAZAR|Charizard, M|100/100
|move|p1a: Togedemaru|U-turn|p2a: CHARAZAR
|-resisted|p2a: CHARAZAR
|-damage|p2a: CHARAZAR|95/100
|
|t:|1665925015
|switch|p1a: Gigalith|Gigalith, F|95/100|[from]move: U-turn
|-weather|Sandstorm|[from] ability: Sand Stream|[of] p1a: Gigalith
|
|-weather|Sandstorm|[upkeep]
|-damage|p2a: CHARAZAR|89/100|[from] Sandstorm
|-heal|p1a: Gigalith|100/100|[from] item: Leftovers
|upkeep
|turn|16
|
|t:|1665925019
|switch|p2a: ?|Quagsire, M|71/100
|move|p1a: Gigalith|Stealth Rock|p2a: ?
|-sidestart|p2: neoRockw3b|move: Stealth Rock
|
|-weather|Sandstorm|[upkeep]
|upkeep
|turn|17
|
|t:|1665925027
|switch|p1a: Eldegoss|Eldegoss, F|95/100
|move|p2a: ?|Toxic|p1a: Eldegoss
|-status|p1a: Eldegoss|tox
|
|-weather|Sandstorm|[upkeep]
|-damage|p1a: Eldegoss|89/100 tox|[from] Sandstorm
|-damage|p1a: Eldegoss|83/100 tox|[from] psn
|upkeep
|turn|18
|
|t:|1665925041
|switch|p1a: Gigalith|Gigalith, F|100/100
|switch|p2a: CHARAZAR|Charizard, M|89/100
|
|-weather|Sandstorm|[upkeep]
|-damage|p2a: CHARAZAR|83/100|[from] Sandstorm
|upkeep
|turn|19
|
|t:|1665925054
|switch|p2a: Galvanizer|Galvantula, M|100/100
|move|p1a: Gigalith|Rock Blast|p2a: Galvanizer
|-supereffective|p2a: Galvanizer
|-damage|p2a: Galvanizer|59/100
|-supereffective|p2a: Galvanizer
|-damage|p2a: Galvanizer|14/100
|-supereffective|p2a: Galvanizer
|-damage|p2a: Galvanizer|0 fnt
|faint|p2a: Galvanizer
|-hitcount|p2: Galvanizer|3
|
|-weather|none
|upkeep
|
|t:|1665925060
|switch|p2a: Cotton Candy|Whimsicott, M, shiny|36/100
|-damage|p2a: Cotton Candy|23/100|[from] Stealth Rock
|turn|20
|
|t:|1665925066
|move|p2a: Cotton Candy|Leech Seed|p1a: Gigalith
|-start|p1a: Gigalith|move: Leech Seed
|move|p1a: Gigalith|Rock Blast|p2a: Cotton Candy
|-damage|p2a: Cotton Candy|9/100
|-crit|p2a: Cotton Candy
|-damage|p2a: Cotton Candy|0 fnt
|faint|p2a: Cotton Candy
|-hitcount|p2: Cotton Candy|2
|
|upkeep
|
|t:|1665925075
|switch|p2a: ?|Quagsire, M|71/100
|-damage|p2a: ?|64/100|[from] Stealth Rock
|turn|21
|
|t:|1665925080
|switch|p1a: Eldegoss|Eldegoss, F|100/100 tox
|move|p2a: ?|Toxic|p1a: Eldegoss
|-fail|p1a: Eldegoss|tox
|
|-damage|p1a: Eldegoss|94/100 tox|[from] psn
|upkeep
|turn|22
|
|t:|1665925085
|switch|p2a: CHARAZAR|Charizard, M|83/100
|move|p1a: Eldegoss|Leech Seed|p2a: CHARAZAR
|-start|p2a: CHARAZAR|move: Leech Seed
|
|-damage|p2a: CHARAZAR|70/100|[from] Leech Seed|[of] p1a: Eldegoss
|-heal|p1a: Eldegoss|100/100 tox|[silent]
|-damage|p1a: Eldegoss|88/100 tox|[from] psn
|upkeep
|turn|23
|
|t:|1665925090
|switch|p1a: Gigalith|Gigalith, F|100/100
|-weather|Sandstorm|[from] ability: Sand Stream|[of] p1a: Gigalith
|move|p2a: CHARAZAR|Earthquake|p1a: Gigalith
|-supereffective|p1a: Gigalith
|-damage|p1a: Gigalith|72/100
|
|-weather|Sandstorm|[upkeep]
|-damage|p2a: CHARAZAR|64/100|[from] Sandstorm
|-heal|p1a: Gigalith|78/100|[from] item: Leftovers
|-damage|p2a: CHARAZAR|52/100|[from] Leech Seed|[of] p1a: Gigalith
|-heal|p1a: Gigalith|88/100|[silent]
|upkeep
|turn|24
|
|t:|1665925098
|switch|p2a: Glaile|Froslass, F|70/100
|move|p1a: Gigalith|Rock Blast|p2a: Glaile
|-supereffective|p2a: Glaile
|-damage|p2a: Glaile|31/100
|-supereffective|p2a: Glaile
|-damage|p2a: Glaile|0 fnt
|-start|p1a: Gigalith|Disable|Rock Blast|[from] ability: Cursed Body|[of] p2a: Glaile
|faint|p2a: Glaile
|-hitcount|p2: Glaile|2
|
|-weather|Sandstorm|[upkeep]
|-heal|p1a: Gigalith|94/100|[from] item: Leftovers
|upkeep
|
|t:|1665925101
|switch|p2a: ?|Quagsire, M|64/100
|-damage|p2a: ?|58/100|[from] Stealth Rock
|turn|25
|
|t:|1665925110
|switch|p1a: Togedemaru|Togedemaru, M|100/100
|move|p2a: ?|Earthquake|p1a: Togedemaru
|-supereffective|p1a: Togedemaru
|-damage|p1a: Togedemaru|0 fnt
|faint|p1a: Togedemaru
|
|-weather|Sandstorm|[upkeep]
|upkeep
|
|t:|1665925113
|switch|p1a: Eldegoss|Eldegoss, F|100/100 tox
|turn|26
|
|t:|1665925118
|move|p1a: Eldegoss|Leech Seed|p2a: ?
|-start|p2a: ?|move: Leech Seed
|move|p2a: ?|Recover|p2a: ?
|-heal|p2a: ?|100/100
|
|-weather|Sandstorm|[upkeep]
|-damage|p1a: Eldegoss|94/100 tox|[from] Sandstorm
|-damage|p2a: ?|88/100|[from] Leech Seed|[of] p1a: Eldegoss
|-heal|p1a: Eldegoss|100/100 tox|[silent]
|-damage|p1a: Eldegoss|94/100 tox|[from] psn
|upkeep
|turn|27
|
|t:|1665925123
|switch|p2a: CHARAZAR|Charizard, M|52/100
|move|p1a: Eldegoss|Leech Seed|p2a: CHARAZAR
|-start|p2a: CHARAZAR|move: Leech Seed
|
|-weather|none
|-damage|p2a: CHARAZAR|39/100|[from] Leech Seed|[of] p1a: Eldegoss
|-heal|p1a: Eldegoss|100/100 tox|[silent]
|-damage|p1a: Eldegoss|88/100 tox|[from] psn
|upkeep
|turn|28
|
|t:|1665925130
|switch|p1a: Gigalith|Gigalith, F|94/100
|-weather|Sandstorm|[from] ability: Sand Stream|[of] p1a: Gigalith
|move|p2a: CHARAZAR|Air Slash|p1a: Gigalith
|-resisted|p1a: Gigalith
|-damage|p1a: Gigalith|86/100
|
|-weather|Sandstorm|[upkeep]
|-damage|p2a: CHARAZAR|33/100|[from] Sandstorm
|-heal|p1a: Gigalith|92/100|[from] item: Leftovers
|-damage|p2a: CHARAZAR|21/100|[from] Leech Seed|[of] p1a: Gigalith
|-heal|p1a: Gigalith|100/100|[silent]
|upkeep
|turn|29
|
|t:|1665925138
|move|p2a: CHARAZAR|Earthquake|p1a: Gigalith
|-supereffective|p1a: Gigalith
|-damage|p1a: Gigalith|74/100
|move|p1a: Gigalith|Rock Blast|p2a: CHARAZAR
|-supereffective|p2a: CHARAZAR
|-damage|p2a: CHARAZAR|0 fnt
|faint|p2a: CHARAZAR
|-hitcount|p2: CHARAZAR|1
|
|-weather|Sandstorm|[upkeep]
|-heal|p1a: Gigalith|80/100|[from] item: Leftovers
|upkeep
|
|t:|1665925142
|switch|p2a: ?|Quagsire, M|88/100
|-damage|p2a: ?|82/100|[from] Stealth Rock
|turn|30
|
|t:|1665925148
|switch|p1a: Eldegoss|Eldegoss, F|100/100 tox
|move|p2a: ?|Toxic|p1a: Eldegoss
|-fail|p1a: Eldegoss|tox
|
|-weather|Sandstorm|[upkeep]
|-damage|p1a: Eldegoss|94/100 tox|[from] Sandstorm
|-damage|p1a: Eldegoss|88/100 tox|[from] psn
|upkeep
|turn|31
|
|t:|1665925152
|move|p1a: Eldegoss|Giga Drain|p2a: ?
|-supereffective|p2a: ?
|-damage|p2a: ?|0 fnt
|-heal|p1a: Eldegoss|100/100 tox|[from] drain|[of] p2a: ?
|faint|p2a: ?
|
|win|Haffling
|n|☆neoRockw3b|neorockw3b
|n| PUDS DiannieRatson|pudsdiannieratson
|n| cafay sukray|cafaysukray
|n| JA4sen|ja4sen
|n|☆Haffling|haffling
