|j|☆one step from eden
|j|☆Vikeo
|t:|1610215288
|player|p1|one step from eden|grimsley-gen7|1497
|player|p2|Vikeo|266|1228
|teamsize|p1|6
|teamsize|p2|6
|gametype|singles
|gen|8
|tier|[Gen 8] PU
|rated|
|clearpoke
|poke|p1|Articuno|
|poke|p1|Jellicent, F|
|poke|p1|Druddigon, F|
|poke|p1|Skuntank, M|
|poke|p1|Weezing, M|
|poke|p1|Togedemaru, F|
|poke|p2|Calyrex|
|poke|p2|Jolteon, M|
|poke|p2|Sandaconda, M|
|poke|p2|Perrserker, F|
|poke|p2|Silvally-*|
|poke|p2|Frosmoth, F|
|rule|Sleep Clause Mod: Limit one foe put to sleep
|rule|Species Clause: Limit one of each Pokémon
|rule|OHKO Clause: OHKO moves are banned
|rule|Evasion Moves Clause: Evasion moves are banned
|rule|Endless Battle Clause: Forcing endless battles is banned
|rule|HP Percentage Mod: HP is shown in percentages
|rule|Dynamax Clause: You cannot dynamax
|teampreview
|
|t:|1610215299
|start
|switch|p1a: Druddigon|Druddigon, F|100/100
|switch|p2a: Calyrex|Calyrex|100/100
|-ability|p2a: Calyrex|Unnerve|p1: one step from eden
|-ability|p1a: Druddigon|Mold Breaker
|turn|1
|
|t:|1610215305
|switch|p1a: Togedemaru|Togedemaru, F|100/100
|move|p2a: Calyrex|Trick|p1a: Togedemaru
|-activate|p2a: Calyrex|move: Trick|[of] p1a: Togedemaru
|-item|p1a: Togedemaru|Choice Specs|[from] move: Trick
|-item|p2a: Calyrex|Choice Scarf|[from] move: Trick
|
|upkeep
|turn|2
|
|t:|1610215317
|switch|p2a: Perrserker|Perrserker, F|100/100
|move|p1a: Togedemaru|U-turn|p2a: Perrserker
|-resisted|p2a: Perrserker
|-damage|p2a: Perrserker|87/100
|
|t:|1610215325
|switch|p1a: Weezing|Weezing, M|100/100|[from]move: U-turn
|
|upkeep
|turn|3
|
|t:|1610215338
|move|p2a: Perrserker|Iron Head|p1a: Weezing
|-damage|p1a: Weezing|31/100
|-damage|p2a: Perrserker|71/100|[from] item: Rocky Helmet|[of] p1a: Weezing
|move|p1a: Weezing|Toxic Spikes|p2a: Perrserker
|-sidestart|p2: Vikeo|move: Toxic Spikes
|
|upkeep
|turn|4
|
|t:|1610215354
|switch|p1a: Jellicent|Jellicent, F|100/100
|move|p2a: Perrserker|Iron Head|p1a: Jellicent
|-resisted|p1a: Jellicent
|-damage|p1a: Jellicent|60/100
|
|-heal|p1a: Jellicent|66/100|[from] item: Leftovers
|upkeep
|turn|5
|j| Zeldok
|inactive|Battle timer is ON: inactive players will automatically lose when time's up. (requested by Vikeo)
|
|t:|1610215360
|move|p2a: Perrserker|Iron Head|p1a: Jellicent
|-resisted|p1a: Jellicent
|-damage|p1a: Jellicent|23/100
|move|p1a: Jellicent|Recover|p1a: Jellicent
|-heal|p1a: Jellicent|73/100
|
|-heal|p1a: Jellicent|79/100|[from] item: Leftovers
|upkeep
|turn|6
|
|t:|1610215365
|move|p2a: Perrserker|Iron Head|p1a: Jellicent
|-resisted|p1a: Jellicent
|-damage|p1a: Jellicent|41/100
|cant|p1a: Jellicent|flinch
|
|-heal|p1a: Jellicent|47/100|[from] item: Leftovers
|upkeep
|turn|7
|
|t:|1610215370
|move|p2a: Perrserker|Iron Head|p1a: Jellicent
|-resisted|p1a: Jellicent
|-damage|p1a: Jellicent|9/100
|cant|p1a: Jellicent|flinch
|
|-heal|p1a: Jellicent|15/100|[from] item: Leftovers
|upkeep
|turn|8
|
|t:|1610215374
|switch|p1a: Togedemaru|Togedemaru, F|100/100
|move|p2a: Perrserker|Iron Head|p1a: Togedemaru
|-resisted|p1a: Togedemaru
|-damage|p1a: Togedemaru|60/100
|
|upkeep
|turn|9
|
|t:|1610215378
|switch|p2a: Silvally|Silvally-Poison|100/100
|-sideend|p2: Vikeo|move: Toxic Spikes|[of] p2a: Silvally
|move|p1a: Togedemaru|Nuzzle|p2a: Silvally
|-damage|p2a: Silvally|93/100
|-status|p2a: Silvally|par
|
|upkeep
|turn|10
|
|t:|1610215385
|switch|p1a: Skuntank|Skuntank, M|100/100
|move|p2a: Silvally|Grass Pledge|p1a: Skuntank
|-resisted|p1a: Skuntank
|-damage|p1a: Skuntank|89/100
|
|-heal|p1a: Skuntank|95/100|[from] item: Black Sludge
|upkeep
|turn|11
|
|t:|1610215393
|move|p1a: Skuntank|Nasty Plot|p1a: Skuntank
|-boost|p1a: Skuntank|spa|2
|move|p2a: Silvally|Parting Shot|p1a: Skuntank
|-unboost|p1a: Skuntank|atk|1
|-unboost|p1a: Skuntank|spa|1
|
|t:|1610215400
|switch|p2a: Jolteon|Jolteon, M|100/100|[from]move: Parting Shot
|
|-heal|p1a: Skuntank|100/100|[from] item: Black Sludge
|upkeep
|turn|12
|
|t:|1610215408
|switch|p1a: Druddigon|Druddigon, F|100/100
|-ability|p1a: Druddigon|Mold Breaker
|move|p2a: Jolteon|Shadow Ball|p1a: Druddigon
|-damage|p1a: Druddigon|74/100
|
|-heal|p1a: Druddigon|80/100|[from] item: Leftovers
|upkeep
|turn|13
|
|t:|1610215420
|switch|p2a: Frosmoth|Frosmoth, F|100/100
|move|p1a: Druddigon|Protect||[still]
|-fail|p1a: Druddigon
|
|-heal|p1a: Druddigon|86/100|[from] item: Leftovers
|upkeep
|turn|14
|
|t:|1610215426
|move|p2a: Frosmoth|Ice Beam|p1a: Druddigon
|-supereffective|p1a: Druddigon
|-damage|p1a: Druddigon|20/100
|move|p1a: Druddigon|Toxic|p2a: Frosmoth|[miss]
|-miss|p1a: Druddigon|p2a: Frosmoth
|
|-heal|p1a: Druddigon|26/100|[from] item: Leftovers
|upkeep
|turn|15
|
|t:|1610215434
|switch|p1a: Togedemaru|Togedemaru, F|60/100
|move|p2a: Frosmoth|Bug Buzz|p1a: Togedemaru
|-resisted|p1a: Togedemaru
|-damage|p1a: Togedemaru|22/100
|
|upkeep
|turn|16
|
|t:|1610215441
|switch|p2a: Silvally|Silvally-Poison|93/100 par
|move|p1a: Togedemaru|U-turn|p2a: Silvally
|-resisted|p2a: Silvally
|-damage|p2a: Silvally|84/100 par
|
|t:|1610215449
|switch|p1a: Jellicent|Jellicent, F|15/100|[from]move: U-turn
|
|-heal|p1a: Jellicent|21/100|[from] item: Leftovers
|upkeep
|turn|17
|
|t:|1610215454
|move|p1a: Jellicent|Recover|p1a: Jellicent
|-heal|p1a: Jellicent|71/100
|move|p2a: Silvally|Grass Pledge|p1a: Jellicent
|-supereffective|p1a: Jellicent
|-damage|p1a: Jellicent|46/100
|
|-heal|p1a: Jellicent|52/100|[from] item: Leftovers
|upkeep
|turn|18
|
|t:|1610215460
|move|p1a: Jellicent|Recover|p1a: Jellicent
|-heal|p1a: Jellicent|100/100
|move|p2a: Silvally|Parting Shot|p1a: Jellicent
|-unboost|p1a: Jellicent|atk|1
|-unboost|p1a: Jellicent|spa|1
|
|t:|1610215464
|switch|p2a: Jolteon|Jolteon, M|100/100|[from]move: Parting Shot
|
|upkeep
|turn|19
|
|t:|1610215469
|switch|p1a: Druddigon|Druddigon, F|26/100
|-ability|p1a: Druddigon|Mold Breaker
|move|p2a: Jolteon|Shadow Ball|p1a: Druddigon
|-damage|p1a: Druddigon|0 fnt
|faint|p1a: Druddigon
|
|upkeep
|
|t:|1610215472
|switch|p1a: Skuntank|Skuntank, M|100/100
|turn|20
|
|t:|1610215482
|switch|p2a: Sandaconda|Sandaconda, M, shiny|100/100
|move|p1a: Skuntank|Nasty Plot|p1a: Skuntank
|-boost|p1a: Skuntank|spa|2
|
|upkeep
|turn|21
|
|t:|1610215496
|switch|p1a: Weezing|Weezing, M|31/100
|move|p2a: Sandaconda|Glare|p1a: Weezing
|-status|p1a: Weezing|par
|
|upkeep
|turn|22
|
|t:|1610215501
|move|p2a: Sandaconda|Stealth Rock|p1a: Weezing
|-sidestart|p1: one step from eden|move: Stealth Rock
|cant|p1a: Weezing|par
|
|upkeep
|turn|23
|
|t:|1610215507
|switch|p2a: Jolteon|Jolteon, M|100/100
|move|p1a: Weezing|Pain Split|p2a: Jolteon
|-sethp|p2a: Jolteon|70/100|[from] move: Pain Split|[silent]
|-sethp|p1a: Weezing|56/100 par|[from] move: Pain Split
|
|upkeep
|turn|24
|
|t:|1610215516
|move|p2a: Jolteon|Heal Bell|p2a: Jolteon
|-activate|p2a: Jolteon|move: Heal Bell
|-curestatus|p2: Silvally|par|[msg]
|cant|p1a: Weezing|par
|
|upkeep
|turn|25
|
|t:|1610215525
|switch|p2a: Frosmoth|Frosmoth, F|100/100
|cant|p1a: Weezing|par
|
|upkeep
|turn|26
|
|t:|1610215543
|move|p2a: Frosmoth|Quiver Dance|p2a: Frosmoth
|-boost|p2a: Frosmoth|spa|1
|-boost|p2a: Frosmoth|spd|1
|-boost|p2a: Frosmoth|spe|1
|move|p1a: Weezing|Sludge Bomb|p2a: Frosmoth
|-damage|p2a: Frosmoth|89/100
|
|upkeep
|turn|27
|
|t:|1610215549
|move|p2a: Frosmoth|Ice Beam|p1a: Weezing
|-damage|p1a: Weezing|0 fnt
|faint|p1a: Weezing
|
|upkeep
|
|t:|1610215556
|switch|p1a: Articuno|Articuno|100/100
|-ability|p1a: Articuno|Pressure
|turn|28
|
|t:|1610215559
|move|p2a: Frosmoth|Quiver Dance|p2a: Frosmoth
|-boost|p2a: Frosmoth|spa|1
|-boost|p2a: Frosmoth|spd|1
|-boost|p2a: Frosmoth|spe|1
|move|p1a: Articuno|Hurricane|p2a: Frosmoth|[miss]
|-miss|p1a: Articuno|p2a: Frosmoth
|
|upkeep
|turn|29
|
|t:|1610215569
|move|p2a: Frosmoth|Quiver Dance|p2a: Frosmoth
|-boost|p2a: Frosmoth|spa|1
|-boost|p2a: Frosmoth|spd|1
|-boost|p2a: Frosmoth|spe|1
|move|p1a: Articuno|Hurricane|p2a: Frosmoth
|-supereffective|p2a: Frosmoth
|-damage|p2a: Frosmoth|65/100
|
|upkeep
|turn|30
|
|t:|1610215572
|move|p2a: Frosmoth|Ice Beam|p1a: Articuno
|-damage|p1a: Articuno|9/100
|move|p1a: Articuno|Hurricane|p2a: Frosmoth|[miss]
|-miss|p1a: Articuno|p2a: Frosmoth
|
|upkeep
|turn|31
|inactive|one step from eden has 120 seconds left.
|-message|one step from eden forfeited.
|
|win|Vikeo
|l|☆one step from eden
||Ladder (probably) updated, but score could not be retrieved (Request timeout).
