|j|☆Pyo Boss
|j|☆test julie
|t:|1595456453
|player|p1|Pyo Boss|darach|1299
|player|p2|test julie|170|1326
|teamsize|p1|6
|teamsize|p2|6
|gametype|singles
|gen|8
|tier|[Gen 8] PU
|rated|
|clearpoke
|poke|p1|Drifblim, M|
|poke|p1|Dubwool, M|
|poke|p1|Musharna, M|
|poke|p1|Stonjourner, M|
|poke|p1|Cutiefly, F|
|poke|p1|Falinks|
|poke|p2|Vespiquen, F|
|poke|p2|Pikachu, F|
|poke|p2|Mareanie, M|
|poke|p2|Stunfisk, M|
|poke|p2|Type: Null|
|poke|p2|Trevenant, F|
|rule|Sleep Clause Mod: Limit one foe put to sleep
|rule|Species Clause: Limit one of each Pokémon
|rule|OHKO Clause: OHKO moves are banned
|rule|Evasion Moves Clause: Evasion moves are banned
|rule|Endless Battle Clause: Forcing endless battles is banned
|rule|HP Percentage Mod: HP is shown in percentages
|rule|Dynamax Clause: You cannot dynamax
|teampreview
|
|t:|1595456468
|start
|switch|p1a: Cutiefly|Cutiefly, F|100/100
|switch|p2a: Pikachu|Pikachu, F|100/100
|turn|1
|
|t:|1595456476
|move|p2a: Pikachu|Fake Out|p1a: Cutiefly
|-damage|p1a: Cutiefly|45/100
|move|p1a: Cutiefly|Sticky Web|p2a: Pikachu
|-sidestart|p2: test julie|move: Sticky Web
|
|upkeep
|turn|2
|
|t:|1595456491
|switch|p1a: Dubwool|Dubwool, M|100/100
|move|p2a: Pikachu|Volt Tackle|p1a: Dubwool
|-damage|p1a: Dubwool|70/100
|-status|p1a: Dubwool|par
|-damage|p2a: Pikachu|84/100|[from] Recoil
|
|-heal|p1a: Dubwool|76/100 par|[from] item: Leftovers
|upkeep
|turn|3
|
|t:|1595456502
|switch|p2a: Mareanie|Mareanie, M|100/100
|-activate|p2a: Mareanie|move: Sticky Web
|-unboost|p2a: Mareanie|spe|1
|move|p1a: Dubwool|Copycat|p1a: Dubwool
|move|p1a: Dubwool|Volt Tackle|p2a: Mareanie|[from]Copycat
|-supereffective|p2a: Mareanie
|-damage|p2a: Mareanie|71/100
|-damage|p1a: Dubwool|68/100 par|[from] Recoil
|
|-heal|p1a: Dubwool|74/100 par|[from] item: Leftovers
|upkeep
|turn|4
|
|t:|1595456524
|switch|p1a: Cutiefly|Cutiefly, F|45/100
|move|p2a: Mareanie|Toxic Spikes|p1a: Cutiefly
|-sidestart|p1: Pyo Boss|move: Toxic Spikes
|
|upkeep
|turn|5
|
|t:|1595456531
|move|p1a: Cutiefly|Switcheroo|p2a: Mareanie
|-activate|p1a: Cutiefly|move: Trick|[of] p2a: Mareanie
|-item|p2a: Mareanie|Focus Sash|[from] move: Switcheroo
|-item|p1a: Cutiefly|Eviolite|[from] move: Switcheroo
|move|p2a: Mareanie|Toxic Spikes|p1a: Cutiefly
|-sidestart|p1: Pyo Boss|move: Toxic Spikes
|
|upkeep
|turn|6
|
|t:|1595456549
|move|p1a: Cutiefly|Moonblast|p2a: Mareanie
|-resisted|p2a: Mareanie
|-damage|p2a: Mareanie|39/100
|move|p2a: Mareanie|Knock Off|p1a: Cutiefly
|-resisted|p1a: Cutiefly
|-damage|p1a: Cutiefly|31/100
|-enditem|p1a: Cutiefly|Eviolite|[from] move: Knock Off|[of] p2a: Mareanie
|
|upkeep
|turn|7
|
|t:|1595456558
|move|p1a: Cutiefly|Moonblast|p2a: Mareanie
|-resisted|p2a: Mareanie
|-damage|p2a: Mareanie|12/100
|-unboost|p2a: Mareanie|spa|1
|move|p2a: Mareanie|Recover|p2a: Mareanie
|-heal|p2a: Mareanie|62/100
|
|upkeep
|turn|8
|
|t:|1595456565
|move|p1a: Cutiefly|Moonblast|p2a: Mareanie
|-resisted|p2a: Mareanie
|-damage|p2a: Mareanie|34/100
|-unboost|p2a: Mareanie|spa|1
|move|p2a: Mareanie|Recover|p2a: Mareanie
|-heal|p2a: Mareanie|85/100
|
|upkeep
|turn|9
|
|t:|1595456572
|switch|p1a: Musharna|Musharna, M|100/100
|-status|p1a: Musharna|tox
|move|p2a: Mareanie|Recover|p2a: Mareanie
|-heal|p2a: Mareanie|100/100
|
|-damage|p1a: Musharna|94/100 tox|[from] psn
|upkeep
|turn|10
|
|t:|1595456582
|move|p1a: Musharna|Psychic|p2a: Mareanie
|-supereffective|p2a: Mareanie
|-enditem|p2a: Mareanie|Focus Sash
|-damage|p2a: Mareanie|1/100
|move|p2a: Mareanie|Knock Off|p1a: Musharna
|-supereffective|p1a: Musharna
|-damage|p1a: Musharna|69/100 tox
|-enditem|p1a: Musharna|Leftovers|[from] move: Knock Off|[of] p2a: Mareanie
|
|-damage|p1a: Musharna|57/100 tox|[from] psn
|upkeep
|turn|11
|c|☆test julie|nice sash
|
|t:|1595456593
|switch|p2a: Type: Null|Type: Null|100/100
|-activate|p2a: Type: Null|move: Sticky Web
|-unboost|p2a: Type: Null|spe|1
|move|p1a: Musharna|Psychic|p2a: Type: Null
|-damage|p2a: Type: Null|86/100
|
|-damage|p1a: Musharna|38/100 tox|[from] psn
|upkeep
|turn|12
|
|t:|1595456600
|move|p1a: Musharna|Toxic|p2a: Type: Null
|-status|p2a: Type: Null|tox
|move|p2a: Type: Null|U-turn|p1a: Musharna
|-supereffective|p1a: Musharna
|-damage|p1a: Musharna|12/100 tox
|
|t:|1595456612
|switch|p2a: Pikachu|Pikachu, F|84/100|[from]move: U-turn
|-activate|p2a: Pikachu|move: Sticky Web
|-unboost|p2a: Pikachu|spe|1
|
|-damage|p1a: Musharna|0 fnt|[from] psn
|faint|p1a: Musharna
|upkeep
|
|t:|1595456626
|switch|p1a: Stonjourner|Stonjourner, M|100/100
|-status|p1a: Stonjourner|tox
|turn|13
|
|t:|1595456631
|move|p2a: Pikachu|Fake Out|p1a: Stonjourner
|-resisted|p1a: Stonjourner
|-damage|p1a: Stonjourner|94/100 tox
|cant|p1a: Stonjourner|flinch
|
|-damage|p1a: Stonjourner|88/100 tox|[from] psn
|upkeep
|turn|14
|
|t:|1595456648
|switch|p2a: Trevenant|Trevenant, F|100/100
|-activate|p2a: Trevenant|move: Sticky Web
|-unboost|p2a: Trevenant|spe|1
|move|p1a: Stonjourner|Heat Crash|p2a: Trevenant
|-supereffective|p2a: Trevenant
|-damage|p2a: Trevenant|0 fnt
|faint|p2a: Trevenant
|
|-damage|p1a: Stonjourner|75/100 tox|[from] psn
|upkeep
|
|t:|1595456657
|switch|p2a: Stunfisk|Stunfisk, M|100/100
|-activate|p2a: Stunfisk|move: Sticky Web
|-unboost|p2a: Stunfisk|spe|1
|turn|15
|
|t:|1595456662
|switch|p1a: Cutiefly|Cutiefly, F|31/100
|-status|p1a: Cutiefly|tox
|move|p2a: Stunfisk|Stealth Rock|p1a: Cutiefly
|-sidestart|p1: Pyo Boss|move: Stealth Rock
|
|-damage|p1a: Cutiefly|25/100 tox|[from] psn
|upkeep
|turn|16
|
|t:|1595456675
|move|p2a: Stunfisk|Protect|p2a: Stunfisk
|-singleturn|p2a: Stunfisk|Protect
|move|p1a: Cutiefly|Toxic|p2a: Stunfisk
|-activate|p2a: Stunfisk|move: Protect
|
|-damage|p1a: Cutiefly|13/100 tox|[from] psn
|upkeep
|turn|17
|
|t:|1595456685
|switch|p2a: Mareanie|Mareanie, M|34/100
|-activate|p2a: Mareanie|move: Sticky Web
|-unboost|p2a: Mareanie|spe|1
|move|p1a: Cutiefly|Switcheroo||[still]
|-fail|p1a: Cutiefly
|
|-damage|p1a: Cutiefly|0 fnt|[from] psn
|faint|p1a: Cutiefly
|upkeep
|
|t:|1595456696
|switch|p1a: Stonjourner|Stonjourner, M|75/100 tox
|-damage|p1a: Stonjourner|63/100 tox|[from] Stealth Rock
|turn|18
|
|t:|1595456716
|switch|p2a: Vespiquen|Vespiquen, F|100/100
|-ability|p2a: Vespiquen|Pressure
|move|p1a: Stonjourner|Earthquake|p2a: Vespiquen
|-immune|p2a: Vespiquen
|
|-damage|p1a: Stonjourner|57/100 tox|[from] psn
|upkeep
|turn|19
|
|t:|1595456739
|switch|p1a: Drifblim|Drifblim, M|100/100
|-damage|p1a: Drifblim|76/100|[from] Stealth Rock
|move|p2a: Vespiquen|U-turn|p1a: Drifblim
|-resisted|p1a: Drifblim
|-damage|p1a: Drifblim|69/100
|
|t:|1595456750
|switch|p2a: Pikachu|Pikachu, F|84/100|[from]move: U-turn
|-activate|p2a: Pikachu|move: Sticky Web
|-unboost|p2a: Pikachu|spe|1
|
|upkeep
|turn|20
|
|t:|1595456762
|move|p1a: Drifblim|Shadow Ball|p2a: Pikachu
|-crit|p2a: Pikachu
|-damage|p2a: Pikachu|0 fnt
|faint|p2a: Pikachu
|
|upkeep
|
|t:|1595456770
|switch|p2a: Type: Null|Type: Null|86/100 tox
|-activate|p2a: Type: Null|move: Sticky Web
|-unboost|p2a: Type: Null|spe|1
|turn|21
|
|t:|1595456777
|switch|p1a: Dubwool|Dubwool, M|74/100 par
|-damage|p1a: Dubwool|62/100 par|[from] Stealth Rock
|move|p2a: Type: Null|Toxic||[still]
|-fail|p2a: Type: Null
|
|-heal|p1a: Dubwool|68/100 par|[from] item: Leftovers
|-damage|p2a: Type: Null|80/100 tox|[from] psn
|upkeep
|turn|22
|
|t:|1595456783
|switch|p2a: Mareanie|Mareanie, M|67/100
|-activate|p2a: Mareanie|move: Sticky Web
|-unboost|p2a: Mareanie|spe|1
|move|p1a: Dubwool|Copycat|p1a: Dubwool
|move|p1a: Dubwool|Toxic|p2a: Mareanie|[from]Copycat
|-immune|p2a: Mareanie
|
|-heal|p1a: Dubwool|74/100 par|[from] item: Leftovers
|upkeep
|turn|23
|
|t:|1595456792
|cant|p1a: Dubwool|par
|move|p2a: Mareanie|Knock Off|p1a: Dubwool
|-damage|p1a: Dubwool|69/100 par
|-enditem|p1a: Dubwool|Leftovers|[from] move: Knock Off|[of] p2a: Mareanie
|
|upkeep
|turn|24
|
|t:|1595456801
|switch|p2a: Vespiquen|Vespiquen, F|100/100
|-ability|p2a: Vespiquen|Pressure
|move|p1a: Dubwool|Copycat|p1a: Dubwool
|move|p1a: Dubwool|Knock Off|p2a: Vespiquen|[from]Copycat
|-damage|p2a: Vespiquen|89/100
|-enditem|p2a: Vespiquen|Heavy-Duty Boots|[from] move: Knock Off|[of] p1a: Dubwool
|
|upkeep
|turn|25
|
|t:|1595456818
|move|p1a: Dubwool|Copycat|p1a: Dubwool
|move|p1a: Dubwool|Knock Off|p2a: Vespiquen|[from]Copycat
|-damage|p2a: Vespiquen|80/100
|move|p2a: Vespiquen|Defog|p1a: Dubwool
|-unboost|p1a: Dubwool|evasion|1
|-sideend|p1: Pyo Boss|Toxic Spikes|[from] move: Defog|[of] p2a: Vespiquen
|-sideend|p1: Pyo Boss|Stealth Rock|[from] move: Defog|[of] p2a: Vespiquen
|-sideend|p2: test julie|Sticky Web|[from] move: Defog|[of] p2a: Vespiquen
|
|upkeep
|turn|26
|j| pigassaultking
|
|t:|1595456831
|switch|p1a: Drifblim|Drifblim, M|69/100
|move|p2a: Vespiquen|U-turn|p1a: Drifblim
|-resisted|p1a: Drifblim
|-damage|p1a: Drifblim|63/100
|
|t:|1595456841
|switch|p2a: Type: Null|Type: Null|80/100 tox|[from]move: U-turn
|
|-damage|p2a: Type: Null|74/100 tox|[from] psn
|upkeep
|turn|27
|
|t:|1595456851
|move|p1a: Drifblim|Strength Sap|p2a: Type: Null
|-unboost|p2a: Type: Null|atk|1
|-heal|p1a: Drifblim|100/100
|move|p2a: Type: Null|Rest|p2a: Type: Null
|-status|p2a: Type: Null|slp|[from] move: Rest
|-heal|p2a: Type: Null|100/100 slp|[silent]
|
|upkeep
|turn|28
|
|t:|1595456862
|switch|p1a: Dubwool|Dubwool, M|69/100 par
|cant|p2a: Type: Null|slp
|move|p2a: Type: Null|Sleep Talk|p2a: Type: Null
|move|p2a: Type: Null|Rest|p2a: Type: Null|[from]Sleep Talk
|-fail|p2a: Type: Null|heal
|
|upkeep
|turn|29
|inactive|Battle timer is ON: inactive players will automatically lose when time's up. (requested by test julie)
|
|t:|1595456890
|cant|p2a: Type: Null|slp
|move|p2a: Type: Null|Sleep Talk|p2a: Type: Null
|move|p2a: Type: Null|Rest|p2a: Type: Null|[from]Sleep Talk
|-fail|p2a: Type: Null|heal
|move|p1a: Dubwool|Cotton Guard|p1a: Dubwool
|-boost|p1a: Dubwool|def|3
|
|upkeep
|turn|30
|
|t:|1595456897
|switch|p2a: Mareanie|Mareanie, M|100/100
|cant|p1a: Dubwool|par
|
|upkeep
|turn|31
|
|t:|1595456903
|move|p2a: Mareanie|Haze|p2a: Mareanie
|-clearallboost
|move|p1a: Dubwool|Body Press|p2a: Mareanie
|-resisted|p2a: Mareanie
|-damage|p2a: Mareanie|87/100
|
|upkeep
|turn|32
|
|t:|1595456921
|switch|p1a: Falinks|Falinks|100/100
|move|p2a: Mareanie|Knock Off|p1a: Falinks
|-resisted|p1a: Falinks
|-damage|p1a: Falinks|92/100
|-enditem|p1a: Falinks|Weakness Policy|[from] move: Knock Off|[of] p2a: Mareanie
|
|upkeep
|turn|33
|
|t:|1595456934
|switch|p2a: Vespiquen|Vespiquen, F|80/100
|-ability|p2a: Vespiquen|Pressure
|move|p1a: Falinks|Zen Headbutt|p2a: Vespiquen
|-damage|p2a: Vespiquen|65/100
|
|upkeep
|turn|34
|
|t:|1595456947
|switch|p1a: Dubwool|Dubwool, M|69/100 par
|move|p2a: Vespiquen|Roost|p2a: Vespiquen
|-heal|p2a: Vespiquen|100/100
|-singleturn|p2a: Vespiquen|move: Roost
|
|upkeep
|turn|35
|
|t:|1595456956
|move|p1a: Dubwool|Copycat|p1a: Dubwool
|move|p1a: Dubwool|Roost|p1a: Dubwool|[from]Copycat
|-heal|p1a: Dubwool|100/100 par
|-singleturn|p1a: Dubwool|move: Roost
|move|p2a: Vespiquen|U-turn|p1a: Dubwool
|-damage|p1a: Dubwool|94/100 par
|
|t:|1595456962
|switch|p2a: Stunfisk|Stunfisk, M|100/100|[from]move: U-turn
|
|upkeep
|turn|36
|
|t:|1595456969
|move|p1a: Dubwool|Cotton Guard|p1a: Dubwool
|-boost|p1a: Dubwool|def|3
|move|p2a: Stunfisk|Stealth Rock|p1a: Dubwool
|-sidestart|p1: Pyo Boss|move: Stealth Rock
|
|upkeep
|turn|37
|
|t:|1595456986
|switch|p2a: Mareanie|Mareanie, M|100/100
|move|p1a: Dubwool|Copycat|p1a: Dubwool
|move|p1a: Dubwool|Stealth Rock|p2a: Mareanie|[from]Copycat
|-sidestart|p2: test julie|move: Stealth Rock
|
|upkeep
|turn|38
|
|t:|1595456993
|switch|p1a: Stonjourner|Stonjourner, M|57/100 tox
|-damage|p1a: Stonjourner|44/100 tox|[from] Stealth Rock
|move|p2a: Mareanie|Knock Off|p1a: Stonjourner
|-damage|p1a: Stonjourner|33/100 tox
|-enditem|p1a: Stonjourner|Choice Band|[from] move: Knock Off|[of] p2a: Mareanie
|
|-damage|p1a: Stonjourner|27/100 tox|[from] psn
|upkeep
|turn|39
|
|t:|1595457006
|switch|p2a: Type: Null|Type: Null|100/100 slp
|-damage|p2a: Type: Null|88/100 slp|[from] Stealth Rock
|move|p1a: Stonjourner|Stone Edge|p2a: Type: Null
|-damage|p2a: Type: Null|56/100 slp
|
|-damage|p1a: Stonjourner|15/100 tox|[from] psn
|upkeep
|turn|40
|
|t:|1595457019
|move|p1a: Stonjourner|Stone Edge|p2a: Type: Null|[miss]
|-miss|p1a: Stonjourner|p2a: Type: Null
|-curestatus|p2a: Type: Null|slp|[msg]
|move|p2a: Type: Null|Rest|p2a: Type: Null
|-status|p2a: Type: Null|slp|[from] move: Rest
|-heal|p2a: Type: Null|100/100 slp|[silent]
|
|-damage|p1a: Stonjourner|0 fnt|[from] psn
|faint|p1a: Stonjourner
|upkeep
|
|t:|1595457027
|switch|p1a: Falinks|Falinks|92/100
|-damage|p1a: Falinks|86/100|[from] Stealth Rock
|turn|41
|
|t:|1595457038
|switch|p2a: Vespiquen|Vespiquen, F|100/100
|-damage|p2a: Vespiquen|50/100|[from] Stealth Rock
|-ability|p2a: Vespiquen|Pressure
|move|p1a: Falinks|No Retreat|p1a: Falinks
|-boost|p1a: Falinks|atk|1
|-boost|p1a: Falinks|def|1
|-boost|p1a: Falinks|spa|1
|-boost|p1a: Falinks|spd|1
|-boost|p1a: Falinks|spe|1
|-start|p1a: Falinks|move: No Retreat
|
|upkeep
|turn|42
|
|t:|1595457048
|move|p1a: Falinks|Throat Chop|p2a: Vespiquen
|-damage|p2a: Vespiquen|29/100
|-start|p2a: Vespiquen|Throat Chop|[silent]
|move|p2a: Vespiquen|Roost|p2a: Vespiquen
|-heal|p2a: Vespiquen|79/100
|-singleturn|p2a: Vespiquen|move: Roost
|
|upkeep
|turn|43
|
|t:|1595457052
|move|p1a: Falinks|Zen Headbutt|p2a: Vespiquen
|-damage|p2a: Vespiquen|57/100
|move|p2a: Vespiquen|Roost|p2a: Vespiquen
|-heal|p2a: Vespiquen|100/100
|-singleturn|p2a: Vespiquen|move: Roost
|
|-end|p2a: Vespiquen|Throat Chop|[silent]
|upkeep
|turn|44
|
|t:|1595457062
|move|p1a: Falinks|Zen Headbutt|p2a: Vespiquen
|-damage|p2a: Vespiquen|80/100
|move|p2a: Vespiquen|Aromatherapy|p2a: Vespiquen
|-activate|p2a: Vespiquen|move: Aromatherapy
|-curestatus|p2: Type: Null|slp|[msg]
|
|upkeep
|turn|45
|inactive|test julie has 120 seconds left.
|
|t:|1595457093
|move|p1a: Falinks|Throat Chop|p2a: Vespiquen
|-damage|p2a: Vespiquen|59/100
|-start|p2a: Vespiquen|Throat Chop|[silent]
|move|p2a: Vespiquen|Roost|p2a: Vespiquen
|-heal|p2a: Vespiquen|100/100
|-singleturn|p2a: Vespiquen|move: Roost
|
|upkeep
|turn|46
|inactive|test julie has 120 seconds left.
|
|t:|1595457107
|switch|p2a: Stunfisk|Stunfisk, M|100/100
|-damage|p2a: Stunfisk|94/100|[from] Stealth Rock
|move|p1a: Falinks|Zen Headbutt|p2a: Stunfisk
|-damage|p2a: Stunfisk|75/100
|-damage|p1a: Falinks|70/100|[from] item: Rocky Helmet|[of] p2a: Stunfisk
|
|upkeep
|turn|47
|inactive|test julie has 120 seconds left.
|
|t:|1595457122
|move|p1a: Falinks|Close Combat|p2a: Stunfisk
|-damage|p2a: Stunfisk|28/100
|-unboost|p1a: Falinks|def|1
|-unboost|p1a: Falinks|spd|1
|-damage|p1a: Falinks|53/100|[from] item: Rocky Helmet|[of] p2a: Stunfisk
|move|p2a: Stunfisk|Toxic|p1a: Falinks
|-status|p1a: Falinks|tox
|
|-damage|p1a: Falinks|47/100 tox|[from] psn
|upkeep
|turn|48
|
|t:|1595457133
|move|p2a: Stunfisk|Protect|p2a: Stunfisk
|-singleturn|p2a: Stunfisk|Protect
|move|p1a: Falinks|Close Combat|p2a: Stunfisk
|-activate|p2a: Stunfisk|move: Protect
|
|-damage|p1a: Falinks|36/100 tox|[from] psn
|upkeep
|turn|49
|
|t:|1595457139
|switch|p2a: Vespiquen|Vespiquen, F|100/100
|-damage|p2a: Vespiquen|50/100|[from] Stealth Rock
|-ability|p2a: Vespiquen|Pressure
|move|p1a: Falinks|Close Combat|p2a: Vespiquen
|-resisted|p2a: Vespiquen
|-damage|p2a: Vespiquen|39/100
|-unboost|p1a: Falinks|def|1
|-unboost|p1a: Falinks|spd|1
|
|-damage|p1a: Falinks|18/100 tox|[from] psn
|upkeep
|turn|50
|
|t:|1595457142
|move|p1a: Falinks|Zen Headbutt|p2a: Vespiquen
|-damage|p2a: Vespiquen|19/100
|move|p2a: Vespiquen|Roost|p2a: Vespiquen
|-heal|p2a: Vespiquen|69/100
|-singleturn|p2a: Vespiquen|move: Roost
|
|-damage|p1a: Falinks|0 fnt|[from] psn
|faint|p1a: Falinks
|upkeep
|
|t:|1595457147
|switch|p1a: Drifblim|Drifblim, M|100/100
|-damage|p1a: Drifblim|76/100|[from] Stealth Rock
|turn|51
|
|t:|1595457156
|move|p1a: Drifblim|Calm Mind|p1a: Drifblim
|-boost|p1a: Drifblim|spa|1
|-boost|p1a: Drifblim|spd|1
|move|p2a: Vespiquen|U-turn|p1a: Drifblim
|-resisted|p1a: Drifblim
|-damage|p1a: Drifblim|69/100
|
|t:|1595457166
|switch|p2a: Mareanie|Mareanie, M|100/100|[from]move: U-turn
|-damage|p2a: Mareanie|88/100|[from] Stealth Rock
|
|upkeep
|turn|52
|
|t:|1595457176
|move|p1a: Drifblim|Shadow Ball|p2a: Mareanie
|-crit|p2a: Mareanie
|-damage|p2a: Mareanie|0 fnt
|faint|p2a: Mareanie
|
|upkeep
|
|t:|1595457180
|switch|p2a: Type: Null|Type: Null|100/100
|-damage|p2a: Type: Null|88/100|[from] Stealth Rock
|turn|53
|
|t:|1595457186
|switch|p1a: Dubwool|Dubwool, M|94/100 par
|-damage|p1a: Dubwool|81/100 par|[from] Stealth Rock
|move|p2a: Type: Null|Toxic||[still]
|-fail|p2a: Type: Null
|
|upkeep
|turn|54
|
|t:|1595457193
|move|p2a: Type: Null|U-turn|p1a: Dubwool
|-damage|p1a: Dubwool|75/100 par
|
|t:|1595457197
|switch|p2a: Vespiquen|Vespiquen, F|69/100|[from]move: U-turn
|-damage|p2a: Vespiquen|19/100|[from] Stealth Rock
|-ability|p2a: Vespiquen|Pressure
|move|p1a: Dubwool|Cotton Guard|p1a: Dubwool
|-boost|p1a: Dubwool|def|3
|
|upkeep
|turn|55
|
|t:|1595457209
|move|p1a: Dubwool|Cotton Guard|p1a: Dubwool
|-boost|p1a: Dubwool|def|3
|move|p2a: Vespiquen|Roost|p2a: Vespiquen
|-heal|p2a: Vespiquen|69/100
|-singleturn|p2a: Vespiquen|move: Roost
|
|upkeep
|turn|56
|
|t:|1595457224
|move|p1a: Dubwool|Copycat|p1a: Dubwool
|move|p1a: Dubwool|Roost|p1a: Dubwool|[from]Copycat
|-heal|p1a: Dubwool|100/100 par
|-singleturn|p1a: Dubwool|move: Roost
|move|p2a: Vespiquen|Defog|p1a: Dubwool
|-unboost|p1a: Dubwool|evasion|1
|-sideend|p1: Pyo Boss|Stealth Rock|[from] move: Defog|[of] p2a: Vespiquen
|-sideend|p2: test julie|Stealth Rock|[from] move: Defog|[of] p2a: Vespiquen
|
|upkeep
|turn|57
|
|t:|1595457232
|cant|p1a: Dubwool|par
|move|p2a: Vespiquen|Roost|p2a: Vespiquen
|-heal|p2a: Vespiquen|100/100
|-singleturn|p2a: Vespiquen|move: Roost
|
|upkeep
|turn|58
|
|t:|1595457240
|cant|p1a: Dubwool|par
|move|p2a: Vespiquen|Defog|p1a: Dubwool
|-unboost|p1a: Dubwool|evasion|1
|
|upkeep
|turn|59
|
|t:|1595457247
|move|p1a: Dubwool|Body Press|p2a: Vespiquen
|-resisted|p2a: Vespiquen
|-damage|p2a: Vespiquen|84/100
|move|p2a: Vespiquen|Defog|p1a: Dubwool
|-unboost|p1a: Dubwool|evasion|1
|
|upkeep
|turn|60
|
|t:|1595457253
|cant|p1a: Dubwool|par
|move|p2a: Vespiquen|Defog|p1a: Dubwool
|-unboost|p1a: Dubwool|evasion|1
|
|upkeep
|turn|61
|
|t:|1595457259
|move|p1a: Dubwool|Copycat|p1a: Dubwool
|move|p1a: Dubwool|Defog|p2a: Vespiquen|[from]Copycat
|-unboost|p2a: Vespiquen|evasion|1
|move|p2a: Vespiquen|Defog|p1a: Dubwool
|-unboost|p1a: Dubwool|evasion|1
|
|upkeep
|turn|62
|
|t:|1595457262
|move|p1a: Dubwool|Copycat|p1a: Dubwool
|move|p1a: Dubwool|Defog|p2a: Vespiquen|[from]Copycat
|-unboost|p2a: Vespiquen|evasion|1
|move|p2a: Vespiquen|Defog|p1a: Dubwool
|-unboost|p1a: Dubwool|evasion|1
|
|upkeep
|turn|63
|
|t:|1595457270
|move|p1a: Dubwool|Copycat|p1a: Dubwool
|move|p1a: Dubwool|Defog|p2a: Vespiquen|[from]Copycat
|-unboost|p2a: Vespiquen|evasion|1
|move|p2a: Vespiquen|Defog||[still]
|-unboost|p1a: Dubwool|evasion|0
|-fail|p2a: Vespiquen
|
|upkeep
|turn|64
|
|t:|1595457273
|cant|p1a: Dubwool|par
|move|p2a: Vespiquen|Defog||[still]
|-unboost|p1a: Dubwool|evasion|0
|-fail|p2a: Vespiquen
|
|upkeep
|turn|65
|
|t:|1595457284
|move|p1a: Dubwool|Body Press|p2a: Vespiquen
|-resisted|p2a: Vespiquen
|-damage|p2a: Vespiquen|68/100
|move|p2a: Vespiquen|Defog||[still]
|-unboost|p1a: Dubwool|evasion|0
|-fail|p2a: Vespiquen
|
|upkeep
|turn|66
|
|t:|1595457287
|cant|p1a: Dubwool|par
|move|p2a: Vespiquen|Roost|p2a: Vespiquen
|-heal|p2a: Vespiquen|100/100
|-singleturn|p2a: Vespiquen|move: Roost
|
|upkeep
|turn|67
|
|t:|1595457291
|move|p1a: Dubwool|Copycat|p1a: Dubwool
|move|p1a: Dubwool|Roost||[from]Copycat|[still]
|-fail|p1a: Dubwool|heal
|move|p2a: Vespiquen|Defog||[still]
|-unboost|p1a: Dubwool|evasion|0
|-fail|p2a: Vespiquen
|
|upkeep
|turn|68
|
|t:|1595457296
|move|p1a: Dubwool|Cotton Guard|p1a: Dubwool
|-boost|p1a: Dubwool|def|0
|move|p2a: Vespiquen|Defog||[still]
|-unboost|p1a: Dubwool|evasion|0
|-fail|p2a: Vespiquen
|
|upkeep
|turn|69
|
|t:|1595457300
|move|p1a: Dubwool|Cotton Guard|p1a: Dubwool
|-boost|p1a: Dubwool|def|0
|move|p2a: Vespiquen|Defog||[still]
|-unboost|p1a: Dubwool|evasion|0
|-fail|p2a: Vespiquen
|
|upkeep
|turn|70
|
|t:|1595457307
|move|p1a: Dubwool|Copycat|p1a: Dubwool
|move|p1a: Dubwool|Defog|p2a: Vespiquen|[from]Copycat
|-unboost|p2a: Vespiquen|evasion|1
|move|p2a: Vespiquen|Defog||[still]
|-unboost|p1a: Dubwool|evasion|0
|-fail|p2a: Vespiquen
|
|upkeep
|turn|71
|
|t:|1595457311
|cant|p1a: Dubwool|par
|move|p2a: Vespiquen|Defog||[still]
|-unboost|p1a: Dubwool|evasion|0
|-fail|p2a: Vespiquen
|
|upkeep
|turn|72
|
|t:|1595457316
|move|p1a: Dubwool|Copycat|p1a: Dubwool
|move|p1a: Dubwool|Defog|p2a: Vespiquen|[from]Copycat
|-unboost|p2a: Vespiquen|evasion|1
|move|p2a: Vespiquen|Defog||[still]
|-unboost|p1a: Dubwool|evasion|0
|-fail|p2a: Vespiquen
|
|upkeep
|turn|73
|
|t:|1595457318
|cant|p1a: Dubwool|par
|move|p2a: Vespiquen|Defog||[still]
|-unboost|p1a: Dubwool|evasion|0
|-fail|p2a: Vespiquen
|
|upkeep
|turn|74
|
|t:|1595457326
|move|p1a: Dubwool|Copycat|p1a: Dubwool
|move|p1a: Dubwool|Defog|p2a: Vespiquen|[from]Copycat
|-unboost|p2a: Vespiquen|evasion|1
|move|p2a: Vespiquen|Defog||[still]
|-unboost|p1a: Dubwool|evasion|0
|-fail|p2a: Vespiquen
|
|upkeep
|turn|75
|
|t:|1595457328
|move|p1a: Dubwool|Copycat|p1a: Dubwool
|move|p1a: Dubwool|Defog||[from]Copycat|[still]
|-unboost|p2a: Vespiquen|evasion|0
|-fail|p1a: Dubwool
|move|p2a: Vespiquen|Defog||[still]
|-unboost|p1a: Dubwool|evasion|0
|-fail|p2a: Vespiquen
|
|upkeep
|turn|76
|
|t:|1595457331
|move|p1a: Dubwool|Copycat|p1a: Dubwool
|move|p1a: Dubwool|Defog||[from]Copycat|[still]
|-unboost|p2a: Vespiquen|evasion|0
|-fail|p1a: Dubwool
|move|p2a: Vespiquen|Defog||[still]
|-unboost|p1a: Dubwool|evasion|0
|-fail|p2a: Vespiquen
|
|upkeep
|turn|77
|
|t:|1595457335
|move|p1a: Dubwool|Copycat|p1a: Dubwool
|move|p1a: Dubwool|Defog||[from]Copycat|[still]
|-unboost|p2a: Vespiquen|evasion|0
|-fail|p1a: Dubwool
|move|p2a: Vespiquen|Defog||[still]
|-unboost|p1a: Dubwool|evasion|0
|-fail|p2a: Vespiquen
|
|upkeep
|turn|78
|
|t:|1595457337
|cant|p1a: Dubwool|par
|move|p2a: Vespiquen|Defog||[still]
|-unboost|p1a: Dubwool|evasion|0
|-fail|p2a: Vespiquen
|
|upkeep
|turn|79
|
|t:|1595457341
|move|p1a: Dubwool|Cotton Guard|p1a: Dubwool
|-boost|p1a: Dubwool|def|0
|move|p2a: Vespiquen|Defog||[still]
|-unboost|p1a: Dubwool|evasion|0
|-fail|p2a: Vespiquen
|
|upkeep
|turn|80
|
|t:|1595457346
|move|p1a: Dubwool|Cotton Guard|p1a: Dubwool
|-boost|p1a: Dubwool|def|0
|move|p2a: Vespiquen|Defog||[still]
|-unboost|p1a: Dubwool|evasion|0
|-fail|p2a: Vespiquen
|
|upkeep
|turn|81
|
|t:|1595457348
|cant|p1a: Dubwool|par
|move|p2a: Vespiquen|Aromatherapy||[still]
|-activate|p2a: Vespiquen|move: Aromatherapy
|-fail|p2a: Vespiquen
|
|upkeep
|turn|82
|
|t:|1595457362
|move|p1a: Dubwool|Cotton Guard|p1a: Dubwool
|-boost|p1a: Dubwool|def|0
|move|p2a: Vespiquen|Aromatherapy||[still]
|-activate|p2a: Vespiquen|move: Aromatherapy
|-fail|p2a: Vespiquen
|
|upkeep
|turn|83
|
|t:|1595457369
|cant|p1a: Dubwool|par
|move|p2a: Vespiquen|Aromatherapy||[still]
|-activate|p2a: Vespiquen|move: Aromatherapy
|-fail|p2a: Vespiquen
|
|upkeep
|turn|84
|
|t:|1595457372
|move|p1a: Dubwool|Copycat|p1a: Dubwool
|move|p1a: Dubwool|Aromatherapy|p1a: Dubwool|[from]Copycat
|-activate|p1a: Dubwool|move: Aromatherapy
|-curestatus|p1a: Dubwool|par|[msg]
|move|p2a: Vespiquen|Aromatherapy||[still]
|-activate|p2a: Vespiquen|move: Aromatherapy
|-fail|p2a: Vespiquen
|
|upkeep
|turn|85
|
|t:|1595457378
|move|p1a: Dubwool|Cotton Guard|p1a: Dubwool
|-boost|p1a: Dubwool|def|0
|move|p2a: Vespiquen|Aromatherapy||[still]
|-activate|p2a: Vespiquen|move: Aromatherapy
|-fail|p2a: Vespiquen
|
|upkeep
|turn|86
|
|t:|1595457386
|move|p1a: Dubwool|Cotton Guard|p1a: Dubwool
|-boost|p1a: Dubwool|def|0
|move|p2a: Vespiquen|Aromatherapy||[still]
|-activate|p2a: Vespiquen|move: Aromatherapy
|-fail|p2a: Vespiquen
|
|upkeep
|turn|87
|
|t:|1595457395
|move|p1a: Dubwool|Cotton Guard|p1a: Dubwool
|-boost|p1a: Dubwool|def|0
|move|p2a: Vespiquen|Aromatherapy||[still]
|-activate|p2a: Vespiquen|move: Aromatherapy
|-fail|p2a: Vespiquen
|
|upkeep
|turn|88
|
|t:|1595457415
|move|p1a: Dubwool|Cotton Guard|p1a: Dubwool
|-boost|p1a: Dubwool|def|0
|move|p2a: Vespiquen|Roost||[still]
|-fail|p2a: Vespiquen|heal
|
|upkeep
|turn|89
|
|t:|1595457418
|move|p1a: Dubwool|Copycat|p1a: Dubwool
|move|p1a: Dubwool|Roost||[from]Copycat|[still]
|-fail|p1a: Dubwool|heal
|move|p2a: Vespiquen|Roost||[still]
|-fail|p2a: Vespiquen|heal
|
|upkeep
|turn|90
|
|t:|1595457426
|move|p1a: Dubwool|Copycat|p1a: Dubwool
|move|p1a: Dubwool|Roost||[from]Copycat|[still]
|-fail|p1a: Dubwool|heal
|move|p2a: Vespiquen|U-turn|p1a: Dubwool
|-damage|p1a: Dubwool|99/100
|
|t:|1595457430
|switch|p2a: Stunfisk|Stunfisk, M|28/100|[from]move: U-turn
|
|upkeep
|turn|91
|
|t:|1595457434
|move|p2a: Stunfisk|Protect|p2a: Stunfisk
|-singleturn|p2a: Stunfisk|Protect
|move|p1a: Dubwool|Body Press|p2a: Stunfisk
|-activate|p2a: Stunfisk|move: Protect
|
|upkeep
|turn|92
|
|t:|1595457440
|switch|p2a: Vespiquen|Vespiquen, F|100/100
|-ability|p2a: Vespiquen|Pressure
|move|p1a: Dubwool|Body Press|p2a: Vespiquen
|-resisted|p2a: Vespiquen
|-crit|p2a: Vespiquen
|-damage|p2a: Vespiquen|73/100
|
|upkeep
|turn|93
|
|t:|1595457447
|move|p1a: Dubwool|Copycat|p1a: Dubwool
|move|p1a: Dubwool|Body Press|p2a: Vespiquen|[from]Copycat
|-resisted|p2a: Vespiquen
|-damage|p2a: Vespiquen|55/100
|move|p2a: Vespiquen|U-turn|p1a: Dubwool
|-damage|p1a: Dubwool|97/100
|
|t:|1595457452
|switch|p2a: Stunfisk|Stunfisk, M|28/100|[from]move: U-turn
|
|upkeep
|turn|94
|
|t:|1595457457
|move|p2a: Stunfisk|Protect|p2a: Stunfisk
|-singleturn|p2a: Stunfisk|Protect
|move|p1a: Dubwool|Counter|p2a: Stunfisk
|-activate|p2a: Stunfisk|move: Protect
|
|upkeep
|turn|95
|
|t:|1595457464
|switch|p2a: Vespiquen|Vespiquen, F|55/100
|-ability|p2a: Vespiquen|Pressure
|move|p1a: Dubwool|Body Press|p2a: Vespiquen
|-resisted|p2a: Vespiquen
|-crit|p2a: Vespiquen
|-damage|p2a: Vespiquen|28/100
|
|upkeep
|turn|96
|
|t:|1595457471
|move|p1a: Dubwool|Copycat|p1a: Dubwool
|move|p1a: Dubwool|Body Press|p2a: Vespiquen|[from]Copycat
|-resisted|p2a: Vespiquen
|-damage|p2a: Vespiquen|10/100
|move|p2a: Vespiquen|Roost|p2a: Vespiquen
|-heal|p2a: Vespiquen|60/100
|-singleturn|p2a: Vespiquen|move: Roost
|
|upkeep
|turn|97
|
|t:|1595457480
|move|p2a: Vespiquen|Roost|p2a: Vespiquen
|-heal|p2a: Vespiquen|100/100
|-singleturn|p2a: Vespiquen|move: Roost
|move|p1a: Dubwool|Counter||[still]
|-fail|p1a: Dubwool
|
|upkeep
|turn|98
|
|t:|1595457492
|move|p2a: Vespiquen|U-turn|p1a: Dubwool
|-damage|p1a: Dubwool|95/100
|
|t:|1595457499
|switch|p2a: Stunfisk|Stunfisk, M|28/100|[from]move: U-turn
|move|p1a: Dubwool|Counter|p2a: Stunfisk
|-damage|p2a: Stunfisk|25/100
|-damage|p1a: Dubwool|79/100|[from] item: Rocky Helmet|[of] p2a: Stunfisk
|-status|p1a: Dubwool|par|[from] ability: Static|[of] p2a: Stunfisk
|
|upkeep
|turn|99
|
|t:|1595457509
|move|p2a: Stunfisk|Protect|p2a: Stunfisk
|-singleturn|p2a: Stunfisk|Protect
|move|p1a: Dubwool|Counter|p2a: Stunfisk
|-activate|p2a: Stunfisk|move: Protect
|
|upkeep
|turn|100
|
|t:|1595457518
|switch|p2a: Vespiquen|Vespiquen, F|100/100
|-ability|p2a: Vespiquen|Pressure
|move|p1a: Dubwool|Counter||[still]
|-fail|p1a: Dubwool
|
|upkeep
|turn|101
|
|t:|1595457534
|switch|p2a: Stunfisk|Stunfisk, M|25/100
|move|p1a: Dubwool|Counter||[still]
|-fail|p1a: Dubwool
|
|upkeep
|turn|102
|inactive|test julie has 120 seconds left.
|
|t:|1595457552
|move|p2a: Stunfisk|Protect|p2a: Stunfisk
|-singleturn|p2a: Stunfisk|Protect
|move|p1a: Dubwool|Body Press|p2a: Stunfisk
|-activate|p2a: Stunfisk|move: Protect
|
|upkeep
|turn|103
|
|t:|1595457556
|switch|p2a: Vespiquen|Vespiquen, F|100/100
|-ability|p2a: Vespiquen|Pressure
|move|p1a: Dubwool|Counter||[still]
|-fail|p1a: Dubwool
|
|upkeep
|turn|104
|inactive|test julie has 120 seconds left.
|
|t:|1595457568
|move|p2a: Vespiquen|U-turn|p1a: Dubwool
|-damage|p1a: Dubwool|77/100 par
|
|t:|1595457571
|switch|p2a: Stunfisk|Stunfisk, M|25/100|[from]move: U-turn
|move|p1a: Dubwool|Counter|p2a: Stunfisk
|-damage|p2a: Stunfisk|22/100
|-damage|p1a: Dubwool|60/100 par|[from] item: Rocky Helmet|[of] p2a: Stunfisk
|
|upkeep
|turn|105
|inactive|test julie has 120 seconds left.
|
|t:|1595457593
|move|p2a: Stunfisk|Protect|p2a: Stunfisk
|-singleturn|p2a: Stunfisk|Protect
|move|p1a: Dubwool|Copycat||[still]
|-fail|p1a: Dubwool
|
|upkeep
|turn|106
|
|t:|1595457599
|cant|p1a: Dubwool|par
|move|p2a: Stunfisk|Earth Power|p1a: Dubwool
|-damage|p1a: Dubwool|32/100 par
|
|upkeep
|turn|107
|
|t:|1595457607
|move|p2a: Stunfisk|Protect|p2a: Stunfisk
|-singleturn|p2a: Stunfisk|Protect
|move|p1a: Dubwool|Counter|p2a: Stunfisk
|-activate|p2a: Stunfisk|move: Protect
|
|upkeep
|turn|108
|
|t:|1595457621
|switch|p2a: Vespiquen|Vespiquen, F|100/100
|-ability|p2a: Vespiquen|Pressure
|move|p1a: Dubwool|Body Press|p2a: Vespiquen
|-resisted|p2a: Vespiquen
|-damage|p2a: Vespiquen|83/100
|
|upkeep
|turn|109
|
|t:|1595457633
|move|p2a: Vespiquen|Roost|p2a: Vespiquen
|-heal|p2a: Vespiquen|100/100
|-singleturn|p2a: Vespiquen|move: Roost
|move|p1a: Dubwool|Counter||[still]
|-fail|p1a: Dubwool
|
|upkeep
|turn|110
|
|t:|1595457638
|move|p2a: Vespiquen|U-turn|p1a: Dubwool
|-damage|p1a: Dubwool|30/100 par
|
|t:|1595457641
|switch|p2a: Stunfisk|Stunfisk, M|22/100|[from]move: U-turn
|move|p1a: Dubwool|Counter|p2a: Stunfisk
|-damage|p2a: Stunfisk|19/100
|-damage|p1a: Dubwool|13/100 par|[from] item: Rocky Helmet|[of] p2a: Stunfisk
|
|upkeep
|turn|111
|
|t:|1595457652
|move|p1a: Dubwool|Body Press|p2a: Stunfisk
|-damage|p2a: Stunfisk|0 fnt
|-damage|p1a: Dubwool|0 fnt|[from] item: Rocky Helmet|[of] p2a: Stunfisk
|faint|p2a: Stunfisk
|faint|p1a: Dubwool
|
|upkeep
|
|t:|1595457659
|switch|p1a: Drifblim|Drifblim, M|69/100
|switch|p2a: Type: Null|Type: Null|88/100
|turn|112
|-message|Pyo Boss forfeited.
|
|win|test julie
|l|☆Pyo Boss
|l|☆test julie
