|j|☆Heracross2.0
|j|☆DiannieRatson
|t:|1654302616
|gametype|singles
|player|p1|Heracross2.0|klara|
|player|p2|DiannieRatson|swimmerf-gen4|
|teamsize|p1|6
|teamsize|p2|6
|gen|8
|tier|[Gen 8] PU
|rule|Sleep Clause Mod: Limit one foe put to sleep
|rule|Species Clause: Limit one of each Pokémon
|rule|OHKO Clause: OHKO moves are banned
|rule|Evasion Moves Clause: Evasion moves are banned
|rule|Endless Battle Clause: Forcing endless battles is banned
|rule|HP Percentage Mod: HP is shown in percentages
|rule|Dynamax Clause: You cannot dynamax
|clearpoke
|poke|p1|Gallade, M|
|poke|p1|Weezing, M|
|poke|p1|Hattrem, F|
|poke|p1|Togedemaru, F|
|poke|p1|Druddigon, F|
|poke|p1|Wishiwashi, M|
|poke|p2|Sandaconda, F|
|poke|p2|Eldegoss, F|
|poke|p2|Ribombee, F|
|poke|p2|Charizard, F|
|poke|p2|Sandslash, M|
|poke|p2|Togedemaru, M|
|teampreview
|inactive|Battle timer is ON: inactive players will automatically lose when time's up. (requested by Heracross2.0)
|c|☆DiannieRatson|Glhf
|c|☆Heracross2.0|same
|inactive|DiannieRatson has 270 seconds left.
|inactive|DiannieRatson has 240 seconds left.
|inactive|DiannieRatson has 210 seconds left.
|
|t:|1654302715
|start
|switch|p1a: Drud|Druddigon, F|100/100
|switch|p2a: Sandslash|Sandslash, M|100/100
|turn|1
|inactive|DiannieRatson has 270 seconds left.
|
|t:|1654302722
|move|p2a: Sandslash|Earthquake|p1a: Drud
|-damage|p1a: Drud|67/100
|move|p1a: Drud|Glare|p2a: Sandslash
|-status|p2a: Sandslash|par
|
|upkeep
|turn|2
|
|t:|1654302732
|move|p1a: Drud|Stealth Rock|p2a: Sandslash
|-sidestart|p2: DiannieRatson|move: Stealth Rock
|move|p2a: Sandslash|Earthquake|p1a: Drud
|-damage|p1a: Drud|32/100
|
|upkeep
|turn|3
|
|t:|1654302739
|switch|p1a: Wishy Washy|Wishiwashi, M|100/100
|-formechange|p1a: Wishy Washy|Wishiwashi-School||[from] ability: Schooling
|move|p2a: Sandslash|Earthquake|p1a: Wishy Washy
|-damage|p1a: Wishy Washy|54/100
|
|-heal|p1a: Wishy Washy|60/100|[from] item: Leftovers
|upkeep
|turn|4
|
|t:|1654302752
|switch|p2a: Eldegoss|Eldegoss, F|100/100
|move|p1a: Wishy Washy|U-turn|p2a: Eldegoss
|-supereffective|p2a: Eldegoss
|-damage|p2a: Eldegoss|51/100
|
|t:|1654302756
|switch|p1a: Don't Smoke|Weezing, M|100/100|[from]move: U-turn
|-ability|p1a: Don't Smoke|Neutralizing Gas
|
|upkeep
|turn|5
|
|t:|1654302775
|switch|p2a: Charizard|Charizard, F|100/100
|move|p1a: Don't Smoke|Toxic Spikes|p2a: Charizard
|-sidestart|p2: DiannieRatson|move: Toxic Spikes
|
|upkeep
|turn|6
|
|t:|1654302780
|move|p2a: Charizard|Defog|p1a: Don't Smoke
|-unboost|p1a: Don't Smoke|evasion|1
|-sideend|p2: DiannieRatson|Toxic Spikes|[from] move: Defog|[of] p2a: Charizard
|-sideend|p2: DiannieRatson|Stealth Rock|[from] move: Defog|[of] p2a: Charizard
|move|p1a: Don't Smoke|Sludge Bomb|p2a: Charizard
|-crit|p2a: Charizard
|-damage|p2a: Charizard|53/100
|
|upkeep
|turn|7
|
|t:|1654302788
|-end|p1a: Don't Smoke|ability: Neutralizing Gas
|switch|p1a: Wishy Washy|Wishiwashi, M|60/100
|-formechange|p1a: Wishy Washy|Wishiwashi-School||[from] ability: Schooling
|move|p2a: Charizard|Mystical Fire|p1a: Wishy Washy
|-resisted|p1a: Wishy Washy
|-damage|p1a: Wishy Washy|50/100
|-unboost|p1a: Wishy Washy|spa|1
|
|-heal|p1a: Wishy Washy|56/100|[from] item: Leftovers
|upkeep
|turn|8
|
|t:|1654302813
|switch|p2a: Togedemaru|Togedemaru, M|100/100
|move|p1a: Wishy Washy|Scald|p2a: Togedemaru
|-damage|p2a: Togedemaru|59/100
|
|-heal|p1a: Wishy Washy|63/100|[from] item: Leftovers
|upkeep
|turn|9
|
|t:|1654302820
|move|p2a: Togedemaru|Zing Zap|p1a: Wishy Washy
|-supereffective|p1a: Wishy Washy
|-damage|p1a: Wishy Washy|0 fnt
|faint|p1a: Wishy Washy
|
|upkeep
|
|t:|1654302829
|switch|p1a: To Ge De Me|Togedemaru, F|100/100
|turn|10
|
|t:|1654302834
|switch|p2a: Sandaconda|Sandaconda, F|100/100
|move|p1a: To Ge De Me|U-turn|p2a: Sandaconda
|-damage|p2a: Sandaconda|90/100
|-damage|p1a: To Ge De Me|84/100|[from] item: Rocky Helmet|[of] p2a: Sandaconda
|
|t:|1654302837
|switch|p1a: Hatt Girl|Hattrem, F|100/100|[from]move: U-turn
|
|upkeep
|turn|11
|
|t:|1654302861
|switch|p2a: Sandslash|Sandslash, M|100/100 par
|move|p1a: Hatt Girl|Psychic|p2a: Sandslash
|-damage|p2a: Sandslash|45/100 par
|
|upkeep
|turn|12
|
|t:|1654302869
|move|p1a: Hatt Girl|Psychic|p2a: Sandslash
|-damage|p2a: Sandslash|0 fnt
|faint|p2a: Sandslash
|
|upkeep
|
|t:|1654302883
|switch|p2a: Togedemaru|Togedemaru, M|59/100
|turn|13
|
|t:|1654302886
|switch|p1a: To Ge De Me|Togedemaru, F|84/100
|move|p2a: Togedemaru|U-turn|p1a: To Ge De Me
|-resisted|p1a: To Ge De Me
|-damage|p1a: To Ge De Me|68/100
|
|t:|1654302898
|switch|p2a: Charizard|Charizard, F|53/100|[from]move: U-turn
|
|-heal|p1a: To Ge De Me|74/100|[from] item: Leftovers
|upkeep
|turn|14
|
|t:|1654302909
|switch|p1a: Hatt Girl|Hattrem, F|100/100
|move|p2a: Charizard|Mystical Fire|p1a: Hatt Girl
|-damage|p1a: Hatt Girl|77/100
|-unboost|p1a: Hatt Girl|spa|1
|
|upkeep
|turn|15
|
|t:|1654302919
|move|p2a: Charizard|Roost|p2a: Charizard
|-heal|p2a: Charizard|100/100
|-singleturn|p2a: Charizard|move: Roost
|move|p1a: Hatt Girl|Nuzzle|p2a: Charizard
|-damage|p2a: Charizard|98/100
|-status|p2a: Charizard|par
|
|upkeep
|turn|16
|
|t:|1654302929
|move|p2a: Charizard|Mystical Fire|p1a: Hatt Girl
|-damage|p1a: Hatt Girl|51/100
|-unboost|p1a: Hatt Girl|spa|1
|move|p1a: Hatt Girl|Rest|p1a: Hatt Girl
|-status|p1a: Hatt Girl|slp|[from] move: Rest
|-heal|p1a: Hatt Girl|100/100 slp|[silent]
|
|upkeep
|turn|17
|
|t:|1654302938
|switch|p2a: Togedemaru|Togedemaru, M|59/100
|cant|p1a: Hatt Girl|slp
|move|p1a: Hatt Girl|Sleep Talk|p1a: Hatt Girl
|move|p1a: Hatt Girl|Psychic|p2a: Togedemaru|[from]move: Sleep Talk
|-resisted|p2a: Togedemaru
|-damage|p2a: Togedemaru|49/100
|
|upkeep
|turn|18
|
|t:|1654302946
|switch|p1a: Drud|Druddigon, F|32/100
|move|p2a: Togedemaru|U-turn|p1a: Drud
|-damage|p1a: Drud|16/100
|-damage|p2a: Togedemaru|37/100|[from] ability: Rough Skin|[of] p1a: Drud
|-damage|p2a: Togedemaru|20/100|[from] item: Rocky Helmet|[of] p1a: Drud
|
|t:|1654302969
|switch|p2a: Sandaconda|Sandaconda, F|90/100|[from]move: U-turn
|
|upkeep
|turn|19
|
|t:|1654302976
|switch|p1a: Hatt Girl|Hattrem, F|100/100 slp
|move|p2a: Sandaconda|Earthquake|p1a: Hatt Girl
|-damage|p1a: Hatt Girl|74/100 slp
|
|upkeep
|turn|20
|
|t:|1654302989
|switch|p2a: Eldegoss|Eldegoss, F|51/100
|cant|p1a: Hatt Girl|slp
|move|p1a: Hatt Girl|Sleep Talk|p1a: Hatt Girl
|move|p1a: Hatt Girl|Psychic|p2a: Eldegoss|[from]move: Sleep Talk
|-damage|p2a: Eldegoss|26/100
|
|upkeep
|turn|21
|
|t:|1654303006
|switch|p1a: Don't Smoke|Weezing, M|100/100
|-ability|p1a: Don't Smoke|Neutralizing Gas
|move|p2a: Eldegoss|Leaf Storm|p1a: Don't Smoke
|-resisted|p1a: Don't Smoke
|-damage|p1a: Don't Smoke|66/100
|-unboost|p2a: Eldegoss|spa|2
|
|-heal|p1a: Don't Smoke|72/100|[from] item: Black Sludge
|upkeep
|turn|22
|
|t:|1654303015
|switch|p2a: Sandaconda|Sandaconda, F|90/100
|move|p1a: Don't Smoke|Sludge Bomb|p2a: Sandaconda
|-resisted|p2a: Sandaconda
|-damage|p2a: Sandaconda|74/100
|
|-heal|p1a: Don't Smoke|78/100|[from] item: Black Sludge
|upkeep
|turn|23
|
|t:|1654303021
|-end|p1a: Don't Smoke|ability: Neutralizing Gas
|switch|p1a: Hatt Girl|Hattrem, F|74/100 slp
|move|p2a: Sandaconda|Earthquake|p1a: Hatt Girl
|-damage|p1a: Hatt Girl|50/100 slp
|
|upkeep
|turn|24
|
|t:|1654303033
|switch|p2a: Eldegoss|Eldegoss, F|26/100
|-curestatus|p1a: Hatt Girl|slp|[msg]
|move|p1a: Hatt Girl|Rest|p1a: Hatt Girl
|-status|p1a: Hatt Girl|slp|[from] move: Rest
|-heal|p1a: Hatt Girl|100/100 slp|[silent]
|
|upkeep
|turn|25
|
|t:|1654303043
|switch|p1a: To Ge De Me|Togedemaru, F|74/100
|move|p2a: Eldegoss|Leaf Storm|p1a: To Ge De Me
|-resisted|p1a: To Ge De Me
|-damage|p1a: To Ge De Me|50/100
|-unboost|p2a: Eldegoss|spa|2
|
|-heal|p1a: To Ge De Me|56/100|[from] item: Leftovers
|upkeep
|turn|26
|
|t:|1654303052
|switch|p1a: Galar|Gallade, M, shiny|100/100
|switch|p2a: Sandaconda|Sandaconda, F|74/100
|
|upkeep
|turn|27
|inactive|Heracross2.0 has 270 seconds left.
|inactive|Heracross2.0 has 240 seconds left.
|
|t:|1654303117
|switch|p1a: Hatt Girl|Hattrem, F|100/100 slp
|move|p2a: Sandaconda|Glare|p1a: Hatt Girl
|move|p1a: Hatt Girl|Glare|p2a: Sandaconda|[from]ability: Magic Bounce
|-status|p2a: Sandaconda|par
|
|upkeep
|turn|28
|
|t:|1654303137
|switch|p2a: Eldegoss|Eldegoss, F|60/100
|cant|p1a: Hatt Girl|slp
|move|p1a: Hatt Girl|Sleep Talk|p1a: Hatt Girl
|move|p1a: Hatt Girl|Nuzzle|p2a: Eldegoss|[from]move: Sleep Talk
|-resisted|p2a: Eldegoss
|-damage|p2a: Eldegoss|58/100
|-status|p2a: Eldegoss|par
|
|upkeep
|turn|29
|
|t:|1654303145
|switch|p1a: Don't Smoke|Weezing, M|78/100
|-ability|p1a: Don't Smoke|Neutralizing Gas
|move|p2a: Eldegoss|Aromatherapy|p2a: Eldegoss
|-activate|p2a: Eldegoss|move: Aromatherapy
|-curestatus|p2a: Eldegoss|par|[msg]
|-curestatus|p2: Sandaconda|par|[msg]
|-curestatus|p2: Charizard|par|[msg]
|
|-heal|p1a: Don't Smoke|84/100|[from] item: Black Sludge
|upkeep
|turn|30
|
|t:|1654303153
|switch|p2a: Sandaconda|Sandaconda, F|74/100
|move|p1a: Don't Smoke|Will-O-Wisp|p2a: Sandaconda
|-status|p2a: Sandaconda|brn
|
|-heal|p1a: Don't Smoke|90/100|[from] item: Black Sludge
|-damage|p2a: Sandaconda|68/100 brn|[from] brn
|upkeep
|turn|31
|
|t:|1654303161
|-end|p1a: Don't Smoke|ability: Neutralizing Gas
|switch|p1a: Hatt Girl|Hattrem, F|100/100 slp
|move|p2a: Sandaconda|Earthquake|p1a: Hatt Girl
|-damage|p1a: Hatt Girl|87/100 slp
|
|-damage|p2a: Sandaconda|62/100 brn|[from] brn
|upkeep
|turn|32
|
|t:|1654303170
|switch|p2a: Eldegoss|Eldegoss, F|58/100
|cant|p1a: Hatt Girl|slp
|move|p1a: Hatt Girl|Sleep Talk|p1a: Hatt Girl
|move|p1a: Hatt Girl|Nuzzle|p2a: Eldegoss|[from]move: Sleep Talk
|-resisted|p2a: Eldegoss
|-crit|p2a: Eldegoss
|-damage|p2a: Eldegoss|56/100
|-status|p2a: Eldegoss|par
|
|upkeep
|turn|33
|inactive|Heracross2.0 has 270 seconds left.
|
|t:|1654303177
|switch|p1a: Don't Smoke|Weezing, M|90/100
|-ability|p1a: Don't Smoke|Neutralizing Gas
|cant|p2a: Eldegoss|par
|
|-heal|p1a: Don't Smoke|96/100|[from] item: Black Sludge
|upkeep
|turn|34
|
|t:|1654303197
|switch|p2a: Sandaconda|Sandaconda, F|62/100 brn
|move|p1a: Don't Smoke|Sludge Bomb|p2a: Sandaconda
|-resisted|p2a: Sandaconda
|-damage|p2a: Sandaconda|43/100 brn
|
|-heal|p1a: Don't Smoke|100/100|[from] item: Black Sludge
|-damage|p2a: Sandaconda|37/100 brn|[from] brn
|upkeep
|turn|35
|
|t:|1654303207
|-end|p1a: Don't Smoke|ability: Neutralizing Gas
|switch|p1a: Drud|Druddigon, F|16/100
|move|p2a: Sandaconda|Rest|p2a: Sandaconda
|-status|p2a: Sandaconda|slp|[from] move: Rest
|-heal|p2a: Sandaconda|100/100 slp|[silent]
|
|upkeep
|turn|36
|
|t:|1654303214
|cant|p2a: Sandaconda|slp
|move|p1a: Drud|Stealth Rock|p2a: Sandaconda
|-sidestart|p2: DiannieRatson|move: Stealth Rock
|
|upkeep
|turn|37
|
|t:|1654303223
|cant|p2a: Sandaconda|slp
|move|p1a: Drud|Dragon Tail|p2a: Sandaconda
|-damage|p2a: Sandaconda|86/100 slp
|-damage|p1a: Drud|0 fnt|[from] item: Rocky Helmet|[of] p2a: Sandaconda
|faint|p1a: Drud
|drag|p2a: Charizard|Charizard, F|98/100
|
|upkeep
|
|t:|1654303229
|switch|p1a: Don't Smoke|Weezing, M|100/100
|-ability|p1a: Don't Smoke|Neutralizing Gas
|turn|38
|
|t:|1654303237
|move|p2a: Charizard|Mystical Fire|p1a: Don't Smoke
|-damage|p1a: Don't Smoke|63/100
|-unboost|p1a: Don't Smoke|spa|1
|move|p1a: Don't Smoke|Sludge Bomb|p2a: Charizard
|-damage|p2a: Charizard|79/100
|-status|p2a: Charizard|psn
|
|-heal|p1a: Don't Smoke|69/100|[from] item: Black Sludge
|-damage|p2a: Charizard|67/100 psn|[from] psn
|upkeep
|turn|39
|
|t:|1654303250
|-end|p1a: Don't Smoke|ability: Neutralizing Gas
|switch|p1a: Hatt Girl|Hattrem, F|87/100 slp
|move|p2a: Charizard|Mystical Fire|p1a: Hatt Girl
|-damage|p1a: Hatt Girl|62/100 slp
|-unboost|p1a: Hatt Girl|spa|1
|
|-damage|p2a: Charizard|55/100 psn|[from] psn
|upkeep
|turn|40
|
|t:|1654303260
|switch|p1a: Galar|Gallade, M, shiny|100/100
|move|p2a: Charizard|Roost|p2a: Charizard
|-heal|p2a: Charizard|100/100 psn
|-singleturn|p2a: Charizard|move: Roost
|
|-damage|p2a: Charizard|88/100 psn|[from] psn
|upkeep
|turn|41
|
|t:|1654303272
|switch|p2a: Ribombee|Ribombee, F|100/100
|move|p1a: Galar|Zen Headbutt|p2a: Ribombee
|-damage|p2a: Ribombee|8/100
|
|upkeep
|turn|42
|
|t:|1654303279
|move|p1a: Galar|Shadow Sneak|p2a: Ribombee
|-damage|p2a: Ribombee|0 fnt
|faint|p2a: Ribombee
|
|upkeep
|inactive|DiannieRatson has 270 seconds left.
|
|t:|1654303311
|switch|p2a: Sandaconda|Sandaconda, F|86/100 slp
|-damage|p2a: Sandaconda|80/100 slp|[from] Stealth Rock
|turn|43
|
|t:|1654303325
|switch|p1a: Hatt Girl|Hattrem, F|62/100 slp
|-curestatus|p2a: Sandaconda|slp|[msg]
|move|p2a: Sandaconda|Earthquake|p1a: Hatt Girl
|-damage|p1a: Hatt Girl|38/100 slp
|
|upkeep
|turn|44
|
|t:|1654303345
|switch|p2a: Eldegoss|Eldegoss, F|56/100 par
|-curestatus|p1a: Hatt Girl|slp|[msg]
|move|p1a: Hatt Girl|Rest|p1a: Hatt Girl
|-status|p1a: Hatt Girl|slp|[from] move: Rest
|-heal|p1a: Hatt Girl|100/100 slp|[silent]
|
|upkeep
|turn|45
|
|t:|1654303351
|switch|p1a: Don't Smoke|Weezing, M|69/100
|-ability|p1a: Don't Smoke|Neutralizing Gas
|cant|p2a: Eldegoss|par
|
|-heal|p1a: Don't Smoke|75/100|[from] item: Black Sludge
|upkeep
|turn|46
|
|t:|1654303358
|switch|p2a: Sandaconda|Sandaconda, F|80/100
|-damage|p2a: Sandaconda|74/100|[from] Stealth Rock
|move|p1a: Don't Smoke|Sludge Bomb|p2a: Sandaconda
|-resisted|p2a: Sandaconda
|-damage|p2a: Sandaconda|57/100
|
|-heal|p1a: Don't Smoke|81/100|[from] item: Black Sludge
|upkeep
|turn|47
|
|t:|1654303363
|-end|p1a: Don't Smoke|ability: Neutralizing Gas
|switch|p1a: Hatt Girl|Hattrem, F|100/100 slp
|move|p2a: Sandaconda|Earthquake|p1a: Hatt Girl
|-damage|p1a: Hatt Girl|75/100 slp
|
|upkeep
|turn|48
|
|t:|1654303369
|switch|p2a: Eldegoss|Eldegoss, F|56/100 par
|switch|p1a: Galar|Gallade, M, shiny|100/100
|
|upkeep
|turn|49
|
|t:|1654303380
|move|p1a: Galar|Zen Headbutt|p2a: Eldegoss
|-damage|p2a: Eldegoss|0 fnt
|faint|p2a: Eldegoss
|
|upkeep
|
|t:|1654303384
|switch|p2a: Sandaconda|Sandaconda, F|57/100
|-damage|p2a: Sandaconda|51/100|[from] Stealth Rock
|turn|50
|
|t:|1654303389
|move|p1a: Galar|Zen Headbutt|p2a: Sandaconda
|-damage|p2a: Sandaconda|22/100
|-damage|p1a: Galar|84/100|[from] item: Rocky Helmet|[of] p2a: Sandaconda
|move|p2a: Sandaconda|Earthquake|p1a: Galar
|-damage|p1a: Galar|19/100
|
|upkeep
|turn|51
|
|t:|1654303396
|move|p1a: Galar|Close Combat|p2a: Sandaconda
|-damage|p2a: Sandaconda|0 fnt
|-unboost|p1a: Galar|def|1
|-unboost|p1a: Galar|spd|1
|-damage|p1a: Galar|2/100|[from] item: Rocky Helmet|[of] p2a: Sandaconda
|faint|p2a: Sandaconda
|
|upkeep
|
|t:|1654303400
|switch|p2a: Charizard|Charizard, F|88/100 psn
|turn|52
|
|t:|1654303404
|move|p2a: Charizard|Mystical Fire|p1a: Galar
|-damage|p1a: Galar|0 fnt
|faint|p1a: Galar
|
|-damage|p2a: Charizard|76/100 psn|[from] psn
|upkeep
|
|t:|1654303406
|switch|p1a: Hatt Girl|Hattrem, F|75/100 slp
|turn|53
|
|t:|1654303420
|move|p2a: Charizard|Mystical Fire|p1a: Hatt Girl
|-damage|p1a: Hatt Girl|50/100 slp
|-unboost|p1a: Hatt Girl|spa|1
|cant|p1a: Hatt Girl|slp
|move|p1a: Hatt Girl|Sleep Talk|p1a: Hatt Girl
|move|p1a: Hatt Girl|Psychic|p2a: Charizard|[from]move: Sleep Talk
|-damage|p2a: Charizard|57/100 psn
|
|-damage|p2a: Charizard|45/100 psn|[from] psn
|upkeep
|turn|54
|
|t:|1654303430
|move|p2a: Charizard|Roost|p2a: Charizard
|-heal|p2a: Charizard|95/100 psn
|-singleturn|p2a: Charizard|move: Roost
|cant|p1a: Hatt Girl|slp
|move|p1a: Hatt Girl|Sleep Talk|p1a: Hatt Girl
|move|p1a: Hatt Girl|Nuzzle|p2a: Charizard|[from]move: Sleep Talk
|-damage|p2a: Charizard|93/100 psn
|
|-damage|p2a: Charizard|80/100 psn|[from] psn
|upkeep
|turn|55
|
|t:|1654303433
|move|p2a: Charizard|Mystical Fire|p1a: Hatt Girl
|-damage|p1a: Hatt Girl|23/100 slp
|-unboost|p1a: Hatt Girl|spa|1
|-curestatus|p1a: Hatt Girl|slp|[msg]
|move|p1a: Hatt Girl|Rest|p1a: Hatt Girl
|-status|p1a: Hatt Girl|slp|[from] move: Rest
|-heal|p1a: Hatt Girl|100/100 slp|[silent]
|
|-damage|p2a: Charizard|68/100 psn|[from] psn
|upkeep
|turn|56
|
|t:|1654303438
|move|p2a: Charizard|Mystical Fire|p1a: Hatt Girl
|-crit|p1a: Hatt Girl
|-damage|p1a: Hatt Girl|61/100 slp
|-unboost|p1a: Hatt Girl|spa|1
|cant|p1a: Hatt Girl|slp
|move|p1a: Hatt Girl|Sleep Talk|p1a: Hatt Girl
|move|p1a: Hatt Girl|Nuzzle|p2a: Charizard|[from]move: Sleep Talk
|-supereffective|p2a: Charizard
|-damage|p2a: Charizard|63/100 psn
|
|-damage|p2a: Charizard|50/100 psn|[from] psn
|upkeep
|turn|57
|
|t:|1654303444
|move|p2a: Charizard|Roost|p2a: Charizard
|-heal|p2a: Charizard|100/100 psn
|-singleturn|p2a: Charizard|move: Roost
|cant|p1a: Hatt Girl|slp
|move|p1a: Hatt Girl|Sleep Talk|p1a: Hatt Girl
|move|p1a: Hatt Girl|Psychic|p2a: Charizard|[from]move: Sleep Talk
|-damage|p2a: Charizard|88/100 psn
|
|-damage|p2a: Charizard|76/100 psn|[from] psn
|upkeep
|turn|58
|
|t:|1654303446
|move|p2a: Charizard|Mystical Fire|p1a: Hatt Girl
|-damage|p1a: Hatt Girl|34/100 slp
|-unboost|p1a: Hatt Girl|spa|1
|-curestatus|p1a: Hatt Girl|slp|[msg]
|move|p1a: Hatt Girl|Rest|p1a: Hatt Girl
|-status|p1a: Hatt Girl|slp|[from] move: Rest
|-heal|p1a: Hatt Girl|100/100 slp|[silent]
|
|-damage|p2a: Charizard|63/100 psn|[from] psn
|upkeep
|turn|59
|
|t:|1654303450
|move|p2a: Charizard|Mystical Fire|p1a: Hatt Girl
|-damage|p1a: Hatt Girl|74/100 slp
|-unboost|p1a: Hatt Girl|spa|1
|cant|p1a: Hatt Girl|slp
|move|p1a: Hatt Girl|Sleep Talk|p1a: Hatt Girl
|move|p1a: Hatt Girl|Rest||[from]move: Sleep Talk|[still]
|-fail|p1a: Hatt Girl
|
|-damage|p2a: Charizard|51/100 psn|[from] psn
|upkeep
|turn|60
|
|t:|1654303453
|move|p2a: Charizard|Roost|p2a: Charizard
|-heal|p2a: Charizard|100/100 psn
|-singleturn|p2a: Charizard|move: Roost
|cant|p1a: Hatt Girl|slp
|
|-damage|p2a: Charizard|88/100 psn|[from] psn
|upkeep
|turn|61
|
|t:|1654303456
|move|p2a: Charizard|Mystical Fire|p1a: Hatt Girl
|-damage|p1a: Hatt Girl|47/100 slp
|-unboost|p1a: Hatt Girl|spa|1
|-curestatus|p1a: Hatt Girl|slp|[msg]
|move|p1a: Hatt Girl|Rest|p1a: Hatt Girl
|-status|p1a: Hatt Girl|slp|[from] move: Rest
|-heal|p1a: Hatt Girl|100/100 slp|[silent]
|
|-damage|p2a: Charizard|76/100 psn|[from] psn
|upkeep
|turn|62
|
|t:|1654303462
|move|p2a: Charizard|Mystical Fire|p1a: Hatt Girl
|-damage|p1a: Hatt Girl|77/100 slp
|cant|p1a: Hatt Girl|slp
|
|-damage|p2a: Charizard|64/100 psn|[from] psn
|upkeep
|turn|63
|
|t:|1654303466
|move|p2a: Charizard|Mystical Fire|p1a: Hatt Girl
|-damage|p1a: Hatt Girl|49/100 slp
|cant|p1a: Hatt Girl|slp
|
|-damage|p2a: Charizard|51/100 psn|[from] psn
|upkeep
|turn|64
|
|t:|1654303469
|move|p2a: Charizard|Mystical Fire|p1a: Hatt Girl
|-damage|p1a: Hatt Girl|22/100 slp
|-curestatus|p1a: Hatt Girl|slp|[msg]
|move|p1a: Hatt Girl|Rest|p1a: Hatt Girl
|-status|p1a: Hatt Girl|slp|[from] move: Rest
|-heal|p1a: Hatt Girl|100/100 slp|[silent]
|
|-damage|p2a: Charizard|39/100 psn|[from] psn
|upkeep
|turn|65
|
|t:|1654303472
|move|p2a: Charizard|Roost|p2a: Charizard
|-heal|p2a: Charizard|89/100 psn
|-singleturn|p2a: Charizard|move: Roost
|cant|p1a: Hatt Girl|slp
|
|-damage|p2a: Charizard|77/100 psn|[from] psn
|upkeep
|turn|66
|
|t:|1654303487
|switch|p2a: Togedemaru|Togedemaru, M|20/100
|-damage|p2a: Togedemaru|14/100|[from] Stealth Rock
|cant|p1a: Hatt Girl|slp
|
|upkeep
|turn|67
|
|t:|1654303492
|switch|p1a: To Ge De Me|Togedemaru, F|56/100
|move|p2a: Togedemaru|Zing Zap|p1a: To Ge De Me
|-ability|p1a: To Ge De Me|Lightning Rod|boost
|-boost|p1a: To Ge De Me|spa|1
|
|-heal|p1a: To Ge De Me|62/100|[from] item: Leftovers
|upkeep
|turn|68
|
|t:|1654303500
|switch|p2a: Charizard|Charizard, F|77/100 psn
|move|p1a: To Ge De Me|Wish|p1a: To Ge De Me
|
|-heal|p1a: To Ge De Me|68/100|[from] item: Leftovers
|-damage|p2a: Charizard|65/100 psn|[from] psn
|upkeep
|turn|69
|
|t:|1654303507
|switch|p1a: Hatt Girl|Hattrem, F|100/100 slp
|move|p2a: Charizard|Defog|p1a: Hatt Girl
|move|p1a: Hatt Girl|Defog|p2a: Charizard|[from]ability: Magic Bounce
|-unboost|p2a: Charizard|evasion|1
|-sideend|p2: DiannieRatson|Stealth Rock|[from] move: Defog|[of] p1a: Hatt Girl
|
|-damage|p2a: Charizard|53/100 psn|[from] psn
|upkeep
|turn|70
|
|t:|1654303513
|move|p2a: Charizard|Roost|p2a: Charizard
|-heal|p2a: Charizard|100/100 psn
|-singleturn|p2a: Charizard|move: Roost
|-curestatus|p1a: Hatt Girl|slp|[msg]
|move|p1a: Hatt Girl|Psychic|p2a: Charizard
|-damage|p2a: Charizard|68/100 psn
|
|-damage|p2a: Charizard|56/100 psn|[from] psn
|upkeep
|turn|71
|
|t:|1654303518
|move|p2a: Charizard|Roost|p2a: Charizard
|-heal|p2a: Charizard|100/100 psn
|-singleturn|p2a: Charizard|move: Roost
|move|p1a: Hatt Girl|Psychic|p2a: Charizard
|-damage|p2a: Charizard|73/100 psn
|
|-damage|p2a: Charizard|60/100 psn|[from] psn
|upkeep
|turn|72
|
|t:|1654303520
|move|p2a: Charizard|Roost|p2a: Charizard
|-heal|p2a: Charizard|100/100 psn
|-singleturn|p2a: Charizard|move: Roost
|move|p1a: Hatt Girl|Psychic|p2a: Charizard
|-damage|p2a: Charizard|71/100 psn
|
|-damage|p2a: Charizard|59/100 psn|[from] psn
|upkeep
|turn|73
|
|t:|1654303522
|move|p2a: Charizard|Roost|p2a: Charizard
|-heal|p2a: Charizard|100/100 psn
|-singleturn|p2a: Charizard|move: Roost
|move|p1a: Hatt Girl|Psychic|p2a: Charizard
|-damage|p2a: Charizard|70/100 psn
|
|-damage|p2a: Charizard|57/100 psn|[from] psn
|upkeep
|turn|74
|
|t:|1654303523
|move|p2a: Charizard|Roost|p2a: Charizard
|-heal|p2a: Charizard|100/100 psn
|-singleturn|p2a: Charizard|move: Roost
|move|p1a: Hatt Girl|Psychic|p2a: Charizard
|-damage|p2a: Charizard|69/100 psn
|
|-damage|p2a: Charizard|57/100 psn|[from] psn
|upkeep
|turn|75
|
|t:|1654303526
|move|p2a: Charizard|Roost|p2a: Charizard
|-heal|p2a: Charizard|100/100 psn
|-singleturn|p2a: Charizard|move: Roost
|move|p1a: Hatt Girl|Psychic|p2a: Charizard
|-damage|p2a: Charizard|73/100 psn
|
|-damage|p2a: Charizard|60/100 psn|[from] psn
|upkeep
|turn|76
|
|t:|1654303527
|move|p2a: Charizard|Roost|p2a: Charizard
|-heal|p2a: Charizard|100/100 psn
|-singleturn|p2a: Charizard|move: Roost
|move|p1a: Hatt Girl|Psychic|p2a: Charizard
|-damage|p2a: Charizard|73/100 psn
|
|-damage|p2a: Charizard|60/100 psn|[from] psn
|upkeep
|turn|77
|
|t:|1654303529
|move|p2a: Charizard|Roost|p2a: Charizard
|-heal|p2a: Charizard|100/100 psn
|-singleturn|p2a: Charizard|move: Roost
|move|p1a: Hatt Girl|Psychic|p2a: Charizard
|-damage|p2a: Charizard|68/100 psn
|
|-damage|p2a: Charizard|56/100 psn|[from] psn
|upkeep
|turn|78
|
|t:|1654303530
|move|p2a: Charizard|Roost|p2a: Charizard
|-heal|p2a: Charizard|100/100 psn
|-singleturn|p2a: Charizard|move: Roost
|move|p1a: Hatt Girl|Psychic|p2a: Charizard
|-damage|p2a: Charizard|70/100 psn
|
|-damage|p2a: Charizard|57/100 psn|[from] psn
|upkeep
|turn|79
|
|t:|1654303532
|move|p2a: Charizard|Roost|p2a: Charizard
|-heal|p2a: Charizard|100/100 psn
|-singleturn|p2a: Charizard|move: Roost
|move|p1a: Hatt Girl|Psychic|p2a: Charizard
|-crit|p2a: Charizard
|-damage|p2a: Charizard|55/100 psn
|
|-damage|p2a: Charizard|43/100 psn|[from] psn
|upkeep
|turn|80
|j| Between the Cracks
|
|t:|1654303541
|move|p2a: Charizard|Mystical Fire|p1a: Hatt Girl
|-damage|p1a: Hatt Girl|75/100
|-unboost|p1a: Hatt Girl|spa|1
|move|p1a: Hatt Girl|Psychic|p2a: Charizard
|-damage|p2a: Charizard|22/100 psn
|
|-damage|p2a: Charizard|10/100 psn|[from] psn
|upkeep
|turn|81
|
|t:|1654303544
|move|p2a: Charizard|Defog|p1a: Hatt Girl
|move|p1a: Hatt Girl|Defog|p2a: Charizard|[from]ability: Magic Bounce
|-unboost|p2a: Charizard|evasion|1
|move|p1a: Hatt Girl|Psychic|p2a: Charizard
|-damage|p2a: Charizard|0 fnt
|faint|p2a: Charizard
|
|upkeep
|
|t:|1654303546
|switch|p2a: Togedemaru|Togedemaru, M|14/100
|turn|82
|c|☆Heracross2.0|ggs
|
|t:|1654303549
|switch|p1a: To Ge De Me|Togedemaru, F|68/100
|move|p2a: Togedemaru|Zing Zap|p1a: To Ge De Me
|-ability|p1a: To Ge De Me|Lightning Rod|boost
|-boost|p1a: To Ge De Me|spa|1
|
|-heal|p1a: To Ge De Me|74/100|[from] item: Leftovers
|upkeep
|turn|83
|
|t:|1654303553
|move|p2a: Togedemaru|Zing Zap|p1a: To Ge De Me
|-ability|p1a: To Ge De Me|Lightning Rod|boost
|-boost|p1a: To Ge De Me|spa|1
|move|p1a: To Ge De Me|Iron Head|p2a: Togedemaru
|-resisted|p2a: Togedemaru
|-damage|p2a: Togedemaru|2/100
|
|-heal|p1a: To Ge De Me|80/100|[from] item: Leftovers
|upkeep
|turn|84
|c|☆DiannieRatson|Ggs
|
|t:|1654303561
|move|p2a: Togedemaru|Zing Zap|p1a: To Ge De Me
|-ability|p1a: To Ge De Me|Lightning Rod|boost
|-boost|p1a: To Ge De Me|spa|1
|move|p1a: To Ge De Me|Iron Head|p2a: Togedemaru
|-resisted|p2a: Togedemaru
|-damage|p2a: Togedemaru|0 fnt
|faint|p2a: Togedemaru
|
|win|Heracross2.0
|l| Between the Cracks
