|j|☆Peachy07
|j|☆xskelly34
|t:|1655059794
|gametype|singles
|player|p1|Peachy07|lisia|
|player|p2|xskelly34|bugsy|
|teamsize|p1|6
|teamsize|p2|6
|gen|8
|tier|[Gen 8] PU
|rule|Sleep Clause Mod: Limit one foe put to sleep
|rule|Species Clause: Limit one of each Pokémon
|rule|OHKO Clause: OHKO moves are banned
|rule|Evasion Moves Clause: Evasion moves are banned
|rule|Endless Battle Clause: Forcing endless battles is banned
|rule|HP Percentage Mod: HP is shown in percentages
|rule|Dynamax Clause: You cannot dynamax
|clearpoke
|poke|p1|Sneasel, F|
|poke|p1|Charizard, F|
|poke|p1|Eldegoss, F|
|poke|p1|Togedemaru, M|
|poke|p1|Regirock|
|poke|p1|Garbodor, M|
|poke|p2|Trevenant, M|
|poke|p2|Articuno-Galar|
|poke|p2|Coalossal, M|
|poke|p2|Ferroseed, F|
|poke|p2|Lanturn, F|
|poke|p2|Aromatisse, F|
|teampreview
|c|☆Peachy07|gl hf
|c|☆xskelly34|hf
|
|t:|1655059815
|start
|switch|p1a: Garbodor|Garbodor, M|100/100
|switch|p2a: Lanturn|Lanturn, F|100/100
|turn|1
|
|t:|1655059821
|move|p2a: Lanturn|Volt Switch|p1a: Garbodor
|-damage|p1a: Garbodor|69/100
|
|t:|1655059823
|switch|p2a: Ferroseed|Ferroseed, F|100/100|[from]move: Volt Switch
|move|p1a: Garbodor|Spikes|p2a: Ferroseed
|-sidestart|p2: xskelly34|Spikes
|
|upkeep
|turn|2
|
|t:|1655059827
|move|p1a: Garbodor|Body Press|p2a: Ferroseed
|-supereffective|p2a: Ferroseed
|-damage|p2a: Ferroseed|74/100
|-damage|p1a: Garbodor|56/100|[from] ability: Iron Barbs|[of] p2a: Ferroseed
|move|p2a: Ferroseed|Stealth Rock|p1a: Garbodor
|-sidestart|p1: Peachy07|move: Stealth Rock
|
|upkeep
|turn|3
|
|t:|1655059833
|move|p1a: Garbodor|Spikes|p2a: Ferroseed
|-sidestart|p2: xskelly34|Spikes
|move|p2a: Ferroseed|Leech Seed|p1a: Garbodor
|-start|p1a: Garbodor|move: Leech Seed
|
|-damage|p1a: Garbodor|44/100|[from] Leech Seed|[of] p2a: Ferroseed
|-heal|p2a: Ferroseed|88/100|[silent]
|upkeep
|turn|4
|
|t:|1655059835
|move|p1a: Garbodor|Spikes|p2a: Ferroseed
|-sidestart|p2: xskelly34|Spikes
|move|p2a: Ferroseed|Knock Off|p1a: Garbodor
|-crit|p1a: Garbodor
|-damage|p1a: Garbodor|27/100
|-damage|p2a: Ferroseed|71/100|[from] item: Rocky Helmet|[of] p1a: Garbodor
|-enditem|p1a: Garbodor|Rocky Helmet|[from] move: Knock Off|[of] p2a: Ferroseed
|
|-damage|p1a: Garbodor|15/100|[from] Leech Seed|[of] p2a: Ferroseed
|-heal|p2a: Ferroseed|85/100|[silent]
|upkeep
|turn|5
|
|t:|1655059842
|move|p1a: Garbodor|Body Press|p2a: Ferroseed
|-supereffective|p2a: Ferroseed
|-damage|p2a: Ferroseed|57/100
|-damage|p1a: Garbodor|2/100|[from] ability: Iron Barbs|[of] p2a: Ferroseed
|move|p2a: Ferroseed|Knock Off|p1a: Garbodor
|-damage|p1a: Garbodor|0 fnt
|faint|p1a: Garbodor
|
|upkeep
|
|t:|1655059866
|switch|p1a: Charizard|Charizard, F|100/100
|turn|6
|
|t:|1655059870
|switch|p2a: Coalossal|Coalossal, M|100/100
|move|p1a: Charizard|Toxic|p2a: Coalossal
|-status|p2a: Coalossal|tox
|
|-damage|p2a: Coalossal|94/100 tox|[from] psn
|upkeep
|turn|7
|
|t:|1655059875
|switch|p1a: PeepoArrive|Regirock|100/100
|-damage|p1a: PeepoArrive|88/100|[from] Stealth Rock
|move|p2a: Coalossal|Rapid Spin|p1a: PeepoArrive
|-resisted|p1a: PeepoArrive
|-damage|p1a: PeepoArrive|86/100
|-boost|p2a: Coalossal|spe|1
|-sideend|p2: xskelly34|Spikes|[from] move: Rapid Spin|[of] p2a: Coalossal
|
|-heal|p1a: PeepoArrive|92/100|[from] item: Leftovers
|-damage|p2a: Coalossal|82/100 tox|[from] psn
|upkeep
|turn|8
|
|t:|1655059887
|move|p1a: PeepoArrive|Rock Blast|p2a: Coalossal
|-supereffective|p2a: Coalossal
|-damage|p2a: Coalossal|70/100 tox
|-supereffective|p2a: Coalossal
|-damage|p2a: Coalossal|59/100 tox
|-supereffective|p2a: Coalossal
|-damage|p2a: Coalossal|47/100 tox
|-supereffective|p2a: Coalossal
|-damage|p2a: Coalossal|36/100 tox
|-hitcount|p2a: Coalossal|4
|move|p2a: Coalossal|Spikes|p1a: PeepoArrive
|-sidestart|p1: Peachy07|Spikes
|
|-heal|p1a: PeepoArrive|98/100|[from] item: Leftovers
|-damage|p2a: Coalossal|17/100 tox|[from] psn
|upkeep
|turn|9
|
|t:|1655059898
|switch|p2a: Aromatisse|Aromatisse, F|100/100
|move|p1a: PeepoArrive|Body Press|p2a: Aromatisse
|-resisted|p2a: Aromatisse
|-damage|p2a: Aromatisse|89/100
|
|-heal|p1a: PeepoArrive|100/100|[from] item: Leftovers
|-heal|p2a: Aromatisse|95/100|[from] item: Leftovers
|upkeep
|turn|10
|
|t:|1655059903
|move|p1a: PeepoArrive|Stealth Rock|p2a: Aromatisse
|-sidestart|p2: xskelly34|move: Stealth Rock
|move|p2a: Aromatisse|Aromatherapy|p2a: Aromatisse
|-activate|p2a: Aromatisse|move: Aromatherapy
|-curestatus|p2: Coalossal|tox|[msg]
|
|-heal|p2a: Aromatisse|100/100|[from] item: Leftovers
|upkeep
|turn|11
|
|t:|1655059912
|switch|p1a: Togedemaru|Togedemaru, M|100/100
|move|p2a: Aromatisse|Wish|p2a: Aromatisse
|
|upkeep
|turn|12
|
|t:|1655059940
|switch|p2a: Ferroseed|Ferroseed, F|57/100
|-damage|p2a: Ferroseed|50/100|[from] Stealth Rock
|move|p1a: Togedemaru|U-turn|p2a: Ferroseed
|-damage|p2a: Ferroseed|41/100
|-damage|p1a: Togedemaru|88/100|[from] ability: Iron Barbs|[of] p2a: Ferroseed
|
|t:|1655059958
|switch|p1a: Charizard|Charizard, F|100/100|[from]move: U-turn
|
|-heal|p2a: Ferroseed|100/100|[from] move: Wish|[wisher] Aromatisse
|upkeep
|turn|13
|j| D→luxe
|
|t:|1655059965
|switch|p2a: Coalossal|Coalossal, M|17/100
|move|p1a: Charizard|Flamethrower|p2a: Coalossal
|-resisted|p2a: Coalossal
|-damage|p2a: Coalossal|10/100
|
|upkeep
|turn|14
|
|t:|1655059977
|move|p1a: Charizard|Hurricane|p2a: Coalossal
|-resisted|p2a: Coalossal
|-damage|p2a: Coalossal|0 fnt
|faint|p2a: Coalossal
|
|upkeep
|
|t:|1655059979
|switch|p2a: Lanturn|Lanturn, F|100/100
|-damage|p2a: Lanturn|88/100|[from] Stealth Rock
|turn|15
|
|t:|1655059989
|switch|p1a: Eldegoss|Eldegoss, F|100/100
|move|p2a: Lanturn|Volt Switch|p1a: Eldegoss
|-resisted|p1a: Eldegoss
|-damage|p1a: Eldegoss|89/100
|
|t:|1655059991
|switch|p2a: Articuno|Articuno-Galar|100/100|[from]move: Volt Switch
|
|upkeep
|turn|16
|
|t:|1655059993
|move|p2a: Articuno|Future Sight|p1a: Eldegoss
|-start|p2a: Articuno|move: Future Sight
|move|p1a: Eldegoss|Rapid Spin|p2a: Articuno
|-damage|p2a: Articuno|93/100
|-boost|p1a: Eldegoss|spe|1
|-sideend|p1: Peachy07|Spikes|[from] move: Rapid Spin|[of] p1a: Eldegoss
|-sideend|p1: Peachy07|Stealth Rock|[from] move: Rapid Spin|[of] p1a: Eldegoss
|
|upkeep
|turn|17
|
|t:|1655060034
|switch|p1a: PeepoArrive|Regirock|100/100
|move|p2a: Articuno|U-turn|p1a: PeepoArrive
|-damage|p1a: PeepoArrive|94/100
|
|t:|1655060047
|switch|p2a: Trevenant|Trevenant, M|100/100|[from]move: U-turn
|-damage|p2a: Trevenant|88/100|[from] Stealth Rock
|
|-heal|p1a: PeepoArrive|99/100|[from] item: Leftovers
|upkeep
|turn|18
|
|t:|1655060071
|move|p2a: Trevenant|Poltergeist|p1a: PeepoArrive
|-activate|p1a: PeepoArrive|move: Poltergeist|Leftovers
|-damage|p1a: PeepoArrive|60/100
|move|p1a: PeepoArrive|Rock Blast|p2a: Trevenant
|-damage|p2a: Trevenant|78/100
|-damage|p2a: Trevenant|67/100
|-damage|p2a: Trevenant|57/100
|-hitcount|p2a: Trevenant|3
|
|-end|p1a: PeepoArrive|move: Future Sight
|-damage|p1a: PeepoArrive|15/100
|-heal|p1a: PeepoArrive|21/100|[from] item: Leftovers
|upkeep
|turn|19
|
|t:|1655060083
|move|p2a: Trevenant|Poltergeist|p1a: PeepoArrive
|-activate|p1a: PeepoArrive|move: Poltergeist|Leftovers
|-damage|p1a: PeepoArrive|0 fnt
|faint|p1a: PeepoArrive
|
|upkeep
|
|t:|1655060089
|switch|p1a: Charizard|Charizard, F|100/100
|turn|20
|
|t:|1655060095
|switch|p2a: Lanturn|Lanturn, F|88/100
|-damage|p2a: Lanturn|76/100|[from] Stealth Rock
|move|p1a: Charizard|Toxic|p2a: Lanturn
|-status|p2a: Lanturn|tox
|
|-damage|p2a: Lanturn|70/100 tox|[from] psn
|upkeep
|turn|21
|
|t:|1655060123
|switch|p1a: Eldegoss|Eldegoss, F|100/100
|move|p2a: Lanturn|Volt Switch|p1a: Eldegoss
|-resisted|p1a: Eldegoss
|-damage|p1a: Eldegoss|88/100
|
|t:|1655060127
|switch|p2a: Trevenant|Trevenant, M|57/100|[from]move: Volt Switch
|-damage|p2a: Trevenant|45/100|[from] Stealth Rock
|
|upkeep
|turn|22
|
|t:|1655060138
|move|p2a: Trevenant|Poltergeist|p1a: Eldegoss
|-activate|p1a: Eldegoss|move: Poltergeist|Heavy-Duty Boots
|-damage|p1a: Eldegoss|0 fnt
|faint|p1a: Eldegoss
|
|upkeep
|
|t:|1655060149
|switch|p1a: Charizard|Charizard, F|100/100
|turn|23
|
|t:|1655060155
|switch|p2a: Aromatisse|Aromatisse, F|100/100
|-damage|p2a: Aromatisse|88/100|[from] Stealth Rock
|move|p1a: Charizard|Hurricane|p2a: Aromatisse
|-damage|p2a: Aromatisse|42/100
|
|-heal|p2a: Aromatisse|48/100|[from] item: Leftovers
|upkeep
|turn|24
|
|t:|1655060168
|move|p1a: Charizard|Hurricane|p2a: Aromatisse
|-damage|p2a: Aromatisse|1/100
|-start|p2a: Aromatisse|confusion
|-activate|p2a: Aromatisse|confusion
|move|p2a: Aromatisse|Wish|p2a: Aromatisse
|
|-heal|p2a: Aromatisse|7/100|[from] item: Leftovers
|upkeep
|turn|25
|
|t:|1655060176
|-activate|p2a: Aromatisse|confusion
|-damage|p2a: Aromatisse|3/100|[from] confusion
|move|p1a: Charizard|Flamethrower|p2a: Aromatisse
|-damage|p2a: Aromatisse|0 fnt
|faint|p2a: Aromatisse
|
|upkeep
|
|t:|1655060178
|switch|p2a: Lanturn|Lanturn, F|70/100 tox
|-damage|p2a: Lanturn|58/100 tox|[from] Stealth Rock
|turn|26
|c|☆Peachy07|my b
|
|t:|1655060199
|move|p2a: Lanturn|Hydro Pump|p1a: Charizard
|-supereffective|p1a: Charizard
|-damage|p1a: Charizard|0 fnt
|faint|p1a: Charizard
|
|-damage|p2a: Lanturn|51/100 tox|[from] psn
|upkeep
|
|t:|1655060205
|switch|p1a: Sneasel|Sneasel, F|100/100
|turn|27
|
|t:|1655060220
|switch|p2a: Trevenant|Trevenant, M|45/100
|-damage|p2a: Trevenant|32/100|[from] Stealth Rock
|move|p1a: Sneasel|Knock Off|p2a: Trevenant
|-supereffective|p2a: Trevenant
|-damage|p2a: Trevenant|0 fnt
|-enditem|p2a: Trevenant|Choice Band|[from] move: Knock Off|[of] p1a: Sneasel
|faint|p2a: Trevenant
|
|upkeep
|
|t:|1655060223
|switch|p2a: Ferroseed|Ferroseed, F|100/100
|-damage|p2a: Ferroseed|94/100|[from] Stealth Rock
|turn|28
|
|t:|1655060229
|switch|p1a: Togedemaru|Togedemaru, M|88/100
|move|p2a: Ferroseed|Leech Seed|p1a: Togedemaru
|-start|p1a: Togedemaru|move: Leech Seed
|
|-damage|p1a: Togedemaru|76/100|[from] Leech Seed|[of] p2a: Ferroseed
|-heal|p2a: Ferroseed|100/100|[silent]
|upkeep
|turn|29
|
|t:|1655060237
|move|p1a: Togedemaru|U-turn|p2a: Ferroseed
|-damage|p2a: Ferroseed|92/100
|-damage|p1a: Togedemaru|64/100|[from] ability: Iron Barbs|[of] p2a: Ferroseed
|
|t:|1655060240
|switch|p1a: Sneasel|Sneasel, F|100/100|[from]move: U-turn
|move|p2a: Ferroseed|Stealth Rock|p1a: Sneasel
|-sidestart|p1: Peachy07|move: Stealth Rock
|
|upkeep
|turn|30
|
|t:|1655060246
|move|p1a: Sneasel|Swords Dance|p1a: Sneasel
|-boost|p1a: Sneasel|atk|2
|move|p2a: Ferroseed|Gyro Ball|p1a: Sneasel
|-supereffective|p1a: Sneasel
|-damage|p1a: Sneasel|0 fnt
|faint|p1a: Sneasel
|
|upkeep
|c|☆Peachy07|g
|c|☆Peachy07|g
|c|☆xskelly34|gg
|-message|Peachy07 forfeited.
|
|win|xskelly34
|l|☆Peachy07
|l|☆xskelly34
