|j|☆srwak
|j|☆kurtyv
|t:|1628713353
|gametype|singles
|player|p1|srwak|pokefan-gen4|1357
|player|p2|kurtyv|2|1554
|teamsize|p1|6
|teamsize|p2|6
|gen|8
|tier|[Gen 8] PU
|rated|
|rule|Sleep Clause Mod: Limit one foe put to sleep
|rule|Species Clause: Limit one of each Pokémon
|rule|OHKO Clause: OHKO moves are banned
|rule|Evasion Moves Clause: Evasion moves are banned
|rule|Endless Battle Clause: Forcing endless battles is banned
|rule|HP Percentage Mod: HP is shown in percentages
|rule|Dynamax Clause: You cannot dynamax
|clearpoke
|poke|p1|Tsareena, F|
|poke|p1|Wishiwashi, F|
|poke|p1|Morpeko, M|
|poke|p1|Archeops, M|
|poke|p1|Vikavolt, M|
|poke|p1|Bouffalant, F|
|poke|p2|Weezing, M|
|poke|p2|Gigalith, M|
|poke|p2|Charizard, M|
|poke|p2|Magneton|
|poke|p2|Trevenant, M|
|poke|p2|Ribombee, F|
|teampreview
|inactive|Battle timer is ON: inactive players will automatically lose when time's up. (requested by srwak)
|
|t:|1628713384
|start
|switch|p1a: Wishiwashi|Wishiwashi, F|100/100
|switch|p2a: Gigalith|Gigalith, M|100/100
|-formechange|p1a: Wishiwashi|Wishiwashi-School||[from] ability: Schooling
|-weather|Sandstorm|[from] ability: Sand Stream|[of] p2a: Gigalith
|turn|1
|
|t:|1628713393
|move|p1a: Wishiwashi|Surf|p2a: Gigalith
|-supereffective|p2a: Gigalith
|-damage|p2a: Gigalith|44/100
|move|p2a: Gigalith|Stealth Rock|p1a: Wishiwashi
|-sidestart|p1: srwak|move: Stealth Rock
|
|-weather|Sandstorm|[upkeep]
|-damage|p1a: Wishiwashi|94/100|[from] Sandstorm
|-heal|p2a: Gigalith|50/100|[from] item: Leftovers
|upkeep
|turn|2
|
|t:|1628713403
|switch|p2a: Trevenant|Trevenant, M|100/100
|move|p1a: Wishiwashi|Surf|p2a: Trevenant
|-resisted|p2a: Trevenant
|-damage|p2a: Trevenant|67/100
|
|-weather|Sandstorm|[upkeep]
|-damage|p2a: Trevenant|61/100|[from] Sandstorm
|-damage|p1a: Wishiwashi|88/100|[from] Sandstorm
|upkeep
|turn|3
|
|t:|1628713412
|move|p2a: Trevenant|Drain Punch|p1a: Wishiwashi
|-damage|p1a: Wishiwashi|50/100
|-heal|p2a: Trevenant|79/100|[from] drain|[of] p1a: Wishiwashi
|move|p1a: Wishiwashi|Ice Beam|p2a: Trevenant
|-supereffective|p2a: Trevenant
|-damage|p2a: Trevenant|0 fnt
|faint|p2a: Trevenant
|
|-weather|Sandstorm|[upkeep]
|-damage|p1a: Wishiwashi|44/100|[from] Sandstorm
|upkeep
|
|t:|1628713426
|switch|p2a: Magneton|Magneton|100/100
|turn|4
|
|t:|1628713432
|switch|p1a: Vikavolt|Vikavolt, M|100/100
|-damage|p1a: Vikavolt|76/100|[from] Stealth Rock
|move|p2a: Magneton|Volt Switch|p1a: Vikavolt
|-resisted|p1a: Vikavolt
|-damage|p1a: Vikavolt|56/100
|
|t:|1628713436
|switch|p2a: Charizard|Charizard, M|100/100|[from]move: Volt Switch
|
|-weather|Sandstorm|[upkeep]
|-damage|p2a: Charizard|94/100|[from] Sandstorm
|-damage|p1a: Vikavolt|50/100|[from] Sandstorm
|upkeep
|turn|5
|
|t:|1628713446
|move|p2a: Charizard|Flamethrower|p1a: Vikavolt
|-supereffective|p1a: Vikavolt
|-damage|p1a: Vikavolt|0 fnt
|faint|p1a: Vikavolt
|
|-weather|none
|upkeep
|
|t:|1628713466
|switch|p1a: Bouffalant|Bouffalant, F|100/100
|-damage|p1a: Bouffalant|88/100|[from] Stealth Rock
|turn|6
|
|t:|1628713481
|switch|p2a: Weezing|Weezing, M|100/100
|move|p1a: Bouffalant|Head Charge|p2a: Weezing
|-damage|p2a: Weezing|34/100
|-damage|p1a: Bouffalant|72/100|[from] item: Rocky Helmet|[of] p2a: Weezing
|-damage|p1a: Bouffalant|55/100|[from] Recoil
|
|upkeep
|turn|7
|
|t:|1628713489
|move|p1a: Bouffalant|Head Charge|p2a: Weezing
|-damage|p2a: Weezing|0 fnt
|-damage|p1a: Bouffalant|38/100|[from] item: Rocky Helmet|[of] p2a: Weezing
|faint|p2a: Weezing
|-damage|p1a: Bouffalant|30/100|[from] Recoil
|
|upkeep
|
|t:|1628713492
|switch|p2a: Magneton|Magneton|100/100
|turn|8
|
|t:|1628713497
|move|p2a: Magneton|Volt Switch|p1a: Bouffalant
|-damage|p1a: Bouffalant|0 fnt
|faint|p1a: Bouffalant
|
|t:|1628713504
|switch|p2a: Ribombee|Ribombee, F|100/100|[from]move: Volt Switch
|
|upkeep
|
|t:|1628713507
|switch|p1a: Archeops|Archeops, M|100/100
|-damage|p1a: Archeops|75/100|[from] Stealth Rock
|turn|9
|
|t:|1628713513
|move|p1a: Archeops|Dual Wingbeat|p2a: Ribombee
|-supereffective|p2a: Ribombee
|-damage|p2a: Ribombee|9/100
|-supereffective|p2a: Ribombee
|-damage|p2a: Ribombee|0 fnt
|faint|p2a: Ribombee
|-hitcount|p2: Ribombee|2
|
|upkeep
|
|t:|1628713516
|switch|p2a: Magneton|Magneton|100/100
|turn|10
|
|t:|1628713521
|move|p1a: Archeops|Dual Wingbeat|p2a: Magneton
|-resisted|p2a: Magneton
|-damage|p2a: Magneton|91/100
|-resisted|p2a: Magneton
|-damage|p2a: Magneton|82/100
|-hitcount|p2a: Magneton|2
|move|p2a: Magneton|Flash Cannon|p1a: Archeops
|-supereffective|p1a: Archeops
|-damage|p1a: Archeops|0 fnt
|faint|p1a: Archeops
|
|upkeep
|
|t:|1628713531
|switch|p1a: Tsareena|Tsareena, F|100/100
|-damage|p1a: Tsareena|88/100|[from] Stealth Rock
|turn|11
|
|t:|1628713538
|switch|p2a: Gigalith|Gigalith, M|50/100
|-weather|Sandstorm|[from] ability: Sand Stream|[of] p2a: Gigalith
|move|p1a: Tsareena|Rapid Spin|p2a: Gigalith
|-resisted|p2a: Gigalith
|-damage|p2a: Gigalith|44/100
|-boost|p1a: Tsareena|spe|1
|-sideend|p1: srwak|Stealth Rock|[from] move: Rapid Spin|[of] p1a: Tsareena
|
|-weather|Sandstorm|[upkeep]
|-damage|p1a: Tsareena|82/100|[from] Sandstorm
|-heal|p2a: Gigalith|50/100|[from] item: Leftovers
|upkeep
|turn|12
|
|t:|1628713550
|move|p1a: Tsareena|Power Whip|p2a: Gigalith|[miss]
|-miss|p1a: Tsareena|p2a: Gigalith
|move|p2a: Gigalith|Stealth Rock|p1a: Tsareena
|-sidestart|p1: srwak|move: Stealth Rock
|
|-weather|Sandstorm|[upkeep]
|-damage|p1a: Tsareena|76/100|[from] Sandstorm
|-heal|p2a: Gigalith|56/100|[from] item: Leftovers
|upkeep
|turn|13
|
|t:|1628713558
|move|p1a: Tsareena|Rapid Spin|p2a: Gigalith
|-resisted|p2a: Gigalith
|-damage|p2a: Gigalith|50/100
|-boost|p1a: Tsareena|spe|1
|-sideend|p1: srwak|Stealth Rock|[from] move: Rapid Spin|[of] p1a: Tsareena
|move|p2a: Gigalith|Rock Blast|p1a: Tsareena
|-damage|p1a: Tsareena|65/100
|-damage|p1a: Tsareena|53/100
|-damage|p1a: Tsareena|42/100
|-enditem|p1a: Tsareena|Sitrus Berry|[eat]
|-heal|p1a: Tsareena|67/100|[from] item: Sitrus Berry
|-hitcount|p1a: Tsareena|3
|
|-weather|Sandstorm|[upkeep]
|-damage|p1a: Tsareena|61/100|[from] Sandstorm
|-heal|p2a: Gigalith|56/100|[from] item: Leftovers
|upkeep
|turn|14
|
|t:|1628713572
|move|p2a: Gigalith|Protect|p2a: Gigalith
|-singleturn|p2a: Gigalith|Protect
|move|p1a: Tsareena|Power Whip|p2a: Gigalith
|-activate|p2a: Gigalith|move: Protect
|
|-weather|Sandstorm|[upkeep]
|-damage|p1a: Tsareena|55/100|[from] Sandstorm
|-heal|p2a: Gigalith|62/100|[from] item: Leftovers
|upkeep
|turn|15
|
|t:|1628713581
|move|p1a: Tsareena|Power Whip|p2a: Gigalith
|-supereffective|p2a: Gigalith
|-damage|p2a: Gigalith|0 fnt
|faint|p2a: Gigalith
|
|-weather|none
|upkeep
|
|t:|1628713584
|switch|p2a: Charizard|Charizard, M|94/100
|turn|16
|
|t:|1628713590
|move|p1a: Tsareena|Knock Off|p2a: Charizard
|-damage|p2a: Charizard|43/100
|-enditem|p2a: Charizard|Heavy-Duty Boots|[from] move: Knock Off|[of] p1a: Tsareena
|move|p2a: Charizard|Flamethrower|p1a: Tsareena
|-supereffective|p1a: Tsareena
|-damage|p1a: Tsareena|0 fnt
|faint|p1a: Tsareena
|
|upkeep
|
|t:|1628713597
|switch|p1a: Wishiwashi|Wishiwashi, F|44/100
|-formechange|p1a: Wishiwashi|Wishiwashi-School||[from] ability: Schooling
|turn|17
|
|t:|1628713601
|move|p2a: Charizard|Hurricane|p1a: Wishiwashi
|-damage|p1a: Wishiwashi|14/100
|-start|p1a: Wishiwashi|confusion
|-activate|p1a: Wishiwashi|confusion
|-damage|p1a: Wishiwashi|4/100|[from] confusion
|
|-formechange|p1a: Wishiwashi|Wishiwashi||[from] ability: Schooling
|upkeep
|turn|18
|
|t:|1628713610
|move|p2a: Charizard|Roost|p2a: Charizard
|-heal|p2a: Charizard|93/100
|-singleturn|p2a: Charizard|move: Roost
|-activate|p1a: Wishiwashi|confusion
|move|p1a: Wishiwashi|Surf|p2a: Charizard
|-supereffective|p2a: Charizard
|-damage|p2a: Charizard|38/100
|
|upkeep
|turn|19
|
|t:|1628713618
|move|p2a: Charizard|Flamethrower|p1a: Wishiwashi
|-resisted|p1a: Wishiwashi
|-damage|p1a: Wishiwashi|0 fnt
|faint|p1a: Wishiwashi
|
|upkeep
|
|t:|1628713622
|switch|p1a: Morpeko|Morpeko, M|100/100
|turn|20
|
|t:|1628713625
|move|p2a: Charizard|Flamethrower|p1a: Morpeko
|-damage|p1a: Morpeko|17/100
|move|p1a: Morpeko|Aura Wheel|p2a: Charizard
|-supereffective|p2a: Charizard
|-damage|p2a: Charizard|0 fnt
|-boost|p1a: Morpeko|spe|1
|faint|p2a: Charizard
|
|-formechange|p1a: Morpeko|Morpeko-Hangry||[from] ability: Hunger Switch
|upkeep
|
|t:|1628713630
|switch|p2a: Magneton|Magneton|82/100
|turn|21
|
|t:|1628713637
|move|p1a: Morpeko|Aura Wheel|p2a: Magneton
|-damage|p2a: Magneton|14/100
|-boost|p1a: Morpeko|spe|1
|move|p2a: Magneton|Thunderbolt|p1a: Morpeko
|-resisted|p1a: Morpeko
|-crit|p1a: Morpeko
|-damage|p1a: Morpeko|0 fnt
|faint|p1a: Morpeko
|
|win|kurtyv
|raw|srwak's rating: 1357 &rarr; <strong>1347</strong><br />(-10 for losing)
|raw|kurtyv's rating: 1554 &rarr; <strong>1564</strong><br />(+10 for winning)
|l|☆srwak
||Ladder isn't responding, score probably updated but might not have (Request timeout).
