|j|☆BiscotteKouloulou
|j|☆MauricioPerry
|t:|1656521588
|gametype|singles
|player|p1|BiscotteKouloulou|unknown|1365
|player|p2|MauricioPerry|battlegirl|1342
|teamsize|p1|6
|teamsize|p2|6
|gen|8
|tier|[Gen 8] PU
|rated|
|rule|Sleep Clause Mod: Limit one foe put to sleep
|rule|Species Clause: Limit one of each Pokémon
|rule|OHKO Clause: OHKO moves are banned
|rule|Evasion Moves Clause: Evasion moves are banned
|rule|Endless Battle Clause: Forcing endless battles is banned
|rule|HP Percentage Mod: HP is shown in percentages
|rule|Dynamax Clause: You cannot dynamax
|clearpoke
|poke|p1|Aromatisse, M|
|poke|p1|Gigalith, M|
|poke|p1|Ferroseed, M|
|poke|p1|Scrafty, F|
|poke|p1|Articuno-Galar|
|poke|p1|Quagsire, F|
|poke|p2|Druddigon, F|
|poke|p2|Roselia, F|
|poke|p2|Silvally-*|
|poke|p2|Hitmonchan, M|
|poke|p2|Sneasel, F|
|poke|p2|Ribombee, M|
|teampreview
|inactive|Battle timer is ON: inactive players will automatically lose when time's up. (requested by MauricioPerry)
|inactive|BiscotteKouloulou has 120 seconds left.
|inactive|BiscotteKouloulou has 90 seconds left.
|
|t:|1656521662
|start
|switch|p1a: Ferroseed|Ferroseed, M|100/100
|switch|p2a: Silvally|Silvally-Fairy|100/100
|turn|1
|
|t:|1656521670
|switch|p1a: Gigalith|Gigalith, M|100/100
|-weather|Sandstorm|[from] ability: Sand Stream|[of] p1a: Gigalith
|move|p2a: Silvally|Flamethrower|p1a: Gigalith
|-resisted|p1a: Gigalith
|-damage|p1a: Gigalith|96/100
|
|-weather|Sandstorm|[upkeep]
|-damage|p2a: Silvally|94/100|[from] Sandstorm
|-heal|p1a: Gigalith|100/100|[from] item: Leftovers
|upkeep
|turn|2
|
|t:|1656521674
|move|p2a: Silvally|Parting Shot|p1a: Gigalith
|-unboost|p1a: Gigalith|atk|1
|-unboost|p1a: Gigalith|spa|1
|
|t:|1656521677
|switch|p2a: Druddigon|Druddigon, F|100/100|[from]move: Parting Shot
|move|p1a: Gigalith|Stealth Rock|p2a: Druddigon
|-sidestart|p2: MauricioPerry|move: Stealth Rock
|
|-weather|Sandstorm|[upkeep]
|-damage|p2a: Druddigon|94/100|[from] Sandstorm
|upkeep
|turn|3
|
|t:|1656521689
|switch|p1a: Ferroseed|Ferroseed, M|100/100
|move|p2a: Druddigon|Stealth Rock|p1a: Ferroseed
|-sidestart|p1: BiscotteKouloulou|move: Stealth Rock
|
|-weather|Sandstorm|[upkeep]
|-damage|p2a: Druddigon|88/100|[from] Sandstorm
|upkeep
|turn|4
|
|t:|1656521692
|move|p2a: Druddigon|Glare|p1a: Ferroseed
|-status|p1a: Ferroseed|par
|move|p1a: Ferroseed|Spikes|p2a: Druddigon
|-sidestart|p2: MauricioPerry|Spikes
|
|-weather|Sandstorm|[upkeep]
|-damage|p2a: Druddigon|82/100|[from] Sandstorm
|upkeep
|turn|5
|
|t:|1656521697
|switch|p2a: Silvally|Silvally-Fairy|94/100
|-damage|p2a: Silvally|82/100|[from] Stealth Rock
|-damage|p2a: Silvally|70/100|[from] Spikes
|move|p1a: Ferroseed|Spikes|p2a: Silvally
|-sidestart|p2: MauricioPerry|Spikes
|
|-weather|none
|upkeep
|turn|6
|
|t:|1656521709
|switch|p1a: Gigalith|Gigalith, M|100/100
|-damage|p1a: Gigalith|88/100|[from] Stealth Rock
|-weather|Sandstorm|[from] ability: Sand Stream|[of] p1a: Gigalith
|move|p2a: Silvally|Defog|p1a: Gigalith
|-unboost|p1a: Gigalith|evasion|1
|-sideend|p1: BiscotteKouloulou|Stealth Rock|[from] move: Defog|[of] p2a: Silvally
|-sideend|p2: MauricioPerry|Spikes|[from] move: Defog|[of] p2a: Silvally
|-sideend|p2: MauricioPerry|Stealth Rock|[from] move: Defog|[of] p2a: Silvally
|
|-weather|Sandstorm|[upkeep]
|-damage|p2a: Silvally|63/100|[from] Sandstorm
|-heal|p1a: Gigalith|94/100|[from] item: Leftovers
|upkeep
|turn|7
|
|t:|1656521719
|switch|p2a: Hitmonchan|Hitmonchan, M|100/100
|move|p1a: Gigalith|Stealth Rock|p2a: Hitmonchan
|-sidestart|p2: MauricioPerry|move: Stealth Rock
|
|-weather|Sandstorm|[upkeep]
|-damage|p2a: Hitmonchan|94/100|[from] Sandstorm
|-heal|p1a: Gigalith|100/100|[from] item: Leftovers
|upkeep
|turn|8
|
|t:|1656521729
|switch|p1a: Aromatisse|Aromatisse, M|100/100
|move|p2a: Hitmonchan|Rapid Spin|p1a: Aromatisse
|-damage|p1a: Aromatisse|91/100
|-boost|p2a: Hitmonchan|spe|1
|-sideend|p2: MauricioPerry|Stealth Rock|[from] move: Rapid Spin|[of] p2a: Hitmonchan
|
|-weather|Sandstorm|[upkeep]
|-damage|p2a: Hitmonchan|88/100|[from] Sandstorm
|-damage|p1a: Aromatisse|84/100|[from] Sandstorm
|upkeep
|turn|9
|
|t:|1656521735
|switch|p2a: Roselia|Roselia, F|100/100
|move|p1a: Aromatisse|Moonblast|p2a: Roselia
|-resisted|p2a: Roselia
|-damage|p2a: Roselia|86/100
|
|-weather|Sandstorm|[upkeep]
|-damage|p2a: Roselia|80/100|[from] Sandstorm
|-damage|p1a: Aromatisse|78/100|[from] Sandstorm
|upkeep
|turn|10
|
|t:|1656521745
|switch|p1a: Ferroseed|Ferroseed, M|100/100 par
|move|p2a: Roselia|Spikes|p1a: Ferroseed
|-sidestart|p1: BiscotteKouloulou|Spikes
|
|-weather|none
|upkeep
|turn|11
|
|t:|1656521750
|switch|p2a: Silvally|Silvally-Fairy|63/100
|move|p1a: Ferroseed|Spikes|p2a: Silvally
|-sidestart|p2: MauricioPerry|Spikes
|
|upkeep
|turn|12
|
|t:|1656521764
|switch|p1a: Gigalith|Gigalith, M|100/100
|-damage|p1a: Gigalith|88/100|[from] Spikes
|-weather|Sandstorm|[from] ability: Sand Stream|[of] p1a: Gigalith
|move|p2a: Silvally|Multi-Attack|p1a: Gigalith
|-damage|p1a: Gigalith|59/100
|
|-weather|Sandstorm|[upkeep]
|-damage|p2a: Silvally|57/100|[from] Sandstorm
|-heal|p1a: Gigalith|65/100|[from] item: Leftovers
|upkeep
|turn|13
|
|t:|1656521769
|move|p2a: Silvally|Parting Shot|p1a: Gigalith
|-unboost|p1a: Gigalith|atk|1
|-unboost|p1a: Gigalith|spa|1
|
|t:|1656521777
|switch|p2a: Hitmonchan|Hitmonchan, M|88/100|[from]move: Parting Shot
|-damage|p2a: Hitmonchan|75/100|[from] Spikes
|move|p1a: Gigalith|Earthquake|p2a: Hitmonchan
|-damage|p2a: Hitmonchan|48/100
|
|-weather|Sandstorm|[upkeep]
|-damage|p2a: Hitmonchan|41/100|[from] Sandstorm
|-heal|p1a: Gigalith|71/100|[from] item: Leftovers
|upkeep
|turn|14
|
|t:|1656521783
|switch|p1a: Ferroseed|Ferroseed, M|100/100 par
|-damage|p1a: Ferroseed|88/100 par|[from] Spikes
|move|p2a: Hitmonchan|Drain Punch|p1a: Ferroseed
|-supereffective|p1a: Ferroseed
|-damage|p1a: Ferroseed|42/100 par
|-heal|p2a: Hitmonchan|63/100|[from] drain|[of] p1a: Ferroseed
|-damage|p2a: Hitmonchan|51/100|[from] ability: Iron Barbs|[of] p1a: Ferroseed
|
|-weather|Sandstorm|[upkeep]
|-damage|p2a: Hitmonchan|45/100|[from] Sandstorm
|upkeep
|turn|15
|
|t:|1656521789
|switch|p1a: Aromatisse|Aromatisse, M|78/100
|move|p2a: Hitmonchan|Drain Punch|p1a: Aromatisse
|-resisted|p1a: Aromatisse
|-damage|p1a: Aromatisse|65/100
|-heal|p2a: Hitmonchan|54/100|[from] drain|[of] p1a: Aromatisse
|
|-weather|Sandstorm|[upkeep]
|-damage|p2a: Hitmonchan|48/100|[from] Sandstorm
|-damage|p1a: Aromatisse|59/100|[from] Sandstorm
|upkeep
|turn|16
|
|t:|1656521795
|move|p2a: Hitmonchan|Rapid Spin|p1a: Aromatisse
|-damage|p1a: Aromatisse|49/100
|-boost|p2a: Hitmonchan|spe|1
|-sideend|p2: MauricioPerry|Spikes|[from] move: Rapid Spin|[of] p2a: Hitmonchan
|move|p1a: Aromatisse|Moonblast|p2a: Hitmonchan
|-supereffective|p2a: Hitmonchan
|-damage|p2a: Hitmonchan|12/100
|-unboost|p2a: Hitmonchan|spa|1
|
|-weather|none
|upkeep
|turn|17
|
|t:|1656521822
|switch|p2a: Roselia|Roselia, F|80/100
|move|p1a: Aromatisse|Wish|p1a: Aromatisse
|
|upkeep
|turn|18
|
|t:|1656521832
|switch|p2a: Hitmonchan|Hitmonchan, M|12/100
|switch|p1a: Ferroseed|Ferroseed, M|42/100 par
|-damage|p1a: Ferroseed|30/100 par|[from] Spikes
|
|-heal|p1a: Ferroseed|99/100 par|[from] move: Wish|[wisher] Aromatisse
|upkeep
|turn|19
|
|t:|1656521840
|switch|p1a: Aromatisse|Aromatisse, M|49/100
|move|p2a: Hitmonchan|Drain Punch|p1a: Aromatisse
|-resisted|p1a: Aromatisse
|-damage|p1a: Aromatisse|37/100
|-heal|p2a: Hitmonchan|20/100|[from] drain|[of] p1a: Aromatisse
|
|upkeep
|turn|20
|
|t:|1656521845
|switch|p2a: Roselia|Roselia, F|80/100
|move|p1a: Aromatisse|Wish|p1a: Aromatisse
|
|upkeep
|turn|21
|
|t:|1656521853
|move|p1a: Aromatisse|Protect|p1a: Aromatisse
|-singleturn|p1a: Aromatisse|Protect
|move|p2a: Roselia|Spikes|p1a: Aromatisse
|-sidestart|p1: BiscotteKouloulou|Spikes
|
|-heal|p1a: Aromatisse|87/100|[from] move: Wish|[wisher] Aromatisse
|upkeep
|turn|22
|
|t:|1656521862
|switch|p2a: Silvally|Silvally-Fairy|57/100
|switch|p1a: Ferroseed|Ferroseed, M|99/100 par
|-damage|p1a: Ferroseed|83/100 par|[from] Spikes
|
|upkeep
|turn|23
|
|t:|1656521867
|switch|p1a: Gigalith|Gigalith, M|71/100
|-damage|p1a: Gigalith|54/100|[from] Spikes
|-weather|Sandstorm|[from] ability: Sand Stream|[of] p1a: Gigalith
|move|p2a: Silvally|Flamethrower|p1a: Gigalith
|-resisted|p1a: Gigalith
|-damage|p1a: Gigalith|50/100
|
|-weather|Sandstorm|[upkeep]
|-damage|p2a: Silvally|51/100|[from] Sandstorm
|-heal|p1a: Gigalith|56/100|[from] item: Leftovers
|upkeep
|turn|24
|
|t:|1656521873
|move|p2a: Silvally|Parting Shot|p1a: Gigalith
|-unboost|p1a: Gigalith|atk|1
|-unboost|p1a: Gigalith|spa|1
|
|t:|1656521876
|switch|p2a: Druddigon|Druddigon, F|82/100|[from]move: Parting Shot
|move|p1a: Gigalith|Stealth Rock|p2a: Druddigon
|-sidestart|p2: MauricioPerry|move: Stealth Rock
|
|-weather|Sandstorm|[upkeep]
|-damage|p2a: Druddigon|76/100|[from] Sandstorm
|-heal|p1a: Gigalith|62/100|[from] item: Leftovers
|upkeep
|turn|25
|
|t:|1656521880
|switch|p1a: Ferroseed|Ferroseed, M|83/100 par
|-damage|p1a: Ferroseed|67/100 par|[from] Spikes
|move|p2a: Druddigon|Stealth Rock|p1a: Ferroseed
|-sidestart|p1: BiscotteKouloulou|move: Stealth Rock
|
|-weather|Sandstorm|[upkeep]
|-damage|p2a: Druddigon|70/100|[from] Sandstorm
|upkeep
|turn|26
|
|t:|1656521897
|switch|p2a: Hitmonchan|Hitmonchan, M|20/100
|-damage|p2a: Hitmonchan|14/100|[from] Stealth Rock
|move|p1a: Ferroseed|Spikes|p2a: Hitmonchan
|-sidestart|p2: MauricioPerry|Spikes
|
|-weather|Sandstorm|[upkeep]
|-damage|p2a: Hitmonchan|7/100|[from] Sandstorm
|upkeep
|turn|27
|
|t:|1656521906
|move|p1a: Ferroseed|Protect|p1a: Ferroseed
|-singleturn|p1a: Ferroseed|Protect
|move|p2a: Hitmonchan|Drain Punch|p1a: Ferroseed
|-activate|p1a: Ferroseed|move: Protect
|
|-weather|none
|upkeep
|turn|28
|
|t:|1656521918
|switch|p1a: Articuno|Articuno-Galar|100/100
|move|p2a: Hitmonchan|Drain Punch|p1a: Articuno
|-resisted|p1a: Articuno
|-damage|p1a: Articuno|91/100
|-heal|p2a: Hitmonchan|13/100|[from] drain|[of] p1a: Articuno
|
|upkeep
|turn|29
|
|t:|1656521926
|move|p1a: Articuno|Hurricane|p2a: Hitmonchan|[miss]
|-miss|p1a: Articuno|p2a: Hitmonchan
|move|p2a: Hitmonchan|Rapid Spin|p1a: Articuno
|-damage|p1a: Articuno|76/100
|-boost|p2a: Hitmonchan|spe|1
|-sideend|p2: MauricioPerry|Spikes|[from] move: Rapid Spin|[of] p2a: Hitmonchan
|-sideend|p2: MauricioPerry|Stealth Rock|[from] move: Rapid Spin|[of] p2a: Hitmonchan
|
|upkeep
|turn|30
|
|t:|1656521944
|move|p2a: Hitmonchan|Throat Chop|p1a: Articuno
|-supereffective|p1a: Articuno
|-damage|p1a: Articuno|31/100
|-start|p1a: Articuno|Throat Chop|[silent]
|move|p1a: Articuno|Hurricane|p2a: Hitmonchan|[miss]
|-miss|p1a: Articuno|p2a: Hitmonchan
|
|upkeep
|turn|31
|
|t:|1656521952
|switch|p1a: Ferroseed|Ferroseed, M|67/100 par
|-damage|p1a: Ferroseed|50/100 par|[from] Spikes
|-damage|p1a: Ferroseed|44/100 par|[from] Stealth Rock
|move|p2a: Hitmonchan|Drain Punch|p1a: Ferroseed
|-supereffective|p1a: Ferroseed
|-damage|p1a: Ferroseed|4/100 par
|-heal|p2a: Hitmonchan|32/100|[from] drain|[of] p1a: Ferroseed
|-damage|p2a: Hitmonchan|19/100|[from] ability: Iron Barbs|[of] p1a: Ferroseed
|
|upkeep
|turn|32
|-message|BiscotteKouloulou forfeited.
|
|win|MauricioPerry
|raw|BiscotteKouloulou's rating: 1365 &rarr; <strong>1344</strong><br />(-21 for losing)
|raw|MauricioPerry's rating: 1342 &rarr; <strong>1363</strong><br />(+21 for winning)
|l|☆BiscotteKouloulou
||Ladder isn't responding, score probably updated but might not have (Request timeout).
