|j|☆GammaGoGamma
|j|☆RoyalReloaded
|inactive|Battle timer is ON: inactive players will automatically lose when time's up.
|t:|1666431326
|gametype|singles
|player|p1|GammaGoGamma|burglar|
|player|p2|RoyalReloaded|#bltixsnorlaxes|
|teamsize|p1|6
|teamsize|p2|6
|gen|8
|tier|[Gen 8] PU
|rated|Tournament battle
|rule|Sleep Clause Mod: Limit one foe put to sleep
|rule|Species Clause: Limit one of each Pokémon
|rule|OHKO Clause: OHKO moves are banned
|rule|Evasion Items Clause: Evasion items are banned
|rule|Evasion Moves Clause: Evasion moves are banned
|rule|Endless Battle Clause: Forcing endless battles is banned
|rule|HP Percentage Mod: HP is shown in percentages
|rule|Dynamax Clause: You cannot dynamax
|clearpoke
|poke|p1|Frosmoth, F|
|poke|p1|Charizard, F|
|poke|p1|Sandaconda, F|
|poke|p1|Lycanroc, F|
|poke|p1|Whimsicott, M|
|poke|p1|Wishiwashi, M|
|poke|p2|Scrafty, M|
|poke|p2|Articuno-Galar|
|poke|p2|Aggron, F|
|poke|p2|Weezing, M|
|poke|p2|Silvally-*|
|poke|p2|Ribombee, F|
|teampreview
|j|*Lady Monita ☽
|c|☆RoyalReloaded|hf
|inactive|GammaGoGamma has 120 seconds left.
|
|t:|1666431359
|start
|switch|p1a: Sandaconda|Sandaconda, F|100/100
|switch|p2a: Silvally|Silvally-Ghost|100/100
|turn|1
|j|+Zomb Thug
|
|t:|1666431385
|move|p2a: Silvally|Parting Shot|p1a: Sandaconda
|-unboost|p1a: Sandaconda|atk|1
|-unboost|p1a: Sandaconda|spa|1
|l|+Zomb Thug
|
|t:|1666431389
|switch|p2a: Weezing|Weezing, M|100/100|[from]move: Parting Shot
|move|p1a: Sandaconda|Glare|p2a: Weezing
|-status|p2a: Weezing|par
|
|upkeep
|turn|2
|
|t:|1666431393
|move|p1a: Sandaconda|Stealth Rock|p2a: Weezing
|-sidestart|p2: RoyalReloaded|move: Stealth Rock
|move|p2a: Weezing|Toxic Spikes|p1a: Sandaconda
|-sidestart|p1: GammaGoGamma|move: Toxic Spikes
|
|upkeep
|turn|3
|
|t:|1666431410
|switch|p1a: Charizard|Charizard, F, shiny|100/100
|move|p2a: Weezing|Toxic Spikes|p1a: Charizard
|-sidestart|p1: GammaGoGamma|move: Toxic Spikes
|
|upkeep
|turn|4
|
|t:|1666431413
|move|p1a: Charizard|Fire Blast|p2a: Weezing
|-damage|p2a: Weezing|33/100 par
|move|p2a: Weezing|Sludge Bomb|p1a: Charizard
|-damage|p1a: Charizard|67/100
|
|-heal|p2a: Weezing|39/100 par|[from] item: Black Sludge
|upkeep
|turn|5
|
|t:|1666431434
|switch|p2a: Articuno|Articuno-Galar|100/100
|move|p1a: Charizard|Defog|p2a: Articuno
|-unboost|p2a: Articuno|evasion|1
|-ability|p2a: Articuno|Competitive|boost
|-boost|p2a: Articuno|spa|2
|-sideend|p2: RoyalReloaded|Stealth Rock|[from] move: Defog|[of] p1a: Charizard
|-sideend|p1: GammaGoGamma|Toxic Spikes|[from] move: Defog|[of] p1a: Charizard
|
|upkeep
|turn|6
|j|+Zomb Thug
|
|t:|1666431446
|move|p1a: Charizard|Fire Blast|p2a: Articuno
|-damage|p2a: Articuno|42/100
|move|p2a: Articuno|Future Sight|p1a: Charizard
|-start|p2a: Articuno|move: Future Sight
|
|upkeep
|turn|7
|
|t:|1666431458
|switch|p2a: Aggron|Aggron, F|100/100
|move|p1a: Charizard|Fire Blast|p2a: Aggron
|-damage|p2a: Aggron|50/100
|
|-heal|p2a: Aggron|56/100|[from] item: Leftovers
|upkeep
|turn|8
|
|t:|1666431463
|switch|p1a: Wishiwashi|Wishiwashi, M|100/100
|-formechange|p1a: Wishiwashi|Wishiwashi-School||[from] ability: Schooling
|move|p2a: Aggron|Head Smash|p1a: Wishiwashi
|-damage|p1a: Wishiwashi|52/100
|
|-end|p1a: Wishiwashi|move: Future Sight
|-damage|p1a: Wishiwashi|7/100
|-heal|p2a: Aggron|62/100|[from] item: Leftovers
|-heal|p1a: Wishiwashi|13/100|[from] item: Leftovers
|-formechange|p1a: Wishiwashi|Wishiwashi||[from] ability: Schooling
|upkeep
|turn|9
|
|t:|1666431476
|move|p2a: Aggron|Stealth Rock|p1a: Wishiwashi
|-sidestart|p1: GammaGoGamma|move: Stealth Rock
|move|p1a: Wishiwashi|Scald|p2a: Aggron
|-supereffective|p2a: Aggron
|-damage|p2a: Aggron|43/100
|
|-heal|p2a: Aggron|49/100|[from] item: Leftovers
|-heal|p1a: Wishiwashi|19/100|[from] item: Leftovers
|upkeep
|turn|10
|
|t:|1666431485
|move|p2a: Aggron|Body Press|p1a: Wishiwashi
|-damage|p1a: Wishiwashi|0 fnt
|faint|p1a: Wishiwashi
|
|-heal|p2a: Aggron|55/100|[from] item: Leftovers
|upkeep
|
|t:|1666431488
|switch|p1a: Charizard|Charizard, F, shiny|67/100
|turn|11
|l|+Zomb Thug
|
|t:|1666431505
|switch|p1a: Sandaconda|Sandaconda, F|100/100
|-damage|p1a: Sandaconda|94/100|[from] Stealth Rock
|move|p2a: Aggron|Head Smash|p1a: Sandaconda
|-resisted|p1a: Sandaconda
|-damage|p1a: Sandaconda|75/100
|-damage|p2a: Aggron|39/100|[from] item: Rocky Helmet|[of] p1a: Sandaconda
|
|-heal|p2a: Aggron|45/100|[from] item: Leftovers
|upkeep
|turn|12
|
|t:|1666431509
|switch|p2a: Weezing|Weezing, M|39/100 par
|move|p1a: Sandaconda|Stealth Rock|p2a: Weezing
|-sidestart|p2: RoyalReloaded|move: Stealth Rock
|
|-heal|p2a: Weezing|45/100 par|[from] item: Black Sludge
|upkeep
|turn|13
|
|t:|1666431511
|switch|p1a: Charizard|Charizard, F, shiny|67/100
|move|p2a: Weezing|Pain Split|p1a: Charizard
|-sethp|p1a: Charizard|58/100|[from] move: Pain Split|[silent]
|-sethp|p2a: Weezing|52/100 par|[from] move: Pain Split
|
|-heal|p2a: Weezing|58/100 par|[from] item: Black Sludge
|upkeep
|turn|14
|
|t:|1666431515
|move|p1a: Charizard|Fire Blast|p2a: Weezing
|-damage|p2a: Weezing|0 fnt
|faint|p2a: Weezing
|
|upkeep
|
|t:|1666431522
|switch|p2a: Silvally|Silvally-Ghost|100/100
|-damage|p2a: Silvally|88/100|[from] Stealth Rock
|turn|15
|
|t:|1666431526
|switch|p1a: Sandaconda|Sandaconda, F|75/100
|-damage|p1a: Sandaconda|69/100|[from] Stealth Rock
|move|p2a: Silvally|Defog|p1a: Sandaconda
|-unboost|p1a: Sandaconda|evasion|1
|-sideend|p1: GammaGoGamma|Stealth Rock|[from] move: Defog|[of] p2a: Silvally
|-sideend|p2: RoyalReloaded|Stealth Rock|[from] move: Defog|[of] p2a: Silvally
|
|upkeep
|turn|16
|
|t:|1666431534
|move|p2a: Silvally|Toxic|p1a: Sandaconda
|-status|p1a: Sandaconda|tox
|move|p1a: Sandaconda|Glare|p2a: Silvally
|-status|p2a: Silvally|par
|
|-activate|p1a: Sandaconda|ability: Shed Skin
|-curestatus|p1a: Sandaconda|tox|[msg]
|upkeep
|turn|17
|
|t:|1666431548
|move|p1a: Sandaconda|Stealth Rock|p2a: Silvally
|-sidestart|p2: RoyalReloaded|move: Stealth Rock
|move|p2a: Silvally|Parting Shot|p1a: Sandaconda
|-unboost|p1a: Sandaconda|atk|1
|-unboost|p1a: Sandaconda|spa|1
|j| P-HubProdigy
|
|t:|1666431550
|switch|p2a: Articuno|Articuno-Galar|42/100|[from]move: Parting Shot
|
|upkeep
|turn|18
|
|t:|1666431554
|move|p2a: Articuno|Future Sight|p1a: Sandaconda
|-start|p2a: Articuno|move: Future Sight
|move|p1a: Sandaconda|Glare|p2a: Articuno
|-status|p2a: Articuno|par
|
|upkeep
|turn|19
|j| power2234
|
|t:|1666431563
|move|p1a: Sandaconda|Earthquake|p2a: Articuno
|-immune|p2a: Articuno
|move|p2a: Articuno|U-turn|p1a: Sandaconda
|-damage|p1a: Sandaconda|61/100
|-damage|p2a: Articuno|26/100 par|[from] item: Rocky Helmet|[of] p1a: Sandaconda
|
|t:|1666431570
|switch|p2a: Ribombee|Ribombee, F|100/100|[from]move: U-turn
|
|upkeep
|turn|20
|
|t:|1666431576
|move|p2a: Ribombee|Aromatherapy|p2a: Ribombee
|-activate|p2a: Ribombee|move: Aromatherapy
|-curestatus|p2: Silvally|par|[msg]
|-curestatus|p2: Articuno|par|[msg]
|move|p1a: Sandaconda|Glare|p2a: Ribombee
|-status|p2a: Ribombee|par
|
|-end|p1a: Sandaconda|move: Future Sight
|-damage|p1a: Sandaconda|0 fnt
|faint|p1a: Sandaconda
|upkeep
|
|t:|1666431585
|switch|p1a: Charizard|Charizard, F, shiny|58/100
|turn|21
|
|t:|1666431592
|switch|p2a: Aggron|Aggron, F|45/100
|-damage|p2a: Aggron|39/100|[from] Stealth Rock
|move|p1a: Charizard|Fire Blast|p2a: Aggron
|-damage|p2a: Aggron|0 fnt
|faint|p2a: Aggron
|
|upkeep
|
|t:|1666431594
|switch|p2a: Silvally|Silvally-Ghost|88/100
|-damage|p2a: Silvally|76/100|[from] Stealth Rock
|turn|22
|
|t:|1666431601
|move|p1a: Charizard|Fire Blast|p2a: Silvally
|-damage|p2a: Silvally|31/100
|move|p2a: Silvally|Defog|p1a: Charizard
|-unboost|p1a: Charizard|evasion|1
|-sideend|p2: RoyalReloaded|Stealth Rock|[from] move: Defog|[of] p2a: Silvally
|
|upkeep
|turn|23
|
|t:|1666431610
|move|p1a: Charizard|Fire Blast|p2a: Silvally|[miss]
|-miss|p1a: Charizard|p2a: Silvally
|move|p2a: Silvally|Parting Shot|p1a: Charizard
|-unboost|p1a: Charizard|atk|1
|-unboost|p1a: Charizard|spa|1
|
|t:|1666431612
|switch|p2a: Scrafty|Scrafty, M|100/100|[from]move: Parting Shot
|-ability|p2a: Scrafty|Intimidate|boost
|-unboost|p1a: Charizard|atk|1
|
|upkeep
|turn|24
|
|t:|1666431615
|switch|p1a: Whimsicott|Whimsicott, M, shiny|100/100
|move|p2a: Scrafty|Knock Off|p1a: Whimsicott
|-resisted|p1a: Whimsicott
|-damage|p1a: Whimsicott|50/100
|-enditem|p1a: Whimsicott|Choice Specs|[from] move: Knock Off|[of] p2a: Scrafty
|
|upkeep
|turn|25
|
|t:|1666431621
|switch|p2a: Ribombee|Ribombee, F|100/100 par
|move|p1a: Whimsicott|Moonblast|p2a: Ribombee
|-damage|p2a: Ribombee|42/100 par
|
|upkeep
|turn|26
|
|t:|1666431627
|move|p1a: Whimsicott|Moonblast|p2a: Ribombee
|-crit|p2a: Ribombee
|-damage|p2a: Ribombee|0 fnt
|faint|p2a: Ribombee
|
|upkeep
|
|t:|1666431629
|switch|p2a: Articuno|Articuno-Galar|26/100
|turn|27
|
|t:|1666431631
|move|p1a: Whimsicott|Moonblast|p2a: Articuno
|-damage|p2a: Articuno|0 fnt
|faint|p2a: Articuno
|
|upkeep
|
|t:|1666431634
|switch|p2a: Scrafty|Scrafty, M|100/100
|-ability|p2a: Scrafty|Intimidate|boost
|-unboost|p1a: Whimsicott|atk|1
|turn|28
|
|t:|1666431635
|move|p1a: Whimsicott|Moonblast|p2a: Scrafty
|-supereffective|p2a: Scrafty
|-damage|p2a: Scrafty|0 fnt
|faint|p2a: Scrafty
|
|upkeep
|c|☆RoyalReloaded|gg
|-message|RoyalReloaded forfeited.
|
|win|GammaGoGamma
|n|☆GammaGoGamma|gammagogamma
|n|☆RoyalReloaded|royalreloaded
|n|*Lady Monita ☽|ladymonita
|n| P-HubProdigy|phubprodigy
|n| power2234|power2234
|l|*Lady Monita ☽
|l|☆RoyalReloaded
|c|☆GammaGoGamma|gg
