|j|☆long story short
|j|☆Antares
|t:|1665265248
|gametype|singles
|player|p1|long story short|camper|
|player|p2|Antares|galacticgrunt|
|teamsize|p1|6
|teamsize|p2|6
|gen|8
|tier|[Gen 8] PU
|rule|Sleep Clause Mod: Limit one foe put to sleep
|rule|Species Clause: Limit one of each Pokémon
|rule|OHKO Clause: OHKO moves are banned
|rule|Evasion Items Clause: Evasion items are banned
|rule|Evasion Moves Clause: Evasion moves are banned
|rule|Endless Battle Clause: Forcing endless battles is banned
|rule|HP Percentage Mod: HP is shown in percentages
|rule|Dynamax Clause: You cannot dynamax
|clearpoke
|poke|p1|Sandslash, F|
|poke|p1|Lycanroc, F|
|poke|p1|Gigalith, F|
|poke|p1|Eldegoss, F|
|poke|p1|Articuno-Galar|
|poke|p1|Ribombee, F|
|poke|p2|Trevenant, F|
|poke|p2|Rhydon, F|
|poke|p2|Wishiwashi, F|
|poke|p2|Togedemaru, M|
|poke|p2|Charizard, M|
|poke|p2|Ribombee, M|
|teampreview
|c|☆Antares|gl
|c|☆long story short|hf
|
|t:|1665265288
|start
|switch|p1a: Articuno|Articuno-Galar|100/100
|switch|p2a: Trevenant|Trevenant, F|100/100
|turn|1
|
|t:|1665265295
|switch|p2a: Togedemaru|Togedemaru, M|100/100
|move|p1a: Articuno|Hurricane|p2a: Togedemaru
|-resisted|p2a: Togedemaru
|-damage|p2a: Togedemaru|88/100
|-start|p2a: Togedemaru|confusion
|
|upkeep
|turn|2
|j| Mionda ✿
|
|t:|1665265298
|move|p1a: Articuno|Future Sight|p2a: Togedemaru
|-start|p1a: Articuno|move: Future Sight
|-activate|p2a: Togedemaru|confusion
|-damage|p2a: Togedemaru|74/100|[from] confusion
|
|upkeep
|turn|3
|
|t:|1665265304
|move|p1a: Articuno|U-turn|p2a: Togedemaru
|-resisted|p2a: Togedemaru
|-damage|p2a: Togedemaru|65/100
|-damage|p1a: Articuno|88/100|[from] ability: Iron Barbs|[of] p2a: Togedemaru
|
|t:|1665265310
|switch|p1a: Eldegoss|Eldegoss, F|100/100|[from]move: U-turn
|-activate|p2a: Togedemaru|confusion
|-damage|p2a: Togedemaru|50/100|[from] confusion
|
|upkeep
|turn|4
|
|t:|1665265322
|switch|p1a: Gigalith|Gigalith, F|100/100
|-weather|Sandstorm|[from] ability: Sand Stream|[of] p1a: Gigalith
|-activate|p2a: Togedemaru|confusion
|-damage|p2a: Togedemaru|36/100|[from] confusion
|
|-weather|Sandstorm|[upkeep]
|-end|p2a: Togedemaru|move: Future Sight
|-resisted|p2a: Togedemaru
|-damage|p2a: Togedemaru|9/100
|upkeep
|turn|5
|
|t:|1665265332
|-activate|p2a: Togedemaru|confusion
|move|p2a: Togedemaru|Wish|p2a: Togedemaru
|move|p1a: Gigalith|Earthquake|p2a: Togedemaru
|-supereffective|p2a: Togedemaru
|-damage|p2a: Togedemaru|0 fnt
|faint|p2a: Togedemaru
|
|-weather|Sandstorm|[upkeep]
|upkeep
|
|t:|1665265340
|switch|p2a: Trevenant|Trevenant, F|100/100
|turn|6
|
|t:|1665265345
|switch|p1a: Eldegoss|Eldegoss, F|100/100
|move|p2a: Trevenant|Wood Hammer|p1a: Eldegoss
|-resisted|p1a: Eldegoss
|-damage|p1a: Eldegoss|64/100
|-damage|p2a: Trevenant|88/100|[from] Recoil
|-enditem|p1a: Eldegoss|Eject Button
|
|t:|1665265365
|switch|p1a: Ribombee|Ribombee, F|100/100
|
|-weather|Sandstorm|[upkeep]
|-damage|p1a: Ribombee|94/100|[from] Sandstorm
|-damage|p2a: Trevenant|82/100|[from] Sandstorm
|-heal|p2a: Trevenant|100/100|[from] move: Wish|[wisher] Togedemaru
|upkeep
|turn|7
|
|t:|1665265384
|switch|p2a: Charizard|Charizard, M|100/100
|move|p1a: Ribombee|U-turn|p2a: Charizard
|-resisted|p2a: Charizard
|-crit|p2a: Charizard
|-damage|p2a: Charizard|93/100
|
|t:|1665265391
|switch|p1a: Lycanroc|Lycanroc, F|100/100|[from]move: U-turn
|
|-weather|Sandstorm|[upkeep]
|-damage|p2a: Charizard|87/100|[from] Sandstorm
|upkeep
|turn|8
|-message|Antares forfeited.
|
|win|long story short
|c|☆Antares|gg
|c|☆long story short|gg
|l|☆Antares
|l| Mionda ✿
|l|☆long story short
|j|☆long story short
|player|p1|long story short|camper
|l|☆long story short
|player|p1|
|j|☆long story short
|player|p1|long story short|camper
