|j|☆purplehearts
|j|☆sefa88
|t:|1596392216
|player|p1|purplehearts|lass-gen1|1207
|player|p2|sefa88|acerola|1043
|teamsize|p1|6
|teamsize|p2|6
|gametype|singles
|gen|8
|tier|[Gen 8] PU
|rated|
|clearpoke
|poke|p1|Pikachu, F|
|poke|p1|Morpeko, F|
|poke|p1|Dedenne, M|
|poke|p1|Marill, M|
|poke|p1|Gourgeist-*, F|
|poke|p1|Sandslash, F|
|poke|p2|Golduck, F|
|poke|p2|Boltund, M|
|poke|p2|Drakloak, F|
|poke|p2|Roselia, M|
|poke|p2|Wigglytuff, M|
|poke|p2|Beheeyem, F|
|rule|Sleep Clause Mod: Limit one foe put to sleep
|rule|Species Clause: Limit one of each Pokémon
|rule|OHKO Clause: OHKO moves are banned
|rule|Evasion Moves Clause: Evasion moves are banned
|rule|Endless Battle Clause: Forcing endless battles is banned
|rule|HP Percentage Mod: HP is shown in percentages
|rule|Dynamax Clause: You cannot dynamax
|teampreview
|inactive|Battle timer is ON: inactive players will automatically lose when time's up. (requested by sefa88)
|
|t:|1596392240
|start
|switch|p1a: Sandslash|Sandslash, F|100/100
|switch|p2a: Wigglytuff|Wigglytuff, M|100/100
|-item|p1a: Sandslash|Rocky Helmet|[from] ability: Frisk|[of] p2a: Wigglytuff|[identify]
|turn|1
|
|t:|1596392251
|move|p1a: Sandslash|Stealth Rock|p2a: Wigglytuff
|-sidestart|p2: sefa88|move: Stealth Rock
|move|p2a: Wigglytuff|Hyper Voice|p1a: Sandslash
|-damage|p1a: Sandslash|39/100
|
|upkeep
|turn|2
|
|t:|1596392263
|move|p1a: Sandslash|Spikes|p2a: Wigglytuff
|-sidestart|p2: sefa88|Spikes
|move|p2a: Wigglytuff|Dazzling Gleam|p1a: Sandslash
|-damage|p1a: Sandslash|0 fnt
|faint|p1a: Sandslash
|
|upkeep
|
|t:|1596392269
|switch|p1a: Pikachu|Pikachu, F|100/100
|turn|3
|
|t:|1596392274
|move|p1a: Pikachu|Fake Out|p2a: Wigglytuff
|-damage|p2a: Wigglytuff|79/100
|cant|p2a: Wigglytuff|flinch
|
|upkeep
|turn|4
|
|t:|1596392280
|move|p1a: Pikachu|Volt Tackle|p2a: Wigglytuff
|-damage|p2a: Wigglytuff|0 fnt
|-damage|p1a: Pikachu|41/100|[from] Recoil
|faint|p2a: Wigglytuff
|
|upkeep
|
|t:|1596392287
|switch|p2a: Drakloak|Drakloak, F|100/100
|-damage|p2a: Drakloak|88/100|[from] Stealth Rock
|-damage|p2a: Drakloak|76/100|[from] Spikes
|turn|5
|
|t:|1596392294
|switch|p1a: Marill|Marill, M|100/100
|move|p2a: Drakloak|Dragon Dance|p2a: Drakloak
|-boost|p2a: Drakloak|atk|1
|-boost|p2a: Drakloak|spe|1
|
|upkeep
|turn|6
|
|t:|1596392302
|move|p2a: Drakloak|Phantom Force||[still]
|-prepare|p2a: Drakloak|Phantom Force
|move|p1a: Marill|Toxic|p2a: Drakloak|[miss]
|-miss|p1a: Marill|p2a: Drakloak
|
|upkeep
|turn|7
|
|t:|1596392308
|move|p2a: Drakloak|Phantom Force|p1a: Marill|[from]lockedmove
|-damage|p1a: Marill|40/100
|move|p1a: Marill|Toxic|p2a: Drakloak
|-status|p2a: Drakloak|tox
|
|-damage|p2a: Drakloak|70/100 tox|[from] psn
|upkeep
|turn|8
|
|t:|1596392318
|move|p2a: Drakloak|Phantom Force||[still]
|-prepare|p2a: Drakloak|Phantom Force
|move|p1a: Marill|Rest|p1a: Marill
|-status|p1a: Marill|slp|[from] move: Rest
|-heal|p1a: Marill|100/100 slp|[silent]
|
|-damage|p2a: Drakloak|57/100 tox|[from] psn
|upkeep
|turn|9
|
|t:|1596392328
|move|p2a: Drakloak|Phantom Force|p1a: Marill|[from]lockedmove
|-damage|p1a: Marill|33/100 slp
|cant|p1a: Marill|slp
|move|p1a: Marill|Sleep Talk|p1a: Marill
|move|p1a: Marill|Rest|p1a: Marill|[from]Sleep Talk
|-fail|p1a: Marill
|
|-damage|p2a: Drakloak|39/100 tox|[from] psn
|upkeep
|turn|10
|
|t:|1596392341
|move|p2a: Drakloak|Phantom Force||[still]
|-prepare|p2a: Drakloak|Phantom Force
|cant|p1a: Marill|slp
|move|p1a: Marill|Sleep Talk|p1a: Marill
|move|p1a: Marill|Whirlpool|p2a: Drakloak|[from]Sleep Talk|[miss]
|-miss|p1a: Marill|p2a: Drakloak
|
|-damage|p2a: Drakloak|14/100 tox|[from] psn
|upkeep
|turn|11
|
|t:|1596392357
|move|p2a: Drakloak|Phantom Force|p1a: Marill|[from]lockedmove
|-damage|p1a: Marill|0 fnt
|faint|p1a: Marill
|
|-damage|p2a: Drakloak|0 fnt|[from] psn
|faint|p2a: Drakloak
|upkeep
|
|t:|1596392370
|switch|p2a: Boltund|Boltund, M|100/100
|switch|p1a: Morpeko|Morpeko, F|100/100
|-damage|p2a: Boltund|88/100|[from] Stealth Rock
|-damage|p2a: Boltund|76/100|[from] Spikes
|turn|12
|
|t:|1596392388
|move|p2a: Boltund|Fire Fang|p1a: Morpeko
|-damage|p1a: Morpeko|34/100
|-damage|p2a: Boltund|66/100|[from] item: Life Orb
|move|p1a: Morpeko|Rapid Spin|p2a: Boltund
|-damage|p2a: Boltund|33/100
|-boost|p1a: Morpeko|spe|1
|-damage|p1a: Morpeko|24/100|[from] item: Life Orb
|
|-formechange|p1a: Morpeko|Morpeko-Hangry||[from] ability: Hunger Switch
|upkeep
|turn|13
|
|t:|1596392401
|move|p1a: Morpeko|Aura Wheel|p2a: Boltund
|-damage|p2a: Boltund|0 fnt
|-boost|p1a: Morpeko|spe|1
|-damage|p1a: Morpeko|14/100|[from] item: Life Orb
|faint|p2a: Boltund
|
|-formechange|p1a: Morpeko|Morpeko||[from] ability: Hunger Switch
|upkeep
|
|t:|1596392410
|switch|p2a: Roselia|Roselia, M|100/100
|-damage|p2a: Roselia|88/100|[from] Stealth Rock
|-damage|p2a: Roselia|76/100|[from] Spikes
|turn|14
|
|t:|1596392427
|move|p1a: Morpeko|Parting Shot|p2a: Roselia
|-unboost|p2a: Roselia|atk|1
|-unboost|p2a: Roselia|spa|1
|
|t:|1596392443
|switch|p1a: Gourgeist|Gourgeist-Large, F|100/100|[from]move: Parting Shot
|-item|p2a: Roselia|Eviolite|[from] ability: Frisk|[of] p1a: Gourgeist|[identify]
|move|p2a: Roselia|Giga Drain|p1a: Gourgeist
|-resisted|p1a: Gourgeist
|-damage|p1a: Gourgeist|90/100
|-heal|p2a: Roselia|82/100|[from] drain|[of] p1a: Gourgeist
|
|upkeep
|turn|15
|
|t:|1596392455
|move|p1a: Gourgeist|Will-O-Wisp|p2a: Roselia
|-status|p2a: Roselia|brn
|move|p2a: Roselia|Toxic|p1a: Gourgeist
|-status|p1a: Gourgeist|tox
|
|-damage|p1a: Gourgeist|84/100 tox|[from] psn
|-damage|p2a: Roselia|76/100 brn|[from] brn
|upkeep
|turn|16
|inactive|purplehearts has 120 seconds left.
|
|t:|1596392478
|switch|p1a: Morpeko|Morpeko, F|14/100
|move|p2a: Roselia|Spikes|p1a: Morpeko
|-sidestart|p1: purplehearts|Spikes
|
|-damage|p2a: Roselia|70/100 brn|[from] brn
|-formechange|p1a: Morpeko|Morpeko-Hangry||[from] ability: Hunger Switch
|upkeep
|turn|17
|
|t:|1596392489
|move|p1a: Morpeko|Aura Wheel|p2a: Roselia
|-damage|p2a: Roselia|0 fnt
|-boost|p1a: Morpeko|spe|1
|-damage|p1a: Morpeko|4/100|[from] item: Life Orb
|faint|p2a: Roselia
|
|-formechange|p1a: Morpeko|Morpeko||[from] ability: Hunger Switch
|upkeep
|
|t:|1596392499
|switch|p2a: Beheeyem|Beheeyem, F|100/100
|-damage|p2a: Beheeyem|88/100|[from] Stealth Rock
|-damage|p2a: Beheeyem|76/100|[from] Spikes
|turn|18
|-message|sefa88 forfeited.
|
|win|purplehearts
|l|☆sefa88
|raw|purplehearts's rating: 1208 &rarr; <strong>1222</strong><br />(+14 for winning)
|raw|sefa88's rating: 1044 &rarr; <strong>1035</strong><br />(-9 for losing)
