|j|☆Brandon
|j|☆HJAD
|player|p1|Brandon|#brandon|
|player|p2|HJAD|lance-gen2|
|teamsize|p1|6
|teamsize|p2|6
|gametype|singles
|gen|8
|tier|[Gen 8] PU
|clearpoke
|poke|p1|Pawniard, F|
|poke|p1|Silvally-*|
|poke|p1|Stonjourner, F|
|poke|p1|Roselia, F|
|poke|p1|Duosion, F|
|poke|p1|Gastly, F|
|poke|p2|Palpitoad, F|
|poke|p2|Roselia, M|
|poke|p2|Silvally-*|
|poke|p2|Beheeyem, F|
|poke|p2|Drakloak, M|
|poke|p2|Noctowl, F|
|rule|Sleep Clause Mod: Limit one foe put to sleep
|rule|Species Clause: Limit one of each Pokémon
|rule|OHKO Clause: OHKO moves are banned
|rule|Evasion Moves Clause: Evasion moves are banned
|rule|Endless Battle Clause: Forcing endless battles is banned
|rule|HP Percentage Mod: HP is shown in percentages
|rule|Dynamax Clause: You cannot dynamax
|teampreview
|c|☆HJAD|hf
|j| royesk
|c|☆Brandon|U2
|j| TWiTT
|
|start
|switch|p1a: Roselia|Roselia, F|100/100
|switch|p2a: Silvally|Silvally-Fire|100/100
|turn|1
|j|+tjay
|
|switch|p1a: Stonjourner|Stonjourner, F|100/100
|move|p2a: Silvally|Swords Dance|p2a: Silvally
|-boost|p2a: Silvally|atk|2
|
|upkeep
|turn|2
|
|move|p2a: Silvally|Surf|p1a: Stonjourner
|-supereffective|p1a: Stonjourner
|-damage|p1a: Stonjourner|0 fnt
|faint|p1a: Stonjourner
|
|upkeep
|
|switch|p1a: Silvally|Silvally-Psychic|100/100
|turn|3
|
|move|p2a: Silvally|Flame Charge|p1a: Silvally
|-damage|p1a: Silvally|54/100
|-boost|p2a: Silvally|spe|1
|move|p1a: Silvally|Multi-Attack|p2a: Silvally
|-damage|p2a: Silvally|44/100
|
|upkeep
|turn|4
|
|move|p2a: Silvally|Multi-Attack|p1a: Silvally
|-damage|p1a: Silvally|0 fnt
|faint|p1a: Silvally
|
|upkeep
|
|switch|p1a: Pawniard|Pawniard, F|100/100
|turn|5
|
|move|p1a: Pawniard|Sucker Punch|p2a: Silvally
|-damage|p2a: Silvally|11/100
|move|p2a: Silvally|Multi-Attack|p1a: Pawniard
|-supereffective|p1a: Pawniard
|-damage|p1a: Pawniard|0 fnt
|faint|p1a: Pawniard
|
|upkeep
|
|switch|p1a: Gastly|Gastly, F|100/100
|turn|6
|c|☆Brandon|Fast gg lol
|
|move|p2a: Silvally|Multi-Attack|p1a: Gastly
|-damage|p1a: Gastly|0 fnt
|faint|p1a: Gastly
|
|upkeep
|
|switch|p1a: Duosion|Duosion, F|100/100
|turn|7
|
|move|p2a: Silvally|Multi-Attack|p1a: Duosion
|-damage|p1a: Duosion|0 fnt
|faint|p1a: Duosion
|
|upkeep
|
|switch|p1a: Roselia|Roselia, F|100/100
|turn|8
|c|☆HJAD|gg
|
|move|p2a: Silvally|Multi-Attack|p1a: Roselia
|-supereffective|p1a: Roselia
|-damage|p1a: Roselia|0 fnt
|faint|p1a: Roselia
|
|win|HJAD
