|j|☆yassy slay
|j|☆herso
|t:|1654018093
|gametype|singles
|player|p1|yassy slay|102|1578
|player|p2|herso|rocketgruntf|1459
|teamsize|p1|6
|teamsize|p2|6
|gen|8
|tier|[Gen 8] PU
|rated|
|rule|Sleep Clause Mod: Limit one foe put to sleep
|rule|Species Clause: Limit one of each Pokémon
|rule|OHKO Clause: OHKO moves are banned
|rule|Evasion Moves Clause: Evasion moves are banned
|rule|Endless Battle Clause: Forcing endless battles is banned
|rule|HP Percentage Mod: HP is shown in percentages
|rule|Dynamax Clause: You cannot dynamax
|clearpoke
|poke|p1|Dubwool, M|
|poke|p1|Palossand, M|
|poke|p1|Eldegoss, M|
|poke|p1|Golduck, F|
|poke|p1|Musharna, M|
|poke|p1|Claydol|
|poke|p2|Magneton|
|poke|p2|Cofagrigus, F|
|poke|p2|Scrafty, M|
|poke|p2|Regice|
|poke|p2|Shiinotic, M|
|poke|p2|Claydol|
|teampreview
|inactive|Battle timer is ON: inactive players will automatically lose when time's up. (requested by herso)
|
|t:|1654018117
|start
|switch|p1a: Claydol|Claydol|100/100
|switch|p2a: Scrafty|Scrafty, M|100/100
|turn|1
|
|t:|1654018123
|switch|p1a: Dubwool|Dubwool, M|100/100
|move|p2a: Scrafty|Knock Off|p1a: Dubwool
|-damage|p1a: Dubwool|89/100
|-enditem|p1a: Dubwool|Leftovers|[from] move: Knock Off|[of] p2a: Scrafty
|
|upkeep
|turn|2
|
|t:|1654018130
|switch|p2a: Claydol|Claydol|100/100
|move|p1a: Dubwool|Copycat|p1a: Dubwool
|move|p1a: Dubwool|Knock Off|p2a: Claydol|[from]move: Copycat
|-supereffective|p2a: Claydol
|-enditem|p2a: Claydol|Colbur Berry|[eat]
|-enditem|p2a: Claydol|Colbur Berry|[weaken]
|-damage|p2a: Claydol|84/100
|
|upkeep
|turn|3
|
|t:|1654018136
|move|p1a: Dubwool|Body Press|p2a: Claydol
|-resisted|p2a: Claydol
|-damage|p2a: Claydol|73/100
|move|p2a: Claydol|Cosmic Power|p2a: Claydol
|-boost|p2a: Claydol|def|1
|-boost|p2a: Claydol|spd|1
|
|upkeep
|turn|4
|
|t:|1654018151
|switch|p1a: Palossand|Palossand, M|100/100
|move|p2a: Claydol|Cosmic Power|p2a: Claydol
|-boost|p2a: Claydol|def|1
|-boost|p2a: Claydol|spd|1
|
|upkeep
|turn|5
|
|t:|1654018153
|move|p2a: Claydol|Cosmic Power|p2a: Claydol
|-boost|p2a: Claydol|def|1
|-boost|p2a: Claydol|spd|1
|move|p1a: Palossand|Shadow Ball|p2a: Claydol
|-supereffective|p2a: Claydol
|-damage|p2a: Claydol|50/100
|
|upkeep
|turn|6
|
|t:|1654018155
|move|p2a: Claydol|Cosmic Power|p2a: Claydol
|-boost|p2a: Claydol|def|1
|-boost|p2a: Claydol|spd|1
|move|p1a: Palossand|Shadow Ball|p2a: Claydol
|-supereffective|p2a: Claydol
|-damage|p2a: Claydol|29/100
|
|upkeep
|turn|7
|
|t:|1654018159
|move|p2a: Claydol|Cosmic Power|p2a: Claydol
|-boost|p2a: Claydol|def|1
|-boost|p2a: Claydol|spd|1
|move|p1a: Palossand|Shadow Ball|p2a: Claydol
|-supereffective|p2a: Claydol
|-damage|p2a: Claydol|11/100
|
|upkeep
|turn|8
|
|t:|1654018163
|move|p2a: Claydol|Rest|p2a: Claydol
|-status|p2a: Claydol|slp|[from] move: Rest
|-heal|p2a: Claydol|100/100 slp|[silent]
|move|p1a: Palossand|Shadow Ball|p2a: Claydol
|-supereffective|p2a: Claydol
|-damage|p2a: Claydol|80/100 slp
|
|upkeep
|turn|9
|
|t:|1654018171
|switch|p1a: Musharna|Musharna, M|100/100
|cant|p2a: Claydol|slp
|
|upkeep
|turn|10
|
|t:|1654018173
|cant|p2a: Claydol|slp
|move|p1a: Musharna|Calm Mind|p1a: Musharna
|-boost|p1a: Musharna|spa|1
|-boost|p1a: Musharna|spd|1
|
|upkeep
|turn|11
|
|t:|1654018178
|switch|p2a: Cofagrigus|Cofagrigus, F|100/100
|move|p1a: Musharna|Calm Mind|p1a: Musharna
|-boost|p1a: Musharna|spa|1
|-boost|p1a: Musharna|spd|1
|
|upkeep
|turn|12
|
|t:|1654018187
|move|p2a: Cofagrigus|Toxic Spikes|p1a: Musharna
|-sidestart|p1: yassy slay|move: Toxic Spikes
|move|p1a: Musharna|Psyshock|p2a: Cofagrigus
|-damage|p2a: Cofagrigus|69/100
|
|upkeep
|turn|13
|
|t:|1654018192
|move|p2a: Cofagrigus|Pain Split|p1a: Musharna
|-sethp|p1a: Musharna|75/100|[from] move: Pain Split|[silent]
|-sethp|p2a: Cofagrigus|100/100|[from] move: Pain Split
|move|p1a: Musharna|Psyshock|p2a: Cofagrigus
|-damage|p2a: Cofagrigus|69/100
|
|upkeep
|turn|14
|
|t:|1654018200
|switch|p1a: Dubwool|Dubwool, M|89/100
|-status|p1a: Dubwool|psn
|move|p2a: Cofagrigus|Toxic Spikes|p1a: Dubwool
|-sidestart|p1: yassy slay|move: Toxic Spikes
|
|-damage|p1a: Dubwool|77/100 psn|[from] psn
|upkeep
|turn|15
|
|t:|1654018206
|switch|p2a: Claydol|Claydol|80/100 slp
|move|p1a: Dubwool|Copycat|p1a: Dubwool
|move|p1a: Dubwool|Toxic Spikes|p2a: Claydol|[from]move: Copycat
|-sidestart|p2: herso|move: Toxic Spikes
|
|-damage|p1a: Dubwool|64/100 psn|[from] psn
|upkeep
|turn|16
|
|t:|1654018209
|switch|p1a: Eldegoss|Eldegoss, M|100/100
|-curestatus|p2a: Claydol|slp|[msg]
|move|p2a: Claydol|Cosmic Power|p2a: Claydol
|-boost|p2a: Claydol|def|1
|-boost|p2a: Claydol|spd|1
|
|upkeep
|turn|17
|
|t:|1654018213
|move|p2a: Claydol|Cosmic Power|p2a: Claydol
|-boost|p2a: Claydol|def|1
|-boost|p2a: Claydol|spd|1
|move|p1a: Eldegoss|Giga Drain|p2a: Claydol
|-supereffective|p2a: Claydol
|-damage|p2a: Claydol|52/100
|
|upkeep
|turn|18
|
|t:|1654018217
|move|p2a: Claydol|Cosmic Power|p2a: Claydol
|-boost|p2a: Claydol|def|1
|-boost|p2a: Claydol|spd|1
|move|p1a: Eldegoss|Rapid Spin|p2a: Claydol
|-damage|p2a: Claydol|50/100
|-boost|p1a: Eldegoss|spe|1
|-sideend|p1: yassy slay|Toxic Spikes|[from] move: Rapid Spin|[of] p1a: Eldegoss
|
|upkeep
|turn|19
|
|t:|1654018221
|move|p1a: Eldegoss|Sleep Powder|p2a: Claydol|[miss]
|-miss|p1a: Eldegoss|p2a: Claydol
|move|p2a: Claydol|Body Press|p1a: Eldegoss
|-damage|p1a: Eldegoss|29/100
|
|upkeep
|turn|20
|
|t:|1654018225
|move|p1a: Eldegoss|Sleep Powder|p2a: Claydol|[miss]
|-miss|p1a: Eldegoss|p2a: Claydol
|move|p2a: Claydol|Body Press|p1a: Eldegoss
|-damage|p1a: Eldegoss|0 fnt
|faint|p1a: Eldegoss
|
|upkeep
|
|t:|1654018237
|switch|p1a: Golduck|Golduck, F|100/100
|-ability|p1a: Golduck|Cloud Nine
|turn|21
|
|t:|1654018241
|move|p1a: Golduck|Calm Mind|p1a: Golduck
|-boost|p1a: Golduck|spa|1
|-boost|p1a: Golduck|spd|1
|move|p2a: Claydol|Body Press|p1a: Golduck
|-damage|p1a: Golduck|38/100
|
|-heal|p1a: Golduck|44/100|[from] item: Leftovers
|upkeep
|turn|22
|
|t:|1654018246
|move|p1a: Golduck|Scald|p2a: Claydol
|-supereffective|p2a: Claydol
|-damage|p2a: Claydol|24/100
|-status|p2a: Claydol|brn
|move|p2a: Claydol|Body Press|p1a: Golduck
|-damage|p1a: Golduck|11/100
|
|-heal|p1a: Golduck|17/100|[from] item: Leftovers
|-damage|p2a: Claydol|17/100 brn|[from] brn
|upkeep
|turn|23
|
|t:|1654018254
|switch|p2a: Shiinotic|Shiinotic, M|100/100
|move|p1a: Golduck|Scald|p2a: Shiinotic
|-resisted|p2a: Shiinotic
|-damage|p2a: Shiinotic|80/100
|
|-heal|p1a: Golduck|23/100|[from] item: Leftovers
|upkeep
|turn|24
|
|t:|1654018263
|switch|p1a: Dubwool|Dubwool, M|64/100 psn
|move|p2a: Shiinotic|Giga Drain|p1a: Dubwool
|-damage|p1a: Dubwool|36/100 psn
|-heal|p2a: Shiinotic|96/100|[from] drain|[of] p1a: Dubwool
|
|-damage|p1a: Dubwool|23/100 psn|[from] psn
|upkeep
|turn|25
|
|t:|1654018267
|move|p1a: Dubwool|Rest|p1a: Dubwool
|-status|p1a: Dubwool|slp|[from] move: Rest
|-heal|p1a: Dubwool|100/100 slp|[silent]
|move|p2a: Shiinotic|Moonblast|p1a: Dubwool
|-damage|p1a: Dubwool|70/100 slp
|
|upkeep
|turn|26
|
|t:|1654018275
|switch|p2a: Cofagrigus|Cofagrigus, F|69/100
|-status|p2a: Cofagrigus|psn
|cant|p1a: Dubwool|slp
|move|p1a: Dubwool|Sleep Talk|p1a: Dubwool
|move|p1a: Dubwool|Body Press|p2a: Cofagrigus|[from]move: Sleep Talk
|-immune|p2a: Cofagrigus
|
|-damage|p2a: Cofagrigus|56/100 psn|[from] psn
|upkeep
|turn|27
|
|t:|1654018294
|switch|p1a: Claydol|Claydol|100/100
|move|p2a: Cofagrigus|Toxic Spikes|p1a: Claydol
|-sidestart|p1: yassy slay|move: Toxic Spikes
|
|-damage|p2a: Cofagrigus|44/100 psn|[from] psn
|upkeep
|turn|28
|
|t:|1654018300
|move|p1a: Claydol|Rock Polish|p1a: Claydol
|-boost|p1a: Claydol|spe|2
|move|p2a: Cofagrigus|Pain Split|p1a: Claydol
|-sethp|p1a: Claydol|72/100|[from] move: Pain Split|[silent]
|-sethp|p2a: Cofagrigus|71/100 psn|[from] move: Pain Split
|
|-damage|p2a: Cofagrigus|59/100 psn|[from] psn
|upkeep
|turn|29
|
|t:|1654018307
|move|p1a: Claydol|Calm Mind|p1a: Claydol
|-boost|p1a: Claydol|spa|1
|-boost|p1a: Claydol|spd|1
|move|p2a: Cofagrigus|Will-O-Wisp|p1a: Claydol
|-status|p1a: Claydol|brn
|
|-damage|p2a: Cofagrigus|46/100 psn|[from] psn
|-damage|p1a: Claydol|66/100 brn|[from] brn
|upkeep
|turn|30
|
|t:|1654018318
|switch|p2a: Regice|Regice|100/100
|-status|p2a: Regice|psn
|move|p1a: Claydol|Stored Power|p2a: Regice
|-damage|p2a: Regice|81/100 psn
|
|-damage|p2a: Regice|69/100 psn|[from] psn
|-damage|p1a: Claydol|60/100 brn|[from] brn
|upkeep
|turn|31
|
|t:|1654018322
|move|p1a: Claydol|Calm Mind|p1a: Claydol
|-boost|p1a: Claydol|spa|1
|-boost|p1a: Claydol|spd|1
|move|p2a: Regice|Ice Beam|p1a: Claydol
|-supereffective|p1a: Claydol
|-damage|p1a: Claydol|20/100 brn
|-enditem|p1a: Claydol|Weakness Policy
|-boost|p1a: Claydol|atk|2|[from] item: Weakness Policy
|-boost|p1a: Claydol|spa|2|[from] item: Weakness Policy
|
|-damage|p2a: Regice|57/100 psn|[from] psn
|-damage|p1a: Claydol|14/100 brn|[from] brn
|upkeep
|turn|32
|
|t:|1654018324
|move|p1a: Claydol|Stored Power|p2a: Regice
|-damage|p2a: Regice|0 fnt
|faint|p2a: Regice
|
|-damage|p1a: Claydol|8/100 brn|[from] brn
|upkeep
|
|t:|1654018328
|switch|p2a: Magneton|Magneton|100/100
|turn|33
|
|t:|1654018332
|move|p1a: Claydol|Stored Power|p2a: Magneton
|-resisted|p2a: Magneton
|-damage|p2a: Magneton|0 fnt
|faint|p2a: Magneton
|
|-damage|p1a: Claydol|2/100 brn|[from] brn
|upkeep
|
|t:|1654018340
|switch|p2a: Shiinotic|Shiinotic, M|96/100
|turn|34
|
|t:|1654018343
|switch|p2a: Cofagrigus|Cofagrigus, F|46/100 psn
|move|p1a: Claydol|Dazzling Gleam|p2a: Cofagrigus
|-damage|p2a: Cofagrigus|0 fnt
|faint|p2a: Cofagrigus
|
|-damage|p1a: Claydol|0 fnt|[from] brn
|faint|p1a: Claydol
|upkeep
|
|t:|1654018364
|switch|p1a: Dubwool|Dubwool, M|70/100 slp
|switch|p2a: Scrafty|Scrafty, M|100/100
|-status|p2a: Scrafty|psn
|turn|35
|
|t:|1654018369
|switch|p2a: Claydol|Claydol|17/100 brn
|cant|p1a: Dubwool|slp
|move|p1a: Dubwool|Sleep Talk|p1a: Dubwool
|move|p1a: Dubwool|Rest||[from]move: Sleep Talk|[still]
|-fail|p1a: Dubwool
|
|-damage|p2a: Claydol|11/100 brn|[from] brn
|upkeep
|turn|36
|
|t:|1654018375
|-curestatus|p1a: Dubwool|slp|[msg]
|move|p1a: Dubwool|Body Press|p2a: Claydol
|-resisted|p2a: Claydol
|-damage|p2a: Claydol|1/100 brn
|move|p2a: Claydol|Rest|p2a: Claydol
|-status|p2a: Claydol|slp|[from] move: Rest
|-heal|p2a: Claydol|100/100 slp|[silent]
|
|upkeep
|turn|37
|
|t:|1654018383
|switch|p1a: Palossand|Palossand, M|100/100
|-status|p1a: Palossand|psn
|switch|p2a: Shiinotic|Shiinotic, M|96/100
|
|-damage|p1a: Palossand|88/100 psn|[from] psn
|upkeep
|turn|38
|
|t:|1654018389
|switch|p1a: Musharna|Musharna, M|75/100
|move|p2a: Shiinotic|Giga Drain|p1a: Musharna
|-damage|p1a: Musharna|60/100
|-heal|p2a: Shiinotic|100/100|[from] drain|[of] p1a: Musharna
|
|upkeep
|turn|39
|
|t:|1654018411
|move|p2a: Shiinotic|Spore|p1a: Musharna
|-status|p1a: Musharna|slp|[from] move: Spore
|cant|p1a: Musharna|slp
|
|upkeep
|turn|40
|
|t:|1654018414
|switch|p2a: Scrafty|Scrafty, M|100/100 psn
|cant|p1a: Musharna|slp
|
|-damage|p2a: Scrafty|88/100 psn|[from] psn
|upkeep
|turn|41
|
|t:|1654018420
|switch|p1a: Dubwool|Dubwool, M|70/100
|-status|p1a: Dubwool|psn
|move|p2a: Scrafty|Knock Off|p1a: Dubwool
|-damage|p1a: Dubwool|62/100 psn
|
|-heal|p2a: Scrafty|94/100 psn|[from] item: Leftovers
|-damage|p1a: Dubwool|50/100 psn|[from] psn
|-damage|p2a: Scrafty|82/100 psn|[from] psn
|upkeep
|turn|42
|
|t:|1654018426
|switch|p2a: Shiinotic|Shiinotic, M|100/100
|move|p1a: Dubwool|Copycat|p1a: Dubwool
|move|p1a: Dubwool|Knock Off|p2a: Shiinotic|[from]move: Copycat
|-resisted|p2a: Shiinotic
|-damage|p2a: Shiinotic|92/100
|-enditem|p2a: Shiinotic|Heavy-Duty Boots|[from] move: Knock Off|[of] p1a: Dubwool
|
|-damage|p1a: Dubwool|37/100 psn|[from] psn
|upkeep
|turn|43
|
|t:|1654018432
|move|p1a: Dubwool|Rest|p1a: Dubwool
|-status|p1a: Dubwool|slp|[from] move: Rest
|-heal|p1a: Dubwool|100/100 slp|[silent]
|move|p2a: Shiinotic|Moonblast|p1a: Dubwool
|-damage|p1a: Dubwool|66/100 slp
|
|upkeep
|turn|44
|
|t:|1654018441
|switch|p1a: Musharna|Musharna, M|60/100 slp
|switch|p2a: Claydol|Claydol|100/100 slp
|
|upkeep
|turn|45
|
|t:|1654018446
|switch|p2a: Scrafty|Scrafty, M|82/100 psn
|switch|p1a: Palossand|Palossand, M|88/100 psn
|
|-activate|p2a: Scrafty|ability: Shed Skin
|-curestatus|p2a: Scrafty|psn|[msg]
|-heal|p2a: Scrafty|88/100|[from] item: Leftovers
|-damage|p1a: Palossand|76/100 psn|[from] psn
|upkeep
|turn|46
|
|t:|1654018449
|switch|p1a: Dubwool|Dubwool, M|66/100 slp
|move|p2a: Scrafty|Knock Off|p1a: Dubwool
|-damage|p1a: Dubwool|58/100 slp
|
|-heal|p2a: Scrafty|94/100|[from] item: Leftovers
|upkeep
|turn|47
|
|t:|1654018454
|cant|p1a: Dubwool|slp
|move|p1a: Dubwool|Sleep Talk|p1a: Dubwool
|move|p1a: Dubwool|Body Press|p2a: Scrafty|[from]move: Sleep Talk
|-supereffective|p2a: Scrafty
|-damage|p2a: Scrafty|51/100
|move|p2a: Scrafty|Drain Punch|p1a: Dubwool
|-supereffective|p1a: Dubwool
|-damage|p1a: Dubwool|41/100 slp
|-heal|p2a: Scrafty|60/100|[from] drain|[of] p1a: Dubwool
|
|-heal|p2a: Scrafty|66/100|[from] item: Leftovers
|upkeep
|turn|48
|
|t:|1654018464
|switch|p2a: Claydol|Claydol|100/100 slp
|cant|p1a: Dubwool|slp
|move|p1a: Dubwool|Sleep Talk|p1a: Dubwool
|move|p1a: Dubwool|Rest||[from]move: Sleep Talk|[still]
|-fail|p1a: Dubwool
|
|upkeep
|turn|49
|
|t:|1654018468
|switch|p1a: Palossand|Palossand, M|76/100 psn
|cant|p2a: Claydol|slp
|
|-damage|p1a: Palossand|64/100 psn|[from] psn
|upkeep
|turn|50
|
|t:|1654018473
|switch|p2a: Scrafty|Scrafty, M|66/100
|-status|p2a: Scrafty|psn
|move|p1a: Palossand|Earth Power|p2a: Scrafty
|-damage|p2a: Scrafty|39/100 psn
|
|-heal|p2a: Scrafty|45/100 psn|[from] item: Leftovers
|-damage|p2a: Scrafty|33/100 psn|[from] psn
|-damage|p1a: Palossand|51/100 psn|[from] psn
|upkeep
|turn|51
|
|t:|1654018494
|move|p2a: Scrafty|Rest|p2a: Scrafty
|-status|p2a: Scrafty|slp|[from] move: Rest
|-heal|p2a: Scrafty|100/100 slp|[silent]
|move|p1a: Palossand|Stealth Rock|p2a: Scrafty
|-sidestart|p2: herso|move: Stealth Rock
|
|-damage|p1a: Palossand|39/100 psn|[from] psn
|upkeep
|turn|52
|
|t:|1654018504
|cant|p2a: Scrafty|slp
|move|p1a: Palossand|Shore Up|p1a: Palossand
|-heal|p1a: Palossand|89/100 psn
|
|-damage|p1a: Palossand|77/100 psn|[from] psn
|upkeep
|turn|53
|
|t:|1654018511
|switch|p1a: Dubwool|Dubwool, M|41/100 slp
|cant|p2a: Scrafty|slp
|
|-activate|p2a: Scrafty|ability: Shed Skin
|-curestatus|p2a: Scrafty|slp|[msg]
|upkeep
|turn|54
|
|t:|1654018517
|-curestatus|p1a: Dubwool|slp|[msg]
|move|p1a: Dubwool|Body Press|p2a: Scrafty
|-supereffective|p2a: Scrafty
|-damage|p2a: Scrafty|54/100
|move|p2a: Scrafty|Bulk Up|p2a: Scrafty
|-boost|p2a: Scrafty|atk|1
|-boost|p2a: Scrafty|def|1
|
|-heal|p2a: Scrafty|60/100|[from] item: Leftovers
|upkeep
|turn|55
|
|t:|1654018523
|move|p1a: Dubwool|Copycat|p1a: Dubwool
|move|p1a: Dubwool|Bulk Up|p1a: Dubwool|[from]move: Copycat
|-boost|p1a: Dubwool|atk|1
|-boost|p1a: Dubwool|def|1
|move|p2a: Scrafty|Drain Punch|p1a: Dubwool
|-supereffective|p1a: Dubwool
|-damage|p1a: Dubwool|23/100
|-heal|p2a: Scrafty|69/100|[from] drain|[of] p1a: Dubwool
|
|-heal|p2a: Scrafty|75/100|[from] item: Leftovers
|upkeep
|turn|56
|
|t:|1654018530
|switch|p2a: Claydol|Claydol|100/100 slp
|-damage|p2a: Claydol|94/100 slp|[from] Stealth Rock
|move|p1a: Dubwool|Copycat|p1a: Dubwool
|move|p1a: Dubwool|Drain Punch|p2a: Claydol|[from]move: Copycat
|-resisted|p2a: Claydol
|-damage|p2a: Claydol|86/100 slp
|-heal|p1a: Dubwool|27/100|[from] drain|[of] p2a: Claydol
|
|upkeep
|turn|57
|
|t:|1654018539
|switch|p1a: Palossand|Palossand, M|77/100 psn
|cant|p2a: Claydol|slp
|
|-damage|p1a: Palossand|64/100 psn|[from] psn
|upkeep
|turn|58
|
|t:|1654018546
|-curestatus|p2a: Claydol|slp|[msg]
|move|p2a: Claydol|Cosmic Power|p2a: Claydol
|-boost|p2a: Claydol|def|1
|-boost|p2a: Claydol|spd|1
|move|p1a: Palossand|Shadow Ball|p2a: Claydol
|-supereffective|p2a: Claydol
|-damage|p2a: Claydol|42/100
|
|-damage|p1a: Palossand|52/100 psn|[from] psn
|upkeep
|turn|59
|
|t:|1654018552
|switch|p2a: Scrafty|Scrafty, M|75/100
|-status|p2a: Scrafty|psn
|-damage|p2a: Scrafty|69/100 psn|[from] Stealth Rock
|move|p1a: Palossand|Shadow Ball|p2a: Scrafty
|-resisted|p2a: Scrafty
|-damage|p2a: Scrafty|56/100 psn
|-unboost|p2a: Scrafty|spd|1
|
|-activate|p2a: Scrafty|ability: Shed Skin
|-curestatus|p2a: Scrafty|psn|[msg]
|-heal|p2a: Scrafty|62/100|[from] item: Leftovers
|-damage|p1a: Palossand|40/100 psn|[from] psn
|upkeep
|turn|60
|
|t:|1654018565
|switch|p1a: Golduck|Golduck, F|23/100
|-status|p1a: Golduck|psn
|-ability|p1a: Golduck|Cloud Nine
|move|p2a: Scrafty|Knock Off|p1a: Golduck
|-damage|p1a: Golduck|0 fnt
|-enditem|p1a: Golduck|Leftovers|[from] move: Knock Off|[of] p2a: Scrafty
|faint|p1a: Golduck
|
|-heal|p2a: Scrafty|68/100|[from] item: Leftovers
|upkeep
|
|t:|1654018568
|switch|p1a: Dubwool|Dubwool, M|27/100
|-status|p1a: Dubwool|psn
|turn|61
|
|t:|1654018573
|move|p1a: Dubwool|Rest|p1a: Dubwool
|-status|p1a: Dubwool|slp|[from] move: Rest
|-heal|p1a: Dubwool|100/100 slp|[silent]
|move|p2a: Scrafty|Drain Punch|p1a: Dubwool
|-supereffective|p1a: Dubwool
|-damage|p1a: Dubwool|84/100 slp
|-heal|p2a: Scrafty|77/100|[from] drain|[of] p1a: Dubwool
|
|-heal|p2a: Scrafty|83/100|[from] item: Leftovers
|upkeep
|turn|62
|
|t:|1654018575
|switch|p2a: Claydol|Claydol|42/100
|-damage|p2a: Claydol|35/100|[from] Stealth Rock
|cant|p1a: Dubwool|slp
|move|p1a: Dubwool|Sleep Talk|p1a: Dubwool
|move|p1a: Dubwool|Body Press|p2a: Claydol|[from]move: Sleep Talk
|-resisted|p2a: Claydol
|-damage|p2a: Claydol|26/100
|
|upkeep
|turn|63
|
|t:|1654018581
|switch|p1a: Palossand|Palossand, M|40/100 psn
|move|p2a: Claydol|Cosmic Power|p2a: Claydol
|-boost|p2a: Claydol|def|1
|-boost|p2a: Claydol|spd|1
|
|-damage|p1a: Palossand|28/100 psn|[from] psn
|upkeep
|turn|64
|
|t:|1654018586
|switch|p2a: Scrafty|Scrafty, M|83/100
|-status|p2a: Scrafty|psn
|-damage|p2a: Scrafty|77/100 psn|[from] Stealth Rock
|move|p1a: Palossand|Shore Up|p1a: Palossand
|-heal|p1a: Palossand|78/100 psn
|
|-heal|p2a: Scrafty|83/100 psn|[from] item: Leftovers
|-damage|p2a: Scrafty|71/100 psn|[from] psn
|-damage|p1a: Palossand|65/100 psn|[from] psn
|upkeep
|turn|65
|
|t:|1654018594
|move|p2a: Scrafty|Drain Punch|p1a: Palossand
|-immune|p1a: Palossand
|move|p1a: Palossand|Shore Up|p1a: Palossand
|-heal|p1a: Palossand|100/100 psn
|
|-heal|p2a: Scrafty|77/100 psn|[from] item: Leftovers
|-damage|p2a: Scrafty|64/100 psn|[from] psn
|-damage|p1a: Palossand|88/100 psn|[from] psn
|upkeep
|turn|66
|
|t:|1654018598
|switch|p1a: Dubwool|Dubwool, M|84/100 slp
|move|p2a: Scrafty|Knock Off|p1a: Dubwool
|-damage|p1a: Dubwool|76/100 slp
|
|-activate|p2a: Scrafty|ability: Shed Skin
|-curestatus|p2a: Scrafty|psn|[msg]
|-heal|p2a: Scrafty|70/100|[from] item: Leftovers
|upkeep
|turn|67
|
|t:|1654018603
|switch|p1a: Palossand|Palossand, M|88/100 psn
|switch|p2a: Claydol|Claydol|26/100
|-damage|p2a: Claydol|20/100|[from] Stealth Rock
|
|-damage|p1a: Palossand|76/100 psn|[from] psn
|upkeep
|turn|68
|
|t:|1654018607
|switch|p2a: Scrafty|Scrafty, M|70/100
|-status|p2a: Scrafty|psn
|-damage|p2a: Scrafty|64/100 psn|[from] Stealth Rock
|move|p1a: Palossand|Shadow Ball|p2a: Scrafty
|-resisted|p2a: Scrafty
|-damage|p2a: Scrafty|52/100 psn
|-unboost|p2a: Scrafty|spd|1
|
|-activate|p2a: Scrafty|ability: Shed Skin
|-curestatus|p2a: Scrafty|psn|[msg]
|-heal|p2a: Scrafty|58/100|[from] item: Leftovers
|-damage|p1a: Palossand|64/100 psn|[from] psn
|upkeep
|turn|69
|
|t:|1654018611
|move|p2a: Scrafty|Knock Off|p1a: Palossand
|-supereffective|p1a: Palossand
|-enditem|p1a: Palossand|Colbur Berry|[eat]
|-enditem|p1a: Palossand|Colbur Berry|[weaken]
|-damage|p1a: Palossand|36/100 psn
|move|p1a: Palossand|Earth Power|p2a: Scrafty
|-damage|p2a: Scrafty|16/100
|
|-heal|p2a: Scrafty|22/100|[from] item: Leftovers
|-damage|p1a: Palossand|24/100 psn|[from] psn
|upkeep
|turn|70
|
|t:|1654018621
|switch|p1a: Dubwool|Dubwool, M|76/100 slp
|move|p2a: Scrafty|Knock Off|p1a: Dubwool
|-damage|p1a: Dubwool|68/100 slp
|
|-heal|p2a: Scrafty|28/100|[from] item: Leftovers
|upkeep
|turn|71
|
|t:|1654018624
|cant|p1a: Dubwool|slp
|move|p1a: Dubwool|Sleep Talk|p1a: Dubwool
|move|p1a: Dubwool|Body Press|p2a: Scrafty|[from]move: Sleep Talk
|-supereffective|p2a: Scrafty
|-damage|p2a: Scrafty|0 fnt
|faint|p2a: Scrafty
|
|upkeep
|
|t:|1654018629
|switch|p2a: Claydol|Claydol|20/100
|-damage|p2a: Claydol|13/100|[from] Stealth Rock
|turn|72
|
|t:|1654018637
|switch|p1a: Palossand|Palossand, M|24/100 psn
|move|p2a: Claydol|Stored Power|p1a: Palossand
|-damage|p1a: Palossand|17/100 psn
|
|-damage|p1a: Palossand|5/100 psn|[from] psn
|upkeep
|turn|73
|
|t:|1654018642
|move|p2a: Claydol|Stored Power|p1a: Palossand
|-damage|p1a: Palossand|0 fnt
|faint|p1a: Palossand
|
|upkeep
|
|t:|1654018645
|switch|p1a: Dubwool|Dubwool, M|68/100 slp
|turn|74
|
|t:|1654018651
|-curestatus|p1a: Dubwool|slp|[msg]
|move|p1a: Dubwool|Body Press|p2a: Claydol
|-resisted|p2a: Claydol
|-damage|p2a: Claydol|3/100
|move|p2a: Claydol|Rest|p2a: Claydol
|-status|p2a: Claydol|slp|[from] move: Rest
|-heal|p2a: Claydol|100/100 slp|[silent]
|
|upkeep
|turn|75
|
|t:|1654018658
|switch|p1a: Musharna|Musharna, M|60/100 slp
|cant|p2a: Claydol|slp
|
|upkeep
|turn|76
|
|t:|1654018663
|cant|p2a: Claydol|slp
|cant|p1a: Musharna|slp
|
|upkeep
|turn|77
|
|t:|1654018666
|-curestatus|p2a: Claydol|slp|[msg]
|move|p2a: Claydol|Cosmic Power|p2a: Claydol
|-boost|p2a: Claydol|def|1
|-boost|p2a: Claydol|spd|1
|-curestatus|p1a: Musharna|slp|[msg]
|move|p1a: Musharna|Calm Mind|p1a: Musharna
|-boost|p1a: Musharna|spa|1
|-boost|p1a: Musharna|spd|1
|
|upkeep
|turn|78
|
|t:|1654018669
|move|p2a: Claydol|Cosmic Power|p2a: Claydol
|-boost|p2a: Claydol|def|1
|-boost|p2a: Claydol|spd|1
|move|p1a: Musharna|Calm Mind|p1a: Musharna
|-boost|p1a: Musharna|spa|1
|-boost|p1a: Musharna|spd|1
|
|upkeep
|turn|79
|
|t:|1654018673
|move|p2a: Claydol|Cosmic Power|p2a: Claydol
|-boost|p2a: Claydol|def|1
|-boost|p2a: Claydol|spd|1
|move|p1a: Musharna|Calm Mind|p1a: Musharna
|-boost|p1a: Musharna|spa|1
|-boost|p1a: Musharna|spd|1
|
|upkeep
|turn|80
|
|t:|1654018675
|move|p2a: Claydol|Cosmic Power|p2a: Claydol
|-boost|p2a: Claydol|def|1
|-boost|p2a: Claydol|spd|1
|move|p1a: Musharna|Calm Mind|p1a: Musharna
|-boost|p1a: Musharna|spa|1
|-boost|p1a: Musharna|spd|1
|
|upkeep
|turn|81
|
|t:|1654018680
|move|p2a: Claydol|Cosmic Power|p2a: Claydol
|-boost|p2a: Claydol|def|1
|-boost|p2a: Claydol|spd|1
|move|p1a: Musharna|Calm Mind|p1a: Musharna
|-boost|p1a: Musharna|spa|1
|-boost|p1a: Musharna|spd|1
|
|upkeep
|turn|82
|
|t:|1654018683
|move|p2a: Claydol|Cosmic Power|p2a: Claydol
|-boost|p2a: Claydol|def|1
|-boost|p2a: Claydol|spd|1
|move|p1a: Musharna|Moonlight|p1a: Musharna
|-heal|p1a: Musharna|100/100
|
|upkeep
|turn|83
|
|t:|1654018685
|move|p2a: Claydol|Body Press|p1a: Musharna
|-resisted|p1a: Musharna
|-damage|p1a: Musharna|59/100
|move|p1a: Musharna|Psyshock|p2a: Claydol
|-resisted|p2a: Claydol
|-damage|p2a: Claydol|90/100
|
|upkeep
|turn|84
|c|☆yassy slay|Gg
|c|☆herso|ggs
|c|☆herso|wp
|-message|yassy slay forfeited.
|
|win|herso
|raw|yassy slay's rating: 1578 &rarr; <strong>1551</strong><br />(-27 for losing)
|raw|herso's rating: 1459 &rarr; <strong>1486</strong><br />(+27 for winning)
|l|☆yassy slay
