|j|☆meme juice
|j|☆Down2bdown
|t:|1653607379
|gametype|singles
|player|p1|meme juice|backersf|1292
|player|p2|Down2bdown|2|1427
|teamsize|p1|6
|teamsize|p2|6
|gen|8
|tier|[Gen 8] PU
|rated|
|rule|Sleep Clause Mod: Limit one foe put to sleep
|rule|Species Clause: Limit one of each Pokémon
|rule|OHKO Clause: OHKO moves are banned
|rule|Evasion Moves Clause: Evasion moves are banned
|rule|Endless Battle Clause: Forcing endless battles is banned
|rule|HP Percentage Mod: HP is shown in percentages
|rule|Dynamax Clause: You cannot dynamax
|clearpoke
|poke|p1|Drednaw, F|
|poke|p1|Jolteon, M|
|poke|p1|Poliwrath, M|
|poke|p1|Ludicolo, F|
|poke|p1|Armaldo, M|
|poke|p1|Relicanth, M|
|poke|p2|Aromatisse, M|
|poke|p2|Silvally-*|
|poke|p2|Ninetales, M|
|poke|p2|Glastrier|
|poke|p2|Beheeyem, M|
|poke|p2|Scrafty, M|
|teampreview
|inactive|Battle timer is ON: inactive players will automatically lose when time's up. (requested by Down2bdown)
|c|☆meme juice|dangit im not running my choice team your gimmick is stronger
|
|t:|1653607400
|start
|switch|p1a: Relicanth|Relicanth, M|100/100
|switch|p2a: Glastrier|Glastrier|100/100
|turn|1
|-activate|p2a: Glastrier|item: Quick Claw
|
|t:|1653607407
|move|p2a: Glastrier|High Horsepower|p1a: Relicanth
|-supereffective|p1a: Relicanth
|-damage|p1a: Relicanth|43/100
|move|p1a: Relicanth|Rain Dance|p1a: Relicanth
|-weather|RainDance
|
|-weather|RainDance|[upkeep]
|upkeep
|turn|2
|-activate|p2a: Glastrier|item: Quick Claw
|
|t:|1653607415
|move|p2a: Glastrier|High Horsepower|p1a: Relicanth
|-supereffective|p1a: Relicanth
|-damage|p1a: Relicanth|0 fnt
|faint|p1a: Relicanth
|-ability|p2a: Glastrier|Chilling Neigh|boost
|-boost|p2a: Glastrier|atk|1
|
|-weather|RainDance|[upkeep]
|upkeep
|
|t:|1653607424
|switch|p1a: Drednaw|Drednaw, F|100/100
|turn|3
|c|☆Down2bdown|hahaha
|c|☆meme juice|the claw
|
|t:|1653607436
|move|p1a: Drednaw|Head Smash|p2a: Glastrier|[miss]
|-miss|p1a: Drednaw|p2a: Glastrier
|move|p2a: Glastrier|High Horsepower|p1a: Drednaw
|-supereffective|p1a: Drednaw
|-damage|p1a: Drednaw|0 fnt
|faint|p1a: Drednaw
|-ability|p2a: Glastrier|Chilling Neigh|boost
|-boost|p2a: Glastrier|atk|1
|
|-weather|RainDance|[upkeep]
|upkeep
|c|☆meme juice|lol.
|
|t:|1653607444
|switch|p1a: Ludicolo|Ludicolo, F|100/100
|turn|4
|c|☆Down2bdown|PU is so much more fun than OU
|-activate|p2a: Glastrier|item: Quick Claw
|
|t:|1653607457
|move|p2a: Glastrier|Icicle Crash|p1a: Ludicolo
|-damage|p1a: Ludicolo|0 fnt
|faint|p1a: Ludicolo
|-ability|p2a: Glastrier|Chilling Neigh|boost
|-boost|p2a: Glastrier|atk|1
|
|-weather|RainDance|[upkeep]
|upkeep
|c|☆meme juice|lol again
|
|t:|1653607467
|switch|p1a: Armaldo|Armaldo, M|100/100
|turn|5
|
|t:|1653607471
|move|p1a: Armaldo|Stone Edge|p2a: Glastrier|[miss]
|-miss|p1a: Armaldo|p2a: Glastrier
|move|p2a: Glastrier|Close Combat|p1a: Armaldo
|-damage|p1a: Armaldo|0 fnt
|-unboost|p2a: Glastrier|def|1
|-unboost|p2a: Glastrier|spd|1
|faint|p1a: Armaldo
|-ability|p2a: Glastrier|Chilling Neigh|boost
|-boost|p2a: Glastrier|atk|1
|
|-weather|RainDance|[upkeep]
|upkeep
|c|☆meme juice|how many 20 percent chances are in your favor
|
|t:|1653607485
|switch|p1a: Poliwrath|Poliwrath, M|100/100
|turn|6
|c|☆Down2bdown|all of them lol
|c|☆Down2bdown|Should call myself 20% king
|-activate|p2a: Glastrier|item: Quick Claw
|
|t:|1653607503
|move|p2a: Glastrier|Close Combat|p1a: Poliwrath
|-damage|p1a: Poliwrath|0 fnt
|-unboost|p2a: Glastrier|def|1
|-unboost|p2a: Glastrier|spd|1
|faint|p1a: Poliwrath
|-ability|p2a: Glastrier|Chilling Neigh|boost
|-boost|p2a: Glastrier|atk|1
|
|-weather|RainDance|[upkeep]
|upkeep
|c|☆meme juice|oh my god
|
|t:|1653607510
|switch|p1a: Jolteon|Jolteon, M|100/100
|turn|7
|c|☆Down2bdown|Are you not entertained!!!!!
|-activate|p2a: Glastrier|item: Quick Claw
|
|t:|1653607527
|move|p2a: Glastrier|High Horsepower|p1a: Jolteon
|-supereffective|p1a: Jolteon
|-damage|p1a: Jolteon|0 fnt
|faint|p1a: Jolteon
|
|win|Down2bdown
|raw|meme juice's rating: 1292 &rarr; <strong>1276</strong><br />(-16 for losing)
|raw|Down2bdown's rating: 1427 &rarr; <strong>1440</strong><br />(+13 for winning)
|c|☆meme juice|yeah im saving this
|c|☆Down2bdown|sweep lol
|c|☆Down2bdown|gg
|c|☆meme juice|gg
|c|☆Down2bdown|one for the ages
|c|☆meme juice|by all means impossible
||Ladder isn't responding, score probably updated but might not have (Request timeout).
