|j|☆shubaflub69
|j|☆Gellolo
|t:|1610224123
|player|p1|shubaflub69|nanu|1090
|player|p2|Gellolo|depotagent|1097
|teamsize|p1|6
|teamsize|p2|6
|gametype|singles
|gen|8
|tier|[Gen 8] PU
|rated|
|clearpoke
|poke|p1|Greedent, M|
|poke|p1|Orbeetle, M|
|poke|p1|Cursola, M|
|poke|p1|Thievul, M|
|poke|p1|Coalossal, F|
|poke|p1|Cramorant, F|
|poke|p2|Regigigas|
|poke|p2|Archeops, F|
|poke|p2|Gigalith, M|
|poke|p2|Scrafty, F|
|poke|p2|Tsareena, F|
|poke|p2|Toxicroak, F|
|rule|Sleep Clause Mod: Limit one foe put to sleep
|rule|Species Clause: Limit one of each Pokémon
|rule|OHKO Clause: OHKO moves are banned
|rule|Evasion Moves Clause: Evasion moves are banned
|rule|Endless Battle Clause: Forcing endless battles is banned
|rule|HP Percentage Mod: HP is shown in percentages
|rule|Dynamax Clause: You cannot dynamax
|teampreview
|
|t:|1610224136
|start
|switch|p1a: Thievul|Thievul, M, shiny|100/100
|switch|p2a: Scrafty|Scrafty, F|100/100
|turn|1
|
|t:|1610224144
|switch|p1a: Cursola|Cursola, M, shiny|100/100
|move|p2a: Scrafty|Dragon Dance|p2a: Scrafty
|-boost|p2a: Scrafty|atk|1
|-boost|p2a: Scrafty|spe|1
|
|upkeep
|turn|2
|
|t:|1610224151
|move|p2a: Scrafty|Substitute|p2a: Scrafty
|-start|p2a: Scrafty|Substitute
|-damage|p2a: Scrafty|76/100
|move|p1a: Cursola|Surf|p2a: Scrafty
|-end|p2a: Scrafty|Substitute
|
|upkeep
|turn|3
|
|t:|1610224159
|move|p2a: Scrafty|Beat Up|p1a: Cursola
|-supereffective|p1a: Cursola
|-damage|p1a: Cursola|67/100
|-ability|p1a: Cursola|Weak Armor|boost
|-unboost|p1a: Cursola|def|1
|-boost|p1a: Cursola|spe|2
|-supereffective|p1a: Cursola
|-damage|p1a: Cursola|0 fnt
|-hitcount|p1a: Cursola|2
|faint|p1a: Cursola
|-ability|p2a: Scrafty|Moxie|boost
|-boost|p2a: Scrafty|atk|1
|
|upkeep
|
|t:|1610224164
|switch|p1a: Cramorant|Cramorant, F|100/100
|turn|4
|
|t:|1610224172
|move|p2a: Scrafty|Beat Up|p1a: Cramorant
|-crit|p1a: Cramorant
|-damage|p1a: Cramorant|64/100
|-damage|p1a: Cramorant|34/100
|-damage|p1a: Cramorant|7/100
|-damage|p1a: Cramorant|0 fnt
|-hitcount|p1a: Cramorant|4
|faint|p1a: Cramorant
|-ability|p2a: Scrafty|Moxie|boost
|-boost|p2a: Scrafty|atk|1
|
|upkeep
|
|t:|1610224184
|switch|p1a: Thievul|Thievul, M, shiny|100/100
|turn|5
|-message|shubaflub69 forfeited.
|
|win|Gellolo
|l|☆shubaflub69
