|j|☆PULT4C1 mrsoup
|j|☆gassy neigh
|t:|1660863347
|gametype|singles
|player|p1|PULT4C1 mrsoup|2|1565
|player|p2|gassy neigh|clown|1627
|teamsize|p1|6
|teamsize|p2|6
|gen|8
|tier|[Gen 8] PU
|rated|
|rule|Sleep Clause Mod: Limit one foe put to sleep
|rule|Species Clause: Limit one of each Pokémon
|rule|OHKO Clause: OHKO moves are banned
|rule|Evasion Items Clause: Evasion items are banned
|rule|Evasion Moves Clause: Evasion moves are banned
|rule|Endless Battle Clause: Forcing endless battles is banned
|rule|HP Percentage Mod: HP is shown in percentages
|rule|Dynamax Clause: You cannot dynamax
|clearpoke
|poke|p1|Corsola, M|
|poke|p1|Audino, M|
|poke|p1|Ferroseed, F|
|poke|p1|Quagsire, M|
|poke|p1|Aromatisse, F|
|poke|p1|Charizard, F|
|poke|p2|Gigalith, F|
|poke|p2|Gourgeist-*, F|
|poke|p2|Cryogonal|
|poke|p2|Comfey, F|
|poke|p2|Persian-Alola, M|
|poke|p2|Magneton|
|teampreview
|j| Flowers of 3
|
|t:|1660863367
|start
|switch|p1a: Charizard|Charizard, F|100/100
|switch|p2a: Comfey|Comfey, F|100/100
|turn|1
|j| PULT4C1 LW
|
|t:|1660863377
|move|p2a: Comfey|Trick|p1a: Charizard
|-activate|p2a: Comfey|move: Trick|[of] p1a: Charizard
|-item|p1a: Charizard|Choice Specs|[from] move: Trick
|-item|p2a: Comfey|Heavy-Duty Boots|[from] move: Trick
|move|p1a: Charizard|Mystical Fire|p2a: Comfey
|-damage|p2a: Comfey|52/100
|-unboost|p2a: Comfey|spa|1
|
|upkeep
|turn|2
|
|t:|1660863393
|switch|p2a: Gigalith|Gigalith, F|100/100
|-weather|Sandstorm|[from] ability: Sand Stream|[of] p2a: Gigalith
|switch|p1a: Ferroseed|Ferroseed, F|100/100
|
|-weather|Sandstorm|[upkeep]
|upkeep
|turn|3
|
|t:|1660863397
|move|p2a: Gigalith|Stealth Rock|p1a: Ferroseed
|-sidestart|p1: PULT4C1 mrsoup|move: Stealth Rock
|move|p1a: Ferroseed|Spikes|p2a: Gigalith
|-sidestart|p2: gassy neigh|Spikes
|
|-weather|Sandstorm|[upkeep]
|upkeep
|turn|4
|
|t:|1660863412
|switch|p2a: Persian|Persian-Alola, M|100/100
|-damage|p2a: Persian|88/100|[from] Spikes
|switch|p1a: Audino|Audino, M|100/100
|
|-weather|Sandstorm|[upkeep]
|-damage|p2a: Persian|82/100|[from] Sandstorm
|-damage|p1a: Audino|94/100|[from] Sandstorm
|-heal|p2a: Persian|88/100|[from] item: Leftovers
|upkeep
|turn|5
|
|t:|1660863418
|switch|p1a: Quagsire|Quagsire, M|100/100
|move|p2a: Persian|Substitute|p2a: Persian
|-start|p2a: Persian|Substitute
|-damage|p2a: Persian|64/100
|
|-weather|Sandstorm|[upkeep]
|-damage|p2a: Persian|58/100|[from] Sandstorm
|-heal|p2a: Persian|64/100|[from] item: Leftovers
|upkeep
|turn|6
|
|t:|1660863423
|move|p2a: Persian|Hypnosis|p1a: Quagsire|[miss]
|-miss|p2a: Persian|p1a: Quagsire
|move|p1a: Quagsire|Scald|p2a: Persian
|-end|p2a: Persian|Substitute
|
|-weather|none
|-heal|p2a: Persian|70/100|[from] item: Leftovers
|upkeep
|turn|7
|
|t:|1660863429
|switch|p2a: Cryogonal|Cryogonal|100/100
|move|p1a: Quagsire|Scald|p2a: Cryogonal
|-damage|p2a: Cryogonal|87/100
|
|upkeep
|turn|8
|
|t:|1660863437
|switch|p1a: Audino|Audino, M|100/100
|move|p2a: Cryogonal|Frost Breath|p1a: Audino
|-crit|p1a: Audino
|-damage|p1a: Audino|78/100
|
|upkeep
|turn|9
|
|t:|1660863444
|move|p2a: Cryogonal|Toxic|p1a: Audino
|-status|p1a: Audino|tox
|move|p1a: Audino|Toxic|p2a: Cryogonal
|-status|p2a: Cryogonal|tox
|
|-damage|p2a: Cryogonal|81/100 tox|[from] psn
|-damage|p1a: Audino|72/100 tox|[from] psn
|upkeep
|turn|10
|
|t:|1660863451
|switch|p2a: Magneton|Magneton|100/100
|-damage|p2a: Magneton|88/100|[from] Spikes
|move|p1a: Audino|Knock Off|p2a: Magneton
|-damage|p2a: Magneton|76/100
|-enditem|p2a: Magneton|Eviolite|[from] move: Knock Off|[of] p1a: Audino
|
|-damage|p1a: Audino|60/100 tox|[from] psn
|upkeep
|turn|11
|
|t:|1660863480
|switch|p2a: Gigalith|Gigalith, F|100/100
|-damage|p2a: Gigalith|88/100|[from] Spikes
|-weather|Sandstorm|[from] ability: Sand Stream|[of] p2a: Gigalith
|switch|p1a: Quagsire|Quagsire, M|100/100
|
|-weather|Sandstorm|[upkeep]
|-heal|p2a: Gigalith|94/100|[from] item: Leftovers
|upkeep
|turn|12
|
|t:|1660863495
|move|p1a: Quagsire|Earthquake|p2a: Gigalith
|-supereffective|p2a: Gigalith
|-damage|p2a: Gigalith|48/100
|move|p2a: Gigalith|Toxic|p1a: Quagsire
|-status|p1a: Quagsire|tox
|
|-weather|Sandstorm|[upkeep]
|-heal|p2a: Gigalith|54/100|[from] item: Leftovers
|-damage|p1a: Quagsire|94/100 tox|[from] psn
|upkeep
|turn|13
|
|t:|1660863501
|switch|p1a: Aromatisse|Aromatisse, F|100/100
|switch|p2a: Gourgeist|Gourgeist-Super, F|100/100
|-damage|p2a: Gourgeist|88/100|[from] Spikes
|-item|p1a: Aromatisse|Heavy-Duty Boots|[from] ability: Frisk|[of] p2a: Gourgeist|[identify]
|
|-weather|Sandstorm|[upkeep]
|-damage|p2a: Gourgeist|82/100|[from] Sandstorm
|-damage|p1a: Aromatisse|94/100|[from] Sandstorm
|upkeep
|turn|14
|
|t:|1660863509
|move|p2a: Gourgeist|Power Whip|p1a: Aromatisse
|-damage|p1a: Aromatisse|52/100
|move|p1a: Aromatisse|Heal Bell|p1a: Aromatisse
|-activate|p1a: Aromatisse|move: Heal Bell
|-curestatus|p1: Audino|tox|[msg]
|-curestatus|p1: Quagsire|tox|[msg]
|
|-weather|Sandstorm|[upkeep]
|-damage|p2a: Gourgeist|76/100|[from] Sandstorm
|-damage|p1a: Aromatisse|46/100|[from] Sandstorm
|upkeep
|turn|15
|
|t:|1660863518
|move|p2a: Gourgeist|Power Whip|p1a: Aromatisse
|-damage|p1a: Aromatisse|1/100
|move|p1a: Aromatisse|Wish|p1a: Aromatisse
|
|-weather|none
|upkeep
|turn|16
|
|t:|1660863532
|switch|p2a: Gigalith|Gigalith, F|54/100
|-damage|p2a: Gigalith|42/100|[from] Spikes
|-weather|Sandstorm|[from] ability: Sand Stream|[of] p2a: Gigalith
|move|p1a: Aromatisse|Protect||[still]
|-fail|p1a: Aromatisse
|
|-weather|Sandstorm|[upkeep]
|-damage|p1a: Aromatisse|0 fnt|[from] Sandstorm
|faint|p1a: Aromatisse
|-heal|p2a: Gigalith|48/100|[from] item: Leftovers
|upkeep
|
|t:|1660863551
|switch|p1a: Ferroseed|Ferroseed, F|100/100
|-damage|p1a: Ferroseed|94/100|[from] Stealth Rock
|turn|17
|
|t:|1660863558
|switch|p2a: Gourgeist|Gourgeist-Super, F|76/100
|-damage|p2a: Gourgeist|64/100|[from] Spikes
|-item|p1a: Ferroseed|Eviolite|[from] ability: Frisk|[of] p2a: Gourgeist|[identify]
|move|p1a: Ferroseed|Knock Off|p2a: Gourgeist
|-supereffective|p2a: Gourgeist
|-damage|p2a: Gourgeist|48/100
|
|-weather|Sandstorm|[upkeep]
|-damage|p2a: Gourgeist|42/100|[from] Sandstorm
|upkeep
|turn|18
|
|t:|1660863565
|move|p2a: Gourgeist|Poltergeist|p1a: Ferroseed
|-activate|p1a: Ferroseed|move: Poltergeist|Eviolite
|-damage|p1a: Ferroseed|54/100
|move|p1a: Ferroseed|Spikes|p2a: Gourgeist
|-sidestart|p2: gassy neigh|Spikes
|
|-weather|Sandstorm|[upkeep]
|-damage|p2a: Gourgeist|36/100|[from] Sandstorm
|upkeep
|turn|19
|
|t:|1660863586
|switch|p1a: Charizard|Charizard, F|100/100
|-damage|p1a: Charizard|51/100|[from] Stealth Rock
|move|p2a: Gourgeist|Synthesis|p2a: Gourgeist
|-heal|p2a: Gourgeist|61/100
|
|-weather|Sandstorm|[upkeep]
|-damage|p1a: Charizard|45/100|[from] Sandstorm
|-damage|p2a: Gourgeist|55/100|[from] Sandstorm
|upkeep
|turn|20
|
|t:|1660863592
|switch|p2a: Gigalith|Gigalith, F|48/100
|-damage|p2a: Gigalith|31/100|[from] Spikes
|move|p1a: Charizard|Mystical Fire|p2a: Gigalith
|-resisted|p2a: Gigalith
|-damage|p2a: Gigalith|21/100
|-unboost|p2a: Gigalith|spa|1
|
|-weather|none
|-heal|p2a: Gigalith|27/100|[from] item: Leftovers
|upkeep
|turn|21
|
|t:|1660863597
|move|p1a: Charizard|Mystical Fire|p2a: Gigalith
|-resisted|p2a: Gigalith
|-damage|p2a: Gigalith|13/100
|-unboost|p2a: Gigalith|spa|1
|move|p2a: Gigalith|Rock Blast|p1a: Charizard
|-supereffective|p1a: Charizard
|-damage|p1a: Charizard|7/100
|-supereffective|p1a: Charizard
|-damage|p1a: Charizard|0 fnt
|faint|p1a: Charizard
|-hitcount|p1: Charizard|2
|
|-heal|p2a: Gigalith|19/100|[from] item: Leftovers
|upkeep
|
|t:|1660863619
|switch|p1a: Ferroseed|Ferroseed, F|54/100
|-damage|p1a: Ferroseed|48/100|[from] Stealth Rock
|turn|22
|
|t:|1660863623
|move|p2a: Gigalith|Earthquake|p1a: Ferroseed
|-damage|p1a: Ferroseed|22/100
|move|p1a: Ferroseed|Gyro Ball|p2a: Gigalith
|-supereffective|p2a: Gigalith
|-crit|p2a: Gigalith
|-damage|p2a: Gigalith|0 fnt
|faint|p2a: Gigalith
|
|upkeep
|
|t:|1660863634
|switch|p2a: Gourgeist|Gourgeist-Super, F|55/100
|-damage|p2a: Gourgeist|39/100|[from] Spikes
|-item|p1a: Ferroseed|Eviolite|[from] ability: Frisk|[of] p2a: Gourgeist|[identify]
|turn|23
|
|t:|1660863647
|switch|p1a: Audino|Audino, M|93/100
|move|p2a: Gourgeist|Synthesis|p2a: Gourgeist
|-heal|p2a: Gourgeist|89/100
|
|upkeep
|turn|24
|j| Haffling
|
|t:|1660863667
|move|p2a: Gourgeist|Power Whip|p1a: Audino
|-damage|p1a: Audino|43/100
|move|p1a: Audino|Toxic|p2a: Gourgeist
|-status|p2a: Gourgeist|tox
|
|-damage|p2a: Gourgeist|83/100 tox|[from] psn
|upkeep
|turn|25
|
|t:|1660863680
|switch|p2a: Persian|Persian-Alola, M|70/100
|-damage|p2a: Persian|53/100|[from] Spikes
|move|p1a: Audino|Protect||[still]
|-fail|p1a: Audino
|
|-heal|p2a: Persian|59/100|[from] item: Leftovers
|upkeep
|turn|26
|
|t:|1660863685
|switch|p1a: Quagsire|Quagsire, M|94/100
|move|p2a: Persian|Substitute|p2a: Persian
|-start|p2a: Persian|Substitute
|-damage|p2a: Persian|34/100
|
|-heal|p2a: Persian|40/100|[from] item: Leftovers
|upkeep
|turn|27
|
|t:|1660863687
|move|p2a: Persian|Hypnosis|p1a: Quagsire
|-status|p1a: Quagsire|slp|[from] move: Hypnosis
|cant|p1a: Quagsire|slp
|
|-heal|p2a: Persian|46/100|[from] item: Leftovers
|upkeep
|turn|28
|
|t:|1660863689
|move|p2a: Persian|Dark Pulse|p1a: Quagsire
|-damage|p1a: Quagsire|61/100 slp
|cant|p1a: Quagsire|slp
|
|-heal|p2a: Persian|52/100|[from] item: Leftovers
|upkeep
|turn|29
|
|t:|1660863691
|move|p2a: Persian|Dark Pulse|p1a: Quagsire
|-damage|p1a: Quagsire|25/100 slp
|cant|p1a: Quagsire|slp
|
|-heal|p2a: Persian|58/100|[from] item: Leftovers
|upkeep
|turn|30
|
|t:|1660863708
|move|p2a: Persian|Dark Pulse|p1a: Quagsire
|-damage|p1a: Quagsire|0 fnt
|faint|p1a: Quagsire
|
|-heal|p2a: Persian|64/100|[from] item: Leftovers
|upkeep
|
|t:|1660863710
|switch|p1a: Corsola|Corsola, M|100/100
|-damage|p1a: Corsola|88/100|[from] Stealth Rock
|turn|31
|
|t:|1660863714
|move|p2a: Persian|Nasty Plot|p2a: Persian
|-boost|p2a: Persian|spa|2
|move|p1a: Corsola|Scald|p2a: Persian
|-end|p2a: Persian|Substitute
|
|-heal|p2a: Persian|70/100|[from] item: Leftovers
|upkeep
|turn|32
|
|t:|1660863721
|move|p2a: Persian|Dark Pulse|p1a: Corsola
|-damage|p1a: Corsola|30/100
|move|p1a: Corsola|Toxic|p2a: Persian
|-status|p2a: Persian|tox
|
|-heal|p2a: Persian|75/100 tox|[from] item: Leftovers
|-damage|p2a: Persian|70/100 tox|[from] psn
|upkeep
|turn|33
|
|t:|1660863726
|switch|p1a: Audino|Audino, M|76/100
|move|p2a: Persian|Dark Pulse|p1a: Audino
|-damage|p1a: Audino|34/100
|
|-heal|p2a: Persian|75/100 tox|[from] item: Leftovers
|-damage|p2a: Persian|64/100 tox|[from] psn
|upkeep
|turn|34
|
|t:|1660863731
|switch|p2a: Comfey|Comfey, F|52/100
|switch|p1a: Corsola|Corsola, M|64/100
|-damage|p1a: Corsola|51/100|[from] Stealth Rock
|
|upkeep
|turn|35
|
|t:|1660863737
|switch|p1a: Ferroseed|Ferroseed, F|22/100
|-damage|p1a: Ferroseed|16/100|[from] Stealth Rock
|move|p2a: Comfey|Heal Bell|p2a: Comfey
|-activate|p2a: Comfey|move: Heal Bell
|-curestatus|p2: Gourgeist|tox|[msg]
|-curestatus|p2: Persian|tox|[msg]
|-curestatus|p2: Cryogonal|tox|[msg]
|
|upkeep
|turn|36
|
|t:|1660863746
|switch|p2a: Gourgeist|Gourgeist-Super, F|83/100
|-damage|p2a: Gourgeist|66/100|[from] Spikes
|-item|p1a: Ferroseed|Eviolite|[from] ability: Frisk|[of] p2a: Gourgeist|[identify]
|move|p1a: Ferroseed|Rest|p1a: Ferroseed
|-status|p1a: Ferroseed|slp|[from] move: Rest
|-heal|p1a: Ferroseed|100/100 slp|[silent]
|
|upkeep
|turn|37
|
|t:|1660863751
|move|p2a: Gourgeist|Power Whip|p1a: Ferroseed
|-resisted|p1a: Ferroseed
|-damage|p1a: Ferroseed|89/100 slp
|-damage|p2a: Gourgeist|54/100|[from] ability: Iron Barbs|[of] p1a: Ferroseed
|cant|p1a: Ferroseed|slp
|
|upkeep
|turn|38
|
|t:|1660863755
|move|p2a: Gourgeist|Synthesis|p2a: Gourgeist
|-heal|p2a: Gourgeist|100/100
|cant|p1a: Ferroseed|slp
|
|upkeep
|turn|39
|
|t:|1660863758
|move|p2a: Gourgeist|Poltergeist|p1a: Ferroseed|[miss]
|-miss|p2a: Gourgeist|p1a: Ferroseed
|-curestatus|p1a: Ferroseed|slp|[msg]
|move|p1a: Ferroseed|Spikes|p2a: Gourgeist
|-sidestart|p2: gassy neigh|Spikes
|
|upkeep
|turn|40
|
|t:|1660863797
|move|p2a: Gourgeist|Power Whip|p1a: Ferroseed|[miss]
|-miss|p2a: Gourgeist|p1a: Ferroseed
|move|p1a: Ferroseed|Gyro Ball|p2a: Gourgeist
|-damage|p2a: Gourgeist|74/100
|
|upkeep
|turn|41
|
|t:|1660863806
|switch|p1a: Audino|Audino, M|67/100
|move|p2a: Gourgeist|Poltergeist|p1a: Audino
|-immune|p1a: Audino
|
|upkeep
|turn|42
|
|t:|1660863819
|switch|p2a: Magneton|Magneton|76/100
|-damage|p2a: Magneton|51/100|[from] Spikes
|move|p1a: Audino|Toxic|p2a: Magneton
|-immune|p2a: Magneton
|
|upkeep
|turn|43
|
|t:|1660863836
|move|p2a: Magneton|Flash Cannon|p1a: Audino
|-damage|p1a: Audino|39/100
|move|p1a: Audino|Wish|p1a: Audino
|
|upkeep
|turn|44
|
|t:|1660863843
|move|p2a: Magneton|Flash Cannon|p1a: Audino
|-damage|p1a: Audino|11/100
|move|p1a: Audino|Knock Off|p2a: Magneton
|-damage|p2a: Magneton|38/100
|
|-heal|p1a: Audino|61/100|[from] move: Wish|[wisher] Audino
|upkeep
|turn|45
|
|t:|1660863846
|move|p2a: Magneton|Flash Cannon|p1a: Audino
|-damage|p1a: Audino|33/100
|move|p1a: Audino|Wish|p1a: Audino
|
|upkeep
|turn|46
|
|t:|1660863849
|move|p1a: Audino|Protect|p1a: Audino
|-singleturn|p1a: Audino|Protect
|move|p2a: Magneton|Flash Cannon|p1a: Audino
|-activate|p1a: Audino|move: Protect
|
|-heal|p1a: Audino|83/100|[from] move: Wish|[wisher] Audino
|upkeep
|turn|47
|
|t:|1660863852
|move|p2a: Magneton|Flash Cannon|p1a: Audino
|-damage|p1a: Audino|56/100
|move|p1a: Audino|Wish|p1a: Audino
|
|upkeep
|turn|48
|
|t:|1660863857
|switch|p1a: Ferroseed|Ferroseed, F|89/100
|-damage|p1a: Ferroseed|82/100|[from] Stealth Rock
|move|p2a: Magneton|Rest|p2a: Magneton
|-status|p2a: Magneton|slp|[from] move: Rest
|-heal|p2a: Magneton|100/100 slp|[silent]
|
|-heal|p1a: Ferroseed|100/100|[from] move: Wish|[wisher] Audino
|upkeep
|turn|49
|
|t:|1660863863
|cant|p2a: Magneton|slp
|move|p1a: Ferroseed|Knock Off|p2a: Magneton
|-damage|p2a: Magneton|90/100 slp
|
|upkeep
|turn|50
|
|t:|1660863866
|cant|p2a: Magneton|slp
|move|p1a: Ferroseed|Knock Off|p2a: Magneton
|-damage|p2a: Magneton|79/100 slp
|
|upkeep
|turn|51
|
|t:|1660863868
|-curestatus|p2a: Magneton|slp|[msg]
|move|p2a: Magneton|Flash Cannon|p1a: Ferroseed
|-resisted|p1a: Ferroseed
|-damage|p1a: Ferroseed|86/100
|move|p1a: Ferroseed|Knock Off|p2a: Magneton
|-damage|p2a: Magneton|68/100
|
|upkeep
|turn|52
|
|t:|1660863871
|move|p2a: Magneton|Flash Cannon|p1a: Ferroseed
|-resisted|p1a: Ferroseed
|-damage|p1a: Ferroseed|72/100
|move|p1a: Ferroseed|Knock Off|p2a: Magneton
|-damage|p2a: Magneton|57/100
|
|upkeep
|turn|53
|l| Flowers of 3
|
|t:|1660863874
|move|p2a: Magneton|Flash Cannon|p1a: Ferroseed
|-resisted|p1a: Ferroseed
|-damage|p1a: Ferroseed|60/100
|move|p1a: Ferroseed|Rest|p1a: Ferroseed
|-status|p1a: Ferroseed|slp|[from] move: Rest
|-heal|p1a: Ferroseed|100/100 slp|[silent]
|
|upkeep
|turn|54
|
|t:|1660863891
|move|p2a: Magneton|Volt Switch|p1a: Ferroseed
|-resisted|p1a: Ferroseed
|-damage|p1a: Ferroseed|89/100 slp
|
|t:|1660863899
|switch|p2a: Persian|Persian-Alola, M|64/100|[from]move: Volt Switch
|-damage|p2a: Persian|39/100|[from] Spikes
|cant|p1a: Ferroseed|slp
|
|-heal|p2a: Persian|45/100|[from] item: Leftovers
|upkeep
|turn|55
|
|t:|1660863902
|move|p2a: Persian|Nasty Plot|p2a: Persian
|-boost|p2a: Persian|spa|2
|cant|p1a: Ferroseed|slp
|
|-heal|p2a: Persian|51/100|[from] item: Leftovers
|upkeep
|turn|56
|
|t:|1660863913
|move|p2a: Persian|Nasty Plot|p2a: Persian
|-boost|p2a: Persian|spa|2
|-curestatus|p1a: Ferroseed|slp|[msg]
|move|p1a: Ferroseed|Gyro Ball|p2a: Persian
|-damage|p2a: Persian|21/100
|
|-heal|p2a: Persian|27/100|[from] item: Leftovers
|upkeep
|turn|57
|
|t:|1660863925
|move|p2a: Persian|Dark Pulse|p1a: Ferroseed
|-damage|p1a: Ferroseed|36/100
|move|p1a: Ferroseed|Gyro Ball|p2a: Persian
|-damage|p2a: Persian|0 fnt
|faint|p2a: Persian
|
|upkeep
|
|t:|1660863929
|switch|p2a: Gourgeist|Gourgeist-Super, F|74/100
|-damage|p2a: Gourgeist|49/100|[from] Spikes
|-item|p1a: Ferroseed|Eviolite|[from] ability: Frisk|[of] p2a: Gourgeist|[identify]
|turn|58
|
|t:|1660863940
|switch|p1a: Corsola|Corsola, M|85/100
|-damage|p1a: Corsola|72/100|[from] Stealth Rock
|move|p2a: Gourgeist|Poltergeist|p1a: Corsola
|-activate|p1a: Corsola|move: Poltergeist|Rocky Helmet
|-damage|p1a: Corsola|36/100
|
|upkeep
|turn|59
|
|t:|1660863954
|move|p2a: Gourgeist|Power Whip|p1a: Corsola
|-supereffective|p1a: Corsola
|-crit|p1a: Corsola
|-damage|p1a: Corsola|0 fnt
|-damage|p2a: Gourgeist|32/100|[from] item: Rocky Helmet|[of] p1a: Corsola
|faint|p1a: Corsola
|
|upkeep
|
|t:|1660863956
|switch|p1a: Audino|Audino, M|89/100
|turn|60
|
|t:|1660863961
|move|p2a: Gourgeist|Synthesis|p2a: Gourgeist
|-heal|p2a: Gourgeist|82/100
|move|p1a: Audino|Wish|p1a: Audino
|
|upkeep
|turn|61
|
|t:|1660863976
|switch|p2a: Comfey|Comfey, F|52/100
|move|p1a: Audino|Toxic|p2a: Comfey|[miss]
|-miss|p1a: Audino|p2a: Comfey
|
|-heal|p1a: Audino|100/100|[from] move: Wish|[wisher] Audino
|upkeep
|turn|62
|
|t:|1660863990
|switch|p2a: Cryogonal|Cryogonal|81/100
|move|p1a: Audino|Wish|p1a: Audino
|
|upkeep
|turn|63
|
|t:|1660864018
|switch|p1a: Ferroseed|Ferroseed, F|36/100
|-damage|p1a: Ferroseed|30/100|[from] Stealth Rock
|move|p2a: Cryogonal|Defog|p1a: Ferroseed
|-unboost|p1a: Ferroseed|evasion|1
|-sideend|p1: PULT4C1 mrsoup|Stealth Rock|[from] move: Defog|[of] p2a: Cryogonal
|-sideend|p2: gassy neigh|Spikes|[from] move: Defog|[of] p2a: Cryogonal
|
|-heal|p1a: Ferroseed|100/100|[from] move: Wish|[wisher] Audino
|upkeep
|turn|64
|
|t:|1660864030
|switch|p2a: Magneton|Magneton|57/100
|move|p1a: Ferroseed|Spikes|p2a: Magneton
|-sidestart|p2: gassy neigh|Spikes
|
|upkeep
|turn|65
|
|t:|1660864044
|move|p2a: Magneton|Flash Cannon|p1a: Ferroseed
|-resisted|p1a: Ferroseed
|-damage|p1a: Ferroseed|88/100
|move|p1a: Ferroseed|Spikes|p2a: Magneton
|-sidestart|p2: gassy neigh|Spikes
|
|upkeep
|turn|66
|
|t:|1660864054
|move|p2a: Magneton|Flash Cannon|p1a: Ferroseed
|-resisted|p1a: Ferroseed
|-damage|p1a: Ferroseed|74/100
|move|p1a: Ferroseed|Spikes|p2a: Magneton
|-sidestart|p2: gassy neigh|Spikes
|
|upkeep
|turn|67
|
|t:|1660864061
|move|p2a: Magneton|Rest|p2a: Magneton
|-status|p2a: Magneton|slp|[from] move: Rest
|-heal|p2a: Magneton|100/100 slp|[silent]
|move|p1a: Ferroseed|Rest|p1a: Ferroseed
|-status|p1a: Ferroseed|slp|[from] move: Rest
|-heal|p1a: Ferroseed|100/100 slp|[silent]
|
|upkeep
|turn|68
|
|t:|1660864077
|switch|p2a: Cryogonal|Cryogonal|81/100
|cant|p1a: Ferroseed|slp
|
|upkeep
|turn|69
|
|t:|1660864082
|move|p2a: Cryogonal|Defog|p1a: Ferroseed
|-unboost|p1a: Ferroseed|evasion|1
|-sideend|p2: gassy neigh|Spikes|[from] move: Defog|[of] p2a: Cryogonal
|cant|p1a: Ferroseed|slp
|
|upkeep
|turn|70
|
|t:|1660864097
|switch|p2a: Magneton|Magneton|100/100 slp
|-curestatus|p1a: Ferroseed|slp|[msg]
|move|p1a: Ferroseed|Spikes|p2a: Magneton
|-sidestart|p2: gassy neigh|Spikes
|
|upkeep
|turn|71
|
|t:|1660864119
|cant|p2a: Magneton|slp
|move|p2a: Magneton|Sleep Talk|p2a: Magneton
|move|p2a: Magneton|Flash Cannon|p1a: Ferroseed|[from]move: Sleep Talk
|-resisted|p1a: Ferroseed
|-damage|p1a: Ferroseed|88/100
|move|p1a: Ferroseed|Spikes|p2a: Magneton
|-sidestart|p2: gassy neigh|Spikes
|
|upkeep
|turn|72
|
|t:|1660864122
|cant|p2a: Magneton|slp
|move|p2a: Magneton|Sleep Talk|p2a: Magneton
|move|p2a: Magneton|Volt Switch|p1a: Ferroseed|[from]move: Sleep Talk
|-resisted|p1a: Ferroseed
|-damage|p1a: Ferroseed|77/100
|
|t:|1660864125
|switch|p2a: Gourgeist|Gourgeist-Super, F|82/100|[from]move: Volt Switch
|-damage|p2a: Gourgeist|66/100|[from] Spikes
|-item|p1a: Ferroseed|Eviolite|[from] ability: Frisk|[of] p2a: Gourgeist|[identify]
|move|p1a: Ferroseed|Spikes|p2a: Gourgeist
|-sidestart|p2: gassy neigh|Spikes
|
|upkeep
|turn|73
|
|t:|1660864130
|switch|p1a: Audino|Audino, M|100/100
|move|p2a: Gourgeist|Shadow Sneak|p1a: Audino
|-immune|p1a: Audino
|
|upkeep
|turn|74
|
|t:|1660864137
|switch|p2a: Cryogonal|Cryogonal|81/100
|move|p1a: Audino|Knock Off|p2a: Cryogonal
|-damage|p2a: Cryogonal|57/100
|-enditem|p2a: Cryogonal|Heavy-Duty Boots|[from] move: Knock Off|[of] p1a: Audino
|
|upkeep
|turn|75
|
|t:|1660864143
|switch|p1a: Ferroseed|Ferroseed, F|77/100
|move|p2a: Cryogonal|Defog|p1a: Ferroseed
|-unboost|p1a: Ferroseed|evasion|1
|-sideend|p2: gassy neigh|Spikes|[from] move: Defog|[of] p2a: Cryogonal
|
|upkeep
|turn|76
|
|t:|1660864157
|switch|p2a: Magneton|Magneton|100/100 slp
|move|p1a: Ferroseed|Spikes|p2a: Magneton
|-sidestart|p2: gassy neigh|Spikes
|
|upkeep
|turn|77
|
|t:|1660864188
|-curestatus|p2a: Magneton|slp|[msg]
|move|p2a: Magneton|Volt Switch|p1a: Ferroseed
|-resisted|p1a: Ferroseed
|-damage|p1a: Ferroseed|65/100
|
|t:|1660864191
|switch|p2a: Comfey|Comfey, F|52/100|[from]move: Volt Switch
|move|p1a: Ferroseed|Rest|p1a: Ferroseed
|-status|p1a: Ferroseed|slp|[from] move: Rest
|-heal|p1a: Ferroseed|100/100 slp|[silent]
|
|upkeep
|turn|78
|
|t:|1660864198
|move|p2a: Comfey|Trick|p1a: Ferroseed
|-activate|p2a: Comfey|move: Trick|[of] p1a: Ferroseed
|-item|p1a: Ferroseed|Heavy-Duty Boots|[from] move: Trick
|-item|p2a: Comfey|Eviolite|[from] move: Trick
|cant|p1a: Ferroseed|slp
|
|upkeep
|turn|79
|
|t:|1660864207
|switch|p2a: Gourgeist|Gourgeist-Super, F|66/100
|-damage|p2a: Gourgeist|53/100|[from] Spikes
|-item|p1a: Ferroseed|Heavy-Duty Boots|[from] ability: Frisk|[of] p2a: Gourgeist|[identify]
|cant|p1a: Ferroseed|slp
|
|upkeep
|turn|80
|
|t:|1660864211
|switch|p1a: Audino|Audino, M|100/100
|move|p2a: Gourgeist|Power Whip|p1a: Audino
|-damage|p1a: Audino|50/100
|
|upkeep
|turn|81
|
|t:|1660864239
|move|p1a: Audino|Protect|p1a: Audino
|-singleturn|p1a: Audino|Protect
|move|p2a: Gourgeist|Synthesis|p2a: Gourgeist
|-heal|p2a: Gourgeist|100/100
|
|upkeep
|turn|82
|
|t:|1660864245
|switch|p2a: Cryogonal|Cryogonal|57/100
|switch|p1a: Ferroseed|Ferroseed, F|100/100 slp
|
|upkeep
|turn|83
|
|t:|1660864255
|switch|p2a: Magneton|Magneton|100/100
|-damage|p2a: Magneton|88/100|[from] Spikes
|-curestatus|p1a: Ferroseed|slp|[msg]
|move|p1a: Ferroseed|Gyro Ball|p2a: Magneton
|-resisted|p2a: Magneton
|-damage|p2a: Magneton|80/100
|
|upkeep
|turn|84
|
|t:|1660864261
|move|p2a: Magneton|Flash Cannon|p1a: Ferroseed
|-resisted|p1a: Ferroseed
|-damage|p1a: Ferroseed|80/100
|move|p1a: Ferroseed|Spikes|p2a: Magneton
|-sidestart|p2: gassy neigh|Spikes
|
|upkeep
|turn|85
|
|t:|1660864295
|move|p2a: Magneton|Flash Cannon|p1a: Ferroseed
|-resisted|p1a: Ferroseed
|-damage|p1a: Ferroseed|62/100
|move|p1a: Ferroseed|Rest|p1a: Ferroseed
|-status|p1a: Ferroseed|slp|[from] move: Rest
|-heal|p1a: Ferroseed|100/100 slp|[silent]
|
|upkeep
|turn|86
|
|t:|1660864298
|move|p2a: Magneton|Volt Switch|p1a: Ferroseed
|-resisted|p1a: Ferroseed
|-damage|p1a: Ferroseed|82/100 slp
|
|t:|1660864303
|switch|p2a: Cryogonal|Cryogonal|57/100|[from]move: Volt Switch
|cant|p1a: Ferroseed|slp
|
|upkeep
|turn|87
|
|t:|1660864309
|move|p2a: Cryogonal|Defog|p1a: Ferroseed
|-unboost|p1a: Ferroseed|evasion|1
|-sideend|p2: gassy neigh|Spikes|[from] move: Defog|[of] p2a: Cryogonal
|cant|p1a: Ferroseed|slp
|
|upkeep
|turn|88
|
|t:|1660864313
|switch|p2a: Gourgeist|Gourgeist-Super, F|100/100
|-item|p1a: Ferroseed|Heavy-Duty Boots|[from] ability: Frisk|[of] p2a: Gourgeist|[identify]
|-curestatus|p1a: Ferroseed|slp|[msg]
|move|p1a: Ferroseed|Spikes|p2a: Gourgeist
|-sidestart|p2: gassy neigh|Spikes
|
|upkeep
|turn|89
|
|t:|1660864320
|switch|p1a: Audino|Audino, M|83/100
|move|p2a: Gourgeist|Shadow Sneak|p1a: Audino
|-immune|p1a: Audino
|
|upkeep
|turn|90
|
|t:|1660864329
|switch|p2a: Magneton|Magneton|80/100
|-damage|p2a: Magneton|67/100|[from] Spikes
|move|p1a: Audino|Wish|p1a: Audino
|
|upkeep
|turn|91
|
|t:|1660864334
|switch|p1a: Ferroseed|Ferroseed, F|82/100
|move|p2a: Magneton|Volt Switch|p1a: Ferroseed
|-resisted|p1a: Ferroseed
|-damage|p1a: Ferroseed|61/100
|
|t:|1660864339
|switch|p2a: Cryogonal|Cryogonal|57/100|[from]move: Volt Switch
|
|-heal|p1a: Ferroseed|100/100|[from] move: Wish|[wisher] Audino
|upkeep
|turn|92
|
|t:|1660864370
|switch|p2a: Magneton|Magneton|67/100
|-damage|p2a: Magneton|55/100|[from] Spikes
|move|p1a: Ferroseed|Knock Off|p2a: Magneton
|-damage|p2a: Magneton|44/100
|
|upkeep
|turn|93
|
|t:|1660864386
|move|p2a: Magneton|Rest|p2a: Magneton
|-status|p2a: Magneton|slp|[from] move: Rest
|-heal|p2a: Magneton|100/100 slp|[silent]
|move|p1a: Ferroseed|Spikes|p2a: Magneton
|-sidestart|p2: gassy neigh|Spikes
|
|upkeep
|turn|94
|
|t:|1660864413
|cant|p2a: Magneton|slp
|move|p1a: Ferroseed|Spikes|p2a: Magneton
|-sidestart|p2: gassy neigh|Spikes
|
|upkeep
|turn|95
|
|t:|1660864426
|cant|p2a: Magneton|slp
|move|p2a: Magneton|Sleep Talk|p2a: Magneton
|move|p2a: Magneton|Flash Cannon|p1a: Ferroseed|[from]move: Sleep Talk
|-resisted|p1a: Ferroseed
|-damage|p1a: Ferroseed|82/100
|move|p1a: Ferroseed|Spikes||[still]
|-fail|p1a: Ferroseed
|
|upkeep
|turn|96
|
|t:|1660864456
|-curestatus|p2a: Magneton|slp|[msg]
|move|p2a: Magneton|Flash Cannon|p1a: Ferroseed
|-resisted|p1a: Ferroseed
|-damage|p1a: Ferroseed|61/100
|move|p1a: Ferroseed|Rest|p1a: Ferroseed
|-status|p1a: Ferroseed|slp|[from] move: Rest
|-heal|p1a: Ferroseed|100/100 slp|[silent]
|
|upkeep
|turn|97
|
|t:|1660864460
|move|p2a: Magneton|Volt Switch|p1a: Ferroseed
|-resisted|p1a: Ferroseed
|-damage|p1a: Ferroseed|83/100 slp
|
|t:|1660864461
|switch|p2a: Cryogonal|Cryogonal|57/100|[from]move: Volt Switch
|cant|p1a: Ferroseed|slp
|
|upkeep
|turn|98
|
|t:|1660864497
|move|p2a: Cryogonal|Defog|p1a: Ferroseed
|-unboost|p1a: Ferroseed|evasion|1
|-sideend|p2: gassy neigh|Spikes|[from] move: Defog|[of] p2a: Cryogonal
|cant|p1a: Ferroseed|slp
|
|upkeep
|turn|99
|
|t:|1660864499
|switch|p2a: Gourgeist|Gourgeist-Super, F|100/100
|-item|p1a: Ferroseed|Heavy-Duty Boots|[from] ability: Frisk|[of] p2a: Gourgeist|[identify]
|-curestatus|p1a: Ferroseed|slp|[msg]
|move|p1a: Ferroseed|Spikes|p2a: Gourgeist
|-sidestart|p2: gassy neigh|Spikes
|
|upkeep
|turn|100
|
|t:|1660864521
|switch|p1a: Audino|Audino, M|100/100
|move|p2a: Gourgeist|Power Whip|p1a: Audino
|-damage|p1a: Audino|46/100
|
|upkeep
|turn|101
|
|t:|1660864530
|move|p1a: Audino|Protect|p1a: Audino
|-singleturn|p1a: Audino|Protect
|move|p2a: Gourgeist|Power Whip|p1a: Audino
|-activate|p1a: Audino|move: Protect
|
|upkeep
|turn|102
|
|t:|1660864541
|switch|p1a: Ferroseed|Ferroseed, F|83/100
|move|p2a: Gourgeist|Poltergeist|p1a: Ferroseed|[miss]
|-miss|p2a: Gourgeist|p1a: Ferroseed
|
|upkeep
|turn|103
|
|t:|1660864551
|move|p2a: Gourgeist|Poltergeist|p1a: Ferroseed
|-activate|p1a: Ferroseed|move: Poltergeist|Heavy-Duty Boots
|-damage|p1a: Ferroseed|21/100
|move|p1a: Ferroseed|Rest|p1a: Ferroseed
|-status|p1a: Ferroseed|slp|[from] move: Rest
|-heal|p1a: Ferroseed|100/100 slp|[silent]
|
|upkeep
|turn|104
|
|t:|1660864579
|switch|p2a: Comfey|Comfey, F|52/100
|-damage|p2a: Comfey|40/100|[from] Spikes
|cant|p1a: Ferroseed|slp
|
|upkeep
|turn|105
|
|t:|1660864584
|move|p2a: Comfey|Calm Mind|p2a: Comfey
|-boost|p2a: Comfey|spa|1
|-boost|p2a: Comfey|spd|1
|cant|p1a: Ferroseed|slp
|
|upkeep
|turn|106
|
|t:|1660864587
|switch|p2a: Magneton|Magneton|100/100
|-damage|p2a: Magneton|88/100|[from] Spikes
|-curestatus|p1a: Ferroseed|slp|[msg]
|move|p1a: Ferroseed|Gyro Ball|p2a: Magneton
|-resisted|p2a: Magneton
|-damage|p2a: Magneton|78/100
|
|upkeep
|turn|107
|
|t:|1660864593
|move|p2a: Magneton|Rest|p2a: Magneton
|-status|p2a: Magneton|slp|[from] move: Rest
|-heal|p2a: Magneton|100/100 slp|[silent]
|move|p1a: Ferroseed|Spikes|p2a: Magneton
|-sidestart|p2: gassy neigh|Spikes
|
|upkeep
|turn|108
|
|t:|1660864617
|cant|p2a: Magneton|slp
|move|p1a: Ferroseed|Knock Off|p2a: Magneton
|-damage|p2a: Magneton|89/100 slp
|
|upkeep
|turn|109
|
|t:|1660864626
|cant|p2a: Magneton|slp
|move|p2a: Magneton|Sleep Talk|p2a: Magneton
|move|p2a: Magneton|Volt Switch|p1a: Ferroseed|[from]move: Sleep Talk
|-resisted|p1a: Ferroseed
|-damage|p1a: Ferroseed|83/100
|
|t:|1660864630
|switch|p2a: Gourgeist|Gourgeist-Super, F|100/100|[from]move: Volt Switch
|-damage|p2a: Gourgeist|84/100|[from] Spikes
|-item|p1a: Ferroseed|Heavy-Duty Boots|[from] ability: Frisk|[of] p2a: Gourgeist|[identify]
|move|p1a: Ferroseed|Spikes|p2a: Gourgeist
|-sidestart|p2: gassy neigh|Spikes
|
|upkeep
|turn|110
|
|t:|1660864669
|move|p2a: Gourgeist|Shadow Sneak|p1a: Ferroseed
|-damage|p1a: Ferroseed|57/100
|-damage|p2a: Gourgeist|72/100|[from] ability: Iron Barbs|[of] p1a: Ferroseed
|move|p1a: Ferroseed|Rest|p1a: Ferroseed
|-status|p1a: Ferroseed|slp|[from] move: Rest
|-heal|p1a: Ferroseed|100/100 slp|[silent]
|
|upkeep
|turn|111
|
|t:|1660864675
|switch|p2a: Cryogonal|Cryogonal|57/100
|switch|p1a: Audino|Audino, M|80/100
|
|upkeep
|turn|112
|l| PULT4C1 LW
|
|t:|1660864683
|switch|p1a: Ferroseed|Ferroseed, F|100/100 slp
|move|p2a: Cryogonal|Toxic||[still]
|-fail|p2a: Cryogonal
|
|upkeep
|turn|113
|
|t:|1660864695
|move|p2a: Cryogonal|Defog|p1a: Ferroseed
|-unboost|p1a: Ferroseed|evasion|1
|-sideend|p2: gassy neigh|Spikes|[from] move: Defog|[of] p2a: Cryogonal
|cant|p1a: Ferroseed|slp
|
|upkeep
|turn|114
|
|t:|1660864697
|move|p2a: Cryogonal|Recover|p2a: Cryogonal
|-heal|p2a: Cryogonal|100/100
|cant|p1a: Ferroseed|slp
|
|upkeep
|turn|115
|
|t:|1660864703
|switch|p2a: Gourgeist|Gourgeist-Super, F|72/100
|-item|p1a: Ferroseed|Heavy-Duty Boots|[from] ability: Frisk|[of] p2a: Gourgeist|[identify]
|-curestatus|p1a: Ferroseed|slp|[msg]
|move|p1a: Ferroseed|Spikes|p2a: Gourgeist
|-sidestart|p2: gassy neigh|Spikes
|
|upkeep
|turn|116
|
|t:|1660864740
|switch|p1a: Audino|Audino, M|100/100
|move|p2a: Gourgeist|Shadow Sneak|p1a: Audino
|-immune|p1a: Audino
|
|upkeep
|turn|117
|
|t:|1660864746
|switch|p2a: Cryogonal|Cryogonal|100/100
|move|p1a: Audino|Toxic|p2a: Cryogonal
|-status|p2a: Cryogonal|tox
|
|-damage|p2a: Cryogonal|95/100 tox|[from] psn
|upkeep
|turn|118
|
|t:|1660864753
|switch|p1a: Ferroseed|Ferroseed, F|100/100
|move|p2a: Cryogonal|Frost Breath|p1a: Ferroseed
|-crit|p1a: Ferroseed
|-damage|p1a: Ferroseed|69/100
|
|-damage|p2a: Cryogonal|83/100 tox|[from] psn
|upkeep
|turn|119
|
|t:|1660864777
|switch|p2a: Magneton|Magneton|89/100 slp
|-damage|p2a: Magneton|77/100 slp|[from] Spikes
|move|p1a: Ferroseed|Knock Off|p2a: Magneton
|-damage|p2a: Magneton|67/100 slp
|
|upkeep
|turn|120
|
|t:|1660864782
|-curestatus|p2a: Magneton|slp|[msg]
|move|p2a: Magneton|Volt Switch|p1a: Ferroseed
|-resisted|p1a: Ferroseed
|-damage|p1a: Ferroseed|51/100
|
|t:|1660864784
|switch|p2a: Gourgeist|Gourgeist-Super, F|72/100|[from]move: Volt Switch
|-damage|p2a: Gourgeist|59/100|[from] Spikes
|-item|p1a: Ferroseed|Heavy-Duty Boots|[from] ability: Frisk|[of] p2a: Gourgeist|[identify]
|move|p1a: Ferroseed|Rest|p1a: Ferroseed
|-status|p1a: Ferroseed|slp|[from] move: Rest
|-heal|p1a: Ferroseed|100/100 slp|[silent]
|
|upkeep
|turn|121
|
|t:|1660864797
|switch|p2a: Cryogonal|Cryogonal|83/100 tox
|cant|p1a: Ferroseed|slp
|
|-damage|p2a: Cryogonal|77/100 tox|[from] psn
|upkeep
|turn|122
|
|t:|1660864816
|move|p2a: Cryogonal|Defog|p1a: Ferroseed
|-unboost|p1a: Ferroseed|evasion|1
|-sideend|p2: gassy neigh|Spikes|[from] move: Defog|[of] p2a: Cryogonal
|cant|p1a: Ferroseed|slp
|
|-damage|p2a: Cryogonal|65/100 tox|[from] psn
|upkeep
|turn|123
|
|t:|1660864826
|switch|p2a: Magneton|Magneton|67/100
|-curestatus|p1a: Ferroseed|slp|[msg]
|move|p1a: Ferroseed|Spikes|p2a: Magneton
|-sidestart|p2: gassy neigh|Spikes
|
|upkeep
|turn|124
|j| PULT4C1 LW
|
|t:|1660864861
|move|p2a: Magneton|Rest|p2a: Magneton
|-status|p2a: Magneton|slp|[from] move: Rest
|-heal|p2a: Magneton|100/100 slp|[silent]
|move|p1a: Ferroseed|Spikes|p2a: Magneton
|-sidestart|p2: gassy neigh|Spikes
|
|upkeep
|turn|125
|
|t:|1660864863
|cant|p2a: Magneton|slp
|move|p2a: Magneton|Sleep Talk|p2a: Magneton
|move|p2a: Magneton|Rest||[from]move: Sleep Talk|[still]
|-fail|p2a: Magneton
|move|p1a: Ferroseed|Spikes|p2a: Magneton
|-sidestart|p2: gassy neigh|Spikes
|
|upkeep
|turn|126
|
|t:|1660864870
|cant|p2a: Magneton|slp
|move|p1a: Ferroseed|Spikes||[still]
|-fail|p1a: Ferroseed
|
|upkeep
|turn|127
|
|t:|1660864917
|-curestatus|p2a: Magneton|slp|[msg]
|move|p2a: Magneton|Flash Cannon|p1a: Ferroseed
|-resisted|p1a: Ferroseed
|-damage|p1a: Ferroseed|82/100
|-unboost|p1a: Ferroseed|spd|1
|move|p1a: Ferroseed|Rest|p1a: Ferroseed
|-status|p1a: Ferroseed|slp|[from] move: Rest
|-heal|p1a: Ferroseed|100/100 slp|[silent]
|
|upkeep
|turn|128
|
|t:|1660864921
|move|p2a: Magneton|Volt Switch|p1a: Ferroseed
|-resisted|p1a: Ferroseed
|-damage|p1a: Ferroseed|75/100 slp
|
|t:|1660864924
|switch|p2a: Cryogonal|Cryogonal|65/100 tox|[from]move: Volt Switch
|cant|p1a: Ferroseed|slp
|
|-damage|p2a: Cryogonal|59/100 tox|[from] psn
|upkeep
|turn|129
|
|t:|1660864955
|move|p2a: Cryogonal|Defog|p1a: Ferroseed
|-unboost|p1a: Ferroseed|evasion|1
|-sideend|p2: gassy neigh|Spikes|[from] move: Defog|[of] p2a: Cryogonal
|cant|p1a: Ferroseed|slp
|
|-damage|p2a: Cryogonal|47/100 tox|[from] psn
|upkeep
|turn|130
|l| PULT4C1 LW
|
|t:|1660864964
|switch|p2a: Magneton|Magneton|100/100
|switch|p1a: Audino|Audino, M|100/100
|
|upkeep
|turn|131
|
|t:|1660864973
|move|p2a: Magneton|Volt Switch|p1a: Audino
|-damage|p1a: Audino|74/100
|
|t:|1660864980
|switch|p2a: Comfey|Comfey, F|40/100|[from]move: Volt Switch
|move|p1a: Audino|Knock Off|p2a: Comfey
|-resisted|p2a: Comfey
|-damage|p2a: Comfey|32/100
|-enditem|p2a: Comfey|Eviolite|[from] move: Knock Off|[of] p1a: Audino
|
|upkeep
|turn|132
|
|t:|1660865007
|move|p2a: Comfey|Calm Mind|p2a: Comfey
|-boost|p2a: Comfey|spa|1
|-boost|p2a: Comfey|spd|1
|move|p1a: Audino|Toxic|p2a: Comfey
|-status|p2a: Comfey|tox
|
|-damage|p2a: Comfey|25/100 tox|[from] psn
|upkeep
|turn|133
|
|t:|1660865011
|switch|p1a: Ferroseed|Ferroseed, F|75/100 slp
|move|p2a: Comfey|Heal Bell|p2a: Comfey
|-activate|p2a: Comfey|move: Heal Bell
|-curestatus|p2a: Comfey|tox|[msg]
|-curestatus|p2: Cryogonal|tox|[msg]
|
|upkeep
|turn|134
|
|t:|1660865022
|switch|p2a: Gourgeist|Gourgeist-Super, F|59/100
|-item|p1a: Ferroseed|Heavy-Duty Boots|[from] ability: Frisk|[of] p2a: Gourgeist|[identify]
|switch|p1a: Audino|Audino, M|100/100
|
|upkeep
|turn|135
|
|t:|1660865028
|switch|p2a: Magneton|Magneton|100/100
|move|p1a: Audino|Knock Off|p2a: Magneton
|-damage|p2a: Magneton|87/100
|
|upkeep
|turn|136
|
|t:|1660865105
|move|p2a: Magneton|Volt Switch|p1a: Audino
|-damage|p1a: Audino|75/100
|
|t:|1660865108
|switch|p2a: Cryogonal|Cryogonal|47/100|[from]move: Volt Switch
|move|p1a: Audino|Knock Off|p2a: Cryogonal
|-damage|p2a: Cryogonal|29/100
|
|upkeep
|turn|137
|
|t:|1660865113
|switch|p1a: Ferroseed|Ferroseed, F|75/100 slp
|move|p2a: Cryogonal|Recover|p2a: Cryogonal
|-heal|p2a: Cryogonal|79/100
|
|upkeep
|turn|138
|
|t:|1660865119
|switch|p2a: Magneton|Magneton|87/100
|-curestatus|p1a: Ferroseed|slp|[msg]
|move|p1a: Ferroseed|Spikes|p2a: Magneton
|-sidestart|p2: gassy neigh|Spikes
|
|upkeep
|turn|139
|
|t:|1660865124
|move|p2a: Magneton|Volt Switch|p1a: Ferroseed
|-resisted|p1a: Ferroseed
|-damage|p1a: Ferroseed|58/100
|
|t:|1660865126
|switch|p2a: Gourgeist|Gourgeist-Super, F|59/100|[from]move: Volt Switch
|-damage|p2a: Gourgeist|47/100|[from] Spikes
|-item|p1a: Ferroseed|Heavy-Duty Boots|[from] ability: Frisk|[of] p2a: Gourgeist|[identify]
|move|p1a: Ferroseed|Rest|p1a: Ferroseed
|-status|p1a: Ferroseed|slp|[from] move: Rest
|-heal|p1a: Ferroseed|100/100 slp|[silent]
|
|upkeep
|turn|140
|
|t:|1660865164
|switch|p1a: Audino|Audino, M|100/100
|move|p2a: Gourgeist|Synthesis|p2a: Gourgeist
|-heal|p2a: Gourgeist|97/100
|
|upkeep
|turn|141
|
|t:|1660865173
|switch|p2a: Magneton|Magneton|87/100
|-damage|p2a: Magneton|74/100|[from] Spikes
|move|p1a: Audino|Knock Off|p2a: Magneton
|-damage|p2a: Magneton|62/100
|
|upkeep
|turn|142
|
|t:|1660865179
|move|p2a: Magneton|Volt Switch|p1a: Audino
|-damage|p1a: Audino|75/100
|
|t:|1660865181
|switch|p2a: Cryogonal|Cryogonal|79/100|[from]move: Volt Switch
|move|p1a: Audino|Toxic|p2a: Cryogonal
|-status|p2a: Cryogonal|tox
|
|-damage|p2a: Cryogonal|73/100 tox|[from] psn
|upkeep
|turn|143
|
|t:|1660865213
|switch|p1a: Ferroseed|Ferroseed, F|100/100 slp
|move|p2a: Cryogonal|Defog|p1a: Ferroseed
|-unboost|p1a: Ferroseed|evasion|1
|-sideend|p2: gassy neigh|Spikes|[from] move: Defog|[of] p2a: Cryogonal
|
|-damage|p2a: Cryogonal|61/100 tox|[from] psn
|upkeep
|turn|144
|
|t:|1660865218
|switch|p2a: Magneton|Magneton|62/100
|switch|p1a: Audino|Audino, M|100/100
|
|upkeep
|turn|145
|
|t:|1660865228
|move|p2a: Magneton|Rest|p2a: Magneton
|-status|p2a: Magneton|slp|[from] move: Rest
|-heal|p2a: Magneton|100/100 slp|[silent]
|move|p1a: Audino|Knock Off|p2a: Magneton
|-damage|p2a: Magneton|88/100 slp
|
|upkeep
|turn|146
|
|t:|1660865251
|cant|p2a: Magneton|slp
|move|p2a: Magneton|Sleep Talk|p2a: Magneton
|move|p2a: Magneton|Rest||[from]move: Sleep Talk|[still]
|-fail|p2a: Magneton
|move|p1a: Audino|Knock Off|p2a: Magneton
|-damage|p2a: Magneton|75/100 slp
|
|upkeep
|turn|147
|
|t:|1660865256
|cant|p2a: Magneton|slp
|move|p2a: Magneton|Sleep Talk|p2a: Magneton
|move|p2a: Magneton|Flash Cannon|p1a: Audino|[from]move: Sleep Talk
|-damage|p1a: Audino|70/100
|move|p1a: Audino|Knock Off|p2a: Magneton
|-damage|p2a: Magneton|62/100 slp
|
|upkeep
|turn|148
|
|t:|1660865262
|switch|p1a: Ferroseed|Ferroseed, F|100/100 slp
|-curestatus|p2a: Magneton|slp|[msg]
|move|p2a: Magneton|Volt Switch|p1a: Ferroseed
|-resisted|p1a: Ferroseed
|-damage|p1a: Ferroseed|77/100 slp
|
|t:|1660865278
|switch|p2a: Gourgeist|Gourgeist-Super, F|97/100|[from]move: Volt Switch
|-item|p1a: Ferroseed|Heavy-Duty Boots|[from] ability: Frisk|[of] p2a: Gourgeist|[identify]
|
|upkeep
|turn|149
|
|t:|1660865337
|switch|p1a: Audino|Audino, M|100/100
|move|p2a: Gourgeist|Power Whip|p1a: Audino
|-damage|p1a: Audino|46/100
|
|upkeep
|turn|150
|
|t:|1660865384
|move|p2a: Gourgeist|Power Whip|p1a: Audino
|-damage|p1a: Audino|0 fnt
|faint|p1a: Audino
|
|upkeep
|-message|PULT4C1 mrsoup forfeited.
|
|win|gassy neigh
|raw|PULT4C1 mrsoup's rating: 1565 &rarr; <strong>1549</strong><br />(-16 for losing)
|raw|gassy neigh's rating: 1627 &rarr; <strong>1643</strong><br />(+16 for winning)
|l|☆PULT4C1 mrsoup
|l|☆gassy neigh
|l| Haffling
||Ladder isn't responding, score probably updated but might not have (Request timeout).
|j| PULT4C1 LW
|l| PULT4C1 LW
