|html|<div class="broadcast-blue"><strong>[Gen 8] PU is currently suspecting Drampa! For information on how to participate check out the <a href="https://www.smogon.com/forums/threads/np-pu-stage-7-i-hear-hyper-voices-in-my-head-drampa-suspect-test.3692992/">suspect thread</a>.</strong></div>
|j|☆Vanisavora
|j|☆PUDS Madara
|inactive|Battle timer is ON: inactive players will automatically lose when time's up.
|t:|1636990007
|gametype|singles
|player|p1|Vanisavora|anabel|
|player|p2|PUDS Madara|drayden|
|teamsize|p1|6
|teamsize|p2|6
|gen|8
|tier|[Gen 8] PU
|rated|Tournament battle
|rule|Sleep Clause Mod: Limit one foe put to sleep
|rule|Species Clause: Limit one of each Pokémon
|rule|OHKO Clause: OHKO moves are banned
|rule|Evasion Moves Clause: Evasion moves are banned
|rule|Endless Battle Clause: Forcing endless battles is banned
|rule|HP Percentage Mod: HP is shown in percentages
|rule|Dynamax Clause: You cannot dynamax
|clearpoke
|poke|p1|Gigalith, M|
|poke|p1|Tsareena, F|
|poke|p1|Scrafty, M|
|poke|p1|Silvally-*|
|poke|p1|Aromatisse, F|
|poke|p1|Charizard, M|
|poke|p2|Audino, M|
|poke|p2|Articuno|
|poke|p2|Miltank, F|
|poke|p2|Qwilfish, M|
|poke|p2|Quagsire, M|
|poke|p2|Aromatisse, M|
|teampreview
|j|*Lady Monita ☽
|j| ii77
|j| ShwiftyShiftry
|
|t:|1636990031
|start
|switch|p1a: Gigalith|Gigalith, M|100/100
|switch|p2a: IRON FINGERS|Miltank, F, shiny|100/100
|-weather|Sandstorm|[from] ability: Sand Stream|[of] p1a: Gigalith
|turn|1
|
|t:|1636990038
|move|p2a: IRON FINGERS|Stealth Rock|p1a: Gigalith
|-sidestart|p1: Vanisavora|move: Stealth Rock
|move|p1a: Gigalith|Stealth Rock|p2a: IRON FINGERS
|-sidestart|p2: PUDS Madara|move: Stealth Rock
|
|-weather|Sandstorm|[upkeep]
|-damage|p2a: IRON FINGERS|94/100|[from] Sandstorm
|upkeep
|turn|2
|
|t:|1636990043
|move|p2a: IRON FINGERS|Toxic|p1a: Gigalith
|-status|p1a: Gigalith|tox
|move|p1a: Gigalith|Toxic|p2a: IRON FINGERS
|-status|p2a: IRON FINGERS|tox
|
|-weather|Sandstorm|[upkeep]
|-damage|p2a: IRON FINGERS|88/100 tox|[from] Sandstorm
|-damage|p2a: IRON FINGERS|82/100 tox|[from] psn
|-damage|p1a: Gigalith|94/100 tox|[from] psn
|upkeep
|turn|3
|
|t:|1636990047
|switch|p2a: POSSESSING SPIRIT|Aromatisse, M, shiny|100/100
|-damage|p2a: POSSESSING SPIRIT|88/100|[from] Stealth Rock
|switch|p1a: Tsareena|Tsareena, F|100/100
|
|-weather|Sandstorm|[upkeep]
|-damage|p1a: Tsareena|94/100|[from] Sandstorm
|-damage|p2a: POSSESSING SPIRIT|82/100|[from] Sandstorm
|-heal|p2a: POSSESSING SPIRIT|88/100|[from] item: Leftovers
|upkeep
|turn|4
|
|t:|1636990052
|move|p2a: POSSESSING SPIRIT|Protect|p2a: POSSESSING SPIRIT
|-singleturn|p2a: POSSESSING SPIRIT|Protect
|move|p1a: Tsareena|Rapid Spin|p2a: POSSESSING SPIRIT
|-activate|p2a: POSSESSING SPIRIT|move: Protect
|
|-weather|Sandstorm|[upkeep]
|-damage|p1a: Tsareena|88/100|[from] Sandstorm
|-damage|p2a: POSSESSING SPIRIT|82/100|[from] Sandstorm
|-heal|p2a: POSSESSING SPIRIT|88/100|[from] item: Leftovers
|upkeep
|turn|5
|
|t:|1636990059
|move|p1a: Tsareena|Power Whip|p2a: POSSESSING SPIRIT
|-damage|p2a: POSSESSING SPIRIT|53/100
|move|p2a: POSSESSING SPIRIT|Aromatherapy|p2a: POSSESSING SPIRIT
|-activate|p2a: POSSESSING SPIRIT|move: Aromatherapy
|-curestatus|p2: IRON FINGERS|tox|[msg]
|
|-weather|none
|-heal|p2a: POSSESSING SPIRIT|59/100|[from] item: Leftovers
|upkeep
|turn|6
|
|t:|1636990078
|move|p1a: Tsareena|Rapid Spin|p2a: POSSESSING SPIRIT
|-damage|p2a: POSSESSING SPIRIT|48/100
|-boost|p1a: Tsareena|spe|1
|-sideend|p1: Vanisavora|Stealth Rock|[from] move: Rapid Spin|[of] p1a: Tsareena
|move|p2a: POSSESSING SPIRIT|Wish|p2a: POSSESSING SPIRIT
|
|-heal|p2a: POSSESSING SPIRIT|54/100|[from] item: Leftovers
|upkeep
|turn|7
|
|t:|1636990086
|switch|p1a: Charizard|Charizard, M|100/100
|move|p2a: POSSESSING SPIRIT|Protect||[still]
|-fail|p2a: POSSESSING SPIRIT
|
|-heal|p2a: POSSESSING SPIRIT|100/100|[from] move: Wish|[wisher] POSSESSING SPIRIT
|upkeep
|turn|8
|
|t:|1636990089
|move|p2a: POSSESSING SPIRIT|Protect|p2a: POSSESSING SPIRIT
|-singleturn|p2a: POSSESSING SPIRIT|Protect
|move|p1a: Charizard|Flamethrower|p2a: POSSESSING SPIRIT
|-activate|p2a: POSSESSING SPIRIT|move: Protect
|
|upkeep
|turn|9
|j| cmonfil070
|
|t:|1636990095
|switch|p2a: ADAMANTINE KATA|Audino, M, shiny|100/100
|move|p1a: Charizard|Flamethrower|p2a: ADAMANTINE KATA
|-damage|p2a: ADAMANTINE KATA|58/100
|
|upkeep
|turn|10
|
|t:|1636990102
|switch|p1a: Silvally|Silvally-Ghost|100/100
|move|p2a: ADAMANTINE KATA|Toxic|p1a: Silvally
|-status|p1a: Silvally|tox
|
|-damage|p1a: Silvally|94/100 tox|[from] psn
|upkeep
|turn|11
|
|t:|1636990106
|move|p2a: ADAMANTINE KATA|Protect|p2a: ADAMANTINE KATA
|-singleturn|p2a: ADAMANTINE KATA|Protect
|move|p1a: Silvally|Ice Beam|p2a: ADAMANTINE KATA
|-activate|p2a: ADAMANTINE KATA|move: Protect
|
|-damage|p1a: Silvally|82/100 tox|[from] psn
|upkeep
|turn|12
|
|t:|1636990129
|switch|p2a: IRON FINGERS|Miltank, F, shiny|82/100
|move|p1a: Silvally|Parting Shot|p2a: IRON FINGERS
|-unboost|p2a: IRON FINGERS|atk|1
|-unboost|p2a: IRON FINGERS|spa|1
|
|t:|1636990133
|switch|p1a: Charizard|Charizard, M|100/100|[from]move: Parting Shot
|
|upkeep
|turn|13
|
|t:|1636990142
|switch|p2a: ADAMANTINE KATA|Audino, M, shiny|91/100
|move|p1a: Charizard|Flamethrower|p2a: ADAMANTINE KATA
|-damage|p2a: ADAMANTINE KATA|49/100
|
|upkeep
|turn|14
|
|t:|1636990149
|move|p1a: Charizard|Flamethrower|p2a: ADAMANTINE KATA
|-damage|p2a: ADAMANTINE KATA|8/100
|move|p2a: ADAMANTINE KATA|Toxic|p1a: Charizard
|-status|p1a: Charizard|tox
|
|-damage|p1a: Charizard|94/100 tox|[from] psn
|upkeep
|turn|15
|
|t:|1636990158
|move|p2a: ADAMANTINE KATA|Protect|p2a: ADAMANTINE KATA
|-singleturn|p2a: ADAMANTINE KATA|Protect
|move|p1a: Charizard|Flamethrower|p2a: ADAMANTINE KATA
|-activate|p2a: ADAMANTINE KATA|move: Protect
|
|-damage|p1a: Charizard|82/100 tox|[from] psn
|upkeep
|turn|16
|j|@sirmrwhale@!
|j| Luiw
|j| PokeArt2004❤
|
|t:|1636990185
|switch|p2a: FIRE WATER|Quagsire, M, shiny|100/100
|move|p1a: Charizard|Flamethrower|p2a: FIRE WATER
|-resisted|p2a: FIRE WATER
|-damage|p2a: FIRE WATER|65/100
|
|-damage|p1a: Charizard|64/100 tox|[from] psn
|upkeep
|turn|17
|
|t:|1636990193
|switch|p1a: Aromatisse|Aromatisse, F|100/100
|move|p2a: FIRE WATER|Recover|p2a: FIRE WATER
|-heal|p2a: FIRE WATER|100/100
|
|upkeep
|turn|18
|
|t:|1636990205
|switch|p2a: ADAMANTINE KATA|Audino, M, shiny|41/100
|move|p1a: Aromatisse|Aromatherapy|p1a: Aromatisse
|-activate|p1a: Aromatisse|move: Aromatherapy
|-curestatus|p1: Gigalith|tox|[msg]
|-curestatus|p1: Silvally|tox|[msg]
|-curestatus|p1: Charizard|tox|[msg]
|
|upkeep
|turn|19
|
|t:|1636990215
|move|p2a: ADAMANTINE KATA|Wish|p2a: ADAMANTINE KATA
|move|p1a: Aromatisse|Wish|p1a: Aromatisse
|
|upkeep
|turn|20
|
|t:|1636990222
|switch|p1a: Charizard|Charizard, M|64/100
|move|p2a: ADAMANTINE KATA|Toxic|p1a: Charizard|[miss]
|-miss|p2a: ADAMANTINE KATA|p1a: Charizard
|
|-heal|p1a: Charizard|100/100|[from] move: Wish|[wisher] Aromatisse
|-heal|p2a: ADAMANTINE KATA|91/100|[from] move: Wish|[wisher] ADAMANTINE KATA
|upkeep
|turn|21
|
|t:|1636990228
|move|p1a: Charizard|Flamethrower|p2a: ADAMANTINE KATA
|-damage|p2a: ADAMANTINE KATA|49/100
|move|p2a: ADAMANTINE KATA|Toxic|p1a: Charizard
|-status|p1a: Charizard|tox
|
|-damage|p1a: Charizard|94/100 tox|[from] psn
|upkeep
|turn|22
|
|t:|1636990242
|switch|p1a: Scrafty|Scrafty, M|100/100
|move|p2a: ADAMANTINE KATA|Knock Off|p1a: Scrafty
|-resisted|p1a: Scrafty
|-damage|p1a: Scrafty|97/100
|-enditem|p1a: Scrafty|Leftovers|[from] move: Knock Off|[of] p2a: ADAMANTINE KATA
|
|upkeep
|turn|23
|
|t:|1636990254
|switch|p2a: POSSESSING SPIRIT|Aromatisse, M, shiny|100/100
|-damage|p2a: POSSESSING SPIRIT|88/100|[from] Stealth Rock
|move|p1a: Scrafty|Knock Off|p2a: POSSESSING SPIRIT
|-resisted|p2a: POSSESSING SPIRIT
|-crit|p2a: POSSESSING SPIRIT
|-damage|p2a: POSSESSING SPIRIT|70/100
|-enditem|p2a: POSSESSING SPIRIT|Leftovers|[from] move: Knock Off|[of] p1a: Scrafty
|
|upkeep
|turn|24
|
|t:|1636990261
|switch|p1a: Charizard|Charizard, M|94/100 tox
|move|p2a: POSSESSING SPIRIT|Wish|p2a: POSSESSING SPIRIT
|
|-damage|p1a: Charizard|88/100 tox|[from] psn
|upkeep
|turn|25
|
|t:|1636990265
|switch|p2a: ADAMANTINE KATA|Audino, M, shiny|82/100
|move|p1a: Charizard|Flamethrower|p2a: ADAMANTINE KATA
|-damage|p2a: ADAMANTINE KATA|38/100
|
|-heal|p2a: ADAMANTINE KATA|88/100|[from] move: Wish|[wisher] POSSESSING SPIRIT
|-damage|p1a: Charizard|76/100 tox|[from] psn
|upkeep
|turn|26
|l| cmonfil070
|
|t:|1636990275
|switch|p1a: Scrafty|Scrafty, M|97/100
|move|p2a: ADAMANTINE KATA|Wish|p2a: ADAMANTINE KATA
|
|upkeep
|turn|27
|
|t:|1636990279
|switch|p2a: POSSESSING SPIRIT|Aromatisse, M, shiny|70/100
|-damage|p2a: POSSESSING SPIRIT|58/100|[from] Stealth Rock
|move|p1a: Scrafty|Dragon Dance|p1a: Scrafty
|-boost|p1a: Scrafty|atk|1
|-boost|p1a: Scrafty|spe|1
|
|-heal|p2a: POSSESSING SPIRIT|100/100|[from] move: Wish|[wisher] ADAMANTINE KATA
|upkeep
|turn|28
|
|t:|1636990281
|move|p1a: Scrafty|Dragon Dance|p1a: Scrafty
|-boost|p1a: Scrafty|atk|1
|-boost|p1a: Scrafty|spe|1
|move|p2a: POSSESSING SPIRIT|Moonblast|p1a: Scrafty
|-supereffective|p1a: Scrafty
|-damage|p1a: Scrafty|0 fnt
|faint|p1a: Scrafty
|
|upkeep
|
|t:|1636990287
|switch|p1a: Gigalith|Gigalith, M|94/100
|-weather|Sandstorm|[from] ability: Sand Stream|[of] p1a: Gigalith
|turn|29
|
|t:|1636990306
|switch|p2a: Qwilfish|Qwilfish, M|100/100
|-damage|p2a: Qwilfish|88/100|[from] Stealth Rock
|-ability|p2a: Qwilfish|Intimidate|boost
|-unboost|p1a: Gigalith|atk|1
|move|p1a: Gigalith|Toxic|p2a: Qwilfish
|-immune|p2a: Qwilfish
|
|-weather|Sandstorm|[upkeep]
|-damage|p2a: Qwilfish|82/100|[from] Sandstorm
|-heal|p1a: Gigalith|100/100|[from] item: Leftovers
|upkeep
|turn|30
|
|t:|1636990312
|switch|p2a: IRON FINGERS|Miltank, F, shiny|82/100
|switch|p1a: Silvally|Silvally-Ghost|82/100
|
|-weather|Sandstorm|[upkeep]
|-damage|p1a: Silvally|76/100|[from] Sandstorm
|-damage|p2a: IRON FINGERS|76/100|[from] Sandstorm
|upkeep
|turn|31
|
|t:|1636990318
|move|p1a: Silvally|Parting Shot|p2a: IRON FINGERS
|-unboost|p2a: IRON FINGERS|atk|1
|-unboost|p2a: IRON FINGERS|spa|1
|
|t:|1636990321
|switch|p1a: Tsareena|Tsareena, F|88/100|[from]move: Parting Shot
|move|p2a: IRON FINGERS|Stealth Rock|p1a: Tsareena
|-sidestart|p1: Vanisavora|move: Stealth Rock
|
|-weather|Sandstorm|[upkeep]
|-damage|p2a: IRON FINGERS|70/100|[from] Sandstorm
|-damage|p1a: Tsareena|82/100|[from] Sandstorm
|upkeep
|turn|32
|
|t:|1636990325
|move|p2a: IRON FINGERS|Milk Drink|p2a: IRON FINGERS
|-heal|p2a: IRON FINGERS|100/100
|move|p1a: Tsareena|Rapid Spin|p2a: IRON FINGERS
|-damage|p2a: IRON FINGERS|92/100
|-boost|p1a: Tsareena|spe|1
|-sideend|p1: Vanisavora|Stealth Rock|[from] move: Rapid Spin|[of] p1a: Tsareena
|
|-weather|Sandstorm|[upkeep]
|-damage|p1a: Tsareena|76/100|[from] Sandstorm
|-damage|p2a: IRON FINGERS|86/100|[from] Sandstorm
|upkeep
|turn|33
|
|t:|1636990329
|move|p1a: Tsareena|High Jump Kick|p2a: IRON FINGERS
|-supereffective|p2a: IRON FINGERS
|-crit|p2a: IRON FINGERS
|-damage|p2a: IRON FINGERS|21/100
|move|p2a: IRON FINGERS|Stealth Rock|p1a: Tsareena
|-sidestart|p1: Vanisavora|move: Stealth Rock
|
|-weather|none
|upkeep
|turn|34
|j| cmonfil070
|
|t:|1636990337
|switch|p2a: Qwilfish|Qwilfish, M|82/100
|-damage|p2a: Qwilfish|70/100|[from] Stealth Rock
|-ability|p2a: Qwilfish|Intimidate|boost
|-unboost|p1a: Tsareena|atk|1
|move|p1a: Tsareena|Power Whip|p2a: Qwilfish
|-damage|p2a: Qwilfish|37/100
|-damage|p1a: Tsareena|60/100|[from] item: Rocky Helmet|[of] p2a: Qwilfish
|
|upkeep
|turn|35
|
|t:|1636990344
|switch|p2a: JELLYFISH CLUTCH|Articuno|100/100
|-ability|p2a: JELLYFISH CLUTCH|Pressure
|move|p1a: Tsareena|Rapid Spin|p2a: JELLYFISH CLUTCH
|-damage|p2a: JELLYFISH CLUTCH|92/100
|-boost|p1a: Tsareena|spe|1
|-sideend|p1: Vanisavora|Stealth Rock|[from] move: Rapid Spin|[of] p1a: Tsareena
|
|upkeep
|turn|36
|l| cmonfil070
|
|t:|1636990350
|switch|p1a: Charizard|Charizard, M|76/100 tox
|move|p2a: JELLYFISH CLUTCH|Freeze-Dry|p1a: Charizard
|-damage|p1a: Charizard|45/100 tox
|
|-damage|p1a: Charizard|39/100 tox|[from] psn
|upkeep
|turn|37
|
|t:|1636990353
|switch|p2a: ADAMANTINE KATA|Audino, M, shiny|100/100
|move|p1a: Charizard|Flamethrower|p2a: ADAMANTINE KATA
|-damage|p2a: ADAMANTINE KATA|61/100
|
|-damage|p1a: Charizard|27/100 tox|[from] psn
|upkeep
|turn|38
|
|t:|1636990358
|switch|p1a: Aromatisse|Aromatisse, F|100/100
|move|p2a: ADAMANTINE KATA|Protect||[still]
|-fail|p2a: ADAMANTINE KATA
|
|upkeep
|turn|39
|
|t:|1636990376
|move|p2a: ADAMANTINE KATA|Knock Off|p1a: Aromatisse
|-resisted|p1a: Aromatisse
|-damage|p1a: Aromatisse|94/100
|-enditem|p1a: Aromatisse|Leftovers|[from] move: Knock Off|[of] p2a: ADAMANTINE KATA
|move|p1a: Aromatisse|Aromatherapy|p1a: Aromatisse
|-activate|p1a: Aromatisse|move: Aromatherapy
|-curestatus|p1: Charizard|tox|[msg]
|
|upkeep
|turn|40
|
|t:|1636990383
|move|p2a: ADAMANTINE KATA|Toxic|p1a: Aromatisse
|-status|p1a: Aromatisse|tox
|move|p1a: Aromatisse|Wish|p1a: Aromatisse
|
|-damage|p1a: Aromatisse|88/100 tox|[from] psn
|upkeep
|turn|41
|
|t:|1636990386
|switch|p1a: Charizard|Charizard, M|27/100
|move|p2a: ADAMANTINE KATA|Knock Off|p1a: Charizard
|-damage|p1a: Charizard|5/100
|-enditem|p1a: Charizard|Choice Specs|[from] move: Knock Off|[of] p2a: ADAMANTINE KATA
|
|-heal|p1a: Charizard|73/100|[from] move: Wish|[wisher] Aromatisse
|upkeep
|turn|42
|
|t:|1636990392
|move|p1a: Charizard|Air Slash|p2a: ADAMANTINE KATA
|-damage|p2a: ADAMANTINE KATA|39/100
|cant|p2a: ADAMANTINE KATA|flinch
|
|upkeep
|turn|43
|
|t:|1636990397
|move|p2a: ADAMANTINE KATA|Protect|p2a: ADAMANTINE KATA
|-singleturn|p2a: ADAMANTINE KATA|Protect
|move|p1a: Charizard|Air Slash|p2a: ADAMANTINE KATA
|-activate|p2a: ADAMANTINE KATA|move: Protect
|
|upkeep
|turn|44
|
|t:|1636990405
|switch|p2a: Qwilfish|Qwilfish, M|37/100
|-damage|p2a: Qwilfish|25/100|[from] Stealth Rock
|-ability|p2a: Qwilfish|Intimidate|boost
|-unboost|p1a: Charizard|atk|1
|move|p1a: Charizard|Air Slash|p2a: Qwilfish
|-damage|p2a: Qwilfish|0 fnt
|faint|p2a: Qwilfish
|
|upkeep
|
|t:|1636990407
|switch|p2a: ADAMANTINE KATA|Audino, M, shiny|72/100
|turn|45
|
|t:|1636990417
|move|p1a: Charizard|Air Slash|p2a: ADAMANTINE KATA
|-damage|p2a: ADAMANTINE KATA|47/100
|move|p2a: ADAMANTINE KATA|Wish|p2a: ADAMANTINE KATA
|
|upkeep
|turn|46
|
|t:|1636990423
|switch|p1a: Silvally|Silvally-Ghost|76/100
|move|p2a: ADAMANTINE KATA|Toxic|p1a: Silvally
|-status|p1a: Silvally|tox
|
|-heal|p2a: ADAMANTINE KATA|97/100|[from] move: Wish|[wisher] ADAMANTINE KATA
|-damage|p1a: Silvally|70/100 tox|[from] psn
|upkeep
|turn|47
|
|t:|1636990430
|move|p1a: Silvally|Ice Beam|p2a: ADAMANTINE KATA
|-damage|p2a: ADAMANTINE KATA|83/100
|move|p2a: ADAMANTINE KATA|Wish|p2a: ADAMANTINE KATA
|
|-damage|p1a: Silvally|58/100 tox|[from] psn
|upkeep
|turn|48
|
|t:|1636990438
|move|p1a: Silvally|Parting Shot|p2a: ADAMANTINE KATA
|-unboost|p2a: ADAMANTINE KATA|atk|1
|-unboost|p2a: ADAMANTINE KATA|spa|1
|j| daniYSB
|inactive|Vanisavora has 120 seconds left.
|l| daniYSB
|j| zokua
|inactive|Vanisavora has 90 seconds left.
|l| zokua
|inactive|Vanisavora has 60 seconds left.
|l| ShwiftyShiftry
|inactive|Vanisavora has 30 seconds left.
|
|t:|1636990562
|switch|p1a: Gigalith|Gigalith, M|100/100|[from]move: Parting Shot
|-weather|Sandstorm|[from] ability: Sand Stream|[of] p1a: Gigalith
|move|p2a: ADAMANTINE KATA|Knock Off|p1a: Gigalith
|-damage|p1a: Gigalith|95/100
|-enditem|p1a: Gigalith|Leftovers|[from] move: Knock Off|[of] p2a: ADAMANTINE KATA
|
|-weather|Sandstorm|[upkeep]
|-damage|p2a: ADAMANTINE KATA|77/100|[from] Sandstorm
|-heal|p2a: ADAMANTINE KATA|100/100|[from] move: Wish|[wisher] ADAMANTINE KATA
|upkeep
|turn|49
|
|t:|1636990567
|move|p2a: ADAMANTINE KATA|Toxic|p1a: Gigalith
|-status|p1a: Gigalith|tox
|move|p1a: Gigalith|Toxic|p2a: ADAMANTINE KATA
|-status|p2a: ADAMANTINE KATA|tox
|
|-weather|Sandstorm|[upkeep]
|-damage|p2a: ADAMANTINE KATA|94/100 tox|[from] Sandstorm
|-damage|p2a: ADAMANTINE KATA|88/100 tox|[from] psn
|-damage|p1a: Gigalith|89/100 tox|[from] psn
|upkeep
|turn|50
|
|t:|1636990575
|switch|p2a: POSSESSING SPIRIT|Aromatisse, M, shiny|100/100
|-damage|p2a: POSSESSING SPIRIT|88/100|[from] Stealth Rock
|move|p1a: Gigalith|Rock Blast|p2a: POSSESSING SPIRIT
|-damage|p2a: POSSESSING SPIRIT|78/100
|-damage|p2a: POSSESSING SPIRIT|69/100
|-damage|p2a: POSSESSING SPIRIT|61/100
|-damage|p2a: POSSESSING SPIRIT|53/100
|-hitcount|p2a: POSSESSING SPIRIT|4
|
|-weather|Sandstorm|[upkeep]
|-damage|p2a: POSSESSING SPIRIT|46/100|[from] Sandstorm
|-damage|p1a: Gigalith|76/100 tox|[from] psn
|upkeep
|turn|51
|
|t:|1636990582
|switch|p2a: FIRE WATER|Quagsire, M, shiny|100/100
|move|p1a: Gigalith|Rock Blast|p2a: FIRE WATER|[miss]
|-miss|p1a: Gigalith|p2a: FIRE WATER
|
|-weather|Sandstorm|[upkeep]
|-damage|p1a: Gigalith|58/100 tox|[from] psn
|upkeep
|turn|52
|
|t:|1636990592
|move|p2a: FIRE WATER|Toxic|p1a: Gigalith
|-fail|p1a: Gigalith|tox
|move|p1a: Gigalith|Toxic|p2a: FIRE WATER
|-status|p2a: FIRE WATER|tox
|
|-weather|none
|-damage|p2a: FIRE WATER|94/100 tox|[from] psn
|-damage|p1a: Gigalith|33/100 tox|[from] psn
|upkeep
|turn|53
|inactive|Vanisavora has 60 seconds left.
|inactive|Vanisavora has 30 seconds left.
|inactive|PUDS Madara has 120 seconds left.
|inactive|Vanisavora has 20 seconds left.
|inactive|Vanisavora has 15 seconds left.
|
|t:|1636990650
|switch|p1a: Aromatisse|Aromatisse, F|88/100 tox
|move|p2a: FIRE WATER|Liquidation|p1a: Aromatisse
|-damage|p1a: Aromatisse|67/100 tox
|-unboost|p1a: Aromatisse|def|1
|
|-damage|p2a: FIRE WATER|82/100 tox|[from] psn
|-damage|p1a: Aromatisse|61/100 tox|[from] psn
|upkeep
|turn|54
|inactive|Vanisavora has 25 seconds left this turn.
|
|t:|1636990662
|switch|p2a: IRON FINGERS|Miltank, F, shiny|21/100
|move|p1a: Aromatisse|Aromatherapy|p1a: Aromatisse
|-activate|p1a: Aromatisse|move: Aromatherapy
|-curestatus|p1a: Aromatisse|tox|[msg]
|-curestatus|p1: Silvally|tox|[msg]
|-curestatus|p1: Gigalith|tox|[msg]
|
|upkeep
|turn|55
|inactive|Vanisavora has 30 seconds left.
|inactive|Vanisavora has 20 seconds left.
|inactive|Vanisavora has 15 seconds left.
|inactive|Vanisavora has 10 seconds left.
|
|t:|1636990687
|move|p2a: IRON FINGERS|Milk Drink|p2a: IRON FINGERS
|-heal|p2a: IRON FINGERS|71/100
|move|p1a: Aromatisse|Moonblast|p2a: IRON FINGERS
|-damage|p2a: IRON FINGERS|34/100
|
|upkeep
|turn|56
|inactive|Vanisavora has 20 seconds left this turn.
|
|t:|1636990692
|move|p2a: IRON FINGERS|Milk Drink|p2a: IRON FINGERS
|-heal|p2a: IRON FINGERS|84/100
|move|p1a: Aromatisse|Wish|p1a: Aromatisse
|
|upkeep
|turn|57
|inactive|Vanisavora has 30 seconds left this turn.
|inactive|Vanisavora has 20 seconds left.
|
|t:|1636990703
|switch|p1a: Gigalith|Gigalith, M|33/100
|-weather|Sandstorm|[from] ability: Sand Stream|[of] p1a: Gigalith
|move|p2a: IRON FINGERS|Toxic|p1a: Gigalith
|-status|p1a: Gigalith|tox
|
|-weather|Sandstorm|[upkeep]
|-damage|p2a: IRON FINGERS|78/100|[from] Sandstorm
|-heal|p1a: Gigalith|93/100 tox|[from] move: Wish|[wisher] Aromatisse
|-damage|p1a: Gigalith|87/100 tox|[from] psn
|upkeep
|turn|58
|inactive|Vanisavora has 30 seconds left this turn.
|
|t:|1636990709
|move|p2a: IRON FINGERS|Stealth Rock|p1a: Gigalith
|-sidestart|p1: Vanisavora|move: Stealth Rock
|move|p1a: Gigalith|Toxic|p2a: IRON FINGERS
|-status|p2a: IRON FINGERS|tox
|
|-weather|Sandstorm|[upkeep]
|-damage|p2a: IRON FINGERS|72/100 tox|[from] Sandstorm
|-damage|p2a: IRON FINGERS|66/100 tox|[from] psn
|-damage|p1a: Gigalith|74/100 tox|[from] psn
|upkeep
|turn|59
|inactive|Vanisavora has 30 seconds left.
|inactive|Vanisavora has 20 seconds left.
|inactive|Vanisavora has 15 seconds left.
|inactive|Vanisavora has 10 seconds left.
|
|t:|1636990741
|switch|p1a: Charizard|Charizard, M|73/100
|-damage|p1a: Charizard|23/100|[from] Stealth Rock
|move|p2a: IRON FINGERS|Body Press|p1a: Charizard
|-resisted|p1a: Charizard
|-damage|p1a: Charizard|6/100
|
|-weather|Sandstorm|[upkeep]
|-damage|p1a: Charizard|0 fnt|[from] Sandstorm
|-damage|p2a: IRON FINGERS|60/100 tox|[from] Sandstorm
|faint|p1a: Charizard
|-damage|p2a: IRON FINGERS|47/100 tox|[from] psn
|upkeep
|inactive|Vanisavora has 15 seconds left this turn.
|
|t:|1636990746
|switch|p1a: Tsareena|Tsareena, F|60/100
|turn|60
|inactive|Vanisavora has 25 seconds left this turn.
|j| sam jeffrin
|
|t:|1636990758
|switch|p2a: JELLYFISH CLUTCH|Articuno|92/100
|-ability|p2a: JELLYFISH CLUTCH|Pressure
|move|p1a: Tsareena|Rapid Spin|p2a: JELLYFISH CLUTCH
|-damage|p2a: JELLYFISH CLUTCH|81/100
|-boost|p1a: Tsareena|spe|1
|-sideend|p1: Vanisavora|Stealth Rock|[from] move: Rapid Spin|[of] p1a: Tsareena
|
|-weather|Sandstorm|[upkeep]
|-damage|p1a: Tsareena|54/100|[from] Sandstorm
|-damage|p2a: JELLYFISH CLUTCH|75/100|[from] Sandstorm
|upkeep
|turn|61
|j| Wesh papillon
|inactive|Vanisavora has 30 seconds left.
|inactive|Vanisavora has 20 seconds left.
|inactive|Vanisavora has 15 seconds left.
|inactive|Vanisavora has 10 seconds left.
|
|t:|1636990786
|switch|p1a: Gigalith|Gigalith, M|74/100 tox
|move|p2a: JELLYFISH CLUTCH|Freeze-Dry|p1a: Gigalith
|-damage|p1a: Gigalith|58/100 tox
|
|-weather|none
|-damage|p1a: Gigalith|52/100 tox|[from] psn
|upkeep
|turn|62
|inactive|Vanisavora has 20 seconds left this turn.
|inactive|Vanisavora has 15 seconds left.
|
|t:|1636990794
|switch|p2a: FIRE WATER|Quagsire, M, shiny|82/100 tox
|move|p1a: Gigalith|Toxic|p2a: FIRE WATER
|-fail|p2a: FIRE WATER|tox
|
|-damage|p2a: FIRE WATER|76/100 tox|[from] psn
|-damage|p1a: Gigalith|39/100 tox|[from] psn
|upkeep
|turn|63
|inactive|Vanisavora has 25 seconds left this turn.
|-message|Vanisavora forfeited.
|
|win|PUDS Madara
|n|☆Vanisavora|vanisavora
|n|☆PUDS Madara|pudsmadara
|n|*Lady Monita ☽|ladymonita
|n| ii77|ii77
|n| sirmrwhale@!|sirmrwhale
|n| Luiw|luiw
|n| PokeArt2004❤|pokeart2004
|n| sam jeffrin|samjeffrin
|n| Wesh papillon|weshpapillon
|l|*Lady Monita ☽
|l|☆Vanisavora
|l|☆PUDS Madara
|l| sirmrwhale
|l| sam jeffrin
|l| Luiw
|l| PokeArt2004❤
|l| Wesh papillon
