|raw|<div class="broadcast-blue"><strong>This battle is required to be public due to a player having a name starting with 'pult4c1'.</div>
|j|☆MalevolentSjn
|j|☆PULT4C1 Inder
|t:|1660792383
|gametype|singles
|player|p1|MalevolentSjn|lusamine-nihilego|1387
|player|p2|PULT4C1 Inder|lyra|1593
|teamsize|p1|6
|teamsize|p2|6
|gen|8
|tier|[Gen 8] PU
|rated|
|rule|Sleep Clause Mod: Limit one foe put to sleep
|rule|Species Clause: Limit one of each Pokémon
|rule|OHKO Clause: OHKO moves are banned
|rule|Evasion Items Clause: Evasion items are banned
|rule|Evasion Moves Clause: Evasion moves are banned
|rule|Endless Battle Clause: Forcing endless battles is banned
|rule|HP Percentage Mod: HP is shown in percentages
|rule|Dynamax Clause: You cannot dynamax
|clearpoke
|poke|p1|Weezing, F|
|poke|p1|Altaria, F|
|poke|p1|Audino, M|
|poke|p1|Kadabra, M|
|poke|p1|Galvantula, F|
|poke|p1|Doublade, F|
|poke|p2|Kabutops, M|
|poke|p2|Glastrier|
|poke|p2|Silvally-*|
|poke|p2|Qwilfish, M|
|poke|p2|Doublade, F|
|poke|p2|Butterfree, F|
|teampreview
|inactive|Battle timer is ON: inactive players will automatically lose when time's up. (requested by MalevolentSjn)
|inactive|PULT4C1 Inder also wants the timer to be on.
|
|t:|1660792400
|start
|switch|p1a: Galvantula|Galvantula, F|100/100
|switch|p2a: Kabutops|Kabutops, M|100/100
|turn|1
|
|t:|1660792404
|move|p1a: Galvantula|Volt Switch|p2a: Kabutops
|-supereffective|p2a: Kabutops
|-enditem|p2a: Kabutops|Focus Sash
|-damage|p2a: Kabutops|1/100
|
|t:|1660792409
|switch|p1a: Doublade|Doublade, F|100/100|[from]move: Volt Switch
|move|p2a: Kabutops|Rapid Spin|p1a: Doublade
|-immune|p1a: Doublade
|
|upkeep
|turn|2
|
|t:|1660792421
|switch|p2a: Qwilfish|Qwilfish, M|100/100
|-ability|p2a: Qwilfish|Intimidate|boost
|-unboost|p1a: Doublade|atk|1
|move|p1a: Doublade|Shadow Sneak|p2a: Qwilfish
|-damage|p2a: Qwilfish|81/100
|
|upkeep
|turn|3
|
|t:|1660792434
|switch|p2a: Butterfree|Butterfree, F|100/100
|switch|p1a: Altaria|Altaria, F|100/100
|
|upkeep
|turn|4
|
|t:|1660792438
|move|p2a: Butterfree|Sleep Powder|p1a: Altaria
|-status|p1a: Altaria|slp|[from] move: Sleep Powder
|cant|p1a: Altaria|slp
|
|upkeep
|turn|5
|
|t:|1660792440
|-curestatus|p1a: Altaria|slp|[from] ability: Natural Cure
|switch|p1a: Galvantula|Galvantula, F|100/100
|move|p2a: Butterfree|Quiver Dance|p2a: Butterfree
|-boost|p2a: Butterfree|spa|1
|-boost|p2a: Butterfree|spd|1
|-boost|p2a: Butterfree|spe|1
|
|upkeep
|turn|6
|
|t:|1660792449
|switch|p1a: Doublade|Doublade, F|100/100
|move|p2a: Butterfree|Sleep Powder|p1a: Doublade
|-status|p1a: Doublade|slp|[from] move: Sleep Powder
|
|upkeep
|turn|7
|
|t:|1660792456
|switch|p1a: Audino|Audino, M|100/100
|move|p2a: Butterfree|Quiver Dance|p2a: Butterfree
|-boost|p2a: Butterfree|spa|1
|-boost|p2a: Butterfree|spd|1
|-boost|p2a: Butterfree|spe|1
|
|upkeep
|turn|8
|
|t:|1660792459
|move|p2a: Butterfree|Hurricane|p1a: Audino
|-damage|p1a: Audino|39/100
|-start|p1a: Audino|confusion
|-activate|p1a: Audino|confusion
|move|p1a: Audino|Toxic|p2a: Butterfree
|-status|p2a: Butterfree|tox
|
|-heal|p1a: Audino|45/100|[from] item: Leftovers
|-damage|p2a: Butterfree|94/100 tox|[from] psn
|upkeep
|turn|9
|
|t:|1660792463
|-end|p1a: Audino|confusion
|move|p1a: Audino|Protect|p1a: Audino
|-singleturn|p1a: Audino|Protect
|move|p2a: Butterfree|Quiver Dance|p2a: Butterfree
|-boost|p2a: Butterfree|spa|1
|-boost|p2a: Butterfree|spd|1
|-boost|p2a: Butterfree|spe|1
|
|-heal|p1a: Audino|51/100|[from] item: Leftovers
|-damage|p2a: Butterfree|82/100 tox|[from] psn
|upkeep
|turn|10
|
|t:|1660792466
|move|p1a: Audino|Protect||[still]
|-fail|p1a: Audino
|move|p2a: Butterfree|Hurricane|p1a: Audino
|-damage|p1a: Audino|0 fnt
|faint|p1a: Audino
|
|-damage|p2a: Butterfree|64/100 tox|[from] psn
|upkeep
|
|t:|1660792484
|switch|p1a: Doublade|Doublade, F|100/100 slp
|turn|11
|
|t:|1660792488
|cant|p1a: Doublade|slp
|move|p2a: Butterfree|Hurricane|p1a: Doublade
|-resisted|p1a: Doublade
|-damage|p1a: Doublade|28/100 slp
|
|-damage|p2a: Butterfree|39/100 tox|[from] psn
|upkeep
|turn|12
|
|t:|1660792492
|-curestatus|p1a: Doublade|slp|[msg]
|move|p1a: Doublade|Shadow Sneak|p2a: Butterfree
|-damage|p2a: Butterfree|0 fnt
|faint|p2a: Butterfree
|
|upkeep
|j| Zephyyyr
|
|t:|1660792501
|switch|p2a: Doublade|Doublade, F|100/100
|turn|13
|
|t:|1660792509
|move|p2a: Doublade|Swords Dance|p2a: Doublade
|-boost|p2a: Doublade|atk|2
|move|p1a: Doublade|Swords Dance|p1a: Doublade
|-boost|p1a: Doublade|atk|2
|
|upkeep
|turn|14
|c| Zephyyyr|Genre tu trouves des games
|
|t:|1660792511
|move|p2a: Doublade|Shadow Sneak|p1a: Doublade
|-supereffective|p1a: Doublade
|-damage|p1a: Doublade|0 fnt
|faint|p1a: Doublade
|
|upkeep
|c|☆PULT4C1 Inder|même moi jsuis étonne
|l| Zephyyyr
|
|t:|1660792521
|switch|p1a: Weezing|Weezing, F|100/100
|turn|15
|
|t:|1660792527
|switch|p2a: Kabutops|Kabutops, M|1/100
|move|p1a: Weezing|Flamethrower|p2a: Kabutops
|-resisted|p2a: Kabutops
|-damage|p2a: Kabutops|0 fnt
|faint|p2a: Kabutops
|
|upkeep
|
|t:|1660792537
|switch|p2a: Glastrier|Glastrier|100/100
|turn|16
|
|t:|1660792545
|move|p2a: Glastrier|Substitute|p2a: Glastrier
|-start|p2a: Glastrier|Substitute
|-damage|p2a: Glastrier|75/100
|move|p1a: Weezing|Toxic||[still]
|-fail|p1a: Weezing
|
|-heal|p2a: Glastrier|82/100|[from] item: Leftovers
|upkeep
|turn|17
|
|t:|1660792548
|move|p2a: Glastrier|Swords Dance|p2a: Glastrier
|-boost|p2a: Glastrier|atk|2
|move|p1a: Weezing|Flamethrower|p2a: Glastrier
|-supereffective|p2a: Glastrier
|-crit|p2a: Glastrier
|-end|p2a: Glastrier|Substitute
|
|-heal|p2a: Glastrier|88/100|[from] item: Leftovers
|upkeep
|turn|18
|
|t:|1660792550
|move|p2a: Glastrier|Icicle Crash|p1a: Weezing|[miss]
|-miss|p2a: Glastrier|p1a: Weezing
|move|p1a: Weezing|Flamethrower|p2a: Glastrier
|-supereffective|p2a: Glastrier
|-damage|p2a: Glastrier|62/100
|
|-heal|p2a: Glastrier|68/100|[from] item: Leftovers
|upkeep
|turn|19
|
|t:|1660792555
|move|p2a: Glastrier|Substitute|p2a: Glastrier
|-start|p2a: Glastrier|Substitute
|-damage|p2a: Glastrier|43/100
|move|p1a: Weezing|Flamethrower|p2a: Glastrier
|-supereffective|p2a: Glastrier
|-crit|p2a: Glastrier
|-end|p2a: Glastrier|Substitute
|
|-heal|p2a: Glastrier|50/100|[from] item: Leftovers
|upkeep
|turn|20
|
|t:|1660792557
|move|p2a: Glastrier|Icicle Crash|p1a: Weezing
|-damage|p1a: Weezing|44/100
|move|p1a: Weezing|Flamethrower|p2a: Glastrier
|-supereffective|p2a: Glastrier
|-damage|p2a: Glastrier|22/100
|
|-heal|p2a: Glastrier|28/100|[from] item: Leftovers
|-heal|p1a: Weezing|50/100|[from] item: Black Sludge
|upkeep
|turn|21
|
|t:|1660792561
|move|p2a: Glastrier|Icicle Crash|p1a: Weezing
|-damage|p1a: Weezing|0 fnt
|faint|p1a: Weezing
|-ability|p2a: Glastrier|Chilling Neigh|boost
|-boost|p2a: Glastrier|atk|1
|
|-heal|p2a: Glastrier|34/100|[from] item: Leftovers
|upkeep
|
|t:|1660792577
|switch|p1a: Kadabra|Kadabra, M|100/100
|turn|22
|
|t:|1660792580
|switch|p2a: Doublade|Doublade, F|100/100
|move|p1a: Kadabra|Psychic|p2a: Doublade
|-resisted|p2a: Doublade
|-damage|p2a: Doublade|61/100
|
|upkeep
|turn|23
|
|t:|1660792586
|switch|p1a: Altaria|Altaria, F|100/100
|move|p2a: Doublade|Iron Head|p1a: Altaria
|-damage|p1a: Altaria|72/100
|
|upkeep
|turn|24
|
|t:|1660792589
|switch|p2a: Qwilfish|Qwilfish, M|81/100
|-ability|p2a: Qwilfish|Intimidate|boost
|-unboost|p1a: Altaria|atk|1
|move|p1a: Altaria|Earthquake|p2a: Qwilfish
|-supereffective|p2a: Qwilfish
|-damage|p2a: Qwilfish|50/100
|
|upkeep
|turn|25
|
|t:|1660792594
|switch|p1a: Galvantula|Galvantula, F|100/100
|move|p2a: Qwilfish|Poison Jab|p1a: Galvantula
|-crit|p1a: Galvantula
|-damage|p1a: Galvantula|0 fnt
|faint|p1a: Galvantula
|-damage|p2a: Qwilfish|40/100|[from] item: Life Orb
|
|upkeep
|c|☆MalevolentSjn|m
|
|t:|1660792602
|switch|p1a: Kadabra|Kadabra, M|100/100
|turn|26
|
|t:|1660792611
|move|p2a: Qwilfish|Aqua Jet|p1a: Kadabra
|-damage|p1a: Kadabra|12/100
|-damage|p2a: Qwilfish|30/100|[from] item: Life Orb
|move|p1a: Kadabra|Psychic|p2a: Qwilfish
|-supereffective|p2a: Qwilfish
|-damage|p2a: Qwilfish|0 fnt
|faint|p2a: Qwilfish
|
|upkeep
|
|t:|1660792621
|switch|p2a: Silvally|Silvally-Grass|100/100
|turn|27
|
|t:|1660792627
|switch|p1a: Altaria|Altaria, F|72/100
|move|p2a: Silvally|Flame Charge|p1a: Altaria
|-resisted|p1a: Altaria
|-damage|p1a: Altaria|67/100
|-boost|p2a: Silvally|spe|1
|
|upkeep
|turn|28
|
|t:|1660792632
|move|p2a: Silvally|Rock Slide|p1a: Altaria
|-supereffective|p1a: Altaria
|-damage|p1a: Altaria|33/100
|cant|p1a: Altaria|flinch
|
|upkeep
|turn|29
|
|t:|1660792636
|move|p2a: Silvally|Rock Slide|p1a: Altaria|[miss]
|-miss|p2a: Silvally|p1a: Altaria
|move|p1a: Altaria|Roost|p1a: Altaria
|-heal|p1a: Altaria|83/100
|-singleturn|p1a: Altaria|move: Roost
|
|upkeep
|turn|30
|c|☆MalevolentSjn|sick
|
|t:|1660792640
|move|p2a: Silvally|Swords Dance|p2a: Silvally
|-boost|p2a: Silvally|atk|2
|move|p1a: Altaria|Breaking Swipe|p2a: Silvally
|-damage|p2a: Silvally|83/100
|-unboost|p2a: Silvally|atk|1
|
|upkeep
|turn|31
|
|t:|1660792645
|move|p2a: Silvally|Rock Slide|p1a: Altaria
|-supereffective|p1a: Altaria
|-damage|p1a: Altaria|38/100
|move|p1a: Altaria|Breaking Swipe|p2a: Silvally
|-damage|p2a: Silvally|67/100
|-unboost|p2a: Silvally|atk|1
|
|upkeep
|turn|32
|
|t:|1660792648
|move|p2a: Silvally|Swords Dance|p2a: Silvally
|-boost|p2a: Silvally|atk|2
|move|p1a: Altaria|Roost|p1a: Altaria
|-heal|p1a: Altaria|88/100
|-singleturn|p1a: Altaria|move: Roost
|
|upkeep
|turn|33
|j|+MARCU5theBAW5
|
|t:|1660792650
|move|p2a: Silvally|Rock Slide|p1a: Altaria
|-supereffective|p1a: Altaria
|-damage|p1a: Altaria|22/100
|move|p1a: Altaria|Breaking Swipe|p2a: Silvally
|-crit|p2a: Silvally
|-damage|p2a: Silvally|42/100
|-unboost|p2a: Silvally|atk|1
|
|upkeep
|turn|34
|
|t:|1660792653
|move|p2a: Silvally|Rock Slide|p1a: Altaria|[miss]
|-miss|p2a: Silvally|p1a: Altaria
|move|p1a: Altaria|Breaking Swipe|p2a: Silvally
|-damage|p2a: Silvally|24/100
|-unboost|p2a: Silvally|atk|1
|
|upkeep
|turn|35
|
|t:|1660792657
|move|p2a: Silvally|Rock Slide|p1a: Altaria
|-supereffective|p1a: Altaria
|-damage|p1a: Altaria|0 fnt
|faint|p1a: Altaria
|
|upkeep
|
|t:|1660792659
|switch|p1a: Kadabra|Kadabra, M|12/100
|turn|36
|
|t:|1660792662
|move|p2a: Silvally|Multi-Attack|p1a: Kadabra
|-damage|p1a: Kadabra|0 fnt
|faint|p1a: Kadabra
|
|win|PULT4C1 Inder
|raw|MalevolentSjn's rating: 1387 &rarr; <strong>1378</strong><br />(-9 for losing)
|raw|PULT4C1 Inder's rating: 1593 &rarr; <strong>1602</strong><br />(+9 for winning)
|l|☆MalevolentSjn
|l|+MARCU5theBAW5
