|j|☆Blinkboy
|j|☆HJAD
|player|p1|Blinkboy|saturn|
|player|p2|HJAD|lance-gen2|
|teamsize|p1|6
|teamsize|p2|6
|gametype|singles
|gen|8
|tier|[Gen 8] PU
|clearpoke
|poke|p1|Liepard, M|
|poke|p1|Throh, M|
|poke|p1|Gloom, M|
|poke|p1|Mawile, F|
|poke|p1|Silvally-*|
|poke|p1|Arctovish|
|poke|p2|Leafeon, F|
|poke|p2|Ninjask, M|
|poke|p2|Hattrem, F|
|poke|p2|Lapras, F|
|poke|p2|Mawile, M|
|poke|p2|Silvally-*|
|rule|Sleep Clause Mod: Limit one foe put to sleep
|rule|Species Clause: Limit one of each Pokémon
|rule|OHKO Clause: OHKO moves are banned
|rule|Evasion Moves Clause: Evasion moves are banned
|rule|Endless Battle Clause: Forcing endless battles is banned
|rule|HP Percentage Mod: HP is shown in percentages
|rule|Dynamax Clause: You cannot dynamax
|teampreview
|j|+tjay
|j| old ways new women
|j| low lader bae
|j| Moo the Panda
|j| kelly ㋛ kafka
|c|☆HJAD|hf brotha
|j| royesk
|c| kelly ㋛ kafka|Is this g1?
|c|☆HJAD|y
|c| kelly ㋛ kafka|Ty
|c|☆Blinkboy|You too buddy
|
|start
|switch|p1a: Mawile|Mawile, F|100/100
|switch|p2a: Ninjask|Ninjask, M|100/100
|-ability|p1a: Mawile|Intimidate|boost
|-unboost|p2a: Ninjask|atk|1
|turn|1
|
|move|p2a: Ninjask|U-turn|p1a: Mawile
|-resisted|p1a: Mawile
|-damage|p1a: Mawile|96/100
|-damage|p2a: Ninjask|84/100|[from] item: Rocky Helmet|[of] p1a: Mawile
|
|switch|p2a: Hattrem|Hattrem, F|100/100|[from]move: U-turn
|move|p1a: Mawile|Knock Off|p2a: Hattrem
|-supereffective|p2a: Hattrem
|-damage|p2a: Hattrem|75/100
|-enditem|p2a: Hattrem|Eviolite|[from] move: Knock Off|[of] p1a: Mawile
|
|upkeep
|turn|2
|j| uhuhuhu7
|
|switch|p1a: Silvally|Silvally-Ground|100/100
|move|p2a: Hattrem|Nuzzle|p1a: Silvally
|-immune|p1a: Silvally
|
|upkeep
|turn|3
|
|switch|p2a: Leafeon|Leafeon, F|100/100
|move|p1a: Silvally|U-turn|p2a: Leafeon
|-supereffective|p2a: Leafeon
|-damage|p2a: Leafeon|58/100
|
|switch|p1a: Liepard|Liepard, M|100/100|[from]move: U-turn
|
|upkeep
|turn|4
|
|move|p1a: Liepard|U-turn|p2a: Leafeon
|-supereffective|p2a: Leafeon
|-damage|p2a: Leafeon|5/100
|
|switch|p1a: Rick|Gloom, M|100/100|[from]move: U-turn
|move|p2a: Leafeon|Synthesis|p2a: Leafeon
|-heal|p2a: Leafeon|54/100
|
|upkeep
|turn|5
|
|switch|p2a: Mawile|Mawile, M|100/100
|-ability|p2a: Mawile|Intimidate|boost
|-unboost|p1a: Rick|atk|1
|switch|p1a: Silvally|Silvally-Ground|100/100
|
|upkeep
|turn|6
|
|move|p1a: Silvally|Multi-Attack|p2a: Mawile
|-supereffective|p2a: Mawile
|-damage|p2a: Mawile|15/100
|-damage|p1a: Silvally|84/100|[from] item: Rocky Helmet|[of] p2a: Mawile
|move|p2a: Mawile|Stealth Rock|p1a: Silvally
|-sidestart|p1: Blinkboy|move: Stealth Rock
|
|upkeep
|turn|7
|j| Shing'n Streets
|
|move|p1a: Silvally|Defog|p2a: Mawile
|-unboost|p2a: Mawile|evasion|1
|-sideend|p1: Blinkboy|Stealth Rock|[from] move: Defog|[of] p1a: Silvally
|move|p2a: Mawile|Pain Split|p1a: Silvally
|-sethp|p1a: Silvally|49/100|[from] move: Pain Split|[silent]
|-sethp|p2a: Mawile|53/100|[from] move: Pain Split
|
|upkeep
|turn|8
|j| PaperEchidna
|j| Musharnanigans
|
|switch|p2a: Ninjask|Ninjask, M|84/100
|move|p1a: Silvally|U-turn|p2a: Ninjask
|-resisted|p2a: Ninjask
|-crit|p2a: Ninjask
|-damage|p2a: Ninjask|50/100
|
|switch|p1a: Mawile|Mawile, F|96/100|[from]move: U-turn
|-ability|p1a: Mawile|Intimidate|boost
|-unboost|p2a: Ninjask|atk|1
|
|upkeep
|turn|9
|
|switch|p2a: Silvally|Silvally-Ground|100/100
|move|p1a: Mawile|Knock Off|p2a: Silvally
|-damage|p2a: Silvally|86/100
|
|upkeep
|turn|10
|
|switch|p1a: Rick|Gloom, M|100/100
|move|p2a: Silvally|Multi-Attack|p1a: Rick
|-damage|p1a: Rick|68/100
|
|upkeep
|turn|11
|
|move|p2a: Silvally|U-turn|p1a: Rick
|-damage|p1a: Rick|55/100
|
|switch|p2a: Mawile|Mawile, M|53/100|[from]move: U-turn
|-ability|p2a: Mawile|Intimidate|boost
|-unboost|p1a: Rick|atk|1
|move|p1a: Rick|Giga Drain|p2a: Mawile
|-resisted|p2a: Mawile
|-crit|p2a: Mawile
|-damage|p2a: Mawile|21/100
|-heal|p1a: Rick|70/100|[from] drain|[of] p2a: Mawile
|
|upkeep
|turn|12
|
|switch|p1a: Silvally|Silvally-Ground|49/100
|move|p2a: Mawile|Stealth Rock|p1a: Silvally
|-sidestart|p1: Blinkboy|move: Stealth Rock
|
|upkeep
|turn|13
|
|switch|p2a: Ninjask|Ninjask, M|50/100
|move|p1a: Silvally|Defog|p2a: Ninjask
|-unboost|p2a: Ninjask|evasion|1
|-sideend|p1: Blinkboy|Stealth Rock|[from] move: Defog|[of] p1a: Silvally
|
|upkeep
|turn|14
|
|switch|p2a: Silvally|Silvally-Ground|86/100
|switch|p1a: Mawile|Mawile, F|96/100
|-ability|p1a: Mawile|Intimidate|boost
|-unboost|p2a: Silvally|atk|1
|
|upkeep
|turn|15
|
|move|p2a: Silvally|Multi-Attack|p1a: Mawile
|-supereffective|p1a: Mawile
|-damage|p1a: Mawile|30/100
|-damage|p2a: Silvally|69/100|[from] item: Rocky Helmet|[of] p1a: Mawile
|move|p1a: Mawile|Stealth Rock|p2a: Silvally
|-sidestart|p2: HJAD|move: Stealth Rock
|
|upkeep
|turn|16
|
|switch|p1a: Arctovish|Arctovish|100/100
|move|p2a: Silvally|Defog|p1a: Arctovish
|-unboost|p1a: Arctovish|evasion|1
|-sideend|p2: HJAD|Stealth Rock|[from] move: Defog|[of] p2a: Silvally
|
|upkeep
|turn|17
|j| Landon✘A21
|
|switch|p1a: Rick|Gloom, M|70/100
|switch|p2a: Lapras|Lapras, F|100/100
|
|upkeep
|turn|18
|l|oldwaysnewwomen
|j| pattek
|
|switch|p2a: Silvally|Silvally-Ground|69/100
|switch|p1a: Throh|Throh, M|100/100
|
|upkeep
|turn|19
|
|move|p2a: Silvally|Multi-Attack|p1a: Throh
|-damage|p1a: Throh|54/100
|move|p1a: Throh|Toxic|p2a: Silvally
|-status|p2a: Silvally|tox
|
|-heal|p1a: Throh|60/100|[from] item: Leftovers
|-damage|p2a: Silvally|63/100 tox|[from] psn
|upkeep
|turn|20
|j| sweepinunhun
|
|move|p1a: Throh|Protect|p1a: Throh
|-singleturn|p1a: Throh|Protect
|move|p2a: Silvally|U-turn|p1a: Throh
|-activate|p1a: Throh|move: Protect
|
|-heal|p1a: Throh|66/100|[from] item: Leftovers
|-damage|p2a: Silvally|51/100 tox|[from] psn
|upkeep
|turn|21
|l| pattek
|l| sweepinunhun
|
|move|p2a: Silvally|U-turn|p1a: Throh
|-resisted|p1a: Throh
|-damage|p1a: Throh|57/100
|
|switch|p2a: Hattrem|Hattrem, F|75/100|[from]move: U-turn
|move|p1a: Throh|Knock Off|p2a: Hattrem
|-supereffective|p2a: Hattrem
|-damage|p2a: Hattrem|43/100
|
|-heal|p1a: Throh|64/100|[from] item: Leftovers
|upkeep
|turn|22
|j| poh
|
|move|p1a: Throh|Protect|p1a: Throh
|-singleturn|p1a: Throh|Protect
|move|p2a: Hattrem|Psychic|p1a: Throh
|-activate|p1a: Throh|move: Protect
|
|-heal|p1a: Throh|70/100|[from] item: Leftovers
|upkeep
|turn|23
|
|switch|p1a: Silvally|Silvally-Ground|49/100
|move|p2a: Hattrem|Giga Drain|p1a: Silvally
|-supereffective|p1a: Silvally
|-damage|p1a: Silvally|14/100
|-heal|p2a: Hattrem|61/100|[from] drain|[of] p1a: Silvally
|
|upkeep
|turn|24
|
|switch|p2a: Ninjask|Ninjask, M|50/100
|move|p1a: Silvally|U-turn|p2a: Ninjask
|-resisted|p2a: Ninjask
|-damage|p2a: Ninjask|28/100
|
|switch|p1a: Mawile|Mawile, F|30/100|[from]move: U-turn
|-ability|p1a: Mawile|Intimidate|boost
|-unboost|p2a: Ninjask|atk|1
|
|upkeep
|turn|25
|
|switch|p2a: Hattrem|Hattrem, F|61/100
|move|p1a: Mawile|Iron Head|p2a: Hattrem
|-damage|p2a: Hattrem|36/100
|
|upkeep
|turn|26
|j| pattek
|
|move|p1a: Mawile|Knock Off|p2a: Hattrem
|-supereffective|p2a: Hattrem
|-damage|p2a: Hattrem|9/100
|move|p2a: Hattrem|Nuzzle|p1a: Mawile
|-damage|p1a: Mawile|28/100
|-status|p1a: Mawile|par
|-damage|p2a: Hattrem|0 fnt|[from] item: Rocky Helmet|[of] p1a: Mawile
|faint|p2a: Hattrem
|
|upkeep
|
|switch|p2a: Silvally|Silvally-Ground|51/100 tox
|turn|27
|
|switch|p1a: Arctovish|Arctovish|100/100
|move|p2a: Silvally|Multi-Attack|p1a: Arctovish
|-damage|p1a: Arctovish|49/100
|
|-damage|p2a: Silvally|45/100 tox|[from] psn
|upkeep
|turn|28
|
|switch|p2a: Lapras|Lapras, F|100/100
|move|p1a: Arctovish|Freeze-Dry|p2a: Lapras
|-damage|p2a: Lapras|91/100
|
|-heal|p2a: Lapras|97/100|[from] item: Leftovers
|upkeep
|turn|29
|
|switch|p1a: Mawile|Mawile, F|28/100 par
|-ability|p1a: Mawile|Intimidate|boost
|-unboost|p2a: Lapras|atk|1
|switch|p2a: Mawile|Mawile, M|21/100
|-ability|p2a: Mawile|Intimidate|boost
|-unboost|p1a: Mawile|atk|1
|
|upkeep
|turn|30
|
|switch|p2a: Silvally|Silvally-Ground|45/100 tox
|move|p1a: Mawile|Stealth Rock|p2a: Silvally
|-sidestart|p2: HJAD|move: Stealth Rock
|
|-damage|p2a: Silvally|39/100 tox|[from] psn
|upkeep
|turn|31
|
|move|p2a: Silvally|Multi-Attack|p1a: Mawile
|-supereffective|p1a: Mawile
|-damage|p1a: Mawile|0 fnt
|-damage|p2a: Silvally|22/100 tox|[from] item: Rocky Helmet|[of] p1a: Mawile
|faint|p1a: Mawile
|
|-damage|p2a: Silvally|10/100 tox|[from] psn
|upkeep
|
|switch|p1a: Liepard|Liepard, M|100/100
|turn|32
|l| PaperEchidna
|
|switch|p2a: Mawile|Mawile, M|21/100
|-damage|p2a: Mawile|15/100|[from] Stealth Rock
|-ability|p2a: Mawile|Intimidate|boost
|-unboost|p1a: Liepard|atk|1
|move|p1a: Liepard|Knock Off|p2a: Mawile
|-resisted|p2a: Mawile
|-damage|p2a: Mawile|0 fnt
|-damage|p1a: Liepard|84/100|[from] item: Rocky Helmet|[of] p2a: Mawile
|-enditem|p2a: Mawile|Rocky Helmet|[from] move: Knock Off|[of] p1a: Liepard
|faint|p2a: Mawile
|
|upkeep
|
|switch|p2a: Leafeon|Leafeon, F|54/100
|-damage|p2a: Leafeon|42/100|[from] Stealth Rock
|turn|33
|
|switch|p1a: Rick|Gloom, M|70/100
|move|p2a: Leafeon|Synthesis|p2a: Leafeon
|-heal|p2a: Leafeon|92/100
|
|upkeep
|turn|34
|
|switch|p2a: Lapras|Lapras, F|97/100
|-damage|p2a: Lapras|72/100|[from] Stealth Rock
|move|p1a: Rick|Sludge Bomb|p2a: Lapras
|-damage|p2a: Lapras|56/100
|-status|p2a: Lapras|psn
|
|-heal|p2a: Lapras|62/100 psn|[from] item: Leftovers
|-damage|p2a: Lapras|50/100 psn|[from] psn
|upkeep
|turn|35
|
|switch|p1a: Silvally|Silvally-Ground|14/100
|move|p2a: Lapras|Freeze-Dry|p1a: Silvally
|-supereffective|p1a: Silvally
|-damage|p1a: Silvally|0 fnt
|faint|p1a: Silvally
|
|-heal|p2a: Lapras|56/100 psn|[from] item: Leftovers
|-damage|p2a: Lapras|44/100 psn|[from] psn
|upkeep
|j| Sir Pinsirlot
|
|switch|p1a: Liepard|Liepard, M|84/100
|turn|36
|
|move|p1a: Liepard|Knock Off|p2a: Lapras
|-damage|p2a: Lapras|0 fnt
|-enditem|p2a: Lapras|Leftovers|[from] move: Knock Off|[of] p1a: Liepard
|faint|p2a: Lapras
|
|upkeep
|
|switch|p2a: Leafeon|Leafeon, F|92/100
|-damage|p2a: Leafeon|80/100|[from] Stealth Rock
|turn|37
|l|+tjay
|
|switch|p1a: Rick|Gloom, M|70/100
|move|p2a: Leafeon|Synthesis|p2a: Leafeon
|-heal|p2a: Leafeon|100/100
|
|upkeep
|turn|38
|
|move|p2a: Leafeon|Knock Off|p1a: Rick
|-damage|p1a: Rick|50/100
|-enditem|p1a: Rick|Eviolite|[from] move: Knock Off|[of] p2a: Leafeon
|move|p1a: Rick|Sludge Bomb|p2a: Leafeon
|-supereffective|p2a: Leafeon
|-crit|p2a: Leafeon
|-damage|p2a: Leafeon|0 fnt
|faint|p2a: Leafeon
|
|upkeep
|
|switch|p2a: Silvally|Silvally-Ground|10/100 tox
|-damage|p2a: Silvally|4/100 tox|[from] Stealth Rock
|turn|39
|
|move|p2a: Silvally|Defog|p1a: Rick
|-unboost|p1a: Rick|evasion|1
|-sideend|p2: HJAD|Stealth Rock|[from] move: Defog|[of] p2a: Silvally
|move|p1a: Rick|Strength Sap|p2a: Silvally
|-unboost|p2a: Silvally|atk|1
|-heal|p1a: Rick|100/100
|
|-damage|p2a: Silvally|0 fnt|[from] psn
|faint|p2a: Silvally
|upkeep
|
|switch|p2a: Ninjask|Ninjask, M|28/100
|turn|40
|
|move|p2a: Ninjask|Acrobatics|p1a: Rick
|-supereffective|p1a: Rick
|-damage|p1a: Rick|6/100
|move|p1a: Rick|Sludge Bomb|p2a: Ninjask
|-damage|p2a: Ninjask|0 fnt
|faint|p2a: Ninjask
|
|win|Blinkboy
|c|☆Blinkboy|Gg
