|j|☆Rafadude
|j|☆sugar ovens
|t:|1667091910
|gametype|singles
|player|p1|Rafadude|scientistf|
|player|p2|sugar ovens|twins|
|teamsize|p1|6
|teamsize|p2|6
|gen|8
|tier|[Gen 8] PU
|rated|Tournament battle
|rule|Sleep Clause Mod: Limit one foe put to sleep
|rule|Species Clause: Limit one of each Pokémon
|rule|OHKO Clause: OHKO moves are banned
|rule|Evasion Items Clause: Evasion items are banned
|rule|Evasion Moves Clause: Evasion moves are banned
|rule|Endless Battle Clause: Forcing endless battles is banned
|rule|HP Percentage Mod: HP is shown in percentages
|rule|Dynamax Clause: You cannot dynamax
|clearpoke
|poke|p1|Froslass, F|
|poke|p1|Lycanroc, M|
|poke|p1|Sneasel, F|
|poke|p1|Thwackey, F|
|poke|p1|Hitmonlee, M|
|poke|p1|Silvally-*|
|poke|p2|Lanturn, M|
|poke|p2|Mesprit|
|poke|p2|Aggron, M|
|poke|p2|Magmortar, M|
|poke|p2|Gourgeist-*, F|
|poke|p2|Silvally-*|
|teampreview
|inactive|Battle timer is ON: inactive players will automatically lose when time's up. (requested by Rafadude)
|j| DiannieRatson
|
|t:|1667091925
|start
|switch|p1a: Froslass|Froslass, F|100/100
|switch|p2a: Lanturn|Lanturn, M|100/100
|turn|1
|
|t:|1667091944
|move|p1a: Froslass|Spikes|p2a: Lanturn
|-sidestart|p2: sugar ovens|Spikes
|move|p2a: Lanturn|Volt Switch|p1a: Froslass
|-damage|p1a: Froslass|64/100
|j| Water Hoe
|
|t:|1667091966
|switch|p2a: Magmortar|Magmortar, M|100/100|[from]move: Volt Switch
|
|upkeep
|turn|2
|
|t:|1667091975
|move|p1a: Froslass|Spikes|p2a: Magmortar
|-sidestart|p2: sugar ovens|Spikes
|move|p2a: Magmortar|Flame Charge|p1a: Froslass
|-supereffective|p1a: Froslass
|-damage|p1a: Froslass|23/100
|-boost|p2a: Magmortar|spe|1
|
|upkeep
|turn|3
|
|t:|1667091981
|move|p2a: Magmortar|Flame Charge|p1a: Froslass
|-supereffective|p1a: Froslass
|-damage|p1a: Froslass|0 fnt
|-boost|p2a: Magmortar|spe|1
|faint|p1a: Froslass
|
|upkeep
|
|t:|1667091985
|switch|p1a: Lycanroc|Lycanroc, M|100/100
|turn|4
|
|t:|1667091993
|switch|p2a: Silvally|Silvally-Fighting|100/100
|-damage|p2a: Silvally|84/100|[from] Spikes
|move|p1a: Lycanroc|Accelerock|p2a: Silvally
|-resisted|p2a: Silvally
|-damage|p2a: Silvally|72/100
|-damage|p1a: Lycanroc|91/100|[from] item: Life Orb
|
|upkeep
|turn|5
|
|t:|1667091998
|move|p1a: Lycanroc|Play Rough|p2a: Silvally
|-supereffective|p2a: Silvally
|-damage|p2a: Silvally|0 fnt
|faint|p2a: Silvally
|-damage|p1a: Lycanroc|81/100|[from] item: Life Orb
|
|upkeep
|
|t:|1667092008
|switch|p2a: Gourgeist|Gourgeist-Super, F|100/100
|-damage|p2a: Gourgeist|84/100|[from] Spikes
|-item|p1a: Lycanroc|Life Orb|[from] ability: Frisk|[of] p2a: Gourgeist|[identify]
|turn|6
|
|t:|1667092016
|switch|p1a: Silvally|Silvally-Steel|100/100
|move|p2a: Gourgeist|Power Whip|p1a: Silvally
|-resisted|p1a: Silvally
|-damage|p1a: Silvally|73/100
|
|upkeep
|turn|7
|j| togedechuChus
|
|t:|1667092022
|move|p1a: Silvally|Crunch|p2a: Gourgeist
|-supereffective|p2a: Gourgeist
|-damage|p2a: Gourgeist|54/100
|move|p2a: Gourgeist|Poltergeist|p1a: Silvally
|-activate|p1a: Silvally|move: Poltergeist|Steel Memory
|-damage|p1a: Silvally|11/100
|
|upkeep
|turn|8
|c| togedechuChus|ooh
|
|t:|1667092030
|move|p1a: Silvally|Crunch|p2a: Gourgeist
|-supereffective|p2a: Gourgeist
|-damage|p2a: Gourgeist|26/100
|-unboost|p2a: Gourgeist|def|1
|move|p2a: Gourgeist|Synthesis|p2a: Gourgeist
|-heal|p2a: Gourgeist|76/100
|
|upkeep
|turn|9
|
|t:|1667092034
|move|p1a: Silvally|Crunch|p2a: Gourgeist
|-supereffective|p2a: Gourgeist
|-crit|p2a: Gourgeist
|-damage|p2a: Gourgeist|3/100
|-unboost|p2a: Gourgeist|def|1
|move|p2a: Gourgeist|Synthesis|p2a: Gourgeist
|-heal|p2a: Gourgeist|53/100
|
|upkeep
|turn|10
|c|☆Rafadude|geez
|c|☆Rafadude|my luck
|c|☆Rafadude|srry
|
|t:|1667092052
|move|p2a: Gourgeist|Shadow Sneak|p1a: Silvally
|-damage|p1a: Silvally|0 fnt
|faint|p1a: Silvally
|
|upkeep
|
|t:|1667092057
|switch|p1a: Sneasel|Sneasel, F|100/100
|turn|11
|
|t:|1667092071
|switch|p2a: Lanturn|Lanturn, M|100/100
|-damage|p2a: Lanturn|84/100|[from] Spikes
|move|p1a: Sneasel|Knock Off|p2a: Lanturn
|-damage|p2a: Lanturn|31/100
|-enditem|p2a: Lanturn|Assault Vest|[from] move: Knock Off|[of] p1a: Sneasel
|
|upkeep
|turn|12
|
|t:|1667092076
|move|p1a: Sneasel|Knock Off|p2a: Lanturn
|-damage|p2a: Lanturn|0 fnt
|faint|p2a: Lanturn
|
|upkeep
|
|t:|1667092089
|switch|p2a: Magmortar|Magmortar, M|100/100
|turn|13
|
|t:|1667092092
|move|p1a: Sneasel|Knock Off|p2a: Magmortar
|-damage|p2a: Magmortar|35/100
|-status|p1a: Sneasel|brn|[from] ability: Flame Body|[of] p2a: Magmortar
|-enditem|p2a: Magmortar|Heavy-Duty Boots|[from] move: Knock Off|[of] p1a: Sneasel
|move|p2a: Magmortar|Fire Blast|p1a: Sneasel
|-supereffective|p1a: Sneasel
|-damage|p1a: Sneasel|0 fnt
|faint|p1a: Sneasel
|
|upkeep
|
|t:|1667092095
|switch|p1a: Lycanroc|Lycanroc, M|81/100
|turn|14
|
|t:|1667092105
|move|p1a: Lycanroc|Accelerock|p2a: Magmortar
|-supereffective|p2a: Magmortar
|-damage|p2a: Magmortar|0 fnt
|faint|p2a: Magmortar
|-damage|p1a: Lycanroc|71/100|[from] item: Life Orb
|
|upkeep
|c| Water Hoe|Rafadude didnt we fight earlier
|c|☆Rafadude|i have no idea
|c|☆Rafadude|i havent played pu today i know that
|inactive|sugar ovens has 120 seconds left.
|c|☆Rafadude|so maybe a few days ago
|
|t:|1667092139
|switch|p2a: Mesprit|Mesprit|100/100
|turn|15
|c| Water Hoe|It was earlier today
|inactive|sugar ovens has 120 seconds left.
|c| Water Hoe|Or maybe yesterday
|c| Water Hoe|Idk
|c|☆Rafadude|if so i honestly dont remember
|c| Water Hoe|I remember your sneasek
|
|t:|1667092168
|move|p2a: Mesprit|Healing Wish|p2a: Mesprit
|faint|p2a: Mesprit
|move|p1a: Lycanroc|Play Rough|p2: Mesprit|[notarget]
|-fail|p1a: Lycanroc
|
|upkeep
|
|t:|1667092172
|switch|p2a: Gourgeist|Gourgeist-Super, F|53/100
|-heal|p2a: Gourgeist|100/100|[from] move: Healing Wish
|-damage|p2a: Gourgeist|84/100|[from] Spikes
|-item|p1a: Lycanroc|Life Orb|[from] ability: Frisk|[of] p2a: Gourgeist|[identify]
|turn|16
|
|t:|1667092178
|move|p1a: Lycanroc|Play Rough|p2a: Gourgeist
|-damage|p2a: Gourgeist|58/100
|-damage|p1a: Lycanroc|61/100|[from] item: Life Orb
|move|p2a: Gourgeist|Synthesis|p2a: Gourgeist
|-heal|p2a: Gourgeist|100/100
|
|upkeep
|turn|17
|j| Gl4ss
|
|t:|1667092195
|move|p1a: Lycanroc|Play Rough|p2a: Gourgeist
|-damage|p2a: Gourgeist|75/100
|-damage|p1a: Lycanroc|51/100|[from] item: Life Orb
|move|p2a: Gourgeist|Poltergeist|p1a: Lycanroc
|-activate|p1a: Lycanroc|move: Poltergeist|Life Orb
|-damage|p1a: Lycanroc|0 fnt
|faint|p1a: Lycanroc
|
|upkeep
|
|t:|1667092200
|switch|p1a: Hitmonlee|Hitmonlee, M|100/100
|turn|18
|
|t:|1667092204
|move|p1a: Hitmonlee|Bulk Up|p1a: Hitmonlee
|-boost|p1a: Hitmonlee|atk|1
|-boost|p1a: Hitmonlee|def|1
|move|p2a: Gourgeist|Synthesis|p2a: Gourgeist
|-heal|p2a: Gourgeist|100/100
|
|upkeep
|turn|19
|
|t:|1667092207
|move|p1a: Hitmonlee|Bulk Up|p1a: Hitmonlee
|-boost|p1a: Hitmonlee|atk|1
|-boost|p1a: Hitmonlee|def|1
|move|p2a: Gourgeist|Poltergeist|p1a: Hitmonlee
|-activate|p1a: Hitmonlee|move: Poltergeist|Grassy Seed
|-damage|p1a: Hitmonlee|38/100
|
|upkeep
|turn|20
|l| togedechuChus
|c|☆Rafadude|i think i have a 30% chance to win
|
|t:|1667092224
|move|p1a: Hitmonlee|Rock Slide|p2a: Gourgeist
|-damage|p2a: Gourgeist|61/100
|cant|p2a: Gourgeist|flinch
|
|upkeep
|turn|21
|
|t:|1667092230
|move|p1a: Hitmonlee|Rock Slide|p2a: Gourgeist
|-damage|p2a: Gourgeist|27/100
|move|p2a: Gourgeist|Synthesis|p2a: Gourgeist
|-heal|p2a: Gourgeist|76/100
|
|upkeep
|turn|22
|
|t:|1667092236
|move|p1a: Hitmonlee|Rock Slide|p2a: Gourgeist
|-damage|p2a: Gourgeist|38/100
|move|p2a: Gourgeist|Synthesis|p2a: Gourgeist
|-heal|p2a: Gourgeist|88/100
|
|upkeep
|turn|23
|c| Water Hoe|You dont have knock off?
|c|☆Rafadude|!showset 5
|c| Rafadude|/raw <div class="infobox">Hitmonlee (M) @ Grassy Seed  <br />Ability: Unburden  <br />EVs: 252 Atk &#x2f; 4 SpD &#x2f; 252 Spe  <br />Adamant Nature  <br />- Poison Jab  <br />- High Jump Kick  <br />- Bulk Up  <br />- Rock Slide  <br /><br /></div>
|c|☆Rafadude|i thought since
|c| Water Hoe|Oh
|c|☆Rafadude|crunch on silval
|c|☆Rafadude|and sneasel
|inactive|Rafadude has 120 seconds left.
|c|☆Rafadude|might as well put jbab
|
|t:|1667092281
|move|p1a: Hitmonlee|Rock Slide|p2a: Gourgeist
|-damage|p2a: Gourgeist|49/100
|cant|p2a: Gourgeist|flinch
|
|upkeep
|turn|24
|c| Water Hoe|I have knock off on like 4 of my mons maybe its a fetish lol
|
|t:|1667092285
|move|p1a: Hitmonlee|Bulk Up|p1a: Hitmonlee
|-boost|p1a: Hitmonlee|atk|1
|-boost|p1a: Hitmonlee|def|1
|move|p2a: Gourgeist|Synthesis|p2a: Gourgeist
|-heal|p2a: Gourgeist|99/100
|
|upkeep
|turn|25
|
|t:|1667092288
|move|p1a: Hitmonlee|Rock Slide|p2a: Gourgeist|[miss]
|-miss|p1a: Hitmonlee|p2a: Gourgeist
|move|p2a: Gourgeist|Poltergeist|p1a: Hitmonlee
|-activate|p1a: Hitmonlee|move: Poltergeist|Grassy Seed
|-damage|p1a: Hitmonlee|0 fnt
|faint|p1a: Hitmonlee
|
|upkeep
|c|☆Rafadude|gg
|
|t:|1667092292
|switch|p1a: Thwackey|Thwackey, F|100/100
|-fieldstart|move: Grassy Terrain|[from] ability: Grassy Surge|[of] p1a: Thwackey
|turn|26
|c| DiannieRatson|Lmao
|c|☆sugar ovens|gg
|
|t:|1667092298
|move|p1a: Thwackey|Wood Hammer|p2a: Gourgeist
|-resisted|p2a: Gourgeist
|-damage|p2a: Gourgeist|69/100
|-damage|p1a: Thwackey|87/100|[from] Recoil
|-damage|p1a: Thwackey|77/100|[from] item: Life Orb
|move|p2a: Gourgeist|Poltergeist|p1a: Thwackey
|-activate|p1a: Thwackey|move: Poltergeist|Life Orb
|-damage|p1a: Thwackey|0 fnt
|faint|p1a: Thwackey
|
|win|sugar ovens
|n|☆Rafadude|rafadude
|n|☆sugar ovens|sugarovens
|n| DiannieRatson|diannieratson
|n| Water Hoe|waterhoe
|n| Gl4ss|gl4ss
