|j|☆RaxusX
|j|☆QiYu5
|t:|1664542123
|gametype|singles
|player|p1|RaxusX|170|1284
|player|p2|QiYu5|drayden|1528
|teamsize|p1|6
|teamsize|p2|6
|gen|8
|tier|[Gen 8] PU
|rated|
|rule|Sleep Clause Mod: Limit one foe put to sleep
|rule|Species Clause: Limit one of each Pokémon
|rule|OHKO Clause: OHKO moves are banned
|rule|Evasion Items Clause: Evasion items are banned
|rule|Evasion Moves Clause: Evasion moves are banned
|rule|Endless Battle Clause: Forcing endless battles is banned
|rule|HP Percentage Mod: HP is shown in percentages
|rule|Dynamax Clause: You cannot dynamax
|clearpoke
|poke|p1|Scrafty, F|
|poke|p1|Galvantula, M|
|poke|p1|Silvally-*|
|poke|p1|Charizard, M|
|poke|p1|Claydol|
|poke|p1|Thievul, M|
|poke|p2|Wishiwashi, M|
|poke|p2|Eldegoss, M|
|poke|p2|Gourgeist-*, M|
|poke|p2|Gigalith, M|
|poke|p2|Mesprit|
|poke|p2|Charizard, M|
|teampreview
|
|t:|1664542134
|start
|switch|p1a: Galvantula|Galvantula, M|100/100
|switch|p2a: 南瓜一颗5万要不要|Gourgeist, M|100/100
|-item|p1a: Galvantula|Heavy-Duty Boots|[from] ability: Frisk|[of] p2a: 南瓜一颗5万要不要|[identify]
|turn|1
|
|t:|1664542142
|move|p1a: Galvantula|Sticky Web|p2a: 南瓜一颗5万要不要
|-sidestart|p2: QiYu5|move: Sticky Web
|move|p2a: 南瓜一颗5万要不要|Poltergeist|p1a: Galvantula
|-activate|p1a: Galvantula|move: Poltergeist|Heavy-Duty Boots
|-damage|p1a: Galvantula|0 fnt
|faint|p1a: Galvantula
|-damage|p2a: 南瓜一颗5万要不要|91/100|[from] item: Life Orb
|
|upkeep
|
|t:|1664542149
|switch|p1a: Thievul|Thievul, M|100/100
|turn|2
|
|t:|1664542155
|switch|p2a: 人生就得带点绿|Eldegoss, M|100/100
|-activate|p2a: 人生就得带点绿|move: Sticky Web
|-unboost|p2a: 人生就得带点绿|spe|1
|move|p1a: Thievul|Dark Pulse|p2a: 人生就得带点绿
|-damage|p2a: 人生就得带点绿|0 fnt
|faint|p2a: 人生就得带点绿
|
|upkeep
|
|t:|1664542161
|switch|p2a: 听嘤 海哭的声音|Wishiwashi, M|100/100
|-activate|p2a: 听嘤 海哭的声音|move: Sticky Web
|-unboost|p2a: 听嘤 海哭的声音|spe|1
|-formechange|p2a: 听嘤 海哭的声音|Wishiwashi-School||[from] ability: Schooling
|turn|3
|
|t:|1664542167
|move|p1a: Thievul|Dark Pulse|p2a: 听嘤 海哭的声音
|-damage|p2a: 听嘤 海哭的声音|52/100
|move|p2a: 听嘤 海哭的声音|U-turn|p1a: Thievul
|-supereffective|p1a: Thievul
|-damage|p1a: Thievul|26/100
|
|t:|1664542173
|switch|p2a: 窗外的麻雀在电线杆上啵嘴|Charizard, M|100/100|[from]move: U-turn
|
|upkeep
|turn|4
|
|t:|1664542177
|move|p2a: 窗外的麻雀在电线杆上啵嘴|Flamethrower|p1a: Thievul
|-damage|p1a: Thievul|0 fnt
|faint|p1a: Thievul
|
|upkeep
|inactive|Battle timer is ON: inactive players will automatically lose when time's up. (requested by QiYu5)
|
|t:|1664542193
|switch|p1a: Scrafty|Scrafty, F|100/100
|turn|5
|
|t:|1664542197
|move|p2a: 窗外的麻雀在电线杆上啵嘴|Hurricane|p1a: Scrafty|[miss]
|-miss|p2a: 窗外的麻雀在电线杆上啵嘴|p1a: Scrafty
|move|p1a: Scrafty|Dragon Dance|p1a: Scrafty
|-boost|p1a: Scrafty|atk|1
|-boost|p1a: Scrafty|spe|1
|
|upkeep
|turn|6
|
|t:|1664542204
|move|p1a: Scrafty|Knock Off|p2a: 窗外的麻雀在电线杆上啵嘴
|-crit|p2a: 窗外的麻雀在电线杆上啵嘴
|-damage|p2a: 窗外的麻雀在电线杆上啵嘴|0 fnt
|-enditem|p2a: 窗外的麻雀在电线杆上啵嘴|Heavy-Duty Boots|[from] move: Knock Off|[of] p1a: Scrafty
|faint|p2a: 窗外的麻雀在电线杆上啵嘴
|-ability|p1a: Scrafty|Moxie|boost
|-boost|p1a: Scrafty|atk|1
|
|upkeep
|
|t:|1664542210
|switch|p2a: 听嘤 海哭的声音|Wishiwashi, M|52/100
|-activate|p2a: 听嘤 海哭的声音|move: Sticky Web
|-unboost|p2a: 听嘤 海哭的声音|spe|1
|-formechange|p2a: 听嘤 海哭的声音|Wishiwashi-School||[from] ability: Schooling
|turn|7
|
|t:|1664542216
|move|p1a: Scrafty|Knock Off|p2a: 听嘤 海哭的声音
|-damage|p2a: 听嘤 海哭的声音|0 fnt
|-enditem|p2a: 听嘤 海哭的声音|Leftovers|[from] move: Knock Off|[of] p1a: Scrafty
|faint|p2a: 听嘤 海哭的声音
|-ability|p1a: Scrafty|Moxie|boost
|-boost|p1a: Scrafty|atk|1
|
|upkeep
|-message|QiYu5 forfeited.
|
|win|RaxusX
|raw|RaxusX's rating: 1284 &rarr; <strong>1324</strong><br />(+40 for winning)
|raw|QiYu5's rating: 1528 &rarr; <strong>1496</strong><br />(-32 for losing)
|l|☆QiYu5
