|j|☆Jmash324
|j|☆gunna type beat
|t:|1610916920
|player|p1|Jmash324|lucas|
|player|p2|gunna type beat|lass-gen4dp|
|teamsize|p1|6
|teamsize|p2|6
|gametype|singles
|gen|8
|tier|[Gen 8] PU
|rated|Tournament battle
|clearpoke
|poke|p1|Toxicroak, F|
|poke|p1|Guzzlord|
|poke|p1|Mesprit|
|poke|p1|Sandslash-Alola, M|
|poke|p1|Lanturn, F|
|poke|p1|Talonflame, F|
|poke|p2|Archeops, F|
|poke|p2|Exeggutor-Alola, M|
|poke|p2|Vaporeon, F|
|poke|p2|Palossand, M|
|poke|p2|Passimian, F|
|poke|p2|Sandslash-Alola, M|
|rule|Sleep Clause Mod: Limit one foe put to sleep
|rule|Species Clause: Limit one of each Pokémon
|rule|OHKO Clause: OHKO moves are banned
|rule|Evasion Moves Clause: Evasion moves are banned
|rule|Endless Battle Clause: Forcing endless battles is banned
|rule|HP Percentage Mod: HP is shown in percentages
|rule|Dynamax Clause: You cannot dynamax
|teampreview
|inactive|Battle timer is ON: inactive players will automatically lose when time's up. (requested by gunna type beat)
|j| WiiShopMusic
|c|☆gunna type beat|Hf
|c|☆Jmash324|U2
|j| The4FoodQuagsires
|j| SergioRules
|j|%UberSkitty❤
|j|#Greybaum
|inactive|Jmash324 has 120 seconds left.
|inactive|gunna type beat has 120 seconds left.
|
|t:|1610916956
|start
|switch|p1a: Vacuum|Guzzlord|100/100
|switch|p2a: Passimian|Passimian, F|100/100
|turn|1
|
|t:|1610916967
|switch|p1a: smogbirb|Talonflame, F|100/100
|move|p2a: Passimian|Close Combat|p1a: smogbirb
|-resisted|p1a: smogbirb
|-damage|p1a: smogbirb|52/100
|-unboost|p2a: Passimian|def|1
|-unboost|p2a: Passimian|spd|1
|
|upkeep
|turn|2
|j| wild drud
|
|t:|1610916976
|switch|p2a: Palossand|Palossand, M|100/100
|move|p1a: smogbirb|Roost|p1a: smogbirb
|-heal|p1a: smogbirb|100/100
|-singleturn|p1a: smogbirb|move: Roost
|
|upkeep
|turn|3
|
|t:|1610916979
|switch|p1a: Vacuum|Guzzlord|100/100
|move|p2a: Palossand|Stealth Rock|p1a: Vacuum
|-sidestart|p1: Jmash324|move: Stealth Rock
|
|upkeep
|turn|4
|
|t:|1610916994
|move|p1a: Vacuum|Dark Pulse|p2a: Palossand
|-supereffective|p2a: Palossand
|-enditem|p2a: Palossand|Colbur Berry|[eat]
|-enditem|p2a: Palossand|Colbur Berry|[weaken]
|-damage|p2a: Palossand|35/100
|move|p2a: Palossand|Shore Up|p2a: Palossand
|-heal|p2a: Palossand|85/100
|
|upkeep
|turn|5
|inactive|Jmash324 has 120 seconds left.
|inactive|gunna type beat has 120 seconds left.
|
|t:|1610917035
|switch|p2a: Vaporeon|Vaporeon, F|100/100
|move|p1a: Vacuum|Dark Pulse|p2a: Vaporeon
|-damage|p2a: Vaporeon|56/100
|
|-heal|p2a: Vaporeon|62/100|[from] item: Leftovers
|upkeep
|turn|6
|inactive|Jmash324 has 120 seconds left.
|
|t:|1610917048
|move|p1a: Vacuum|Dark Pulse|p2a: Vaporeon
|-damage|p2a: Vaporeon|22/100
|move|p2a: Vaporeon|Wish|p2a: Vaporeon
|
|-heal|p2a: Vaporeon|29/100|[from] item: Leftovers
|upkeep
|turn|7
|inactive|gunna type beat has 120 seconds left.
|
|t:|1610917056
|switch|p1a: Squishy|Lanturn, F|100/100
|-damage|p1a: Squishy|88/100|[from] Stealth Rock
|move|p2a: Vaporeon|Protect||[still]
|-fail|p2a: Vaporeon
|
|-heal|p2a: Vaporeon|79/100|[from] move: Wish|[wisher] Vaporeon
|-heal|p1a: Squishy|94/100|[from] item: Leftovers
|-heal|p2a: Vaporeon|85/100|[from] item: Leftovers
|upkeep
|turn|8
|
|t:|1610917065
|move|p2a: Vaporeon|Protect|p2a: Vaporeon
|-singleturn|p2a: Vaporeon|Protect
|move|p1a: Squishy|Toxic|p2a: Vaporeon
|-activate|p2a: Vaporeon|move: Protect
|
|-heal|p1a: Squishy|100/100|[from] item: Leftovers
|-heal|p2a: Vaporeon|91/100|[from] item: Leftovers
|upkeep
|turn|9
|
|t:|1610917072
|move|p1a: Squishy|Volt Switch|p2a: Vaporeon
|-supereffective|p2a: Vaporeon
|-damage|p2a: Vaporeon|62/100
|
|t:|1610917074
|switch|p1a: Ribbit|Toxicroak, F|100/100|[from]move: Volt Switch
|-damage|p1a: Ribbit|94/100|[from] Stealth Rock
|move|p2a: Vaporeon|Wish|p2a: Vaporeon
|
|-heal|p2a: Vaporeon|68/100|[from] item: Leftovers
|upkeep
|turn|10
|
|t:|1610917082
|switch|p1a: Alolan Sanic|Sandslash-Alola, M|100/100
|-damage|p1a: Alolan Sanic|88/100|[from] Stealth Rock
|switch|p2a: Archeops|Archeops, F, shiny|100/100
|
|-heal|p1a: Alolan Sanic|94/100|[from] item: Leftovers
|upkeep
|turn|11
|j|@Jungle Fox ㋛
|inactive|Jmash324 has 120 seconds left.
|
|t:|1610917120
|move|p2a: Archeops|Earthquake|p1a: Alolan Sanic
|-supereffective|p1a: Alolan Sanic
|-damage|p1a: Alolan Sanic|19/100
|move|p1a: Alolan Sanic|Triple Axel|p2a: Archeops
|-supereffective|p2a: Archeops
|-damage|p2a: Archeops|69/100
|-supereffective|p2a: Archeops
|-damage|p2a: Archeops|8/100
|-supereffective|p2a: Archeops
|-damage|p2a: Archeops|0 fnt
|-hitcount|p2a: Archeops|3
|faint|p2a: Archeops
|
|-heal|p1a: Alolan Sanic|26/100|[from] item: Leftovers
|upkeep
|
|t:|1610917131
|switch|p2a: Passimian|Passimian, F|100/100
|turn|12
|
|t:|1610917138
|switch|p1a: smogbirb|Talonflame, F|100/100
|move|p2a: Passimian|Knock Off|p1a: smogbirb
|-damage|p1a: smogbirb|52/100
|-status|p2a: Passimian|brn|[from] ability: Flame Body|[of] p1a: smogbirb
|-enditem|p1a: smogbirb|Heavy-Duty Boots|[from] move: Knock Off|[of] p2a: Passimian
|
|-damage|p2a: Passimian|94/100 brn|[from] brn
|upkeep
|turn|13
|
|t:|1610917151
|switch|p2a: Vaporeon|Vaporeon, F|68/100
|move|p1a: smogbirb|Roost|p1a: smogbirb
|-heal|p1a: smogbirb|100/100
|-singleturn|p1a: smogbirb|move: Roost
|
|-heal|p2a: Vaporeon|75/100|[from] item: Leftovers
|upkeep
|turn|14
|
|t:|1610917157
|switch|p1a: Dreadlocks|Mesprit|100/100
|-damage|p1a: Dreadlocks|88/100|[from] Stealth Rock
|move|p2a: Vaporeon|Wish|p2a: Vaporeon
|
|-heal|p1a: Dreadlocks|94/100|[from] item: Leftovers
|-heal|p2a: Vaporeon|81/100|[from] item: Leftovers
|upkeep
|turn|15
|
|t:|1610917164
|move|p1a: Dreadlocks|Stealth Rock|p2a: Vaporeon
|-sidestart|p2: gunna type beat|move: Stealth Rock
|move|p2a: Vaporeon|Heal Bell|p2a: Vaporeon
|-activate|p2a: Vaporeon|move: Heal Bell
|-curestatus|p2: Passimian|brn|[msg]
|
|-heal|p2a: Vaporeon|100/100|[from] move: Wish|[wisher] Vaporeon
|-heal|p1a: Dreadlocks|99/100|[from] item: Leftovers
|upkeep
|turn|16
|l| wild drud
|
|t:|1610917191
|move|p1a: Dreadlocks|U-turn|p2a: Vaporeon
|-damage|p2a: Vaporeon|89/100
|
|t:|1610917194
|switch|p1a: Ribbit|Toxicroak, F|94/100|[from]move: U-turn
|-damage|p1a: Ribbit|88/100|[from] Stealth Rock
|move|p2a: Vaporeon|Wish|p2a: Vaporeon
|
|-heal|p2a: Vaporeon|95/100|[from] item: Leftovers
|upkeep
|turn|17
|
|t:|1610917199
|switch|p1a: Vacuum|Guzzlord|100/100
|-damage|p1a: Vacuum|88/100|[from] Stealth Rock
|switch|p2a: Palossand|Palossand, M|85/100
|-damage|p2a: Palossand|79/100|[from] Stealth Rock
|
|-heal|p2a: Palossand|100/100|[from] move: Wish|[wisher] Vaporeon
|upkeep
|turn|18
|
|t:|1610917209
|switch|p2a: Passimian|Passimian, F|94/100
|-damage|p2a: Passimian|88/100|[from] Stealth Rock
|move|p1a: Vacuum|Draco Meteor|p2a: Passimian
|-crit|p2a: Passimian
|-damage|p2a: Passimian|0 fnt
|-unboost|p1a: Vacuum|spa|2
|faint|p2a: Passimian
|-ability|p1a: Vacuum|Beast Boost|boost
|-boost|p1a: Vacuum|spa|1
|
|upkeep
|
|t:|1610917212
|switch|p2a: Sandslash|Sandslash-Alola, M|100/100
|turn|19
|
|t:|1610917223
|switch|p1a: Squishy|Lanturn, F|100/100
|-damage|p1a: Squishy|88/100|[from] Stealth Rock
|move|p2a: Sandslash|Toxic|p1a: Squishy
|-status|p1a: Squishy|tox
|
|-heal|p1a: Squishy|94/100 tox|[from] item: Leftovers
|-damage|p1a: Squishy|88/100 tox|[from] psn
|upkeep
|turn|20
|
|t:|1610917228
|move|p2a: Sandslash|Rapid Spin|p1a: Squishy
|-damage|p1a: Squishy|76/100 tox
|-boost|p2a: Sandslash|spe|1
|-sideend|p2: gunna type beat|Stealth Rock|[from] move: Rapid Spin|[of] p2a: Sandslash
|move|p1a: Squishy|Scald|p2a: Sandslash
|-crit|p2a: Sandslash
|-damage|p2a: Sandslash|67/100
|-status|p2a: Sandslash|brn
|
|-heal|p1a: Squishy|82/100 tox|[from] item: Leftovers
|-damage|p2a: Sandslash|60/100 brn|[from] brn
|-damage|p1a: Squishy|70/100 tox|[from] psn
|upkeep
|turn|21
|c|☆gunna type beat|Gg
|-message|gunna type beat forfeited.
|
|win|Jmash324
|n|☆Jmash324|jmash324
|n|☆gunna type beat|gunnatypebeat
|n| WiiShopMusic|wiishopmusic
|n| The4FoodQuagsires|the4foodquagsires
|n| SergioRules|sergiorules
|n| UberSkitty❤|uberskitty
|n|+Greybaum|greybaum
|n| Jungle Fox ㋛|junglefox
