|j|☆doktor smask
|j|☆PULT94D Rb
|t:|1628876775
|gametype|singles
|player|p1|doktor smask|lance|1227
|player|p2|PULT94D Rb|170|1338
|teamsize|p1|6
|teamsize|p2|6
|gen|8
|tier|[Gen 8] PU
|rated|
|rule|Sleep Clause Mod: Limit one foe put to sleep
|rule|Species Clause: Limit one of each Pokémon
|rule|OHKO Clause: OHKO moves are banned
|rule|Evasion Moves Clause: Evasion moves are banned
|rule|Endless Battle Clause: Forcing endless battles is banned
|rule|HP Percentage Mod: HP is shown in percentages
|rule|Dynamax Clause: You cannot dynamax
|clearpoke
|poke|p1|Sandaconda, F|
|poke|p1|Sandslash, M|
|poke|p1|Gigalith, M|
|poke|p1|Togedemaru, F|
|poke|p1|Palossand, F|
|poke|p1|Mawile, F|
|poke|p2|Sneasel, F|
|poke|p2|Silvally-*|
|poke|p2|Aggron, F|
|poke|p2|Tsareena, F|
|poke|p2|Wishiwashi, M|
|poke|p2|Regirock|
|teampreview
|
|t:|1628876816
|start
|switch|p1a: Gigalith|Gigalith, M|100/100
|switch|p2a: Wishiwashi|Wishiwashi, M|100/100
|-weather|Sandstorm|[from] ability: Sand Stream|[of] p1a: Gigalith
|-formechange|p2a: Wishiwashi|Wishiwashi-School||[from] ability: Schooling
|turn|1
|
|t:|1628876830
|move|p1a: Gigalith|Stealth Rock|p2a: Wishiwashi
|-sidestart|p2: PULT94D Rb|move: Stealth Rock
|move|p2a: Wishiwashi|Scald|p1a: Gigalith
|-supereffective|p1a: Gigalith
|-damage|p1a: Gigalith|47/100
|
|-weather|Sandstorm|[upkeep]
|-damage|p2a: Wishiwashi|94/100|[from] Sandstorm
|-heal|p1a: Gigalith|53/100|[from] item: Leftovers
|-heal|p2a: Wishiwashi|100/100|[from] item: Leftovers
|upkeep
|turn|2
|
|t:|1628876841
|switch|p1a: Palossand|Palossand, F|100/100
|move|p2a: Wishiwashi|Scald|p1a: Palossand
|-supereffective|p1a: Palossand
|-damage|p1a: Palossand|12/100
|-ability|p1a: Palossand|Water Compaction|boost
|-boost|p1a: Palossand|def|2
|
|-weather|Sandstorm|[upkeep]
|-damage|p2a: Wishiwashi|94/100|[from] Sandstorm
|-heal|p1a: Palossand|18/100|[from] item: Leftovers
|-heal|p2a: Wishiwashi|100/100|[from] item: Leftovers
|upkeep
|turn|3
|
|t:|1628876856
|move|p1a: Palossand|Energy Ball|p2a: Wishiwashi
|-supereffective|p2a: Wishiwashi
|-damage|p2a: Wishiwashi|59/100
|move|p2a: Wishiwashi|Scald|p1a: Palossand
|-supereffective|p1a: Palossand
|-damage|p1a: Palossand|0 fnt
|faint|p1a: Palossand
|
|-weather|Sandstorm|[upkeep]
|-damage|p2a: Wishiwashi|53/100|[from] Sandstorm
|-heal|p2a: Wishiwashi|59/100|[from] item: Leftovers
|upkeep
|
|t:|1628876875
|switch|p1a: Togedemaru|Togedemaru, F|100/100
|turn|4
|
|t:|1628876885
|switch|p2a: Aggron|Aggron, F|100/100
|-damage|p2a: Aggron|94/100|[from] Stealth Rock
|move|p1a: Togedemaru|Nuzzle|p2a: Aggron
|-damage|p2a: Aggron|90/100
|-status|p2a: Aggron|par
|
|-weather|Sandstorm|[upkeep]
|-heal|p2a: Aggron|96/100 par|[from] item: Leftovers
|upkeep
|turn|5
|
|t:|1628876896
|move|p1a: Togedemaru|U-turn|p2a: Aggron
|-resisted|p2a: Aggron
|-damage|p2a: Aggron|91/100 par
|
|t:|1628876901
|switch|p1a: Sandaconda|Sandaconda, F|100/100|[from]move: U-turn
|move|p2a: Aggron|Stealth Rock|p1a: Sandaconda
|-sidestart|p1: doktor smask|move: Stealth Rock
|
|-weather|none
|-heal|p2a: Aggron|97/100 par|[from] item: Leftovers
|upkeep
|turn|6
|
|t:|1628876934
|switch|p2a: Tsareena|Tsareena, F|100/100
|move|p1a: Sandaconda|Earthquake|p2a: Tsareena
|-resisted|p2a: Tsareena
|-damage|p2a: Tsareena|78/100
|
|upkeep
|turn|7
|
|t:|1628876945
|move|p2a: Tsareena|Rapid Spin|p1a: Sandaconda
|-damage|p1a: Sandaconda|89/100
|-boost|p2a: Tsareena|spe|1
|-sideend|p2: PULT94D Rb|Stealth Rock|[from] move: Rapid Spin|[of] p2a: Tsareena
|move|p1a: Sandaconda|Coil|p1a: Sandaconda
|-boost|p1a: Sandaconda|atk|1
|-boost|p1a: Sandaconda|def|1
|-boost|p1a: Sandaconda|accuracy|1
|
|-heal|p1a: Sandaconda|95/100|[from] item: Leftovers
|upkeep
|turn|8
|
|t:|1628876955
|move|p2a: Tsareena|Power Whip|p1a: Sandaconda
|-supereffective|p1a: Sandaconda
|-damage|p1a: Sandaconda|41/100
|move|p1a: Sandaconda|Coil|p1a: Sandaconda
|-boost|p1a: Sandaconda|atk|1
|-boost|p1a: Sandaconda|def|1
|-boost|p1a: Sandaconda|accuracy|1
|
|-heal|p1a: Sandaconda|47/100|[from] item: Leftovers
|upkeep
|turn|9
|
|t:|1628876965
|move|p2a: Tsareena|U-turn|p1a: Sandaconda
|-damage|p1a: Sandaconda|39/100
|
|t:|1628876966
|switch|p2a: Wishiwashi|Wishiwashi, M|59/100|[from]move: U-turn
|-formechange|p2a: Wishiwashi|Wishiwashi-School||[from] ability: Schooling
|move|p1a: Sandaconda|Rest|p1a: Sandaconda
|-status|p1a: Sandaconda|slp|[from] move: Rest
|-heal|p1a: Sandaconda|100/100 slp|[silent]
|
|-activate|p1a: Sandaconda|ability: Shed Skin
|-curestatus|p1a: Sandaconda|slp|[msg]
|-heal|p2a: Wishiwashi|65/100|[from] item: Leftovers
|upkeep
|turn|10
|
|t:|1628876986
|move|p1a: Sandaconda|Earthquake|p2a: Wishiwashi
|-damage|p2a: Wishiwashi|0 fnt
|faint|p2a: Wishiwashi
|
|upkeep
|
|t:|1628876991
|switch|p2a: Sneasel|Sneasel, F|100/100
|turn|11
|
|t:|1628876997
|move|p1a: Sandaconda|Stone Edge|p2a: Sneasel
|-supereffective|p2a: Sneasel
|-damage|p2a: Sneasel|0 fnt
|faint|p2a: Sneasel
|
|upkeep
|c|☆PULT94D Rb|risky
|
|t:|1628877003
|switch|p2a: Tsareena|Tsareena, F|78/100
|turn|12
|
|t:|1628877013
|move|p2a: Tsareena|Power Whip|p1a: Sandaconda|[miss]
|-miss|p2a: Tsareena|p1a: Sandaconda
|move|p1a: Sandaconda|Stone Edge|p2a: Tsareena
|-crit|p2a: Tsareena
|-damage|p2a: Tsareena|0 fnt
|faint|p2a: Tsareena
|
|upkeep
|-message|PULT94D Rb forfeited.
|
|win|doktor smask
|raw|doktor smask's rating: 1227 &rarr; <strong>1260</strong><br />(+33 for winning)
|raw|PULT94D Rb's rating: 1338 &rarr; <strong>1312</strong><br />(-26 for losing)
|l|☆PULT94D Rb
||Ladder isn't responding, score probably updated but might not have (Request timeout).
