|j|☆acluh1
|j|☆cafay sen sukr
|t:|1644592259
|gametype|singles
|player|p1|acluh1|102|1537
|player|p2|cafay sen sukr|swimmer-gen4dp|1625
|teamsize|p1|6
|teamsize|p2|6
|gen|8
|tier|[Gen 8] PU
|rated|
|rule|Sleep Clause Mod: Limit one foe put to sleep
|rule|Species Clause: Limit one of each Pokémon
|rule|OHKO Clause: OHKO moves are banned
|rule|Evasion Moves Clause: Evasion moves are banned
|rule|Endless Battle Clause: Forcing endless battles is banned
|rule|HP Percentage Mod: HP is shown in percentages
|rule|Dynamax Clause: You cannot dynamax
|clearpoke
|poke|p1|Glastrier|
|poke|p1|Articuno-Galar|
|poke|p1|Espeon, M|
|poke|p1|Charizard, F|
|poke|p1|Quagsire, F|
|poke|p1|Gigalith, F|
|poke|p2|Sneasel, F|
|poke|p2|Lanturn, M|
|poke|p2|Weezing, M|
|poke|p2|Aggron, M|
|poke|p2|Whimsicott, M|
|poke|p2|Espeon, M|
|teampreview
|inactive|Battle timer is ON: inactive players will automatically lose when time's up. (requested by acluh1)
|
|t:|1644592281
|start
|switch|p1a: Glastrier|Glastrier|100/100
|switch|p2a: Lanturn|Lanturn, M|100/100
|turn|1
|
|t:|1644592289
|move|p2a: Lanturn|Volt Switch|p1a: Glastrier
|-damage|p1a: Glastrier|80/100
|
|t:|1644592291
|switch|p2a: Weezing|Weezing, M|100/100|[from]move: Volt Switch
|-ability|p2a: Weezing|Neutralizing Gas
|move|p1a: Glastrier|High Horsepower|p2a: Weezing
|-supereffective|p2a: Weezing
|-damage|p2a: Weezing|24/100
|-damage|p1a: Glastrier|64/100|[from] item: Rocky Helmet|[of] p2a: Weezing
|
|upkeep
|turn|2
|
|t:|1644592298
|move|p2a: Weezing|Pain Split|p1a: Glastrier
|-sethp|p1a: Glastrier|42/100|[from] move: Pain Split|[silent]
|-sethp|p2a: Weezing|50/100|[from] move: Pain Split
|move|p1a: Glastrier|High Horsepower|p2a: Weezing
|-supereffective|p2a: Weezing
|-damage|p2a: Weezing|0 fnt
|-damage|p1a: Glastrier|25/100|[from] item: Rocky Helmet|[of] p2a: Weezing
|faint|p2a: Weezing
|-end|p2a: Weezing|ability: Neutralizing Gas
|-ability|p1a: Glastrier|Chilling Neigh|boost
|-boost|p1a: Glastrier|atk|1
|
|upkeep
|
|t:|1644592309
|switch|p2a: Sneasel|Sneasel, F|100/100
|turn|3
|
|t:|1644592311
|move|p2a: Sneasel|Knock Off|p1a: Glastrier
|-damage|p1a: Glastrier|0 fnt
|-enditem|p1a: Glastrier|Choice Band|[from] move: Knock Off|[of] p2a: Sneasel
|faint|p1a: Glastrier
|
|upkeep
|
|t:|1644592325
|switch|p1a: Quagsire|Quagsire, F|100/100
|turn|4
|
|t:|1644592331
|switch|p2a: Whimsicott|Whimsicott, M|100/100
|move|p1a: Quagsire|Earthquake|p2a: Whimsicott
|-resisted|p2a: Whimsicott
|-damage|p2a: Whimsicott|76/100
|
|upkeep
|turn|5
|
|t:|1644592340
|switch|p2a: Lanturn|Lanturn, M|100/100
|switch|p1a: Articuno|Articuno-Galar|100/100
|
|upkeep
|turn|6
|
|t:|1644592349
|move|p1a: Articuno|U-turn|p2a: Lanturn
|-damage|p2a: Lanturn|84/100
|
|t:|1644592351
|switch|p1a: Quagsire|Quagsire, F|100/100|[from]move: U-turn
|move|p2a: Lanturn|Volt Switch|p1a: Quagsire
|-immune|p1a: Quagsire
|
|-heal|p2a: Lanturn|91/100|[from] item: Leftovers
|upkeep
|turn|7
|
|t:|1644592358
|switch|p2a: Whimsicott|Whimsicott, M|76/100
|move|p1a: Quagsire|Earthquake|p2a: Whimsicott
|-resisted|p2a: Whimsicott
|-damage|p2a: Whimsicott|52/100
|
|upkeep
|turn|8
|
|t:|1644592361
|switch|p1a: Gigalith|Gigalith, F, shiny|100/100
|-weather|Sandstorm|[from] ability: Sand Stream|[of] p1a: Gigalith
|move|p2a: Whimsicott|Moonblast|p1a: Gigalith
|-damage|p1a: Gigalith|72/100
|
|-weather|Sandstorm|[upkeep]
|-damage|p2a: Whimsicott|46/100|[from] Sandstorm
|-heal|p1a: Gigalith|78/100|[from] item: Leftovers
|upkeep
|turn|9
|
|t:|1644592366
|switch|p2a: Espeon|Espeon, M|100/100
|move|p1a: Gigalith|Earthquake|p2a: Espeon
|-damage|p2a: Espeon|58/100
|
|-weather|Sandstorm|[upkeep]
|-damage|p2a: Espeon|52/100|[from] Sandstorm
|-heal|p1a: Gigalith|84/100|[from] item: Leftovers
|upkeep
|turn|10
|j| 47474747474O
|
|t:|1644592370
|move|p2a: Espeon|Psyshock|p1a: Gigalith
|-damage|p1a: Gigalith|35/100
|move|p1a: Gigalith|Stone Edge|p2a: Espeon
|-damage|p2a: Espeon|0 fnt
|faint|p2a: Espeon
|
|-weather|Sandstorm|[upkeep]
|-heal|p1a: Gigalith|42/100|[from] item: Leftovers
|upkeep
|
|t:|1644592379
|switch|p2a: Whimsicott|Whimsicott, M|46/100
|turn|11
|
|t:|1644592381
|move|p2a: Whimsicott|Giga Drain|p1a: Gigalith
|-supereffective|p1a: Gigalith
|-damage|p1a: Gigalith|0 fnt
|-heal|p2a: Whimsicott|76/100|[from] drain|[of] p1a: Gigalith
|faint|p1a: Gigalith
|
|-weather|Sandstorm|[upkeep]
|-damage|p2a: Whimsicott|70/100|[from] Sandstorm
|upkeep
|
|t:|1644592384
|switch|p1a: Charizard|Charizard, F, shiny|100/100
|turn|12
|
|t:|1644592388
|switch|p2a: Lanturn|Lanturn, M|91/100
|move|p1a: Charizard|Scorching Sands|p2a: Lanturn
|-supereffective|p2a: Lanturn
|-damage|p2a: Lanturn|62/100
|
|-weather|none
|-heal|p2a: Lanturn|68/100|[from] item: Leftovers
|upkeep
|turn|13
|
|t:|1644592399
|switch|p1a: Espeon|Espeon, M|100/100
|move|p2a: Lanturn|Scald|p1a: Espeon
|-damage|p1a: Espeon|64/100
|
|-heal|p2a: Lanturn|74/100|[from] item: Leftovers
|upkeep
|turn|14
|
|t:|1644592401
|switch|p2a: Aggron|Aggron, M|100/100
|move|p1a: Espeon|Calm Mind|p1a: Espeon
|-boost|p1a: Espeon|spa|1
|-boost|p1a: Espeon|spd|1
|
|upkeep
|turn|15
|
|t:|1644592407
|move|p1a: Espeon|Shadow Ball|p2a: Aggron
|-damage|p2a: Aggron|59/100
|move|p2a: Aggron|Head Smash|p1a: Espeon
|-damage|p1a: Espeon|0 fnt
|faint|p1a: Espeon
|
|-heal|p2a: Aggron|65/100|[from] item: Leftovers
|upkeep
|
|t:|1644592414
|switch|p1a: Charizard|Charizard, F, shiny|100/100
|turn|16
|
|t:|1644592417
|move|p2a: Aggron|Protect|p2a: Aggron
|-singleturn|p2a: Aggron|Protect
|move|p1a: Charizard|Scorching Sands|p2a: Aggron
|-activate|p2a: Aggron|move: Protect
|
|-heal|p2a: Aggron|71/100|[from] item: Leftovers
|upkeep
|turn|17
|
|t:|1644592426
|switch|p2a: Lanturn|Lanturn, M|74/100
|move|p1a: Charizard|Scorching Sands|p2a: Lanturn
|-supereffective|p2a: Lanturn
|-damage|p2a: Lanturn|42/100
|
|-heal|p2a: Lanturn|48/100|[from] item: Leftovers
|upkeep
|turn|18
|
|t:|1644592431
|move|p1a: Charizard|Scorching Sands|p2a: Lanturn
|-supereffective|p2a: Lanturn
|-damage|p2a: Lanturn|15/100
|move|p2a: Lanturn|Toxic|p1a: Charizard
|-status|p1a: Charizard|tox
|
|-heal|p2a: Lanturn|21/100|[from] item: Leftovers
|-damage|p1a: Charizard|94/100 tox|[from] psn
|upkeep
|turn|19
|
|t:|1644592438
|move|p1a: Charizard|Scorching Sands|p2a: Lanturn
|-supereffective|p2a: Lanturn
|-damage|p2a: Lanturn|0 fnt
|faint|p2a: Lanturn
|
|-damage|p1a: Charizard|82/100 tox|[from] psn
|upkeep
|
|t:|1644592451
|switch|p2a: Sneasel|Sneasel, F|100/100
|turn|20
|
|t:|1644592455
|move|p2a: Sneasel|Knock Off|p1a: Charizard
|-damage|p1a: Charizard|21/100 tox
|-enditem|p1a: Charizard|Heavy-Duty Boots|[from] move: Knock Off|[of] p2a: Sneasel
|move|p1a: Charizard|Fire Blast|p2a: Sneasel
|-supereffective|p2a: Sneasel
|-damage|p2a: Sneasel|0 fnt
|faint|p2a: Sneasel
|
|-damage|p1a: Charizard|3/100 tox|[from] psn
|upkeep
|
|t:|1644592458
|switch|p2a: Whimsicott|Whimsicott, M|70/100
|turn|21
|
|t:|1644592464
|move|p2a: Whimsicott|Moonblast|p1a: Charizard
|-resisted|p1a: Charizard
|-damage|p1a: Charizard|0 fnt
|faint|p1a: Charizard
|
|upkeep
|
|t:|1644592472
|switch|p1a: Articuno|Articuno-Galar|100/100
|turn|22
|
|t:|1644592478
|switch|p2a: Aggron|Aggron, M|71/100
|move|p1a: Articuno|Air Slash|p2a: Aggron
|-resisted|p2a: Aggron
|-damage|p2a: Aggron|60/100
|
|-heal|p2a: Aggron|66/100|[from] item: Leftovers
|upkeep
|turn|23
|
|t:|1644592484
|switch|p1a: Quagsire|Quagsire, F|100/100
|move|p2a: Aggron|Toxic|p1a: Quagsire
|-status|p1a: Quagsire|tox
|
|-heal|p2a: Aggron|73/100|[from] item: Leftovers
|-damage|p1a: Quagsire|94/100 tox|[from] psn
|upkeep
|turn|24
|
|t:|1644592488
|switch|p1a: Articuno|Articuno-Galar|100/100
|move|p2a: Aggron|Protect||[still]
|-fail|p2a: Aggron
|
|-heal|p2a: Aggron|79/100|[from] item: Leftovers
|upkeep
|turn|25
|
|t:|1644592498
|switch|p1a: Quagsire|Quagsire, F|94/100 tox
|move|p2a: Aggron|Head Smash|p1a: Quagsire
|-resisted|p1a: Quagsire
|-damage|p1a: Quagsire|74/100 tox
|
|-heal|p2a: Aggron|85/100|[from] item: Leftovers
|-heal|p1a: Quagsire|80/100 tox|[from] item: Leftovers
|-damage|p1a: Quagsire|74/100 tox|[from] psn
|upkeep
|turn|26
|
|t:|1644592508
|move|p2a: Aggron|Protect|p2a: Aggron
|-singleturn|p2a: Aggron|Protect
|move|p1a: Quagsire|Earthquake|p2a: Aggron
|-activate|p2a: Aggron|move: Protect
|
|-heal|p2a: Aggron|91/100|[from] item: Leftovers
|-heal|p1a: Quagsire|80/100 tox|[from] item: Leftovers
|-damage|p1a: Quagsire|68/100 tox|[from] psn
|upkeep
|turn|27
|
|t:|1644592517
|switch|p2a: Whimsicott|Whimsicott, M|70/100
|move|p1a: Quagsire|Earthquake|p2a: Whimsicott
|-resisted|p2a: Whimsicott
|-damage|p2a: Whimsicott|47/100
|
|-heal|p1a: Quagsire|74/100 tox|[from] item: Leftovers
|-damage|p1a: Quagsire|56/100 tox|[from] psn
|upkeep
|turn|28
|
|t:|1644592523
|switch|p1a: Articuno|Articuno-Galar|100/100
|move|p2a: Whimsicott|Moonblast|p1a: Articuno
|-damage|p1a: Articuno|47/100
|-unboost|p1a: Articuno|spa|1
|-ability|p1a: Articuno|Competitive
|-boost|p1a: Articuno|spa|2
|
|upkeep
|turn|29
|
|t:|1644592530
|switch|p2a: Aggron|Aggron, M|91/100
|move|p1a: Articuno|Shadow Ball|p2a: Aggron
|-damage|p2a: Aggron|48/100
|-unboost|p2a: Aggron|spd|1
|
|-heal|p2a: Aggron|54/100|[from] item: Leftovers
|upkeep
|turn|30
|
|t:|1644592537
|move|p2a: Aggron|Protect|p2a: Aggron
|-singleturn|p2a: Aggron|Protect
|move|p1a: Articuno|Shadow Ball|p2a: Aggron
|-activate|p2a: Aggron|move: Protect
|
|-heal|p2a: Aggron|60/100|[from] item: Leftovers
|upkeep
|turn|31
|c|☆cafay sen sukr|lol good one
|
|t:|1644592548
|move|p1a: Articuno|Shadow Ball|p2a: Aggron
|-damage|p2a: Aggron|0 fnt
|faint|p2a: Aggron
|
|upkeep
|
|t:|1644592549
|switch|p2a: Whimsicott|Whimsicott, M|47/100
|turn|32
|
|t:|1644592552
|move|p1a: Articuno|Shadow Ball|p2a: Whimsicott
|-crit|p2a: Whimsicott
|-damage|p2a: Whimsicott|0 fnt
|faint|p2a: Whimsicott
|
|win|acluh1
|raw|acluh1's rating: 1537 &rarr; <strong>1562</strong><br />(+25 for winning)
|raw|cafay sen sukr's rating: 1625 &rarr; <strong>1600</strong><br />(-25 for losing)
|l|☆cafay sen sukr
|l| 47474747474O
||Ladder isn't responding, score probably updated but might not have (Request timeout).
|j|☆cafay sen sukr
|player|p2|cafay sen sukr|swimmer-gen4dp
|l|☆cafay sen sukr
|player|p2|
