|j|☆sugar ovens
|j|☆Lady Writer ☾
|inactive|Battle timer is ON: inactive players will automatically lose when time's up.
|t:|1665260878
|gametype|singles
|player|p1|sugar ovens|twins|
|player|p2|Lady Writer ☾|furisodegirl-black|
|teamsize|p1|6
|teamsize|p2|6
|gen|8
|tier|[Gen 8] PU
|rated|Tournament battle
|rule|Sleep Clause Mod: Limit one foe put to sleep
|rule|Species Clause: Limit one of each Pokémon
|rule|OHKO Clause: OHKO moves are banned
|rule|Evasion Items Clause: Evasion items are banned
|rule|Evasion Moves Clause: Evasion moves are banned
|rule|Endless Battle Clause: Forcing endless battles is banned
|rule|HP Percentage Mod: HP is shown in percentages
|rule|Dynamax Clause: You cannot dynamax
|clearpoke
|poke|p1|Charizard, F|
|poke|p1|Scrafty, F|
|poke|p1|Gigalith, M|
|poke|p1|Weezing, F|
|poke|p1|Eldegoss, F|
|poke|p1|Poliwrath, M|
|poke|p2|Lycanroc, F|
|poke|p2|Gigalith, M|
|poke|p2|Weezing, F|
|poke|p2|Sandslash, F|
|poke|p2|Doublade, M|
|poke|p2|Eldegoss, M|
|teampreview
|j|*Lady Monita ☽
|j| BB-8-NU
|inactive|Lady Writer ☾ also wants the timer to be on.
|j| ACrumbOfSerotonin
|j| Primalhitmonlee
|j| ihavebestsandteam
|j| steamy beef
|l| ihavebestsandteam
|inactive|sugar ovens has 120 seconds left.
|
|t:|1665260912
|start
|switch|p1a: Scrafty|Scrafty, F|100/100
|switch|p2a: Weezing|Weezing, F|100/100
|-ability|p2a: Weezing|Neutralizing Gas
|turn|1
|
|t:|1665260920
|move|p1a: Scrafty|Bulk Up|p1a: Scrafty
|-boost|p1a: Scrafty|atk|1
|-boost|p1a: Scrafty|def|1
|move|p2a: Weezing|Will-O-Wisp|p1a: Scrafty
|-status|p1a: Scrafty|brn
|
|-damage|p1a: Scrafty|95/100 brn|[from] brn
|upkeep
|turn|2
|
|t:|1665260925
|move|p1a: Scrafty|Bulk Up|p1a: Scrafty
|-boost|p1a: Scrafty|atk|1
|-boost|p1a: Scrafty|def|1
|move|p2a: Weezing|Clear Smog|p1a: Scrafty
|-damage|p1a: Scrafty|84/100 brn
|-clearboost|p1a: Scrafty
|
|-heal|p1a: Scrafty|90/100 brn|[from] item: Leftovers
|-damage|p1a: Scrafty|84/100 brn|[from] brn
|upkeep
|turn|3
|
|t:|1665260928
|move|p1a: Scrafty|Knock Off|p2a: Weezing
|-crit|p2a: Weezing
|-damage|p2a: Weezing|85/100
|-enditem|p2a: Weezing|Sitrus Berry|[from] move: Knock Off|[of] p1a: Scrafty
|move|p2a: Weezing|Toxic Spikes|p1a: Scrafty
|-sidestart|p1: sugar ovens|move: Toxic Spikes
|
|-heal|p1a: Scrafty|90/100 brn|[from] item: Leftovers
|-damage|p1a: Scrafty|84/100 brn|[from] brn
|upkeep
|turn|4
|
|t:|1665260932
|switch|p1a: Weezing|Weezing, F|100/100
|-sideend|p1: sugar ovens|move: Toxic Spikes|[of] p1a: Weezing
|move|p2a: Weezing|Sludge Bomb|p1a: Weezing
|-resisted|p1a: Weezing
|-damage|p1a: Weezing|82/100
|
|-heal|p1a: Weezing|88/100|[from] item: Black Sludge
|upkeep
|turn|5
|
|t:|1665260935
|move|p1a: Weezing|Toxic Spikes|p2a: Weezing
|-sidestart|p2: Lady Writer ☾|move: Toxic Spikes
|move|p2a: Weezing|Toxic Spikes|p1a: Weezing
|-sidestart|p1: sugar ovens|move: Toxic Spikes
|
|-heal|p1a: Weezing|94/100|[from] item: Black Sludge
|upkeep
|turn|6
|j| VER$ACE BANDO
|
|t:|1665260942
|switch|p1a: Charizard|Charizard, F|100/100
|move|p2a: Weezing|Will-O-Wisp|p1a: Charizard
|-immune|p1a: Charizard
|
|upkeep
|turn|7
|j| arnavgupta
|
|t:|1665260950
|-end|p2a: Weezing|ability: Neutralizing Gas
|switch|p2a: Gigalith|Gigalith, M|100/100
|-status|p2a: Gigalith|psn
|-weather|Sandstorm|[from] ability: Sand Stream|[of] p2a: Gigalith
|move|p1a: Charizard|Flamethrower|p2a: Gigalith
|-resisted|p2a: Gigalith
|-damage|p2a: Gigalith|89/100 psn
|
|-weather|Sandstorm|[upkeep]
|-damage|p1a: Charizard|94/100|[from] Sandstorm
|-damage|p2a: Gigalith|77/100 psn|[from] psn
|upkeep
|turn|8
|
|t:|1665260960
|switch|p1a: Eldegoss|Eldegoss, F|100/100
|switch|p2a: Eldegoss|Eldegoss, M|100/100
|
|-weather|Sandstorm|[upkeep]
|-damage|p1a: Eldegoss|94/100|[from] Sandstorm
|-damage|p2a: Eldegoss|94/100|[from] Sandstorm
|upkeep
|turn|9
|
|t:|1665260968
|move|p1a: Eldegoss|Rapid Spin|p2a: Eldegoss
|-damage|p2a: Eldegoss|89/100
|-boost|p1a: Eldegoss|spe|1
|-sideend|p1: sugar ovens|Toxic Spikes|[from] move: Rapid Spin|[of] p1a: Eldegoss
|move|p2a: Eldegoss|Rapid Spin|p1a: Eldegoss
|-damage|p1a: Eldegoss|89/100
|-boost|p2a: Eldegoss|spe|1
|-sideend|p2: Lady Writer ☾|Toxic Spikes|[from] move: Rapid Spin|[of] p2a: Eldegoss
|
|-weather|Sandstorm|[upkeep]
|-damage|p1a: Eldegoss|83/100|[from] Sandstorm
|-damage|p2a: Eldegoss|83/100|[from] Sandstorm
|upkeep
|turn|10
|
|t:|1665260978
|switch|p1a: Scrafty|Scrafty, F|84/100 brn
|switch|p2a: Weezing|Weezing, F|85/100
|-ability|p2a: Weezing|Neutralizing Gas
|
|-weather|Sandstorm|[upkeep]
|-damage|p1a: Scrafty|78/100 brn|[from] Sandstorm
|-damage|p2a: Weezing|79/100|[from] Sandstorm
|-heal|p1a: Scrafty|84/100 brn|[from] item: Leftovers
|-damage|p1a: Scrafty|78/100 brn|[from] brn
|upkeep
|turn|11
|
|t:|1665260989
|switch|p1a: Charizard|Charizard, F|94/100
|move|p2a: Weezing|Sludge Bomb|p1a: Charizard
|-damage|p1a: Charizard|58/100
|
|-weather|Sandstorm|[upkeep]
|-damage|p1a: Charizard|52/100|[from] Sandstorm
|-damage|p2a: Weezing|73/100|[from] Sandstorm
|upkeep
|turn|12
|
|t:|1665261001
|move|p1a: Charizard|Flamethrower|p2a: Weezing
|-damage|p2a: Weezing|13/100
|move|p2a: Weezing|Sludge Bomb|p1a: Charizard
|-damage|p1a: Charizard|18/100
|
|-weather|Sandstorm|[upkeep]
|-damage|p1a: Charizard|12/100|[from] Sandstorm
|-damage|p2a: Weezing|7/100|[from] Sandstorm
|upkeep
|turn|13
|
|t:|1665261006
|move|p1a: Charizard|Roost|p1a: Charizard
|-heal|p1a: Charizard|62/100
|-singleturn|p1a: Charizard|move: Roost
|move|p2a: Weezing|Sludge Bomb|p1a: Charizard
|-damage|p1a: Charizard|29/100
|
|-weather|Sandstorm|[upkeep]
|-damage|p1a: Charizard|23/100|[from] Sandstorm
|-damage|p2a: Weezing|1/100|[from] Sandstorm
|upkeep
|turn|14
|
|t:|1665261010
|move|p1a: Charizard|Roost|p1a: Charizard
|-heal|p1a: Charizard|73/100
|-singleturn|p1a: Charizard|move: Roost
|move|p2a: Weezing|Sludge Bomb|p1a: Charizard
|-damage|p1a: Charizard|40/100
|-status|p1a: Charizard|psn
|
|-weather|none
|-damage|p1a: Charizard|27/100 psn|[from] psn
|upkeep
|turn|15
|
|t:|1665261013
|-end|p2a: Weezing|ability: Neutralizing Gas
|switch|p2a: Gigalith|Gigalith, M|77/100 psn
|-weather|Sandstorm|[from] ability: Sand Stream|[of] p2a: Gigalith
|move|p1a: Charizard|Roost|p1a: Charizard
|-heal|p1a: Charizard|78/100 psn
|-singleturn|p1a: Charizard|move: Roost
|
|-weather|Sandstorm|[upkeep]
|-damage|p1a: Charizard|72/100 psn|[from] Sandstorm
|-damage|p1a: Charizard|59/100 psn|[from] psn
|-damage|p2a: Gigalith|65/100 psn|[from] psn
|upkeep
|turn|16
|
|t:|1665261021
|switch|p1a: Eldegoss|Eldegoss, F|100/100
|move|p2a: Gigalith|Stealth Rock|p1a: Eldegoss
|-sidestart|p1: sugar ovens|move: Stealth Rock
|
|-weather|Sandstorm|[upkeep]
|-damage|p1a: Eldegoss|94/100|[from] Sandstorm
|-damage|p2a: Gigalith|52/100 psn|[from] psn
|upkeep
|turn|17
|
|t:|1665261025
|switch|p2a: Doublade|Doublade, M|100/100
|move|p1a: Eldegoss|Aromatherapy|p1a: Eldegoss
|-activate|p1a: Eldegoss|move: Aromatherapy
|-curestatus|p1: Charizard|psn|[msg]
|-curestatus|p1: Scrafty|brn|[msg]
|
|-weather|Sandstorm|[upkeep]
|-damage|p1a: Eldegoss|88/100|[from] Sandstorm
|upkeep
|turn|18
|j| Sparklingion
|
|t:|1665261029
|move|p1a: Eldegoss|Sleep Powder|p2a: Doublade
|-status|p2a: Doublade|slp|[from] move: Sleep Powder
|cant|p2a: Doublade|slp
|
|-weather|Sandstorm|[upkeep]
|-damage|p1a: Eldegoss|82/100|[from] Sandstorm
|upkeep
|turn|19
|j| Aftx
|l| Sparklingion
|
|t:|1665261036
|switch|p1a: Charizard|Charizard, F|59/100
|cant|p2a: Doublade|slp
|
|-weather|Sandstorm|[upkeep]
|-damage|p1a: Charizard|53/100|[from] Sandstorm
|upkeep
|turn|20
|j| spacevorp
|j| WhasssWrong?
|
|t:|1665261044
|switch|p2a: Lycanroc|Lycanroc, F|100/100
|move|p1a: Charizard|Roost|p1a: Charizard
|-heal|p1a: Charizard|100/100
|-singleturn|p1a: Charizard|move: Roost
|
|-weather|Sandstorm|[upkeep]
|-damage|p1a: Charizard|94/100|[from] Sandstorm
|upkeep
|turn|21
|
|t:|1665261051
|switch|p1a: Poliwrath|Poliwrath, M|100/100
|-damage|p1a: Poliwrath|94/100|[from] Stealth Rock
|move|p2a: Lycanroc|Stone Edge|p1a: Poliwrath|[miss]
|-miss|p2a: Lycanroc|p1a: Poliwrath
|
|-weather|Sandstorm|[upkeep]
|-damage|p1a: Poliwrath|88/100|[from] Sandstorm
|upkeep
|turn|22
|
|t:|1665261059
|switch|p2a: Weezing|Weezing, F|1/100
|-ability|p2a: Weezing|Neutralizing Gas
|move|p1a: Poliwrath|Liquidation|p2a: Weezing
|-damage|p2a: Weezing|0 fnt
|faint|p2a: Weezing
|-end|p2a: Weezing|ability: Neutralizing Gas
|
|-weather|none
|upkeep
|
|t:|1665261062
|switch|p2a: Eldegoss|Eldegoss, M|100/100
|turn|23
|
|t:|1665261071
|switch|p1a: Weezing|Weezing, F|94/100
|-damage|p1a: Weezing|81/100|[from] Stealth Rock
|move|p2a: Eldegoss|Giga Drain|p1a: Weezing
|-resisted|p1a: Weezing
|-damage|p1a: Weezing|67/100
|
|-heal|p1a: Weezing|73/100|[from] item: Black Sludge
|upkeep
|turn|24
|
|t:|1665261075
|switch|p2a: Gigalith|Gigalith, M|52/100 psn
|-weather|Sandstorm|[from] ability: Sand Stream|[of] p2a: Gigalith
|move|p1a: Weezing|Toxic Spikes|p2a: Gigalith
|-sidestart|p2: Lady Writer ☾|move: Toxic Spikes
|
|-weather|Sandstorm|[upkeep]
|-damage|p1a: Weezing|67/100|[from] Sandstorm
|-heal|p1a: Weezing|73/100|[from] item: Black Sludge
|-damage|p2a: Gigalith|40/100 psn|[from] psn
|upkeep
|turn|25
|
|t:|1665261083
|switch|p1a: Scrafty|Scrafty, F|78/100
|-damage|p1a: Scrafty|72/100|[from] Stealth Rock
|move|p2a: Gigalith|Rock Blast|p1a: Scrafty
|-resisted|p1a: Scrafty
|-damage|p1a: Scrafty|67/100
|-resisted|p1a: Scrafty
|-damage|p1a: Scrafty|62/100
|-resisted|p1a: Scrafty
|-damage|p1a: Scrafty|56/100
|-resisted|p1a: Scrafty
|-damage|p1a: Scrafty|50/100
|-resisted|p1a: Scrafty
|-damage|p1a: Scrafty|45/100
|-hitcount|p1a: Scrafty|5
|
|-weather|Sandstorm|[upkeep]
|-damage|p1a: Scrafty|39/100|[from] Sandstorm
|-heal|p1a: Scrafty|45/100|[from] item: Leftovers
|-damage|p2a: Gigalith|28/100 psn|[from] psn
|upkeep
|turn|26
|
|t:|1665261089
|switch|p2a: Eldegoss|Eldegoss, M|100/100
|move|p1a: Scrafty|Drain Punch|p2a: Eldegoss
|-damage|p2a: Eldegoss|80/100
|-heal|p1a: Scrafty|55/100|[from] drain|[of] p2a: Eldegoss
|
|-weather|Sandstorm|[upkeep]
|-damage|p1a: Scrafty|49/100|[from] Sandstorm
|-damage|p2a: Eldegoss|74/100|[from] Sandstorm
|-heal|p1a: Scrafty|55/100|[from] item: Leftovers
|upkeep
|turn|27
|
|t:|1665261094
|move|p1a: Scrafty|Knock Off|p2a: Eldegoss
|-damage|p2a: Eldegoss|50/100
|-enditem|p2a: Eldegoss|Heavy-Duty Boots|[from] move: Knock Off|[of] p1a: Scrafty
|move|p2a: Eldegoss|Rapid Spin|p1a: Scrafty
|-damage|p1a: Scrafty|49/100
|-boost|p2a: Eldegoss|spe|1
|-sideend|p2: Lady Writer ☾|Toxic Spikes|[from] move: Rapid Spin|[of] p2a: Eldegoss
|
|-weather|Sandstorm|[upkeep]
|-damage|p2a: Eldegoss|43/100|[from] Sandstorm
|-damage|p1a: Scrafty|43/100|[from] Sandstorm
|-heal|p1a: Scrafty|49/100|[from] item: Leftovers
|upkeep
|turn|28
|l| WhasssWrong?
|
|t:|1665261099
|move|p2a: Eldegoss|Giga Drain|p1a: Scrafty
|-damage|p1a: Scrafty|35/100
|-heal|p2a: Eldegoss|51/100|[from] drain|[of] p1a: Scrafty
|move|p1a: Scrafty|Drain Punch|p2a: Eldegoss
|-damage|p2a: Eldegoss|31/100
|-heal|p1a: Scrafty|44/100|[from] drain|[of] p2a: Eldegoss
|
|-weather|Sandstorm|[upkeep]
|-damage|p2a: Eldegoss|25/100|[from] Sandstorm
|-damage|p1a: Scrafty|38/100|[from] Sandstorm
|-heal|p1a: Scrafty|44/100|[from] item: Leftovers
|upkeep
|turn|29
|
|t:|1665261108
|switch|p1a: Weezing|Weezing, F|73/100
|-damage|p1a: Weezing|60/100|[from] Stealth Rock
|move|p2a: Eldegoss|Giga Drain|p1a: Weezing
|-resisted|p1a: Weezing
|-damage|p1a: Weezing|46/100
|-heal|p2a: Eldegoss|33/100|[from] drain|[of] p1a: Weezing
|
|-weather|Sandstorm|[upkeep]
|-damage|p2a: Eldegoss|26/100|[from] Sandstorm
|-damage|p1a: Weezing|40/100|[from] Sandstorm
|-heal|p1a: Weezing|46/100|[from] item: Black Sludge
|upkeep
|turn|30
|
|t:|1665261115
|switch|p2a: Sandslash|Sandslash, F|100/100
|move|p1a: Weezing|Will-O-Wisp|p2a: Sandslash
|-status|p2a: Sandslash|brn
|
|-weather|Sandstorm|[upkeep]
|-damage|p1a: Weezing|40/100|[from] Sandstorm
|-heal|p1a: Weezing|46/100|[from] item: Black Sludge
|-damage|p2a: Sandslash|94/100 brn|[from] brn
|upkeep
|turn|31
|
|t:|1665261123
|switch|p1a: Eldegoss|Eldegoss, F|100/100
|move|p2a: Sandslash|Swords Dance|p2a: Sandslash
|-boost|p2a: Sandslash|atk|2
|
|-weather|none
|-damage|p2a: Sandslash|88/100 brn|[from] brn
|upkeep
|turn|32
|
|t:|1665261127
|switch|p2a: Doublade|Doublade, M|100/100 slp
|move|p1a: Eldegoss|Giga Drain|p2a: Doublade
|-resisted|p2a: Doublade
|-damage|p2a: Doublade|87/100 slp
|
|upkeep
|turn|33
|
|t:|1665261137
|switch|p1a: Weezing|Weezing, F|46/100
|-damage|p1a: Weezing|34/100|[from] Stealth Rock
|cant|p2a: Doublade|slp
|
|-heal|p1a: Weezing|40/100|[from] item: Black Sludge
|upkeep
|turn|34
|
|t:|1665261142
|move|p1a: Weezing|Toxic Spikes|p2a: Doublade
|-sidestart|p2: Lady Writer ☾|move: Toxic Spikes
|-curestatus|p2a: Doublade|slp|[msg]
|move|p2a: Doublade|Swords Dance|p2a: Doublade
|-boost|p2a: Doublade|atk|2
|
|-heal|p1a: Weezing|46/100|[from] item: Black Sludge
|upkeep
|turn|35
|j| Failbor21
|
|t:|1665261145
|move|p1a: Weezing|Will-O-Wisp|p2a: Doublade
|-status|p2a: Doublade|brn
|move|p2a: Doublade|Shadow Claw|p1a: Weezing
|-damage|p1a: Weezing|21/100
|
|-heal|p1a: Weezing|27/100|[from] item: Black Sludge
|-damage|p2a: Doublade|81/100 brn|[from] brn
|upkeep
|turn|36
|c|☆Lady Writer ☾|come on
|
|t:|1665261148
|move|p1a: Weezing|Pain Split|p2a: Doublade
|-sethp|p2a: Doublade|55/100 brn|[from] move: Pain Split|[silent]
|-sethp|p1a: Weezing|53/100|[from] move: Pain Split
|move|p2a: Doublade|Shadow Claw|p1a: Weezing
|-damage|p1a: Weezing|29/100
|
|-heal|p1a: Weezing|35/100|[from] item: Black Sludge
|-damage|p2a: Doublade|48/100 brn|[from] brn
|upkeep
|turn|37
|c|☆Lady Writer ☾|i deserve a miss willo
|j|%Pika Sup
|c|☆Lady Writer ☾|w/e
|
|t:|1665261165
|switch|p1a: Charizard|Charizard, F|94/100
|move|p2a: Doublade|Shadow Claw|p1a: Charizard
|-damage|p1a: Charizard|46/100
|
|-damage|p2a: Doublade|42/100 brn|[from] brn
|upkeep
|turn|38
|
|t:|1665261172
|switch|p2a: Gigalith|Gigalith, M|28/100 psn
|-weather|Sandstorm|[from] ability: Sand Stream|[of] p2a: Gigalith
|move|p1a: Charizard|Roost|p1a: Charizard
|-heal|p1a: Charizard|96/100
|-singleturn|p1a: Charizard|move: Roost
|
|-weather|Sandstorm|[upkeep]
|-damage|p1a: Charizard|90/100|[from] Sandstorm
|-damage|p2a: Gigalith|15/100 psn|[from] psn
|upkeep
|turn|39
|
|t:|1665261176
|switch|p1a: Eldegoss|Eldegoss, F|100/100
|move|p2a: Gigalith|Rest|p2a: Gigalith
|-status|p2a: Gigalith|slp|[from] move: Rest
|-heal|p2a: Gigalith|100/100 slp|[silent]
|
|-weather|Sandstorm|[upkeep]
|-damage|p1a: Eldegoss|94/100|[from] Sandstorm
|upkeep
|turn|40
|j|@J0rdy004 ♫@!
|
|t:|1665261180
|switch|p2a: Doublade|Doublade, M|42/100 brn
|move|p1a: Eldegoss|Rapid Spin|p2a: Doublade
|-immune|p2a: Doublade
|
|-weather|Sandstorm|[upkeep]
|-damage|p1a: Eldegoss|88/100|[from] Sandstorm
|-damage|p2a: Doublade|36/100 brn|[from] brn
|upkeep
|turn|41
|
|t:|1665261185
|switch|p2a: Eldegoss|Eldegoss, M|60/100
|-status|p2a: Eldegoss|psn
|move|p1a: Eldegoss|Giga Drain|p2a: Eldegoss
|-resisted|p2a: Eldegoss
|-damage|p2a: Eldegoss|50/100 psn
|-heal|p1a: Eldegoss|93/100|[from] drain|[of] p2a: Eldegoss
|
|-weather|Sandstorm|[upkeep]
|-damage|p1a: Eldegoss|87/100|[from] Sandstorm
|-damage|p2a: Eldegoss|44/100 psn|[from] Sandstorm
|-damage|p2a: Eldegoss|31/100 psn|[from] psn
|upkeep
|turn|42
|j| sam bjiku kaiju
|
|t:|1665261190
|move|p1a: Eldegoss|Rapid Spin|p2a: Eldegoss
|-damage|p2a: Eldegoss|26/100 psn
|-boost|p1a: Eldegoss|spe|1
|-sideend|p1: sugar ovens|Stealth Rock|[from] move: Rapid Spin|[of] p1a: Eldegoss
|move|p2a: Eldegoss|Rapid Spin|p1a: Eldegoss
|-damage|p1a: Eldegoss|82/100
|-boost|p2a: Eldegoss|spe|1
|-sideend|p2: Lady Writer ☾|Toxic Spikes|[from] move: Rapid Spin|[of] p2a: Eldegoss
|
|-weather|Sandstorm|[upkeep]
|-damage|p1a: Eldegoss|76/100|[from] Sandstorm
|-damage|p2a: Eldegoss|20/100 psn|[from] Sandstorm
|-damage|p2a: Eldegoss|8/100 psn|[from] psn
|upkeep
|turn|43
|
|t:|1665261199
|move|p1a: Eldegoss|Giga Drain|p2a: Eldegoss
|-resisted|p2a: Eldegoss
|-damage|p2a: Eldegoss|0 fnt
|-heal|p1a: Eldegoss|80/100|[from] drain|[of] p2a: Eldegoss
|faint|p2a: Eldegoss
|
|-weather|Sandstorm|[upkeep]
|-damage|p1a: Eldegoss|73/100|[from] Sandstorm
|upkeep
|
|t:|1665261204
|switch|p2a: Lycanroc|Lycanroc, F|100/100
|turn|44
|
|t:|1665261207
|move|p2a: Lycanroc|Swords Dance|p2a: Lycanroc
|-boost|p2a: Lycanroc|atk|2
|move|p1a: Eldegoss|Giga Drain|p2a: Lycanroc
|-supereffective|p2a: Lycanroc
|-damage|p2a: Lycanroc|48/100
|-heal|p1a: Eldegoss|97/100|[from] drain|[of] p2a: Lycanroc
|
|-weather|Sandstorm|[upkeep]
|-damage|p1a: Eldegoss|91/100|[from] Sandstorm
|upkeep
|turn|45
|
|t:|1665261215
|switch|p1a: Scrafty|Scrafty, F|44/100
|move|p2a: Lycanroc|Stone Edge|p1a: Scrafty
|-resisted|p1a: Scrafty
|-damage|p1a: Scrafty|0 fnt
|faint|p1a: Scrafty
|-damage|p2a: Lycanroc|38/100|[from] item: Life Orb
|
|-weather|none
|upkeep
|
|t:|1665261218
|switch|p1a: Poliwrath|Poliwrath, M|88/100
|turn|46
|
|t:|1665261222
|move|p1a: Poliwrath|Liquidation|p2a: Lycanroc
|-supereffective|p2a: Lycanroc
|-damage|p2a: Lycanroc|0 fnt
|faint|p2a: Lycanroc
|
|upkeep
|-message|Lady Writer ☾ forfeited.
|
|win|sugar ovens
|n|☆sugar ovens|sugarovens
|n|☆Lady Writer ☾|ladywriter
|n|*Lady Monita ☽|ladymonita
|n| BB-8-NU|bb8nu
|n| ACrumbOfSerotonin|acrumbofserotonin
|n| Primalhitmonlee|primalhitmonlee
|n| steamy beef|steamybeef
|n| VER$ACE BANDO|veracebando
|n| arnavgupta|arnavgupta
|n| Aftx|aftx
|n| spacevorp|spacevorp
|n| Failbor21|failbor21
|n| Pika Sup|pikasup
|n|%J0rdy004 ♫@!|j0rdy004
|n| sam bjiku kaiju|sambjikukaiju
|l|*Lady Monita ☽
|l|☆Lady Writer ☾
|l| BB-8-NU
|l|☆sugar ovens
|l| ACrumbOfSerotonin
|l| steamy beef
|l|%J0rdy004 ♫
|l| Failbor21
|l| spacevorp
|j|☆Lady Writer ☾
|player|p2|Lady Writer ☾|furisodegirl-black
|l| arnavgupta
|l|☆Lady Writer ☾
|player|p2|
|l| Aftx
|l| VER$ACE BANDO
|l| Primalhitmonlee
