|j|☆MentalAdversity
|j|☆Fercha371127
|t:|1608493898
|player|p1|MentalAdversity|swimmer-gen4|1405
|player|p2|Fercha371127|volkner|1305
|teamsize|p1|6
|teamsize|p2|6
|gametype|singles
|gen|8
|tier|[Gen 8] PU
|rated|
|clearpoke
|poke|p1|Dusknoir, F|
|poke|p1|Quagsire, M|
|poke|p1|Lickilicky, F|
|poke|p1|Cryogonal|
|poke|p1|Qwilfish, M|
|poke|p1|Runerigus, M|
|poke|p2|Xatu, F|
|poke|p2|Exeggutor-Alola, M|
|poke|p2|Bouffalant, M|
|poke|p2|Octillery, M|
|poke|p2|Musharna, F|
|poke|p2|Sawk, M|
|rule|Sleep Clause Mod: Limit one foe put to sleep
|rule|Species Clause: Limit one of each Pokémon
|rule|OHKO Clause: OHKO moves are banned
|rule|Evasion Moves Clause: Evasion moves are banned
|rule|Endless Battle Clause: Forcing endless battles is banned
|rule|HP Percentage Mod: HP is shown in percentages
|rule|Dynamax Clause: You cannot dynamax
|teampreview
|inactive|Battle timer is ON: inactive players will automatically lose when time's up. (requested by MentalAdversity)
|
|t:|1608493927
|start
|switch|p1a: Qwilfish|Qwilfish, M, shiny|100/100
|switch|p2a: Stall Sucks II|Exeggutor-Alola, M, shiny|100/100
|-ability|p1a: Qwilfish|Intimidate|boost
|-unboost|p2a: Stall Sucks II|atk|1
|-enditem|p2a: Stall Sucks II|Eject Pack
|
|t:|1608493934
|switch|p2a: Nigra|Bouffalant, M, shiny|100/100
|turn|1
|
|t:|1608493949
|switch|p1a: Quagsire|Quagsire, M, shiny|100/100
|move|p2a: Nigra|Earthquake|p1a: Quagsire
|-damage|p1a: Quagsire|79/100
|
|-heal|p1a: Quagsire|85/100|[from] item: Leftovers
|upkeep
|turn|2
|j| The Shitpoopers
|
|t:|1608493955
|switch|p2a: Stall Sucks II|Exeggutor-Alola, M, shiny|100/100
|-item|p1a: Quagsire|Leftovers|[from] ability: Frisk|[of] p2a: Stall Sucks II|[identify]
|move|p1a: Quagsire|Scald|p2a: Stall Sucks II
|-resisted|p2a: Stall Sucks II
|-damage|p2a: Stall Sucks II|95/100
|-status|p2a: Stall Sucks II|brn
|
|-heal|p1a: Quagsire|91/100|[from] item: Leftovers
|-damage|p2a: Stall Sucks II|89/100 brn|[from] brn
|upkeep
|turn|3
|
|t:|1608493966
|switch|p1a: Cryogonal|Cryogonal, shiny|100/100
|move|p2a: Stall Sucks II|Trick Room|p2a: Stall Sucks II
|-fieldstart|move: Trick Room|[of] p2a: Stall Sucks II
|
|-damage|p2a: Stall Sucks II|83/100 brn|[from] brn
|upkeep
|turn|4
|
|t:|1608493974
|move|p2a: Stall Sucks II|Draco Meteor|p1a: Cryogonal
|-damage|p1a: Cryogonal|61/100
|-unboost|p2a: Stall Sucks II|spa|2
|move|p1a: Cryogonal|Freeze-Dry|p2a: Stall Sucks II
|-supereffective|p2a: Stall Sucks II
|-damage|p2a: Stall Sucks II|0 fnt
|faint|p2a: Stall Sucks II
|
|upkeep
|
|t:|1608493979
|switch|p2a: Nigra|Bouffalant, M, shiny|100/100
|turn|5
|
|t:|1608493985
|switch|p1a: Qwilfish|Qwilfish, M, shiny|100/100
|-ability|p1a: Qwilfish|Intimidate|boost
|-unboost|p2a: Nigra|atk|1
|move|p2a: Nigra|Head Charge|p1a: Qwilfish
|-damage|p1a: Qwilfish|64/100
|-damage|p2a: Nigra|93/100|[from] Recoil
|
|-heal|p1a: Qwilfish|70/100|[from] item: Black Sludge
|upkeep
|turn|6
|
|t:|1608494007
|switch|p1a: Quagsire|Quagsire, M, shiny|91/100
|move|p2a: Nigra|Earthquake|p1a: Quagsire
|-damage|p1a: Quagsire|66/100
|
|-heal|p1a: Quagsire|73/100|[from] item: Leftovers
|upkeep
|turn|7
|
|t:|1608494016
|switch|p2a: Napoleon II|Octillery, M|100/100
|move|p1a: Quagsire|Scald|p2a: Napoleon II
|-resisted|p2a: Napoleon II
|-damage|p2a: Napoleon II|89/100
|
|-heal|p1a: Quagsire|79/100|[from] item: Leftovers
|-fieldend|move: Trick Room
|upkeep
|turn|8
|
|t:|1608494024
|switch|p1a: Dusknoir|Dusknoir, F, shiny|100/100
|-ability|p1a: Dusknoir|Pressure
|move|p2a: Napoleon II|Flamethrower|p1a: Dusknoir
|-damage|p1a: Dusknoir|72/100
|
|-heal|p1a: Dusknoir|78/100|[from] item: Leftovers
|upkeep
|turn|9
|
|t:|1608494034
|switch|p2a: Zack II|Sawk, M, shiny|100/100
|move|p1a: Dusknoir|Toxic|p2a: Zack II
|-status|p2a: Zack II|tox
|
|-heal|p1a: Dusknoir|84/100|[from] item: Leftovers
|-damage|p2a: Zack II|94/100 tox|[from] psn
|upkeep
|turn|10
|
|t:|1608494042
|switch|p1a: Qwilfish|Qwilfish, M, shiny|70/100
|-ability|p1a: Qwilfish|Intimidate|boost
|-unboost|p2a: Zack II|atk|1
|move|p2a: Zack II|Knock Off|p1a: Qwilfish
|-damage|p1a: Qwilfish|39/100
|-enditem|p1a: Qwilfish|Black Sludge|[from] move: Knock Off|[of] p2a: Zack II
|
|-damage|p2a: Zack II|82/100 tox|[from] psn
|upkeep
|turn|11
|
|t:|1608494053
|switch|p2a: ISaw2021|Xatu, F|100/100
|move|p1a: Qwilfish|Pain Split|p2a: ISaw2021
|-sethp|p2a: ISaw2021|70/100|[from] move: Pain Split|[silent]
|-sethp|p1a: Qwilfish|70/100|[from] move: Pain Split
|
|upkeep
|turn|12
|j| Jay20XX
|
|t:|1608494069
|switch|p1a: Dusknoir|Dusknoir, F, shiny|84/100
|-ability|p1a: Dusknoir|Pressure
|move|p2a: ISaw2021|U-turn|p1a: Dusknoir
|-resisted|p1a: Dusknoir
|-damage|p1a: Dusknoir|78/100
|
|t:|1608494072
|switch|p2a: Zack II|Sawk, M, shiny|82/100 tox|[from]move: U-turn
|
|-heal|p1a: Dusknoir|84/100|[from] item: Leftovers
|-damage|p2a: Zack II|76/100 tox|[from] psn
|upkeep
|turn|13
|
|t:|1608494080
|switch|p1a: Qwilfish|Qwilfish, M, shiny|70/100
|-ability|p1a: Qwilfish|Intimidate|boost
|-unboost|p2a: Zack II|atk|1
|move|p2a: Zack II|Rock Slide|p1a: Qwilfish
|-damage|p1a: Qwilfish|45/100
|
|-damage|p2a: Zack II|63/100 tox|[from] psn
|upkeep
|turn|14
|l| The Shitpoopers
|
|t:|1608494090
|switch|p2a: ISaw2021|Xatu, F|70/100
|move|p1a: Qwilfish|Spikes|p2a: ISaw2021
|move|p2a: ISaw2021|Spikes|p1a: Qwilfish|[from]ability: Magic Bounce
|-sidestart|p1: MentalAdversity|Spikes
|
|upkeep
|turn|15
|
|t:|1608494108
|move|p1a: Qwilfish|Scald|p2a: ISaw2021
|-damage|p2a: ISaw2021|47/100
|-status|p2a: ISaw2021|brn
|move|p2a: ISaw2021|Trick Room|p2a: ISaw2021
|-fieldstart|move: Trick Room|[of] p2a: ISaw2021
|
|-damage|p2a: ISaw2021|41/100 brn|[from] brn
|upkeep
|turn|16
|
|t:|1608494115
|move|p1a: Qwilfish|Scald|p2a: ISaw2021
|-damage|p2a: ISaw2021|19/100 brn
|move|p2a: ISaw2021|Teleport|p2a: ISaw2021
|
|t:|1608494118
|switch|p2a: Napoleon II|Octillery, M|89/100|[from]move: Teleport
|
|upkeep
|turn|17
|
|t:|1608494122
|switch|p1a: Dusknoir|Dusknoir, F, shiny|84/100
|-damage|p1a: Dusknoir|72/100|[from] Spikes
|-ability|p1a: Dusknoir|Pressure
|move|p2a: Napoleon II|Water Spout|p1a: Dusknoir
|-damage|p1a: Dusknoir|3/100
|
|-heal|p1a: Dusknoir|9/100|[from] item: Leftovers
|upkeep
|turn|18
|
|t:|1608494137
|move|p2a: Napoleon II|Water Spout|p1a: Dusknoir
|-damage|p1a: Dusknoir|0 fnt
|faint|p1a: Dusknoir
|
|upkeep
|
|t:|1608494141
|switch|p1a: Cryogonal|Cryogonal, shiny|61/100
|turn|19
|
|t:|1608494145
|move|p2a: Napoleon II|Water Spout|p1a: Cryogonal
|-damage|p1a: Cryogonal|10/100
|move|p1a: Cryogonal|Recover|p1a: Cryogonal
|-heal|p1a: Cryogonal|60/100
|
|-fieldend|move: Trick Room
|upkeep
|turn|20
|
|t:|1608494156
|move|p1a: Cryogonal|Freeze-Dry|p2a: Napoleon II
|-supereffective|p2a: Napoleon II
|-damage|p2a: Napoleon II|30/100
|move|p2a: Napoleon II|Water Spout|p1a: Cryogonal
|-damage|p1a: Cryogonal|42/100
|
|upkeep
|turn|21
|
|t:|1608494162
|switch|p2a: Nigra|Bouffalant, M, shiny|93/100
|move|p1a: Cryogonal|Freeze-Dry|p2a: Nigra
|-damage|p2a: Nigra|78/100
|
|upkeep
|turn|22
|
|t:|1608494168
|switch|p1a: Qwilfish|Qwilfish, M, shiny|45/100
|-damage|p1a: Qwilfish|33/100|[from] Spikes
|-ability|p1a: Qwilfish|Intimidate|boost
|-unboost|p2a: Nigra|atk|1
|move|p2a: Nigra|Head Charge|p1a: Qwilfish
|-damage|p1a: Qwilfish|0 fnt
|-damage|p2a: Nigra|71/100|[from] Recoil
|faint|p1a: Qwilfish
|
|upkeep
|
|t:|1608494180
|switch|p1a: Quagsire|Quagsire, M, shiny|79/100
|-damage|p1a: Quagsire|66/100|[from] Spikes
|turn|23
|
|t:|1608494191
|move|p1a: Quagsire|Scald|p2a: Nigra
|-damage|p2a: Nigra|59/100
|move|p2a: Nigra|Head Charge|p1a: Quagsire
|-damage|p1a: Quagsire|24/100
|-damage|p2a: Nigra|48/100|[from] Recoil
|
|-heal|p1a: Quagsire|30/100|[from] item: Leftovers
|upkeep
|turn|24
|
|t:|1608494200
|switch|p2a: ISaw2021|Xatu, F|19/100 brn
|move|p1a: Quagsire|Recover|p1a: Quagsire
|-heal|p1a: Quagsire|80/100
|
|-heal|p1a: Quagsire|87/100|[from] item: Leftovers
|-damage|p2a: ISaw2021|13/100 brn|[from] brn
|upkeep
|turn|25
|
|t:|1608494208
|move|p2a: ISaw2021|Roost|p2a: ISaw2021
|-heal|p2a: ISaw2021|63/100 brn
|-singleturn|p2a: ISaw2021|move: Roost
|move|p1a: Quagsire|Scald|p2a: ISaw2021
|-damage|p2a: ISaw2021|39/100 brn
|
|-heal|p1a: Quagsire|93/100|[from] item: Leftovers
|-damage|p2a: ISaw2021|33/100 brn|[from] brn
|upkeep
|turn|26
|
|t:|1608494217
|move|p2a: ISaw2021|Roost|p2a: ISaw2021
|-heal|p2a: ISaw2021|83/100 brn
|-singleturn|p2a: ISaw2021|move: Roost
|move|p1a: Quagsire|Scald|p2a: ISaw2021
|-damage|p2a: ISaw2021|56/100 brn
|
|-heal|p1a: Quagsire|99/100|[from] item: Leftovers
|-damage|p2a: ISaw2021|50/100 brn|[from] brn
|upkeep
|turn|27
|
|t:|1608494226
|move|p1a: Quagsire|Scald|p2a: ISaw2021
|-damage|p2a: ISaw2021|23/100 brn
|move|p2a: ISaw2021|Trick Room|p2a: ISaw2021
|-fieldstart|move: Trick Room|[of] p2a: ISaw2021
|
|-heal|p1a: Quagsire|100/100|[from] item: Leftovers
|-damage|p2a: ISaw2021|17/100 brn|[from] brn
|upkeep
|turn|28
|
|t:|1608494240
|move|p1a: Quagsire|Scald|p2a: ISaw2021
|-damage|p2a: ISaw2021|0 fnt
|faint|p2a: ISaw2021
|
|upkeep
|
|t:|1608494243
|switch|p2a: Napoleon II|Octillery, M|30/100
|turn|29
|
|t:|1608494248
|switch|p1a: Lickilicky|Lickilicky, F, shiny|100/100
|-damage|p1a: Lickilicky|88/100|[from] Spikes
|move|p2a: Napoleon II|Energy Ball|p1a: Lickilicky
|-damage|p1a: Lickilicky|60/100
|
|-heal|p1a: Lickilicky|66/100|[from] item: Leftovers
|upkeep
|turn|30
|
|t:|1608494256
|switch|p2a: Nigra|Bouffalant, M, shiny|48/100
|move|p1a: Lickilicky|Wish|p1a: Lickilicky
|
|-heal|p1a: Lickilicky|72/100|[from] item: Leftovers
|upkeep
|turn|31
|
|t:|1608494266
|move|p1a: Lickilicky|Protect|p1a: Lickilicky
|-singleturn|p1a: Lickilicky|Protect
|move|p2a: Nigra|Head Charge|p1a: Lickilicky
|-activate|p1a: Lickilicky|move: Protect
|
|-heal|p1a: Lickilicky|100/100|[from] move: Wish|[wisher] Lickilicky
|-fieldend|move: Trick Room
|upkeep
|turn|32
|
|t:|1608494274
|switch|p1a: Runerigus|Runerigus, M, shiny|100/100
|-damage|p1a: Runerigus|88/100|[from] Spikes
|move|p2a: Nigra|Throat Chop|p1a: Runerigus
|-supereffective|p1a: Runerigus
|-damage|p1a: Runerigus|52/100
|-start|p1a: Runerigus|Throat Chop|[silent]
|-activate|p1a: Runerigus|ability: Wandering Spirit|Sap Sipper|Wandering Spirit|[of] p2a: Nigra
|
|-heal|p1a: Runerigus|59/100|[from] item: Leftovers
|upkeep
|turn|33
|
|t:|1608494287
|move|p2a: Nigra|Throat Chop|p1a: Runerigus
|-supereffective|p1a: Runerigus
|-damage|p1a: Runerigus|27/100
|move|p1a: Runerigus|Toxic Spikes|p2a: Nigra
|-sidestart|p2: Fercha371127|move: Toxic Spikes
|
|-heal|p1a: Runerigus|33/100|[from] item: Leftovers
|-end|p1a: Runerigus|Throat Chop|[silent]
|upkeep
|turn|34
|
|t:|1608494295
|move|p2a: Nigra|Throat Chop|p1a: Runerigus
|-supereffective|p1a: Runerigus
|-damage|p1a: Runerigus|0 fnt
|faint|p1a: Runerigus
|
|upkeep
|
|t:|1608494299
|switch|p1a: Quagsire|Quagsire, M, shiny|100/100
|-damage|p1a: Quagsire|88/100|[from] Spikes
|turn|35
|
|t:|1608494304
|move|p1a: Quagsire|Scald|p2a: Nigra
|-damage|p2a: Nigra|37/100
|move|p2a: Nigra|Head Charge|p1a: Quagsire
|-damage|p1a: Quagsire|46/100
|-damage|p2a: Nigra|26/100|[from] Recoil
|
|-heal|p1a: Quagsire|52/100|[from] item: Leftovers
|upkeep
|turn|36
|
|t:|1608494312
|move|p1a: Quagsire|Recover|p1a: Quagsire
|-heal|p1a: Quagsire|100/100
|move|p2a: Nigra|Head Charge|p1a: Quagsire
|-damage|p1a: Quagsire|61/100
|-damage|p2a: Nigra|16/100|[from] Recoil
|
|-heal|p1a: Quagsire|67/100|[from] item: Leftovers
|upkeep
|turn|37
|
|t:|1608494320
|move|p1a: Quagsire|Recover|p1a: Quagsire
|-heal|p1a: Quagsire|100/100
|move|p2a: Nigra|Head Charge|p1a: Quagsire
|-damage|p1a: Quagsire|57/100
|-damage|p2a: Nigra|5/100|[from] Recoil
|
|-heal|p1a: Quagsire|63/100|[from] item: Leftovers
|upkeep
|turn|38
|
|t:|1608494328
|move|p1a: Quagsire|Recover|p1a: Quagsire
|-heal|p1a: Quagsire|100/100
|move|p2a: Nigra|Head Charge|p1a: Quagsire
|-damage|p1a: Quagsire|59/100
|-damage|p2a: Nigra|0 fnt|[from] Recoil
|faint|p2a: Nigra
|
|-heal|p1a: Quagsire|65/100|[from] item: Leftovers
|upkeep
|
|t:|1608494330
|switch|p2a: Zack II|Sawk, M, shiny|63/100 tox
|turn|39
|
|t:|1608494340
|move|p2a: Zack II|Close Combat|p1a: Quagsire
|-damage|p1a: Quagsire|0 fnt
|-unboost|p2a: Zack II|def|1
|-unboost|p2a: Zack II|spd|1
|faint|p1a: Quagsire
|
|-damage|p2a: Zack II|57/100 tox|[from] psn
|upkeep
|
|t:|1608494349
|switch|p1a: Lickilicky|Lickilicky, F, shiny|100/100
|-damage|p1a: Lickilicky|88/100|[from] Spikes
|turn|40
|
|t:|1608494353
|move|p1a: Lickilicky|Protect|p1a: Lickilicky
|-singleturn|p1a: Lickilicky|Protect
|move|p2a: Zack II|Close Combat|p1a: Lickilicky
|-activate|p1a: Lickilicky|move: Protect
|
|-heal|p1a: Lickilicky|94/100|[from] item: Leftovers
|-damage|p2a: Zack II|45/100 tox|[from] psn
|upkeep
|turn|41
|
|t:|1608494360
|move|p2a: Zack II|Close Combat|p1a: Lickilicky
|-supereffective|p1a: Lickilicky
|-damage|p1a: Lickilicky|0 fnt
|-unboost|p2a: Zack II|def|1
|-unboost|p2a: Zack II|spd|1
|faint|p1a: Lickilicky
|
|-damage|p2a: Zack II|26/100 tox|[from] psn
|upkeep
|l|☆MentalAdversity
|inactive|MentalAdversity disconnected and has a minute to reconnect!
|player|p1|
|inactive|MentalAdversity has 30 seconds to reconnect!
|inactive|MentalAdversity has 20 seconds to reconnect!
|inactive|MentalAdversity has 15 seconds to reconnect!
|inactive|MentalAdversity has 10 seconds to reconnect!
|inactive|MentalAdversity has 5 seconds to reconnect!
|-message|MentalAdversity lost due to inactivity.
|
|win|Fercha371127
||Ladder (probably) updated, but score could not be retrieved (Request timeout).
|l| Jay20XX
