|j|☆Testingnacho
|j|☆kind cruel
|t:|1609041038
|player|p1|Testingnacho|1|1524
|player|p2|kind cruel|molayne|1485
|teamsize|p1|6
|teamsize|p2|6
|gametype|singles
|gen|8
|tier|[Gen 8] PU
|rated|
|clearpoke
|poke|p1|Sirfetch’d, M|
|poke|p1|Scyther, F|
|poke|p1|Cryogonal|
|poke|p1|Garbodor, F|
|poke|p1|Quagsire, F|
|poke|p1|Gigalith, M|
|poke|p2|Vikavolt, F|
|poke|p2|Exploud, M|
|poke|p2|Togedemaru, M|
|poke|p2|Passimian, F|
|poke|p2|Gourgeist-*, M|
|poke|p2|Druddigon, F|
|rule|Sleep Clause Mod: Limit one foe put to sleep
|rule|Species Clause: Limit one of each Pokémon
|rule|OHKO Clause: OHKO moves are banned
|rule|Evasion Moves Clause: Evasion moves are banned
|rule|Endless Battle Clause: Forcing endless battles is banned
|rule|HP Percentage Mod: HP is shown in percentages
|rule|Dynamax Clause: You cannot dynamax
|teampreview
|
|t:|1609041054
|start
|switch|p1a: Scyther|Scyther, F|100/100
|switch|p2a: Druddigon|Druddigon, F|100/100
|turn|1
|
|t:|1609041060
|switch|p1a: Cryogonal|Cryogonal|100/100
|move|p2a: Druddigon|Stealth Rock|p1a: Cryogonal
|-sidestart|p1: Testingnacho|move: Stealth Rock
|
|upkeep
|turn|2
|
|t:|1609041065
|switch|p2a: Togedemaru|Togedemaru, M|100/100
|move|p1a: Cryogonal|Freeze-Dry|p2a: Togedemaru
|-resisted|p2a: Togedemaru
|-damage|p2a: Togedemaru|88/100
|
|-heal|p2a: Togedemaru|94/100|[from] item: Leftovers
|upkeep
|turn|3
|
|t:|1609041069
|switch|p1a: Garbodor|Garbodor, F|100/100
|-damage|p1a: Garbodor|88/100|[from] Stealth Rock
|move|p2a: Togedemaru|U-turn|p1a: Garbodor
|-resisted|p1a: Garbodor
|-damage|p1a: Garbodor|82/100
|-damage|p2a: Togedemaru|77/100|[from] item: Rocky Helmet|[of] p1a: Garbodor
|
|t:|1609041072
|switch|p2a: Exploud|Exploud, M|100/100|[from]move: U-turn
|
|upkeep
|turn|4
|
|t:|1609041078
|switch|p1a: Gigalith|Gigalith, M|100/100
|-damage|p1a: Gigalith|88/100|[from] Stealth Rock
|-weather|Sandstorm|[from] ability: Sand Stream|[of] p1a: Gigalith
|move|p2a: Exploud|Focus Blast|p1a: Gigalith
|-supereffective|p1a: Gigalith
|-damage|p1a: Gigalith|29/100
|
|-weather|Sandstorm|[upkeep]
|-damage|p2a: Exploud|94/100|[from] Sandstorm
|-heal|p1a: Gigalith|35/100|[from] item: Leftovers
|upkeep
|turn|5
|
|t:|1609041086
|switch|p2a: Passimian|Passimian, F|100/100
|switch|p1a: Scyther|Scyther, F|100/100
|
|-weather|Sandstorm|[upkeep]
|-damage|p2a: Passimian|94/100|[from] Sandstorm
|-damage|p1a: Scyther|94/100|[from] Sandstorm
|upkeep
|turn|6
|
|t:|1609041093
|move|p2a: Passimian|Rock Slide|p1a: Scyther
|-supereffective|p1a: Scyther
|-damage|p1a: Scyther|0 fnt
|faint|p1a: Scyther
|
|-weather|Sandstorm|[upkeep]
|-damage|p2a: Passimian|88/100|[from] Sandstorm
|upkeep
|
|t:|1609041096
|switch|p1a: Sirfetch’d|Sirfetch’d, M|100/100
|-damage|p1a: Sirfetch’d|94/100|[from] Stealth Rock
|turn|7
|
|t:|1609041102
|switch|p2a: Druddigon|Druddigon, F|100/100
|move|p1a: Sirfetch’d|Close Combat|p2a: Druddigon
|-damage|p2a: Druddigon|18/100
|-unboost|p1a: Sirfetch’d|def|1
|-unboost|p1a: Sirfetch’d|spd|1
|-damage|p1a: Sirfetch’d|82/100|[from] ability: Rough Skin|[of] p2a: Druddigon
|-damage|p1a: Sirfetch’d|66/100|[from] item: Rocky Helmet|[of] p2a: Druddigon
|
|-weather|Sandstorm|[upkeep]
|-damage|p1a: Sirfetch’d|60/100|[from] Sandstorm
|-damage|p2a: Druddigon|12/100|[from] Sandstorm
|upkeep
|turn|8
|
|t:|1609041107
|move|p1a: Sirfetch’d|Close Combat|p2a: Druddigon
|-damage|p2a: Druddigon|0 fnt
|-unboost|p1a: Sirfetch’d|def|1
|-unboost|p1a: Sirfetch’d|spd|1
|-damage|p1a: Sirfetch’d|47/100|[from] ability: Rough Skin|[of] p2a: Druddigon
|-damage|p1a: Sirfetch’d|31/100|[from] item: Rocky Helmet|[of] p2a: Druddigon
|faint|p2a: Druddigon
|
|-weather|none
|upkeep
|
|t:|1609041127
|switch|p2a: Passimian|Passimian, F|88/100
|turn|9
|
|t:|1609041131
|switch|p1a: Garbodor|Garbodor, F|82/100
|-damage|p1a: Garbodor|70/100|[from] Stealth Rock
|move|p2a: Passimian|Close Combat|p1a: Garbodor
|-resisted|p1a: Garbodor
|-damage|p1a: Garbodor|48/100
|-unboost|p2a: Passimian|def|1
|-unboost|p2a: Passimian|spd|1
|-damage|p2a: Passimian|72/100|[from] item: Rocky Helmet|[of] p1a: Garbodor
|
|upkeep
|turn|10
|
|t:|1609041143
|switch|p2a: Exploud|Exploud, M|94/100
|move|p1a: Garbodor|Spikes|p2a: Exploud
|-sidestart|p2: kind cruel|Spikes
|
|upkeep
|turn|11
|
|t:|1609041149
|switch|p1a: Cryogonal|Cryogonal|100/100
|move|p2a: Exploud|Boomburst|p1a: Cryogonal
|-damage|p1a: Cryogonal|18/100
|
|upkeep
|turn|12
|
|t:|1609041166
|move|p1a: Cryogonal|Rapid Spin|p2a: Exploud
|-damage|p2a: Exploud|88/100
|-boost|p1a: Cryogonal|spe|1
|-sideend|p1: Testingnacho|Stealth Rock|[from] move: Rapid Spin|[of] p1a: Cryogonal
|move|p2a: Exploud|Boomburst|p1a: Cryogonal
|-damage|p1a: Cryogonal|0 fnt
|faint|p1a: Cryogonal
|
|upkeep
|
|t:|1609041173
|switch|p1a: Gigalith|Gigalith, M|35/100
|-weather|Sandstorm|[from] ability: Sand Stream|[of] p1a: Gigalith
|turn|13
|
|t:|1609041179
|switch|p2a: Gourgeist|Gourgeist-Small, M|100/100
|-damage|p2a: Gourgeist|88/100|[from] Spikes
|-item|p1a: Gigalith|Leftovers|[from] ability: Frisk|[of] p2a: Gourgeist|[identify]
|move|p1a: Gigalith|Protect||[still]
|-fail|p1a: Gigalith
|
|-weather|Sandstorm|[upkeep]
|-damage|p2a: Gourgeist|82/100|[from] Sandstorm
|-heal|p1a: Gigalith|41/100|[from] item: Leftovers
|upkeep
|turn|14
|
|t:|1609041183
|switch|p1a: Garbodor|Garbodor, F|48/100
|move|p2a: Gourgeist|Power Whip|p1a: Garbodor
|-resisted|p1a: Garbodor
|-damage|p1a: Garbodor|27/100
|-damage|p2a: Gourgeist|66/100|[from] item: Rocky Helmet|[of] p1a: Garbodor
|-damage|p2a: Gourgeist|56/100|[from] item: Life Orb
|
|-weather|Sandstorm|[upkeep]
|-damage|p2a: Gourgeist|50/100|[from] Sandstorm
|-damage|p1a: Garbodor|21/100|[from] Sandstorm
|upkeep
|turn|15
|
|t:|1609041194
|switch|p2a: Vikavolt|Vikavolt, F|100/100
|move|p1a: Garbodor|Gunk Shot|p2a: Vikavolt
|-crit|p2a: Vikavolt
|-damage|p2a: Vikavolt|38/100
|
|-weather|Sandstorm|[upkeep]
|-damage|p1a: Garbodor|15/100|[from] Sandstorm
|-damage|p2a: Vikavolt|32/100|[from] Sandstorm
|upkeep
|turn|16
|
|t:|1609041204
|move|p1a: Garbodor|Gunk Shot|p2a: Vikavolt
|-damage|p2a: Vikavolt|0 fnt
|faint|p2a: Vikavolt
|
|-weather|Sandstorm|[upkeep]
|-damage|p1a: Garbodor|9/100|[from] Sandstorm
|upkeep
|
|t:|1609041208
|switch|p2a: Exploud|Exploud, M|88/100
|-damage|p2a: Exploud|76/100|[from] Spikes
|turn|17
|
|t:|1609041219
|switch|p1a: Gigalith|Gigalith, M|41/100
|move|p2a: Exploud|Surf|p1a: Gigalith
|-supereffective|p1a: Gigalith
|-damage|p1a: Gigalith|2/100
|
|-weather|none
|-heal|p1a: Gigalith|8/100|[from] item: Leftovers
|upkeep
|turn|18
|
|t:|1609041232
|switch|p1a: Quagsire|Quagsire, F|100/100
|move|p2a: Exploud|Surf|p1a: Quagsire
|-immune|p1a: Quagsire|[from] ability: Water Absorb
|
|upkeep
|turn|19
|
|t:|1609041240
|switch|p2a: Togedemaru|Togedemaru, M|77/100
|-damage|p2a: Togedemaru|65/100|[from] Spikes
|move|p1a: Quagsire|Toxic|p2a: Togedemaru
|-immune|p2a: Togedemaru
|
|-heal|p2a: Togedemaru|71/100|[from] item: Leftovers
|upkeep
|turn|20
|
|t:|1609041246
|move|p2a: Togedemaru|U-turn|p1a: Quagsire
|-damage|p1a: Quagsire|89/100
|
|t:|1609041253
|switch|p2a: Gourgeist|Gourgeist-Small, M|50/100|[from]move: U-turn
|-damage|p2a: Gourgeist|38/100|[from] Spikes
|-item|p1a: Quagsire|Leftovers|[from] ability: Frisk|[of] p2a: Gourgeist|[identify]
|move|p1a: Quagsire|Earthquake|p2a: Gourgeist
|-resisted|p2a: Gourgeist
|-damage|p2a: Gourgeist|19/100
|
|-heal|p1a: Quagsire|95/100|[from] item: Leftovers
|upkeep
|turn|21
|
|t:|1609041260
|switch|p2a: Exploud|Exploud, M|76/100
|-damage|p2a: Exploud|64/100|[from] Spikes
|switch|p1a: Garbodor|Garbodor, F|9/100
|
|upkeep
|turn|22
|
|t:|1609041267
|switch|p1a: Gigalith|Gigalith, M|8/100
|-weather|Sandstorm|[from] ability: Sand Stream|[of] p1a: Gigalith
|move|p2a: Exploud|Boomburst|p1a: Gigalith
|-resisted|p1a: Gigalith
|-damage|p1a: Gigalith|0 fnt
|faint|p1a: Gigalith
|
|-weather|Sandstorm|[upkeep]
|-damage|p2a: Exploud|58/100|[from] Sandstorm
|upkeep
|
|t:|1609041269
|switch|p1a: Sirfetch’d|Sirfetch’d, M|31/100
|turn|23
|
|t:|1609041277
|switch|p2a: Togedemaru|Togedemaru, M|71/100
|-damage|p2a: Togedemaru|59/100|[from] Spikes
|move|p1a: Sirfetch’d|Close Combat|p2a: Togedemaru
|-supereffective|p2a: Togedemaru
|-damage|p2a: Togedemaru|0 fnt
|-unboost|p1a: Sirfetch’d|def|1
|-unboost|p1a: Sirfetch’d|spd|1
|-damage|p1a: Sirfetch’d|18/100|[from] ability: Iron Barbs|[of] p2a: Togedemaru
|faint|p2a: Togedemaru
|
|-weather|Sandstorm|[upkeep]
|-damage|p1a: Sirfetch’d|12/100|[from] Sandstorm
|upkeep
|
|t:|1609041308
|switch|p2a: Passimian|Passimian, F|72/100
|-damage|p2a: Passimian|59/100|[from] Spikes
|turn|24
|
|t:|1609041335
|switch|p1a: Quagsire|Quagsire, F|95/100
|move|p2a: Passimian|U-turn|p1a: Quagsire
|-damage|p1a: Quagsire|79/100
|
|t:|1609041338
|switch|p2a: Exploud|Exploud, M|58/100|[from]move: U-turn
|-damage|p2a: Exploud|45/100|[from] Spikes
|
|-weather|Sandstorm|[upkeep]
|-damage|p2a: Exploud|39/100|[from] Sandstorm
|-heal|p1a: Quagsire|86/100|[from] item: Leftovers
|upkeep
|turn|25
|
|t:|1609041343
|switch|p1a: Garbodor|Garbodor, F|9/100
|move|p2a: Exploud|Boomburst|p1a: Garbodor
|-damage|p1a: Garbodor|0 fnt
|faint|p1a: Garbodor
|
|-weather|Sandstorm|[upkeep]
|-damage|p2a: Exploud|33/100|[from] Sandstorm
|upkeep
|
|t:|1609041345
|switch|p1a: Sirfetch’d|Sirfetch’d, M|12/100
|turn|26
|j| GRANDSLAMGRAMCAM
|
|t:|1609041353
|switch|p2a: Gourgeist|Gourgeist-Small, M|19/100
|-damage|p2a: Gourgeist|7/100|[from] Spikes
|-item|p1a: Sirfetch’d|Choice Band|[from] ability: Frisk|[of] p2a: Gourgeist|[identify]
|move|p1a: Sirfetch’d|First Impression|p2a: Gourgeist
|-damage|p2a: Gourgeist|0 fnt
|faint|p2a: Gourgeist
|
|-weather|none
|upkeep
|
|t:|1609041356
|switch|p2a: Passimian|Passimian, F|59/100
|-damage|p2a: Passimian|47/100|[from] Spikes
|turn|27
|
|t:|1609041365
|move|p1a: Sirfetch’d|First Impression||[still]
|-hint|First Impression only works on your first turn out.
|-fail|p1a: Sirfetch’d
|move|p2a: Passimian|U-turn|p1a: Sirfetch’d
|-resisted|p1a: Sirfetch’d
|-damage|p1a: Sirfetch’d|0 fnt
|faint|p1a: Sirfetch’d
|
|t:|1609041368
|switch|p2a: Exploud|Exploud, M|33/100|[from]move: U-turn
|-damage|p2a: Exploud|21/100|[from] Spikes
|
|upkeep
|
|t:|1609041370
|switch|p1a: Quagsire|Quagsire, F|86/100
|turn|28
|
|t:|1609041373
|move|p2a: Exploud|Boomburst|p1a: Quagsire
|-damage|p1a: Quagsire|0 fnt
|faint|p1a: Quagsire
|
|win|kind cruel
|c|☆kind cruel|gg
|l|☆Testingnacho
|raw|Testingnacho's rating: 1524 &rarr; <strong>1502</strong><br />(-22 for losing)
|raw|kind cruel's rating: 1485 &rarr; <strong>1508</strong><br />(+23 for winning)
|l| GRANDSLAMGRAMCAM
