|j|☆pinkdragontamer
|j|☆Vst tur
|t:|1629009835
|gametype|singles
|player|p1|pinkdragontamer|burglar-gen1|1522
|player|p2|Vst tur|lucas|1515
|teamsize|p1|6
|teamsize|p2|6
|gen|8
|tier|[Gen 8] PU
|rated|
|rule|Sleep Clause Mod: Limit one foe put to sleep
|rule|Species Clause: Limit one of each Pokémon
|rule|OHKO Clause: OHKO moves are banned
|rule|Evasion Moves Clause: Evasion moves are banned
|rule|Endless Battle Clause: Forcing endless battles is banned
|rule|HP Percentage Mod: HP is shown in percentages
|rule|Dynamax Clause: You cannot dynamax
|clearpoke
|poke|p1|Vikavolt, F|
|poke|p1|Silvally-*|
|poke|p1|Skuntank, F|
|poke|p1|Mesprit|
|poke|p1|Thwackey, M|
|poke|p1|Aggron, F|
|poke|p2|Scyther, F|
|poke|p2|Morpeko, M|
|poke|p2|Lunatone|
|poke|p2|Poliwrath, F|
|poke|p2|Weezing, F|
|poke|p2|Stunfisk-Galar, F|
|teampreview
|inactive|Battle timer is ON: inactive players will automatically lose when time's up. (requested by Vst tur)
|c|☆Vst tur|Hf
|c|☆pinkdragontamer|/log pinkdragontamer made this room public.
|inactive|pinkdragontamer has 120 seconds left.
|
|t:|1629009867
|start
|switch|p1a: glockey older bro|Thwackey, M|100/100
|switch|p2a: Scyther|Scyther, F|100/100
|-fieldstart|move: Grassy Terrain|[from] ability: Grassy Surge|[of] p1a: glockey older bro
|turn|1
|c|☆Vst tur|Ok
|
|t:|1629009873
|switch|p1a: drud (fat)|Aggron, F|100/100
|move|p2a: Scyther|Knock Off|p1a: drud (fat)
|-damage|p1a: drud (fat)|79/100
|-enditem|p1a: drud (fat)|Custap Berry|[from] move: Knock Off|[of] p2a: Scyther
|
|-heal|p1a: drud (fat)|85/100|[from] Grassy Terrain
|upkeep
|turn|2
|
|t:|1629009876
|move|p2a: Scyther|U-turn|p1a: drud (fat)
|-resisted|p1a: drud (fat)
|-damage|p1a: drud (fat)|73/100
|
|t:|1629009879
|switch|p2a: Justin|Poliwrath, F|100/100|[from]move: U-turn
|move|p1a: drud (fat)|Stealth Rock|p2a: Justin
|-sidestart|p2: Vst tur|move: Stealth Rock
|
|-heal|p1a: drud (fat)|79/100|[from] Grassy Terrain
|upkeep
|turn|3
|
|t:|1629009884
|switch|p1a: Vikavolt|Vikavolt, F|100/100
|switch|p2a: Scyther|Scyther, F|100/100
|
|upkeep
|turn|4
|j| MartAlvarez♫
|
|t:|1629009890
|move|p2a: Scyther|U-turn|p1a: Vikavolt
|-damage|p1a: Vikavolt|69/100
|
|t:|1629009892
|switch|p2a: Stunfisk|Stunfisk-Galar, F|100/100|[from]move: U-turn
|-damage|p2a: Stunfisk|97/100|[from] Stealth Rock
|-start|p2a: Stunfisk|typechange|Grass|[from] ability: Mimicry
|move|p1a: Vikavolt|Volt Switch|p2a: Stunfisk
|-resisted|p2a: Stunfisk
|-damage|p2a: Stunfisk|84/100
|
|t:|1629009903
|switch|p1a: Silvally|Silvally-Ghost|100/100|[from]move: Volt Switch
|
|-heal|p2a: Stunfisk|90/100|[from] Grassy Terrain
|-heal|p2a: Stunfisk|96/100|[from] item: Leftovers
|upkeep
|turn|5
|
|t:|1629009908
|move|p1a: Silvally|Swords Dance|p1a: Silvally
|-boost|p1a: Silvally|atk|2
|move|p2a: Stunfisk|Yawn|p1a: Silvally
|-start|p1a: Silvally|move: Yawn|[of] p2a: Stunfisk
|
|-heal|p2a: Stunfisk|100/100|[from] Grassy Terrain
|-fieldend|move: Grassy Terrain
|upkeep
|-activate|p2a: Stunfisk|ability: Mimicry
|-end|p2a: Stunfisk|typechange|[silent]
|turn|6
|
|t:|1629009911
|switch|p1a: mom|Skuntank, F|100/100
|move|p2a: Stunfisk|Stealth Rock|p1a: mom
|-sidestart|p1: pinkdragontamer|move: Stealth Rock
|
|upkeep
|turn|7
|
|t:|1629009915
|move|p1a: mom|Flamethrower|p2a: Stunfisk
|-supereffective|p2a: Stunfisk
|-damage|p2a: Stunfisk|75/100
|move|p2a: Stunfisk|Earthquake|p1a: mom
|-supereffective|p1a: mom
|-damage|p1a: mom|19/100
|
|-heal|p1a: mom|25/100|[from] item: Black Sludge
|-heal|p2a: Stunfisk|81/100|[from] item: Leftovers
|upkeep
|turn|8
|
|t:|1629009920
|switch|p1a: glockey older bro|Thwackey, M|100/100
|-damage|p1a: glockey older bro|88/100|[from] Stealth Rock
|-fieldstart|move: Grassy Terrain|[from] ability: Grassy Surge|[of] p1a: glockey older bro
|-start|p2a: Stunfisk|typechange|Grass|[from] ability: Mimicry
|move|p2a: Stunfisk|Snap Trap|p1a: glockey older bro
|-resisted|p1a: glockey older bro
|-damage|p1a: glockey older bro|78/100
|-activate|p1a: glockey older bro|move: Snap Trap|[of] p2a: Stunfisk
|
|-heal|p1a: glockey older bro|84/100|[from] Grassy Terrain
|-heal|p2a: Stunfisk|87/100|[from] Grassy Terrain
|-heal|p2a: Stunfisk|93/100|[from] item: Leftovers
|-damage|p1a: glockey older bro|71/100|[from] move: Snap Trap|[partiallytrapped]
|upkeep
|turn|9
|j|+Decem
|
|t:|1629009923
|switch|p2a: Weezing|Weezing, F|100/100
|-ability|p2a: Weezing|Neutralizing Gas
|-damage|p2a: Weezing|88/100|[from] Stealth Rock
|move|p1a: glockey older bro|Knock Off|p2a: Weezing
|-damage|p2a: Weezing|64/100
|-enditem|p2a: Weezing|Black Sludge|[from] move: Knock Off|[of] p1a: glockey older bro
|
|-heal|p1a: glockey older bro|77/100|[from] Grassy Terrain
|-heal|p2a: Weezing|70/100|[from] Grassy Terrain
|-end|p1a: glockey older bro|Snap Trap|[partiallytrapped]|[silent]
|upkeep
|turn|10
|
|t:|1629009929
|switch|p1a: Vikavolt|Vikavolt, F|69/100
|move|p2a: Weezing|Will-O-Wisp|p1a: Vikavolt
|-status|p1a: Vikavolt|brn
|
|-heal|p2a: Weezing|76/100|[from] Grassy Terrain
|-heal|p1a: Vikavolt|75/100 brn|[from] Grassy Terrain
|-damage|p1a: Vikavolt|69/100 brn|[from] brn
|upkeep
|turn|11
|
|t:|1629009948
|-end|p2a: Weezing|ability: Neutralizing Gas
|switch|p2a: Scyther|Scyther, F|100/100
|move|p1a: Vikavolt|Bug Buzz|p2a: Scyther
|-resisted|p2a: Scyther
|-damage|p2a: Scyther|60/100
|
|-damage|p1a: Vikavolt|63/100 brn|[from] brn
|upkeep
|turn|12
|j| pult94d expulso
|inactive|pinkdragontamer has 120 seconds left.
|inactive|pinkdragontamer has 90 seconds left.
|
|t:|1629010030
|move|p2a: Scyther|Roost|p2a: Scyther
|-heal|p2a: Scyther|100/100
|-singleturn|p2a: Scyther|move: Roost
|move|p1a: Vikavolt|Bug Buzz|p2a: Scyther
|-damage|p2a: Scyther|15/100
|
|-heal|p2a: Scyther|21/100|[from] Grassy Terrain
|-damage|p1a: Vikavolt|56/100 brn|[from] brn
|-fieldend|move: Grassy Terrain
|upkeep
|turn|13
|
|t:|1629010038
|move|p2a: Scyther|Dual Wingbeat|p1a: Vikavolt
|-damage|p1a: Vikavolt|27/100 brn
|-damage|p1a: Vikavolt|0 fnt
|faint|p1a: Vikavolt
|-hitcount|p1: Vikavolt|2
|
|upkeep
|
|t:|1629010045
|switch|p1a: drud (fat)|Aggron, F|79/100
|-damage|p1a: drud (fat)|73/100|[from] Stealth Rock
|turn|14
|
|t:|1629010048
|move|p2a: Scyther|U-turn|p1a: drud (fat)
|-resisted|p1a: drud (fat)
|-damage|p1a: drud (fat)|61/100
|
|t:|1629010051
|switch|p2a: Stunfisk|Stunfisk-Galar, F|93/100|[from]move: U-turn
|-damage|p2a: Stunfisk|90/100|[from] Stealth Rock
|move|p1a: drud (fat)|Head Smash|p2a: Stunfisk
|-resisted|p2a: Stunfisk
|-damage|p2a: Stunfisk|75/100
|-damage|p1a: drud (fat)|50/100|[from] Recoil
|
|-heal|p2a: Stunfisk|82/100|[from] item: Leftovers
|upkeep
|turn|15
|
|t:|1629010059
|move|p1a: drud (fat)|Head Smash|p2a: Stunfisk|[miss]
|-miss|p1a: drud (fat)|p2a: Stunfisk
|move|p2a: Stunfisk|Yawn|p1a: drud (fat)
|-start|p1a: drud (fat)|move: Yawn|[of] p2a: Stunfisk
|
|-heal|p2a: Stunfisk|88/100|[from] item: Leftovers
|upkeep
|turn|16
|
|t:|1629010063
|move|p1a: drud (fat)|High Horsepower|p2a: Stunfisk
|-supereffective|p2a: Stunfisk
|-damage|p2a: Stunfisk|42/100
|move|p2a: Stunfisk|Earthquake|p1a: drud (fat)
|-supereffective|p1a: drud (fat)
|-damage|p1a: drud (fat)|0 fnt
|faint|p1a: drud (fat)
|
|-heal|p2a: Stunfisk|48/100|[from] item: Leftovers
|upkeep
|
|t:|1629010069
|switch|p1a: glockey older bro|Thwackey, M|77/100
|-damage|p1a: glockey older bro|65/100|[from] Stealth Rock
|-fieldstart|move: Grassy Terrain|[from] ability: Grassy Surge|[of] p1a: glockey older bro
|-start|p2a: Stunfisk|typechange|Grass|[from] ability: Mimicry
|turn|17
|
|t:|1629010083
|move|p1a: glockey older bro|U-turn|p2a: Stunfisk
|-supereffective|p2a: Stunfisk
|-damage|p2a: Stunfisk|3/100
|inactive|pinkdragontamer has 120 seconds left.
|
|t:|1629010088
|switch|p1a: mom|Skuntank, F|25/100|[from]move: U-turn
|-damage|p1a: mom|13/100|[from] Stealth Rock
|move|p2a: Stunfisk|Snap Trap|p1a: mom
|-resisted|p1a: mom
|-damage|p1a: mom|3/100
|-activate|p1a: mom|move: Snap Trap|[of] p2a: Stunfisk
|
|-heal|p1a: mom|9/100|[from] Grassy Terrain
|-heal|p1a: mom|15/100|[from] item: Black Sludge
|-heal|p2a: Stunfisk|10/100|[from] Grassy Terrain
|-heal|p2a: Stunfisk|16/100|[from] item: Leftovers
|-damage|p1a: mom|3/100|[from] move: Snap Trap|[partiallytrapped]
|upkeep
|turn|18
|
|t:|1629010095
|move|p1a: mom|Dark Pulse|p2a: Stunfisk
|-damage|p2a: Stunfisk|0 fnt
|faint|p2a: Stunfisk
|
|-heal|p1a: mom|9/100|[from] Grassy Terrain
|-heal|p1a: mom|15/100|[from] item: Black Sludge
|-end|p1a: mom|Snap Trap|[partiallytrapped]|[silent]
|upkeep
|l|+Decem
|
|t:|1629010099
|switch|p2a: Morpeko|Morpeko, M|100/100
|turn|19
|
|t:|1629010106
|move|p2a: Morpeko|Aura Wheel|p1a: mom
|-damage|p1a: mom|0 fnt
|-boost|p2a: Morpeko|spe|1
|faint|p1a: mom
|
|-formechange|p2a: Morpeko|Morpeko-Hangry||[from] ability: Hunger Switch
|upkeep
|
|t:|1629010107
|switch|p1a: glockey older bro|Thwackey, M|65/100
|-damage|p1a: glockey older bro|52/100|[from] Stealth Rock
|turn|20
|
|t:|1629010111
|switch|p2a: Scyther|Scyther, F|21/100
|move|p1a: glockey older bro|Grassy Glide|p2a: Scyther
|-resisted|p2a: Scyther
|-damage|p2a: Scyther|2/100
|
|-heal|p1a: glockey older bro|59/100|[from] Grassy Terrain
|upkeep
|turn|21
|
|t:|1629010114
|move|p1a: glockey older bro|Grassy Glide|p2a: Scyther
|-resisted|p2a: Scyther
|-damage|p2a: Scyther|0 fnt
|faint|p2a: Scyther
|
|-heal|p1a: glockey older bro|65/100|[from] Grassy Terrain
|-fieldend|move: Grassy Terrain
|upkeep
|
|t:|1629010116
|switch|p2a: Weezing|Weezing, F|76/100
|-ability|p2a: Weezing|Neutralizing Gas
|-damage|p2a: Weezing|63/100|[from] Stealth Rock
|turn|22
|
|t:|1629010119
|switch|p1a: alice|Mesprit|100/100
|-damage|p1a: alice|88/100|[from] Stealth Rock
|move|p2a: Weezing|Toxic Spikes|p1a: alice
|-sidestart|p1: pinkdragontamer|move: Toxic Spikes
|
|upkeep
|turn|23
|
|t:|1629010124
|switch|p1a: glockey older bro|Thwackey, M|65/100
|-damage|p1a: glockey older bro|52/100|[from] Stealth Rock
|-status|p1a: glockey older bro|psn
|-end|p2a: Weezing|ability: Neutralizing Gas
|-fieldstart|move: Grassy Terrain|[from] ability: Grassy Surge|[of] p1a: glockey older bro
|switch|p2a: Lunatone|Lunatone|100/100
|-damage|p2a: Lunatone|88/100|[from] Stealth Rock
|
|-heal|p1a: glockey older bro|58/100 psn|[from] Grassy Terrain
|-heal|p2a: Lunatone|94/100|[from] item: Leftovers
|-damage|p1a: glockey older bro|46/100 psn|[from] psn
|upkeep
|turn|24
|
|t:|1629010130
|switch|p2a: Weezing|Weezing, F|63/100
|-ability|p2a: Weezing|Neutralizing Gas
|-damage|p2a: Weezing|51/100|[from] Stealth Rock
|move|p1a: glockey older bro|U-turn|p2a: Weezing
|-resisted|p2a: Weezing
|-damage|p2a: Weezing|42/100
|
|t:|1629010133
|switch|p1a: alice|Mesprit|88/100|[from]move: U-turn
|-damage|p1a: alice|76/100|[from] Stealth Rock
|-status|p1a: alice|psn
|-enditem|p1a: alice|Grassy Seed
|-boost|p1a: alice|def|1|[from] item: Grassy Seed
|
|-heal|p1a: alice|82/100 psn|[from] Grassy Terrain
|-heal|p2a: Weezing|48/100|[from] Grassy Terrain
|-damage|p1a: alice|69/100 psn|[from] psn
|upkeep
|turn|25
|
|t:|1629010138
|-end|p2a: Weezing|ability: Neutralizing Gas
|switch|p2a: Morpeko|Morpeko, M|100/100
|move|p1a: alice|Calm Mind|p1a: alice
|-boost|p1a: alice|spa|1
|-boost|p1a: alice|spd|1
|
|-damage|p1a: alice|57/100 psn|[from] psn
|-formechange|p2a: Morpeko|Morpeko-Hangry||[from] ability: Hunger Switch
|upkeep
|turn|26
|
|t:|1629010142
|move|p2a: Morpeko|Aura Wheel|p1a: alice
|-supereffective|p1a: alice
|-damage|p1a: alice|17/100 psn
|-boost|p2a: Morpeko|spe|1
|move|p1a: alice|Draining Kiss|p2a: Morpeko
|-supereffective|p2a: Morpeko
|-damage|p2a: Morpeko|33/100
|-heal|p1a: alice|53/100 psn|[from] drain|[of] p2a: Morpeko
|
|-heal|p2a: Morpeko|39/100|[from] Grassy Terrain
|-damage|p1a: alice|41/100 psn|[from] psn
|-formechange|p2a: Morpeko|Morpeko||[from] ability: Hunger Switch
|upkeep
|turn|27
|
|t:|1629010147
|move|p2a: Morpeko|Protect|p2a: Morpeko
|-singleturn|p2a: Morpeko|Protect
|move|p1a: alice|Rest|p1a: alice
|-status|p1a: alice|slp|[from] move: Rest
|-heal|p1a: alice|100/100 slp|[silent]
|
|-heal|p2a: Morpeko|45/100|[from] Grassy Terrain
|-fieldend|move: Grassy Terrain
|-formechange|p2a: Morpeko|Morpeko-Hangry||[from] ability: Hunger Switch
|upkeep
|turn|28
|
|t:|1629010150
|move|p2a: Morpeko|Aura Wheel|p1a: alice
|-supereffective|p1a: alice
|-damage|p1a: alice|56/100 slp
|-boost|p2a: Morpeko|spe|1
|cant|p1a: alice|slp
|
|-formechange|p2a: Morpeko|Morpeko||[from] ability: Hunger Switch
|upkeep
|turn|29
|
|t:|1629010153
|move|p2a: Morpeko|Aura Wheel|p1a: alice
|-damage|p1a: alice|34/100 slp
|-boost|p2a: Morpeko|spe|1
|cant|p1a: alice|slp
|
|-formechange|p2a: Morpeko|Morpeko-Hangry||[from] ability: Hunger Switch
|upkeep
|turn|30
|
|t:|1629010156
|move|p2a: Morpeko|Aura Wheel|p1a: alice
|-supereffective|p1a: alice
|-damage|p1a: alice|0 fnt
|-boost|p2a: Morpeko|spe|1
|faint|p1a: alice
|
|-formechange|p2a: Morpeko|Morpeko||[from] ability: Hunger Switch
|upkeep
|
|t:|1629010157
|switch|p1a: glockey older bro|Thwackey, M|46/100 psn
|-damage|p1a: glockey older bro|33/100 psn|[from] Stealth Rock
|-fieldstart|move: Grassy Terrain|[from] ability: Grassy Surge|[of] p1a: glockey older bro
|turn|31
|
|t:|1629010159
|move|p2a: Morpeko|Protect|p2a: Morpeko
|-singleturn|p2a: Morpeko|Protect
|move|p1a: glockey older bro|Grassy Glide|p2a: Morpeko
|-activate|p2a: Morpeko|move: Protect
|
|-heal|p2a: Morpeko|51/100|[from] Grassy Terrain
|-heal|p1a: glockey older bro|39/100 psn|[from] Grassy Terrain
|-damage|p1a: glockey older bro|27/100 psn|[from] psn
|-formechange|p2a: Morpeko|Morpeko-Hangry||[from] ability: Hunger Switch
|upkeep
|turn|32
|
|t:|1629010163
|switch|p2a: Weezing|Weezing, F|48/100
|-ability|p2a: Weezing|Neutralizing Gas
|-damage|p2a: Weezing|36/100|[from] Stealth Rock
|move|p1a: glockey older bro|Grassy Glide|p2a: Weezing
|-resisted|p2a: Weezing
|-crit|p2a: Weezing
|-damage|p2a: Weezing|10/100
|
|-heal|p1a: glockey older bro|33/100 psn|[from] Grassy Terrain
|-heal|p2a: Weezing|16/100|[from] Grassy Terrain
|-damage|p1a: glockey older bro|20/100 psn|[from] psn
|upkeep
|turn|33
|
|t:|1629010165
|move|p1a: glockey older bro|Grassy Glide|p2a: Weezing
|-resisted|p2a: Weezing
|-damage|p2a: Weezing|0 fnt
|faint|p2a: Weezing
|-end|p2a: Weezing|ability: Neutralizing Gas
|
|-heal|p1a: glockey older bro|26/100 psn|[from] Grassy Terrain
|-damage|p1a: glockey older bro|14/100 psn|[from] psn
|upkeep
|
|t:|1629010169
|switch|p2a: Lunatone|Lunatone|94/100
|-damage|p2a: Lunatone|82/100|[from] Stealth Rock
|turn|34
|
|t:|1629010171
|move|p1a: glockey older bro|Grassy Glide|p2a: Lunatone
|-supereffective|p2a: Lunatone
|-damage|p2a: Lunatone|0 fnt
|faint|p2a: Lunatone
|
|-heal|p1a: glockey older bro|20/100 psn|[from] Grassy Terrain
|-damage|p1a: glockey older bro|8/100 psn|[from] psn
|upkeep
|
|t:|1629010173
|switch|p2a: Morpeko|Morpeko, M|51/100
|turn|35
|
|t:|1629010176
|move|p2a: Morpeko|Protect|p2a: Morpeko
|-singleturn|p2a: Morpeko|Protect
|move|p1a: glockey older bro|Grassy Glide|p2a: Morpeko
|-activate|p2a: Morpeko|move: Protect
|
|-heal|p2a: Morpeko|58/100|[from] Grassy Terrain
|-heal|p1a: glockey older bro|14/100 psn|[from] Grassy Terrain
|-damage|p1a: glockey older bro|1/100 psn|[from] psn
|-fieldend|move: Grassy Terrain
|-formechange|p2a: Morpeko|Morpeko-Hangry||[from] ability: Hunger Switch
|upkeep
|turn|36
|
|t:|1629010179
|move|p2a: Morpeko|Aura Wheel|p1a: glockey older bro
|-damage|p1a: glockey older bro|0 fnt
|-boost|p2a: Morpeko|spe|1
|faint|p1a: glockey older bro
|
|-formechange|p2a: Morpeko|Morpeko||[from] ability: Hunger Switch
|upkeep
|
|t:|1629010180
|switch|p1a: Silvally|Silvally-Ghost|100/100
|-status|p1a: Silvally|psn
|-damage|p1a: Silvally|88/100 psn|[from] Stealth Rock
|turn|37
|
|t:|1629010183
|move|p2a: Morpeko|Aura Wheel|p1a: Silvally
|-damage|p1a: Silvally|42/100 psn
|-boost|p2a: Morpeko|spe|1
|move|p1a: Silvally|Swords Dance|p1a: Silvally
|-boost|p1a: Silvally|atk|2
|
|-damage|p1a: Silvally|29/100 psn|[from] psn
|-formechange|p2a: Morpeko|Morpeko-Hangry||[from] ability: Hunger Switch
|upkeep
|turn|38
|c|☆Vst tur|Gg
|c|☆pinkdragontamer|u suck dick
|l| MartAlvarez♫
|-message|pinkdragontamer forfeited.
|
|win|Vst tur
|raw|pinkdragontamer's rating: 1522 &rarr; <strong>1502</strong><br />(-20 for losing)
|raw|Vst tur's rating: 1515 &rarr; <strong>1535</strong><br />(+20 for winning)
