|j|☆SeenTHroughCracks
|j|☆wild drud
|inactive|Battle timer is ON: inactive players will automatically lose when time's up.
|t:|1652526128
|gametype|singles
|player|p1|SeenTHroughCracks|lucas-gen4pt|
|player|p2|wild drud|richboy-gen4|
|teamsize|p1|6
|teamsize|p2|6
|gen|8
|tier|[Gen 8] PU
|rated|Tournament battle
|rule|Sleep Clause Mod: Limit one foe put to sleep
|rule|Species Clause: Limit one of each Pokémon
|rule|OHKO Clause: OHKO moves are banned
|rule|Evasion Moves Clause: Evasion moves are banned
|rule|Endless Battle Clause: Forcing endless battles is banned
|rule|HP Percentage Mod: HP is shown in percentages
|rule|Dynamax Clause: You cannot dynamax
|clearpoke
|poke|p1|Thwackey, F|
|poke|p1|Lanturn, M|
|poke|p1|Perrserker, F|
|poke|p1|Charizard, F|
|poke|p1|Regirock|
|poke|p1|Audino, F|
|poke|p2|Aurorus, F|
|poke|p2|Quagsire, M|
|poke|p2|Garbodor, M|
|poke|p2|Togedemaru, F|
|poke|p2|Archeops, F|
|poke|p2|Shiftry, M|
|teampreview
|j| BB-8-NU
|j|*Lady Monita ✿
|inactive|wild drud also wants the timer to be on.
|j|+heroictobias
|j| iNastyy
|j| EpicBoyDivタ
|c|☆SeenTHroughCracks|Wow
|c| EpicBoyDivタ|Hf!
|c|☆SeenTHroughCracks|u have an awesome teamsir
|c|☆SeenTHroughCracks|glhf
|c|☆wild drud|hf
|j| Meister Siegfried
|c| EpicBoyDivタ|oo that's a scary team ngl
|j| TakingNotesKinda
|inactive|SeenTHroughCracks has 120 seconds left.
|inactive|wild drud has 120 seconds left.
|j| Phantomistix
|j|@daki
|
|t:|1652526179
|start
|switch|p1a: Lanturn|Lanturn, M|100/100
|switch|p2a: Garbodor|Garbodor, M|100/100
|turn|1
|
|t:|1652526188
|move|p2a: Garbodor|Corrosive Gas|p1a: Lanturn
|-enditem|p1a: Lanturn|Heavy-Duty Boots|[from] move: Corrosive Gas|[of] p2a: Garbodor
|move|p1a: Lanturn|Volt Switch|p2a: Garbodor
|-crit|p2a: Garbodor
|-damage|p2a: Garbodor|69/100
|j| yo sup guys
|
|t:|1652526199
|switch|p1a: Charizard|Charizard, F|100/100|[from]move: Volt Switch
|
|upkeep
|turn|2
|j| AltMGMatthewAlt
|
|t:|1652526203
|switch|p2a: Archeops|Archeops, F|100/100
|move|p1a: Charizard|Fire Blast|p2a: Archeops
|-resisted|p2a: Archeops
|-damage|p2a: Archeops|54/100
|
|upkeep
|turn|3
|c| Phantomistix|who dis, same rooms as crunch but isnt crunch...
|c| AltMGMatthewAlt|lol
|
|t:|1652526215
|switch|p1a: Audino|Audino, F|100/100
|move|p2a: Archeops|U-turn|p1a: Audino
|-crit|p1a: Audino
|-damage|p1a: Audino|67/100
|c| Phantomistix|well similar rooms
|
|t:|1652526221
|switch|p2a: Aurorus|Aurorus, F|100/100|[from]move: U-turn
|-weather|Hail|[from] ability: Snow Warning|[of] p2a: Aurorus
|
|-weather|Hail|[upkeep]
|-damage|p1a: Audino|61/100|[from] Hail
|upkeep
|turn|4
|j| reje
|
|t:|1652526225
|move|p2a: Aurorus|Stealth Rock|p1a: Audino
|-sidestart|p1: SeenTHroughCracks|move: Stealth Rock
|move|p1a: Audino|Toxic|p2a: Aurorus
|-status|p2a: Aurorus|tox
|
|-weather|Hail|[upkeep]
|-damage|p1a: Audino|55/100|[from] Hail
|-damage|p2a: Aurorus|94/100 tox|[from] psn
|upkeep
|turn|5
|
|t:|1652526233
|switch|p1a: Lanturn|Lanturn, M|100/100
|-damage|p1a: Lanturn|88/100|[from] Stealth Rock
|move|p2a: Aurorus|Blizzard|p1a: Lanturn
|-resisted|p1a: Lanturn
|-damage|p1a: Lanturn|73/100
|
|-weather|Hail|[upkeep]
|-damage|p1a: Lanturn|67/100|[from] Hail
|-damage|p2a: Aurorus|82/100 tox|[from] psn
|upkeep
|turn|6
|c| Phantomistix|reje upl draft when
|
|t:|1652526244
|switch|p2a: Togedemaru|Togedemaru, F|100/100
|move|p1a: Lanturn|Volt Switch|p2a: Togedemaru
|-ability|p2a: Togedemaru|Lightning Rod|boost
|-boost|p2a: Togedemaru|spa|1
|
|-weather|Hail|[upkeep]
|-damage|p2a: Togedemaru|95/100|[from] Hail
|-damage|p1a: Lanturn|61/100|[from] Hail
|upkeep
|turn|7
|
|t:|1652526252
|move|p2a: Togedemaru|Toxic|p1a: Lanturn
|-status|p1a: Lanturn|tox
|move|p1a: Lanturn|Rest|p1a: Lanturn
|-status|p1a: Lanturn|slp|[from] move: Rest
|-heal|p1a: Lanturn|100/100 slp|[silent]
|
|-weather|none
|upkeep
|turn|8
|
|t:|1652526257
|move|p2a: Togedemaru|Wish|p2a: Togedemaru
|cant|p1a: Lanturn|slp
|move|p1a: Lanturn|Sleep Talk|p1a: Lanturn
|move|p1a: Lanturn|Rest||[from]move: Sleep Talk|[still]
|-fail|p1a: Lanturn
|
|upkeep
|turn|9
|
|t:|1652526273
|switch|p1a: Thwackey|Thwackey, F|100/100
|-damage|p1a: Thwackey|88/100|[from] Stealth Rock
|-fieldstart|move: Grassy Terrain|[from] ability: Grassy Surge|[of] p1a: Thwackey
|move|p2a: Togedemaru|Iron Head|p1a: Thwackey
|-damage|p1a: Thwackey|40/100
|
|-heal|p2a: Togedemaru|100/100|[from] move: Wish|[wisher] Togedemaru
|-heal|p1a: Thwackey|46/100|[from] Grassy Terrain
|upkeep
|turn|10
|j| paolode99
|
|t:|1652526286
|switch|p1a: Lanturn|Lanturn, M|100/100 slp
|-damage|p1a: Lanturn|88/100 slp|[from] Stealth Rock
|move|p2a: Togedemaru|Iron Head|p1a: Lanturn
|-resisted|p1a: Lanturn
|-damage|p1a: Lanturn|80/100 slp
|
|-heal|p1a: Lanturn|86/100 slp|[from] Grassy Terrain
|upkeep
|turn|11
|j| Ma_Bot
|c| EpicBoyDivタ|reveal u turn
|
|t:|1652526294
|move|p2a: Togedemaru|Iron Head|p1a: Lanturn
|-resisted|p1a: Lanturn
|-damage|p1a: Lanturn|78/100 slp
|cant|p1a: Lanturn|slp
|move|p1a: Lanturn|Sleep Talk|p1a: Lanturn
|move|p1a: Lanturn|Scald|p2a: Togedemaru|[from]move: Sleep Talk
|-damage|p2a: Togedemaru|81/100
|
|-heal|p2a: Togedemaru|87/100|[from] Grassy Terrain
|-heal|p1a: Lanturn|85/100 slp|[from] Grassy Terrain
|upkeep
|turn|12
|
|t:|1652526304
|move|p2a: Togedemaru|Iron Head|p1a: Lanturn
|-resisted|p1a: Lanturn
|-damage|p1a: Lanturn|77/100 slp
|-curestatus|p1a: Lanturn|slp|[msg]
|move|p1a: Lanturn|Scald|p2a: Togedemaru
|-damage|p2a: Togedemaru|66/100
|-status|p2a: Togedemaru|brn
|
|-heal|p2a: Togedemaru|72/100 brn|[from] Grassy Terrain
|-heal|p1a: Lanturn|84/100|[from] Grassy Terrain
|-damage|p2a: Togedemaru|66/100 brn|[from] brn
|upkeep
|turn|13
|
|t:|1652526320
|switch|p1a: Perrserker|Perrserker, F|100/100
|-damage|p1a: Perrserker|94/100|[from] Stealth Rock
|move|p2a: Togedemaru|Toxic|p1a: Perrserker
|-immune|p1a: Perrserker
|
|-heal|p2a: Togedemaru|72/100 brn|[from] Grassy Terrain
|-heal|p1a: Perrserker|100/100|[from] Grassy Terrain
|-damage|p2a: Togedemaru|66/100 brn|[from] brn
|-fieldend|move: Grassy Terrain
|upkeep
|turn|14
|
|t:|1652526328
|switch|p2a: Garbodor|Garbodor, M|69/100
|move|p1a: Perrserker|Seed Bomb|p2a: Garbodor
|-resisted|p2a: Garbodor
|-damage|p2a: Garbodor|52/100
|
|upkeep
|turn|15
|j| TGA
|
|t:|1652526340
|switch|p1a: Charizard|Charizard, F|100/100
|move|p2a: Garbodor|Spikes|p1a: Charizard
|-sidestart|p1: SeenTHroughCracks|Spikes
|
|upkeep
|turn|16
|
|t:|1652526350
|switch|p2a: Archeops|Archeops, F|54/100
|move|p1a: Charizard|Fire Blast|p2a: Archeops
|-resisted|p2a: Archeops
|-damage|p2a: Archeops|6/100
|
|upkeep
|turn|17
|j| NemesisOP69
|inactive|SeenTHroughCracks has 120 seconds left.
|
|t:|1652526381
|switch|p1a: Regirock|Regirock|100/100
|-damage|p1a: Regirock|88/100|[from] Spikes
|-damage|p1a: Regirock|76/100|[from] Stealth Rock
|move|p2a: Archeops|Roost|p2a: Archeops
|-heal|p2a: Archeops|56/100
|-singleturn|p2a: Archeops|move: Roost
|
|-heal|p1a: Regirock|82/100|[from] item: Leftovers
|upkeep
|turn|18
|
|t:|1652526391
|move|p2a: Archeops|U-turn|p1a: Regirock
|-damage|p1a: Regirock|69/100
|
|t:|1652526392
|switch|p2a: Quagsire|Quagsire, M|100/100|[from]move: U-turn
|move|p1a: Regirock|Stealth Rock|p2a: Quagsire
|-sidestart|p2: wild drud|move: Stealth Rock
|
|-heal|p1a: Regirock|75/100|[from] item: Leftovers
|upkeep
|turn|19
|
|t:|1652526400
|move|p1a: Regirock|Toxic|p2a: Quagsire
|-status|p2a: Quagsire|tox
|move|p2a: Quagsire|Toxic|p1a: Regirock|[miss]
|-miss|p2a: Quagsire|p1a: Regirock
|
|-heal|p1a: Regirock|81/100|[from] item: Leftovers
|-damage|p2a: Quagsire|94/100 tox|[from] psn
|upkeep
|turn|20
|
|t:|1652526421
|switch|p1a: Audino|Audino, F|88/100
|move|p2a: Quagsire|Scald|p1a: Audino
|-damage|p1a: Audino|76/100
|-status|p1a: Audino|brn
|
|-damage|p2a: Quagsire|82/100 tox|[from] psn
|-damage|p1a: Audino|70/100 brn|[from] brn
|upkeep
|turn|21
|
|t:|1652526427
|switch|p2a: Shiftry|Shiftry, M|100/100
|move|p1a: Audino|Wish|p1a: Audino
|
|-damage|p1a: Audino|64/100 brn|[from] brn
|upkeep
|turn|22
|
|t:|1652526438
|move|p2a: Shiftry|Knock Off|p1a: Audino
|-damage|p1a: Audino|22/100 brn
|-enditem|p1a: Audino|Heavy-Duty Boots|[from] move: Knock Off|[of] p2a: Shiftry
|move|p1a: Audino|Toxic|p2a: Shiftry
|-status|p2a: Shiftry|tox
|
|-heal|p1a: Audino|72/100 brn|[from] move: Wish|[wisher] Audino
|-damage|p2a: Shiftry|94/100 tox|[from] psn
|-damage|p1a: Audino|66/100 brn|[from] brn
|upkeep
|turn|23
|l| Meister Siegfried
|
|t:|1652526444
|move|p2a: Shiftry|Swords Dance|p2a: Shiftry
|-boost|p2a: Shiftry|atk|2
|move|p1a: Audino|Wish|p1a: Audino
|
|-damage|p2a: Shiftry|82/100 tox|[from] psn
|-damage|p1a: Audino|60/100 brn|[from] brn
|upkeep
|turn|24
|
|t:|1652526468
|switch|p1a: Regirock|Regirock|81/100
|-damage|p1a: Regirock|69/100|[from] Spikes
|-damage|p1a: Regirock|56/100|[from] Stealth Rock
|move|p2a: Shiftry|Swords Dance|p2a: Shiftry
|-boost|p2a: Shiftry|atk|2
|
|-heal|p1a: Regirock|100/100|[from] move: Wish|[wisher] Audino
|-damage|p2a: Shiftry|64/100 tox|[from] psn
|upkeep
|turn|25
|
|t:|1652526476
|move|p2a: Shiftry|Knock Off|p1a: Regirock
|-damage|p1a: Regirock|30/100
|-enditem|p1a: Regirock|Leftovers|[from] move: Knock Off|[of] p2a: Shiftry
|move|p1a: Regirock|Body Press|p2a: Shiftry
|-supereffective|p2a: Shiftry
|-damage|p2a: Shiftry|0 fnt
|faint|p2a: Shiftry
|
|upkeep
|
|t:|1652526483
|switch|p2a: Aurorus|Aurorus, F|82/100 tox
|-weather|Hail|[from] ability: Snow Warning|[of] p2a: Aurorus
|turn|26
|c| EpicBoyDivタ|why not grass move there..
|
|t:|1652526513
|move|p2a: Aurorus|Blizzard|p1a: Regirock
|-damage|p1a: Regirock|0 fnt
|faint|p1a: Regirock
|
|-weather|Hail|[upkeep]
|-damage|p2a: Aurorus|76/100 tox|[from] psn
|upkeep
|
|t:|1652526524
|switch|p1a: Perrserker|Perrserker, F|100/100
|-damage|p1a: Perrserker|94/100|[from] Stealth Rock
|-damage|p1a: Perrserker|82/100|[from] Spikes
|turn|27
|c|☆wild drud|the set doesnt have one
|c| EpicBoyDivタ|oh
|
|t:|1652526544
|switch|p2a: Togedemaru|Togedemaru, F|66/100 brn
|move|p1a: Perrserker|Close Combat|p2a: Togedemaru
|-supereffective|p2a: Togedemaru
|-damage|p2a: Togedemaru|0 fnt
|-unboost|p1a: Perrserker|def|1
|-unboost|p1a: Perrserker|spd|1
|faint|p2a: Togedemaru
|
|-weather|Hail|[upkeep]
|-damage|p1a: Perrserker|76/100|[from] Hail
|upkeep
|
|t:|1652526546
|switch|p2a: Archeops|Archeops, F|56/100
|turn|28
|inactive|SeenTHroughCracks has 120 seconds left.
|inactive|SeenTHroughCracks has 90 seconds left.
|j| jambo de cuarzo
|inactive|SeenTHroughCracks has 60 seconds left.
|
|t:|1652526640
|switch|p1a: Lanturn|Lanturn, M|84/100
|-damage|p1a: Lanturn|71/100|[from] Stealth Rock
|-damage|p1a: Lanturn|59/100|[from] Spikes
|move|p2a: Archeops|Earthquake|p1a: Lanturn
|-supereffective|p1a: Lanturn
|-damage|p1a: Lanturn|0 fnt
|faint|p1a: Lanturn
|
|-weather|Hail|[upkeep]
|-damage|p2a: Archeops|50/100|[from] Hail
|upkeep
|inactive|SeenTHroughCracks has 60 seconds left.
|
|t:|1652526652
|switch|p1a: Audino|Audino, F|93/100 brn
|-damage|p1a: Audino|81/100 brn|[from] Stealth Rock
|-damage|p1a: Audino|68/100 brn|[from] Spikes
|turn|29
|
|t:|1652526659
|move|p2a: Archeops|Roost|p2a: Archeops
|-heal|p2a: Archeops|99/100
|-singleturn|p2a: Archeops|move: Roost
|move|p1a: Audino|Wish|p1a: Audino
|
|-weather|Hail|[upkeep]
|-damage|p2a: Archeops|94/100|[from] Hail
|-damage|p1a: Audino|62/100 brn|[from] Hail
|-damage|p1a: Audino|56/100 brn|[from] brn
|upkeep
|turn|30
|
|t:|1652526667
|move|p1a: Audino|Protect|p1a: Audino
|-singleturn|p1a: Audino|Protect
|move|p2a: Archeops|U-turn|p1a: Audino
|-activate|p1a: Audino|move: Protect
|
|-weather|none
|-heal|p1a: Audino|100/100 brn|[from] move: Wish|[wisher] Audino
|-damage|p1a: Audino|94/100 brn|[from] brn
|upkeep
|turn|31
|
|t:|1652526677
|move|p2a: Archeops|U-turn|p1a: Audino
|-damage|p1a: Audino|69/100 brn
|
|t:|1652526691
|switch|p2a: Aurorus|Aurorus, F|76/100 tox|[from]move: U-turn
|-weather|Hail|[from] ability: Snow Warning|[of] p2a: Aurorus
|move|p1a: Audino|Wish|p1a: Audino
|
|-weather|Hail|[upkeep]
|-damage|p1a: Audino|63/100 brn|[from] Hail
|-damage|p2a: Aurorus|69/100 tox|[from] psn
|-damage|p1a: Audino|57/100 brn|[from] brn
|upkeep
|turn|32
|
|t:|1652526708
|move|p1a: Audino|Protect|p1a: Audino
|-singleturn|p1a: Audino|Protect
|move|p2a: Aurorus|Blizzard|p1a: Audino
|-activate|p1a: Audino|move: Protect
|
|-weather|Hail|[upkeep]
|-damage|p1a: Audino|50/100 brn|[from] Hail
|-heal|p1a: Audino|100/100 brn|[from] move: Wish|[wisher] Audino
|-damage|p2a: Aurorus|57/100 tox|[from] psn
|-damage|p1a: Audino|94/100 brn|[from] brn
|upkeep
|turn|33
|
|t:|1652526716
|move|p2a: Aurorus|Blizzard|p1a: Audino
|-damage|p1a: Audino|61/100 brn
|move|p1a: Audino|Wish|p1a: Audino
|
|-weather|Hail|[upkeep]
|-damage|p1a: Audino|55/100 brn|[from] Hail
|-damage|p2a: Aurorus|38/100 tox|[from] psn
|-damage|p1a: Audino|49/100 brn|[from] brn
|upkeep
|turn|34
|
|t:|1652526720
|switch|p2a: Garbodor|Garbodor, M|52/100
|-damage|p2a: Garbodor|40/100|[from] Stealth Rock
|switch|p1a: Perrserker|Perrserker, F|76/100
|-damage|p1a: Perrserker|70/100|[from] Stealth Rock
|-damage|p1a: Perrserker|58/100|[from] Spikes
|
|-weather|Hail|[upkeep]
|-damage|p2a: Garbodor|34/100|[from] Hail
|-damage|p1a: Perrserker|52/100|[from] Hail
|-heal|p1a: Perrserker|100/100|[from] move: Wish|[wisher] Audino
|upkeep
|turn|35
|j| HrmHmmHmmm
|inactive|SeenTHroughCracks has 90 seconds left.
|j| PokemonMasterEjaz
|
|t:|1652526733
|switch|p2a: Quagsire|Quagsire, M|82/100 tox
|move|p1a: Perrserker|Iron Head|p2a: Quagsire
|-resisted|p2a: Quagsire
|-damage|p2a: Quagsire|55/100 tox
|
|-weather|none
|-damage|p2a: Quagsire|49/100 tox|[from] psn
|upkeep
|turn|36
|l| PokemonMasterEjaz
|
|t:|1652526747
|switch|p1a: Audino|Audino, F|82/100 brn
|-damage|p1a: Audino|69/100 brn|[from] Stealth Rock
|-damage|p1a: Audino|57/100 brn|[from] Spikes
|switch|p2a: Archeops|Archeops, F|94/100
|
|-damage|p1a: Audino|51/100 brn|[from] brn
|upkeep
|turn|37
|inactive|SeenTHroughCracks has 90 seconds left.
|
|t:|1652526767
|switch|p1a: Charizard|Charizard, F|100/100
|move|p2a: Archeops|Stone Edge|p1a: Charizard|[miss]
|-miss|p2a: Archeops|p1a: Charizard
|
|upkeep
|turn|38
|inactive|SeenTHroughCracks has 90 seconds left.
|
|t:|1652526779
|move|p2a: Archeops|Stone Edge|p1a: Charizard
|-supereffective|p1a: Charizard
|-damage|p1a: Charizard|0 fnt
|faint|p1a: Charizard
|
|upkeep
|
|t:|1652526784
|switch|p1a: Thwackey|Thwackey, F|46/100
|-damage|p1a: Thwackey|34/100|[from] Spikes
|-damage|p1a: Thwackey|21/100|[from] Stealth Rock
|-fieldstart|move: Grassy Terrain|[from] ability: Grassy Surge|[of] p1a: Thwackey
|turn|39
|j| Floatzelnite
|inactive|SeenTHroughCracks has 90 seconds left.
|
|t:|1652526794
|switch|p2a: Garbodor|Garbodor, M|34/100
|-damage|p2a: Garbodor|22/100|[from] Stealth Rock
|move|p1a: Thwackey|Grassy Glide|p2a: Garbodor
|-resisted|p2a: Garbodor
|-damage|p2a: Garbodor|0 fnt
|-damage|p1a: Thwackey|0 fnt|[from] ability: Aftermath|[of] p2a: Garbodor
|faint|p2a: Garbodor
|faint|p1a: Thwackey
|
|upkeep
|inactive|SeenTHroughCracks has 90 seconds left.
|
|t:|1652526808
|switch|p1a: Perrserker|Perrserker, F|100/100
|switch|p2a: Archeops|Archeops, F|94/100
|-damage|p1a: Perrserker|94/100|[from] Stealth Rock
|-damage|p1a: Perrserker|82/100|[from] Spikes
|turn|40
|inactive|SeenTHroughCracks has 90 seconds left.
|
|t:|1652526821
|move|p2a: Archeops|U-turn|p1a: Perrserker
|-resisted|p1a: Perrserker
|-damage|p1a: Perrserker|67/100
|
|t:|1652526826
|switch|p2a: Quagsire|Quagsire, M|49/100 tox|[from]move: U-turn
|move|p1a: Perrserker|Seed Bomb|p2a: Quagsire
|-supereffective|p2a: Quagsire
|-damage|p2a: Quagsire|0 fnt
|faint|p2a: Quagsire
|
|-heal|p1a: Perrserker|73/100|[from] Grassy Terrain
|upkeep
|
|t:|1652526832
|switch|p2a: Aurorus|Aurorus, F|38/100 tox
|-weather|Hail|[from] ability: Snow Warning|[of] p2a: Aurorus
|turn|41
|
|t:|1652526844
|move|p2a: Aurorus|Earth Power|p1a: Perrserker
|-supereffective|p1a: Perrserker
|-damage|p1a: Perrserker|0 fnt
|faint|p1a: Perrserker
|
|-weather|Hail|[upkeep]
|-heal|p2a: Aurorus|45/100 tox|[from] Grassy Terrain
|-damage|p2a: Aurorus|38/100 tox|[from] psn
|upkeep
|
|t:|1652526848
|switch|p1a: Audino|Audino, F|84/100 brn
|-damage|p1a: Audino|71/100 brn|[from] Stealth Rock
|-damage|p1a: Audino|59/100 brn|[from] Spikes
|turn|42
|c|☆SeenTHroughCracks|Gg
|
|t:|1652526858
|move|p2a: Aurorus|Blizzard|p1a: Audino
|-damage|p1a: Audino|30/100 brn
|move|p1a: Audino|Wish|p1a: Audino
|
|-weather|Hail|[upkeep]
|-damage|p1a: Audino|23/100 brn|[from] Hail
|-heal|p2a: Aurorus|45/100 tox|[from] Grassy Terrain
|-heal|p1a: Audino|30/100 brn|[from] Grassy Terrain
|-damage|p2a: Aurorus|32/100 tox|[from] psn
|-damage|p1a: Audino|23/100 brn|[from] brn
|upkeep
|turn|43
|
|t:|1652526861
|switch|p2a: Archeops|Archeops, F|94/100
|move|p1a: Audino|Protect||[still]
|-fail|p1a: Audino
|
|-weather|Hail|[upkeep]
|-damage|p2a: Archeops|87/100|[from] Hail
|-damage|p1a: Audino|17/100 brn|[from] Hail
|-heal|p1a: Audino|67/100 brn|[from] move: Wish|[wisher] Audino
|-heal|p1a: Audino|73/100 brn|[from] Grassy Terrain
|-damage|p1a: Audino|67/100 brn|[from] brn
|-fieldend|move: Grassy Terrain
|upkeep
|turn|44
|inactive|SeenTHroughCracks has 120 seconds left.
|c| EpicBoyDivタ|gg
|
|t:|1652526867
|move|p2a: Archeops|Stone Edge|p1a: Audino
|-crit|p1a: Audino
|-damage|p1a: Audino|0 fnt
|faint|p1a: Audino
|
|win|wild drud
|n|☆SeenTHroughCracks|seenthroughcracks
|n|☆wild drud|wilddrud
|n| BB-8-NU|bb8nu
|n|*Lady Monita ✿|ladymonita
|n|+heroictobias|heroictobias
|n| iNastyy|inastyy
|n| EpicBoyDivタ|epicboydiv
|n| TakingNotesKinda|takingnoteskinda
|n| Phantomistix|phantomistix
|n|+daki|daki
|n| yo sup guys|yosupguys
|n| AltMGMatthewAlt|altmgmatthewalt
|n| reje|reje
|n| paolode99|paolode99
|n| Ma_Bot|mabot
|n| TGA|tga
|n| NemesisOP69|nemesisop69
|n| jambo de cuarzo|jambodecuarzo
|n| HrmHmmHmmm|hrmhmmhmmm
|n| Floatzelnite|floatzelnite
