|j|☆M‽com‽ICS‽am
|j|☆xskelly34
|inactive|Battle timer is ON: inactive players will automatically lose when time's up.
|t:|1651155825
|gametype|singles
|player|p1|M‽com‽ICS‽am|ryuki|
|player|p2|xskelly34|bugsy|
|teamsize|p1|6
|teamsize|p2|6
|gen|8
|tier|[Gen 8] PU
|rated|Tournament battle
|rule|Sleep Clause Mod: Limit one foe put to sleep
|rule|Species Clause: Limit one of each Pokémon
|rule|OHKO Clause: OHKO moves are banned
|rule|Evasion Moves Clause: Evasion moves are banned
|rule|Endless Battle Clause: Forcing endless battles is banned
|rule|HP Percentage Mod: HP is shown in percentages
|rule|Dynamax Clause: You cannot dynamax
|clearpoke
|poke|p1|Gigalith, M|
|poke|p1|Quagsire, M|
|poke|p1|Scrafty, F|
|poke|p1|Weezing, F|
|poke|p1|Ferroseed, M|
|poke|p1|Eldegoss, M|
|poke|p2|Arctovish|
|poke|p2|Weezing, M|
|poke|p2|Eldegoss, F|
|poke|p2|Gigalith, F|
|poke|p2|Mesprit|
|poke|p2|Scrafty, F|
|teampreview
|j|*Lady Monita ✿
|inactive|M‽com‽ICS‽am also wants the timer to be on.
|j| Axelsior
|c|☆M‽com‽ICS‽am|hf
|c|☆xskelly34|u2
|j|+ChaosLucaro
|
|t:|1651155846
|start
|switch|p1a: Ferroseed|Ferroseed, M|100/100
|switch|p2a: Scrafty|Scrafty, F|100/100
|turn|1
|j| LOVE P SHOWDOWN
|
|t:|1651155848
|move|p2a: Scrafty|Knock Off|p1a: Ferroseed
|-damage|p1a: Ferroseed|80/100
|-damage|p2a: Scrafty|88/100|[from] ability: Iron Barbs|[of] p1a: Ferroseed
|-enditem|p1a: Ferroseed|Eviolite|[from] move: Knock Off|[of] p2a: Scrafty
|move|p1a: Ferroseed|Leech Seed|p2a: Scrafty
|-start|p2a: Scrafty|move: Leech Seed
|
|-heal|p2a: Scrafty|94/100|[from] item: Leftovers
|-damage|p2a: Scrafty|82/100|[from] Leech Seed|[of] p1a: Ferroseed
|-heal|p1a: Ferroseed|94/100|[silent]
|upkeep
|turn|2
|
|t:|1651155851
|move|p2a: Scrafty|Drain Punch|p1a: Ferroseed
|-supereffective|p1a: Ferroseed
|-damage|p1a: Ferroseed|53/100
|-heal|p2a: Scrafty|99/100|[from] drain|[of] p1a: Ferroseed
|-damage|p2a: Scrafty|88/100|[from] ability: Iron Barbs|[of] p1a: Ferroseed
|move|p1a: Ferroseed|Spikes|p2a: Scrafty
|-sidestart|p2: xskelly34|Spikes
|
|-heal|p2a: Scrafty|94/100|[from] item: Leftovers
|-damage|p2a: Scrafty|81/100|[from] Leech Seed|[of] p1a: Ferroseed
|-heal|p1a: Ferroseed|67/100|[silent]
|upkeep
|turn|3
|
|t:|1651155854
|move|p1a: Ferroseed|Protect|p1a: Ferroseed
|-singleturn|p1a: Ferroseed|Protect
|move|p2a: Scrafty|Drain Punch|p1a: Ferroseed
|-activate|p1a: Ferroseed|move: Protect
|
|-heal|p2a: Scrafty|87/100|[from] item: Leftovers
|-damage|p2a: Scrafty|75/100|[from] Leech Seed|[of] p1a: Ferroseed
|-heal|p1a: Ferroseed|81/100|[silent]
|upkeep
|turn|4
|l| LOVE P SHOWDOWN
|
|t:|1651155862
|switch|p2a: Eldegoss|Eldegoss, F|100/100
|move|p1a: Ferroseed|Spikes|p2a: Eldegoss
|-sidestart|p2: xskelly34|Spikes
|
|upkeep
|turn|5
|j| yo sup guys
|
|t:|1651155867
|move|p2a: Eldegoss|Rapid Spin|p1a: Ferroseed
|-resisted|p1a: Ferroseed
|-damage|p1a: Ferroseed|78/100
|-boost|p2a: Eldegoss|spe|1
|-damage|p2a: Eldegoss|88/100|[from] ability: Iron Barbs|[of] p1a: Ferroseed
|-sideend|p2: xskelly34|Spikes|[from] move: Rapid Spin|[of] p2a: Eldegoss
|move|p1a: Ferroseed|Toxic|p2a: Eldegoss
|-status|p2a: Eldegoss|tox
|
|-damage|p2a: Eldegoss|82/100 tox|[from] psn
|upkeep
|turn|6
|
|t:|1651155880
|switch|p2a: Scrafty|Scrafty, F|75/100
|move|p1a: Ferroseed|Spikes|p2a: Scrafty
|-sidestart|p2: xskelly34|Spikes
|
|-heal|p2a: Scrafty|81/100|[from] item: Leftovers
|upkeep
|turn|7
|
|t:|1651155883
|switch|p1a: Weezing|Weezing, F|100/100
|move|p2a: Scrafty|Drain Punch|p1a: Weezing
|-resisted|p1a: Weezing
|-damage|p1a: Weezing|92/100
|-heal|p2a: Scrafty|86/100|[from] drain|[of] p1a: Weezing
|
|-heal|p1a: Weezing|98/100|[from] item: Black Sludge
|-heal|p2a: Scrafty|92/100|[from] item: Leftovers
|upkeep
|turn|8
|
|t:|1651155890
|switch|p2a: Mesprit|Mesprit|100/100
|move|p1a: Weezing|Will-O-Wisp|p2a: Mesprit
|-status|p2a: Mesprit|brn
|
|-heal|p1a: Weezing|100/100|[from] item: Black Sludge
|-damage|p2a: Mesprit|95/100 brn|[from] brn
|upkeep
|turn|9
|
|t:|1651155896
|switch|p1a: Scrafty|Scrafty, F|100/100
|move|p2a: Mesprit|Trick|p1a: Scrafty
|-activate|p2a: Mesprit|move: Trick|[of] p1a: Scrafty
|-item|p1a: Scrafty|Choice Scarf|[from] move: Trick
|-item|p2a: Mesprit|Leftovers|[from] move: Trick
|
|-heal|p2a: Mesprit|100/100 brn|[from] item: Leftovers
|-damage|p2a: Mesprit|95/100 brn|[from] brn
|upkeep
|turn|10
|
|t:|1651155900
|move|p2a: Mesprit|Dazzling Gleam|p1a: Scrafty
|-supereffective|p1a: Scrafty
|-crit|p1a: Scrafty
|-damage|p1a: Scrafty|0 fnt
|faint|p1a: Scrafty
|
|-heal|p2a: Mesprit|100/100 brn|[from] item: Leftovers
|-damage|p2a: Mesprit|95/100 brn|[from] brn
|upkeep
|-message|M‽com‽ICS‽am forfeited.
|
|win|xskelly34
|n|☆M‽com‽ICS‽am|mcomicsam
|n|☆xskelly34|xskelly34
|n|*Lady Monita ✿|ladymonita
|n| Axelsior|axelsior
|n| ChaosLucaro|chaoslucaro
|n| yo sup guys|yosupguys
