|j|☆Bigkevinm84
|j|☆BirdKeepr
|t:|1622669664
|gametype|singles
|player|p1|Bigkevinm84|acetrainer-gen4dp|1389
|player|p2|BirdKeepr|guzma|1338
|teamsize|p1|6
|teamsize|p2|6
|gen|8
|tier|[Gen 8] PU
|rated|
|rule|Sleep Clause Mod: Limit one foe put to sleep
|rule|Species Clause: Limit one of each Pokémon
|rule|OHKO Clause: OHKO moves are banned
|rule|Evasion Moves Clause: Evasion moves are banned
|rule|Endless Battle Clause: Forcing endless battles is banned
|rule|HP Percentage Mod: HP is shown in percentages
|rule|Dynamax Clause: You cannot dynamax
|clearpoke
|poke|p1|Togedemaru, L1, M|
|poke|p1|Gigalith, M|
|poke|p1|Sandslash, M|
|poke|p1|Qwilfish, M|
|poke|p1|Silvally-*|
|poke|p1|Exeggutor-Alola, F|
|poke|p2|Charizard, F|
|poke|p2|Xatu, F|
|poke|p2|Whimsicott, M|
|poke|p2|Regirock|
|poke|p2|Silvally-*|
|poke|p2|Shiftry, M|
|teampreview
|
|t:|1622669686
|start
|switch|p1a: Purple Majesty|Gigalith, M, shiny|100/100
|switch|p2a: Whimsicott|Whimsicott, M|100/100
|-weather|Sandstorm|[from] ability: Sand Stream|[of] p1a: Purple Majesty
|turn|1
|
|t:|1622669696
|move|p2a: Whimsicott|U-turn|p1a: Purple Majesty
|-damage|p1a: Purple Majesty|93/100
|
|t:|1622669699
|switch|p2a: Xatu|Xatu, F|100/100|[from]move: U-turn
|move|p1a: Purple Majesty|Rock Blast|p2a: Xatu
|-supereffective|p2a: Xatu
|-damage|p2a: Xatu|78/100
|-supereffective|p2a: Xatu
|-damage|p2a: Xatu|57/100
|-hitcount|p2a: Xatu|2
|
|-weather|Sandstorm|[upkeep]
|-damage|p2a: Xatu|51/100|[from] Sandstorm
|upkeep
|turn|2
|
|t:|1622669709
|move|p2a: Xatu|Trick|p1a: Purple Majesty
|-activate|p2a: Xatu|move: Trick|[of] p1a: Purple Majesty
|-item|p1a: Purple Majesty|Choice Scarf|[from] move: Trick
|-item|p2a: Xatu|Smooth Rock|[from] move: Trick
|move|p1a: Purple Majesty|Rock Blast|p2a: Xatu
|-supereffective|p2a: Xatu
|-damage|p2a: Xatu|28/100
|-supereffective|p2a: Xatu
|-damage|p2a: Xatu|9/100
|-supereffective|p2a: Xatu
|-damage|p2a: Xatu|0 fnt
|faint|p2a: Xatu
|-hitcount|p2: Xatu|3
|
|-weather|Sandstorm|[upkeep]
|upkeep
|
|t:|1622669724
|switch|p2a: Shiftry|Shiftry, M|100/100
|turn|3
|
|t:|1622669731
|switch|p1a: Squilly|Qwilfish, M|100/100
|-ability|p1a: Squilly|Intimidate|boost
|-unboost|p2a: Shiftry|atk|1
|move|p2a: Shiftry|Knock Off|p1a: Squilly
|-damage|p1a: Squilly|51/100
|-enditem|p1a: Squilly|Black Sludge|[from] move: Knock Off|[of] p2a: Shiftry
|-damage|p2a: Shiftry|91/100|[from] item: Life Orb
|
|-weather|Sandstorm|[upkeep]
|-damage|p1a: Squilly|45/100|[from] Sandstorm
|-damage|p2a: Shiftry|84/100|[from] Sandstorm
|upkeep
|turn|4
|
|t:|1622669744
|move|p2a: Shiftry|Sucker Punch||[still]
|-fail|p2a: Shiftry
|move|p1a: Squilly|Toxic Spikes|p2a: Shiftry
|-sidestart|p2: BirdKeepr|move: Toxic Spikes
|
|-weather|Sandstorm|[upkeep]
|-damage|p1a: Squilly|39/100|[from] Sandstorm
|-damage|p2a: Shiftry|78/100|[from] Sandstorm
|upkeep
|turn|5
|
|t:|1622669759
|switch|p2a: Silvally|Silvally-Ground|100/100
|-status|p2a: Silvally|psn
|move|p1a: Squilly|Poison Jab|p2a: Silvally
|-resisted|p2a: Silvally
|-damage|p2a: Silvally|89/100 psn
|
|-weather|Sandstorm|[upkeep]
|-damage|p1a: Squilly|33/100|[from] Sandstorm
|-damage|p2a: Silvally|77/100 psn|[from] psn
|upkeep
|turn|6
|
|t:|1622669780
|switch|p1a: Long Girl|Exeggutor-Alola, F|100/100
|move|p2a: Silvally|Parting Shot|p1a: Long Girl
|-unboost|p1a: Long Girl|atk|1
|-unboost|p1a: Long Girl|spa|1
|
|t:|1622669788
|switch|p2a: Charizard|Charizard, F|100/100|[from]move: Parting Shot
|
|-weather|Sandstorm|[upkeep]
|-damage|p2a: Charizard|94/100|[from] Sandstorm
|-damage|p1a: Long Girl|94/100|[from] Sandstorm
|upkeep
|turn|7
|inactive|Battle timer is ON: inactive players will automatically lose when time's up. (requested by Bigkevinm84)
|
|t:|1622669803
|move|p2a: Charizard|Overheat|p1a: Long Girl|[miss]
|-miss|p2a: Charizard|p1a: Long Girl
|move|p1a: Long Girl|Knock Off|p2a: Charizard
|-damage|p2a: Charizard|73/100
|-enditem|p2a: Charizard|Choice Specs|[from] move: Knock Off|[of] p1a: Long Girl
|
|-weather|Sandstorm|[upkeep]
|-damage|p2a: Charizard|66/100|[from] Sandstorm
|-damage|p1a: Long Girl|88/100|[from] Sandstorm
|upkeep
|turn|8
|j| MrMichaelP
|
|t:|1622669814
|move|p2a: Charizard|Overheat|p1a: Long Girl
|-damage|p1a: Long Girl|25/100
|-unboost|p2a: Charizard|spa|2
|-enditem|p1a: Long Girl|Sitrus Berry|[eat]
|-heal|p1a: Long Girl|50/100|[from] item: Sitrus Berry
|move|p1a: Long Girl|Dragon Tail|p2a: Charizard
|-damage|p2a: Charizard|46/100
|drag|p2a: Regirock|Regirock|100/100
|-status|p2a: Regirock|psn
|
|-weather|none
|-damage|p2a: Regirock|88/100 psn|[from] psn
|-item|p1a: Long Girl|Sitrus Berry|[from] ability: Harvest
|upkeep
|-enditem|p1a: Long Girl|Sitrus Berry|[eat]
|-heal|p1a: Long Girl|75/100|[from] item: Sitrus Berry
|turn|9
|
|t:|1622669836
|move|p2a: Regirock|Stealth Rock|p1a: Long Girl
|-sidestart|p1: Bigkevinm84|move: Stealth Rock
|move|p1a: Long Girl|Substitute|p1a: Long Girl
|-start|p1a: Long Girl|Substitute
|-damage|p1a: Long Girl|50/100
|
|-heal|p2a: Regirock|94/100 psn|[from] item: Leftovers
|-damage|p2a: Regirock|82/100 psn|[from] psn
|-item|p1a: Long Girl|Sitrus Berry|[from] ability: Harvest
|upkeep
|-enditem|p1a: Long Girl|Sitrus Berry|[eat]
|-heal|p1a: Long Girl|75/100|[from] item: Sitrus Berry
|turn|10
|
|t:|1622669850
|switch|p2a: Charizard|Charizard, F|46/100
|move|p1a: Long Girl|Giga Drain|p2a: Charizard
|-resisted|p2a: Charizard
|-damage|p2a: Charizard|39/100
|-heal|p1a: Long Girl|78/100|[from] drain|[of] p2a: Charizard
|
|upkeep
|turn|11
|
|t:|1622669858
|move|p2a: Charizard|Roost|p2a: Charizard
|-heal|p2a: Charizard|89/100
|-singleturn|p2a: Charizard|move: Roost
|move|p1a: Long Girl|Dragon Tail|p2a: Charizard
|-damage|p2a: Charizard|70/100
|drag|p2a: Whimsicott|Whimsicott, M|100/100
|-status|p2a: Whimsicott|psn
|
|-damage|p2a: Whimsicott|88/100 psn|[from] psn
|upkeep
|turn|12
|
|t:|1622669873
|move|p2a: Whimsicott|U-turn|p1a: Long Girl
|-supereffective|p1a: Long Girl
|-activate|p1a: Long Girl|move: Substitute|[damage]
|
|t:|1622669877
|switch|p2a: Charizard|Charizard, F|70/100|[from]move: U-turn
|move|p1a: Long Girl|Giga Drain|p2a: Charizard
|-resisted|p2a: Charizard
|-damage|p2a: Charizard|63/100
|-heal|p1a: Long Girl|81/100|[from] drain|[of] p2a: Charizard
|
|-item|p1a: Long Girl|Sitrus Berry|[from] ability: Harvest
|upkeep
|turn|13
|
|t:|1622669896
|move|p2a: Charizard|Overheat|p1a: Long Girl
|-end|p1a: Long Girl|Substitute
|-unboost|p2a: Charizard|spa|2
|move|p1a: Long Girl|Dragon Tail|p2a: Charizard
|-damage|p2a: Charizard|41/100
|drag|p2a: Regirock|Regirock|82/100 psn
|
|-heal|p2a: Regirock|88/100 psn|[from] item: Leftovers
|-damage|p2a: Regirock|75/100 psn|[from] psn
|upkeep
|turn|14
|
|t:|1622669915
|switch|p1a: Purple Majesty|Gigalith, M, shiny|93/100
|-damage|p1a: Purple Majesty|81/100|[from] Stealth Rock
|-weather|Sandstorm|[from] ability: Sand Stream|[of] p1a: Purple Majesty
|move|p2a: Regirock|Toxic|p1a: Purple Majesty
|-status|p1a: Purple Majesty|tox
|
|-weather|Sandstorm|[upkeep]
|-heal|p2a: Regirock|82/100 psn|[from] item: Leftovers
|-damage|p2a: Regirock|69/100 psn|[from] psn
|-damage|p1a: Purple Majesty|75/100 tox|[from] psn
|upkeep
|turn|15
|
|t:|1622669927
|switch|p2a: Silvally|Silvally-Ground|77/100 psn
|move|p1a: Purple Majesty|Stealth Rock|p2a: Silvally
|-sidestart|p2: BirdKeepr|move: Stealth Rock
|
|-weather|Sandstorm|[upkeep]
|-damage|p2a: Silvally|64/100 psn|[from] psn
|-damage|p1a: Purple Majesty|62/100 tox|[from] psn
|upkeep
|turn|16
|
|t:|1622669934
|switch|p1a: Long Girl|Exeggutor-Alola, F|81/100
|-damage|p1a: Long Girl|68/100|[from] Stealth Rock
|move|p2a: Silvally|Defog|p1a: Long Girl
|-unboost|p1a: Long Girl|evasion|1
|-sideend|p1: Bigkevinm84|Stealth Rock|[from] move: Defog|[of] p2a: Silvally
|-sideend|p2: BirdKeepr|Toxic Spikes|[from] move: Defog|[of] p2a: Silvally
|-sideend|p2: BirdKeepr|Stealth Rock|[from] move: Defog|[of] p2a: Silvally
|
|-weather|Sandstorm|[upkeep]
|-damage|p1a: Long Girl|62/100|[from] Sandstorm
|-damage|p2a: Silvally|52/100 psn|[from] psn
|upkeep
|turn|17
|
|t:|1622669949
|switch|p1a: Baby Blue|Sandslash, M, shiny|100/100
|move|p2a: Silvally|Parting Shot|p1a: Baby Blue
|-unboost|p1a: Baby Blue|atk|1
|-unboost|p1a: Baby Blue|spa|1
|inactive|BirdKeepr has 120 seconds left.
|
|t:|1622669964
|switch|p2a: Whimsicott|Whimsicott, M|88/100 psn|[from]move: Parting Shot
|
|-weather|Sandstorm|[upkeep]
|-damage|p2a: Whimsicott|82/100 psn|[from] Sandstorm
|-damage|p2a: Whimsicott|70/100 psn|[from] psn
|upkeep
|turn|18
|inactive|BirdKeepr has 120 seconds left.
|
|t:|1622669979
|switch|p1a: Squilly|Qwilfish, M|33/100
|-ability|p1a: Squilly|Intimidate|boost
|-unboost|p2a: Whimsicott|atk|1
|move|p2a: Whimsicott|Sunny Day|p2a: Whimsicott
|-weather|SunnyDay
|
|-weather|SunnyDay|[upkeep]
|-damage|p2a: Whimsicott|57/100 psn|[from] psn
|upkeep
|turn|19
|j| ghthrthr
|
|t:|1622669989
|switch|p1a: Purple Majesty|Gigalith, M, shiny|62/100 tox
|-weather|Sandstorm|[from] ability: Sand Stream|[of] p1a: Purple Majesty
|move|p2a: Whimsicott|Solar Beam||[still]
|-prepare|p2a: Whimsicott|Solar Beam
|
|-weather|Sandstorm|[upkeep]
|-damage|p2a: Whimsicott|51/100 psn|[from] Sandstorm
|-damage|p2a: Whimsicott|39/100 psn|[from] psn
|-damage|p1a: Purple Majesty|56/100 tox|[from] psn
|upkeep
|turn|20
|
|t:|1622669999
|switch|p1a: Long Girl|Exeggutor-Alola, F|62/100
|move|p2a: Whimsicott|Solar Beam|p1a: Long Girl|[from]lockedmove
|-resisted|p1a: Long Girl
|-damage|p1a: Long Girl|58/100
|
|-weather|Sandstorm|[upkeep]
|-damage|p2a: Whimsicott|32/100 psn|[from] Sandstorm
|-damage|p1a: Long Girl|52/100|[from] Sandstorm
|-damage|p2a: Whimsicott|20/100 psn|[from] psn
|upkeep
|turn|21
|
|t:|1622670012
|switch|p1a: Squilly|Qwilfish, M|33/100
|-ability|p1a: Squilly|Intimidate|boost
|-unboost|p2a: Whimsicott|atk|1
|move|p2a: Whimsicott|U-turn|p1a: Squilly
|-resisted|p1a: Squilly
|-damage|p1a: Squilly|30/100
|l| MrMichaelP
|
|t:|1622670022
|switch|p2a: Silvally|Silvally-Ground|52/100 psn|[from]move: U-turn
|
|-weather|Sandstorm|[upkeep]
|-damage|p1a: Squilly|24/100|[from] Sandstorm
|-damage|p2a: Silvally|39/100 psn|[from] psn
|upkeep
|turn|22
|
|t:|1622670030
|switch|p1a: Long Girl|Exeggutor-Alola, F|52/100
|move|p2a: Silvally|Multi-Attack|p1a: Long Girl
|-resisted|p1a: Long Girl
|-damage|p1a: Long Girl|38/100
|-enditem|p1a: Long Girl|Sitrus Berry|[eat]
|-heal|p1a: Long Girl|63/100|[from] item: Sitrus Berry
|
|-weather|Sandstorm|[upkeep]
|-damage|p1a: Long Girl|57/100|[from] Sandstorm
|-damage|p2a: Silvally|27/100 psn|[from] psn
|-item|p1a: Long Girl|Sitrus Berry|[from] ability: Harvest
|upkeep
|turn|23
|inactive|BirdKeepr has 120 seconds left.
|c|☆BirdKeepr|how's that it works evry turn
|
|t:|1622670059
|move|p2a: Silvally|Parting Shot|p1a: Long Girl
|-unboost|p1a: Long Girl|atk|1
|-unboost|p1a: Long Girl|spa|1
|
|t:|1622670065
|switch|p2a: Shiftry|Shiftry, M|78/100|[from]move: Parting Shot
|move|p1a: Long Girl|Dragon Tail|p2a: Shiftry
|-damage|p2a: Shiftry|56/100
|drag|p2a: Silvally|Silvally-Ground|27/100 psn
|
|-weather|none
|-damage|p2a: Silvally|14/100 psn|[from] psn
|upkeep
|turn|24
|inactive|BirdKeepr has 120 seconds left.
|
|t:|1622670094
|move|p2a: Silvally|Parting Shot|p1a: Long Girl
|-unboost|p1a: Long Girl|atk|1
|-unboost|p1a: Long Girl|spa|1
|
|t:|1622670097
|switch|p2a: Whimsicott|Whimsicott, M|20/100 psn|[from]move: Parting Shot
|move|p1a: Long Girl|Giga Drain|p2a: Whimsicott
|-resisted|p2a: Whimsicott
|-crit|p2a: Whimsicott
|-damage|p2a: Whimsicott|0 fnt
|-heal|p1a: Long Girl|65/100|[from] drain|[of] p2a: Whimsicott
|faint|p2a: Whimsicott
|
|upkeep
|inactive|BirdKeepr has 120 seconds left.
|
|t:|1622670105
|switch|p2a: Charizard|Charizard, F|41/100
|turn|25
|
|t:|1622670109
|switch|p1a: Purple Majesty|Gigalith, M, shiny|56/100 tox
|-weather|Sandstorm|[from] ability: Sand Stream|[of] p1a: Purple Majesty
|move|p2a: Charizard|Overheat|p1a: Purple Majesty
|-resisted|p1a: Purple Majesty
|-damage|p1a: Purple Majesty|40/100 tox
|-unboost|p2a: Charizard|spa|2
|
|-weather|Sandstorm|[upkeep]
|-damage|p2a: Charizard|35/100|[from] Sandstorm
|-damage|p1a: Purple Majesty|34/100 tox|[from] psn
|upkeep
|turn|26
|
|t:|1622670122
|switch|p1a: Squilly|Qwilfish, M|24/100
|-ability|p1a: Squilly|Intimidate|boost
|-unboost|p2a: Charizard|atk|1
|move|p2a: Charizard|Scorching Sands|p1a: Squilly
|-supereffective|p1a: Squilly
|-damage|p1a: Squilly|0 fnt
|faint|p1a: Squilly
|
|-weather|Sandstorm|[upkeep]
|-damage|p2a: Charizard|29/100|[from] Sandstorm
|upkeep
|
|t:|1622670137
|switch|p1a: Baby Blue|Sandslash, M, shiny|100/100
|turn|27
|
|t:|1622670143
|move|p1a: Baby Blue|Swords Dance|p1a: Baby Blue
|-boost|p1a: Baby Blue|atk|2
|move|p2a: Charizard|Overheat|p1a: Baby Blue
|-damage|p1a: Baby Blue|44/100
|-unboost|p2a: Charizard|spa|2
|
|-weather|Sandstorm|[upkeep]
|-damage|p2a: Charizard|23/100|[from] Sandstorm
|upkeep
|turn|28
|
|t:|1622670153
|switch|p2a: Silvally|Silvally-Ground|14/100 psn
|move|p1a: Baby Blue|Rapid Spin|p2a: Silvally
|-damage|p2a: Silvally|0 fnt
|-boost|p1a: Baby Blue|spe|1
|faint|p2a: Silvally
|
|-weather|Sandstorm|[upkeep]
|upkeep
|
|t:|1622670160
|switch|p2a: Shiftry|Shiftry, M|56/100
|turn|29
|
|t:|1622670166
|move|p1a: Baby Blue|Earthquake|p2a: Shiftry
|-resisted|p2a: Shiftry
|-damage|p2a: Shiftry|0 fnt
|faint|p2a: Shiftry
|
|-weather|none
|upkeep
|-message|BirdKeepr forfeited.
|
|win|Bigkevinm84
|raw|Bigkevinm84's rating: 1389 &rarr; <strong>1406</strong><br />(+17 for winning)
|raw|BirdKeepr's rating: 1338 &rarr; <strong>1321</strong><br />(-17 for losing)
|l|☆BirdKeepr
