|html|<div class="broadcast-blue"><strong>[Gen 8] PU is currently suspecting Vanilluxe! For information on how to participate check out the <a href="https://www.smogon.com/forums/threads/np-ss-pu-stage-10-ice-cream-vanilluxe-suspect-test.3705646/">suspect thread</a>.</strong></div>
|j|☆ratking444
|j|☆PULT4C1 eifo
|t:|1660516645
|gametype|singles
|player|p1|ratking444|rocketgrunt|1248
|player|p2|PULT4C1 eifo|youngster-gen4dp|1283
|teamsize|p1|6
|teamsize|p2|6
|gen|8
|tier|[Gen 8] PU
|rated|
|rule|Sleep Clause Mod: Limit one foe put to sleep
|rule|Species Clause: Limit one of each Pokémon
|rule|OHKO Clause: OHKO moves are banned
|rule|Evasion Items Clause: Evasion items are banned
|rule|Evasion Moves Clause: Evasion moves are banned
|rule|Endless Battle Clause: Forcing endless battles is banned
|rule|HP Percentage Mod: HP is shown in percentages
|rule|Dynamax Clause: You cannot dynamax
|clearpoke
|poke|p1|Musharna, M|
|poke|p1|Unfezant, M|
|poke|p1|Abomasnow, F|
|poke|p1|Dedenne, M|
|poke|p1|Qwilfish, F|
|poke|p1|Gurdurr, M|
|poke|p2|Mesprit|
|poke|p2|Charizard, F|
|poke|p2|Sandaconda, M|
|poke|p2|Aggron, F|
|poke|p2|Lanturn, M|
|poke|p2|Gourgeist-*, F|
|teampreview
|inactive|Battle timer is ON: inactive players will automatically lose when time's up. (requested by ratking444)
|
|t:|1660516666
|start
|switch|p1a: Abomasnow|Abomasnow, F|100/100
|switch|p2a: Charizard|Charizard, F|100/100
|-weather|Hail|[from] ability: Snow Warning|[of] p1a: Abomasnow
|turn|1
|
|t:|1660516671
|move|p2a: Charizard|Flamethrower|p1a: Abomasnow
|-supereffective|p1a: Abomasnow
|-damage|p1a: Abomasnow|0 fnt
|faint|p1a: Abomasnow
|
|-weather|Hail|[upkeep]
|-damage|p2a: Charizard|94/100|[from] Hail
|upkeep
|
|t:|1660516676
|switch|p1a: Qwilfish|Qwilfish, F|100/100
|-ability|p1a: Qwilfish|Intimidate|boost
|-unboost|p2a: Charizard|atk|1
|turn|2
|
|t:|1660516684
|switch|p2a: Lanturn|Lanturn, M|100/100
|move|p1a: Qwilfish|Poison Jab|p2a: Lanturn
|-damage|p2a: Lanturn|59/100
|-damage|p1a: Qwilfish|91/100|[from] item: Life Orb
|
|-weather|Hail|[upkeep]
|-damage|p1a: Qwilfish|85/100|[from] Hail
|-damage|p2a: Lanturn|53/100|[from] Hail
|-heal|p2a: Lanturn|59/100|[from] item: Leftovers
|upkeep
|turn|3
|j| kekkekeke
|
|t:|1660516691
|switch|p1a: Dedenne|Dedenne, M|100/100
|move|p2a: Lanturn|Volt Switch|p1a: Dedenne
|-resisted|p1a: Dedenne
|-damage|p1a: Dedenne|91/100
|
|t:|1660516712
|switch|p2a: Aggron|Aggron, F|100/100|[from]move: Volt Switch
|
|-weather|Hail|[upkeep]
|-damage|p1a: Dedenne|85/100|[from] Hail
|-damage|p2a: Aggron|94/100|[from] Hail
|-heal|p2a: Aggron|100/100|[from] item: Leftovers
|upkeep
|turn|4
|
|t:|1660516718
|switch|p1a: Gurdurr|Gurdurr, M|100/100
|move|p2a: Aggron|Stealth Rock|p1a: Gurdurr
|-sidestart|p1: ratking444|move: Stealth Rock
|
|-weather|Hail|[upkeep]
|-damage|p2a: Aggron|94/100|[from] Hail
|-damage|p1a: Gurdurr|94/100|[from] Hail
|-heal|p2a: Aggron|100/100|[from] item: Leftovers
|upkeep
|turn|5
|
|t:|1660516732
|switch|p2a: Charizard|Charizard, F|94/100
|move|p1a: Gurdurr|Defog|p2a: Charizard
|-unboost|p2a: Charizard|evasion|1
|-sideend|p1: ratking444|Stealth Rock|[from] move: Defog|[of] p1a: Gurdurr
|
|-weather|none
|upkeep
|turn|6
|
|t:|1660516748
|switch|p1a: Dedenne|Dedenne, M|85/100
|move|p2a: Charizard|Flamethrower|p1a: Dedenne
|-damage|p1a: Dedenne|53/100
|
|upkeep
|turn|7
|
|t:|1660516753
|switch|p2a: Lanturn|Lanturn, M|59/100
|move|p1a: Dedenne|Nuzzle|p2a: Lanturn
|-heal|p2a: Lanturn|84/100|[from] ability: Volt Absorb|[of] p1a: Dedenne
|
|-heal|p2a: Lanturn|91/100|[from] item: Leftovers
|upkeep
|turn|8
|
|t:|1660516763
|move|p1a: Dedenne|Super Fang|p2a: Lanturn
|-damage|p2a: Lanturn|46/100
|move|p2a: Lanturn|Scald|p1a: Dedenne
|-damage|p1a: Dedenne|31/100
|-enditem|p1a: Dedenne|Sitrus Berry|[eat]
|-heal|p1a: Dedenne|56/100|[from] item: Sitrus Berry
|-heal|p1a: Dedenne|89/100|[from] ability: Cheek Pouch
|
|-heal|p2a: Lanturn|52/100|[from] item: Leftovers
|upkeep
|turn|9
|inactive|ratking444 has 120 seconds left.
|
|t:|1660516795
|move|p1a: Dedenne|Recycle|p1a: Dedenne
|-item|p1a: Dedenne|Sitrus Berry|[from] move: Recycle
|move|p2a: Lanturn|Scald|p1a: Dedenne
|-damage|p1a: Dedenne|67/100
|
|-heal|p2a: Lanturn|58/100|[from] item: Leftovers
|upkeep
|turn|10
|
|t:|1660516812
|move|p1a: Dedenne|Super Fang|p2a: Lanturn
|-damage|p2a: Lanturn|29/100
|move|p2a: Lanturn|Scald|p1a: Dedenne
|-damage|p1a: Dedenne|46/100
|-status|p1a: Dedenne|brn
|-enditem|p1a: Dedenne|Sitrus Berry|[eat]
|-heal|p1a: Dedenne|70/100 brn|[from] item: Sitrus Berry
|-heal|p1a: Dedenne|100/100 brn|[from] ability: Cheek Pouch
|
|-heal|p2a: Lanturn|36/100|[from] item: Leftovers
|-damage|p1a: Dedenne|94/100 brn|[from] brn
|upkeep
|turn|11
|
|t:|1660516819
|move|p2a: Lanturn|Protect|p2a: Lanturn
|-singleturn|p2a: Lanturn|Protect
|move|p1a: Dedenne|Play Rough|p2a: Lanturn
|-activate|p2a: Lanturn|move: Protect
|
|-heal|p2a: Lanturn|42/100|[from] item: Leftovers
|-damage|p1a: Dedenne|88/100 brn|[from] brn
|upkeep
|turn|12
|
|t:|1660516824
|move|p1a: Dedenne|Play Rough|p2a: Lanturn
|-damage|p2a: Lanturn|32/100
|move|p2a: Lanturn|Scald|p1a: Dedenne
|-crit|p1a: Dedenne
|-damage|p1a: Dedenne|58/100 brn
|
|-heal|p2a: Lanturn|38/100|[from] item: Leftovers
|-damage|p1a: Dedenne|52/100 brn|[from] brn
|upkeep
|turn|13
|
|t:|1660516834
|move|p1a: Dedenne|Recycle|p1a: Dedenne
|-item|p1a: Dedenne|Sitrus Berry|[from] move: Recycle
|move|p2a: Lanturn|Scald|p1a: Dedenne
|-damage|p1a: Dedenne|33/100 brn
|-enditem|p1a: Dedenne|Sitrus Berry|[eat]
|-heal|p1a: Dedenne|58/100 brn|[from] item: Sitrus Berry
|-heal|p1a: Dedenne|91/100 brn|[from] ability: Cheek Pouch
|
|-heal|p2a: Lanturn|45/100|[from] item: Leftovers
|-damage|p1a: Dedenne|85/100 brn|[from] brn
|upkeep
|turn|14
|
|t:|1660516850
|switch|p1a: Unfezant|Unfezant, M|100/100
|move|p2a: Lanturn|Volt Switch|p1a: Unfezant
|-supereffective|p1a: Unfezant
|-damage|p1a: Unfezant|34/100
|
|t:|1660516860
|switch|p2a: Aggron|Aggron, F|100/100|[from]move: Volt Switch
|
|upkeep
|turn|15
|
|t:|1660516877
|move|p1a: Unfezant|U-turn|p2a: Aggron
|-resisted|p2a: Aggron
|-damage|p2a: Aggron|91/100
|
|t:|1660516879
|switch|p1a: Gurdurr|Gurdurr, M|94/100|[from]move: U-turn
|move|p2a: Aggron|Body Press|p1a: Gurdurr
|-damage|p1a: Gurdurr|75/100
|
|-heal|p2a: Aggron|98/100|[from] item: Leftovers
|upkeep
|turn|16
|
|t:|1660516895
|switch|p2a: Charizard|Charizard, F|94/100
|switch|p1a: Musharna|Musharna, M|100/100
|
|upkeep
|turn|17
|
|t:|1660516900
|move|p2a: Charizard|Toxic|p1a: Musharna
|-status|p1a: Musharna|tox
|-activate|p1a: Musharna|ability: Synchronize
|-status|p2a: Charizard|tox
|move|p1a: Musharna|Calm Mind|p1a: Musharna
|-boost|p1a: Musharna|spa|1
|-boost|p1a: Musharna|spd|1
|
|-damage|p2a: Charizard|88/100 tox|[from] psn
|-damage|p1a: Musharna|94/100 tox|[from] psn
|upkeep
|turn|18
|-message|ratking444 forfeited.
|
|win|PULT4C1 eifo
|raw|ratking444's rating: 1248 &rarr; <strong>1227</strong><br />(-21 for losing)
|raw|PULT4C1 eifo's rating: 1307 &rarr; <strong>1324</strong><br />(+17 for winning)
|l|☆ratking444
|l|☆PULT4C1 eifo
||Ladder isn't responding, score probably updated but might not have (Request timeout).
