|html|<div class="broadcast-blue"><strong>[Gen 8] PU is currently suspecting Araquanid! For information on how to participate check out the <a href="https://www.smogon.com/forums/threads/np-pu-stage-9-itsy-bitsy-spider.3704256/">suspect thread</a>.</strong></div>
|j|☆ThesisStatement7
|j|☆PlusC1028483
|t:|1657139447
|gametype|singles
|player|p1|ThesisStatement7|clair|1090
|player|p2|PlusC1028483|102|1000
|teamsize|p1|6
|teamsize|p2|6
|gen|8
|tier|[Gen 8] PU
|rated|
|rule|Sleep Clause Mod: Limit one foe put to sleep
|rule|Species Clause: Limit one of each Pokémon
|rule|OHKO Clause: OHKO moves are banned
|rule|Evasion Moves Clause: Evasion moves are banned
|rule|Endless Battle Clause: Forcing endless battles is banned
|rule|HP Percentage Mod: HP is shown in percentages
|rule|Dynamax Clause: You cannot dynamax
|clearpoke
|poke|p1|Meowstic, M|
|poke|p1|Articuno-Galar|
|poke|p1|Hitmonlee, M|
|poke|p1|Eiscue, F|
|poke|p1|Mr. Mime-Galar, M|
|poke|p1|Cofagrigus, M|
|poke|p2|Charizard, M|
|poke|p2|Araquanid, F|
|poke|p2|Audino, M|
|poke|p2|Sandslash, M|
|poke|p2|Whimsicott, M|
|poke|p2|Aggron, F|
|teampreview
|inactive|Battle timer is ON: inactive players will automatically lose when time's up. (requested by ThesisStatement7)
|
|t:|1657139477
|start
|switch|p1a: Meowstic|Meowstic, M|100/100
|switch|p2a: Araquanid|Araquanid, F|100/100
|turn|1
|
|t:|1657139482
|move|p1a: Meowstic|Thunder Wave|p2a: Araquanid
|-status|p2a: Araquanid|par
|move|p2a: Araquanid|Substitute|p2a: Araquanid
|-start|p2a: Araquanid|Substitute
|-damage|p2a: Araquanid|76/100 par
|
|-heal|p2a: Araquanid|82/100 par|[from] item: Leftovers
|upkeep
|turn|2
|
|t:|1657139488
|move|p1a: Meowstic|Psychic Terrain|p1a: Meowstic
|-fieldstart|move: Psychic Terrain
|move|p2a: Araquanid|Leech Life|p1a: Meowstic
|-supereffective|p1a: Meowstic
|-damage|p1a: Meowstic|11/100
|-heal|p2a: Araquanid|100/100 par|[from] drain|[of] p1a: Meowstic
|
|upkeep
|turn|3
|
|t:|1657139498
|move|p1a: Meowstic|Expanding Force|p2a: Araquanid
|-end|p2a: Araquanid|Substitute
|move|p2a: Araquanid|Toxic|p1a: Meowstic|[miss]
|-miss|p2a: Araquanid|p1a: Meowstic
|
|upkeep
|turn|4
|
|t:|1657139502
|switch|p2a: Aggron|Aggron, F|100/100
|move|p1a: Meowstic|Expanding Force|p2a: Aggron
|-resisted|p2a: Aggron
|-damage|p2a: Aggron|72/100
|
|-heal|p2a: Aggron|78/100|[from] item: Leftovers
|upkeep
|turn|5
|
|t:|1657139510
|switch|p1a: Cofagrigus|Cofagrigus, M|100/100
|move|p2a: Aggron|Stealth Rock|p1a: Cofagrigus
|-sidestart|p1: ThesisStatement7|move: Stealth Rock
|
|-heal|p2a: Aggron|84/100|[from] item: Leftovers
|upkeep
|turn|6
|
|t:|1657139521
|switch|p2a: Charizard|Charizard, M|100/100
|move|p1a: Cofagrigus|Will-O-Wisp|p2a: Charizard
|-immune|p2a: Charizard
|
|upkeep
|turn|7
|
|t:|1657139530
|move|p2a: Charizard|Fire Blast|p1a: Cofagrigus
|-damage|p1a: Cofagrigus|59/100
|-enditem|p1a: Cofagrigus|Eject Button
|
|t:|1657139539
|switch|p1a: Hitmonlee|Hitmonlee, M|100/100
|-damage|p1a: Hitmonlee|94/100|[from] Stealth Rock
|
|upkeep
|turn|8
|
|t:|1657139546
|move|p1a: Hitmonlee|Endure|p1a: Hitmonlee
|-singleturn|p1a: Hitmonlee|move: Endure
|move|p2a: Charizard|Air Slash|p1a: Hitmonlee
|-supereffective|p1a: Hitmonlee
|-crit|p1a: Hitmonlee
|-activate|p1a: Hitmonlee|move: Endure
|-damage|p1a: Hitmonlee|1/100
|-enditem|p1a: Hitmonlee|Liechi Berry|[eat]
|-boost|p1a: Hitmonlee|atk|1|[from] item: Liechi Berry
|
|upkeep
|turn|9
|
|t:|1657139554
|move|p1a: Hitmonlee|Stone Edge|p2a: Charizard
|-supereffective|p2a: Charizard
|-damage|p2a: Charizard|0 fnt
|faint|p2a: Charizard
|
|-fieldend|move: Psychic Terrain
|upkeep
|
|t:|1657139559
|switch|p2a: Whimsicott|Whimsicott, M|100/100
|turn|10
|
|t:|1657139564
|move|p1a: Hitmonlee|Reversal|p2a: Whimsicott
|-resisted|p2a: Whimsicott
|-damage|p2a: Whimsicott|0 fnt
|faint|p2a: Whimsicott
|
|upkeep
|
|t:|1657139568
|switch|p2a: Sandslash|Sandslash, M|100/100
|turn|11
|
|t:|1657139572
|move|p1a: Hitmonlee|Reversal|p2a: Sandslash
|-damage|p2a: Sandslash|0 fnt
|faint|p2a: Sandslash
|
|upkeep
|l|☆PlusC1028483
|inactive|PlusC1028483 disconnected and has a minute to reconnect!
|player|p2|
|inactive|PlusC1028483 has 30 seconds to reconnect!
|inactive|PlusC1028483 has 20 seconds to reconnect!
|inactive|PlusC1028483 has 15 seconds to reconnect!
|inactive|PlusC1028483 has 10 seconds to reconnect!
|inactive|PlusC1028483 has 5 seconds to reconnect!
|-message|PlusC1028483 lost due to inactivity.
|
|win|ThesisStatement7
|raw|ThesisStatement7's rating: 1090 &rarr; <strong>1113</strong><br />(+23 for winning)
|raw|PlusC1028483's rating: 1040 &rarr; <strong>1026</strong><br />(-14 for losing)
||Ladder isn't responding, score probably updated but might not have (Request timeout).
