|j|☆JoJo Reference #11
|j|☆Peoe
|t:|1666746401
|gametype|singles
|player|p1|JoJo Reference #11|101|1384
|player|p2|Peoe|101|1081
|teamsize|p1|6
|teamsize|p2|6
|gen|8
|tier|[Gen 8] PU
|rated|
|rule|Sleep Clause Mod: Limit one foe put to sleep
|rule|Species Clause: Limit one of each Pokémon
|rule|OHKO Clause: OHKO moves are banned
|rule|Evasion Items Clause: Evasion items are banned
|rule|Evasion Moves Clause: Evasion moves are banned
|rule|Endless Battle Clause: Forcing endless battles is banned
|rule|HP Percentage Mod: HP is shown in percentages
|rule|Dynamax Clause: You cannot dynamax
|clearpoke
|poke|p1|Gallade, M|
|poke|p1|Doublade, F|
|poke|p1|Centiskorch, M|
|poke|p1|Ninjask, F|
|poke|p1|Sudowoodo, F|
|poke|p1|Malamar, F|
|poke|p2|Flapple, F|
|poke|p2|Meowstic, M|
|poke|p2|Aggron, F|
|poke|p2|Eldegoss, M|
|poke|p2|Charizard, F|
|poke|p2|Garbodor, M|
|teampreview
|inactive|Battle timer is ON: inactive players will automatically lose when time's up. (requested by Peoe)
|
|t:|1666746407
|start
|switch|p1a: Sudowoodo|Sudowoodo, F|100/100
|switch|p2a: Flapple|Flapple, F|100/100
|turn|1
|
|t:|1666746411
|move|p2a: Flapple|Grav Apple|p1a: Sudowoodo
|-supereffective|p1a: Sudowoodo
|-damage|p1a: Sudowoodo|40/100
|-unboost|p1a: Sudowoodo|def|1
|move|p1a: Sudowoodo|Stealth Rock|p2a: Flapple
|-sidestart|p2: Peoe|move: Stealth Rock
|
|upkeep
|turn|2
|
|t:|1666746415
|move|p1a: Sudowoodo|Endure|p1a: Sudowoodo
|-singleturn|p1a: Sudowoodo|move: Endure
|move|p2a: Flapple|Grav Apple|p1a: Sudowoodo
|-supereffective|p1a: Sudowoodo
|-activate|p1a: Sudowoodo|move: Endure
|-damage|p1a: Sudowoodo|1/100
|-unboost|p1a: Sudowoodo|def|1
|
|upkeep
|turn|3
|-enditem|p1a: Sudowoodo|Custap Berry|[eat]
|-activate|p1a: Sudowoodo|item: Custap Berry|[consumed]
|
|t:|1666746435
|move|p2a: Flapple|Endure|p2a: Flapple
|-singleturn|p2a: Flapple|move: Endure
|move|p1a: Sudowoodo|Head Smash|p2a: Flapple
|-damage|p2a: Flapple|7/100
|-activate|p2a: Flapple|ability: Ripen
|-enditem|p2a: Flapple|Liechi Berry|[eat]
|-boost|p2a: Flapple|atk|2|[from] item: Liechi Berry
|-damage|p1a: Sudowoodo|0 fnt|[from] Recoil
|faint|p1a: Sudowoodo
|
|upkeep
|
|t:|1666746452
|switch|p1a: Centiskorch|Centiskorch, M|100/100
|turn|4
|
|t:|1666746454
|move|p2a: Flapple|Acrobatics|p1a: Centiskorch
|-supereffective|p1a: Centiskorch
|-damage|p1a: Centiskorch|0 fnt
|faint|p1a: Centiskorch
|
|upkeep
|
|t:|1666746457
|switch|p1a: Doublade|Doublade, F|100/100
|turn|5
|
|t:|1666746463
|move|p2a: Flapple|Grav Apple|p1a: Doublade
|-resisted|p1a: Doublade
|-damage|p1a: Doublade|74/100
|-unboost|p1a: Doublade|def|1
|move|p1a: Doublade|Swords Dance|p1a: Doublade
|-boost|p1a: Doublade|atk|2
|
|upkeep
|turn|6
|
|t:|1666746466
|move|p1a: Doublade|Shadow Sneak|p2a: Flapple
|-damage|p2a: Flapple|0 fnt
|faint|p2a: Flapple
|
|upkeep
|
|t:|1666746472
|switch|p2a: Charizard|Charizard, F|100/100
|turn|7
|
|t:|1666746474
|move|p1a: Doublade|Shadow Sneak|p2a: Charizard
|-damage|p2a: Charizard|46/100
|move|p2a: Charizard|Earthquake|p1a: Doublade
|-supereffective|p1a: Doublade
|-damage|p1a: Doublade|17/100
|
|upkeep
|turn|8
|
|t:|1666746480
|move|p1a: Doublade|Shadow Sneak|p2a: Charizard
|-crit|p2a: Charizard
|-damage|p2a: Charizard|0 fnt
|faint|p2a: Charizard
|
|upkeep
|
|t:|1666746484
|switch|p2a: Aggron|Aggron, F|100/100
|-damage|p2a: Aggron|94/100|[from] Stealth Rock
|turn|9
|
|t:|1666746486
|move|p2a: Aggron|Earthquake|p1a: Doublade
|-supereffective|p1a: Doublade
|-damage|p1a: Doublade|0 fnt
|faint|p1a: Doublade
|
|upkeep
|
|t:|1666746490
|switch|p1a: Malamar|Malamar, F|100/100
|turn|10
|
|t:|1666746499
|move|p1a: Malamar|Substitute|p1a: Malamar
|-start|p1a: Malamar|Substitute
|-damage|p1a: Malamar|75/100
|move|p2a: Aggron|Earthquake|p1a: Malamar
|-end|p1a: Malamar|Substitute
|
|-heal|p1a: Malamar|82/100|[from] item: Leftovers
|upkeep
|turn|11
|
|t:|1666746501
|move|p1a: Malamar|Hypnosis|p2a: Aggron
|-status|p2a: Aggron|slp|[from] move: Hypnosis
|cant|p2a: Aggron|slp
|
|-heal|p1a: Malamar|88/100|[from] item: Leftovers
|upkeep
|turn|12
|
|t:|1666746505
|switch|p2a: Meowstic|Meowstic, M|100/100
|-damage|p2a: Meowstic|88/100|[from] Stealth Rock
|move|p1a: Malamar|Superpower|p2a: Meowstic
|-resisted|p2a: Meowstic
|-damage|p2a: Meowstic|72/100
|-boost|p1a: Malamar|atk|1
|-boost|p1a: Malamar|def|1
|
|-heal|p1a: Malamar|94/100|[from] item: Leftovers
|upkeep
|turn|13
|
|t:|1666746507
|move|p2a: Meowstic|Fake Out|p1a: Malamar
|-damage|p1a: Malamar|90/100
|cant|p1a: Malamar|flinch
|
|-heal|p1a: Malamar|97/100|[from] item: Leftovers
|upkeep
|turn|14
|
|t:|1666746510
|move|p2a: Meowstic|Thunder Wave|p1a: Malamar
|-hint|Since gen 7, Dark is immune to Prankster moves.
|-immune|p1a: Malamar
|move|p1a: Malamar|Substitute|p1a: Malamar
|-start|p1a: Malamar|Substitute
|-damage|p1a: Malamar|72/100
|
|-heal|p1a: Malamar|78/100|[from] item: Leftovers
|upkeep
|turn|15
|
|t:|1666746515
|move|p2a: Meowstic|Heal Bell|p2a: Meowstic
|-activate|p2a: Meowstic|move: Heal Bell
|-curestatus|p2: Aggron|slp|[msg]
|move|p1a: Malamar|Superpower|p2a: Meowstic
|-resisted|p2a: Meowstic
|-damage|p2a: Meowstic|48/100
|-boost|p1a: Malamar|atk|1
|-boost|p1a: Malamar|def|1
|
|-heal|p1a: Malamar|84/100|[from] item: Leftovers
|upkeep
|turn|16
|
|t:|1666746518
|move|p2a: Meowstic|Gravity|p2a: Meowstic
|-fieldstart|move: Gravity
|move|p1a: Malamar|Superpower|p2a: Meowstic
|-resisted|p2a: Meowstic
|-damage|p2a: Meowstic|15/100
|-boost|p1a: Malamar|atk|1
|-boost|p1a: Malamar|def|1
|
|-heal|p1a: Malamar|90/100|[from] item: Leftovers
|upkeep
|turn|17
|
|t:|1666746521
|switch|p2a: Garbodor|Garbodor, M|100/100
|-damage|p2a: Garbodor|88/100|[from] Stealth Rock
|move|p1a: Malamar|Superpower|p2a: Garbodor
|-resisted|p2a: Garbodor
|-damage|p2a: Garbodor|61/100
|-boost|p1a: Malamar|atk|1
|-boost|p1a: Malamar|def|1
|-damage|p1a: Malamar|74/100|[from] item: Rocky Helmet|[of] p2a: Garbodor
|
|-heal|p1a: Malamar|80/100|[from] item: Leftovers
|upkeep
|turn|18
|
|t:|1666746524
|move|p1a: Malamar|Hypnosis|p2a: Garbodor
|-status|p2a: Garbodor|slp|[from] move: Hypnosis
|cant|p2a: Garbodor|slp
|
|-heal|p1a: Malamar|86/100|[from] item: Leftovers
|upkeep
|turn|19
|
|t:|1666746539
|move|p1a: Malamar|Knock Off|p2a: Garbodor
|-damage|p2a: Garbodor|0 fnt
|-damage|p1a: Malamar|61/100|[from] ability: Aftermath|[of] p2a: Garbodor
|-damage|p1a: Malamar|45/100|[from] item: Rocky Helmet|[of] p2a: Garbodor
|-enditem|p2a: Garbodor|Rocky Helmet|[from] move: Knock Off|[of] p1a: Malamar
|faint|p2a: Garbodor
|
|-heal|p1a: Malamar|51/100|[from] item: Leftovers
|upkeep
|
|t:|1666746544
|switch|p2a: Eldegoss|Eldegoss, M|100/100
|turn|20
|
|t:|1666746547
|move|p1a: Malamar|Superpower|p2a: Eldegoss
|-damage|p2a: Eldegoss|11/100
|-boost|p1a: Malamar|atk|1
|-boost|p1a: Malamar|def|1
|move|p2a: Eldegoss|Pollen Puff|p1a: Malamar
|-supereffective|p1a: Malamar
|-end|p1a: Malamar|Substitute
|
|-heal|p1a: Malamar|57/100|[from] item: Leftovers
|-fieldend|move: Gravity
|upkeep
|turn|21
|
|t:|1666746554
|move|p1a: Malamar|Knock Off|p2a: Eldegoss
|-damage|p2a: Eldegoss|0 fnt
|-enditem|p2a: Eldegoss|Heavy-Duty Boots|[from] move: Knock Off|[of] p1a: Malamar
|faint|p2a: Eldegoss
|
|-heal|p1a: Malamar|64/100|[from] item: Leftovers
|upkeep
|
|t:|1666746557
|switch|p2a: Aggron|Aggron, F|94/100
|-damage|p2a: Aggron|88/100|[from] Stealth Rock
|turn|22
|
|t:|1666746559
|move|p1a: Malamar|Superpower|p2a: Aggron
|-supereffective|p2a: Aggron
|-damage|p2a: Aggron|0 fnt
|-boost|p1a: Malamar|atk|1
|-boost|p1a: Malamar|def|1
|faint|p2a: Aggron
|
|-heal|p1a: Malamar|70/100|[from] item: Leftovers
|upkeep
|-message|Peoe forfeited.
|
|win|JoJo Reference #11
|raw|JoJo Reference #11's rating: 1384 &rarr; <strong>1390</strong><br />(+6 for winning)
|raw|Peoe's rating: 1081 &rarr; <strong>1074</strong><br />(-7 for losing)
|l|☆Peoe
