|html|<div class="broadcast-blue"><strong>[Gen 8] PU is currently suspecting Espeon! For information on how to participate check out the <a href="https://www.smogon.com/forums/threads/np-pu-stage-8-magic-bounce.3697962/">suspect thread</a>.</strong></div>
|j|☆MentalAdversity
|j|☆crylng lightning
|t:|1646232944
|gametype|singles
|player|p1|MentalAdversity|pokefanf-gen4|1548
|player|p2|crylng lightning|roxie|1520
|teamsize|p1|6
|teamsize|p2|6
|gen|8
|tier|[Gen 8] PU
|rated|
|rule|Sleep Clause Mod: Limit one foe put to sleep
|rule|Species Clause: Limit one of each Pokémon
|rule|OHKO Clause: OHKO moves are banned
|rule|Evasion Moves Clause: Evasion moves are banned
|rule|Endless Battle Clause: Forcing endless battles is banned
|rule|HP Percentage Mod: HP is shown in percentages
|rule|Dynamax Clause: You cannot dynamax
|clearpoke
|poke|p1|Wigglytuff, F|
|poke|p1|Articuno|
|poke|p1|Audino, M|
|poke|p1|Fletchinder, F|
|poke|p1|Eldegoss, M|
|poke|p1|Quagsire, M|
|poke|p2|Quagsire, F|
|poke|p2|Audino, F|
|poke|p2|Tangela, F|
|poke|p2|Gigalith, F|
|poke|p2|Espeon, M|
|poke|p2|Aggron, M|
|teampreview
|inactive|Battle timer is ON: inactive players will automatically lose when time's up. (requested by crylng lightning)
|
|t:|1646232963
|start
|switch|p1a: Wigglytuff|Wigglytuff, F, shiny|100/100
|switch|p2a: Gigalith|Gigalith, F|100/100
|-item|p2a: Gigalith|Leftovers|[from] ability: Frisk|[of] p1a: Wigglytuff|[identify]
|-weather|Sandstorm|[from] ability: Sand Stream|[of] p2a: Gigalith
|turn|1
|
|t:|1646232967
|move|p1a: Wigglytuff|Seismic Toss|p2a: Gigalith
|-damage|p2a: Gigalith|74/100
|move|p2a: Gigalith|Stealth Rock|p1a: Wigglytuff
|-sidestart|p1: MentalAdversity|move: Stealth Rock
|
|-weather|Sandstorm|[upkeep]
|-damage|p1a: Wigglytuff|94/100|[from] Sandstorm
|-heal|p2a: Gigalith|80/100|[from] item: Leftovers
|upkeep
|turn|2
|
|t:|1646232975
|switch|p2a: Audino|Audino, F|100/100
|move|p1a: Wigglytuff|Stealth Rock|p2a: Audino
|-sidestart|p2: crylng lightning|move: Stealth Rock
|
|-weather|Sandstorm|[upkeep]
|-damage|p2a: Audino|94/100|[from] Sandstorm
|-damage|p1a: Wigglytuff|88/100|[from] Sandstorm
|upkeep
|turn|3
|
|t:|1646232980
|switch|p1a: NURSE JOY|Audino, M, shiny|100/100
|move|p2a: Audino|Knock Off|p1a: NURSE JOY
|-damage|p1a: NURSE JOY|88/100
|-enditem|p1a: NURSE JOY|Heavy-Duty Boots|[from] move: Knock Off|[of] p2a: Audino
|
|-weather|Sandstorm|[upkeep]
|-damage|p2a: Audino|88/100|[from] Sandstorm
|-damage|p1a: NURSE JOY|81/100|[from] Sandstorm
|upkeep
|turn|4
|
|t:|1646232994
|switch|p2a: Quagsire|Quagsire, F|100/100
|move|p1a: NURSE JOY|Knock Off|p2a: Quagsire
|-damage|p2a: Quagsire|91/100
|-enditem|p2a: Quagsire|Heavy-Duty Boots|[from] move: Knock Off|[of] p1a: NURSE JOY
|
|-weather|Sandstorm|[upkeep]
|-damage|p1a: NURSE JOY|75/100|[from] Sandstorm
|upkeep
|turn|5
|
|t:|1646233001
|move|p1a: NURSE JOY|Toxic|p2a: Quagsire
|-status|p2a: Quagsire|tox
|move|p2a: Quagsire|Toxic|p1a: NURSE JOY
|-status|p1a: NURSE JOY|tox
|
|-weather|none
|-damage|p1a: NURSE JOY|69/100 tox|[from] psn
|-damage|p2a: Quagsire|85/100 tox|[from] psn
|upkeep
|turn|6
|
|t:|1646233010
|switch|p1a: COTTONBALL|Eldegoss, M, shiny|100/100
|move|p2a: Quagsire|Earthquake|p1a: COTTONBALL
|-resisted|p1a: COTTONBALL
|-damage|p1a: COTTONBALL|85/100
|
|-damage|p2a: Quagsire|72/100 tox|[from] psn
|upkeep
|turn|7
|
|t:|1646233015
|switch|p2a: Audino|Audino, F|100/100
|move|p1a: COTTONBALL|Rapid Spin|p2a: Audino
|-damage|p2a: Audino|95/100
|-boost|p1a: COTTONBALL|spe|1
|-sideend|p1: MentalAdversity|Stealth Rock|[from] move: Rapid Spin|[of] p1a: COTTONBALL
|
|upkeep
|turn|8
|
|t:|1646233020
|switch|p1a: NURSE JOY|Audino, M, shiny|100/100 tox
|move|p2a: Audino|Wish|p2a: Audino
|
|-damage|p1a: NURSE JOY|94/100 tox|[from] psn
|upkeep
|turn|9
|
|t:|1646233025
|switch|p2a: Gigalith|Gigalith, F|80/100
|-damage|p2a: Gigalith|68/100|[from] Stealth Rock
|-weather|Sandstorm|[from] ability: Sand Stream|[of] p2a: Gigalith
|move|p1a: NURSE JOY|Knock Off|p2a: Gigalith
|-damage|p2a: Gigalith|57/100
|-enditem|p2a: Gigalith|Leftovers|[from] move: Knock Off|[of] p1a: NURSE JOY
|
|-weather|Sandstorm|[upkeep]
|-damage|p1a: NURSE JOY|88/100 tox|[from] Sandstorm
|-heal|p2a: Gigalith|100/100|[from] move: Wish|[wisher] Audino
|-damage|p1a: NURSE JOY|76/100 tox|[from] psn
|upkeep
|turn|10
|
|t:|1646233042
|switch|p1a: Perry the platypus|Quagsire, M, shiny|100/100
|move|p2a: Gigalith|Stealth Rock|p1a: Perry the platypus
|-sidestart|p1: MentalAdversity|move: Stealth Rock
|
|-weather|Sandstorm|[upkeep]
|upkeep
|turn|11
|
|t:|1646233046
|switch|p2a: Tangela|Tangela, F|100/100
|-damage|p2a: Tangela|88/100|[from] Stealth Rock
|move|p1a: Perry the platypus|Scald|p2a: Tangela
|-resisted|p2a: Tangela
|-damage|p2a: Tangela|76/100
|-status|p2a: Tangela|brn
|
|-weather|Sandstorm|[upkeep]
|-damage|p2a: Tangela|70/100 brn|[from] Sandstorm
|-damage|p2a: Tangela|64/100 brn|[from] brn
|upkeep
|turn|12
|
|t:|1646233056
|switch|p1a: NURSE JOY|Audino, M, shiny|100/100 tox
|-damage|p1a: NURSE JOY|88/100 tox|[from] Stealth Rock
|move|p2a: Tangela|Knock Off|p1a: NURSE JOY
|-damage|p1a: NURSE JOY|84/100 tox
|
|-weather|Sandstorm|[upkeep]
|-damage|p2a: Tangela|58/100 brn|[from] Sandstorm
|-damage|p1a: NURSE JOY|78/100 tox|[from] Sandstorm
|-damage|p1a: NURSE JOY|72/100 tox|[from] psn
|-damage|p2a: Tangela|52/100 brn|[from] brn
|upkeep
|turn|13
|
|t:|1646233064
|move|p2a: Tangela|Giga Drain|p1a: NURSE JOY
|-damage|p1a: NURSE JOY|53/100 tox
|-heal|p2a: Tangela|63/100 brn|[from] drain|[of] p1a: NURSE JOY
|move|p1a: NURSE JOY|Knock Off|p2a: Tangela
|-damage|p2a: Tangela|56/100 brn
|-enditem|p2a: Tangela|Eviolite|[from] move: Knock Off|[of] p1a: NURSE JOY
|
|-weather|none
|-damage|p1a: NURSE JOY|40/100 tox|[from] psn
|-damage|p2a: Tangela|50/100 brn|[from] brn
|upkeep
|turn|14
|
|t:|1646233071
|switch|p1a: COTTONBALL|Eldegoss, M, shiny|100/100
|move|p2a: Tangela|Giga Drain|p1a: COTTONBALL
|-resisted|p1a: COTTONBALL
|-damage|p1a: COTTONBALL|92/100
|-heal|p2a: Tangela|54/100 brn|[from] drain|[of] p1a: COTTONBALL
|
|-damage|p2a: Tangela|48/100 brn|[from] brn
|upkeep
|turn|15
|
|t:|1646233082
|switch|p1a: NURSE JOY|Audino, M, shiny|74/100 tox
|-damage|p1a: NURSE JOY|61/100 tox|[from] Stealth Rock
|switch|p2a: Aggron|Aggron, M|100/100
|-damage|p2a: Aggron|94/100|[from] Stealth Rock
|
|-damage|p1a: NURSE JOY|55/100 tox|[from] psn
|upkeep
|turn|16
|
|t:|1646233089
|switch|p1a: Perry the platypus|Quagsire, M, shiny|100/100
|-damage|p1a: Perry the platypus|94/100|[from] Stealth Rock
|move|p2a: Aggron|Head Smash|p1a: Perry the platypus
|-resisted|p1a: Perry the platypus
|-damage|p1a: Perry the platypus|58/100
|
|-heal|p1a: Perry the platypus|64/100|[from] item: Leftovers
|upkeep
|turn|17
|
|t:|1646233093
|switch|p2a: Tangela|Tangela, F|82/100 brn
|-damage|p2a: Tangela|69/100 brn|[from] Stealth Rock
|move|p1a: Perry the platypus|Recover|p1a: Perry the platypus
|-heal|p1a: Perry the platypus|100/100
|
|-damage|p2a: Tangela|63/100 brn|[from] brn
|upkeep
|turn|18
|
|t:|1646233103
|switch|p1a: NURSE JOY|Audino, M, shiny|88/100 tox
|-damage|p1a: NURSE JOY|76/100 tox|[from] Stealth Rock
|move|p2a: Tangela|Knock Off|p1a: NURSE JOY
|-damage|p1a: NURSE JOY|72/100 tox
|
|-damage|p1a: NURSE JOY|66/100 tox|[from] psn
|-damage|p2a: Tangela|57/100 brn|[from] brn
|upkeep
|turn|19
|
|t:|1646233110
|switch|p2a: Audino|Audino, F|100/100
|move|p1a: NURSE JOY|Knock Off|p2a: Audino
|-damage|p2a: Audino|86/100
|-enditem|p2a: Audino|Heavy-Duty Boots|[from] move: Knock Off|[of] p1a: NURSE JOY
|
|-damage|p1a: NURSE JOY|53/100 tox|[from] psn
|upkeep
|turn|20
|
|t:|1646233116
|move|p2a: Audino|Knock Off|p1a: NURSE JOY
|-damage|p1a: NURSE JOY|45/100 tox
|move|p1a: NURSE JOY|Toxic|p2a: Audino
|-status|p2a: Audino|tox
|
|-damage|p2a: Audino|80/100 tox|[from] psn
|-damage|p1a: NURSE JOY|27/100 tox|[from] psn
|upkeep
|turn|21
|
|t:|1646233123
|switch|p1a: COTTONBALL|Eldegoss, M, shiny|100/100
|switch|p2a: Tangela|Tangela, F|91/100 brn
|-damage|p2a: Tangela|78/100 brn|[from] Stealth Rock
|
|-damage|p2a: Tangela|72/100 brn|[from] brn
|upkeep
|turn|22
|
|t:|1646233134
|switch|p2a: Audino|Audino, F|100/100 tox
|-damage|p2a: Audino|88/100 tox|[from] Stealth Rock
|move|p1a: COTTONBALL|Rapid Spin|p2a: Audino
|-damage|p2a: Audino|82/100 tox
|-boost|p1a: COTTONBALL|spe|1
|-sideend|p1: MentalAdversity|Stealth Rock|[from] move: Rapid Spin|[of] p1a: COTTONBALL
|
|-damage|p2a: Audino|76/100 tox|[from] psn
|upkeep
|turn|23
|
|t:|1646233138
|switch|p1a: NURSE JOY|Audino, M, shiny|60/100 tox
|move|p2a: Audino|Knock Off|p1a: NURSE JOY
|-damage|p1a: NURSE JOY|50/100 tox
|
|-damage|p2a: Audino|64/100 tox|[from] psn
|-damage|p1a: NURSE JOY|44/100 tox|[from] psn
|upkeep
|turn|24
|
|t:|1646233142
|switch|p2a: Tangela|Tangela, F|100/100 brn
|-damage|p2a: Tangela|88/100 brn|[from] Stealth Rock
|move|p1a: NURSE JOY|Knock Off|p2a: Tangela
|-damage|p2a: Tangela|81/100 brn
|
|-damage|p1a: NURSE JOY|32/100 tox|[from] psn
|-damage|p2a: Tangela|75/100 brn|[from] brn
|upkeep
|turn|25
|
|t:|1646233158
|switch|p1a: COTTONBALL|Eldegoss, M, shiny|100/100
|move|p2a: Tangela|Knock Off|p1a: COTTONBALL
|-crit|p1a: COTTONBALL
|-damage|p1a: COTTONBALL|90/100
|-enditem|p1a: COTTONBALL|Heavy-Duty Boots|[from] move: Knock Off|[of] p2a: Tangela
|
|-damage|p2a: Tangela|69/100 brn|[from] brn
|upkeep
|turn|26
|
|t:|1646233162
|switch|p2a: Audino|Audino, F|97/100 tox
|-damage|p2a: Audino|84/100 tox|[from] Stealth Rock
|move|p1a: COTTONBALL|Leech Seed|p2a: Audino
|-start|p2a: Audino|move: Leech Seed
|
|-damage|p2a: Audino|72/100 tox|[from] Leech Seed|[of] p1a: COTTONBALL
|-heal|p1a: COTTONBALL|100/100|[silent]
|-damage|p2a: Audino|66/100 tox|[from] psn
|upkeep
|turn|27
|
|t:|1646233172
|switch|p2a: Tangela|Tangela, F|100/100 brn
|-damage|p2a: Tangela|88/100 brn|[from] Stealth Rock
|move|p1a: COTTONBALL|Rapid Spin|p2a: Tangela
|-damage|p2a: Tangela|84/100 brn
|-boost|p1a: COTTONBALL|spe|1
|
|-damage|p2a: Tangela|78/100 brn|[from] brn
|upkeep
|turn|28
|
|t:|1646233174
|switch|p1a: NURSE JOY|Audino, M, shiny|65/100 tox
|switch|p2a: Audino|Audino, F|99/100 tox
|-damage|p2a: Audino|87/100 tox|[from] Stealth Rock
|
|-damage|p1a: NURSE JOY|59/100 tox|[from] psn
|-damage|p2a: Audino|80/100 tox|[from] psn
|upkeep
|turn|29
|
|t:|1646233180
|switch|p2a: Tangela|Tangela, F|100/100 brn
|-damage|p2a: Tangela|88/100 brn|[from] Stealth Rock
|switch|p1a: COTTONBALL|Eldegoss, M, shiny|100/100
|
|-damage|p2a: Tangela|82/100 brn|[from] brn
|upkeep
|turn|30
|
|t:|1646233194
|switch|p2a: Audino|Audino, F|100/100 tox
|-damage|p2a: Audino|88/100 tox|[from] Stealth Rock
|switch|p1a: NURSE JOY|Audino, M, shiny|92/100 tox
|
|-damage|p2a: Audino|82/100 tox|[from] psn
|-damage|p1a: NURSE JOY|86/100 tox|[from] psn
|upkeep
|turn|31
|
|t:|1646233197
|switch|p2a: Gigalith|Gigalith, F|100/100
|-damage|p2a: Gigalith|88/100|[from] Stealth Rock
|-weather|Sandstorm|[from] ability: Sand Stream|[of] p2a: Gigalith
|switch|p1a: COTTONBALL|Eldegoss, M, shiny|100/100
|
|-weather|Sandstorm|[upkeep]
|-damage|p1a: COTTONBALL|94/100|[from] Sandstorm
|upkeep
|turn|32
|
|t:|1646233204
|switch|p2a: Audino|Audino, F|100/100 tox
|-damage|p2a: Audino|88/100 tox|[from] Stealth Rock
|move|p1a: COTTONBALL|Leech Seed|p2a: Audino
|-start|p2a: Audino|move: Leech Seed
|
|-weather|Sandstorm|[upkeep]
|-damage|p1a: COTTONBALL|88/100|[from] Sandstorm
|-damage|p2a: Audino|82/100 tox|[from] Sandstorm
|-damage|p2a: Audino|70/100 tox|[from] Leech Seed|[of] p1a: COTTONBALL
|-heal|p1a: COTTONBALL|100/100|[silent]
|-damage|p2a: Audino|63/100 tox|[from] psn
|upkeep
|turn|33
|
|t:|1646233210
|switch|p1a: NURSE JOY|Audino, M, shiny|100/100 tox
|switch|p2a: Tangela|Tangela, F|100/100 brn
|-damage|p2a: Tangela|88/100 brn|[from] Stealth Rock
|
|-weather|Sandstorm|[upkeep]
|-damage|p2a: Tangela|82/100 brn|[from] Sandstorm
|-damage|p1a: NURSE JOY|94/100 tox|[from] Sandstorm
|-damage|p1a: NURSE JOY|88/100 tox|[from] psn
|-damage|p2a: Tangela|76/100 brn|[from] brn
|upkeep
|turn|34
|
|t:|1646233214
|switch|p1a: COTTONBALL|Eldegoss, M, shiny|100/100
|move|p2a: Tangela|Toxic|p1a: COTTONBALL
|-status|p1a: COTTONBALL|tox
|
|-weather|Sandstorm|[upkeep]
|-damage|p2a: Tangela|70/100 brn|[from] Sandstorm
|-damage|p1a: COTTONBALL|94/100 tox|[from] Sandstorm
|-damage|p1a: COTTONBALL|88/100 tox|[from] psn
|-damage|p2a: Tangela|64/100 brn|[from] brn
|upkeep
|turn|35
|
|t:|1646233222
|switch|p2a: Espeon|Espeon, M|100/100
|-damage|p2a: Espeon|88/100|[from] Stealth Rock
|move|p1a: COTTONBALL|Aromatherapy|p1a: COTTONBALL
|-activate|p1a: COTTONBALL|move: Aromatherapy
|-curestatus|p1a: COTTONBALL|tox|[msg]
|-curestatus|p1: NURSE JOY|tox|[msg]
|
|-weather|none
|-heal|p2a: Espeon|94/100|[from] item: Leftovers
|upkeep
|turn|36
|
|t:|1646233228
|switch|p1a: BLUE JAYS|Articuno|100/100
|-ability|p1a: BLUE JAYS|Pressure
|move|p2a: Espeon|Calm Mind|p2a: Espeon
|-boost|p2a: Espeon|spa|1
|-boost|p2a: Espeon|spd|1
|
|-heal|p2a: Espeon|99/100|[from] item: Leftovers
|upkeep
|turn|37
|
|t:|1646233233
|move|p2a: Espeon|Calm Mind|p2a: Espeon
|-boost|p2a: Espeon|spa|1
|-boost|p2a: Espeon|spd|1
|move|p1a: BLUE JAYS|Haze|p1a: BLUE JAYS
|-clearallboost
|
|-heal|p2a: Espeon|100/100|[from] item: Leftovers
|upkeep
|turn|38
|
|t:|1646233237
|move|p2a: Espeon|Wish|p2a: Espeon
|move|p1a: BLUE JAYS|Haze|p1a: BLUE JAYS
|-clearallboost
|
|upkeep
|turn|39
|
|t:|1646233241
|switch|p2a: Gigalith|Gigalith, F|88/100
|-damage|p2a: Gigalith|76/100|[from] Stealth Rock
|-weather|Sandstorm|[from] ability: Sand Stream|[of] p2a: Gigalith
|move|p1a: BLUE JAYS|Toxic|p2a: Gigalith
|-status|p2a: Gigalith|tox
|
|-weather|Sandstorm|[upkeep]
|-damage|p1a: BLUE JAYS|94/100|[from] Sandstorm
|-heal|p2a: Gigalith|100/100 tox|[from] move: Wish|[wisher] Espeon
|-damage|p2a: Gigalith|94/100 tox|[from] psn
|upkeep
|turn|40
|
|t:|1646233246
|switch|p1a: COTTONBALL|Eldegoss, M, shiny|100/100
|move|p2a: Gigalith|Stealth Rock|p1a: COTTONBALL
|-sidestart|p1: MentalAdversity|move: Stealth Rock
|
|-weather|Sandstorm|[upkeep]
|-damage|p1a: COTTONBALL|94/100|[from] Sandstorm
|-damage|p2a: Gigalith|82/100 tox|[from] psn
|upkeep
|turn|41
|
|t:|1646233249
|move|p1a: COTTONBALL|Rapid Spin|p2a: Gigalith
|-resisted|p2a: Gigalith
|-damage|p2a: Gigalith|80/100 tox
|-boost|p1a: COTTONBALL|spe|1
|-sideend|p1: MentalAdversity|Stealth Rock|[from] move: Rapid Spin|[of] p1a: COTTONBALL
|move|p2a: Gigalith|Toxic|p1a: COTTONBALL
|-status|p1a: COTTONBALL|tox
|
|-weather|Sandstorm|[upkeep]
|-damage|p1a: COTTONBALL|88/100 tox|[from] Sandstorm
|-damage|p1a: COTTONBALL|82/100 tox|[from] psn
|-damage|p2a: Gigalith|61/100 tox|[from] psn
|upkeep
|turn|42
|c|☆MentalAdversity|i like your team, bro.
|
|t:|1646233266
|switch|p2a: Audino|Audino, F|97/100 tox
|-damage|p2a: Audino|84/100 tox|[from] Stealth Rock
|move|p1a: COTTONBALL|Leech Seed|p2a: Audino
|-start|p2a: Audino|move: Leech Seed
|
|-weather|Sandstorm|[upkeep]
|-damage|p1a: COTTONBALL|76/100 tox|[from] Sandstorm
|-damage|p2a: Audino|78/100 tox|[from] Sandstorm
|-damage|p2a: Audino|66/100 tox|[from] Leech Seed|[of] p1a: COTTONBALL
|-heal|p1a: COTTONBALL|92/100 tox|[silent]
|-damage|p1a: COTTONBALL|79/100 tox|[from] psn
|-damage|p2a: Audino|60/100 tox|[from] psn
|upkeep
|turn|43
|
|t:|1646233272
|switch|p1a: NURSE JOY|Audino, M, shiny|100/100
|switch|p2a: Tangela|Tangela, F|98/100 brn
|-damage|p2a: Tangela|85/100 brn|[from] Stealth Rock
|
|-weather|none
|-damage|p2a: Tangela|79/100 brn|[from] brn
|upkeep
|turn|44
|
|t:|1646233277
|switch|p1a: COTTONBALL|Eldegoss, M, shiny|100/100 tox
|move|p2a: Tangela|Toxic|p1a: COTTONBALL
|-fail|p1a: COTTONBALL|tox
|
|-damage|p1a: COTTONBALL|94/100 tox|[from] psn
|-damage|p2a: Tangela|73/100 brn|[from] brn
|upkeep
|turn|45
|
|t:|1646233287
|switch|p2a: Audino|Audino, F|93/100 tox
|-damage|p2a: Audino|80/100 tox|[from] Stealth Rock
|move|p1a: COTTONBALL|Rapid Spin|p2a: Audino
|-damage|p2a: Audino|75/100 tox
|-boost|p1a: COTTONBALL|spe|1
|
|-damage|p1a: COTTONBALL|82/100 tox|[from] psn
|-damage|p2a: Audino|69/100 tox|[from] psn
|upkeep
|turn|46
|
|t:|1646233290
|switch|p1a: NURSE JOY|Audino, M, shiny|100/100
|switch|p2a: Tangela|Tangela, F|100/100 brn
|-damage|p2a: Tangela|88/100 brn|[from] Stealth Rock
|
|-damage|p2a: Tangela|82/100 brn|[from] brn
|upkeep
|turn|47
|
|t:|1646233295
|switch|p2a: Espeon|Espeon, M|100/100
|-damage|p2a: Espeon|88/100|[from] Stealth Rock
|switch|p1a: COTTONBALL|Eldegoss, M, shiny|100/100 tox
|
|-heal|p2a: Espeon|94/100|[from] item: Leftovers
|-damage|p1a: COTTONBALL|94/100 tox|[from] psn
|upkeep
|turn|48
|
|t:|1646233302
|switch|p1a: BLUE JAYS|Articuno|94/100
|-ability|p1a: BLUE JAYS|Pressure
|move|p2a: Espeon|Calm Mind|p2a: Espeon
|-boost|p2a: Espeon|spa|1
|-boost|p2a: Espeon|spd|1
|
|-heal|p2a: Espeon|99/100|[from] item: Leftovers
|upkeep
|turn|49
|
|t:|1646233304
|move|p2a: Espeon|Psychic|p1a: BLUE JAYS
|-damage|p1a: BLUE JAYS|64/100
|move|p1a: BLUE JAYS|Haze|p1a: BLUE JAYS
|-clearallboost
|
|-heal|p2a: Espeon|100/100|[from] item: Leftovers
|upkeep
|turn|50
|
|t:|1646233308
|move|p2a: Espeon|Wish|p2a: Espeon
|move|p1a: BLUE JAYS|Roost|p1a: BLUE JAYS
|-heal|p1a: BLUE JAYS|100/100
|-singleturn|p1a: BLUE JAYS|move: Roost
|
|upkeep
|turn|51
|
|t:|1646233312
|switch|p2a: Gigalith|Gigalith, F|61/100 tox
|-damage|p2a: Gigalith|49/100 tox|[from] Stealth Rock
|-weather|Sandstorm|[from] ability: Sand Stream|[of] p2a: Gigalith
|switch|p1a: NURSE JOY|Audino, M, shiny|100/100
|
|-weather|Sandstorm|[upkeep]
|-damage|p1a: NURSE JOY|94/100|[from] Sandstorm
|-heal|p2a: Gigalith|94/100 tox|[from] move: Wish|[wisher] Espeon
|-damage|p2a: Gigalith|87/100 tox|[from] psn
|upkeep
|turn|52
|
|t:|1646233317
|switch|p1a: COTTONBALL|Eldegoss, M, shiny|100/100 tox
|move|p2a: Gigalith|Stealth Rock|p1a: COTTONBALL
|-sidestart|p1: MentalAdversity|move: Stealth Rock
|
|-weather|Sandstorm|[upkeep]
|-damage|p1a: COTTONBALL|94/100 tox|[from] Sandstorm
|-damage|p1a: COTTONBALL|88/100 tox|[from] psn
|-damage|p2a: Gigalith|75/100 tox|[from] psn
|upkeep
|turn|53
|
|t:|1646233323
|switch|p2a: Aggron|Aggron, M|94/100
|-damage|p2a: Aggron|88/100|[from] Stealth Rock
|move|p1a: COTTONBALL|Rapid Spin|p2a: Aggron
|-resisted|p2a: Aggron
|-damage|p2a: Aggron|87/100
|-boost|p1a: COTTONBALL|spe|1
|-sideend|p1: MentalAdversity|Stealth Rock|[from] move: Rapid Spin|[of] p1a: COTTONBALL
|
|-weather|Sandstorm|[upkeep]
|-damage|p1a: COTTONBALL|82/100 tox|[from] Sandstorm
|-damage|p1a: COTTONBALL|70/100 tox|[from] psn
|upkeep
|turn|54
|
|t:|1646233326
|switch|p1a: Perry the platypus|Quagsire, M, shiny|100/100
|move|p2a: Aggron|Earthquake|p1a: Perry the platypus
|-damage|p1a: Perry the platypus|63/100
|
|-weather|Sandstorm|[upkeep]
|-heal|p1a: Perry the platypus|69/100|[from] item: Leftovers
|upkeep
|turn|55
|
|t:|1646233331
|switch|p2a: Tangela|Tangela, F|100/100 brn
|-damage|p2a: Tangela|88/100 brn|[from] Stealth Rock
|move|p1a: Perry the platypus|Recover|p1a: Perry the platypus
|-heal|p1a: Perry the platypus|100/100
|
|-weather|none
|-damage|p2a: Tangela|82/100 brn|[from] brn
|upkeep
|turn|56
|
|t:|1646233335
|switch|p2a: Audino|Audino, F|100/100 tox
|-damage|p2a: Audino|88/100 tox|[from] Stealth Rock
|switch|p1a: Fletchinder|Fletchinder, F, shiny|100/100
|
|-damage|p2a: Audino|82/100 tox|[from] psn
|upkeep
|turn|57
|
|t:|1646233342
|switch|p1a: NURSE JOY|Audino, M, shiny|100/100
|move|p2a: Audino|Knock Off|p1a: NURSE JOY
|-damage|p1a: NURSE JOY|91/100
|
|-damage|p2a: Audino|70/100 tox|[from] psn
|upkeep
|turn|58
|
|t:|1646233346
|switch|p2a: Tangela|Tangela, F|100/100 brn
|-damage|p2a: Tangela|88/100 brn|[from] Stealth Rock
|move|p1a: NURSE JOY|Knock Off|p2a: Tangela
|-damage|p2a: Tangela|81/100 brn
|
|-damage|p2a: Tangela|75/100 brn|[from] brn
|upkeep
|turn|59
|
|t:|1646233349
|switch|p2a: Audino|Audino, F|100/100 tox
|-damage|p2a: Audino|88/100 tox|[from] Stealth Rock
|switch|p1a: COTTONBALL|Eldegoss, M, shiny|100/100 tox
|
|-damage|p1a: COTTONBALL|94/100 tox|[from] psn
|-damage|p2a: Audino|82/100 tox|[from] psn
|upkeep
|turn|60
|
|t:|1646233359
|switch|p1a: Wigglytuff|Wigglytuff, F, shiny|88/100
|switch|p2a: Tangela|Tangela, F|100/100 brn
|-damage|p2a: Tangela|88/100 brn|[from] Stealth Rock
|
|-damage|p2a: Tangela|82/100 brn|[from] brn
|upkeep
|turn|61
|
|t:|1646233364
|switch|p2a: Audino|Audino, F|100/100 tox
|-damage|p2a: Audino|88/100 tox|[from] Stealth Rock
|move|p1a: Wigglytuff|Seismic Toss|p2a: Audino
|-damage|p2a: Audino|64/100 tox
|
|-damage|p2a: Audino|58/100 tox|[from] psn
|upkeep
|turn|62
|
|t:|1646233370
|switch|p2a: Espeon|Espeon, M|100/100
|-damage|p2a: Espeon|88/100|[from] Stealth Rock
|move|p1a: Wigglytuff|Seismic Toss|p2a: Espeon
|-damage|p2a: Espeon|58/100
|
|-heal|p2a: Espeon|64/100|[from] item: Leftovers
|upkeep
|turn|63
|
|t:|1646233378
|switch|p1a: BLUE JAYS|Articuno|100/100
|-ability|p1a: BLUE JAYS|Pressure
|move|p2a: Espeon|Wish|p2a: Espeon
|
|-heal|p2a: Espeon|70/100|[from] item: Leftovers
|upkeep
|turn|64
|
|t:|1646233388
|move|p2a: Espeon|Psychic|p1a: BLUE JAYS
|-damage|p1a: BLUE JAYS|81/100
|-unboost|p1a: BLUE JAYS|spd|1
|move|p1a: BLUE JAYS|Haze|p1a: BLUE JAYS
|-clearallboost
|
|-heal|p2a: Espeon|100/100|[from] move: Wish|[wisher] Espeon
|upkeep
|turn|65
|
|t:|1646233391
|move|p2a: Espeon|Wish|p2a: Espeon
|move|p1a: BLUE JAYS|Haze|p1a: BLUE JAYS
|-clearallboost
|
|upkeep
|turn|66
|
|t:|1646233396
|switch|p2a: Gigalith|Gigalith, F|75/100 tox
|-damage|p2a: Gigalith|63/100 tox|[from] Stealth Rock
|-weather|Sandstorm|[from] ability: Sand Stream|[of] p2a: Gigalith
|switch|p1a: NURSE JOY|Audino, M, shiny|100/100
|
|-weather|Sandstorm|[upkeep]
|-damage|p1a: NURSE JOY|94/100|[from] Sandstorm
|-heal|p2a: Gigalith|100/100 tox|[from] move: Wish|[wisher] Espeon
|-damage|p2a: Gigalith|94/100 tox|[from] psn
|upkeep
|turn|67
|
|t:|1646233403
|switch|p1a: COTTONBALL|Eldegoss, M, shiny|100/100 tox
|switch|p2a: Aggron|Aggron, M|87/100
|-damage|p2a: Aggron|81/100|[from] Stealth Rock
|
|-weather|Sandstorm|[upkeep]
|-damage|p1a: COTTONBALL|94/100 tox|[from] Sandstorm
|-damage|p1a: COTTONBALL|88/100 tox|[from] psn
|upkeep
|turn|68
|
|t:|1646233408
|switch|p1a: Perry the platypus|Quagsire, M, shiny|100/100
|move|p2a: Aggron|Head Smash|p1a: Perry the platypus|[miss]
|-miss|p2a: Aggron|p1a: Perry the platypus
|
|-weather|Sandstorm|[upkeep]
|upkeep
|turn|69
|
|t:|1646233413
|switch|p2a: Tangela|Tangela, F|100/100 brn
|-damage|p2a: Tangela|88/100 brn|[from] Stealth Rock
|move|p1a: Perry the platypus|Scald|p2a: Tangela
|-resisted|p2a: Tangela
|-damage|p2a: Tangela|67/100 brn
|
|-weather|Sandstorm|[upkeep]
|-damage|p2a: Tangela|61/100 brn|[from] Sandstorm
|-damage|p2a: Tangela|55/100 brn|[from] brn
|upkeep
|turn|70
|
|t:|1646233421
|switch|p2a: Audino|Audino, F|91/100 tox
|-damage|p2a: Audino|78/100 tox|[from] Stealth Rock
|switch|p1a: COTTONBALL|Eldegoss, M, shiny|100/100 tox
|
|-weather|none
|-damage|p1a: COTTONBALL|94/100 tox|[from] psn
|-damage|p2a: Audino|72/100 tox|[from] psn
|upkeep
|turn|71
|
|t:|1646233429
|switch|p1a: Fletchinder|Fletchinder, F, shiny|100/100
|switch|p2a: Tangela|Tangela, F|89/100 brn
|-damage|p2a: Tangela|76/100 brn|[from] Stealth Rock
|
|-damage|p2a: Tangela|70/100 brn|[from] brn
|upkeep
|turn|72
|
|t:|1646233442
|switch|p2a: Audino|Audino, F|100/100 tox
|-damage|p2a: Audino|88/100 tox|[from] Stealth Rock
|move|p1a: Fletchinder|Flamethrower|p2a: Audino
|-damage|p2a: Audino|77/100 tox
|
|-damage|p2a: Audino|71/100 tox|[from] psn
|upkeep
|turn|73
|
|t:|1646233450
|switch|p1a: NURSE JOY|Audino, M, shiny|100/100
|move|p2a: Audino|Heal Bell|p2a: Audino
|-activate|p2a: Audino|move: Heal Bell
|-curestatus|p2a: Audino|tox|[msg]
|-curestatus|p2: Tangela|brn|[msg]
|-curestatus|p2: Gigalith|tox|[msg]
|-curestatus|p2: Quagsire|tox|[msg]
|
|upkeep
|turn|74
|
|t:|1646233456
|switch|p2a: Espeon|Espeon, M|100/100
|-damage|p2a: Espeon|88/100|[from] Stealth Rock
|move|p1a: NURSE JOY|Knock Off|p2a: Espeon
|-supereffective|p2a: Espeon
|-damage|p2a: Espeon|59/100
|-enditem|p2a: Espeon|Leftovers|[from] move: Knock Off|[of] p1a: NURSE JOY
|
|upkeep
|turn|75
|
|t:|1646233464
|switch|p1a: BLUE JAYS|Articuno|81/100
|-ability|p1a: BLUE JAYS|Pressure
|move|p2a: Espeon|Wish|p2a: Espeon
|
|upkeep
|turn|76
|
|t:|1646233473
|switch|p1a: NURSE JOY|Audino, M, shiny|100/100
|move|p2a: Espeon|Calm Mind|p2a: Espeon
|-boost|p2a: Espeon|spa|1
|-boost|p2a: Espeon|spd|1
|
|-heal|p2a: Espeon|100/100|[from] move: Wish|[wisher] Espeon
|upkeep
|turn|77
|
|t:|1646233483
|switch|p1a: BLUE JAYS|Articuno|81/100
|-ability|p1a: BLUE JAYS|Pressure
|move|p2a: Espeon|Calm Mind|p2a: Espeon
|-boost|p2a: Espeon|spa|1
|-boost|p2a: Espeon|spd|1
|
|upkeep
|turn|78
|
|t:|1646233485
|move|p2a: Espeon|Psychic|p1a: BLUE JAYS
|-damage|p1a: BLUE JAYS|39/100
|move|p1a: BLUE JAYS|Haze|p1a: BLUE JAYS
|-clearallboost
|
|upkeep
|turn|79
|
|t:|1646233489
|move|p2a: Espeon|Wish|p2a: Espeon
|move|p1a: BLUE JAYS|Roost|p1a: BLUE JAYS
|-heal|p1a: BLUE JAYS|89/100
|-singleturn|p1a: BLUE JAYS|move: Roost
|
|upkeep
|turn|80
|j| acluh1
|
|t:|1646233492
|switch|p2a: Aggron|Aggron, M|81/100
|-damage|p2a: Aggron|75/100|[from] Stealth Rock
|move|p1a: BLUE JAYS|Haze|p1a: BLUE JAYS
|-clearallboost
|
|-heal|p2a: Aggron|100/100|[from] move: Wish|[wisher] Espeon
|upkeep
|turn|81
|
|t:|1646233500
|switch|p1a: Perry the platypus|Quagsire, M, shiny|100/100
|move|p2a: Aggron|Earthquake|p1a: Perry the platypus
|-damage|p1a: Perry the platypus|65/100
|
|-heal|p1a: Perry the platypus|72/100|[from] item: Leftovers
|upkeep
|turn|82
|l| acluh1
|
|t:|1646233507
|move|p2a: Aggron|Earthquake|p1a: Perry the platypus
|-damage|p1a: Perry the platypus|33/100
|move|p1a: Perry the platypus|Recover|p1a: Perry the platypus
|-heal|p1a: Perry the platypus|83/100
|
|-heal|p1a: Perry the platypus|89/100|[from] item: Leftovers
|upkeep
|turn|83
|
|t:|1646233511
|switch|p2a: Tangela|Tangela, F|100/100
|-damage|p2a: Tangela|88/100|[from] Stealth Rock
|move|p1a: Perry the platypus|Scald|p2a: Tangela
|-resisted|p2a: Tangela
|-damage|p2a: Tangela|67/100
|
|-heal|p1a: Perry the platypus|95/100|[from] item: Leftovers
|upkeep
|turn|84
|
|t:|1646233519
|switch|p2a: Aggron|Aggron, M|100/100
|-damage|p2a: Aggron|94/100|[from] Stealth Rock
|switch|p1a: NURSE JOY|Audino, M, shiny|100/100
|
|upkeep
|turn|85
|
|t:|1646233523
|move|p1a: NURSE JOY|Protect|p1a: NURSE JOY
|-singleturn|p1a: NURSE JOY|Protect
|move|p2a: Aggron|Heavy Slam|p1a: NURSE JOY
|-activate|p1a: NURSE JOY|move: Protect
|
|upkeep
|turn|86
|
|t:|1646233529
|switch|p1a: Fletchinder|Fletchinder, F, shiny|100/100
|move|p2a: Aggron|Heavy Slam|p1a: Fletchinder
|-resisted|p1a: Fletchinder
|-damage|p1a: Fletchinder|69/100
|
|upkeep
|turn|87
|
|t:|1646233534
|switch|p2a: Gigalith|Gigalith, F|94/100
|-damage|p2a: Gigalith|82/100|[from] Stealth Rock
|-weather|Sandstorm|[from] ability: Sand Stream|[of] p2a: Gigalith
|move|p1a: Fletchinder|Roost|p1a: Fletchinder
|-heal|p1a: Fletchinder|100/100
|-singleturn|p1a: Fletchinder|move: Roost
|
|-weather|Sandstorm|[upkeep]
|-damage|p1a: Fletchinder|94/100|[from] Sandstorm
|upkeep
|turn|88
|
|t:|1646233549
|switch|p1a: COTTONBALL|Eldegoss, M, shiny|100/100 tox
|move|p2a: Gigalith|Stealth Rock|p1a: COTTONBALL
|-sidestart|p1: MentalAdversity|move: Stealth Rock
|
|-weather|Sandstorm|[upkeep]
|-damage|p1a: COTTONBALL|94/100 tox|[from] Sandstorm
|-damage|p1a: COTTONBALL|88/100 tox|[from] psn
|upkeep
|turn|89
|
|t:|1646233554
|move|p1a: COTTONBALL|Leech Seed|p2a: Gigalith
|-start|p2a: Gigalith|move: Leech Seed
|move|p2a: Gigalith|Stealth Rock||[still]
|-fail|p2a: Gigalith
|
|-weather|Sandstorm|[upkeep]
|-damage|p1a: COTTONBALL|82/100 tox|[from] Sandstorm
|-damage|p2a: Gigalith|70/100|[from] Leech Seed|[of] p1a: COTTONBALL
|-heal|p1a: COTTONBALL|96/100 tox|[silent]
|-damage|p1a: COTTONBALL|84/100 tox|[from] psn
|upkeep
|turn|90
|
|t:|1646233559
|switch|p2a: Audino|Audino, F|100/100
|-damage|p2a: Audino|88/100|[from] Stealth Rock
|move|p1a: COTTONBALL|Rapid Spin|p2a: Audino
|-damage|p2a: Audino|82/100
|-boost|p1a: COTTONBALL|spe|1
|-sideend|p1: MentalAdversity|Stealth Rock|[from] move: Rapid Spin|[of] p1a: COTTONBALL
|
|-weather|Sandstorm|[upkeep]
|-damage|p1a: COTTONBALL|78/100 tox|[from] Sandstorm
|-damage|p2a: Audino|76/100|[from] Sandstorm
|-damage|p1a: COTTONBALL|59/100 tox|[from] psn
|upkeep
|turn|91
|
|t:|1646233562
|switch|p1a: NURSE JOY|Audino, M, shiny|100/100
|switch|p2a: Tangela|Tangela, F|99/100
|-damage|p2a: Tangela|88/100|[from] Stealth Rock
|
|-weather|none
|upkeep
|turn|92
|
|t:|1646233565
|switch|p2a: Audino|Audino, F|100/100
|-damage|p2a: Audino|88/100|[from] Stealth Rock
|move|p1a: NURSE JOY|Toxic|p2a: Audino
|-status|p2a: Audino|tox
|
|-damage|p2a: Audino|82/100 tox|[from] psn
|upkeep
|turn|93
|
|t:|1646233571
|switch|p1a: COTTONBALL|Eldegoss, M, shiny|92/100 tox
|switch|p2a: Tangela|Tangela, F|100/100
|-damage|p2a: Tangela|88/100|[from] Stealth Rock
|
|-damage|p1a: COTTONBALL|86/100 tox|[from] psn
|upkeep
|turn|94
|
|t:|1646233574
|switch|p1a: NURSE JOY|Audino, M, shiny|100/100
|switch|p2a: Audino|Audino, F|100/100 tox
|-damage|p2a: Audino|88/100 tox|[from] Stealth Rock
|
|-damage|p2a: Audino|82/100 tox|[from] psn
|upkeep
|turn|95
|
|t:|1646233576
|switch|p1a: COTTONBALL|Eldegoss, M, shiny|100/100 tox
|switch|p2a: Tangela|Tangela, F|100/100
|-damage|p2a: Tangela|88/100|[from] Stealth Rock
|
|-damage|p1a: COTTONBALL|94/100 tox|[from] psn
|upkeep
|turn|96
|
|t:|1646233581
|switch|p1a: NURSE JOY|Audino, M, shiny|100/100
|switch|p2a: Audino|Audino, F|100/100 tox
|-damage|p2a: Audino|88/100 tox|[from] Stealth Rock
|
|-damage|p2a: Audino|82/100 tox|[from] psn
|upkeep
|turn|97
|
|t:|1646233586
|switch|p2a: Tangela|Tangela, F|100/100
|-damage|p2a: Tangela|88/100|[from] Stealth Rock
|switch|p1a: Wigglytuff|Wigglytuff, F, shiny|88/100
|
|upkeep
|turn|98
|
|t:|1646233590
|switch|p1a: COTTONBALL|Eldegoss, M, shiny|100/100 tox
|move|p2a: Tangela|Toxic|p1a: COTTONBALL
|-fail|p1a: COTTONBALL|tox
|
|-damage|p1a: COTTONBALL|94/100 tox|[from] psn
|upkeep
|turn|99
|
|t:|1646233598
|switch|p1a: NURSE JOY|Audino, M, shiny|100/100
|switch|p2a: Audino|Audino, F|100/100 tox
|-damage|p2a: Audino|88/100 tox|[from] Stealth Rock
|
|-damage|p2a: Audino|82/100 tox|[from] psn
|upkeep
|turn|100
|
|t:|1646233603
|move|p2a: Audino|Knock Off|p1a: NURSE JOY
|-damage|p1a: NURSE JOY|90/100
|move|p1a: NURSE JOY|Toxic|p2a: Audino
|-fail|p2a: Audino|tox
|
|-damage|p2a: Audino|70/100 tox|[from] psn
|upkeep
|turn|101
crylng lightning is offering a tie.
|c|☆MentalAdversity|i'd lose by points tho :c
|
|t:|1646233618
|switch|p2a: Tangela|Tangela, F|100/100
|-damage|p2a: Tangela|88/100|[from] Stealth Rock
|move|p1a: NURSE JOY|Knock Off|p2a: Tangela
|-damage|p2a: Tangela|81/100
|
|upkeep
|turn|102
|c|☆MentalAdversity|unless
|c|☆MentalAdversity|you say something for me
|
|t:|1646233638
|switch|p2a: Audino|Audino, F|100/100 tox
|-damage|p2a: Audino|88/100 tox|[from] Stealth Rock
|switch|p1a: COTTONBALL|Eldegoss, M, shiny|100/100 tox
|
|-damage|p1a: COTTONBALL|94/100 tox|[from] psn
|-damage|p2a: Audino|82/100 tox|[from] psn
|upkeep
|turn|103
|c|☆crylng lightning|what would you like me to say
|c|☆MentalAdversity|SLAVA UKRAINI
|
|t:|1646233652
|switch|p1a: NURSE JOY|Audino, M, shiny|100/100
|switch|p2a: Tangela|Tangela, F|100/100
|-damage|p2a: Tangela|88/100|[from] Stealth Rock
|
|upkeep
|turn|104
|c|☆crylng lightning|SLAVA UKRAINI
|inactive|crylng lightning has 120 seconds left.
|c|☆MentalAdversity|ok
|c|☆MentalAdversity|give me a sec
|c|☆MentalAdversity|ill have to lose my points
crylng lightning is offering a tie.
|inactive|crylng lightning has 90 seconds left.
|
|t:|1646233724
|switch|p2a: Audino|Audino, F|100/100 tox
|-damage|p2a: Audino|88/100 tox|[from] Stealth Rock
|switch|p1a: COTTONBALL|Eldegoss, M, shiny|100/100 tox
|
|-damage|p1a: COTTONBALL|94/100 tox|[from] psn
|-damage|p2a: Audino|82/100 tox|[from] psn
|upkeep
|turn|105
crylng lightning is offering a tie.
|inactive|MentalAdversity has 120 seconds left.
|
|t:|1646233744
|switch|p1a: NURSE JOY|Audino, M, shiny|100/100
|switch|p2a: Tangela|Tangela, F|100/100
|-damage|p2a: Tangela|88/100|[from] Stealth Rock
|
|upkeep
|turn|106
|inactive|MentalAdversity has 120 seconds left.
|
|t:|1646233754
|switch|p2a: Audino|Audino, F|100/100 tox
|-damage|p2a: Audino|88/100 tox|[from] Stealth Rock
|switch|p1a: COTTONBALL|Eldegoss, M, shiny|100/100 tox
|
|-damage|p1a: COTTONBALL|94/100 tox|[from] psn
|-damage|p2a: Audino|82/100 tox|[from] psn
|upkeep
|turn|107
crylng lightning is offering a tie.
|inactive|crylng lightning has 60 seconds left.
|
|t:|1646233781
|switch|p1a: NURSE JOY|Audino, M, shiny|100/100
|switch|p2a: Tangela|Tangela, F|100/100
|-damage|p2a: Tangela|88/100|[from] Stealth Rock
|
|upkeep
|turn|108
|
|t:|1646233788
|switch|p2a: Audino|Audino, F|100/100 tox
|-damage|p2a: Audino|88/100 tox|[from] Stealth Rock
|switch|p1a: COTTONBALL|Eldegoss, M, shiny|100/100 tox
|
|-damage|p1a: COTTONBALL|94/100 tox|[from] psn
|-damage|p2a: Audino|82/100 tox|[from] psn
|upkeep
|turn|109
|
|t:|1646233790
|switch|p1a: Fletchinder|Fletchinder, F, shiny|94/100
|switch|p2a: Tangela|Tangela, F|100/100
|-damage|p2a: Tangela|88/100|[from] Stealth Rock
|
|upkeep
|turn|110
|
|t:|1646233793
|switch|p2a: Audino|Audino, F|100/100 tox
|-damage|p2a: Audino|88/100 tox|[from] Stealth Rock
|move|p1a: Fletchinder|Flamethrower|p2a: Audino
|-damage|p2a: Audino|76/100 tox
|
|-damage|p2a: Audino|70/100 tox|[from] psn
|upkeep
|turn|111
|
|t:|1646233801
|switch|p1a: NURSE JOY|Audino, M, shiny|100/100
|move|p2a: Audino|Wish|p2a: Audino
|
|-damage|p2a: Audino|58/100 tox|[from] psn
|upkeep
|turn|112
|
|t:|1646233805
|switch|p2a: Gigalith|Gigalith, F|70/100
|-damage|p2a: Gigalith|57/100|[from] Stealth Rock
|-weather|Sandstorm|[from] ability: Sand Stream|[of] p2a: Gigalith
|move|p1a: NURSE JOY|Toxic|p2a: Gigalith
|-status|p2a: Gigalith|tox
|
|-weather|Sandstorm|[upkeep]
|-damage|p1a: NURSE JOY|94/100|[from] Sandstorm
|-heal|p2a: Gigalith|100/100 tox|[from] move: Wish|[wisher] Audino
|-damage|p2a: Gigalith|94/100 tox|[from] psn
|upkeep
|turn|113
|
|t:|1646233818
|switch|p1a: COTTONBALL|Eldegoss, M, shiny|100/100 tox
|switch|p2a: Tangela|Tangela, F|100/100
|-damage|p2a: Tangela|88/100|[from] Stealth Rock
|
|-weather|Sandstorm|[upkeep]
|-damage|p2a: Tangela|82/100|[from] Sandstorm
|-damage|p1a: COTTONBALL|94/100 tox|[from] Sandstorm
|-damage|p1a: COTTONBALL|88/100 tox|[from] psn
|upkeep
|turn|114
|
|t:|1646233822
|switch|p1a: NURSE JOY|Audino, M, shiny|100/100
|move|p2a: Tangela|Giga Drain|p1a: NURSE JOY
|-damage|p1a: NURSE JOY|83/100
|-heal|p2a: Tangela|93/100|[from] drain|[of] p1a: NURSE JOY
|
|-weather|Sandstorm|[upkeep]
|-damage|p2a: Tangela|87/100|[from] Sandstorm
|-damage|p1a: NURSE JOY|77/100|[from] Sandstorm
|upkeep
|turn|115
|
|t:|1646233831
|switch|p2a: Audino|Audino, F|91/100 tox
|-damage|p2a: Audino|79/100 tox|[from] Stealth Rock
|switch|p1a: COTTONBALL|Eldegoss, M, shiny|100/100 tox
|
|-weather|Sandstorm|[upkeep]
|-damage|p1a: COTTONBALL|94/100 tox|[from] Sandstorm
|-damage|p2a: Audino|72/100 tox|[from] Sandstorm
|-damage|p1a: COTTONBALL|88/100 tox|[from] psn
|-damage|p2a: Audino|66/100 tox|[from] psn
|upkeep
|turn|116
|
|t:|1646233839
|switch|p1a: NURSE JOY|Audino, M, shiny|100/100
|switch|p2a: Tangela|Tangela, F|100/100
|-damage|p2a: Tangela|88/100|[from] Stealth Rock
|
|-weather|none
|upkeep
|turn|117
|
|t:|1646233841
|switch|p2a: Audino|Audino, F|99/100 tox
|-damage|p2a: Audino|87/100 tox|[from] Stealth Rock
|switch|p1a: COTTONBALL|Eldegoss, M, shiny|100/100 tox
|
|-damage|p1a: COTTONBALL|94/100 tox|[from] psn
|-damage|p2a: Audino|81/100 tox|[from] psn
|upkeep
|turn|118
|j| acluh1
|-message|crylng lightning forfeited.
|
|win|MentalAdversity
|raw|MentalAdversity's rating: 1548 &rarr; <strong>1566</strong><br />(+18 for winning)
|raw|crylng lightning's rating: 1520 &rarr; <strong>1502</strong><br />(-18 for losing)
|l|☆crylng lightning
|c|☆MentalAdversity|thank you.
