|j|☆Mia Karst
|j|☆payresse
|t:|1605910776
|player|p1|Mia Karst|lass-gen1|
|player|p2|payresse|aaron|
|teamsize|p1|6
|teamsize|p2|6
|gametype|singles
|gen|8
|tier|[Gen 8] PU
|rated|Tournament battle
|clearpoke
|poke|p1|Cinccino, F|
|poke|p1|Carbink|
|poke|p1|Lurantis, M|
|poke|p1|Garbodor, M|
|poke|p1|Togedemaru, F|
|poke|p1|Cursola, F|
|poke|p2|Hippopotas, F|
|poke|p2|Lycanroc, F|
|poke|p2|Sandslash, F|
|poke|p2|Emolga, M|
|poke|p2|Falinks|
|poke|p2|Kadabra, M|
|rule|Sleep Clause Mod: Limit one foe put to sleep
|rule|Species Clause: Limit one of each Pokémon
|rule|OHKO Clause: OHKO moves are banned
|rule|Evasion Moves Clause: Evasion moves are banned
|rule|Endless Battle Clause: Forcing endless battles is banned
|rule|HP Percentage Mod: HP is shown in percentages
|rule|Dynamax Clause: You cannot dynamax
|teampreview
|c|☆Mia Karst|hf
|j| DarkLugia555
|j| sleepysnafu
|c|☆payresse|gl hf
|j| yavin2
|
|t:|1605910801
|start
|switch|p1a: Cinccino|Cinccino, F|100/100
|switch|p2a: Hippopotas|Hippopotas, F|100/100
|-weather|Sandstorm|[from] ability: Sand Stream|[of] p2a: Hippopotas
|turn|1
|j| zoowi
|c| zoowi|sssssand
|inactive|Battle timer is ON: inactive players will automatically lose when time's up. (requested by Mia Karst)
|
|t:|1605910863
|move|p1a: Cinccino|Knock Off|p2a: Hippopotas
|-damage|p2a: Hippopotas|75/100
|-enditem|p2a: Hippopotas|Smooth Rock|[from] move: Knock Off|[of] p1a: Cinccino
|move|p2a: Hippopotas|Stealth Rock|p1a: Cinccino
|-sidestart|p1: Mia Karst|move: Stealth Rock
|
|-weather|Sandstorm|[upkeep]
|-damage|p1a: Cinccino|94/100|[from] Sandstorm
|upkeep
|turn|2
|
|t:|1605910874
|switch|p2a: Lycanroc|Lycanroc, F|100/100
|move|p1a: Cinccino|Bullet Seed|p2a: Lycanroc
|-supereffective|p2a: Lycanroc
|-damage|p2a: Lycanroc|77/100
|-supereffective|p2a: Lycanroc
|-damage|p2a: Lycanroc|52/100
|-supereffective|p2a: Lycanroc
|-crit|p2a: Lycanroc
|-damage|p2a: Lycanroc|19/100
|-supereffective|p2a: Lycanroc
|-damage|p2a: Lycanroc|0 fnt
|-hitcount|p2a: Lycanroc|4
|faint|p2a: Lycanroc
|
|-weather|Sandstorm|[upkeep]
|-damage|p1a: Cinccino|88/100|[from] Sandstorm
|upkeep
|
|t:|1605910882
|switch|p2a: Sandslash|Sandslash, F|100/100
|turn|3
|
|t:|1605910893
|switch|p1a: Lurantis|Lurantis, M|100/100
|move|p2a: Sandslash|Earthquake|p1a: Lurantis
|-resisted|p1a: Lurantis
|-damage|p1a: Lurantis|69/100
|-damage|p2a: Sandslash|91/100|[from] item: Life Orb
|
|-weather|Sandstorm|[upkeep]
|-damage|p1a: Lurantis|63/100|[from] Sandstorm
|upkeep
|turn|4
|
|t:|1605910906
|move|p2a: Sandslash|Leech Life|p1a: Lurantis
|-supereffective|p1a: Lurantis
|-damage|p1a: Lurantis|0 fnt
|-heal|p2a: Sandslash|100/100|[from] drain|[of] p1a: Lurantis
|-damage|p2a: Sandslash|91/100|[from] item: Life Orb
|faint|p1a: Lurantis
|
|-weather|Sandstorm|[upkeep]
|upkeep
|
|t:|1605910914
|switch|p1a: Carbink|Carbink|100/100
|-damage|p1a: Carbink|88/100|[from] Stealth Rock
|turn|5
|
|t:|1605910917
|move|p2a: Sandslash|Earthquake|p1a: Carbink
|-supereffective|p1a: Carbink
|-damage|p1a: Carbink|10/100
|-damage|p2a: Sandslash|81/100|[from] item: Life Orb
|move|p1a: Carbink|Toxic|p2a: Sandslash|[miss]
|-miss|p1a: Carbink|p2a: Sandslash
|
|-weather|Sandstorm|[upkeep]
|-heal|p1a: Carbink|16/100|[from] item: Leftovers
|upkeep
|turn|6
|
|t:|1605910922
|move|p1a: Carbink|Protect|p1a: Carbink
|-singleturn|p1a: Carbink|Protect
|move|p2a: Sandslash|Earthquake|p1a: Carbink
|-activate|p1a: Carbink|move: Protect
|
|-weather|Sandstorm|[upkeep]
|-heal|p1a: Carbink|22/100|[from] item: Leftovers
|upkeep
|turn|7
|
|t:|1605910931
|move|p2a: Sandslash|Earthquake|p1a: Carbink
|-supereffective|p1a: Carbink
|-damage|p1a: Carbink|0 fnt
|-damage|p2a: Sandslash|71/100|[from] item: Life Orb
|faint|p1a: Carbink
|
|-weather|Sandstorm|[upkeep]
|upkeep
|c|☆Mia Karst|didnt need that toxic miss
|j| miikeycooked
|inactive|Mia Karst has 120 seconds left.
|
|t:|1605910964
|switch|p1a: Cursola|Cursola, F|100/100
|-damage|p1a: Cursola|88/100|[from] Stealth Rock
|turn|8
|
|t:|1605910981
|move|p1a: Cursola|Endure|p1a: Cursola
|-singleturn|p1a: Cursola|move: Endure
|move|p2a: Sandslash|Shadow Claw|p1a: Cursola
|-supereffective|p1a: Cursola
|-activate|p1a: Cursola|move: Endure
|-damage|p1a: Cursola|1/100
|-ability|p1a: Cursola|Weak Armor|boost
|-unboost|p1a: Cursola|def|1
|-boost|p1a: Cursola|spe|2
|-damage|p2a: Sandslash|61/100|[from] item: Life Orb
|
|-weather|none
|upkeep
|turn|9
|
|t:|1605910988
|switch|p2a: Hippopotas|Hippopotas, F|75/100
|-weather|Sandstorm|[from] ability: Sand Stream|[of] p2a: Hippopotas
|move|p1a: Cursola|Ice Beam|p2a: Hippopotas
|-supereffective|p2a: Hippopotas
|-damage|p2a: Hippopotas|0 fnt
|faint|p2a: Hippopotas
|
|-weather|Sandstorm|[upkeep]
|-damage|p1a: Cursola|0 fnt|[from] Sandstorm
|faint|p1a: Cursola
|upkeep
|
|t:|1605911004
|switch|p1a: Togedemaru|Togedemaru, F|100/100
|switch|p2a: Sandslash|Sandslash, F|61/100
|-damage|p1a: Togedemaru|94/100|[from] Stealth Rock
|turn|10
|
|t:|1605911011
|move|p1a: Togedemaru|Spiky Shield|p1a: Togedemaru
|-singleturn|p1a: Togedemaru|move: Protect
|move|p2a: Sandslash|Earthquake|p1a: Togedemaru
|-activate|p1a: Togedemaru|move: Protect
|
|-weather|Sandstorm|[upkeep]
|upkeep
|turn|11
|
|t:|1605911021
|switch|p1a: Garbodor|Garbodor, M|100/100
|-damage|p1a: Garbodor|88/100|[from] Stealth Rock
|move|p2a: Sandslash|Earthquake|p1a: Garbodor
|-supereffective|p1a: Garbodor
|-damage|p1a: Garbodor|0 fnt
|-damage|p2a: Sandslash|51/100|[from] item: Life Orb
|faint|p1a: Garbodor
|
|-weather|Sandstorm|[upkeep]
|upkeep
|
|t:|1605911025
|switch|p1a: Togedemaru|Togedemaru, F|94/100
|-damage|p1a: Togedemaru|88/100|[from] Stealth Rock
|turn|12
|
|t:|1605911029
|move|p1a: Togedemaru|Spiky Shield|p1a: Togedemaru
|-singleturn|p1a: Togedemaru|move: Protect
|move|p2a: Sandslash|Earthquake|p1a: Togedemaru
|-activate|p1a: Togedemaru|move: Protect
|
|-weather|Sandstorm|[upkeep]
|upkeep
|turn|13
|
|t:|1605911035
|move|p1a: Togedemaru|Spiky Shield||[still]
|-fail|p1a: Togedemaru
|move|p2a: Sandslash|Earthquake|p1a: Togedemaru
|-supereffective|p1a: Togedemaru
|-damage|p1a: Togedemaru|0 fnt
|-damage|p2a: Sandslash|41/100|[from] item: Life Orb
|faint|p1a: Togedemaru
|
|-weather|none
|upkeep
|
|t:|1605911038
|switch|p1a: Cinccino|Cinccino, F|88/100
|-damage|p1a: Cinccino|76/100|[from] Stealth Rock
|turn|14
|
|t:|1605911043
|move|p1a: Cinccino|Bullet Seed|p2a: Sandslash
|-supereffective|p2a: Sandslash
|-damage|p2a: Sandslash|26/100
|-supereffective|p2a: Sandslash
|-damage|p2a: Sandslash|8/100
|-supereffective|p2a: Sandslash
|-damage|p2a: Sandslash|0 fnt
|-hitcount|p2a: Sandslash|3
|faint|p2a: Sandslash
|
|upkeep
|l| miikeycooked
|
|t:|1605911046
|switch|p2a: Emolga|Emolga, M, shiny|100/100
|turn|15
|
|t:|1605911050
|move|p1a: Cinccino|Rock Blast|p2a: Emolga
|-supereffective|p2a: Emolga
|-damage|p2a: Emolga|72/100
|-supereffective|p2a: Emolga
|-damage|p2a: Emolga|45/100
|-supereffective|p2a: Emolga
|-damage|p2a: Emolga|13/100
|-supereffective|p2a: Emolga
|-damage|p2a: Emolga|0 fnt
|-hitcount|p2a: Emolga|4
|faint|p2a: Emolga
|
|upkeep
|
|t:|1605911053
|switch|p2a: Falinks|Falinks|100/100
|turn|16
|
|t:|1605911057
|move|p1a: Cinccino|Tail Slap|p2a: Falinks
|-damage|p2a: Falinks|89/100
|-damage|p2a: Falinks|79/100
|-damage|p2a: Falinks|68/100
|-damage|p2a: Falinks|57/100
|-damage|p2a: Falinks|45/100
|-hitcount|p2a: Falinks|5
|move|p2a: Falinks|Close Combat|p1a: Cinccino
|-supereffective|p1a: Cinccino
|-damage|p1a: Cinccino|0 fnt
|-unboost|p2a: Falinks|def|1
|-unboost|p2a: Falinks|spd|1
|faint|p1a: Cinccino
|
|win|payresse
