|j|☆Eesturn
|j|☆Jewced test
|t:|1658337790
|gametype|singles
|player|p1|Eesturn|bellelba|1363
|player|p2|Jewced test|skyla|1356
|teamsize|p1|6
|teamsize|p2|6
|gen|8
|tier|[Gen 8] PU
|rated|
|rule|Sleep Clause Mod: Limit one foe put to sleep
|rule|Species Clause: Limit one of each Pokémon
|rule|OHKO Clause: OHKO moves are banned
|rule|Evasion Moves Clause: Evasion moves are banned
|rule|Endless Battle Clause: Forcing endless battles is banned
|rule|HP Percentage Mod: HP is shown in percentages
|rule|Dynamax Clause: You cannot dynamax
|clearpoke
|poke|p1|Accelgor, M|
|poke|p1|Carracosta, M|
|poke|p1|Magmortar, F|
|poke|p1|Wishiwashi, M|
|poke|p1|Whimsicott, F|
|poke|p1|Articuno-Galar|
|poke|p2|Bouffalant, M|
|poke|p2|Shiinotic, F|
|poke|p2|Lanturn, M|
|poke|p2|Perrserker, M|
|poke|p2|Sandaconda, F|
|poke|p2|Charizard, M|
|teampreview
|
|t:|1658337796
|start
|switch|p1a: Accelgor|Accelgor, M|100/100
|switch|p2a: Bouffalant|Bouffalant, M|100/100
|turn|1
|c|☆Eesturn|glhf
|
|t:|1658337802
|move|p1a: Accelgor|Spikes|p2a: Bouffalant
|-sidestart|p2: Jewced test|Spikes
|move|p2a: Bouffalant|Substitute|p2a: Bouffalant
|-start|p2a: Bouffalant|Substitute
|-damage|p2a: Bouffalant|76/100
|
|-heal|p2a: Bouffalant|82/100|[from] item: Leftovers
|upkeep
|turn|2
|inactive|Battle timer is ON: inactive players will automatically lose when time's up. (requested by Jewced test)
|
|t:|1658337808
|move|p1a: Accelgor|Bug Buzz|p2a: Bouffalant
|-damage|p2a: Bouffalant|55/100
|move|p2a: Bouffalant|Head Charge|p1a: Accelgor
|-enditem|p1a: Accelgor|Focus Sash
|-damage|p1a: Accelgor|1/100
|-damage|p2a: Bouffalant|32/100|[from] Recoil
|
|-heal|p2a: Bouffalant|38/100|[from] item: Leftovers
|upkeep
|turn|3
|
|t:|1658337820
|move|p1a: Accelgor|Spikes|p2a: Bouffalant
|-sidestart|p2: Jewced test|Spikes
|move|p2a: Bouffalant|Head Charge|p1a: Accelgor
|-damage|p1a: Accelgor|0 fnt
|faint|p1a: Accelgor
|-damage|p2a: Bouffalant|38/100|[from] Recoil
|
|-heal|p2a: Bouffalant|44/100|[from] item: Leftovers
|upkeep
|
|t:|1658337828
|switch|p1a: Wishiwashi|Wishiwashi, M|100/100
|-formechange|p1a: Wishiwashi|Wishiwashi-School||[from] ability: Schooling
|turn|4
|
|t:|1658337832
|move|p2a: Bouffalant|Swords Dance|p2a: Bouffalant
|-boost|p2a: Bouffalant|atk|2
|move|p1a: Wishiwashi|U-turn|p2a: Bouffalant
|-end|p2a: Bouffalant|Substitute
|
|t:|1658337836
|switch|p1a: Magmortar|Magmortar, F|100/100|[from]move: U-turn
|
|-heal|p2a: Bouffalant|50/100|[from] item: Leftovers
|upkeep
|turn|5
|
|t:|1658337841
|move|p1a: Magmortar|Overheat|p2a: Bouffalant
|-damage|p2a: Bouffalant|0 fnt
|-unboost|p1a: Magmortar|spa|2
|faint|p2a: Bouffalant
|
|upkeep
|
|t:|1658337845
|switch|p2a: Lanturn|Lanturn, M|100/100
|-damage|p2a: Lanturn|84/100|[from] Spikes
|turn|6
|
|t:|1658337849
|switch|p1a: Whimsicott|Whimsicott, F|100/100
|move|p2a: Lanturn|Volt Switch|p1a: Whimsicott
|-resisted|p1a: Whimsicott
|-damage|p1a: Whimsicott|85/100
|
|t:|1658337852
|switch|p2a: Perrserker|Perrserker, M|100/100|[from]move: Volt Switch
|-damage|p2a: Perrserker|84/100|[from] Spikes
|
|upkeep
|turn|7
|
|t:|1658337863
|move|p1a: Whimsicott|U-turn|p2a: Perrserker
|-resisted|p2a: Perrserker
|-damage|p2a: Perrserker|77/100
|
|t:|1658337866
|switch|p1a: Wishiwashi|Wishiwashi, M|100/100|[from]move: U-turn
|-formechange|p1a: Wishiwashi|Wishiwashi-School||[from] ability: Schooling
|move|p2a: Perrserker|U-turn|p1a: Wishiwashi
|-damage|p1a: Wishiwashi|61/100
|
|t:|1658337872
|switch|p2a: Shiinotic|Shiinotic, F|100/100|[from]move: U-turn
|-damage|p2a: Shiinotic|84/100|[from] Spikes
|
|upkeep
|turn|8
|
|t:|1658337877
|move|p1a: Wishiwashi|Iron Tail|p2a: Shiinotic
|-supereffective|p2a: Shiinotic
|-damage|p2a: Shiinotic|0 fnt
|-damage|p1a: Wishiwashi|44/100|[from] item: Rocky Helmet|[of] p2a: Shiinotic
|faint|p2a: Shiinotic
|
|upkeep
|
|t:|1658337881
|switch|p2a: Lanturn|Lanturn, M|84/100
|-damage|p2a: Lanturn|67/100|[from] Spikes
|turn|9
|
|t:|1658337885
|switch|p1a: Whimsicott|Whimsicott, F|85/100
|move|p2a: Lanturn|Volt Switch|p1a: Whimsicott
|-resisted|p1a: Whimsicott
|-damage|p1a: Whimsicott|68/100
|
|t:|1658337887
|switch|p2a: Charizard|Charizard, M|100/100|[from]move: Volt Switch
|
|upkeep
|turn|10
|
|t:|1658337893
|switch|p1a: Articuno|Articuno-Galar|100/100
|move|p2a: Charizard|Defog|p1a: Articuno
|-unboost|p1a: Articuno|evasion|1
|-ability|p1a: Articuno|Competitive
|-boost|p1a: Articuno|spa|2
|-sideend|p2: Jewced test|Spikes|[from] move: Defog|[of] p2a: Charizard
|
|upkeep
|turn|11
|
|t:|1658337901
|move|p1a: Articuno|Freezing Glare|p2a: Charizard
|-damage|p2a: Charizard|0 fnt
|faint|p2a: Charizard
|
|upkeep
|
|t:|1658337905
|switch|p2a: Lanturn|Lanturn, M|67/100
|turn|12
|
|t:|1658337907
|move|p1a: Articuno|Freezing Glare|p2a: Lanturn
|-damage|p2a: Lanturn|9/100
|move|p2a: Lanturn|Volt Switch|p1a: Articuno
|-supereffective|p1a: Articuno
|-damage|p1a: Articuno|61/100
|-message|Jewced test forfeited.
|
|win|Eesturn
|raw|Eesturn's rating: 1363 &rarr; <strong>1383</strong><br />(+20 for winning)
|raw|Jewced test's rating: 1356 &rarr; <strong>1336</strong><br />(-20 for losing)
|l|☆Jewced test
|c|☆Eesturn|gg
