|html|<div class="broadcast-blue"><strong>[Gen 8] PU is currently suspecting Vanilluxe! For information on how to participate check out the <a href="https://www.smogon.com/forums/threads/np-ss-pu-stage-10-ice-cream-vanilluxe-suspect-test.3705646/">suspect thread</a>.</strong></div>
|j|☆Eesturn
|j|☆PUVS draco
|t:|1659894500
|gametype|singles
|player|p1|Eesturn|bellelba|1336
|player|p2|PUVS draco|101|1406
|teamsize|p1|6
|teamsize|p2|6
|gen|8
|tier|[Gen 8] PU
|rated|
|rule|Sleep Clause Mod: Limit one foe put to sleep
|rule|Species Clause: Limit one of each Pokémon
|rule|OHKO Clause: OHKO moves are banned
|rule|Evasion Items Clause: Evasion items are banned
|rule|Evasion Moves Clause: Evasion moves are banned
|rule|Endless Battle Clause: Forcing endless battles is banned
|rule|HP Percentage Mod: HP is shown in percentages
|rule|Dynamax Clause: You cannot dynamax
|clearpoke
|poke|p1|Gallade, M|
|poke|p1|Whimsicott, F|
|poke|p1|Garbodor, M|
|poke|p1|Kabutops, F|
|poke|p1|Charizard, F|
|poke|p1|Scrafty, M|
|poke|p2|Glaceon, F|
|poke|p2|Vanilluxe, M|
|poke|p2|Sandslash, F|
|poke|p2|Wishiwashi, F|
|poke|p2|Clefairy, F|
|poke|p2|Doublade, F|
|teampreview
|inactive|Battle timer is ON: inactive players will automatically lose when time's up. (requested by PUVS draco)
|
|t:|1659894521
|start
|switch|p1a: Gallade|Gallade, M|100/100
|switch|p2a: Banana Split|Vanilluxe, M|100/100
|-weather|Hail|[from] ability: Snow Warning|[of] p2a: Banana Split
|turn|1
|j| smogon opp fr
|
|t:|1659894527
|switch|p2a: TBHonedge|Doublade, F|100/100
|move|p1a: Gallade|Close Combat|p2a: TBHonedge
|-immune|p2a: TBHonedge
|
|-weather|Hail|[upkeep]
|-damage|p1a: Gallade|94/100|[from] Hail
|-damage|p2a: TBHonedge|94/100|[from] Hail
|upkeep
|turn|2
|
|t:|1659894544
|switch|p1a: Garbodor|Garbodor, M|100/100
|switch|p2a: I dont give a fox|Glaceon, F|100/100
|
|-weather|Hail|[upkeep]
|-damage|p1a: Garbodor|94/100|[from] Hail
|upkeep
|turn|3
|
|t:|1659894556
|move|p2a: I dont give a fox|Blizzard|p1a: Garbodor
|-damage|p1a: Garbodor|0 fnt
|faint|p1a: Garbodor
|
|-weather|Hail|[upkeep]
|upkeep
|
|t:|1659894562
|switch|p1a: Charizard|Charizard, F|100/100
|turn|4
|j| moaowiejsjss
|
|t:|1659894570
|switch|p2a: Aiedail|Clefairy, F|100/100
|move|p1a: Charizard|Flamethrower|p2a: Aiedail
|-damage|p2a: Aiedail|73/100
|
|-weather|Hail|[upkeep]
|-damage|p1a: Charizard|94/100|[from] Hail
|upkeep
|turn|5
|
|t:|1659894578
|move|p1a: Charizard|Air Slash|p2a: Aiedail
|-damage|p2a: Aiedail|52/100
|move|p2a: Aiedail|Stealth Rock|p1a: Charizard
|-sidestart|p1: Eesturn|move: Stealth Rock
|
|-weather|none
|upkeep
|turn|6
|l| moaowiejsjss
|
|t:|1659894583
|switch|p1a: Whimsicott|Whimsicott, F|100/100
|-damage|p1a: Whimsicott|88/100|[from] Stealth Rock
|move|p2a: Aiedail|Soft-Boiled|p2a: Aiedail
|-heal|p2a: Aiedail|100/100
|
|upkeep
|turn|7
|
|t:|1659894591
|switch|p2a: Banana Split|Vanilluxe, M|100/100
|-weather|Hail|[from] ability: Snow Warning|[of] p2a: Banana Split
|move|p1a: Whimsicott|Knock Off|p2a: Banana Split
|-damage|p2a: Banana Split|80/100
|-enditem|p2a: Banana Split|Choice Scarf|[from] move: Knock Off|[of] p1a: Whimsicott
|
|-weather|Hail|[upkeep]
|-damage|p1a: Whimsicott|82/100|[from] Hail
|upkeep
|turn|8
|
|t:|1659894609
|switch|p1a: Kabutops|Kabutops, F|100/100
|move|p2a: Banana Split|Blizzard|p1a: Kabutops
|-resisted|p1a: Kabutops
|-damage|p1a: Kabutops|57/100
|
|-weather|Hail|[upkeep]
|-damage|p1a: Kabutops|51/100|[from] Hail
|upkeep
|turn|9
|
|t:|1659894621
|move|p1a: Kabutops|Liquidation|p2a: Banana Split
|-damage|p2a: Banana Split|25/100
|move|p2a: Banana Split|Freeze-Dry|p1a: Kabutops
|-supereffective|p1a: Kabutops
|-damage|p1a: Kabutops|0 fnt
|faint|p1a: Kabutops
|
|-weather|Hail|[upkeep]
|upkeep
|
|t:|1659894630
|switch|p1a: Scrafty|Scrafty, M|100/100
|-damage|p1a: Scrafty|95/100|[from] Stealth Rock
|turn|10
|
|t:|1659894635
|switch|p2a: Aiedail|Clefairy, F|100/100
|move|p1a: Scrafty|Poison Jab|p2a: Aiedail
|-supereffective|p2a: Aiedail
|-damage|p2a: Aiedail|49/100
|
|-weather|Hail|[upkeep]
|-damage|p1a: Scrafty|89/100|[from] Hail
|-heal|p1a: Scrafty|95/100|[from] item: Leftovers
|upkeep
|turn|11
|
|t:|1659894643
|switch|p2a: Lil Guys Hangin|Wishiwashi, F|100/100
|-formechange|p2a: Lil Guys Hangin|Wishiwashi-School||[from] ability: Schooling
|move|p1a: Scrafty|Poison Jab|p2a: Lil Guys Hangin
|-damage|p2a: Lil Guys Hangin|84/100
|
|-weather|none
|-heal|p1a: Scrafty|100/100|[from] item: Leftovers
|upkeep
|turn|12
|
|t:|1659894657
|switch|p1a: Whimsicott|Whimsicott, F|82/100
|-damage|p1a: Whimsicott|70/100|[from] Stealth Rock
|move|p2a: Lil Guys Hangin|U-turn|p1a: Whimsicott
|-damage|p1a: Whimsicott|37/100
|inactive|PUVS draco has 120 seconds left.
|
|t:|1659894691
|switch|p2a: Aiedail|Clefairy, F|49/100|[from]move: U-turn
|
|upkeep
|turn|13
|
|t:|1659894697
|switch|p2a: Banana Split|Vanilluxe, M|25/100
|-weather|Hail|[from] ability: Snow Warning|[of] p2a: Banana Split
|move|p1a: Whimsicott|Knock Off|p2a: Banana Split
|-damage|p2a: Banana Split|11/100
|
|-weather|Hail|[upkeep]
|-damage|p1a: Whimsicott|31/100|[from] Hail
|upkeep
|turn|14
|
|t:|1659894710
|move|p1a: Whimsicott|Switcheroo|p2a: Banana Split
|-activate|p1a: Whimsicott|move: Trick|[of] p2a: Banana Split
|-item|p2a: Banana Split|Iron Ball|[from] move: Switcheroo
|-enditem|p1a: Whimsicott|Iron Ball|[silent]|[from] move: Switcheroo
|move|p2a: Banana Split|Blizzard|p1a: Whimsicott
|-supereffective|p1a: Whimsicott
|-damage|p1a: Whimsicott|0 fnt
|faint|p1a: Whimsicott
|
|-weather|Hail|[upkeep]
|upkeep
|
|t:|1659894717
|switch|p1a: Scrafty|Scrafty, M|100/100
|-damage|p1a: Scrafty|95/100|[from] Stealth Rock
|turn|15
|
|t:|1659894721
|move|p1a: Scrafty|Dragon Dance|p1a: Scrafty
|-boost|p1a: Scrafty|atk|1
|-boost|p1a: Scrafty|spe|1
|move|p2a: Banana Split|Blizzard|p1a: Scrafty
|-damage|p1a: Scrafty|39/100
|
|-weather|Hail|[upkeep]
|-damage|p1a: Scrafty|33/100|[from] Hail
|-heal|p1a: Scrafty|39/100|[from] item: Leftovers
|upkeep
|turn|16
|
|t:|1659894729
|move|p1a: Scrafty|Knock Off|p2a: Banana Split
|-damage|p2a: Banana Split|0 fnt
|-enditem|p2a: Banana Split|Iron Ball|[from] move: Knock Off|[of] p1a: Scrafty
|faint|p2a: Banana Split
|
|-weather|Hail|[upkeep]
|-damage|p1a: Scrafty|33/100|[from] Hail
|-heal|p1a: Scrafty|39/100|[from] item: Leftovers
|upkeep
|
|t:|1659894733
|switch|p2a: TBHonedge|Doublade, F|94/100
|turn|17
|
|t:|1659894738
|move|p1a: Scrafty|Knock Off|p2a: TBHonedge
|-supereffective|p2a: TBHonedge
|-damage|p2a: TBHonedge|32/100
|-enditem|p2a: TBHonedge|Eviolite|[from] move: Knock Off|[of] p1a: Scrafty
|move|p2a: TBHonedge|Close Combat|p1a: Scrafty
|-supereffective|p1a: Scrafty
|-damage|p1a: Scrafty|0 fnt
|-unboost|p2a: TBHonedge|def|1
|-unboost|p2a: TBHonedge|spd|1
|faint|p1a: Scrafty
|
|-weather|none
|upkeep
|
|t:|1659894748
|switch|p1a: Charizard|Charizard, F|94/100
|turn|18
|
|t:|1659894752
|switch|p2a: Lil Guys Hangin|Wishiwashi, F|84/100
|-formechange|p2a: Lil Guys Hangin|Wishiwashi-School||[from] ability: Schooling
|move|p1a: Charizard|Scorching Sands|p2a: Lil Guys Hangin
|-damage|p2a: Lil Guys Hangin|64/100
|-status|p2a: Lil Guys Hangin|brn
|
|-damage|p2a: Lil Guys Hangin|58/100 brn|[from] brn
|upkeep
|turn|19
|
|t:|1659894760
|move|p1a: Charizard|Air Slash|p2a: Lil Guys Hangin
|-damage|p2a: Lil Guys Hangin|29/100 brn
|cant|p2a: Lil Guys Hangin|flinch
|
|-damage|p2a: Lil Guys Hangin|23/100 brn|[from] brn
|-formechange|p2a: Lil Guys Hangin|Wishiwashi||[from] ability: Schooling
|upkeep
|turn|20
|
|t:|1659894778
|move|p1a: Charizard|Flamethrower|p2a: Lil Guys Hangin
|-resisted|p2a: Lil Guys Hangin
|-damage|p2a: Lil Guys Hangin|0 fnt
|faint|p2a: Lil Guys Hangin
|
|upkeep
|
|t:|1659894779
|switch|p2a: Aiedail|Clefairy, F|49/100
|turn|21
|
|t:|1659894787
|move|p1a: Charizard|Air Slash|p2a: Aiedail
|-damage|p2a: Aiedail|27/100
|cant|p2a: Aiedail|flinch
|
|upkeep
|turn|22
|
|t:|1659894793
|move|p1a: Charizard|Flamethrower|p2a: Aiedail
|-damage|p2a: Aiedail|3/100
|move|p2a: Aiedail|Soft-Boiled|p2a: Aiedail
|-heal|p2a: Aiedail|53/100
|
|upkeep
|turn|23
|
|t:|1659894799
|switch|p1a: Gallade|Gallade, M|94/100
|-damage|p1a: Gallade|88/100|[from] Stealth Rock
|move|p2a: Aiedail|Soft-Boiled|p2a: Aiedail
|-heal|p2a: Aiedail|100/100
|
|upkeep
|turn|24
|
|t:|1659894805
|switch|p2a: Sapik!|Sandslash, F|100/100
|move|p1a: Gallade|Swords Dance|p1a: Gallade
|-boost|p1a: Gallade|atk|2
|
|upkeep
|turn|25
|
|t:|1659894810
|move|p1a: Gallade|Leaf Blade|p2a: Sapik!
|-supereffective|p2a: Sapik!
|-damage|p2a: Sapik!|0 fnt
|faint|p2a: Sapik!
|
|upkeep
|
|t:|1659894814
|switch|p2a: TBHonedge|Doublade, F|32/100
|turn|26
|
|t:|1659894816
|switch|p1a: Charizard|Charizard, F|94/100
|move|p2a: TBHonedge|Shadow Sneak|p1a: Charizard
|-damage|p1a: Charizard|69/100
|
|upkeep
|turn|27
|
|t:|1659894825
|switch|p2a: Aiedail|Clefairy, F|100/100
|move|p1a: Charizard|Flamethrower|p2a: Aiedail
|-damage|p2a: Aiedail|75/100
|
|upkeep
|turn|28
|
|t:|1659894833
|move|p1a: Charizard|Air Slash|p2a: Aiedail
|-damage|p2a: Aiedail|52/100
|move|p2a: Aiedail|Toxic|p1a: Charizard
|-status|p1a: Charizard|tox
|
|-damage|p1a: Charizard|63/100 tox|[from] psn
|upkeep
|turn|29
|
|t:|1659894839
|move|p1a: Charizard|Air Slash|p2a: Aiedail
|-damage|p2a: Aiedail|30/100
|cant|p2a: Aiedail|flinch
|
|-damage|p1a: Charizard|51/100 tox|[from] psn
|upkeep
|turn|30
|
|t:|1659894844
|move|p1a: Charizard|Air Slash|p2a: Aiedail
|-damage|p2a: Aiedail|10/100
|cant|p2a: Aiedail|flinch
|
|-damage|p1a: Charizard|33/100 tox|[from] psn
|upkeep
|turn|31
|
|t:|1659894851
|move|p1a: Charizard|Flamethrower|p2a: Aiedail
|-damage|p2a: Aiedail|0 fnt
|faint|p2a: Aiedail
|
|-damage|p1a: Charizard|9/100 tox|[from] psn
|upkeep
|
|t:|1659894853
|switch|p2a: TBHonedge|Doublade, F|32/100
|turn|32
|
|t:|1659894857
|move|p2a: TBHonedge|Shadow Sneak|p1a: Charizard
|-damage|p1a: Charizard|0 fnt
|faint|p1a: Charizard
|
|upkeep
|
|t:|1659894861
|switch|p1a: Gallade|Gallade, M|88/100
|-damage|p1a: Gallade|82/100|[from] Stealth Rock
|turn|33
|
|t:|1659894864
|move|p2a: TBHonedge|Shadow Sneak|p1a: Gallade
|-supereffective|p1a: Gallade
|-damage|p1a: Gallade|27/100
|move|p1a: Gallade|Leaf Blade|p2a: TBHonedge
|-resisted|p2a: TBHonedge
|-crit|p2a: TBHonedge
|-damage|p2a: TBHonedge|11/100
|
|upkeep
|turn|34
|
|t:|1659894870
|move|p2a: TBHonedge|Shadow Sneak|p1a: Gallade
|-supereffective|p1a: Gallade
|-damage|p1a: Gallade|0 fnt
|faint|p1a: Gallade
|
|win|PUVS draco
|raw|Eesturn's rating: 1336 &rarr; <strong>1320</strong><br />(-16 for losing)
|raw|PUVS draco's rating: 1406 &rarr; <strong>1422</strong><br />(+16 for winning)
|l|☆PUVS draco
|l|☆Eesturn
