|j|☆acluh1
|j|☆one of the bouys
|t:|1634736170
|gametype|singles
|player|p1|acluh1|265|1311
|player|p2|one of the bouys|clown|1637
|teamsize|p1|6
|teamsize|p2|6
|gen|8
|tier|[Gen 8] PU
|rated|
|rule|Sleep Clause Mod: Limit one foe put to sleep
|rule|Species Clause: Limit one of each Pokémon
|rule|OHKO Clause: OHKO moves are banned
|rule|Evasion Moves Clause: Evasion moves are banned
|rule|Endless Battle Clause: Forcing endless battles is banned
|rule|HP Percentage Mod: HP is shown in percentages
|rule|Dynamax Clause: You cannot dynamax
|clearpoke
|poke|p1|Archeops, F|
|poke|p1|Articuno-Galar|
|poke|p1|Charizard, F|
|poke|p1|Gigalith, M|
|poke|p1|Tsareena, F|
|poke|p1|Weezing, F|
|poke|p2|Flapple, M|
|poke|p2|Frosmoth, F|
|poke|p2|Gigalith, M|
|poke|p2|Weezing, M|
|poke|p2|Persian-Alola, F|
|poke|p2|Drifblim, M|
|teampreview
|inactive|Battle timer is ON: inactive players will automatically lose when time's up. (requested by acluh1)
|
|t:|1634736210
|start
|switch|p1a: Gigalith|Gigalith, M, shiny|100/100
|switch|p2a: Persian|Persian-Alola, F|100/100
|-weather|Sandstorm|[from] ability: Sand Stream|[of] p1a: Gigalith
|turn|1
|
|t:|1634736213
|move|p2a: Persian|Switcheroo|p1a: Gigalith
|-activate|p2a: Persian|move: Trick|[of] p1a: Gigalith
|-item|p1a: Gigalith|Choice Scarf|[from] move: Switcheroo
|-item|p2a: Persian|Leftovers|[from] move: Switcheroo
|move|p1a: Gigalith|Stealth Rock|p2a: Persian
|-sidestart|p2: one of the bouys|move: Stealth Rock
|
|-weather|Sandstorm|[upkeep]
|-damage|p2a: Persian|95/100|[from] Sandstorm
|-heal|p2a: Persian|100/100|[from] item: Leftovers
|upkeep
|turn|2
|
|t:|1634736224
|switch|p1a: Tsareena|Tsareena, F, shiny|100/100
|move|p2a: Persian|Parting Shot|p1a: Tsareena
|-unboost|p1a: Tsareena|atk|1
|-unboost|p1a: Tsareena|spa|1
|
|t:|1634736228
|switch|p2a: Drifblim|Drifblim, M|100/100|[from]move: Parting Shot
|
|-weather|Sandstorm|[upkeep]
|-damage|p2a: Drifblim|94/100|[from] Sandstorm
|-damage|p1a: Tsareena|94/100|[from] Sandstorm
|upkeep
|turn|3
|
|t:|1634736245
|switch|p1a: Gigalith|Gigalith, M, shiny|100/100
|move|p2a: Drifblim|Will-O-Wisp|p1a: Gigalith
|-status|p1a: Gigalith|brn
|
|-weather|Sandstorm|[upkeep]
|-damage|p2a: Drifblim|88/100|[from] Sandstorm
|-damage|p1a: Gigalith|94/100 brn|[from] brn
|upkeep
|turn|4
|
|t:|1634736249
|move|p2a: Drifblim|Defog|p1a: Gigalith
|-unboost|p1a: Gigalith|evasion|1
|-sideend|p2: one of the bouys|Stealth Rock|[from] move: Defog|[of] p2a: Drifblim
|move|p1a: Gigalith|Stone Edge|p2a: Drifblim
|-supereffective|p2a: Drifblim
|-damage|p2a: Drifblim|48/100
|
|-weather|Sandstorm|[upkeep]
|-damage|p2a: Drifblim|42/100|[from] Sandstorm
|-damage|p1a: Gigalith|88/100 brn|[from] brn
|upkeep
|turn|5
|j| Ruleroftheelite4
|
|t:|1634736252
|move|p2a: Drifblim|Strength Sap|p1a: Gigalith
|-unboost|p1a: Gigalith|atk|1
|-heal|p2a: Drifblim|100/100
|move|p1a: Gigalith|Stone Edge|p2a: Drifblim
|-supereffective|p2a: Drifblim
|-damage|p2a: Drifblim|69/100
|
|-weather|none
|-damage|p1a: Gigalith|82/100 brn|[from] brn
|upkeep
|turn|6
|
|t:|1634736256
|switch|p1a: Articuno|Articuno-Galar|100/100
|move|p2a: Drifblim|Strength Sap|p1a: Articuno
|-unboost|p1a: Articuno|atk|1
|-ability|p1a: Articuno|Competitive
|-boost|p1a: Articuno|spa|2
|-heal|p2a: Drifblim|100/100
|
|upkeep
|turn|7
|
|t:|1634736270
|switch|p2a: Gigalith|Gigalith, M|100/100
|-weather|Sandstorm|[from] ability: Sand Stream|[of] p2a: Gigalith
|move|p1a: Articuno|Shadow Ball|p2a: Gigalith
|-damage|p2a: Gigalith|68/100
|
|-weather|Sandstorm|[upkeep]
|-damage|p1a: Articuno|94/100|[from] Sandstorm
|-heal|p2a: Gigalith|74/100|[from] item: Leftovers
|upkeep
|turn|8
|
|t:|1634736290
|switch|p1a: Tsareena|Tsareena, F, shiny|94/100
|move|p2a: Gigalith|Rock Blast|p1a: Tsareena
|-damage|p1a: Tsareena|84/100
|-damage|p1a: Tsareena|72/100
|-hitcount|p1a: Tsareena|2
|
|-weather|Sandstorm|[upkeep]
|-damage|p1a: Tsareena|65/100|[from] Sandstorm
|-heal|p2a: Gigalith|80/100|[from] item: Leftovers
|upkeep
|turn|9
|
|t:|1634736295
|switch|p2a: Weezing|Weezing, M|100/100
|-ability|p2a: Weezing|Neutralizing Gas
|move|p1a: Tsareena|Power Whip|p2a: Weezing
|-resisted|p2a: Weezing
|-damage|p2a: Weezing|78/100
|-damage|p1a: Tsareena|49/100|[from] item: Rocky Helmet|[of] p2a: Weezing
|
|-weather|Sandstorm|[upkeep]
|-damage|p1a: Tsareena|43/100|[from] Sandstorm
|-damage|p2a: Weezing|72/100|[from] Sandstorm
|upkeep
|turn|10
|
|t:|1634736303
|switch|p1a: Charizard|Charizard, F, shiny|100/100
|move|p2a: Weezing|Toxic Spikes|p1a: Charizard
|-sidestart|p1: acluh1|move: Toxic Spikes
|
|-weather|Sandstorm|[upkeep]
|-damage|p1a: Charizard|94/100|[from] Sandstorm
|-damage|p2a: Weezing|66/100|[from] Sandstorm
|upkeep
|turn|11
|
|t:|1634736308
|-end|p2a: Weezing|ability: Neutralizing Gas
|switch|p2a: Gigalith|Gigalith, M|80/100
|move|p1a: Charizard|Fire Blast|p2a: Gigalith
|-resisted|p2a: Gigalith
|-damage|p2a: Gigalith|68/100
|
|-weather|none
|-heal|p2a: Gigalith|74/100|[from] item: Leftovers
|upkeep
|turn|12
|
|t:|1634736311
|move|p1a: Charizard|Scorching Sands|p2a: Gigalith
|-supereffective|p2a: Gigalith
|-crit|p2a: Gigalith
|-damage|p2a: Gigalith|22/100
|-status|p2a: Gigalith|brn
|move|p2a: Gigalith|Rock Blast|p1a: Charizard
|-supereffective|p1a: Charizard
|-damage|p1a: Charizard|63/100
|-supereffective|p1a: Charizard
|-damage|p1a: Charizard|33/100
|-supereffective|p1a: Charizard
|-damage|p1a: Charizard|2/100
|-hitcount|p1a: Charizard|3
|
|-heal|p2a: Gigalith|28/100 brn|[from] item: Leftovers
|-damage|p2a: Gigalith|22/100 brn|[from] brn
|upkeep
|turn|13
|
|t:|1634736323
|switch|p2a: Persian|Persian-Alola, F|100/100
|move|p1a: Charizard|Fire Blast|p2a: Persian
|-damage|p2a: Persian|0 fnt
|faint|p2a: Persian
|
|upkeep
|
|t:|1634736329
|switch|p2a: Gigalith|Gigalith, M|22/100 brn
|-weather|Sandstorm|[from] ability: Sand Stream|[of] p2a: Gigalith
|turn|14
|
|t:|1634736335
|move|p1a: Charizard|Scorching Sands|p2a: Gigalith
|-supereffective|p2a: Gigalith
|-damage|p2a: Gigalith|0 fnt
|faint|p2a: Gigalith
|
|-weather|Sandstorm|[upkeep]
|-damage|p1a: Charizard|0 fnt|[from] Sandstorm
|faint|p1a: Charizard
|upkeep
|
|t:|1634736350
|switch|p1a: Archeops|Archeops, F, shiny|100/100
|switch|p2a: Flapple|Flapple, M|100/100
|turn|15
|
|t:|1634736354
|move|p2a: Flapple|Sucker Punch|p1a: Archeops
|-damage|p1a: Archeops|26/100
|-damage|p2a: Flapple|91/100|[from] item: Life Orb
|move|p1a: Archeops|Dual Wingbeat|p2a: Flapple|[miss]
|-miss|p1a: Archeops|p2a: Flapple
|
|-weather|Sandstorm|[upkeep]
|-damage|p2a: Flapple|84/100|[from] Sandstorm
|upkeep
|turn|16
|
|t:|1634736361
|switch|p2a: Weezing|Weezing, M|66/100
|-ability|p2a: Weezing|Neutralizing Gas
|move|p1a: Archeops|Dual Wingbeat|p2a: Weezing
|-damage|p2a: Weezing|43/100
|-damage|p1a: Archeops|9/100|[from] item: Rocky Helmet|[of] p2a: Weezing
|-damage|p2a: Weezing|22/100
|-damage|p1a: Archeops|0 fnt|[from] item: Rocky Helmet|[of] p2a: Weezing
|faint|p1a: Archeops
|-hitcount|p2a: Weezing|2
|
|-weather|Sandstorm|[upkeep]
|-damage|p2a: Weezing|16/100|[from] Sandstorm
|upkeep
|
|t:|1634736371
|switch|p1a: Articuno|Articuno-Galar|94/100
|turn|17
|
|t:|1634736379
|move|p1a: Articuno|Air Slash|p2a: Weezing
|-damage|p2a: Weezing|0 fnt
|faint|p2a: Weezing
|-end|p2a: Weezing|ability: Neutralizing Gas
|
|-weather|Sandstorm|[upkeep]
|-damage|p1a: Articuno|88/100|[from] Sandstorm
|upkeep
|
|t:|1634736394
|switch|p2a: Flapple|Flapple, M|84/100
|turn|18
|
|t:|1634736403
|switch|p1a: Tsareena|Tsareena, F, shiny|43/100
|move|p2a: Flapple|Sucker Punch||[still]
|cant|p1a: Tsareena|ability: Queenly Majesty|Sucker Punch|[of] p2a: Flapple
|
|-weather|none
|upkeep
|turn|19
|
|t:|1634736406
|switch|p2a: Drifblim|Drifblim, M|100/100
|move|p1a: Tsareena|Rapid Spin|p2a: Drifblim
|-immune|p2a: Drifblim
|
|upkeep
|turn|20
|
|t:|1634736413
|switch|p1a: Weezing|Weezing, F|100/100
|move|p2a: Drifblim|Will-O-Wisp|p1a: Weezing
|-status|p1a: Weezing|brn
|
|-damage|p1a: Weezing|95/100 brn|[from] brn
|upkeep
|turn|21
|
|t:|1634736418
|switch|p2a: Frosmoth|Frosmoth, F|100/100
|move|p1a: Weezing|Toxic|p2a: Frosmoth
|-status|p2a: Frosmoth|tox
|
|-damage|p2a: Frosmoth|94/100 tox|[from] psn
|-damage|p1a: Weezing|89/100 brn|[from] brn
|upkeep
|turn|22
|
|t:|1634736424
|move|p2a: Frosmoth|Ice Beam|p1a: Weezing
|-damage|p1a: Weezing|36/100 brn
|move|p1a: Weezing|Flamethrower|p2a: Frosmoth
|-supereffective|p2a: Frosmoth
|-damage|p2a: Frosmoth|53/100 tox
|
|-damage|p2a: Frosmoth|41/100 tox|[from] psn
|-damage|p1a: Weezing|30/100 brn|[from] brn
|upkeep
|turn|23
|
|t:|1634736431
|move|p2a: Frosmoth|Ice Beam|p1a: Weezing
|-damage|p1a: Weezing|0 fnt
|faint|p1a: Weezing
|
|-damage|p2a: Frosmoth|23/100 tox|[from] psn
|upkeep
|
|t:|1634736437
|switch|p1a: Articuno|Articuno-Galar|88/100
|turn|24
|
|t:|1634736447
|move|p1a: Articuno|Air Slash|p2a: Frosmoth
|-supereffective|p2a: Frosmoth
|-damage|p2a: Frosmoth|0 fnt
|faint|p2a: Frosmoth
|
|upkeep
|
|t:|1634736449
|switch|p2a: Flapple|Flapple, M|84/100
|turn|25
|
|t:|1634736454
|switch|p1a: Gigalith|Gigalith, M, shiny|82/100 brn
|-weather|Sandstorm|[from] ability: Sand Stream|[of] p1a: Gigalith
|move|p2a: Flapple|Sucker Punch||[still]
|-fail|p2a: Flapple
|
|-weather|Sandstorm|[upkeep]
|-damage|p2a: Flapple|78/100|[from] Sandstorm
|-damage|p1a: Gigalith|76/100 brn|[from] brn
|upkeep
|turn|26
|
|t:|1634736460
|move|p2a: Flapple|Grav Apple|p1a: Gigalith
|-supereffective|p1a: Gigalith
|-damage|p1a: Gigalith|0 fnt
|faint|p1a: Gigalith
|-damage|p2a: Flapple|68/100|[from] item: Life Orb
|
|-weather|Sandstorm|[upkeep]
|-damage|p2a: Flapple|62/100|[from] Sandstorm
|upkeep
|
|t:|1634736464
|switch|p1a: Tsareena|Tsareena, F, shiny|43/100
|turn|27
|
|t:|1634736466
|switch|p2a: Drifblim|Drifblim, M|100/100
|move|p1a: Tsareena|Knock Off|p2a: Drifblim
|-supereffective|p2a: Drifblim
|-damage|p2a: Drifblim|35/100
|-enditem|p2a: Drifblim|Heavy-Duty Boots|[from] move: Knock Off|[of] p1a: Tsareena
|
|-weather|Sandstorm|[upkeep]
|-damage|p2a: Drifblim|29/100|[from] Sandstorm
|-damage|p1a: Tsareena|36/100|[from] Sandstorm
|upkeep
|turn|28
|
|t:|1634736480
|move|p2a: Drifblim|Will-O-Wisp|p1a: Tsareena
|-status|p1a: Tsareena|brn
|move|p1a: Tsareena|Knock Off|p2a: Drifblim
|-supereffective|p2a: Drifblim
|-damage|p2a: Drifblim|5/100
|
|-weather|Sandstorm|[upkeep]
|-damage|p2a: Drifblim|0 fnt|[from] Sandstorm
|-damage|p1a: Tsareena|30/100 brn|[from] Sandstorm
|faint|p2a: Drifblim
|-damage|p1a: Tsareena|24/100 brn|[from] brn
|upkeep
|
|t:|1634736489
|switch|p2a: Flapple|Flapple, M|62/100
|turn|29
|
|t:|1634736497
|move|p2a: Flapple|Draco Meteor|p1a: Tsareena
|-damage|p1a: Tsareena|0 fnt
|-unboost|p2a: Flapple|spa|2
|faint|p1a: Tsareena
|-damage|p2a: Flapple|52/100|[from] item: Life Orb
|
|-weather|none
|upkeep
|
|t:|1634736500
|switch|p1a: Articuno|Articuno-Galar|88/100
|turn|30
|
|t:|1634736502
|move|p2a: Flapple|Sucker Punch|p1a: Articuno|[miss]
|-miss|p2a: Flapple|p1a: Articuno
|move|p1a: Articuno|Air Slash|p2a: Flapple
|-supereffective|p2a: Flapple
|-damage|p2a: Flapple|0 fnt
|faint|p2a: Flapple
|
|win|acluh1
|raw|acluh1's rating: 1311 &rarr; <strong>1346</strong><br />(+35 for winning)
|raw|one of the bouys's rating: 1637 &rarr; <strong>1602</strong><br />(-35 for losing)
|l|☆one of the bouys
||Ladder isn't responding, score probably updated but might not have (Request timeout).
