|j|☆Roonie217
|j|☆one of the bouys
|t:|1635119998
|gametype|singles
|player|p1|Roonie217|flannery|1447
|player|p2|one of the bouys|clown|1566
|teamsize|p1|6
|teamsize|p2|6
|gen|8
|tier|[Gen 8] PU
|rated|
|rule|Sleep Clause Mod: Limit one foe put to sleep
|rule|Species Clause: Limit one of each Pokémon
|rule|OHKO Clause: OHKO moves are banned
|rule|Evasion Moves Clause: Evasion moves are banned
|rule|Endless Battle Clause: Forcing endless battles is banned
|rule|HP Percentage Mod: HP is shown in percentages
|rule|Dynamax Clause: You cannot dynamax
|clearpoke
|poke|p1|Regirock|
|poke|p1|Togedemaru, M|
|poke|p1|Tsareena, F|
|poke|p1|Jellicent, M|
|poke|p1|Articuno-Galar|
|poke|p1|Druddigon, M|
|poke|p2|Flapple, M|
|poke|p2|Frosmoth, M|
|poke|p2|Gigalith, M|
|poke|p2|Weezing, F|
|poke|p2|Persian-Alola, M|
|poke|p2|Golbat, F|
|teampreview
|
|t:|1635120048
|start
|switch|p1a: Articuno|Articuno-Galar|100/100
|switch|p2a: Persian|Persian-Alola, M|100/100
|turn|1
|
|t:|1635120058
|switch|p2a: Gigalith|Gigalith, M|100/100
|-weather|Sandstorm|[from] ability: Sand Stream|[of] p2a: Gigalith
|move|p1a: Articuno|Hurricane|p2a: Gigalith
|-resisted|p2a: Gigalith
|-damage|p2a: Gigalith|85/100
|
|-weather|Sandstorm|[upkeep]
|-damage|p1a: Articuno|94/100|[from] Sandstorm
|-heal|p2a: Gigalith|91/100|[from] item: Leftovers
|upkeep
|turn|2
|
|t:|1635120066
|switch|p1a: Tsareena|Tsareena, F|100/100
|move|p2a: Gigalith|Stealth Rock|p1a: Tsareena
|-sidestart|p1: Roonie217|move: Stealth Rock
|
|-weather|Sandstorm|[upkeep]
|-damage|p1a: Tsareena|95/100|[from] Sandstorm
|-heal|p2a: Gigalith|97/100|[from] item: Leftovers
|upkeep
|turn|3
|
|t:|1635120072
|switch|p2a: Weezing|Weezing, F|100/100
|-ability|p2a: Weezing|Neutralizing Gas
|move|p1a: Tsareena|Knock Off|p2a: Weezing
|-damage|p2a: Weezing|77/100
|-damage|p1a: Tsareena|78/100|[from] item: Rocky Helmet|[of] p2a: Weezing
|-enditem|p2a: Weezing|Rocky Helmet|[from] move: Knock Off|[of] p1a: Tsareena
|
|-weather|Sandstorm|[upkeep]
|-damage|p1a: Tsareena|72/100|[from] Sandstorm
|-damage|p2a: Weezing|71/100|[from] Sandstorm
|upkeep
|turn|4
|
|t:|1635120076
|switch|p1a: Druddigon|Druddigon, M|100/100
|-damage|p1a: Druddigon|88/100|[from] Stealth Rock
|move|p2a: Weezing|Will-O-Wisp|p1a: Druddigon
|-status|p1a: Druddigon|brn
|
|-weather|Sandstorm|[upkeep]
|-damage|p2a: Weezing|65/100|[from] Sandstorm
|-damage|p1a: Druddigon|82/100 brn|[from] Sandstorm
|-damage|p1a: Druddigon|76/100 brn|[from] brn
|upkeep
|turn|5
|
|t:|1635120093
|-end|p2a: Weezing|ability: Neutralizing Gas
|switch|p2a: Flapple|Flapple, M|100/100
|move|p1a: Druddigon|Stealth Rock|p2a: Flapple
|-sidestart|p2: one of the bouys|move: Stealth Rock
|
|-weather|none
|-damage|p1a: Druddigon|70/100 brn|[from] brn
|upkeep
|turn|6
|
|t:|1635120098
|move|p2a: Flapple|Draco Meteor|p1a: Druddigon
|-supereffective|p1a: Druddigon
|-damage|p1a: Druddigon|0 fnt
|-unboost|p2a: Flapple|spa|2
|faint|p1a: Druddigon
|-damage|p2a: Flapple|91/100|[from] item: Life Orb
|
|upkeep
|
|t:|1635120101
|switch|p1a: Articuno|Articuno-Galar|94/100
|turn|7
|
|t:|1635120104
|move|p2a: Flapple|Sucker Punch|p1a: Articuno|[miss]
|-miss|p2a: Flapple|p1a: Articuno
|move|p1a: Articuno|Future Sight|p2a: Flapple
|-start|p1a: Articuno|move: Future Sight
|
|upkeep
|turn|8
|
|t:|1635120120
|switch|p1a: Tsareena|Tsareena, F|72/100
|move|p2a: Flapple|Grav Apple|p1a: Tsareena
|-resisted|p1a: Tsareena
|-damage|p1a: Tsareena|23/100
|-unboost|p1a: Tsareena|def|1
|-damage|p2a: Flapple|81/100|[from] item: Life Orb
|
|upkeep
|turn|9
|
|t:|1635120127
|switch|p2a: Persian|Persian-Alola, M|100/100
|-damage|p2a: Persian|88/100|[from] Stealth Rock
|move|p1a: Tsareena|Rapid Spin|p2a: Persian
|-damage|p2a: Persian|77/100
|-boost|p1a: Tsareena|spe|1
|-sideend|p1: Roonie217|Stealth Rock|[from] move: Rapid Spin|[of] p1a: Tsareena
|
|-end|p2a: Persian|move: Future Sight
|-immune|p2a: Persian
|upkeep
|turn|10
|
|t:|1635120131
|move|p2a: Persian|Knock Off|p1a: Tsareena
|-damage|p1a: Tsareena|0 fnt
|-enditem|p1a: Tsareena|Heavy-Duty Boots|[from] move: Knock Off|[of] p2a: Persian
|faint|p1a: Tsareena
|
|upkeep
|
|t:|1635120140
|switch|p1a: Regirock|Regirock|100/100
|turn|11
|
|t:|1635120146
|switch|p2a: Weezing|Weezing, F|65/100
|-ability|p2a: Weezing|Neutralizing Gas
|-damage|p2a: Weezing|53/100|[from] Stealth Rock
|move|p1a: Regirock|Iron Defense|p1a: Regirock
|-boost|p1a: Regirock|def|2
|
|upkeep
|turn|12
|
|t:|1635120150
|move|p1a: Regirock|Body Press|p2a: Weezing
|-resisted|p2a: Weezing
|-damage|p2a: Weezing|27/100
|move|p2a: Weezing|Toxic Spikes|p1a: Regirock
|-sidestart|p1: Roonie217|move: Toxic Spikes
|
|upkeep
|turn|13
|
|t:|1635120155
|move|p2a: Weezing|Pain Split|p1a: Regirock
|-sethp|p1a: Regirock|63/100|[from] move: Pain Split|[silent]
|-sethp|p2a: Weezing|68/100|[from] move: Pain Split
|move|p1a: Regirock|Body Press|p2a: Weezing
|-resisted|p2a: Weezing
|-damage|p2a: Weezing|39/100
|
|upkeep
|turn|14
|
|t:|1635120160
|move|p1a: Regirock|Iron Defense|p1a: Regirock
|-boost|p1a: Regirock|def|2
|move|p2a: Weezing|Clear Smog|p1a: Regirock
|-resisted|p1a: Regirock
|-crit|p1a: Regirock
|-damage|p1a: Regirock|51/100
|-clearboost|p1a: Regirock
|
|upkeep
|turn|15
|
|t:|1635120162
|move|p1a: Regirock|Iron Defense|p1a: Regirock
|-boost|p1a: Regirock|def|2
|move|p2a: Weezing|Pain Split|p1a: Regirock
|-sethp|p1a: Regirock|44/100|[from] move: Pain Split|[silent]
|-sethp|p2a: Weezing|48/100|[from] move: Pain Split
|
|upkeep
|turn|16
|
|t:|1635120164
|move|p2a: Weezing|Clear Smog|p1a: Regirock
|-resisted|p1a: Regirock
|-damage|p1a: Regirock|37/100
|-clearboost|p1a: Regirock
|move|p1a: Regirock|Rock Blast|p2a: Weezing
|-damage|p2a: Weezing|42/100
|-damage|p2a: Weezing|36/100
|-damage|p2a: Weezing|30/100
|-damage|p2a: Weezing|24/100
|-damage|p2a: Weezing|18/100
|-hitcount|p2a: Weezing|5
|
|upkeep
|turn|17
|
|t:|1635120169
|move|p1a: Regirock|Rest|p1a: Regirock
|-status|p1a: Regirock|slp|[from] move: Rest
|-heal|p1a: Regirock|100/100 slp|[silent]
|-enditem|p1a: Regirock|Chesto Berry|[eat]
|-curestatus|p1a: Regirock|slp|[msg]
|move|p2a: Weezing|Will-O-Wisp|p1a: Regirock
|-status|p1a: Regirock|brn
|
|-damage|p1a: Regirock|94/100 brn|[from] brn
|upkeep
|turn|18
|
|t:|1635120172
|move|p2a: Weezing|Pain Split|p1a: Regirock
|-sethp|p1a: Regirock|55/100 brn|[from] move: Pain Split|[silent]
|-sethp|p2a: Weezing|60/100|[from] move: Pain Split
|move|p1a: Regirock|Rock Blast|p2a: Weezing
|-damage|p2a: Weezing|57/100
|-damage|p2a: Weezing|55/100
|-damage|p2a: Weezing|52/100
|-damage|p2a: Weezing|49/100
|-damage|p2a: Weezing|47/100
|-hitcount|p2a: Weezing|5
|
|-damage|p1a: Regirock|49/100 brn|[from] brn
|upkeep
|turn|19
|
|t:|1635120177
|switch|p1a: Articuno|Articuno-Galar|94/100
|move|p2a: Weezing|Toxic Spikes|p1a: Articuno
|-sidestart|p1: Roonie217|move: Toxic Spikes
|
|upkeep
|turn|20
|
|t:|1635120182
|-end|p2a: Weezing|ability: Neutralizing Gas
|switch|p2a: Gigalith|Gigalith, M|97/100
|-damage|p2a: Gigalith|85/100|[from] Stealth Rock
|-weather|Sandstorm|[from] ability: Sand Stream|[of] p2a: Gigalith
|move|p1a: Articuno|Future Sight|p2a: Gigalith
|-start|p1a: Articuno|move: Future Sight
|
|-weather|Sandstorm|[upkeep]
|-damage|p1a: Articuno|88/100|[from] Sandstorm
|-heal|p2a: Gigalith|91/100|[from] item: Leftovers
|upkeep
|turn|21
|
|t:|1635120188
|switch|p1a: Regirock|Regirock|49/100 brn
|move|p2a: Gigalith|Rock Blast|p1a: Regirock
|-damage|p1a: Regirock|44/100 brn
|-damage|p1a: Regirock|39/100 brn
|-hitcount|p1a: Regirock|2
|
|-weather|Sandstorm|[upkeep]
|-heal|p2a: Gigalith|97/100|[from] item: Leftovers
|-damage|p1a: Regirock|33/100 brn|[from] brn
|upkeep
|turn|22
|
|t:|1635120194
|move|p1a: Regirock|Iron Defense|p1a: Regirock
|-boost|p1a: Regirock|def|2
|move|p2a: Gigalith|Earthquake|p1a: Regirock
|-supereffective|p1a: Regirock
|-damage|p1a: Regirock|18/100 brn
|
|-weather|Sandstorm|[upkeep]
|-end|p2a: Gigalith|move: Future Sight
|-damage|p2a: Gigalith|64/100
|-heal|p2a: Gigalith|70/100|[from] item: Leftovers
|-damage|p1a: Regirock|12/100 brn|[from] brn
|upkeep
|turn|23
|
|t:|1635120206
|switch|p2a: Golbat|Golbat, F|100/100
|-damage|p2a: Golbat|76/100|[from] Stealth Rock
|move|p1a: Regirock|Rest|p1a: Regirock
|-status|p1a: Regirock|slp|[from] move: Rest
|-heal|p1a: Regirock|100/100 slp|[silent]
|
|-weather|Sandstorm|[upkeep]
|-damage|p2a: Golbat|69/100|[from] Sandstorm
|upkeep
|turn|24
|
|t:|1635120232
|switch|p2a: Persian|Persian-Alola, M|77/100
|-damage|p2a: Persian|64/100|[from] Stealth Rock
|cant|p1a: Regirock|slp
|
|-weather|none
|upkeep
|turn|25
|
|t:|1635120236
|switch|p1a: Togedemaru|Togedemaru, M|100/100
|move|p2a: Persian|Switcheroo|p1a: Togedemaru
|-activate|p2a: Persian|move: Trick|[of] p1a: Togedemaru
|-item|p1a: Togedemaru|Choice Scarf|[from] move: Switcheroo
|-item|p2a: Persian|Choice Scarf|[from] move: Switcheroo
|
|upkeep
|turn|26
|
|t:|1635120242
|move|p2a: Persian|Foul Play|p1a: Togedemaru
|-damage|p1a: Togedemaru|21/100
|move|p1a: Togedemaru|Iron Head|p2a: Persian
|-damage|p2a: Persian|37/100
|
|upkeep
|turn|27
|
|t:|1635120255
|switch|p2a: Golbat|Golbat, F|69/100
|-damage|p2a: Golbat|45/100|[from] Stealth Rock
|switch|p1a: Regirock|Regirock|100/100 slp
|
|upkeep
|turn|28
|
|t:|1635120260
|move|p2a: Golbat|Roost|p2a: Golbat
|-heal|p2a: Golbat|95/100
|-singleturn|p2a: Golbat|move: Roost
|cant|p1a: Regirock|slp
|
|upkeep
|turn|29
|
|t:|1635120264
|move|p2a: Golbat|Taunt|p1a: Regirock
|-start|p1a: Regirock|move: Taunt
|-curestatus|p1a: Regirock|slp|[msg]
|cant|p1a: Regirock|move: Taunt|Iron Defense
|
|upkeep
|turn|30
|
|t:|1635120269
|move|p2a: Golbat|Defog|p1a: Regirock
|-fail|p1a: Regirock|unboost|[from] ability: Clear Body|[of] p1a: Regirock
|-sideend|p1: Roonie217|Toxic Spikes|[from] move: Defog|[of] p2a: Golbat
|-sideend|p2: one of the bouys|Stealth Rock|[from] move: Defog|[of] p2a: Golbat
|move|p1a: Regirock|Rock Blast|p2a: Golbat|[miss]
|-miss|p1a: Regirock|p2a: Golbat
|
|upkeep
|turn|31
|
|t:|1635120274
|move|p2a: Golbat|Roost|p2a: Golbat
|-heal|p2a: Golbat|100/100
|-singleturn|p2a: Golbat|move: Roost
|move|p1a: Regirock|Rock Blast|p2a: Golbat
|-damage|p2a: Golbat|94/100
|-damage|p2a: Golbat|88/100
|-hitcount|p2a: Golbat|2
|
|-end|p1a: Regirock|move: Taunt
|upkeep
|turn|32
|
|t:|1635120278
|move|p2a: Golbat|Taunt|p1a: Regirock
|-start|p1a: Regirock|move: Taunt
|move|p1a: Regirock|Rock Blast|p2a: Golbat
|-supereffective|p2a: Golbat
|-damage|p2a: Golbat|76/100
|-supereffective|p2a: Golbat
|-damage|p2a: Golbat|65/100
|-supereffective|p2a: Golbat
|-damage|p2a: Golbat|52/100
|-hitcount|p2a: Golbat|3
|
|upkeep
|turn|33
|
|t:|1635120286
|switch|p1a: Articuno|Articuno-Galar|88/100
|move|p2a: Golbat|Roost|p2a: Golbat
|-heal|p2a: Golbat|100/100
|-singleturn|p2a: Golbat|move: Roost
|
|upkeep
|turn|34
|
|t:|1635120290
|switch|p2a: Gigalith|Gigalith, M|70/100
|-weather|Sandstorm|[from] ability: Sand Stream|[of] p2a: Gigalith
|move|p1a: Articuno|Future Sight|p2a: Gigalith
|-start|p1a: Articuno|move: Future Sight
|
|-weather|Sandstorm|[upkeep]
|-damage|p1a: Articuno|82/100|[from] Sandstorm
|-heal|p2a: Gigalith|76/100|[from] item: Leftovers
|upkeep
|turn|35
|
|t:|1635120297
|move|p1a: Articuno|Freezing Glare|p2a: Gigalith
|-damage|p2a: Gigalith|48/100
|move|p2a: Gigalith|Stealth Rock|p1a: Articuno
|-sidestart|p1: Roonie217|move: Stealth Rock
|
|-weather|Sandstorm|[upkeep]
|-damage|p1a: Articuno|76/100|[from] Sandstorm
|-heal|p2a: Gigalith|55/100|[from] item: Leftovers
|upkeep
|turn|36
|
|t:|1635120304
|move|p1a: Articuno|Freezing Glare|p2a: Gigalith
|-damage|p2a: Gigalith|27/100
|move|p2a: Gigalith|Rock Blast|p1a: Articuno
|-supereffective|p1a: Articuno
|-damage|p1a: Articuno|49/100
|-supereffective|p1a: Articuno
|-damage|p1a: Articuno|21/100
|-hitcount|p1a: Articuno|2
|
|-weather|Sandstorm|[upkeep]
|-damage|p1a: Articuno|15/100|[from] Sandstorm
|-end|p2a: Gigalith|move: Future Sight
|-damage|p2a: Gigalith|0 fnt
|faint|p2a: Gigalith
|upkeep
|
|t:|1635120327
|switch|p2a: Persian|Persian-Alola, M|37/100
|turn|37
|
|t:|1635120331
|switch|p1a: Jellicent|Jellicent, M|100/100
|-damage|p1a: Jellicent|88/100|[from] Stealth Rock
|move|p2a: Persian|Foul Play|p1a: Jellicent
|-supereffective|p1a: Jellicent
|-enditem|p1a: Jellicent|Colbur Berry|[eat]
|-enditem|p1a: Jellicent|Colbur Berry|[weaken]
|-damage|p1a: Jellicent|72/100
|
|-weather|Sandstorm|[upkeep]
|-damage|p2a: Persian|31/100|[from] Sandstorm
|-damage|p1a: Jellicent|66/100|[from] Sandstorm
|upkeep
|turn|38
|
|t:|1635120339
|switch|p2a: Golbat|Golbat, F|100/100
|move|p1a: Jellicent|Will-O-Wisp|p2a: Golbat
|-status|p2a: Golbat|brn
|
|-weather|none
|-damage|p2a: Golbat|94/100 brn|[from] brn
|upkeep
|turn|39
|
|t:|1635120345
|switch|p2a: Flapple|Flapple, M|81/100
|switch|p1a: Articuno|Articuno-Galar|15/100
|
|upkeep
|turn|40
|
|t:|1635120351
|move|p2a: Flapple|Sucker Punch||[still]
|-fail|p2a: Flapple
|move|p1a: Articuno|Recover|p1a: Articuno
|-heal|p1a: Articuno|65/100
|
|upkeep
|turn|41
|
|t:|1635120353
|move|p2a: Flapple|Sucker Punch||[still]
|-fail|p2a: Flapple
|move|p1a: Articuno|Recover|p1a: Articuno
|-heal|p1a: Articuno|100/100
|
|upkeep
|turn|42
|
|t:|1635120357
|switch|p1a: Togedemaru|Togedemaru, M|21/100
|-damage|p1a: Togedemaru|15/100|[from] Stealth Rock
|move|p2a: Flapple|Sucker Punch||[still]
|-fail|p2a: Flapple
|
|upkeep
|turn|43
|
|t:|1635120362
|switch|p1a: Articuno|Articuno-Galar|100/100
|move|p2a: Flapple|Sucker Punch||[still]
|-fail|p2a: Flapple
|
|upkeep
|turn|44
|
|t:|1635120368
|move|p2a: Flapple|Sucker Punch|p1a: Articuno
|-supereffective|p1a: Articuno
|-damage|p1a: Articuno|0 fnt
|faint|p1a: Articuno
|-damage|p2a: Flapple|71/100|[from] item: Life Orb
|
|upkeep
|
|t:|1635120372
|switch|p1a: Regirock|Regirock|100/100
|-damage|p1a: Regirock|88/100|[from] Stealth Rock
|turn|45
|
|t:|1635120374
|move|p2a: Flapple|Grav Apple|p1a: Regirock
|-supereffective|p1a: Regirock
|-damage|p1a: Regirock|22/100
|-damage|p2a: Flapple|61/100|[from] item: Life Orb
|move|p1a: Regirock|Iron Defense|p1a: Regirock
|-boost|p1a: Regirock|def|2
|
|upkeep
|turn|46
|
|t:|1635120378
|move|p2a: Flapple|Draco Meteor|p1a: Regirock|[miss]
|-miss|p2a: Flapple|p1a: Regirock
|move|p1a: Regirock|Rest|p1a: Regirock
|-status|p1a: Regirock|slp|[from] move: Rest
|-heal|p1a: Regirock|100/100 slp|[silent]
|
|upkeep
|turn|47
|
|t:|1635120383
|switch|p2a: Weezing|Weezing, F|47/100
|-ability|p2a: Weezing|Neutralizing Gas
|cant|p1a: Regirock|slp
|
|upkeep
|turn|48
|
|t:|1635120385
|cant|p1a: Regirock|slp
|move|p2a: Weezing|Clear Smog|p1a: Regirock
|-resisted|p1a: Regirock
|-damage|p1a: Regirock|93/100 slp
|-clearboost|p1a: Regirock
|
|upkeep
|turn|49
|
|t:|1635120389
|move|p2a: Weezing|Pain Split|p1a: Regirock
|-sethp|p1a: Regirock|68/100 slp|[from] move: Pain Split|[silent]
|-sethp|p2a: Weezing|74/100|[from] move: Pain Split
|-curestatus|p1a: Regirock|slp|[msg]
|move|p1a: Regirock|Rock Blast|p2a: Weezing
|-damage|p2a: Weezing|68/100
|-damage|p2a: Weezing|61/100
|-damage|p2a: Weezing|55/100
|-damage|p2a: Weezing|49/100
|-damage|p2a: Weezing|44/100
|-hitcount|p2a: Weezing|5
|
|upkeep
|turn|50
|
|t:|1635120394
|move|p2a: Weezing|Will-O-Wisp|p1a: Regirock
|-status|p1a: Regirock|brn
|move|p1a: Regirock|Rock Blast|p2a: Weezing|[miss]
|-miss|p1a: Regirock|p2a: Weezing
|
|-damage|p1a: Regirock|62/100 brn|[from] brn
|upkeep
|turn|51
|
|t:|1635120398
|switch|p1a: Jellicent|Jellicent, M|66/100
|-damage|p1a: Jellicent|54/100|[from] Stealth Rock
|-end|p2a: Weezing|ability: Neutralizing Gas
|switch|p2a: Flapple|Flapple, M|61/100
|
|upkeep
|turn|52
|
|t:|1635120401
|move|p2a: Flapple|Grav Apple|p1a: Jellicent|[miss]
|-miss|p2a: Flapple|p1a: Jellicent
|move|p1a: Jellicent|Will-O-Wisp|p2a: Flapple
|-status|p2a: Flapple|brn
|
|-damage|p2a: Flapple|55/100 brn|[from] brn
|upkeep
|turn|53
|
|t:|1635120404
|move|p2a: Flapple|Grav Apple|p1a: Jellicent
|-supereffective|p1a: Jellicent
|-damage|p1a: Jellicent|0 fnt
|faint|p1a: Jellicent
|-damage|p2a: Flapple|45/100 brn|[from] item: Life Orb
|
|-damage|p2a: Flapple|39/100 brn|[from] brn
|upkeep
|
|t:|1635120406
|switch|p1a: Togedemaru|Togedemaru, M|15/100
|-damage|p1a: Togedemaru|9/100|[from] Stealth Rock
|turn|54
|
|t:|1635120408
|move|p2a: Flapple|Sucker Punch|p1a: Togedemaru
|-damage|p1a: Togedemaru|0 fnt
|faint|p1a: Togedemaru
|-damage|p2a: Flapple|29/100 brn|[from] item: Life Orb
|
|-damage|p2a: Flapple|23/100 brn|[from] brn
|upkeep
|-message|Roonie217 forfeited.
|
|win|one of the bouys
|raw|Roonie217's rating: 1417 &rarr; <strong>1405</strong><br />(-12 for losing)
|raw|one of the bouys's rating: 1566 &rarr; <strong>1578</strong><br />(+12 for winning)
|l|☆Roonie217
||Ladder isn't responding, score probably updated but might not have (Request timeout).
