|j|☆Haffling
|j|☆ShuckleDeath
|t:|1661619675
|gametype|singles
|player|p1|Haffling|cyrus|
|player|p2|ShuckleDeath|pokekidf-gen8|
|teamsize|p1|6
|teamsize|p2|6
|gen|8
|tier|[Gen 8] PU
|rated|Tournament battle
|rule|Sleep Clause Mod: Limit one foe put to sleep
|rule|Species Clause: Limit one of each Pokémon
|rule|OHKO Clause: OHKO moves are banned
|rule|Evasion Items Clause: Evasion items are banned
|rule|Evasion Moves Clause: Evasion moves are banned
|rule|Endless Battle Clause: Forcing endless battles is banned
|rule|HP Percentage Mod: HP is shown in percentages
|rule|Dynamax Clause: You cannot dynamax
|clearpoke
|poke|p1|Ludicolo, M|
|poke|p1|Scyther, F|
|poke|p1|Lanturn, F|
|poke|p1|Sandslash, F|
|poke|p1|Gigalith, M|
|poke|p1|Comfey, F|
|poke|p2|Scyther, M|
|poke|p2|Magneton|
|poke|p2|Wishiwashi, M|
|poke|p2|Gigalith, M|
|poke|p2|Sandslash, F|
|poke|p2|Doublade, M|
|teampreview
|j| Levohl
|j| Dawn Wings enjoyer
|l| Dawn Wings enjoyer
|c|☆ShuckleDeath|i forgot sneak on my doublade
|c|☆ShuckleDeath|:c
|c| Levohl|Just win anyway
|c|☆ShuckleDeath|ok
|c| Levohl|With memes
|c| Levohl|;)
|c|☆Haffling|or did you
|
|t:|1661619745
|start
|switch|p1a: Lanturn|Lanturn, F|100/100
|switch|p2a: Scyther|Scyther, M|100/100
|turn|1
|
|t:|1661619754
|move|p2a: Scyther|U-turn|p1a: Lanturn
|-damage|p1a: Lanturn|68/100
|
|t:|1661619757
|switch|p2a: Wishiwashi|Wishiwashi, M|100/100|[from]move: U-turn
|-formechange|p2a: Wishiwashi|Wishiwashi-School||[from] ability: Schooling
|move|p1a: Lanturn|Scald|p2a: Wishiwashi
|-resisted|p2a: Wishiwashi
|-damage|p2a: Wishiwashi|90/100
|-status|p2a: Wishiwashi|brn
|
|-heal|p1a: Lanturn|74/100|[from] item: Leftovers
|-heal|p2a: Wishiwashi|96/100 brn|[from] item: Leftovers
|-damage|p2a: Wishiwashi|90/100 brn|[from] brn
|upkeep
|turn|2
|
|t:|1661619769
|move|p1a: Lanturn|Protect|p1a: Lanturn
|-singleturn|p1a: Lanturn|Protect
|move|p2a: Wishiwashi|U-turn|p1a: Lanturn
|-activate|p1a: Lanturn|move: Protect
|
|-heal|p1a: Lanturn|80/100|[from] item: Leftovers
|-heal|p2a: Wishiwashi|96/100 brn|[from] item: Leftovers
|-damage|p2a: Wishiwashi|90/100 brn|[from] brn
|upkeep
|turn|3
|j| PULT4T2 Clod
|
|t:|1661619778
|move|p1a: Lanturn|Volt Switch|p2a: Wishiwashi
|-supereffective|p2a: Wishiwashi
|-damage|p2a: Wishiwashi|57/100 brn
|
|t:|1661619783
|switch|p1a: Comfey|Comfey, F, shiny|100/100|[from]move: Volt Switch
|move|p2a: Wishiwashi|U-turn|p1a: Comfey
|-resisted|p1a: Comfey
|-damage|p1a: Comfey|96/100
|l| PULT4T2 Clod
|
|t:|1661619789
|switch|p2a: Doublade|Doublade, M|100/100|[from]move: U-turn
|
|upkeep
|turn|4
|
|t:|1661619797
|move|p1a: Comfey|Taunt|p2a: Doublade
|-start|p2a: Doublade|move: Taunt
|move|p2a: Doublade|Shadow Claw|p1a: Comfey
|-damage|p1a: Comfey|65/100
|
|upkeep
|turn|5
|
|t:|1661619807
|switch|p1a: Sandslash|Sandslash, F|100/100
|move|p2a: Doublade|Iron Head|p1a: Sandslash
|-damage|p1a: Sandslash|59/100
|
|upkeep
|turn|6
|
|t:|1661619818
|move|p1a: Sandslash|Earthquake|p2a: Doublade
|-supereffective|p2a: Doublade
|-damage|p2a: Doublade|32/100
|-damage|p1a: Sandslash|49/100|[from] item: Life Orb
|move|p2a: Doublade|Iron Head|p1a: Sandslash
|-damage|p1a: Sandslash|9/100
|
|-end|p2a: Doublade|move: Taunt
|upkeep
|turn|7
|
|t:|1661619833
|switch|p2a: Scyther|Scyther, M|100/100
|move|p1a: Sandslash|Rock Slide|p2a: Scyther
|-supereffective|p2a: Scyther
|-crit|p2a: Scyther
|-damage|p2a: Scyther|0 fnt
|faint|p2a: Scyther
|-damage|p1a: Sandslash|0 fnt|[from] item: Life Orb
|faint|p1a: Sandslash
|
|upkeep
|j| bellsprout-88
|c|☆ShuckleDeath|hot
|c|☆Haffling|yea
|c|☆Haffling|probs do that even if you did have sneak
|
|t:|1661619878
|switch|p2a: Magneton|Magneton|100/100
|switch|p1a: Lanturn|Lanturn, F|80/100
|turn|8
|c|☆ShuckleDeath|naw i wouldnt have wanted to slide a 30% doublade
|
|t:|1661619908
|switch|p2a: Wishiwashi|Wishiwashi, M|57/100 brn
|-formechange|p2a: Wishiwashi|Wishiwashi-School||[from] ability: Schooling
|move|p1a: Lanturn|Protect||[still]
|-fail|p1a: Lanturn
|
|-heal|p1a: Lanturn|86/100|[from] item: Leftovers
|-heal|p2a: Wishiwashi|63/100 brn|[from] item: Leftovers
|-damage|p2a: Wishiwashi|57/100 brn|[from] brn
|upkeep
|turn|9
|c|☆ShuckleDeath|i thought you would knock
|
|t:|1661619945
|move|p1a: Lanturn|Protect|p1a: Lanturn
|-singleturn|p1a: Lanturn|Protect
|move|p2a: Wishiwashi|U-turn|p1a: Lanturn
|-activate|p1a: Lanturn|move: Protect
|
|-heal|p1a: Lanturn|92/100|[from] item: Leftovers
|-heal|p2a: Wishiwashi|63/100 brn|[from] item: Leftovers
|-damage|p2a: Wishiwashi|57/100 brn|[from] brn
|upkeep
|turn|10
|c| Levohl|And see, this is exactly why I get rewarded for being terrible xD
|
|t:|1661619954
|move|p1a: Lanturn|Volt Switch|p2a: Wishiwashi
|-supereffective|p2a: Wishiwashi
|-damage|p2a: Wishiwashi|22/100 brn
|
|t:|1661619958
|switch|p1a: Comfey|Comfey, F, shiny|65/100|[from]move: Volt Switch
|move|p2a: Wishiwashi|U-turn|p1a: Comfey
|-resisted|p1a: Comfey
|-damage|p1a: Comfey|60/100
|c| Levohl|Sometimes making a random move is just good for no reason
|
|t:|1661619969
|switch|p2a: Doublade|Doublade, M|32/100|[from]move: U-turn
|
|upkeep
|turn|11
|c| Levohl|I love this game
|c|☆Haffling|well i didnt do that for no reason
|c| Levohl|No not you
|
|t:|1661619997
|switch|p1a: Lanturn|Lanturn, F|92/100
|move|p2a: Doublade|Shadow Claw|p1a: Lanturn
|-damage|p1a: Lanturn|53/100
|
|-heal|p1a: Lanturn|59/100|[from] item: Leftovers
|upkeep
|turn|12
|c| Levohl|Me specifically
|
|t:|1661620010
|switch|p2a: Wishiwashi|Wishiwashi, M|22/100 brn
|move|p1a: Lanturn|Scald|p2a: Wishiwashi
|-resisted|p2a: Wishiwashi
|-damage|p2a: Wishiwashi|0 fnt
|faint|p2a: Wishiwashi
|
|-heal|p1a: Lanturn|65/100|[from] item: Leftovers
|upkeep
|
|t:|1661620018
|switch|p2a: Sandslash|Sandslash, F|100/100
|turn|13
|c| Levohl|You had reasons, I am just saying that that situation is WHY i get rewarded for being bad
|
|t:|1661620034
|move|p1a: Lanturn|Protect|p1a: Lanturn
|-singleturn|p1a: Lanturn|Protect
|move|p2a: Sandslash|Earthquake|p1a: Lanturn
|-activate|p1a: Lanturn|move: Protect
|
|-heal|p1a: Lanturn|71/100|[from] item: Leftovers
|upkeep
|turn|14
|
|t:|1661620044
|switch|p1a: Comfey|Comfey, F, shiny|60/100
|move|p2a: Sandslash|Knock Off|p1a: Comfey
|-resisted|p1a: Comfey
|-damage|p1a: Comfey|45/100
|-enditem|p1a: Comfey|Heavy-Duty Boots|[from] move: Knock Off|[of] p2a: Sandslash
|-damage|p2a: Sandslash|91/100|[from] item: Life Orb
|
|upkeep
|turn|15
|
|t:|1661620052
|switch|p2a: Magneton|Magneton|100/100
|move|p1a: Comfey|Rest|p1a: Comfey
|-status|p1a: Comfey|slp|[from] move: Rest
|-heal|p1a: Comfey|100/100 slp|[silent]
|
|upkeep
|turn|16
|
|t:|1661620062
|switch|p2a: Sandslash|Sandslash, F|91/100
|-curestatus|p1a: Comfey|slp|[from] ability: Natural Cure
|switch|p1a: Scyther|Scyther, F|100/100
|
|upkeep
|turn|17
|
|t:|1661620069
|switch|p2a: Doublade|Doublade, M|32/100
|move|p1a: Scyther|Knock Off|p2a: Doublade
|-supereffective|p2a: Doublade
|-damage|p2a: Doublade|0 fnt
|-enditem|p2a: Doublade|Eviolite|[from] move: Knock Off|[of] p1a: Scyther
|faint|p2a: Doublade
|
|upkeep
|
|t:|1661620077
|switch|p2a: Gigalith|Gigalith, M|100/100
|-weather|Sandstorm|[from] ability: Sand Stream|[of] p2a: Gigalith
|turn|18
|c|☆ShuckleDeath|our teams are similar
|c|☆Haffling|yea
|
|t:|1661620105
|move|p1a: Scyther|Knock Off|p2a: Gigalith
|-damage|p2a: Gigalith|78/100
|-enditem|p2a: Gigalith|Leftovers|[from] move: Knock Off|[of] p1a: Scyther
|move|p2a: Gigalith|Stealth Rock|p1a: Scyther
|-sidestart|p1: Haffling|move: Stealth Rock
|
|-weather|Sandstorm|[upkeep]
|-damage|p1a: Scyther|94/100|[from] Sandstorm
|upkeep
|turn|19
|
|t:|1661620125
|move|p1a: Scyther|U-turn|p2a: Gigalith
|-damage|p2a: Gigalith|53/100
|
|t:|1661620127
|switch|p1a: Comfey|Comfey, F, shiny|100/100|[from]move: U-turn
|-damage|p1a: Comfey|88/100|[from] Stealth Rock
|move|p2a: Gigalith|Earthquake|p1a: Comfey
|-damage|p1a: Comfey|64/100
|
|-weather|Sandstorm|[upkeep]
|-damage|p1a: Comfey|58/100|[from] Sandstorm
|upkeep
|turn|20
|
|t:|1661620136
|switch|p2a: Magneton|Magneton|100/100
|move|p1a: Comfey|Defog|p2a: Magneton
|-unboost|p2a: Magneton|evasion|1
|-sideend|p1: Haffling|Stealth Rock|[from] move: Defog|[of] p1a: Comfey
|
|-weather|Sandstorm|[upkeep]
|-damage|p1a: Comfey|51/100|[from] Sandstorm
|upkeep
|turn|21
|
|t:|1661620146
|switch|p2a: Sandslash|Sandslash, F|91/100
|move|p1a: Comfey|Rest|p1a: Comfey
|-status|p1a: Comfey|slp|[from] move: Rest
|-heal|p1a: Comfey|100/100 slp|[silent]
|
|-weather|Sandstorm|[upkeep]
|-damage|p1a: Comfey|94/100 slp|[from] Sandstorm
|upkeep
|turn|22
|
|t:|1661620154
|-curestatus|p1a: Comfey|slp|[from] ability: Natural Cure
|switch|p1a: Scyther|Scyther, F|94/100
|move|p2a: Sandslash|Swords Dance|p2a: Sandslash
|-boost|p2a: Sandslash|atk|2
|
|-weather|none
|upkeep
|turn|23
|
|t:|1661620163
|move|p1a: Scyther|Dual Wingbeat|p2a: Sandslash
|-damage|p2a: Sandslash|59/100
|-crit|p2a: Sandslash
|-damage|p2a: Sandslash|16/100
|-hitcount|p2a: Sandslash|2
|move|p2a: Sandslash|Rock Slide|p1a: Scyther
|-supereffective|p1a: Scyther
|-damage|p1a: Scyther|0 fnt
|faint|p1a: Scyther
|-damage|p2a: Sandslash|6/100|[from] item: Life Orb
|
|upkeep
|
|t:|1661620172
|switch|p1a: Comfey|Comfey, F, shiny|94/100
|turn|24
|
|t:|1661620175
|switch|p2a: Magneton|Magneton|100/100
|move|p1a: Comfey|Dazzling Gleam|p2a: Magneton
|-resisted|p2a: Magneton
|-damage|p2a: Magneton|79/100
|
|upkeep
|turn|25
|
|t:|1661620184
|move|p2a: Magneton|Flash Cannon|p1a: Comfey
|-supereffective|p1a: Comfey
|-damage|p1a: Comfey|0 fnt
|faint|p1a: Comfey
|
|upkeep
|
|t:|1661620186
|switch|p1a: Lanturn|Lanturn, F|71/100
|turn|26
|
|t:|1661620191
|switch|p2a: Gigalith|Gigalith, M|53/100
|-weather|Sandstorm|[from] ability: Sand Stream|[of] p2a: Gigalith
|move|p1a: Lanturn|Scald|p2a: Gigalith
|-supereffective|p2a: Gigalith
|-damage|p2a: Gigalith|29/100
|
|-weather|Sandstorm|[upkeep]
|-damage|p1a: Lanturn|65/100|[from] Sandstorm
|-heal|p1a: Lanturn|71/100|[from] item: Leftovers
|upkeep
|turn|27
|
|t:|1661620209
|switch|p2a: Sandslash|Sandslash, F|6/100
|move|p1a: Lanturn|Volt Switch|p2a: Sandslash
|-immune|p2a: Sandslash
|
|-weather|Sandstorm|[upkeep]
|-damage|p1a: Lanturn|65/100|[from] Sandstorm
|-heal|p1a: Lanturn|71/100|[from] item: Leftovers
|upkeep
|turn|28
|
|t:|1661620219
|switch|p1a: Gigalith|Gigalith, M|100/100
|move|p2a: Sandslash|Earthquake|p1a: Gigalith
|-supereffective|p1a: Gigalith
|-damage|p1a: Gigalith|23/100
|-damage|p2a: Sandslash|0 fnt|[from] item: Life Orb
|faint|p2a: Sandslash
|
|-weather|Sandstorm|[upkeep]
|-heal|p1a: Gigalith|29/100|[from] item: Leftovers
|upkeep
|c| Levohl|That switch in was beautiful
|
|t:|1661620231
|switch|p2a: Magneton|Magneton|79/100
|turn|29
|
|t:|1661620242
|move|p1a: Gigalith|Protect|p1a: Gigalith
|-singleturn|p1a: Gigalith|Protect
|move|p2a: Magneton|Flash Cannon|p1a: Gigalith
|-activate|p1a: Gigalith|move: Protect
|
|-weather|Sandstorm|[upkeep]
|-heal|p1a: Gigalith|35/100|[from] item: Leftovers
|upkeep
|turn|30
|
|t:|1661620249
|move|p2a: Magneton|Flash Cannon|p1a: Gigalith
|-supereffective|p1a: Gigalith
|-damage|p1a: Gigalith|0 fnt
|faint|p1a: Gigalith
|
|-weather|none
|upkeep
|
|t:|1661620251
|switch|p1a: Lanturn|Lanturn, F|71/100
|turn|31
|
|t:|1661620255
|move|p2a: Magneton|Flash Cannon|p1a: Lanturn
|-resisted|p1a: Lanturn
|-damage|p1a: Lanturn|60/100
|move|p1a: Lanturn|Scald|p2a: Magneton
|-damage|p2a: Magneton|37/100
|-status|p2a: Magneton|brn
|
|-heal|p1a: Lanturn|66/100|[from] item: Leftovers
|-damage|p2a: Magneton|31/100 brn|[from] brn
|upkeep
|turn|32
|
|t:|1661620265
|move|p2a: Magneton|Flash Cannon|p1a: Lanturn
|-resisted|p1a: Lanturn
|-damage|p1a: Lanturn|54/100
|move|p1a: Lanturn|Scald|p2a: Magneton
|-damage|p2a: Magneton|0 fnt
|faint|p2a: Magneton
|
|-heal|p1a: Lanturn|60/100|[from] item: Leftovers
|upkeep
|
|t:|1661620273
|switch|p2a: Gigalith|Gigalith, M|29/100
|-weather|Sandstorm|[from] ability: Sand Stream|[of] p2a: Gigalith
|turn|33
|
|t:|1661620278
|move|p1a: Lanturn|Scald|p2a: Gigalith
|-supereffective|p2a: Gigalith
|-damage|p2a: Gigalith|5/100
|-status|p2a: Gigalith|brn
|move|p2a: Gigalith|Earthquake|p1a: Lanturn
|-supereffective|p1a: Lanturn
|-damage|p1a: Lanturn|32/100
|
|-weather|Sandstorm|[upkeep]
|-damage|p1a: Lanturn|26/100|[from] Sandstorm
|-heal|p1a: Lanturn|32/100|[from] item: Leftovers
|-damage|p2a: Gigalith|0 fnt|[from] brn
|faint|p2a: Gigalith
|
|win|Haffling
|upkeep
|n|☆Haffling|haffling
|n|☆ShuckleDeath|shuckledeath
|n| Levohl|levohl
|n| bellsprout-88|bellsprout88
