|j|☆2turtle
|j|☆Tendoin
|t:|1620649114
|gametype|singles
|player|p1|2turtle|hilbert-dueldisk|1364
|player|p2|Tendoin|shauntal|1433
|teamsize|p1|6
|teamsize|p2|6
|gen|8
|tier|[Gen 8] PU
|rated|
|rule|Sleep Clause Mod: Limit one foe put to sleep
|rule|Species Clause: Limit one of each Pokémon
|rule|OHKO Clause: OHKO moves are banned
|rule|Evasion Moves Clause: Evasion moves are banned
|rule|Endless Battle Clause: Forcing endless battles is banned
|rule|HP Percentage Mod: HP is shown in percentages
|rule|Dynamax Clause: You cannot dynamax
|clearpoke
|poke|p1|Ludicolo, M|
|poke|p1|Uxie|
|poke|p1|Poliwrath, M|
|poke|p1|Kabutops, F|
|poke|p1|Liepard, F|
|poke|p1|Gurdurr, F|
|poke|p2|Whimsicott, F|
|poke|p2|Gallade, M|
|poke|p2|Silvally-*|
|poke|p2|Lycanroc-Midnight, F|
|poke|p2|Palossand, M|
|poke|p2|Guzzlord|
|teampreview
|inactive|Battle timer is ON: inactive players will automatically lose when time's up. (requested by 2turtle)
|
|t:|1620649138
|start
|switch|p1a: Uxie|Uxie|100/100
|switch|p2a: Whimsicott|Whimsicott, F|100/100
|turn|1
|
|t:|1620649145
|move|p2a: Whimsicott|U-turn|p1a: Uxie
|-supereffective|p1a: Uxie
|-damage|p1a: Uxie|86/100
|
|t:|1620649147
|switch|p2a: Guzzlord|Guzzlord|100/100|[from]move: U-turn
|move|p1a: Uxie|Rain Dance|p1a: Uxie
|-weather|RainDance
|
|-weather|RainDance|[upkeep]
|upkeep
|turn|2
|
|t:|1620649150
|move|p1a: Uxie|Yawn|p2a: Guzzlord
|-start|p2a: Guzzlord|move: Yawn|[of] p1a: Uxie
|move|p2a: Guzzlord|Knock Off|p1a: Uxie
|-supereffective|p1a: Uxie
|-damage|p1a: Uxie|26/100
|-enditem|p1a: Uxie|Damp Rock|[from] move: Knock Off|[of] p2a: Guzzlord
|
|-weather|RainDance|[upkeep]
|upkeep
|turn|3
|
|t:|1620649160
|switch|p2a: Silvally|Silvally-Steel|100/100
|move|p1a: Uxie|U-turn|p2a: Silvally
|-resisted|p2a: Silvally
|-damage|p2a: Silvally|96/100
|
|t:|1620649170
|switch|p1a: Poliwrath|Poliwrath, M|100/100|[from]move: U-turn
|
|-weather|RainDance|[upkeep]
|upkeep
|turn|4
|
|t:|1620649174
|move|p1a: Poliwrath|Belly Drum|p1a: Poliwrath
|-damage|p1a: Poliwrath|51/100
|-setboost|p1a: Poliwrath|atk|6|[from] move: Belly Drum
|move|p2a: Silvally|Parting Shot|p1a: Poliwrath
|-unboost|p1a: Poliwrath|atk|1
|-unboost|p1a: Poliwrath|spa|1
|
|t:|1620649193
|switch|p2a: Whimsicott|Whimsicott, F|100/100|[from]move: Parting Shot
|
|-weather|RainDance|[upkeep]
|upkeep
|turn|5
|
|t:|1620649208
|switch|p2a: Palossand|Palossand, M|100/100
|move|p1a: Poliwrath|Drain Punch|p2a: Palossand
|-immune|p2a: Palossand
|
|-weather|RainDance|[upkeep]
|upkeep
|turn|6
|
|t:|1620649217
|move|p1a: Poliwrath|Substitute|p1a: Poliwrath
|-start|p1a: Poliwrath|Substitute
|-damage|p1a: Poliwrath|26/100
|move|p2a: Palossand|Stealth Rock|p1a: Poliwrath
|-sidestart|p1: 2turtle|move: Stealth Rock
|
|-weather|RainDance|[upkeep]
|upkeep
|turn|7
|
|t:|1620649225
|move|p1a: Poliwrath|Darkest Lariat|p2a: Palossand
|-supereffective|p2a: Palossand
|-enditem|p2a: Palossand|Colbur Berry|[eat]
|-enditem|p2a: Palossand|Colbur Berry|[weaken]
|-damage|p2a: Palossand|48/100
|move|p2a: Palossand|Shadow Ball|p1a: Poliwrath
|-crit|p1a: Poliwrath
|-end|p1a: Poliwrath|Substitute
|
|-weather|RainDance|[upkeep]
|upkeep
|turn|8
|
|t:|1620649230
|move|p1a: Poliwrath|Substitute|p1a: Poliwrath
|-start|p1a: Poliwrath|Substitute
|-damage|p1a: Poliwrath|1/100
|-enditem|p1a: Poliwrath|Salac Berry|[eat]
|-boost|p1a: Poliwrath|spe|1|[from] item: Salac Berry
|move|p2a: Palossand|Shadow Ball|p1a: Poliwrath
|-end|p1a: Poliwrath|Substitute
|
|-weather|none
|upkeep
|turn|9
|j| MoneyMachine
|
|t:|1620649236
|move|p1a: Poliwrath|Darkest Lariat|p2a: Palossand
|-supereffective|p2a: Palossand
|-damage|p2a: Palossand|0 fnt
|faint|p2a: Palossand
|
|upkeep
|
|t:|1620649245
|switch|p2a: Gallade|Gallade, M|100/100
|turn|10
|
|t:|1620649248
|move|p2a: Gallade|Shadow Sneak|p1a: Poliwrath
|-damage|p1a: Poliwrath|0 fnt
|faint|p1a: Poliwrath
|-damage|p2a: Gallade|91/100|[from] item: Life Orb
|
|upkeep
|
|t:|1620649254
|switch|p1a: Liepard|Liepard, F|100/100
|-damage|p1a: Liepard|88/100|[from] Stealth Rock
|turn|11
|
|t:|1620649264
|move|p1a: Liepard|Encore|p2a: Gallade
|-start|p2a: Gallade|Encore
|move|p2a: Gallade|Shadow Sneak|p1a: Liepard
|-resisted|p1a: Liepard
|-damage|p1a: Liepard|69/100
|-damage|p2a: Gallade|81/100|[from] item: Life Orb
|
|upkeep
|turn|12
|
|t:|1620649283
|switch|p2a: Whimsicott|Whimsicott, F|100/100
|move|p1a: Liepard|Rain Dance|p1a: Liepard
|-weather|RainDance
|
|-weather|RainDance|[upkeep]
|upkeep
|turn|13
|
|t:|1620649299
|switch|p1a: Uxie|Uxie|26/100
|-damage|p1a: Uxie|13/100|[from] Stealth Rock
|move|p2a: Whimsicott|Giga Drain|p1a: Uxie
|-damage|p1a: Uxie|0 fnt
|faint|p1a: Uxie
|
|-weather|RainDance|[upkeep]
|upkeep
|
|t:|1620649305
|switch|p1a: Ludicolo|Ludicolo, M|100/100
|-damage|p1a: Ludicolo|88/100|[from] Stealth Rock
|turn|14
|
|t:|1620649317
|switch|p2a: Silvally|Silvally-Steel|96/100
|move|p1a: Ludicolo|Ice Beam|p2a: Silvally
|-resisted|p2a: Silvally
|-damage|p2a: Silvally|81/100
|-damage|p1a: Ludicolo|78/100|[from] item: Life Orb
|
|-weather|RainDance|[upkeep]
|upkeep
|turn|15
|
|t:|1620649322
|move|p1a: Ludicolo|Hydro Pump|p2a: Silvally
|-damage|p2a: Silvally|0 fnt
|faint|p2a: Silvally
|-damage|p1a: Ludicolo|68/100|[from] item: Life Orb
|
|-weather|RainDance|[upkeep]
|upkeep
|
|t:|1620649325
|switch|p2a: Guzzlord|Guzzlord|100/100
|turn|16
|
|t:|1620649336
|switch|p1a: Gurdurr|Gurdurr, F|100/100
|-damage|p1a: Gurdurr|94/100|[from] Stealth Rock
|move|p2a: Guzzlord|Protect||[still]
|-fail|p2a: Guzzlord
|
|-weather|RainDance|[upkeep]
|upkeep
|turn|17
|
|t:|1620649343
|move|p2a: Guzzlord|Protect|p2a: Guzzlord
|-singleturn|p2a: Guzzlord|Protect
|move|p1a: Gurdurr|Bulk Up|p1a: Gurdurr
|-boost|p1a: Gurdurr|atk|1
|-boost|p1a: Gurdurr|def|1
|
|-weather|RainDance|[upkeep]
|upkeep
|turn|18
|
|t:|1620649350
|switch|p2a: Whimsicott|Whimsicott, F|100/100
|move|p1a: Gurdurr|Drain Punch|p2a: Whimsicott
|-resisted|p2a: Whimsicott
|-damage|p2a: Whimsicott|65/100
|-heal|p1a: Gurdurr|100/100|[from] drain|[of] p2a: Whimsicott
|
|-weather|RainDance|[upkeep]
|upkeep
|turn|19
|
|t:|1620649361
|move|p2a: Whimsicott|Moonblast|p1a: Gurdurr
|-supereffective|p1a: Gurdurr
|-damage|p1a: Gurdurr|12/100
|move|p1a: Gurdurr|Knock Off|p2a: Whimsicott
|-resisted|p2a: Whimsicott
|-damage|p2a: Whimsicott|36/100
|-enditem|p2a: Whimsicott|Choice Specs|[from] move: Knock Off|[of] p1a: Gurdurr
|
|-weather|none
|upkeep
|turn|20
|inactive|2turtle has 120 seconds left.
|
|t:|1620649393
|switch|p1a: Ludicolo|Ludicolo, M|68/100
|-damage|p1a: Ludicolo|56/100|[from] Stealth Rock
|move|p2a: Whimsicott|Moonblast|p1a: Ludicolo
|-damage|p1a: Ludicolo|18/100
|
|upkeep
|turn|21
|
|t:|1620649398
|move|p2a: Whimsicott|Moonblast|p1a: Ludicolo
|-damage|p1a: Ludicolo|0 fnt
|faint|p1a: Ludicolo
|
|upkeep
|
|t:|1620649401
|switch|p1a: Liepard|Liepard, F|69/100
|-damage|p1a: Liepard|57/100|[from] Stealth Rock
|turn|22
|
|t:|1620649414
|move|p1a: Liepard|Rain Dance|p1a: Liepard
|-weather|RainDance
|move|p2a: Whimsicott|Moonblast|p1a: Liepard
|-supereffective|p1a: Liepard
|-damage|p1a: Liepard|0 fnt
|faint|p1a: Liepard
|
|-weather|RainDance|[upkeep]
|upkeep
|
|t:|1620649421
|switch|p1a: Kabutops|Kabutops, F|100/100
|-damage|p1a: Kabutops|88/100|[from] Stealth Rock
|turn|23
|
|t:|1620649445
|move|p1a: Kabutops|Leech Life|p2a: Whimsicott
|-damage|p2a: Whimsicott|0 fnt
|-heal|p1a: Kabutops|100/100|[from] drain|[of] p2a: Whimsicott
|faint|p2a: Whimsicott
|-damage|p1a: Kabutops|91/100|[from] item: Life Orb
|
|-weather|RainDance|[upkeep]
|upkeep
|inactive|Tendoin has 120 seconds left.
|
|t:|1620649461
|switch|p2a: Guzzlord|Guzzlord|100/100
|turn|24
|
|t:|1620649467
|move|p2a: Guzzlord|Protect|p2a: Guzzlord
|-singleturn|p2a: Guzzlord|Protect
|move|p1a: Kabutops|Leech Life|p2a: Guzzlord
|-activate|p2a: Guzzlord|move: Protect
|
|-weather|RainDance|[upkeep]
|upkeep
|turn|25
|
|t:|1620649487
|move|p1a: Kabutops|Leech Life|p2a: Guzzlord
|-supereffective|p2a: Guzzlord
|-damage|p2a: Guzzlord|27/100
|-heal|p1a: Kabutops|100/100|[from] drain|[of] p2a: Guzzlord
|-damage|p1a: Kabutops|91/100|[from] item: Life Orb
|move|p2a: Guzzlord|Knock Off|p1a: Kabutops
|-damage|p1a: Kabutops|38/100
|-enditem|p1a: Kabutops|Life Orb|[from] move: Knock Off|[of] p2a: Guzzlord
|
|-weather|RainDance|[upkeep]
|-heal|p2a: Guzzlord|34/100|[from] item: Leftovers
|upkeep
|turn|26
|
|t:|1620649492
|move|p2a: Guzzlord|Protect|p2a: Guzzlord
|-singleturn|p2a: Guzzlord|Protect
|move|p1a: Kabutops|Leech Life|p2a: Guzzlord
|-activate|p2a: Guzzlord|move: Protect
|
|-weather|RainDance|[upkeep]
|-heal|p2a: Guzzlord|40/100|[from] item: Leftovers
|upkeep
|turn|27
|j| NeverChoose
|
|t:|1620649514
|switch|p2a: Lycanroc|Lycanroc-Midnight, F|100/100
|move|p1a: Kabutops|Leech Life|p2a: Lycanroc
|-damage|p2a: Lycanroc|61/100
|-heal|p1a: Kabutops|62/100|[from] drain|[of] p2a: Lycanroc
|
|-weather|RainDance|[upkeep]
|upkeep
|turn|28
|
|t:|1620649525
|move|p1a: Kabutops|Aqua Jet|p2a: Lycanroc
|-supereffective|p2a: Lycanroc
|-damage|p2a: Lycanroc|0 fnt
|faint|p2a: Lycanroc
|
|-weather|RainDance|[upkeep]
|upkeep
|
|t:|1620649532
|switch|p2a: Guzzlord|Guzzlord|40/100
|turn|29
|
|t:|1620649538
|move|p2a: Guzzlord|Protect|p2a: Guzzlord
|-singleturn|p2a: Guzzlord|Protect
|move|p1a: Kabutops|Leech Life|p2a: Guzzlord
|-activate|p2a: Guzzlord|move: Protect
|
|-weather|none
|-heal|p2a: Guzzlord|46/100|[from] item: Leftovers
|upkeep
|turn|30
|
|t:|1620649545
|move|p1a: Kabutops|Leech Life|p2a: Guzzlord
|-supereffective|p2a: Guzzlord
|-damage|p2a: Guzzlord|0 fnt
|-heal|p1a: Kabutops|100/100|[from] drain|[of] p2a: Guzzlord
|faint|p2a: Guzzlord
|
|upkeep
|
|t:|1620649548
|switch|p2a: Gallade|Gallade, M|81/100
|turn|31
|
|t:|1620649555
|move|p2a: Gallade|Close Combat|p1a: Kabutops
|-supereffective|p1a: Kabutops
|-damage|p1a: Kabutops|0 fnt
|-unboost|p2a: Gallade|def|1
|-unboost|p2a: Gallade|spd|1
|faint|p1a: Kabutops
|-damage|p2a: Gallade|71/100|[from] item: Life Orb
|
|upkeep
|
|t:|1620649558
|switch|p1a: Gurdurr|Gurdurr, F|12/100
|-damage|p1a: Gurdurr|6/100|[from] Stealth Rock
|turn|32
|
|t:|1620649560
|move|p2a: Gallade|Shadow Sneak|p1a: Gurdurr
|-damage|p1a: Gurdurr|0 fnt
|faint|p1a: Gurdurr
|
|win|Tendoin
|-damage|p2a: Gallade|62/100|[from] item: Life Orb
|raw|2turtle's rating: 1364 &rarr; <strong>1348</strong><br />(-16 for losing)
|raw|Tendoin's rating: 1433 &rarr; <strong>1449</strong><br />(+16 for winning)
|c|☆2turtle|gg
|c|☆Tendoin|gg
|l|☆2turtle
|l| MoneyMachine
