|j|☆Just a jk
|j|☆ayo bb
|t:|1625609573
|gametype|singles
|player|p1|Just a jk|twins-gen4dp|1309
|player|p2|ayo bb|2|1582
|teamsize|p1|6
|teamsize|p2|6
|gen|8
|tier|[Gen 8] PU
|rated|
|rule|Sleep Clause Mod: Limit one foe put to sleep
|rule|Species Clause: Limit one of each Pokémon
|rule|OHKO Clause: OHKO moves are banned
|rule|Evasion Moves Clause: Evasion moves are banned
|rule|Endless Battle Clause: Forcing endless battles is banned
|rule|HP Percentage Mod: HP is shown in percentages
|rule|Dynamax Clause: You cannot dynamax
|clearpoke
|poke|p1|Corsola-Galar, M|
|poke|p1|Silvally-*|
|poke|p1|Absol, F|
|poke|p1|Quagsire, F|
|poke|p1|Tsareena, F|
|poke|p1|Mesprit|
|poke|p2|Gourgeist-*, M|
|poke|p2|Lunatone|
|poke|p2|Altaria, F|
|poke|p2|Poliwrath, M|
|poke|p2|Stunfisk-Galar, F|
|poke|p2|Sandslash-Alola, M|
|teampreview
|
|t:|1625609594
|start
|switch|p1a: Tsareena|Tsareena, F, shiny|100/100
|switch|p2a: Altaria|Altaria, F|100/100
|turn|1
|
|t:|1625609599
|move|p1a: Tsareena|U-turn|p2a: Altaria
|-resisted|p2a: Altaria
|-damage|p2a: Altaria|85/100
|
|t:|1625609619
|switch|p1a: Silvally|Silvally-Steel|100/100|[from]move: U-turn
|move|p2a: Altaria|Hurricane|p1a: Silvally|[miss]
|-miss|p2a: Altaria|p1a: Silvally
|
|upkeep
|turn|2
|
|t:|1625609627
|switch|p2a: Stunfisk|Stunfisk-Galar, F|100/100
|move|p1a: Silvally|Multi-Attack|p2a: Stunfisk
|-resisted|p2a: Stunfisk
|-damage|p2a: Stunfisk|84/100
|
|-heal|p2a: Stunfisk|90/100|[from] item: Leftovers
|upkeep
|turn|3
|
|t:|1625609634
|move|p1a: Silvally|Parting Shot|p2a: Stunfisk
|-unboost|p2a: Stunfisk|atk|1
|-unboost|p2a: Stunfisk|spa|1
|
|t:|1625609648
|switch|p1a: Absol|Absol, F|100/100|[from]move: Parting Shot
|move|p2a: Stunfisk|Stealth Rock|p1a: Absol
|-sidestart|p1: Just a jk|move: Stealth Rock
|
|-heal|p2a: Stunfisk|96/100|[from] item: Leftovers
|upkeep
|turn|4
|
|t:|1625609657
|switch|p2a: Poliwrath|Poliwrath, M|100/100
|move|p1a: Absol|Close Combat|p2a: Poliwrath
|-damage|p2a: Poliwrath|65/100
|-unboost|p1a: Absol|def|1
|-unboost|p1a: Absol|spd|1
|-damage|p1a: Absol|91/100|[from] item: Life Orb
|
|-heal|p2a: Poliwrath|72/100|[from] item: Leftovers
|upkeep
|turn|5
|
|t:|1625609680
|switch|p1a: Corsola|Corsola-Galar, M|100/100
|-damage|p1a: Corsola|88/100|[from] Stealth Rock
|move|p2a: Poliwrath|Circle Throw|p1a: Corsola
|-immune|p1a: Corsola
|
|-heal|p2a: Poliwrath|78/100|[from] item: Leftovers
|upkeep
|turn|6
|
|t:|1625609686
|move|p2a: Poliwrath|Scald|p1a: Corsola
|-damage|p1a: Corsola|76/100
|-status|p1a: Corsola|brn
|move|p1a: Corsola|Will-O-Wisp|p2a: Poliwrath
|-status|p2a: Poliwrath|brn
|
|-heal|p2a: Poliwrath|84/100 brn|[from] item: Leftovers
|-damage|p2a: Poliwrath|78/100 brn|[from] brn
|-damage|p1a: Corsola|70/100 brn|[from] brn
|upkeep
|turn|7
|
|t:|1625609694
|move|p2a: Poliwrath|Scald|p1a: Corsola
|-damage|p1a: Corsola|56/100 brn
|-start|p2a: Poliwrath|Disable|Scald|[from] ability: Cursed Body|[of] p1a: Corsola
|move|p1a: Corsola|Hex|p2a: Poliwrath
|-damage|p2a: Poliwrath|48/100 brn
|
|-heal|p2a: Poliwrath|54/100 brn|[from] item: Leftovers
|-damage|p2a: Poliwrath|48/100 brn|[from] brn
|-damage|p1a: Corsola|50/100 brn|[from] brn
|upkeep
|turn|8
|
|t:|1625609698
|move|p2a: Poliwrath|Rest|p2a: Poliwrath
|-status|p2a: Poliwrath|slp|[from] move: Rest
|-heal|p2a: Poliwrath|100/100 slp|[silent]
|move|p1a: Corsola|Strength Sap|p2a: Poliwrath
|-unboost|p2a: Poliwrath|atk|1
|-heal|p1a: Corsola|100/100 brn
|
|-damage|p1a: Corsola|94/100 brn|[from] brn
|upkeep
|turn|9
|
|t:|1625609702
|cant|p2a: Poliwrath|slp
|move|p2a: Poliwrath|Sleep Talk|p2a: Poliwrath
|move|p2a: Poliwrath|Scald|p1a: Corsola|[from]move: Sleep Talk
|-damage|p1a: Corsola|82/100 brn
|move|p1a: Corsola|Night Shade|p2a: Poliwrath
|-damage|p2a: Poliwrath|74/100 slp
|
|-heal|p2a: Poliwrath|81/100 slp|[from] item: Leftovers
|-damage|p1a: Corsola|76/100 brn|[from] brn
|upkeep
|turn|10
|
|t:|1625609708
|cant|p2a: Poliwrath|slp
|move|p2a: Poliwrath|Sleep Talk|p2a: Poliwrath
|move|p2a: Poliwrath|Scald|p1a: Corsola|[from]move: Sleep Talk
|-damage|p1a: Corsola|63/100 brn
|move|p1a: Corsola|Hex|p2a: Poliwrath
|-damage|p2a: Poliwrath|49/100 slp
|
|-heal|p2a: Poliwrath|55/100 slp|[from] item: Leftovers
|-damage|p1a: Corsola|57/100 brn|[from] brn
|-end|p2a: Poliwrath|Disable
|upkeep
|turn|11
|
|t:|1625609716
|switch|p2a: Altaria|Altaria, F|85/100
|move|p1a: Corsola|Night Shade|p2a: Altaria
|-damage|p2a: Altaria|50/100
|
|-damage|p1a: Corsola|50/100 brn|[from] brn
|upkeep
|turn|12
|
|t:|1625609722
|move|p2a: Altaria|Hurricane|p1a: Corsola
|-damage|p1a: Corsola|22/100 brn
|move|p1a: Corsola|Strength Sap|p2a: Altaria
|-unboost|p2a: Altaria|atk|1
|-heal|p1a: Corsola|63/100 brn
|
|-damage|p1a: Corsola|56/100 brn|[from] brn
|upkeep
|turn|13
|
|t:|1625609736
|switch|p1a: Silvally|Silvally-Steel|100/100
|-damage|p1a: Silvally|94/100|[from] Stealth Rock
|move|p2a: Altaria|Roost|p2a: Altaria
|-heal|p2a: Altaria|100/100
|-singleturn|p2a: Altaria|move: Roost
|
|upkeep
|turn|14
|
|t:|1625609739
|switch|p2a: Poliwrath|Poliwrath, M|55/100 slp
|move|p1a: Silvally|Defog|p2a: Poliwrath
|-unboost|p2a: Poliwrath|evasion|1
|-sideend|p1: Just a jk|Stealth Rock|[from] move: Defog|[of] p1a: Silvally
|
|-heal|p2a: Poliwrath|61/100 slp|[from] item: Leftovers
|upkeep
|turn|15
|
|t:|1625609743
|move|p1a: Silvally|Parting Shot|p2a: Poliwrath
|-unboost|p2a: Poliwrath|atk|1
|-unboost|p2a: Poliwrath|spa|1
|
|t:|1625609748
|switch|p1a: Corsola|Corsola-Galar, M|56/100 brn|[from]move: Parting Shot
|-curestatus|p2a: Poliwrath|slp|[msg]
|move|p2a: Poliwrath|Scald|p1a: Corsola
|-damage|p1a: Corsola|47/100 brn
|-start|p2a: Poliwrath|Disable|Scald|[from] ability: Cursed Body|[of] p1a: Corsola
|
|-heal|p2a: Poliwrath|67/100|[from] item: Leftovers
|-damage|p1a: Corsola|41/100 brn|[from] brn
|upkeep
|turn|16
|
|t:|1625609772
|switch|p2a: Altaria|Altaria, F|100/100
|move|p1a: Corsola|Strength Sap|p2a: Altaria
|-unboost|p2a: Altaria|atk|1
|-heal|p1a: Corsola|81/100 brn
|
|-damage|p1a: Corsola|75/100 brn|[from] brn
|upkeep
|turn|17
|
|t:|1625609808
|switch|p1a: Silvally|Silvally-Steel|94/100
|move|p2a: Altaria|Flamethrower|p1a: Silvally
|-supereffective|p1a: Silvally
|-damage|p1a: Silvally|58/100
|
|upkeep
|turn|18
|
|t:|1625609811
|move|p1a: Silvally|Parting Shot|p2a: Altaria
|-unboost|p2a: Altaria|atk|1
|-unboost|p2a: Altaria|spa|1
|
|t:|1625609823
|switch|p1a: Absol|Absol, F|91/100|[from]move: Parting Shot
|move|p2a: Altaria|Flamethrower|p1a: Absol
|-crit|p1a: Absol
|-damage|p1a: Absol|25/100
|
|upkeep
|turn|19
|
|t:|1625609829
|switch|p2a: Poliwrath|Poliwrath, M|67/100
|move|p1a: Absol|Knock Off|p2a: Poliwrath
|-resisted|p2a: Poliwrath
|-damage|p2a: Poliwrath|44/100
|-enditem|p2a: Poliwrath|Leftovers|[from] move: Knock Off|[of] p1a: Absol
|-damage|p1a: Absol|15/100|[from] item: Life Orb
|
|upkeep
|turn|20
|
|t:|1625609835
|switch|p1a: Mesprit|Mesprit|100/100
|move|p2a: Poliwrath|Rest|p2a: Poliwrath
|-status|p2a: Poliwrath|slp|[from] move: Rest
|-heal|p2a: Poliwrath|100/100 slp|[silent]
|
|upkeep
|turn|21
|
|t:|1625609839
|switch|p2a: Stunfisk|Stunfisk-Galar, F|96/100
|move|p1a: Mesprit|Stealth Rock|p2a: Stunfisk
|-sidestart|p2: ayo bb|move: Stealth Rock
|
|-heal|p2a: Stunfisk|100/100|[from] item: Leftovers
|upkeep
|turn|22
|
|t:|1625609846
|switch|p1a: Quagsire|Quagsire, F, shiny|100/100
|move|p2a: Stunfisk|Stealth Rock|p1a: Quagsire
|-sidestart|p1: Just a jk|move: Stealth Rock
|
|upkeep
|turn|23
|
|t:|1625609852
|move|p2a: Stunfisk|Yawn|p1a: Quagsire
|-start|p1a: Quagsire|move: Yawn|[of] p2a: Stunfisk
|move|p1a: Quagsire|Scald|p2a: Stunfisk
|-supereffective|p2a: Stunfisk
|-damage|p2a: Stunfisk|72/100
|
|-heal|p2a: Stunfisk|78/100|[from] item: Leftovers
|upkeep
|turn|24
|
|t:|1625609872
|switch|p1a: Corsola|Corsola-Galar, M|75/100 brn
|-damage|p1a: Corsola|63/100 brn|[from] Stealth Rock
|move|p2a: Stunfisk|Snap Trap|p1a: Corsola
|-damage|p1a: Corsola|59/100 brn
|-activate|p1a: Corsola|move: Snap Trap|[of] p2a: Stunfisk
|
|-heal|p2a: Stunfisk|84/100|[from] item: Leftovers
|-damage|p1a: Corsola|53/100 brn|[from] brn
|-damage|p1a: Corsola|40/100 brn|[from] move: Snap Trap|[partiallytrapped]
|upkeep
|turn|25
|
|t:|1625609880
|switch|p2a: Altaria|Altaria, F|100/100
|move|p1a: Corsola|Will-O-Wisp|p2a: Altaria
|-status|p2a: Altaria|brn
|
|-damage|p2a: Altaria|94/100 brn|[from] brn
|-damage|p1a: Corsola|34/100 brn|[from] brn
|-end|p1a: Corsola|Snap Trap|[partiallytrapped]|[silent]
|upkeep
|turn|26
|
|t:|1625609885
|move|p2a: Altaria|Hurricane|p1a: Corsola
|-damage|p1a: Corsola|4/100 brn
|move|p1a: Corsola|Strength Sap|p2a: Altaria
|-unboost|p2a: Altaria|atk|1
|-heal|p1a: Corsola|44/100 brn
|
|-damage|p2a: Altaria|88/100 brn|[from] brn
|-damage|p1a: Corsola|38/100 brn|[from] brn
|upkeep
|turn|27
|
|t:|1625609898
|switch|p1a: Quagsire|Quagsire, F, shiny|100/100
|-damage|p1a: Quagsire|94/100|[from] Stealth Rock
|move|p2a: Altaria|Flamethrower|p1a: Quagsire
|-resisted|p1a: Quagsire
|-damage|p1a: Quagsire|85/100
|
|-heal|p1a: Quagsire|91/100|[from] item: Leftovers
|-damage|p2a: Altaria|82/100 brn|[from] brn
|upkeep
|turn|28
|
|t:|1625609908
|move|p2a: Altaria|Toxic|p1a: Quagsire
|-status|p1a: Quagsire|tox
|move|p1a: Quagsire|Scald|p2a: Altaria
|-resisted|p2a: Altaria
|-damage|p2a: Altaria|72/100 brn
|
|-heal|p1a: Quagsire|97/100 tox|[from] item: Leftovers
|-damage|p1a: Quagsire|91/100 tox|[from] psn
|-damage|p2a: Altaria|65/100 brn|[from] brn
|upkeep
|turn|29
|
|t:|1625609918
|switch|p1a: Mesprit|Mesprit|100/100
|-damage|p1a: Mesprit|88/100|[from] Stealth Rock
|move|p2a: Altaria|Hurricane|p1a: Mesprit
|-damage|p1a: Mesprit|47/100
|-start|p1a: Mesprit|confusion
|
|-damage|p2a: Altaria|59/100 brn|[from] brn
|upkeep
|turn|30
|
|t:|1625609941
|switch|p1a: Silvally|Silvally-Steel|58/100
|-damage|p1a: Silvally|52/100|[from] Stealth Rock
|switch|p2a: Sandslash|Sandslash-Alola, M|100/100
|
|upkeep
|turn|31
|
|t:|1625609950
|switch|p2a: Poliwrath|Poliwrath, M|100/100 slp
|-damage|p2a: Poliwrath|94/100 slp|[from] Stealth Rock
|move|p1a: Silvally|Thunder Wave||[still]
|-fail|p1a: Silvally
|
|upkeep
|turn|32
|
|t:|1625609954
|move|p1a: Silvally|Parting Shot|p2a: Poliwrath
|-unboost|p2a: Poliwrath|atk|1
|-unboost|p2a: Poliwrath|spa|1
|
|t:|1625609960
|switch|p1a: Corsola|Corsola-Galar, M|38/100 brn|[from]move: Parting Shot
|-damage|p1a: Corsola|26/100 brn|[from] Stealth Rock
|cant|p2a: Poliwrath|slp
|move|p2a: Poliwrath|Sleep Talk|p2a: Poliwrath
|move|p2a: Poliwrath|Circle Throw|p1a: Corsola|[from]move: Sleep Talk
|-immune|p1a: Corsola
|
|-damage|p1a: Corsola|20/100 brn|[from] brn
|upkeep
|turn|33
|
|t:|1625609975
|switch|p2a: Altaria|Altaria, F|59/100
|move|p1a: Corsola|Strength Sap|p2a: Altaria
|-unboost|p2a: Altaria|atk|1
|-heal|p1a: Corsola|60/100 brn
|
|-damage|p1a: Corsola|54/100 brn|[from] brn
|upkeep
|turn|34
|
|t:|1625609985
|switch|p1a: Silvally|Silvally-Steel|52/100
|-damage|p1a: Silvally|46/100|[from] Stealth Rock
|move|p2a: Altaria|Roost|p2a: Altaria
|-heal|p2a: Altaria|100/100
|-singleturn|p2a: Altaria|move: Roost
|
|upkeep
|turn|35
|
|t:|1625609990
|move|p1a: Silvally|Multi-Attack|p2a: Altaria
|-damage|p2a: Altaria|48/100
|move|p2a: Altaria|Flamethrower|p1a: Silvally
|-supereffective|p1a: Silvally
|-damage|p1a: Silvally|9/100
|
|upkeep
|turn|36
|
|t:|1625610001
|switch|p2a: Gourgeist|Gourgeist-Super, M|100/100
|-damage|p2a: Gourgeist|88/100|[from] Stealth Rock
|-item|p1a: Silvally|Steel Memory|[from] ability: Frisk|[of] p2a: Gourgeist|[identify]
|move|p1a: Silvally|Parting Shot|p2a: Gourgeist
|-unboost|p2a: Gourgeist|atk|1
|-unboost|p2a: Gourgeist|spa|1
|
|t:|1625610018
|switch|p1a: Mesprit|Mesprit|47/100|[from]move: Parting Shot
|-damage|p1a: Mesprit|34/100|[from] Stealth Rock
|
|upkeep
|turn|37
|
|t:|1625610023
|switch|p2a: Sandslash|Sandslash-Alola, M|100/100
|move|p1a: Mesprit|Healing Wish|p1a: Mesprit
|faint|p1a: Mesprit
|
|upkeep
|
|t:|1625610044
|switch|p1a: Absol|Absol, F|15/100
|-heal|p1a: Absol|100/100|[from] move: Healing Wish
|-damage|p1a: Absol|88/100|[from] Stealth Rock
|turn|38
|
|t:|1625610053
|move|p1a: Absol|Swords Dance|p1a: Absol
|-boost|p1a: Absol|atk|2
|move|p2a: Sandslash|Triple Axel|p1a: Absol
|-damage|p1a: Absol|71/100
|-damage|p1a: Absol|39/100
|-damage|p1a: Absol|0 fnt
|faint|p1a: Absol
|-hitcount|p1: Absol|3
|
|upkeep
|
|t:|1625610062
|switch|p1a: Quagsire|Quagsire, F, shiny|91/100 tox
|-damage|p1a: Quagsire|85/100 tox|[from] Stealth Rock
|turn|39
|
|t:|1625610070
|switch|p2a: Gourgeist|Gourgeist-Super, M|88/100
|-damage|p2a: Gourgeist|76/100|[from] Stealth Rock
|-item|p1a: Quagsire|Leftovers|[from] ability: Frisk|[of] p2a: Gourgeist|[identify]
|move|p1a: Quagsire|Earthquake|p2a: Gourgeist
|-resisted|p2a: Gourgeist
|-damage|p2a: Gourgeist|64/100
|
|-heal|p1a: Quagsire|91/100 tox|[from] item: Leftovers
|-damage|p1a: Quagsire|85/100 tox|[from] psn
|upkeep
|turn|40
|
|t:|1625610080
|switch|p1a: Silvally|Silvally-Steel|9/100
|-damage|p1a: Silvally|3/100|[from] Stealth Rock
|move|p2a: Gourgeist|Power Whip|p1a: Silvally
|-resisted|p1a: Silvally
|-damage|p1a: Silvally|0 fnt
|faint|p1a: Silvally
|
|upkeep
|
|t:|1625610095
|switch|p1a: Tsareena|Tsareena, F, shiny|100/100
|-damage|p1a: Tsareena|88/100|[from] Stealth Rock
|turn|41
|
|t:|1625610099
|move|p1a: Tsareena|Knock Off|p2a: Gourgeist
|-supereffective|p2a: Gourgeist
|-damage|p2a: Gourgeist|32/100
|move|p2a: Gourgeist|Synthesis|p2a: Gourgeist
|-heal|p2a: Gourgeist|82/100
|
|upkeep
|turn|42
|
|t:|1625610106
|switch|p1a: Corsola|Corsola-Galar, M|54/100 brn
|-damage|p1a: Corsola|41/100 brn|[from] Stealth Rock
|move|p2a: Gourgeist|Poltergeist|p1a: Corsola
|-activate|p1a: Corsola|move: Poltergeist|Eviolite
|-supereffective|p1a: Corsola
|-damage|p1a: Corsola|0 fnt
|faint|p1a: Corsola
|
|upkeep
|-message|Just a jk forfeited.
|
|win|ayo bb
|l|☆Just a jk
|raw|Just a jk's rating: 1309 &rarr; <strong>1302</strong><br />(-7 for losing)
|raw|ayo bb's rating: 1581 &rarr; <strong>1588</strong><br />(+7 for winning)
