|j|☆yandaud
|j|☆Flamedood
|t:|1661032917
|gametype|singles
|player|p1|yandaud|swimmer-gen4dp|
|player|p2|Flamedood|blue|
|teamsize|p1|6
|teamsize|p2|6
|gen|8
|tier|[Gen 8] PU
|rated|Tournament battle
|rule|Sleep Clause Mod: Limit one foe put to sleep
|rule|Species Clause: Limit one of each Pokémon
|rule|OHKO Clause: OHKO moves are banned
|rule|Evasion Items Clause: Evasion items are banned
|rule|Evasion Moves Clause: Evasion moves are banned
|rule|Endless Battle Clause: Forcing endless battles is banned
|rule|HP Percentage Mod: HP is shown in percentages
|rule|Dynamax Clause: You cannot dynamax
|clearpoke
|poke|p1|Gigalith, F|
|poke|p1|Weezing, F|
|poke|p1|Eldegoss, M|
|poke|p1|Scrafty, M|
|poke|p1|Scyther, F|
|poke|p1|Doublade, M|
|poke|p2|Scyther, F|
|poke|p2|Thwackey, M|
|poke|p2|Hitmonlee, M|
|poke|p2|Comfey, M|
|poke|p2|Trevenant, F|
|poke|p2|Cradily, M|
|teampreview
|j|@asa
|j| Lanturn Sweeper
|c|☆yandaud|oof
|
|t:|1661032934
|start
|switch|p1a: Weezing|Weezing, F|100/100
|switch|p2a: Cradily|Cradily, M|100/100
|-ability|p1a: Weezing|Neutralizing Gas
|turn|1
|
|t:|1661032956
|-end|p1a: Weezing|ability: Neutralizing Gas
|switch|p1a: Scrafty|Scrafty, M|100/100
|move|p2a: Cradily|Stealth Rock|p1a: Scrafty
|-sidestart|p1: yandaud|move: Stealth Rock
|
|upkeep
|turn|2
|
|t:|1661032968
|move|p1a: Scrafty|Knock Off|p2a: Cradily
|-damage|p2a: Cradily|74/100
|-enditem|p2a: Cradily|Terrain Extender|[from] move: Knock Off|[of] p1a: Scrafty
|move|p2a: Cradily|Grassy Terrain|p2a: Cradily
|-fieldstart|move: Grassy Terrain
|
|-heal|p2a: Cradily|80/100|[from] Grassy Terrain
|upkeep
|turn|3
|
|t:|1661032981
|switch|p1a: Weezing|Weezing, F|100/100
|-ability|p1a: Weezing|Neutralizing Gas
|move|p2a: Cradily|Power Whip|p1a: Weezing
|-resisted|p1a: Weezing
|-damage|p1a: Weezing|86/100
|
|-heal|p1a: Weezing|92/100|[from] Grassy Terrain
|-heal|p2a: Cradily|86/100|[from] Grassy Terrain
|upkeep
|turn|4
|
|t:|1661032993
|move|p1a: Weezing|Toxic Spikes|p2a: Cradily
|-sidestart|p2: Flamedood|move: Toxic Spikes
|move|p2a: Cradily|Rock Blast|p1a: Weezing
|-damage|p1a: Weezing|87/100
|-damage|p1a: Weezing|81/100
|-damage|p1a: Weezing|76/100
|-damage|p1a: Weezing|70/100
|-damage|p1a: Weezing|65/100
|-hitcount|p1a: Weezing|5
|
|-heal|p1a: Weezing|71/100|[from] Grassy Terrain
|-heal|p2a: Cradily|92/100|[from] Grassy Terrain
|upkeep
|turn|5
|
|t:|1661033006
|move|p1a: Weezing|Toxic Spikes|p2a: Cradily
|-sidestart|p2: Flamedood|move: Toxic Spikes
|move|p2a: Cradily|Rock Blast|p1a: Weezing
|-damage|p1a: Weezing|66/100
|-damage|p1a: Weezing|61/100
|-crit|p1a: Weezing
|-damage|p1a: Weezing|53/100
|-hitcount|p1a: Weezing|3
|
|-heal|p1a: Weezing|59/100|[from] Grassy Terrain
|-heal|p2a: Cradily|99/100|[from] Grassy Terrain
|upkeep
|turn|6
|
|t:|1661033022
|move|p1a: Weezing|Rest|p1a: Weezing
|-status|p1a: Weezing|slp|[from] move: Rest
|-heal|p1a: Weezing|100/100 slp|[silent]
|move|p2a: Cradily|Rock Blast|p1a: Weezing
|-damage|p1a: Weezing|96/100 slp
|-damage|p1a: Weezing|91/100 slp
|-damage|p1a: Weezing|86/100 slp
|-hitcount|p1a: Weezing|3
|
|-heal|p1a: Weezing|92/100 slp|[from] Grassy Terrain
|-heal|p2a: Cradily|100/100|[from] Grassy Terrain
|-fieldend|move: Grassy Terrain
|upkeep
|turn|7
|
|t:|1661033043
|-end|p1a: Weezing|ability: Neutralizing Gas
|switch|p1a: Eldegoss|Eldegoss, M|100/100
|switch|p2a: Trevenant|Trevenant, F|100/100
|-status|p2a: Trevenant|tox
|-item|p1a: Eldegoss|Heavy-Duty Boots|[from] ability: Frisk|[of] p2a: Trevenant|[identify]
|
|-damage|p2a: Trevenant|94/100 tox|[from] psn
|upkeep
|turn|8
|
|t:|1661033056
|move|p1a: Eldegoss|Aromatherapy|p1a: Eldegoss
|-activate|p1a: Eldegoss|move: Aromatherapy
|-curestatus|p1: Weezing|slp|[msg]
|move|p2a: Trevenant|Poltergeist|p1a: Eldegoss
|-activate|p1a: Eldegoss|move: Poltergeist|Heavy-Duty Boots
|-damage|p1a: Eldegoss|22/100
|
|-damage|p2a: Trevenant|82/100 tox|[from] psn
|upkeep
|turn|9
|
|t:|1661033080
|switch|p1a: Scrafty|Scrafty, M|100/100
|-damage|p1a: Scrafty|95/100|[from] Stealth Rock
|move|p2a: Trevenant|Poltergeist|p1a: Scrafty
|-activate|p1a: Scrafty|move: Poltergeist|Leftovers
|-resisted|p1a: Scrafty
|-crit|p1a: Scrafty
|-damage|p1a: Scrafty|38/100
|
|-heal|p1a: Scrafty|44/100|[from] item: Leftovers
|-damage|p2a: Trevenant|64/100 tox|[from] psn
|upkeep
|turn|10
|
|t:|1661033093
|switch|p1a: Eldegoss|Eldegoss, M|55/100
|switch|p2a: Comfey|Comfey, M|100/100
|-status|p2a: Comfey|tox
|
|-damage|p2a: Comfey|94/100 tox|[from] psn
|upkeep
|turn|11
|
|t:|1661033104
|switch|p1a: Doublade|Doublade, M|100/100
|-damage|p1a: Doublade|94/100|[from] Stealth Rock
|move|p2a: Comfey|Aromatherapy|p2a: Comfey
|-activate|p2a: Comfey|move: Aromatherapy
|-curestatus|p2a: Comfey|tox|[msg]
|-curestatus|p2: Trevenant|tox|[msg]
|
|upkeep
|turn|12
|
|t:|1661033120
|move|p2a: Comfey|Defog|p1a: Doublade
|-unboost|p1a: Doublade|evasion|1
|-sideend|p1: yandaud|Stealth Rock|[from] move: Defog|[of] p2a: Comfey
|-sideend|p2: Flamedood|Toxic Spikes|[from] move: Defog|[of] p2a: Comfey
|move|p1a: Doublade|Swords Dance|p1a: Doublade
|-boost|p1a: Doublade|atk|2
|
|upkeep
|turn|13
|
|t:|1661033132
|switch|p2a: Cradily|Cradily, M|100/100
|move|p1a: Doublade|Shadow Claw|p2a: Cradily
|-damage|p2a: Cradily|44/100
|
|upkeep
|turn|14
|
|t:|1661033141
|switch|p1a: Weezing|Weezing, F|92/100
|-ability|p1a: Weezing|Neutralizing Gas
|move|p2a: Cradily|Stealth Rock|p1a: Weezing
|-sidestart|p1: yandaud|move: Stealth Rock
|
|upkeep
|turn|15
|
|t:|1661033153
|switch|p2a: Trevenant|Trevenant, F|64/100
|move|p1a: Weezing|Toxic Spikes|p2a: Trevenant
|-sidestart|p2: Flamedood|move: Toxic Spikes
|
|upkeep
|turn|16
|
|t:|1661033176
|-end|p1a: Weezing|ability: Neutralizing Gas
|-item|p1a: Weezing|Heavy-Duty Boots|[from] ability: Frisk|[of] p2a: Trevenant|[identify]
|switch|p1a: Eldegoss|Eldegoss, M|88/100
|move|p2a: Trevenant|Poltergeist|p1a: Eldegoss
|-activate|p1a: Eldegoss|move: Poltergeist|Heavy-Duty Boots
|-damage|p1a: Eldegoss|9/100
|
|upkeep
|turn|17
|
|t:|1661033193
|switch|p1a: Scrafty|Scrafty, M|44/100
|-damage|p1a: Scrafty|38/100|[from] Stealth Rock
|switch|p2a: Blade|Scyther, F|100/100
|
|-heal|p1a: Scrafty|44/100|[from] item: Leftovers
|upkeep
|turn|18
|
|t:|1661033206
|switch|p1a: Gigalith|Gigalith, F|100/100
|-damage|p1a: Gigalith|88/100|[from] Stealth Rock
|-weather|Sandstorm|[from] ability: Sand Stream|[of] p1a: Gigalith
|move|p2a: Blade|Knock Off|p1a: Gigalith
|-damage|p1a: Gigalith|67/100
|-enditem|p1a: Gigalith|Leftovers|[from] move: Knock Off|[of] p2a: Blade
|
|-weather|Sandstorm|[upkeep]
|-damage|p2a: Blade|94/100|[from] Sandstorm
|upkeep
|turn|19
|
|t:|1661033217
|move|p2a: Blade|U-turn|p1a: Gigalith
|-damage|p1a: Gigalith|42/100
|
|t:|1661033235
|switch|p2a: Comfey|Comfey, M|94/100|[from]move: U-turn
|-status|p2a: Comfey|psn
|move|p1a: Gigalith|Rock Blast|p2a: Comfey
|-damage|p2a: Comfey|83/100 psn
|-damage|p2a: Comfey|73/100 psn
|-damage|p2a: Comfey|62/100 psn
|-damage|p2a: Comfey|51/100 psn
|-damage|p2a: Comfey|41/100 psn
|-hitcount|p2a: Comfey|5
|-enditem|p2a: Comfey|Kee Berry|[eat]
|-boost|p2a: Comfey|def|1|[from] item: Kee Berry
|
|-weather|Sandstorm|[upkeep]
|-damage|p2a: Comfey|35/100 psn|[from] Sandstorm
|-damage|p2a: Comfey|22/100 psn|[from] psn
|upkeep
|turn|20
|l|@asa
|
|t:|1661033252
|move|p2a: Comfey|Defog|p1a: Gigalith
|-unboost|p1a: Gigalith|evasion|1
|-sideend|p1: yandaud|Stealth Rock|[from] move: Defog|[of] p2a: Comfey
|-sideend|p2: Flamedood|Toxic Spikes|[from] move: Defog|[of] p2a: Comfey
|move|p1a: Gigalith|Rock Blast|p2a: Comfey|[miss]
|-miss|p1a: Gigalith|p2a: Comfey
|
|-weather|Sandstorm|[upkeep]
|-damage|p2a: Comfey|16/100 psn|[from] Sandstorm
|-damage|p2a: Comfey|3/100 psn|[from] psn
|upkeep
|turn|21
|
|t:|1661033263
|move|p2a: Comfey|Draining Kiss|p1a: Gigalith
|-damage|p1a: Gigalith|34/100
|-heal|p2a: Comfey|12/100 psn|[from] drain|[of] p1a: Gigalith
|move|p1a: Gigalith|Stealth Rock|p2a: Comfey
|-sidestart|p2: Flamedood|move: Stealth Rock
|
|-weather|Sandstorm|[upkeep]
|-damage|p2a: Comfey|5/100 psn|[from] Sandstorm
|-damage|p2a: Comfey|0 fnt|[from] psn
|faint|p2a: Comfey
|upkeep
|
|t:|1661033283
|switch|p2a: Cradily|Cradily, M|44/100
|-damage|p2a: Cradily|31/100|[from] Stealth Rock
|turn|22
|
|t:|1661033291
|switch|p1a: Weezing|Weezing, F|92/100
|-ability|p1a: Weezing|Neutralizing Gas
|move|p2a: Cradily|Stealth Rock|p1a: Weezing
|-sidestart|p1: yandaud|move: Stealth Rock
|
|-weather|none
|upkeep
|turn|23
|
|t:|1661033302
|switch|p2a: Trevenant|Trevenant, F|64/100
|-damage|p2a: Trevenant|51/100|[from] Stealth Rock
|move|p1a: Weezing|Toxic Spikes|p2a: Trevenant
|-sidestart|p2: Flamedood|move: Toxic Spikes
|
|upkeep
|turn|24
|
|t:|1661033318
|-end|p1a: Weezing|ability: Neutralizing Gas
|-item|p1a: Weezing|Heavy-Duty Boots|[from] ability: Frisk|[of] p2a: Trevenant|[identify]
|switch|p1a: Scrafty|Scrafty, M|44/100
|-damage|p1a: Scrafty|38/100|[from] Stealth Rock
|move|p2a: Trevenant|Poltergeist|p1a: Scrafty
|-activate|p1a: Scrafty|move: Poltergeist|Leftovers
|-resisted|p1a: Scrafty
|-damage|p1a: Scrafty|0 fnt
|faint|p1a: Scrafty
|
|upkeep
|
|t:|1661033325
|switch|p1a: Scyther|Scyther, F|100/100
|turn|25
|
|t:|1661033333
|switch|p2a: Cradily|Cradily, M|31/100
|-damage|p2a: Cradily|19/100|[from] Stealth Rock
|-status|p2a: Cradily|psn
|move|p1a: Scyther|Dual Wingbeat|p2a: Cradily
|-damage|p2a: Cradily|0 fnt
|faint|p2a: Cradily
|-hitcount|p2: Cradily|1
|
|upkeep
|
|t:|1661033355
|switch|p2a: Blade|Scyther, F|94/100
|turn|26
|
|t:|1661033405
|switch|p1a: Eldegoss|Eldegoss, M|42/100
|move|p2a: Blade|Dual Wingbeat|p1a: Eldegoss
|-supereffective|p1a: Eldegoss
|-damage|p1a: Eldegoss|0 fnt
|faint|p1a: Eldegoss
|-hitcount|p1: Eldegoss|1
|
|upkeep
|
|t:|1661033409
|switch|p1a: Weezing|Weezing, F|92/100
|-ability|p1a: Weezing|Neutralizing Gas
|turn|27
|
|t:|1661033418
|move|p2a: Blade|Knock Off|p1a: Weezing
|-damage|p1a: Weezing|71/100
|-enditem|p1a: Weezing|Heavy-Duty Boots|[from] move: Knock Off|[of] p2a: Blade
|move|p1a: Weezing|Will-O-Wisp|p2a: Blade
|-status|p2a: Blade|brn
|
|-damage|p2a: Blade|88/100 brn|[from] brn
|upkeep
|turn|28
|
|t:|1661033428
|-end|p1a: Weezing|ability: Neutralizing Gas
|switch|p1a: Gigalith|Gigalith, F|34/100
|-damage|p1a: Gigalith|21/100|[from] Stealth Rock
|-weather|Sandstorm|[from] ability: Sand Stream|[of] p1a: Gigalith
|move|p2a: Blade|U-turn|p1a: Gigalith
|-damage|p1a: Gigalith|9/100
|
|t:|1661033440
|switch|p2a: Thwackey|Thwackey, M|100/100|[from]move: U-turn
|-damage|p2a: Thwackey|88/100|[from] Stealth Rock
|-status|p2a: Thwackey|psn
|-fieldstart|move: Grassy Terrain|[from] ability: Grassy Surge|[of] p2a: Thwackey
|
|-weather|Sandstorm|[upkeep]
|-damage|p2a: Thwackey|82/100 psn|[from] Sandstorm
|-heal|p2a: Thwackey|88/100 psn|[from] Grassy Terrain
|-heal|p1a: Gigalith|15/100|[from] Grassy Terrain
|-damage|p2a: Thwackey|76/100 psn|[from] psn
|upkeep
|turn|29
|
|t:|1661033454
|move|p2a: Thwackey|U-turn|p1a: Gigalith
|-damage|p1a: Gigalith|0 fnt
|faint|p1a: Gigalith
|
|t:|1661033458
|switch|p2a: Kickman|Hitmonlee, M|100/100|[from]move: U-turn
|-damage|p2a: Kickman|94/100|[from] Stealth Rock
|-status|p2a: Kickman|psn
|-enditem|p2a: Kickman|Grassy Seed
|-boost|p2a: Kickman|def|1|[from] item: Grassy Seed
|
|-weather|Sandstorm|[upkeep]
|-damage|p2a: Kickman|88/100 psn|[from] Sandstorm
|-heal|p2a: Kickman|94/100 psn|[from] Grassy Terrain
|-damage|p2a: Kickman|82/100 psn|[from] psn
|upkeep
|
|t:|1661033480
|switch|p1a: Doublade|Doublade, M|94/100
|-damage|p1a: Doublade|88/100|[from] Stealth Rock
|turn|30
|
|t:|1661033485
|move|p2a: Kickman|Knock Off|p1a: Doublade
|-supereffective|p1a: Doublade
|-damage|p1a: Doublade|54/100
|-enditem|p1a: Doublade|Eviolite|[from] move: Knock Off|[of] p2a: Kickman
|move|p1a: Doublade|Shadow Claw|p2a: Kickman
|-damage|p2a: Kickman|38/100 psn
|
|-weather|Sandstorm|[upkeep]
|-damage|p2a: Kickman|32/100 psn|[from] Sandstorm
|-heal|p2a: Kickman|38/100 psn|[from] Grassy Terrain
|-heal|p1a: Doublade|60/100|[from] Grassy Terrain
|-damage|p2a: Kickman|26/100 psn|[from] psn
|upkeep
|turn|31
|
|t:|1661033501
|move|p2a: Kickman|Knock Off|p1a: Doublade
|-supereffective|p1a: Doublade
|-damage|p1a: Doublade|27/100
|move|p1a: Doublade|Shadow Claw|p2a: Kickman
|-damage|p2a: Kickman|0 fnt
|faint|p2a: Kickman
|
|-weather|Sandstorm|[upkeep]
|-heal|p1a: Doublade|33/100|[from] Grassy Terrain
|upkeep
|
|t:|1661033516
|switch|p2a: Thwackey|Thwackey, M|76/100 psn
|-damage|p2a: Thwackey|63/100 psn|[from] Stealth Rock
|turn|32
|
|t:|1661033525
|switch|p1a: Weezing|Weezing, F|71/100
|-ability|p1a: Weezing|Neutralizing Gas
|-damage|p1a: Weezing|59/100|[from] Stealth Rock
|move|p2a: Thwackey|Knock Off|p1a: Weezing
|-damage|p1a: Weezing|42/100
|
|-weather|none
|-heal|p2a: Thwackey|69/100 psn|[from] Grassy Terrain
|-heal|p1a: Weezing|48/100|[from] Grassy Terrain
|-damage|p2a: Thwackey|57/100 psn|[from] psn
|-fieldend|move: Grassy Terrain
|upkeep
|turn|33
|
|t:|1661033540
|switch|p2a: Trevenant|Trevenant, F|51/100
|-damage|p2a: Trevenant|39/100|[from] Stealth Rock
|-status|p2a: Trevenant|psn
|move|p1a: Weezing|Clear Smog|p2a: Trevenant
|-damage|p2a: Trevenant|23/100 psn
|-clearboost|p2a: Trevenant
|
|-damage|p2a: Trevenant|11/100 psn|[from] psn
|upkeep
|turn|34
|
|t:|1661033559
|-end|p1a: Weezing|ability: Neutralizing Gas
|switch|p1a: Doublade|Doublade, M|33/100
|-damage|p1a: Doublade|27/100|[from] Stealth Rock
|move|p2a: Trevenant|Wood Hammer|p1a: Doublade
|-resisted|p1a: Doublade
|-damage|p1a: Doublade|0 fnt
|faint|p1a: Doublade
|-damage|p2a: Trevenant|3/100 psn|[from] Recoil
|
|-damage|p2a: Trevenant|0 fnt|[from] psn
|faint|p2a: Trevenant
|upkeep
|
|t:|1661033574
|switch|p2a: Blade|Scyther, F|88/100 brn
|switch|p1a: Scyther|Scyther, F|100/100
|turn|35
|
|t:|1661033582
|move|p2a: Blade|Dual Wingbeat|p1a: Scyther
|-supereffective|p1a: Scyther
|-damage|p1a: Scyther|62/100
|-supereffective|p1a: Scyther
|-damage|p1a: Scyther|19/100
|-hitcount|p1a: Scyther|2
|move|p1a: Scyther|Dual Wingbeat|p2a: Blade
|-supereffective|p2a: Blade
|-damage|p2a: Blade|3/100 brn
|-supereffective|p2a: Blade
|-damage|p2a: Blade|0 fnt
|faint|p2a: Blade
|-hitcount|p2: Blade|2
|
|upkeep
|
|t:|1661033593
|switch|p2a: Thwackey|Thwackey, M|57/100 psn
|-damage|p2a: Thwackey|44/100 psn|[from] Stealth Rock
|-fieldstart|move: Grassy Terrain|[from] ability: Grassy Surge|[of] p2a: Thwackey
|turn|36
|
|t:|1661033599
|move|p2a: Thwackey|Grassy Glide|p1a: Scyther
|-resisted|p1a: Scyther
|-damage|p1a: Scyther|1/100
|move|p1a: Scyther|U-turn|p2a: Thwackey
|-supereffective|p2a: Thwackey
|-crit|p2a: Thwackey
|-damage|p2a: Thwackey|0 fnt
|faint|p2a: Thwackey
|
|win|yandaud
|n|☆yandaud|yandaud
|n|☆Flamedood|flamedood
|n| Lanturn Sweeper|lanturnsweeper
