|j|☆HJAD
|j|☆zSpxdes
|player|p1|HJAD|lance-gen2|
|player|p2|zSpxdes|drake-gen3|
|teamsize|p1|6
|teamsize|p2|6
|gametype|singles
|gen|8
|tier|[Gen 8] PU
|clearpoke
|poke|p1|Mudbray, F|
|poke|p1|Roselia, M|
|poke|p1|Liepard, F|
|poke|p1|Persian, F|
|poke|p1|Machoke, F|
|poke|p1|Gastly, M|
|poke|p2|Silvally-*|
|poke|p2|Leafeon, F|
|poke|p2|Stonjourner, M|
|poke|p2|Mawile, F|
|poke|p2|Manectric, M|
|poke|p2|Mr. Mime, F|
|rule|Sleep Clause Mod: Limit one foe put to sleep
|rule|Species Clause: Limit one of each Pokémon
|rule|OHKO Clause: OHKO moves are banned
|rule|Evasion Moves Clause: Evasion moves are banned
|rule|Endless Battle Clause: Forcing endless battles is banned
|rule|HP Percentage Mod: HP is shown in percentages
|rule|Dynamax Clause: You cannot dynamax
|teampreview
|c|☆zSpxdes|hf
|c|☆HJAD|hf
|j| uhuhuhu7
|j| nieces pieces
|j| royesk
|j|+Specs Jigglypuff
|j| Lockjaw
|j| Tithonia Trance
|j| tlenit1
|j| Arlac
|j| wild drud
|j| Ismakhil
|j| Urusius
|c|☆zSpxdes|hf
|c|☆HJAD|so weird being scared of mane
|c|☆zSpxdes|oh wait
|c|☆HJAD|spent an entire gen ridiculing it
|c| Ismakhil|tu l'as déjà dit igo
|c|☆zSpxdes|i said it twice
|j|+Decem
|
|start
|switch|p1a: Mudbray|Mudbray, F|100/100
|switch|p2a: Mawile|Mawile, F|100/100
|turn|1
|
|move|p2a: Mawile|Knock Off|p1a: Mudbray
|-damage|p1a: Mudbray|77/100
|-ability|p1a: Mudbray|Stamina|boost
|-boost|p1a: Mudbray|def|1
|-enditem|p1a: Mudbray|Eviolite|[from] move: Knock Off|[of] p2a: Mawile
|-damage|p2a: Mawile|91/100|[from] item: Life Orb
|move|p1a: Mudbray|Stealth Rock|p2a: Mawile
|-sidestart|p2: zSpxdes|move: Stealth Rock
|
|upkeep
|turn|2
|
|switch|p2a: Leafeon|Leafeon, F|100/100
|-damage|p2a: Leafeon|88/100|[from] Stealth Rock
|move|p1a: Mudbray|Rock Tomb|p2a: Leafeon
|-damage|p2a: Leafeon|72/100
|-unboost|p2a: Leafeon|spe|1
|
|upkeep
|turn|3
|
|switch|p1a: Machoke|Machoke, F|100/100
|move|p2a: Leafeon|Leaf Blade|p1a: Machoke
|-damage|p1a: Machoke|69/100
|
|upkeep
|turn|4
|
|move|p2a: Leafeon|Knock Off|p1a: Machoke
|-resisted|p1a: Machoke
|-damage|p1a: Machoke|58/100
|-enditem|p1a: Machoke|Eviolite|[from] move: Knock Off|[of] p2a: Leafeon
|move|p1a: Machoke|Dynamic Punch|p2a: Leafeon
|-damage|p2a: Leafeon|41/100
|-start|p2a: Leafeon|confusion
|
|upkeep
|turn|5
|
|-activate|p2a: Leafeon|confusion
|move|p2a: Leafeon|Synthesis|p2a: Leafeon
|-heal|p2a: Leafeon|91/100
|move|p1a: Machoke|Dynamic Punch|p2a: Leafeon
|-crit|p2a: Leafeon
|-damage|p2a: Leafeon|37/100
|
|upkeep
|turn|6
|j| zoowi
|
|-end|p2a: Leafeon|confusion
|move|p2a: Leafeon|Synthesis|p2a: Leafeon
|-heal|p2a: Leafeon|87/100
|move|p1a: Machoke|Dynamic Punch|p2a: Leafeon
|-damage|p2a: Leafeon|55/100
|-start|p2a: Leafeon|confusion
|
|upkeep
|turn|7
|j| rw ◕‿◕
|j| KellyKafka
|
|-activate|p2a: Leafeon|confusion
|-damage|p2a: Leafeon|43/100|[from] confusion
|move|p1a: Machoke|Dynamic Punch|p2a: Leafeon
|-damage|p2a: Leafeon|6/100
|
|upkeep
|turn|8
|
|switch|p1a: Gastly|Gastly, M|100/100
|-end|p2a: Leafeon|confusion
|move|p2a: Leafeon|Synthesis|p2a: Leafeon
|-heal|p2a: Leafeon|56/100
|
|upkeep
|turn|9
|
|switch|p2a: Silvally|Silvally-Ground|100/100
|-damage|p2a: Silvally|94/100|[from] Stealth Rock
|move|p1a: Gastly|Shadow Ball|p2a: Silvally
|-damage|p2a: Silvally|72/100
|-unboost|p2a: Silvally|spd|1
|
|upkeep
|turn|10
|
|move|p1a: Gastly|Shadow Ball|p2a: Silvally
|-damage|p2a: Silvally|40/100
|-unboost|p2a: Silvally|spd|1
|move|p2a: Silvally|U-turn|p1a: Gastly
|-resisted|p1a: Gastly
|-damage|p1a: Gastly|86/100
|
|switch|p2a: Mr. Mime|Mr. Mime, F|100/100|[from]move: U-turn
|-damage|p2a: Mr. Mime|88/100|[from] Stealth Rock
|
|upkeep
|turn|11
|
|switch|p1a: Machoke|Machoke, F|58/100
|move|p2a: Mr. Mime|Dazzling Gleam|p1a: Machoke
|-supereffective|p1a: Machoke
|-damage|p1a: Machoke|0 fnt
|faint|p1a: Machoke
|
|upkeep
|l| royesk
|j| pabloaram
|
|switch|p1a: Roselia|Roselia, M|100/100
|turn|12
|
|switch|p2a: Mawile|Mawile, F|91/100
|-damage|p2a: Mawile|84/100|[from] Stealth Rock
|move|p1a: Roselia|Spikes|p2a: Mawile
|-sidestart|p2: zSpxdes|Spikes
|
|upkeep
|turn|13
|
|switch|p1a: Mudbray|Mudbray, F|77/100
|move|p2a: Mawile|Iron Head|p1a: Mudbray
|-damage|p1a: Mudbray|23/100
|-ability|p1a: Mudbray|Stamina|boost
|-boost|p1a: Mudbray|def|1
|
|upkeep
|turn|14
|
|move|p2a: Mawile|Iron Head|p1a: Mudbray
|-damage|p1a: Mudbray|0 fnt
|faint|p1a: Mudbray
|
|upkeep
|
|switch|p1a: Gastly|Gastly, M|86/100
|turn|15
|
|move|p1a: Gastly|Will-O-Wisp|p2a: Mawile
|-status|p2a: Mawile|brn
|move|p2a: Mawile|Iron Head|p1a: Gastly
|-damage|p1a: Gastly|0 fnt
|faint|p1a: Gastly
|
|-damage|p2a: Mawile|78/100 brn|[from] brn
|upkeep
|
|switch|p1a: Roselia|Roselia, M|100/100
|turn|16
|
|move|p2a: Mawile|Knock Off|p1a: Roselia
|-damage|p1a: Roselia|73/100
|-enditem|p1a: Roselia|Eviolite|[from] move: Knock Off|[of] p2a: Mawile
|-damage|p2a: Mawile|68/100 brn|[from] item: Life Orb
|move|p1a: Roselia|Giga Drain|p2a: Mawile
|-resisted|p2a: Mawile
|-damage|p2a: Mawile|37/100 brn
|-heal|p1a: Roselia|86/100|[from] drain|[of] p2a: Mawile
|
|-damage|p2a: Mawile|31/100 brn|[from] brn
|upkeep
|turn|17
|
|move|p2a: Mawile|Iron Head|p1a: Roselia
|-damage|p1a: Roselia|29/100
|move|p1a: Roselia|Spikes|p2a: Mawile
|-sidestart|p2: zSpxdes|Spikes
|
|-damage|p2a: Mawile|25/100 brn|[from] brn
|upkeep
|turn|18
|
|move|p2a: Mawile|Iron Head|p1a: Roselia
|-crit|p1a: Roselia
|-damage|p1a: Roselia|0 fnt
|faint|p1a: Roselia
|
|-damage|p2a: Mawile|19/100 brn|[from] brn
|upkeep
|
|switch|p1a: Liepard|Liepard, F|100/100
|turn|19
|
|move|p1a: Liepard|Dark Pulse|p2a: Mawile
|-resisted|p2a: Mawile
|-damage|p2a: Mawile|0 fnt
|faint|p2a: Mawile
|
|upkeep
|
|switch|p2a: Mr. Mime|Mr. Mime, F|88/100
|-damage|p2a: Mr. Mime|76/100|[from] Stealth Rock
|-damage|p2a: Mr. Mime|60/100|[from] Spikes
|turn|20
|
|switch|p1a: Persian|Persian, F|100/100
|move|p2a: Mr. Mime|Dazzling Gleam|p1a: Persian
|-damage|p1a: Persian|34/100
|
|upkeep
|turn|21
|
|switch|p2a: Stonjourner|Stonjourner, M|100/100
|-damage|p2a: Stonjourner|88/100|[from] Stealth Rock
|-damage|p2a: Stonjourner|71/100|[from] Spikes
|move|p1a: Persian|Fake Out|p2a: Stonjourner
|-resisted|p2a: Stonjourner
|-damage|p2a: Stonjourner|66/100
|-damage|p1a: Persian|17/100|[from] item: Rocky Helmet|[of] p2a: Stonjourner
|
|upkeep
|turn|22
|
|move|p1a: Persian|Double-Edge|p2a: Stonjourner
|-resisted|p2a: Stonjourner
|-damage|p2a: Stonjourner|53/100
|-damage|p1a: Persian|1/100|[from] item: Rocky Helmet|[of] p2a: Stonjourner
|-damage|p1a: Persian|0 fnt|[from] Recoil
|faint|p1a: Persian
|move|p2a: Stonjourner|Rock Tomb|p1: Persian|[notarget]
|-fail|p2a: Stonjourner
|
|upkeep
|
|switch|p1a: Liepard|Liepard, F|100/100
|turn|23
|
|move|p1a: Liepard|Dark Pulse|p2a: Stonjourner
|-damage|p2a: Stonjourner|0 fnt
|faint|p2a: Stonjourner
|
|upkeep
|c|☆HJAD|believe in the cat
|c|☆HJAD|and the cat will believe in u
|j| Prof.Otaku
|c| tlenit1|dogs>cats
|c| nieces pieces|just need a flinch on mane right
|c| zoowi|cat>dog
|c|+Specs Jigglypuff|U better be [redacted]
|c| uhuhuhu7|cat = dog
|c| rw ◕‿◕|cats > dogs
|
|switch|p2a: Manectric|Manectric, M|100/100
|-damage|p2a: Manectric|88/100|[from] Stealth Rock
|-damage|p2a: Manectric|71/100|[from] Spikes
|turn|24
|c| uhuhuhu7|what about when it's singular rw
|
|move|p1a: Liepard|Copycat|p1a: Liepard
|move|p1a: Liepard|Dark Pulse|p2a: Manectric|[from]Copycat
|-damage|p2a: Manectric|0 fnt
|faint|p2a: Manectric
|
|upkeep
|j| ALlCE
|c|☆zSpxdes|yeah
|c| nieces pieces|oh wtf
|c|+Specs Jigglypuff|He issssss
|c| nieces pieces|how did that kill
|c|☆zSpxdes|is that
|c|☆zSpxdes|black glasses?
|c| Tithonia Trance|glasses
|c|☆HJAD|ye
|j| Hibike Euphie
|c| nieces pieces|ohh
|c| rw ◕‿◕|frailectric
|c| nieces pieces|thats epic
|c|☆zSpxdes|roll was in my favor
|j| Lambovino
|c|☆HJAD|yea
|c|+Specs Jigglypuff|needs to see properly
|c|☆HJAD|252 SpA Black Glasses Liepard Dark Pulse vs. 0 HP / 4 SpD Manectric: 181-214 (64.4 - 76.1%) -- guaranteed 2HKO
|c| tlenit1|hjad **drops the mic**
|c|☆zSpxdes|252 SpA Black Glasses Liepard Dark Pulse vs. 0 HP / 4 SpD Manectric: 181-214 (64.4 - 76.1%) -- 43.8% chance to OHKO after Stealth Rock and 2 layers of Spikes
|c|☆HJAD|my odds were like 40% + flinch
|c| Ismakhil|c ok
|
|switch|p2a: Silvally|Silvally-Ground|40/100
|-damage|p2a: Silvally|24/100|[from] Spikes
|-damage|p2a: Silvally|18/100|[from] Stealth Rock
|turn|25
|c| Ismakhil|pk*
|c| ALlCE|did he kill back
|c|☆HJAD|if hes specs
|c|☆HJAD|yes
|c| ALlCE|wow liepard sux
|c| zoowi|rude
|
|move|p1a: Liepard|Copycat|p1a: Liepard
|move|p1a: Liepard|Dark Pulse|p2a: Silvally|[from]Copycat
|-damage|p2a: Silvally|0 fnt
|faint|p2a: Silvally
|
|upkeep
|l|+Specs Jigglypuff
|l| Lockjaw
|
|switch|p2a: Leafeon|Leafeon, F|56/100
|-damage|p2a: Leafeon|40/100|[from] Spikes
|-damage|p2a: Leafeon|27/100|[from] Stealth Rock
|turn|26
|
|move|p1a: Liepard|Copycat|p1a: Liepard
|move|p1a: Liepard|Dark Pulse|p2a: Leafeon|[from]Copycat
|-damage|p2a: Leafeon|0 fnt
|faint|p2a: Leafeon
|
|upkeep
|
|switch|p2a: Mr. Mime|Mr. Mime, F|60/100
|-damage|p2a: Mr. Mime|43/100|[from] Spikes
|-damage|p2a: Mr. Mime|31/100|[from] Stealth Rock
|turn|27
|
|move|p1a: Liepard|Copycat|p1a: Liepard
|move|p1a: Liepard|Dark Pulse|p2a: Mr. Mime|[from]Copycat
|-damage|p2a: Mr. Mime|0 fnt
|faint|p2a: Mr. Mime
|
|win|HJAD
|c|☆zSpxdes|ggs
|l| Hibike Euphie
|c|☆HJAD|ggs bro
|l| Arlac
|l| nieces pieces
|l| rw ◕‿◕
|l| zoowi
|c|☆zSpxdes|gl in next
|c|☆HJAD|ty
|l| KellyKafka
|l| ALlCE
|l| Urusius
|l|☆HJAD
