|j|☆EpicBibarel
|j|☆Datsun1995
|t:|1638990649
|gametype|singles
|player|p1|EpicBibarel|camper|1338
|player|p2|Datsun1995|worker|1350
|teamsize|p1|6
|teamsize|p2|6
|gen|8
|tier|[Gen 8] PU
|rated|
|rule|Sleep Clause Mod: Limit one foe put to sleep
|rule|Species Clause: Limit one of each Pokémon
|rule|OHKO Clause: OHKO moves are banned
|rule|Evasion Moves Clause: Evasion moves are banned
|rule|Endless Battle Clause: Forcing endless battles is banned
|rule|HP Percentage Mod: HP is shown in percentages
|rule|Dynamax Clause: You cannot dynamax
|clearpoke
|poke|p1|Shuckle, M|
|poke|p1|Articuno-Galar|
|poke|p1|Morpeko, F|
|poke|p1|Silvally-*|
|poke|p1|Ribombee, M|
|poke|p1|Lycanroc, M|
|poke|p2|Kabutops, F|
|poke|p2|Galvantula, M|
|poke|p2|Claydol|
|poke|p2|Cinccino, F|
|poke|p2|Perrserker, M|
|poke|p2|Charizard, F|
|teampreview
|inactive|Battle timer is ON: inactive players will automatically lose when time's up. (requested by Datsun1995)
|j| Urusius
|
|t:|1638990680
|start
|switch|p1a: Lycanroc|Lycanroc, M|100/100
|switch|p2a: Galvantula|Galvantula, M|100/100
|turn|1
|
|t:|1638990686
|move|p1a: Lycanroc|Stone Edge|p2a: Galvantula
|-supereffective|p2a: Galvantula
|-crit|p2a: Galvantula
|-enditem|p2a: Galvantula|Focus Sash
|-damage|p2a: Galvantula|1/100
|move|p2a: Galvantula|Sticky Web|p1a: Lycanroc
|-sidestart|p1: EpicBibarel|move: Sticky Web
|
|upkeep
|turn|2
|
|t:|1638990688
|move|p1a: Lycanroc|Stone Edge|p2a: Galvantula
|-supereffective|p2a: Galvantula
|-damage|p2a: Galvantula|0 fnt
|faint|p2a: Galvantula
|
|upkeep
|
|t:|1638990696
|switch|p2a: Perrserker|Perrserker, M|100/100
|turn|3
|
|t:|1638990700
|switch|p1a: Ribombee|Ribombee, M|100/100
|-activate|p1a: Ribombee|move: Sticky Web
|-unboost|p1a: Ribombee|spe|1
|move|p2a: Perrserker|Iron Head|p1a: Ribombee
|-supereffective|p1a: Ribombee
|-damage|p1a: Ribombee|0 fnt
|faint|p1a: Ribombee
|
|upkeep
|
|t:|1638990712
|switch|p1a: Morpeko|Morpeko, F|100/100
|turn|4
|
|t:|1638990716
|move|p1a: Morpeko|Rapid Spin|p2a: Perrserker
|-resisted|p2a: Perrserker
|-damage|p2a: Perrserker|94/100
|-boost|p1a: Morpeko|spe|1
|-sideend|p1: EpicBibarel|Sticky Web|[from] move: Rapid Spin|[of] p1a: Morpeko
|move|p2a: Perrserker|Iron Head|p1a: Morpeko
|-resisted|p1a: Morpeko
|-damage|p1a: Morpeko|21/100
|
|-formechange|p1a: Morpeko|Morpeko-Hangry||[from] ability: Hunger Switch
|upkeep
|turn|5
|
|t:|1638990719
|move|p1a: Morpeko|Aura Wheel|p2a: Perrserker
|-damage|p2a: Perrserker|45/100
|-boost|p1a: Morpeko|spe|1
|move|p2a: Perrserker|Iron Head|p1a: Morpeko
|-resisted|p1a: Morpeko
|-damage|p1a: Morpeko|0 fnt
|faint|p1a: Morpeko
|
|upkeep
|
|t:|1638990724
|switch|p1a: Lycanroc|Lycanroc, M|100/100
|turn|6
|
|t:|1638990728
|move|p1a: Lycanroc|Close Combat|p2a: Perrserker
|-supereffective|p2a: Perrserker
|-damage|p2a: Perrserker|0 fnt
|-unboost|p1a: Lycanroc|def|1
|-unboost|p1a: Lycanroc|spd|1
|faint|p2a: Perrserker
|
|upkeep
|
|t:|1638990733
|switch|p2a: Kabutops|Kabutops, F|100/100
|turn|7
|
|t:|1638990742
|move|p2a: Kabutops|Endure|p2a: Kabutops
|-singleturn|p2a: Kabutops|move: Endure
|move|p1a: Lycanroc|Close Combat|p2a: Kabutops
|-supereffective|p2a: Kabutops
|-activate|p2a: Kabutops|move: Endure
|-damage|p2a: Kabutops|1/100
|-unboost|p1a: Lycanroc|def|1
|-unboost|p1a: Lycanroc|spd|1
|-ability|p2a: Kabutops|Weak Armor|boost
|-unboost|p2a: Kabutops|def|1
|-boost|p2a: Kabutops|spe|2
|-enditem|p2a: Kabutops|Weakness Policy
|-boost|p2a: Kabutops|atk|2|[from] item: Weakness Policy
|-boost|p2a: Kabutops|spa|2|[from] item: Weakness Policy
|
|upkeep
|turn|8
|
|t:|1638990754
|switch|p1a: Articuno|Articuno-Galar|100/100
|move|p2a: Kabutops|Flail|p1a: Articuno
|-damage|p1a: Articuno|0 fnt
|faint|p1a: Articuno
|
|upkeep
|
|t:|1638990761
|switch|p1a: Lycanroc|Lycanroc, M|100/100
|turn|9
|
|t:|1638990766
|move|p2a: Kabutops|Aqua Jet|p1a: Lycanroc
|-supereffective|p1a: Lycanroc
|-damage|p1a: Lycanroc|0 fnt
|faint|p1a: Lycanroc
|
|upkeep
|
|t:|1638990769
|switch|p1a: Silvally|Silvally-Ghost|100/100
|turn|10
|
|t:|1638990774
|move|p2a: Kabutops|Stone Edge|p1a: Silvally|[miss]
|-miss|p2a: Kabutops|p1a: Silvally
|move|p1a: Silvally|Flame Charge|p2a: Kabutops
|-resisted|p2a: Kabutops
|-damage|p2a: Kabutops|0 fnt
|-boost|p1a: Silvally|spe|1
|faint|p2a: Kabutops
|
|upkeep
|
|t:|1638990783
|switch|p2a: Cinccino|Cinccino, F|100/100
|turn|11
|
|t:|1638990791
|move|p1a: Silvally|Swords Dance|p1a: Silvally
|-boost|p1a: Silvally|atk|2
|move|p2a: Cinccino|Rock Blast|p1a: Silvally
|-damage|p1a: Silvally|88/100
|-damage|p1a: Silvally|76/100
|-damage|p1a: Silvally|64/100
|-damage|p1a: Silvally|51/100
|-damage|p1a: Silvally|40/100
|-hitcount|p1a: Silvally|5
|
|upkeep
|turn|12
|
|t:|1638990793
|move|p1a: Silvally|Double-Edge|p2a: Cinccino
|-damage|p2a: Cinccino|0 fnt
|faint|p2a: Cinccino
|-damage|p1a: Silvally|11/100|[from] Recoil
|
|upkeep
|
|t:|1638990798
|switch|p2a: Claydol|Claydol|100/100
|turn|13
|
|t:|1638990802
|move|p1a: Silvally|Multi-Attack|p2a: Claydol
|-supereffective|p2a: Claydol
|-damage|p2a: Claydol|0 fnt
|faint|p2a: Claydol
|
|upkeep
|
|t:|1638990805
|switch|p2a: Charizard|Charizard, F|100/100
|turn|14
|
|t:|1638990808
|move|p1a: Silvally|Multi-Attack|p2a: Charizard
|-damage|p2a: Charizard|0 fnt
|faint|p2a: Charizard
|
|win|EpicBibarel
|raw|EpicBibarel's rating: 1338 &rarr; <strong>1359</strong><br />(+21 for winning)
|raw|Datsun1995's rating: 1350 &rarr; <strong>1329</strong><br />(-21 for losing)
|l|☆Datsun1995
|l|☆EpicBibarel
||Ladder isn't responding, score probably updated but might not have (Request timeout).
