|j|☆stump 123
|j|☆QiYu5
|t:|1663582394
|gametype|singles
|player|p1|stump 123|266|1244
|player|p2|QiYu5|drayden|1536
|teamsize|p1|6
|teamsize|p2|6
|gen|8
|tier|[Gen 8] PU
|rated|
|rule|Sleep Clause Mod: Limit one foe put to sleep
|rule|Species Clause: Limit one of each Pokémon
|rule|OHKO Clause: OHKO moves are banned
|rule|Evasion Items Clause: Evasion items are banned
|rule|Evasion Moves Clause: Evasion moves are banned
|rule|Endless Battle Clause: Forcing endless battles is banned
|rule|HP Percentage Mod: HP is shown in percentages
|rule|Dynamax Clause: You cannot dynamax
|clearpoke
|poke|p1|Comfey, F|
|poke|p1|Claydol|
|poke|p1|Doublade, M|
|poke|p1|Magneton|
|poke|p1|Coalossal, F|
|poke|p1|Lanturn, M|
|poke|p2|Aromatisse, F|
|poke|p2|Absol, M|
|poke|p2|Gigalith, F|
|poke|p2|Articuno-Galar|
|poke|p2|Sandslash, F|
|poke|p2|Eldegoss, M|
|teampreview
|
|t:|1663582399
|start
|switch|p1a: Claydol|Claydol|100/100
|switch|p2a: 死亡如风常伴吾身|Absol, M|100/100
|turn|1
|
|t:|1663582410
|move|p2a: 死亡如风常伴吾身|Knock Off|p1a: Claydol
|-supereffective|p1a: Claydol
|-enditem|p1a: Claydol|Colbur Berry|[eat]
|-enditem|p1a: Claydol|Colbur Berry|[weaken]
|-damage|p1a: Claydol|44/100
|move|p1a: Claydol|Scorching Sands|p2a: 死亡如风常伴吾身
|-damage|p2a: 死亡如风常伴吾身|67/100
|-status|p2a: 死亡如风常伴吾身|brn
|
|-damage|p2a: 死亡如风常伴吾身|61/100 brn|[from] brn
|upkeep
|turn|2
|
|t:|1663582417
|switch|p2a: 人生就得带点绿|Eldegoss, M|100/100
|move|p1a: Claydol|Stealth Rock|p2a: 人生就得带点绿
|-sidestart|p2: QiYu5|move: Stealth Rock
|
|upkeep
|turn|3
|
|t:|1663582422
|switch|p1a: Doublade|Doublade, M|100/100
|move|p2a: 人生就得带点绿|Aromatherapy|p2a: 人生就得带点绿
|-activate|p2a: 人生就得带点绿|move: Aromatherapy
|-curestatus|p2: 死亡如风常伴吾身|brn|[msg]
|
|upkeep
|turn|4
|
|t:|1663582427
|move|p2a: 人生就得带点绿|Sleep Powder|p1a: Doublade
|-status|p1a: Doublade|slp|[from] move: Sleep Powder
|cant|p1a: Doublade|slp
|
|upkeep
|turn|5
|
|t:|1663582431
|switch|p2a: 死亡如风常伴吾身|Absol, M|61/100
|-damage|p2a: 死亡如风常伴吾身|49/100|[from] Stealth Rock
|switch|p1a: Magneton|Magneton|100/100
|
|upkeep
|turn|6
|inactive|Battle timer is ON: inactive players will automatically lose when time's up. (requested by QiYu5)
|
|t:|1663582446
|move|p1a: Magneton|Substitute|p1a: Magneton
|-start|p1a: Magneton|Substitute
|-damage|p1a: Magneton|75/100
|move|p2a: 死亡如风常伴吾身|Knock Off|p1a: Magneton
|-crit|p1a: Magneton
|-end|p1a: Magneton|Substitute
|
|-heal|p1a: Magneton|82/100|[from] item: Leftovers
|upkeep
|turn|7
|
|t:|1663582462
|switch|p2a: 人生就得带点绿|Eldegoss, M|100/100
|-damage|p2a: 人生就得带点绿|88/100|[from] Stealth Rock
|move|p1a: Magneton|Discharge|p2a: 人生就得带点绿
|-resisted|p2a: 人生就得带点绿
|-damage|p2a: 人生就得带点绿|72/100
|
|-heal|p1a: Magneton|88/100|[from] item: Leftovers
|upkeep
|turn|8
|
|t:|1663582472
|switch|p2a: 全集中岩之呼吸|Gigalith, F|100/100
|-damage|p2a: 全集中岩之呼吸|88/100|[from] Stealth Rock
|-weather|Sandstorm|[from] ability: Sand Stream|[of] p2a: 全集中岩之呼吸
|move|p1a: Magneton|Substitute|p1a: Magneton
|-start|p1a: Magneton|Substitute
|-damage|p1a: Magneton|63/100
|
|-weather|Sandstorm|[upkeep]
|-heal|p1a: Magneton|69/100|[from] item: Leftovers
|-heal|p2a: 全集中岩之呼吸|94/100|[from] item: Leftovers
|upkeep
|turn|9
|
|t:|1663582474
|move|p1a: Magneton|Toxic|p2a: 全集中岩之呼吸
|-status|p2a: 全集中岩之呼吸|tox
|move|p2a: 全集中岩之呼吸|Rock Blast|p1a: Magneton
|-resisted|p1a: Magneton
|-activate|p1a: Magneton|move: Substitute|[damage]
|-resisted|p1a: Magneton
|-activate|p1a: Magneton|move: Substitute|[damage]
|-resisted|p1a: Magneton
|-activate|p1a: Magneton|move: Substitute|[damage]
|-resisted|p1a: Magneton
|-end|p1a: Magneton|Substitute
|-hitcount|p1a: Magneton|4
|
|-weather|Sandstorm|[upkeep]
|-heal|p1a: Magneton|75/100|[from] item: Leftovers
|-heal|p2a: 全集中岩之呼吸|100/100 tox|[from] item: Leftovers
|-damage|p2a: 全集中岩之呼吸|94/100 tox|[from] psn
|upkeep
|turn|10
|
|t:|1663582483
|move|p1a: Magneton|Substitute|p1a: Magneton
|-start|p1a: Magneton|Substitute
|-damage|p1a: Magneton|50/100
|move|p2a: 全集中岩之呼吸|Rock Blast|p1a: Magneton
|-resisted|p1a: Magneton
|-activate|p1a: Magneton|move: Substitute|[damage]
|-resisted|p1a: Magneton
|-activate|p1a: Magneton|move: Substitute|[damage]
|-resisted|p1a: Magneton
|-activate|p1a: Magneton|move: Substitute|[damage]
|-resisted|p1a: Magneton
|-end|p1a: Magneton|Substitute
|-resisted|p1a: Magneton
|-damage|p1a: Magneton|44/100
|-hitcount|p1a: Magneton|5
|
|-weather|Sandstorm|[upkeep]
|-heal|p1a: Magneton|50/100|[from] item: Leftovers
|-heal|p2a: 全集中岩之呼吸|100/100 tox|[from] item: Leftovers
|-damage|p2a: 全集中岩之呼吸|88/100 tox|[from] psn
|upkeep
|turn|11
|
|t:|1663582495
|move|p1a: Magneton|Substitute|p1a: Magneton
|-start|p1a: Magneton|Substitute
|-damage|p1a: Magneton|25/100
|move|p2a: 全集中岩之呼吸|Rock Blast|p1a: Magneton|[miss]
|-miss|p2a: 全集中岩之呼吸|p1a: Magneton
|
|-weather|Sandstorm|[upkeep]
|-heal|p1a: Magneton|31/100|[from] item: Leftovers
|-heal|p2a: 全集中岩之呼吸|94/100 tox|[from] item: Leftovers
|-damage|p2a: 全集中岩之呼吸|76/100 tox|[from] psn
|upkeep
|turn|12
|
|t:|1663582522
|move|p1a: Magneton|Charge Beam|p2a: 全集中岩之呼吸
|-damage|p2a: 全集中岩之呼吸|65/100 tox
|-boost|p1a: Magneton|spa|1
|move|p2a: 全集中岩之呼吸|Rock Blast|p1a: Magneton
|-resisted|p1a: Magneton
|-activate|p1a: Magneton|move: Substitute|[damage]
|-resisted|p1a: Magneton
|-activate|p1a: Magneton|move: Substitute|[damage]
|-hitcount|p1a: Magneton|2
|
|-weather|none
|-heal|p1a: Magneton|37/100|[from] item: Leftovers
|-heal|p2a: 全集中岩之呼吸|71/100 tox|[from] item: Leftovers
|-damage|p2a: 全集中岩之呼吸|47/100 tox|[from] psn
|upkeep
|turn|13
|
|t:|1663582535
|move|p1a: Magneton|Discharge|p2a: 全集中岩之呼吸
|-damage|p2a: 全集中岩之呼吸|8/100 tox
|move|p2a: 全集中岩之呼吸|Rock Blast|p1a: Magneton
|-resisted|p1a: Magneton
|-activate|p1a: Magneton|move: Substitute|[damage]
|-resisted|p1a: Magneton
|-end|p1a: Magneton|Substitute
|-resisted|p1a: Magneton
|-damage|p1a: Magneton|30/100
|-hitcount|p1a: Magneton|3
|
|-heal|p1a: Magneton|37/100|[from] item: Leftovers
|-heal|p2a: 全集中岩之呼吸|14/100 tox|[from] item: Leftovers
|-damage|p2a: 全集中岩之呼吸|0 fnt|[from] psn
|faint|p2a: 全集中岩之呼吸
|upkeep
|
|t:|1663582541
|switch|p2a: 窗外的麻雀在电线杆上啵嘴|Articuno-Galar|100/100
|-damage|p2a: 窗外的麻雀在电线杆上啵嘴|76/100|[from] Stealth Rock
|turn|14
|
|t:|1663582547
|move|p2a: 窗外的麻雀在电线杆上啵嘴|Freezing Glare|p1a: Magneton
|-resisted|p1a: Magneton
|-damage|p1a: Magneton|0 fnt
|faint|p1a: Magneton
|
|upkeep
|
|t:|1663582554
|switch|p1a: Doublade|Doublade, M|100/100 slp
|turn|15
|
|t:|1663582559
|switch|p2a: 死亡如风常伴吾身|Absol, M|49/100
|-damage|p2a: 死亡如风常伴吾身|37/100|[from] Stealth Rock
|cant|p1a: Doublade|slp
|
|upkeep
|turn|16
|
|t:|1663582566
|move|p2a: 死亡如风常伴吾身|Knock Off|p1a: Doublade
|-supereffective|p1a: Doublade
|-damage|p1a: Doublade|16/100 slp
|-enditem|p1a: Doublade|Eviolite|[from] move: Knock Off|[of] p2a: 死亡如风常伴吾身
|cant|p1a: Doublade|slp
|
|upkeep
|turn|17
|
|t:|1663582589
|-curestatus|p1a: Doublade|slp|[msg]
|move|p1a: Doublade|Shadow Sneak|p2a: 死亡如风常伴吾身
|-resisted|p2a: 死亡如风常伴吾身
|-damage|p2a: 死亡如风常伴吾身|22/100
|move|p2a: 死亡如风常伴吾身|Knock Off|p1a: Doublade
|-supereffective|p1a: Doublade
|-damage|p1a: Doublade|0 fnt
|faint|p1a: Doublade
|
|upkeep
|
|t:|1663582597
|switch|p1a: Comfey|Comfey, F|100/100
|turn|18
|
|t:|1663582620
|switch|p2a: 代表月亮消灭你|Aromatisse, F|100/100
|-damage|p2a: 代表月亮消灭你|88/100|[from] Stealth Rock
|move|p1a: Comfey|Calm Mind|p1a: Comfey
|-boost|p1a: Comfey|spa|1
|-boost|p1a: Comfey|spd|1
|
|-heal|p2a: 代表月亮消灭你|94/100|[from] item: Leftovers
|upkeep
|turn|19
|
|t:|1663582626
|move|p1a: Comfey|Calm Mind|p1a: Comfey
|-boost|p1a: Comfey|spa|1
|-boost|p1a: Comfey|spd|1
|move|p2a: 代表月亮消灭你|Calm Mind|p2a: 代表月亮消灭你
|-boost|p2a: 代表月亮消灭你|spa|1
|-boost|p2a: 代表月亮消灭你|spd|1
|
|-heal|p2a: 代表月亮消灭你|100/100|[from] item: Leftovers
|upkeep
|turn|20
|
|t:|1663582633
|move|p1a: Comfey|Calm Mind|p1a: Comfey
|-boost|p1a: Comfey|spa|1
|-boost|p1a: Comfey|spd|1
|move|p2a: 代表月亮消灭你|Calm Mind|p2a: 代表月亮消灭你
|-boost|p2a: 代表月亮消灭你|spa|1
|-boost|p2a: 代表月亮消灭你|spd|1
|
|upkeep
|turn|21
|
|t:|1663582635
|move|p1a: Comfey|Calm Mind|p1a: Comfey
|-boost|p1a: Comfey|spa|1
|-boost|p1a: Comfey|spd|1
|move|p2a: 代表月亮消灭你|Calm Mind|p2a: 代表月亮消灭你
|-boost|p2a: 代表月亮消灭你|spa|1
|-boost|p2a: 代表月亮消灭你|spd|1
|
|upkeep
|turn|22
|
|t:|1663582640
|move|p1a: Comfey|Calm Mind|p1a: Comfey
|-boost|p1a: Comfey|spa|1
|-boost|p1a: Comfey|spd|1
|move|p2a: 代表月亮消灭你|Calm Mind|p2a: 代表月亮消灭你
|-boost|p2a: 代表月亮消灭你|spa|1
|-boost|p2a: 代表月亮消灭你|spd|1
|
|upkeep
|turn|23
|
|t:|1663582642
|move|p1a: Comfey|Calm Mind|p1a: Comfey
|-boost|p1a: Comfey|spa|1
|-boost|p1a: Comfey|spd|1
|move|p2a: 代表月亮消灭你|Calm Mind|p2a: 代表月亮消灭你
|-boost|p2a: 代表月亮消灭你|spa|1
|-boost|p2a: 代表月亮消灭你|spd|1
|
|upkeep
|turn|24
|
|t:|1663582645
|move|p1a: Comfey|Stored Power|p2a: 代表月亮消灭你
|-damage|p2a: 代表月亮消灭你|33/100
|move|p2a: 代表月亮消灭你|Calm Mind|p2a: 代表月亮消灭你
|-boost|p2a: 代表月亮消灭你|spa|1
|-boost|p2a: 代表月亮消灭你|spd|1
|
|-heal|p2a: 代表月亮消灭你|39/100|[from] item: Leftovers
|upkeep
|turn|25
|
|t:|1663582651
|move|p1a: Comfey|Stored Power|p2a: 代表月亮消灭你
|-damage|p2a: 代表月亮消灭你|0 fnt
|faint|p2a: 代表月亮消灭你
|
|upkeep
|-message|QiYu5 forfeited.
|
|win|stump 123
|raw|stump 123's rating: 1244 &rarr; <strong>1287</strong><br />(+43 for winning)
|raw|QiYu5's rating: 1552 &rarr; <strong>1518</strong><br />(-34 for losing)
|l|☆QiYu5
||Ladder isn't responding, score probably updated but might not have (Request timeout).
