|j|☆Sarumenas
|j|☆TilascoAvara
|t:|1665870443
|gametype|singles
|player|p1|Sarumenas|ghetsis|1337
|player|p2|TilascoAvara|falkner|1265
|teamsize|p1|6
|teamsize|p2|6
|gen|8
|tier|[Gen 8] PU
|rated|
|rule|Sleep Clause Mod: Limit one foe put to sleep
|rule|Species Clause: Limit one of each Pokémon
|rule|OHKO Clause: OHKO moves are banned
|rule|Evasion Items Clause: Evasion items are banned
|rule|Evasion Moves Clause: Evasion moves are banned
|rule|Endless Battle Clause: Forcing endless battles is banned
|rule|HP Percentage Mod: HP is shown in percentages
|rule|Dynamax Clause: You cannot dynamax
|clearpoke
|poke|p1|Flareon, M|
|poke|p1|Mr. Rime, M|
|poke|p1|Accelgor, M|
|poke|p1|Armaldo, M|
|poke|p1|Cramorant, M|
|poke|p1|Coalossal, M|
|poke|p2|Eldegoss, M|
|poke|p2|Gigalith, M|
|poke|p2|Weezing, M|
|poke|p2|Sandslash, M|
|poke|p2|Lycanroc, F|
|poke|p2|Togedemaru, F|
|teampreview
|
|t:|1665870457
|start
|switch|p1a: Coalossal|Coalossal, M|100/100
|switch|p2a: Gigalith|Gigalith, M|100/100
|-weather|Sandstorm|[from] ability: Sand Stream|[of] p2a: Gigalith
|turn|1
|
|t:|1665870464
|move|p1a: Coalossal|Body Press|p2a: Gigalith
|-supereffective|p2a: Gigalith
|-damage|p2a: Gigalith|61/100
|move|p2a: Gigalith|Toxic|p1a: Coalossal
|-status|p1a: Coalossal|tox
|
|-weather|Sandstorm|[upkeep]
|-damage|p1a: Coalossal|94/100 tox|[from] psn
|upkeep
|turn|2
|
|t:|1665870472
|move|p1a: Coalossal|Ancient Power|p2a: Gigalith
|-damage|p2a: Gigalith|52/100
|move|p2a: Gigalith|Earthquake|p1a: Coalossal
|-supereffective|p1a: Coalossal
|-crit|p1a: Coalossal
|-damage|p1a: Coalossal|0 fnt
|faint|p1a: Coalossal
|
|-weather|Sandstorm|[upkeep]
|upkeep
|
|t:|1665870483
|switch|p1a: Flareon|Flareon, M|100/100
|turn|3
|
|t:|1665870494
|move|p1a: Flareon|Superpower|p2a: Gigalith
|-supereffective|p2a: Gigalith
|-damage|p2a: Gigalith|0 fnt
|-unboost|p1a: Flareon|atk|1
|-unboost|p1a: Flareon|def|1
|faint|p2a: Gigalith
|
|-weather|Sandstorm|[upkeep]
|-damage|p1a: Flareon|95/100|[from] Sandstorm
|upkeep
|inactive|Battle timer is ON: inactive players will automatically lose when time's up. (requested by Sarumenas)
|
|t:|1665870499
|switch|p2a: Jiraya|Sandslash, M, shiny|100/100
|turn|4
|
|t:|1665870514
|move|p2a: Jiraya|Earthquake|p1a: Flareon
|-supereffective|p1a: Flareon
|-damage|p1a: Flareon|0 fnt
|faint|p1a: Flareon
|-damage|p2a: Jiraya|91/100|[from] item: Life Orb
|
|-weather|Sandstorm|[upkeep]
|upkeep
|
|t:|1665870522
|switch|p1a: Armaldo|Armaldo, M|100/100
|turn|5
|
|t:|1665870536
|move|p2a: Jiraya|Swords Dance|p2a: Jiraya
|-boost|p2a: Jiraya|atk|2
|move|p1a: Armaldo|Knock Off|p2a: Jiraya
|-damage|p2a: Jiraya|53/100
|-enditem|p2a: Jiraya|Life Orb|[from] move: Knock Off|[of] p1a: Armaldo
|
|-weather|Sandstorm|[upkeep]
|upkeep
|turn|6
|
|t:|1665870544
|move|p2a: Jiraya|Earthquake|p1a: Armaldo
|-damage|p1a: Armaldo|2/100
|move|p1a: Armaldo|X-Scissor|p2a: Jiraya
|-damage|p2a: Jiraya|9/100
|
|-weather|Sandstorm|[upkeep]
|upkeep
|turn|7
|
|t:|1665870553
|move|p2a: Jiraya|Earthquake|p1a: Armaldo
|-damage|p1a: Armaldo|0 fnt
|faint|p1a: Armaldo
|
|-weather|Sandstorm|[upkeep]
|upkeep
|
|t:|1665870566
|switch|p1a: Mr. Rime|Mr. Rime, M|100/100
|turn|8
|
|t:|1665870586
|switch|p1a: Cramorant|Cramorant, M|100/100
|move|p2a: Jiraya|Rock Slide|p1a: Cramorant
|-supereffective|p1a: Cramorant
|-damage|p1a: Cramorant|0 fnt
|faint|p1a: Cramorant
|
|-weather|none
|upkeep
|
|t:|1665870597
|switch|p1a: Mr. Rime|Mr. Rime, M|100/100
|turn|9
|
|t:|1665870603
|move|p1a: Mr. Rime|Rapid Spin|p2a: Jiraya
|-damage|p2a: Jiraya|0 fnt
|-boost|p1a: Mr. Rime|spe|1
|faint|p2a: Jiraya
|
|upkeep
|
|t:|1665870615
|switch|p2a: Togedemaru|Togedemaru, F|100/100
|turn|10
|
|t:|1665870619
|move|p1a: Mr. Rime|Freeze-Dry|p2a: Togedemaru
|-resisted|p2a: Togedemaru
|-damage|p2a: Togedemaru|72/100
|move|p2a: Togedemaru|Iron Head|p1a: Mr. Rime
|-supereffective|p1a: Mr. Rime
|-damage|p1a: Mr. Rime|0 fnt
|faint|p1a: Mr. Rime
|
|upkeep
|
|t:|1665870625
|switch|p1a: Accelgor|Accelgor, M|100/100
|turn|11
|
|t:|1665870641
|move|p1a: Accelgor|Focus Blast|p2a: Togedemaru
|-supereffective|p2a: Togedemaru
|-damage|p2a: Togedemaru|0 fnt
|faint|p2a: Togedemaru
|
|upkeep
|
|t:|1665870654
|switch|p2a: Lycanroc|Lycanroc, F|100/100
|turn|12
|
|t:|1665870665
|move|p1a: Accelgor|Focus Blast|p2a: Lycanroc|[miss]
|-miss|p1a: Accelgor|p2a: Lycanroc
|move|p2a: Lycanroc|Stone Edge|p1a: Accelgor
|-supereffective|p1a: Accelgor
|-damage|p1a: Accelgor|0 fnt
|faint|p1a: Accelgor
|-damage|p2a: Lycanroc|91/100|[from] item: Life Orb
|
|win|TilascoAvara
|raw|Sarumenas's rating: 1337 &rarr; <strong>1313</strong><br />(-24 for losing)
|raw|TilascoAvara's rating: 1265 &rarr; <strong>1295</strong><br />(+30 for winning)
|l|☆Sarumenas
||Ladder isn't responding, score probably updated but might not have (Request timeout).
