|html|<div class="broadcast-blue"><strong>[Gen 8] PU is currently suspecting Exeggutor-Alola! For information on how to participate check out the <a href="https://www.smogon.com/forums/threads/np-pu-stage-6-hate-to-see-you-k-o-love-to-watch-you-leaf-storm.3686048/">suspect thread</a>.</strong></div>
|j|☆tla dumpling
|j|☆whiteskttlz
|t:|1623848486
|gametype|singles
|player|p1|tla dumpling|266|1328
|player|p2|whiteskttlz|burgh|1353
|teamsize|p1|6
|teamsize|p2|6
|gen|8
|tier|[Gen 8] PU
|rated|
|rule|Sleep Clause Mod: Limit one foe put to sleep
|rule|Species Clause: Limit one of each Pokémon
|rule|OHKO Clause: OHKO moves are banned
|rule|Evasion Moves Clause: Evasion moves are banned
|rule|Endless Battle Clause: Forcing endless battles is banned
|rule|HP Percentage Mod: HP is shown in percentages
|rule|Dynamax Clause: You cannot dynamax
|clearpoke
|poke|p1|Charizard, M|
|poke|p1|Trevenant, F|
|poke|p1|Aggron, F|
|poke|p1|Audino, M|
|poke|p1|Silvally-*|
|poke|p1|Heliolisk, M|
|poke|p2|Accelgor, F|
|poke|p2|Whimsicott, M|
|poke|p2|Claydol|
|poke|p2|Weezing, M|
|poke|p2|Raichu, F|
|poke|p2|Carracosta, F|
|teampreview
|
|t:|1623848502
|start
|switch|p1a: Trevenant|Trevenant, F|100/100
|switch|p2a: Carracosta|Carracosta, F|100/100
|turn|1
|
|t:|1623848507
|switch|p2a: Weezing|Weezing, M|100/100
|move|p1a: Trevenant|Horn Leech|p2a: Weezing
|-resisted|p2a: Weezing
|-damage|p2a: Weezing|77/100
|-damage|p1a: Trevenant|84/100|[from] item: Rocky Helmet|[of] p2a: Weezing
|
|upkeep
|turn|2
|
|t:|1623848515
|switch|p1a: Charizard|Charizard, M|100/100
|move|p2a: Weezing|Will-O-Wisp|p1a: Charizard
|-immune|p1a: Charizard
|
|upkeep
|turn|3
|
|t:|1623848526
|move|p2a: Weezing|Protect|p2a: Weezing
|-singleturn|p2a: Weezing|Protect
|move|p1a: Charizard|Mystical Fire|p2a: Weezing
|-activate|p2a: Weezing|move: Protect
|
|upkeep
|turn|4
|j| araidez
|
|t:|1623848543
|switch|p2a: Raichu|Raichu, F|100/100
|move|p1a: Charizard|Mystical Fire|p2a: Raichu
|-damage|p2a: Raichu|59/100
|-unboost|p2a: Raichu|spa|1
|
|upkeep
|turn|5
|
|t:|1623848553
|switch|p1a: Audino|Audino, M|100/100
|move|p2a: Raichu|Nasty Plot|p2a: Raichu
|-boost|p2a: Raichu|spa|2
|
|upkeep
|turn|6
|
|t:|1623848560
|move|p2a: Raichu|Thunderbolt|p1a: Audino
|-damage|p1a: Audino|55/100
|-damage|p2a: Raichu|49/100|[from] item: Life Orb
|move|p1a: Audino|Knock Off|p2a: Raichu
|-damage|p2a: Raichu|20/100
|-enditem|p2a: Raichu|Life Orb|[from] move: Knock Off|[of] p1a: Audino
|
|upkeep
|turn|7
|
|t:|1623848570
|move|p2a: Raichu|Thunderbolt|p1a: Audino
|-damage|p1a: Audino|15/100
|-status|p1a: Audino|par
|cant|p1a: Audino|par
|
|upkeep
|turn|8
|
|t:|1623848579
|move|p2a: Raichu|Thunderbolt|p1a: Audino
|-damage|p1a: Audino|0 fnt
|faint|p1a: Audino
|
|upkeep
|
|t:|1623848586
|switch|p1a: Heliolisk|Heliolisk, M|100/100
|turn|9
|
|t:|1623848592
|move|p1a: Heliolisk|Hyper Voice|p2a: Raichu
|-damage|p2a: Raichu|0 fnt
|faint|p2a: Raichu
|
|upkeep
|
|t:|1623848604
|switch|p2a: Accelgor|Accelgor, F|100/100
|turn|10
|
|t:|1623848612
|switch|p1a: Charizard|Charizard, M|100/100
|move|p2a: Accelgor|Bug Buzz|p1a: Charizard
|-resisted|p1a: Charizard
|-crit|p1a: Charizard
|-damage|p1a: Charizard|85/100
|-enditem|p2a: Accelgor|Throat Spray
|-boost|p2a: Accelgor|spa|1|[from] item: Throat Spray
|
|upkeep
|turn|11
|
|t:|1623848619
|move|p2a: Accelgor|Sludge Bomb|p1a: Charizard
|-crit|p1a: Charizard
|-damage|p1a: Charizard|18/100
|move|p1a: Charizard|Mystical Fire|p2a: Accelgor
|-supereffective|p2a: Accelgor
|-damage|p2a: Accelgor|0 fnt
|faint|p2a: Accelgor
|
|upkeep
|
|t:|1623848626
|switch|p2a: Carracosta|Carracosta, F|100/100
|turn|12
|
|t:|1623848629
|move|p2a: Carracosta|Aqua Jet|p1a: Charizard
|-supereffective|p1a: Charizard
|-damage|p1a: Charizard|0 fnt
|faint|p1a: Charizard
|
|upkeep
|j| Meujeuh
|
|t:|1623848637
|switch|p1a: Trevenant|Trevenant, F|84/100
|turn|13
|
|t:|1623848641
|move|p1a: Trevenant|Wood Hammer|p2a: Carracosta
|-supereffective|p2a: Carracosta
|-ability|p2a: Carracosta|Sturdy
|-damage|p2a: Carracosta|1/100
|-enditem|p2a: Carracosta|Weakness Policy
|-boost|p2a: Carracosta|atk|2|[from] item: Weakness Policy
|-boost|p2a: Carracosta|spa|2|[from] item: Weakness Policy
|-damage|p1a: Trevenant|54/100|[from] Recoil
|move|p2a: Carracosta|Stone Edge|p1a: Trevenant
|-damage|p1a: Trevenant|0 fnt
|faint|p1a: Trevenant
|
|upkeep
|
|t:|1623848645
|switch|p1a: Heliolisk|Heliolisk, M|100/100
|turn|14
|
|t:|1623848654
|move|p2a: Carracosta|Aqua Jet|p1a: Heliolisk
|-immune|p1a: Heliolisk|[from] ability: Dry Skin
|move|p1a: Heliolisk|Hyper Voice|p2a: Carracosta
|-resisted|p2a: Carracosta
|-damage|p2a: Carracosta|0 fnt
|faint|p2a: Carracosta
|
|upkeep
|
|t:|1623848661
|switch|p2a: Claydol|Claydol|100/100
|turn|15
|
|t:|1623848675
|switch|p1a: Silvally|Silvally-Fairy|100/100
|move|p2a: Claydol|Earth Power|p1a: Silvally
|-damage|p1a: Silvally|66/100
|
|upkeep
|turn|16
|
|t:|1623848682
|switch|p2a: Weezing|Weezing, M|77/100
|move|p1a: Silvally|Multi-Attack|p2a: Weezing
|-resisted|p2a: Weezing
|-damage|p2a: Weezing|55/100
|-damage|p1a: Silvally|49/100|[from] item: Rocky Helmet|[of] p2a: Weezing
|
|upkeep
|turn|17
|
|t:|1623848689
|switch|p1a: Heliolisk|Heliolisk, M|100/100
|move|p2a: Weezing|Will-O-Wisp|p1a: Heliolisk
|-status|p1a: Heliolisk|brn
|
|-damage|p1a: Heliolisk|94/100 brn|[from] brn
|upkeep
|turn|18
|
|t:|1623848697
|move|p2a: Weezing|Protect|p2a: Weezing
|-singleturn|p2a: Weezing|Protect
|move|p1a: Heliolisk|Hyper Voice|p2a: Weezing
|-activate|p2a: Weezing|move: Protect
|
|-damage|p1a: Heliolisk|88/100 brn|[from] brn
|upkeep
|turn|19
|
|t:|1623848704
|switch|p2a: Claydol|Claydol|100/100
|move|p1a: Heliolisk|Hyper Voice|p2a: Claydol
|-damage|p2a: Claydol|77/100
|
|-damage|p1a: Heliolisk|82/100 brn|[from] brn
|upkeep
|turn|20
|
|t:|1623848712
|move|p1a: Heliolisk|Hyper Voice|p2a: Claydol
|-damage|p2a: Claydol|50/100
|move|p2a: Claydol|Earth Power|p1a: Heliolisk
|-supereffective|p1a: Heliolisk
|-damage|p1a: Heliolisk|0 fnt
|faint|p1a: Heliolisk
|
|upkeep
|
|t:|1623848718
|switch|p1a: Silvally|Silvally-Fairy|49/100
|turn|21
|
|t:|1623848723
|switch|p2a: Weezing|Weezing, M|55/100
|move|p1a: Silvally|Swords Dance|p1a: Silvally
|-boost|p1a: Silvally|atk|2
|
|upkeep
|turn|22
|
|t:|1623848729
|move|p1a: Silvally|Rock Slide|p2a: Weezing
|-damage|p2a: Weezing|15/100
|move|p2a: Weezing|Clear Smog|p1a: Silvally
|-supereffective|p1a: Silvally
|-damage|p1a: Silvally|17/100
|-clearboost|p1a: Silvally
|
|upkeep
|turn|23
|
|t:|1623848737
|move|p1a: Silvally|Rock Slide|p2a: Weezing
|-damage|p2a: Weezing|0 fnt
|faint|p2a: Weezing
|
|upkeep
|
|t:|1623848744
|switch|p2a: Whimsicott|Whimsicott, M|100/100
|turn|24
|
|t:|1623848747
|switch|p1a: Aggron|Aggron, F|100/100
|move|p2a: Whimsicott|Moonblast|p1a: Aggron
|-resisted|p1a: Aggron
|-damage|p1a: Aggron|82/100
|
|-heal|p1a: Aggron|88/100|[from] item: Leftovers
|upkeep
|turn|25
|
|t:|1623848754
|switch|p1a: Silvally|Silvally-Fairy|17/100
|move|p2a: Whimsicott|Leech Seed|p1a: Silvally
|-start|p1a: Silvally|move: Leech Seed
|
|-damage|p1a: Silvally|4/100|[from] Leech Seed|[of] p2a: Whimsicott
|upkeep
|turn|26
|
|t:|1623848760
|switch|p1a: Aggron|Aggron, F|88/100
|move|p2a: Whimsicott|Substitute|p2a: Whimsicott
|-start|p2a: Whimsicott|Substitute
|-damage|p2a: Whimsicott|76/100
|
|-heal|p2a: Whimsicott|82/100|[from] item: Leftovers
|-heal|p1a: Aggron|94/100|[from] item: Leftovers
|upkeep
|turn|27
|
|t:|1623848768
|move|p2a: Whimsicott|Leech Seed|p1a: Aggron
|-start|p1a: Aggron|move: Leech Seed
|move|p1a: Aggron|Body Press|p2a: Whimsicott
|-resisted|p2a: Whimsicott
|-activate|p2a: Whimsicott|move: Substitute|[damage]
|
|-heal|p2a: Whimsicott|88/100|[from] item: Leftovers
|-heal|p1a: Aggron|99/100|[from] item: Leftovers
|-damage|p1a: Aggron|87/100|[from] Leech Seed|[of] p2a: Whimsicott
|-heal|p2a: Whimsicott|100/100|[silent]
|upkeep
|turn|28
|
|t:|1623848779
|move|p2a: Whimsicott|Moonblast|p1a: Aggron
|-resisted|p1a: Aggron
|-damage|p1a: Aggron|69/100
|move|p1a: Aggron|Iron Defense|p1a: Aggron
|-boost|p1a: Aggron|def|2
|
|-heal|p1a: Aggron|75/100|[from] item: Leftovers
|-damage|p1a: Aggron|62/100|[from] Leech Seed|[of] p2a: Whimsicott
|upkeep
|turn|29
|
|t:|1623848787
|move|p2a: Whimsicott|Encore|p1a: Aggron
|-start|p1a: Aggron|Encore
|move|p1a: Aggron|Iron Defense|p1a: Aggron
|-boost|p1a: Aggron|def|2
|
|-heal|p1a: Aggron|69/100|[from] item: Leftovers
|-damage|p1a: Aggron|56/100|[from] Leech Seed|[of] p2a: Whimsicott
|upkeep
|turn|30
|-message|tla dumpling forfeited.
|
|win|whiteskttlz
|raw|tla dumpling's rating: 1328 &rarr; <strong>1309</strong><br />(-19 for losing)
|raw|whiteskttlz's rating: 1353 &rarr; <strong>1372</strong><br />(+19 for winning)
|l|☆tla dumpling
|l|☆whiteskttlz
|l| Meujeuh
