|j|☆QiYu5
|j|☆Rupin3003
|t:|1661750864
|gametype|singles
|player|p1|QiYu5|drayden|1451
|player|p2|Rupin3003|hilbert|1405
|teamsize|p1|6
|teamsize|p2|6
|gen|8
|tier|[Gen 8] PU
|rated|
|rule|Sleep Clause Mod: Limit one foe put to sleep
|rule|Species Clause: Limit one of each Pokémon
|rule|OHKO Clause: OHKO moves are banned
|rule|Evasion Items Clause: Evasion items are banned
|rule|Evasion Moves Clause: Evasion moves are banned
|rule|Endless Battle Clause: Forcing endless battles is banned
|rule|HP Percentage Mod: HP is shown in percentages
|rule|Dynamax Clause: You cannot dynamax
|clearpoke
|poke|p1|Thwackey, M|
|poke|p1|Gigalith, F|
|poke|p1|Silvally-*|
|poke|p1|Magneton|
|poke|p1|Cinccino, M|
|poke|p1|Aromatisse, F|
|poke|p2|Magneton|
|poke|p2|Doublade, F|
|poke|p2|Silvally-*|
|poke|p2|Galvantula, F|
|poke|p2|Scyther, M|
|poke|p2|Gurdurr, M|
|teampreview
|inactive|Battle timer is ON: inactive players will automatically lose when time's up. (requested by Rupin3003)
|inactive|QiYu5 has 120 seconds left.
|
|t:|1661750899
|start
|switch|p1a: 你出现在我诗的每一页|Cinccino, M|100/100
|switch|p2a: Galvantula|Galvantula, F, shiny|100/100
|turn|1
|
|t:|1661750907
|switch|p2a: Doublade|Doublade, F, shiny|100/100
|move|p1a: 你出现在我诗的每一页|Rock Blast|p2a: Doublade
|-resisted|p2a: Doublade
|-damage|p2a: Doublade|98/100
|-resisted|p2a: Doublade
|-damage|p2a: Doublade|95/100
|-resisted|p2a: Doublade
|-damage|p2a: Doublade|93/100
|-resisted|p2a: Doublade
|-damage|p2a: Doublade|90/100
|-resisted|p2a: Doublade
|-damage|p2a: Doublade|88/100
|-hitcount|p2a: Doublade|5
|-damage|p1a: 你出现在我诗的每一页|91/100|[from] item: Life Orb
|
|upkeep
|turn|2
|
|t:|1661750912
|switch|p1a: 如果我是Dj你会爱我吗|Silvally-Poison|100/100
|move|p2a: Doublade|Swords Dance|p2a: Doublade
|-boost|p2a: Doublade|atk|2
|
|upkeep
|turn|3
|
|t:|1661750918
|move|p1a: 如果我是Dj你会爱我吗|Flamethrower|p2a: Doublade
|-supereffective|p2a: Doublade
|-damage|p2a: Doublade|42/100
|move|p2a: Doublade|Iron Head|p1a: 如果我是Dj你会爱我吗
|-damage|p1a: 如果我是Dj你会爱我吗|43/100
|
|upkeep
|turn|4
|
|t:|1661750927
|move|p2a: Doublade|Shadow Sneak|p1a: 如果我是Dj你会爱我吗
|-damage|p1a: 如果我是Dj你会爱我吗|16/100
|move|p1a: 如果我是Dj你会爱我吗|Parting Shot|p2a: Doublade
|-unboost|p2a: Doublade|atk|1
|-unboost|p2a: Doublade|spa|1
|
|t:|1661750932
|switch|p1a: 都说要戴套啦|Magneton|100/100|[from]move: Parting Shot
|
|upkeep
|turn|5
|
|t:|1661750940
|switch|p2a: Galvantula|Galvantula, F, shiny|100/100
|move|p1a: 都说要戴套啦|Thunderbolt|p2a: Galvantula
|-resisted|p2a: Galvantula
|-damage|p2a: Galvantula|46/100
|
|upkeep
|turn|6
|
|t:|1661750944
|move|p2a: Galvantula|Sticky Web|p1a: 都说要戴套啦
|-sidestart|p1: QiYu5|move: Sticky Web
|move|p1a: 都说要戴套啦|Thunderbolt|p2a: Galvantula
|-resisted|p2a: Galvantula
|-damage|p2a: Galvantula|0 fnt
|faint|p2a: Galvantula
|
|upkeep
|
|t:|1661750953
|switch|p2a: Gurdurr|Gurdurr, M|100/100
|turn|7
|
|t:|1661750960
|move|p1a: 都说要戴套啦|Volt Switch|p2a: Gurdurr
|-damage|p2a: Gurdurr|61/100
|
|t:|1661750964
|switch|p1a: 你身上还有她的香水味|Aromatisse, F|100/100|[from]move: Volt Switch
|-activate|p1a: 你身上还有她的香水味|move: Sticky Web
|-unboost|p1a: 你身上还有她的香水味|spe|1
|move|p2a: Gurdurr|Knock Off|p1a: 你身上还有她的香水味
|-resisted|p1a: 你身上还有她的香水味
|-damage|p1a: 你身上还有她的香水味|88/100
|-enditem|p1a: 你身上还有她的香水味|Leftovers|[from] move: Knock Off|[of] p2a: Gurdurr
|
|upkeep
|turn|8
|
|t:|1661750969
|switch|p2a: Doublade|Doublade, F, shiny|42/100
|move|p1a: 你身上还有她的香水味|Wish|p1a: 你身上还有她的香水味
|
|upkeep
|turn|9
|
|t:|1661750976
|switch|p1a: 都说要戴套啦|Magneton|100/100
|-activate|p1a: 都说要戴套啦|move: Sticky Web
|-unboost|p1a: 都说要戴套啦|spe|1
|move|p2a: Doublade|Iron Head|p1a: 都说要戴套啦
|-resisted|p1a: 都说要戴套啦
|-damage|p1a: 都说要戴套啦|91/100
|
|-heal|p1a: 都说要戴套啦|100/100|[from] move: Wish|[wisher] 你身上还有她的香水味
|upkeep
|turn|10
|
|t:|1661750983
|move|p1a: 都说要戴套啦|Volt Switch|p2a: Doublade
|-damage|p2a: Doublade|0 fnt
|faint|p2a: Doublade
|
|t:|1661750997
|switch|p1a: 哥哥我一个滑铲|Thwackey, M|100/100|[from]move: Volt Switch
|-activate|p1a: 哥哥我一个滑铲|move: Sticky Web
|-unboost|p1a: 哥哥我一个滑铲|spe|1
|-fieldstart|move: Grassy Terrain|[from] ability: Grassy Surge|[of] p1a: 哥哥我一个滑铲
|
|upkeep
|
|t:|1661751007
|switch|p2a: Scyther|Scyther, M|100/100
|turn|11
|
|t:|1661751012
|move|p2a: Scyther|Swords Dance|p2a: Scyther
|-boost|p2a: Scyther|atk|2
|move|p1a: 哥哥我一个滑铲|Knock Off|p2a: Scyther
|-damage|p2a: Scyther|79/100
|-enditem|p2a: Scyther|Eviolite|[from] move: Knock Off|[of] p1a: 哥哥我一个滑铲
|
|upkeep
|turn|12
|
|t:|1661751019
|switch|p1a: 如果我是Dj你会爱我吗|Silvally-Poison|16/100
|-activate|p1a: 如果我是Dj你会爱我吗|move: Sticky Web
|-unboost|p1a: 如果我是Dj你会爱我吗|spe|1
|move|p2a: Scyther|Bug Bite|p1a: 如果我是Dj你会爱我吗
|-resisted|p1a: 如果我是Dj你会爱我吗
|-damage|p1a: 如果我是Dj你会爱我吗|0 fnt
|faint|p1a: 如果我是Dj你会爱我吗
|
|upkeep
|
|t:|1661751021
|switch|p1a: 全集中岩之呼吸|Gigalith, F|100/100
|-activate|p1a: 全集中岩之呼吸|move: Sticky Web
|-unboost|p1a: 全集中岩之呼吸|spe|1
|-weather|Sandstorm|[from] ability: Sand Stream|[of] p1a: 全集中岩之呼吸
|turn|13
|
|t:|1661751045
|switch|p2a: Gurdurr|Gurdurr, M|61/100
|move|p1a: 全集中岩之呼吸|Rock Blast|p2a: Gurdurr
|-resisted|p2a: Gurdurr
|-damage|p2a: Gurdurr|57/100
|-resisted|p2a: Gurdurr
|-damage|p2a: Gurdurr|53/100
|-resisted|p2a: Gurdurr
|-damage|p2a: Gurdurr|49/100
|-resisted|p2a: Gurdurr
|-damage|p2a: Gurdurr|45/100
|-resisted|p2a: Gurdurr
|-damage|p2a: Gurdurr|41/100
|-hitcount|p2a: Gurdurr|5
|
|-weather|Sandstorm|[upkeep]
|-damage|p2a: Gurdurr|35/100|[from] Sandstorm
|-heal|p2a: Gurdurr|41/100|[from] Grassy Terrain
|upkeep
|turn|14
|
|t:|1661751050
|switch|p2a: Magneton|Magneton|100/100
|move|p1a: 全集中岩之呼吸|Stealth Rock|p2a: Magneton
|-sidestart|p2: Rupin3003|move: Stealth Rock
|
|-weather|Sandstorm|[upkeep]
|-fieldend|move: Grassy Terrain
|upkeep
|turn|15
|
|t:|1661751058
|move|p2a: Magneton|Substitute|p2a: Magneton
|-start|p2a: Magneton|Substitute
|-damage|p2a: Magneton|76/100
|move|p1a: 全集中岩之呼吸|Rock Blast|p2a: Magneton
|-resisted|p2a: Magneton
|-activate|p2a: Magneton|move: Substitute|[damage]
|-resisted|p2a: Magneton
|-crit|p2a: Magneton
|-activate|p2a: Magneton|move: Substitute|[damage]
|-hitcount|p2a: Magneton|2
|
|-weather|Sandstorm|[upkeep]
|upkeep
|turn|16
|
|t:|1661751065
|move|p2a: Magneton|Flash Cannon|p1a: 全集中岩之呼吸
|-supereffective|p1a: 全集中岩之呼吸
|-damage|p1a: 全集中岩之呼吸|57/100
|move|p1a: 全集中岩之呼吸|Rock Blast|p2a: Magneton
|-resisted|p2a: Magneton
|-activate|p2a: Magneton|move: Substitute|[damage]
|-resisted|p2a: Magneton
|-activate|p2a: Magneton|move: Substitute|[damage]
|-hitcount|p2a: Magneton|2
|
|-weather|Sandstorm|[upkeep]
|-heal|p1a: 全集中岩之呼吸|63/100|[from] item: Leftovers
|upkeep
|turn|17
|
|t:|1661751070
|move|p1a: 全集中岩之呼吸|Protect|p1a: 全集中岩之呼吸
|-singleturn|p1a: 全集中岩之呼吸|Protect
|move|p2a: Magneton|Flash Cannon|p1a: 全集中岩之呼吸
|-activate|p1a: 全集中岩之呼吸|move: Protect
|
|-weather|none
|-heal|p1a: 全集中岩之呼吸|69/100|[from] item: Leftovers
|upkeep
|turn|18
|
|t:|1661751072
|switch|p1a: 都说要戴套啦|Magneton|100/100
|-activate|p1a: 都说要戴套啦|move: Sticky Web
|-unboost|p1a: 都说要戴套啦|spe|1
|move|p2a: Magneton|Flash Cannon|p1a: 都说要戴套啦
|-resisted|p1a: 都说要戴套啦
|-damage|p1a: 都说要戴套啦|84/100
|
|upkeep
|turn|19
|
|t:|1661751080
|move|p2a: Magneton|Discharge|p1a: 都说要戴套啦
|-resisted|p1a: 都说要戴套啦
|-crit|p1a: 都说要戴套啦
|-damage|p1a: 都说要戴套啦|50/100
|move|p1a: 都说要戴套啦|Thunderbolt|p2a: Magneton
|-resisted|p2a: Magneton
|-end|p2a: Magneton|Substitute
|
|upkeep
|turn|20
|
|t:|1661751093
|move|p2a: Magneton|Discharge|p1a: 都说要戴套啦
|-resisted|p1a: 都说要戴套啦
|-damage|p1a: 都说要戴套啦|25/100
|move|p1a: 都说要戴套啦|Thunderbolt|p2a: Magneton
|-resisted|p2a: Magneton
|-damage|p2a: Magneton|43/100
|
|upkeep
|turn|21
|
|t:|1661751100
|move|p2a: Magneton|Discharge|p1a: 都说要戴套啦
|-resisted|p1a: 都说要戴套啦
|-damage|p1a: 都说要戴套啦|0 fnt
|faint|p1a: 都说要戴套啦
|
|upkeep
|
|t:|1661751104
|switch|p1a: 你出现在我诗的每一页|Cinccino, M|91/100
|-activate|p1a: 你出现在我诗的每一页|move: Sticky Web
|-unboost|p1a: 你出现在我诗的每一页|spe|1
|turn|22
|
|t:|1661751112
|move|p1a: 你出现在我诗的每一页|Tail Slap|p2a: Magneton|[miss]
|-miss|p1a: 你出现在我诗的每一页|p2a: Magneton
|move|p2a: Magneton|Discharge|p1a: 你出现在我诗的每一页
|-damage|p1a: 你出现在我诗的每一页|0 fnt
|faint|p1a: 你出现在我诗的每一页
|
|upkeep
|
|t:|1661751116
|switch|p1a: 哥哥我一个滑铲|Thwackey, M|100/100
|-activate|p1a: 哥哥我一个滑铲|move: Sticky Web
|-unboost|p1a: 哥哥我一个滑铲|spe|1
|-fieldstart|move: Grassy Terrain|[from] ability: Grassy Surge|[of] p1a: 哥哥我一个滑铲
|turn|23
|j| KanelaEmPO
|
|t:|1661751121
|switch|p2a: Gurdurr|Gurdurr, M|41/100
|-damage|p2a: Gurdurr|35/100|[from] Stealth Rock
|move|p1a: 哥哥我一个滑铲|Swords Dance|p1a: 哥哥我一个滑铲
|-boost|p1a: 哥哥我一个滑铲|atk|2
|
|-heal|p2a: Gurdurr|41/100|[from] Grassy Terrain
|upkeep
|turn|24
|
|t:|1661751126
|move|p1a: 哥哥我一个滑铲|Swords Dance|p1a: 哥哥我一个滑铲
|-boost|p1a: 哥哥我一个滑铲|atk|2
|move|p2a: Gurdurr|Knock Off|p1a: 哥哥我一个滑铲
|-damage|p1a: 哥哥我一个滑铲|68/100
|-enditem|p1a: 哥哥我一个滑铲|Eviolite|[from] move: Knock Off|[of] p2a: Gurdurr
|
|-heal|p1a: 哥哥我一个滑铲|74/100|[from] Grassy Terrain
|-heal|p2a: Gurdurr|48/100|[from] Grassy Terrain
|upkeep
|turn|25
|
|t:|1661751133
|move|p1a: 哥哥我一个滑铲|Grassy Glide|p2a: Gurdurr
|-damage|p2a: Gurdurr|0 fnt
|faint|p2a: Gurdurr
|
|-heal|p1a: 哥哥我一个滑铲|80/100|[from] Grassy Terrain
|upkeep
|
|t:|1661751136
|switch|p2a: Scyther|Scyther, M|79/100
|-damage|p2a: Scyther|29/100|[from] Stealth Rock
|turn|26
|
|t:|1661751140
|move|p1a: 哥哥我一个滑铲|Grassy Glide|p2a: Scyther
|-resisted|p2a: Scyther
|-damage|p2a: Scyther|0 fnt
|faint|p2a: Scyther
|
|-heal|p1a: 哥哥我一个滑铲|86/100|[from] Grassy Terrain
|upkeep
|
|t:|1661751145
|switch|p2a: Silvally|Silvally-Grass|100/100
|-damage|p2a: Silvally|88/100|[from] Stealth Rock
|turn|27
|
|t:|1661751152
|move|p2a: Silvally|Multi-Attack|p1a: 哥哥我一个滑铲
|-resisted|p1a: 哥哥我一个滑铲
|-damage|p1a: 哥哥我一个滑铲|26/100
|move|p1a: 哥哥我一个滑铲|U-turn|p2a: Silvally
|-supereffective|p2a: Silvally
|-damage|p2a: Silvally|0 fnt
|faint|p2a: Silvally
|
|t:|1661751161
|switch|p1a: 全集中岩之呼吸|Gigalith, F|69/100|[from]move: U-turn
|-activate|p1a: 全集中岩之呼吸|move: Sticky Web
|-unboost|p1a: 全集中岩之呼吸|spe|1
|-weather|Sandstorm|[from] ability: Sand Stream|[of] p1a: 全集中岩之呼吸
|
|-weather|Sandstorm|[upkeep]
|-heal|p1a: 全集中岩之呼吸|76/100|[from] Grassy Terrain
|-heal|p1a: 全集中岩之呼吸|82/100|[from] item: Leftovers
|-fieldend|move: Grassy Terrain
|upkeep
|
|t:|1661751164
|switch|p2a: Magneton|Magneton|43/100
|-damage|p2a: Magneton|37/100|[from] Stealth Rock
|turn|28
|
|t:|1661751173
|move|p2a: Magneton|Substitute|p2a: Magneton
|-start|p2a: Magneton|Substitute
|-damage|p2a: Magneton|12/100
|move|p1a: 全集中岩之呼吸|Rock Blast|p2a: Magneton
|-resisted|p2a: Magneton
|-activate|p2a: Magneton|move: Substitute|[damage]
|-resisted|p2a: Magneton
|-crit|p2a: Magneton
|-activate|p2a: Magneton|move: Substitute|[damage]
|-resisted|p2a: Magneton
|-activate|p2a: Magneton|move: Substitute|[damage]
|-hitcount|p2a: Magneton|3
|
|-weather|Sandstorm|[upkeep]
|-heal|p1a: 全集中岩之呼吸|88/100|[from] item: Leftovers
|upkeep
|turn|29
|
|t:|1661751184
|move|p2a: Magneton|Flash Cannon|p1a: 全集中岩之呼吸
|-supereffective|p1a: 全集中岩之呼吸
|-damage|p1a: 全集中岩之呼吸|41/100
|move|p1a: 全集中岩之呼吸|Rock Blast|p2a: Magneton
|-resisted|p2a: Magneton
|-activate|p2a: Magneton|move: Substitute|[damage]
|-resisted|p2a: Magneton
|-activate|p2a: Magneton|move: Substitute|[damage]
|-resisted|p2a: Magneton
|-crit|p2a: Magneton
|-end|p2a: Magneton|Substitute
|-hitcount|p2a: Magneton|3
|
|-weather|Sandstorm|[upkeep]
|-heal|p1a: 全集中岩之呼吸|47/100|[from] item: Leftovers
|upkeep
|turn|30
|
|t:|1661751203
|move|p1a: 全集中岩之呼吸|Protect|p1a: 全集中岩之呼吸
|-singleturn|p1a: 全集中岩之呼吸|Protect
|move|p2a: Magneton|Flash Cannon|p1a: 全集中岩之呼吸
|-activate|p1a: 全集中岩之呼吸|move: Protect
|
|-weather|Sandstorm|[upkeep]
|-heal|p1a: 全集中岩之呼吸|54/100|[from] item: Leftovers
|upkeep
|turn|31
|
|t:|1661751207
|move|p2a: Magneton|Flash Cannon|p1a: 全集中岩之呼吸
|-supereffective|p1a: 全集中岩之呼吸
|-damage|p1a: 全集中岩之呼吸|5/100
|move|p1a: 全集中岩之呼吸|Rock Blast|p2a: Magneton
|-resisted|p2a: Magneton
|-damage|p2a: Magneton|8/100
|-resisted|p2a: Magneton
|-damage|p2a: Magneton|3/100
|-hitcount|p2a: Magneton|2
|
|-weather|none
|-heal|p1a: 全集中岩之呼吸|11/100|[from] item: Leftovers
|upkeep
|turn|32
|
|t:|1661751215
|move|p2a: Magneton|Flash Cannon|p1a: 全集中岩之呼吸
|-supereffective|p1a: 全集中岩之呼吸
|-damage|p1a: 全集中岩之呼吸|0 fnt
|faint|p1a: 全集中岩之呼吸
|
|upkeep
|
|t:|1661751217
|switch|p1a: 哥哥我一个滑铲|Thwackey, M|26/100
|-activate|p1a: 哥哥我一个滑铲|move: Sticky Web
|-unboost|p1a: 哥哥我一个滑铲|spe|1
|-fieldstart|move: Grassy Terrain|[from] ability: Grassy Surge|[of] p1a: 哥哥我一个滑铲
|turn|33
|c| KanelaEmPO|Hello, you can pass your team? i will try this tier
|
|t:|1661751224
|move|p1a: 哥哥我一个滑铲|Grassy Glide|p2a: Magneton
|-resisted|p2a: Magneton
|-damage|p2a: Magneton|0 fnt
|faint|p2a: Magneton
|
|win|QiYu5
|raw|QiYu5's rating: 1451 &rarr; <strong>1468</strong><br />(+17 for winning)
|raw|Rupin3003's rating: 1405 &rarr; <strong>1388</strong><br />(-17 for losing)
|c| KanelaEmPO|Forma
|c| KanelaEmPO|Format
|l|☆QiYu5
