|j|☆pabloaram
|j|☆TimBasedGod
|player|p1|pabloaram|pokemaniac|1267
|player|p2|TimBasedGod|rood|1352
|teamsize|p1|6
|teamsize|p2|6
|gametype|singles
|gen|8
|tier|[Gen 8] PU
|rated|
|clearpoke
|poke|p1|Appletun, M|
|poke|p1|Klang|
|poke|p1|Silvally-*|
|poke|p1|Manectric, M|
|poke|p1|Mr. Rime, M|
|poke|p1|Throh, M|
|poke|p2|Mr. Rime, M|
|poke|p2|Persian, M|
|poke|p2|Gloom, F|
|poke|p2|Klang|
|poke|p2|Ludicolo, M|
|poke|p2|Falinks|
|rule|Sleep Clause Mod: Limit one foe put to sleep
|rule|Species Clause: Limit one of each Pokémon
|rule|OHKO Clause: OHKO moves are banned
|rule|Evasion Moves Clause: Evasion moves are banned
|rule|Endless Battle Clause: Forcing endless battles is banned
|rule|HP Percentage Mod: HP is shown in percentages
|rule|Dynamax Clause: You cannot dynamax
|teampreview
|c|☆TimBasedGod|klang gang
|
|start
|switch|p1a: Catcher|Silvally-Bug, shiny|100/100
|switch|p2a: Persian|Persian, M|100/100
|turn|1
|inactive|Battle timer is ON: inactive players will automatically lose when time's up. (requested by TimBasedGod)
|c|☆pabloaram|klang gang
|
|switch|p1a: Mechanism|Klang, shiny|100/100
|move|p2a: Persian|Fake Out|p1a: Mechanism
|-resisted|p1a: Mechanism
|-damage|p1a: Mechanism|93/100
|
|upkeep
|turn|2
|
|switch|p1a: Yudoka|Throh, M, shiny|100/100
|move|p2a: Persian|Knock Off|p1a: Yudoka
|-resisted|p1a: Yudoka
|-damage|p1a: Yudoka|89/100
|-enditem|p1a: Yudoka|Flame Orb|[from] move: Knock Off|[of] p2a: Persian
|
|upkeep
|turn|3
|
|move|p2a: Persian|U-turn|p1a: Yudoka
|-resisted|p1a: Yudoka
|-damage|p1a: Yudoka|79/100
|
|switch|p2a: Gloom|Gloom, F|100/100|[from]move: U-turn
|move|p1a: Yudoka|Knock Off|p2a: Gloom
|-damage|p2a: Gloom|80/100
|-enditem|p2a: Gloom|Eviolite|[from] move: Knock Off|[of] p1a: Yudoka
|
|upkeep
|turn|4
|
|switch|p1a: Apple Pie|Appletun, M|100/100
|move|p2a: Gloom|Leech Seed|p1a: Apple Pie
|-immune|p1a: Apple Pie
|
|upkeep
|turn|5
|inactive|pabloaram has 120 seconds left.
|
|switch|p1a: Manyetrick|Manectric, M, shiny|100/100
|move|p2a: Gloom|Infestation|p1a: Manyetrick
|-damage|p1a: Manyetrick|93/100
|-activate|p1a: Manyetrick|move: Infestation|[of] p2a: Gloom
|
|-damage|p1a: Manyetrick|80/100|[from] move: Infestation|[partiallytrapped]
|upkeep
|turn|6
|
|switch|p2a: Ludicolo|Ludicolo, M|100/100
|move|p1a: Manyetrick|Volt Switch|p2a: Ludicolo
|-damage|p2a: Ludicolo|64/100
|
|switch|p1a: Catcher|Silvally-Bug, shiny|100/100|[from]move: Volt Switch
|
|upkeep
|turn|7
|
|switch|p2a: Gloom|Gloom, F|80/100
|move|p1a: Catcher|U-turn|p2a: Gloom
|-damage|p2a: Gloom|48/100
|
|switch|p1a: Apple Pie|Appletun, M|100/100|[from]move: U-turn
|
|upkeep
|turn|8
|
|move|p1a: Apple Pie|Draco Meteor|p2a: Gloom
|-damage|p2a: Gloom|0 fnt
|-unboost|p1a: Apple Pie|spa|2
|faint|p2a: Gloom
|
|upkeep
|
|switch|p2a: Klang|Klang|100/100
|turn|9
|
|switch|p1a: Manyetrick|Manectric, M, shiny|80/100
|move|p2a: Klang|Toxic|p1a: Manyetrick
|-status|p1a: Manyetrick|tox
|
|-damage|p1a: Manyetrick|74/100 tox|[from] psn
|upkeep
|turn|10
|
|move|p2a: Klang|Protect|p2a: Klang
|-singleturn|p2a: Klang|Protect
|move|p1a: Manyetrick|Volt Switch|p2a: Klang
|-activate|p2a: Klang|move: Protect
|
|-damage|p1a: Manyetrick|62/100 tox|[from] psn
|upkeep
|turn|11
|
|move|p1a: Manyetrick|Volt Switch|p2a: Klang
|-damage|p2a: Klang|83/100
|
|switch|p1a: Yudoka|Throh, M, shiny|79/100|[from]move: Volt Switch
|move|p2a: Klang|Toxic|p1a: Yudoka
|-status|p1a: Yudoka|tox
|
|-damage|p1a: Yudoka|73/100 tox|[from] psn
|upkeep
|turn|12
|
|move|p2a: Klang|Protect|p2a: Klang
|-singleturn|p2a: Klang|Protect
|move|p1a: Yudoka|Superpower|p2a: Klang
|-activate|p2a: Klang|move: Protect
|
|-damage|p1a: Yudoka|61/100 tox|[from] psn
|upkeep
|turn|13
|
|switch|p2a: Ludicolo|Ludicolo, M|64/100
|move|p1a: Yudoka|Superpower|p2a: Ludicolo
|-damage|p2a: Ludicolo|0 fnt
|-unboost|p1a: Yudoka|atk|1
|-unboost|p1a: Yudoka|def|1
|faint|p2a: Ludicolo
|
|-damage|p1a: Yudoka|43/100 tox|[from] psn
|upkeep
|
|switch|p2a: Persian|Persian, M|100/100
|turn|14
|
|switch|p1a: Mechanism|Klang, shiny|93/100
|move|p2a: Persian|Fake Out|p1a: Mechanism
|-resisted|p1a: Mechanism
|-damage|p1a: Mechanism|85/100
|
|upkeep
|turn|15
|
|switch|p1a: Yudoka|Throh, M, shiny|43/100 tox
|move|p2a: Persian|Knock Off|p1a: Yudoka
|-resisted|p1a: Yudoka
|-damage|p1a: Yudoka|34/100 tox
|
|-damage|p1a: Yudoka|28/100 tox|[from] psn
|upkeep
|turn|16
|
|move|p2a: Persian|U-turn|p1a: Yudoka
|-resisted|p1a: Yudoka
|-crit|p1a: Yudoka
|-damage|p1a: Yudoka|15/100 tox
|
|switch|p2a: Mr. Rime|Mr. Rime, M|100/100|[from]move: U-turn
|move|p1a: Yudoka|Superpower|p2a: Mr. Rime
|-damage|p2a: Mr. Rime|0 fnt
|-unboost|p1a: Yudoka|atk|1
|-unboost|p1a: Yudoka|def|1
|faint|p2a: Mr. Rime
|
|-damage|p1a: Yudoka|3/100 tox|[from] psn
|upkeep
|
|switch|p2a: Persian|Persian, M|100/100
|turn|17
|
|switch|p1a: Mechanism|Klang, shiny|85/100
|move|p2a: Persian|U-turn|p1a: Mechanism
|-resisted|p1a: Mechanism
|-damage|p1a: Mechanism|80/100
|
|switch|p2a: Falinks|Falinks|100/100|[from]move: U-turn
|
|upkeep
|turn|18
|
|switch|p1a: Catcher|Silvally-Bug, shiny|100/100
|move|p2a: Falinks|No Retreat|p2a: Falinks
|-boost|p2a: Falinks|atk|1
|-boost|p2a: Falinks|def|1
|-boost|p2a: Falinks|spa|1
|-boost|p2a: Falinks|spd|1
|-boost|p2a: Falinks|spe|1
|-start|p2a: Falinks|move: No Retreat
|
|upkeep
|turn|19
|
|move|p2a: Falinks|Swords Dance|p2a: Falinks
|-boost|p2a: Falinks|atk|2
|move|p1a: Catcher|Flamethrower|p2a: Falinks
|-damage|p2a: Falinks|77/100
|
|upkeep
|turn|20
|
|move|p2a: Falinks|Throat Chop|p1a: Catcher
|-damage|p1a: Catcher|29/100
|-start|p1a: Catcher|Throat Chop|[silent]
|move|p1a: Catcher|Flamethrower|p2a: Falinks
|-damage|p2a: Falinks|53/100
|
|upkeep
|turn|21
|
|move|p2a: Falinks|Throat Chop|p1a: Catcher
|-damage|p1a: Catcher|0 fnt
|faint|p1a: Catcher
|
|upkeep
|j| BigConns
|inactive|pabloaram has 120 seconds left.
|inactive|pabloaram has 90 seconds left.
|
|switch|p1a: Apple Pie|Appletun, M|100/100
|turn|22
|
|move|p2a: Falinks|Close Combat|p1a: Apple Pie
|-damage|p1a: Apple Pie|0 fnt
|-unboost|p2a: Falinks|def|1
|-unboost|p2a: Falinks|spd|1
|faint|p1a: Apple Pie
|
|upkeep
|
|switch|p1a: Manyetrick|Manectric, M, shiny|62/100 tox
|turn|23
|
|move|p1a: Manyetrick|Thunderbolt|p2a: Falinks
|-damage|p2a: Falinks|0 fnt
|faint|p2a: Falinks
|
|-damage|p1a: Manyetrick|56/100 tox|[from] psn
|upkeep
|
|switch|p2a: Persian|Persian, M|100/100
|turn|24
|inactive|pabloaram has 90 seconds left.
|
|switch|p1a: Mechanism|Klang, shiny|80/100
|move|p2a: Persian|U-turn|p1a: Mechanism
|-resisted|p1a: Mechanism
|-damage|p1a: Mechanism|75/100
|
|switch|p2a: Klang|Klang|83/100|[from]move: U-turn
|
|upkeep
|turn|25
|inactive|pabloaram has 90 seconds left.
|
|switch|p1a: Yudoka|Throh, M, shiny|3/100 tox
|move|p2a: Klang|Bind|p1a: Yudoka
|-damage|p1a: Yudoka|0 fnt
|faint|p1a: Yudoka
|
|upkeep
|inactive|pabloaram has 90 seconds left.
|
|switch|p1a: Manyetrick|Manectric, M, shiny|56/100 tox
|turn|26
|inactive|pabloaram has 90 seconds left.
|
|move|p2a: Klang|Protect|p2a: Klang
|-singleturn|p2a: Klang|Protect
|move|p1a: Manyetrick|Switcheroo|p2a: Klang
|-activate|p2a: Klang|move: Protect
|
|-damage|p1a: Manyetrick|50/100 tox|[from] psn
|upkeep
|turn|27
|
|switch|p2a: Persian|Persian, M|100/100
|move|p1a: Manyetrick|Switcheroo|p2a: Persian
|-activate|p1a: Manyetrick|move: Trick|[of] p2a: Persian
|-item|p2a: Persian|Choice Scarf|[from] move: Switcheroo
|-item|p1a: Manyetrick|Silk Scarf|[from] move: Switcheroo
|
|-damage|p1a: Manyetrick|38/100 tox|[from] psn
|upkeep
|turn|28
|
|switch|p1a: Mechanism|Klang, shiny|75/100
|move|p2a: Persian|U-turn|p1a: Mechanism
|-resisted|p1a: Mechanism
|-damage|p1a: Mechanism|69/100
|
|switch|p2a: Klang|Klang|83/100|[from]move: U-turn
|
|upkeep
|turn|29
|l| BigConns
|
|move|p1a: Mechanism|Shift Gear|p1a: Mechanism
|-boost|p1a: Mechanism|spe|2
|-boost|p1a: Mechanism|atk|1
|move|p2a: Klang|Bind|p1a: Mechanism
|-resisted|p1a: Mechanism
|-damage|p1a: Mechanism|68/100
|-activate|p1a: Mechanism|move: Bind|[of] p2a: Klang
|
|-damage|p1a: Mechanism|56/100|[from] move: Bind|[partiallytrapped]
|upkeep
|turn|30
|
|move|p1a: Mechanism|Shift Gear|p1a: Mechanism
|-boost|p1a: Mechanism|spe|2
|-boost|p1a: Mechanism|atk|1
|move|p2a: Klang|Discharge|p1a: Mechanism
|-damage|p1a: Mechanism|46/100
|-status|p1a: Mechanism|par
|
|-damage|p1a: Mechanism|34/100 par|[from] move: Bind|[partiallytrapped]
|upkeep
|turn|31
|
|move|p2a: Klang|Protect|p2a: Klang
|-singleturn|p2a: Klang|Protect
|cant|p1a: Mechanism|par
|
|-damage|p1a: Mechanism|21/100 par|[from] move: Bind|[partiallytrapped]
|upkeep
|turn|32
|
|move|p1a: Mechanism|Rest|p1a: Mechanism
|-status|p1a: Mechanism|slp|[from] move: Rest
|-heal|p1a: Mechanism|100/100 slp|[silent]
|move|p2a: Klang|Discharge|p1a: Mechanism
|-damage|p1a: Mechanism|89/100 slp
|
|-damage|p1a: Mechanism|77/100 slp|[from] move: Bind|[partiallytrapped]
|upkeep
|turn|33
|
|switch|p2a: Persian|Persian, M|100/100
|cant|p1a: Mechanism|slp
|move|p1a: Mechanism|Sleep Talk|p1a: Mechanism
|move|p1a: Mechanism|Shift Gear|p1a: Mechanism|[from]Sleep Talk
|-boost|p1a: Mechanism|spe|2
|-boost|p1a: Mechanism|atk|1
|
|-end|p1a: Mechanism|Bind|[partiallytrapped]|[silent]
|upkeep
|turn|34
|
|cant|p1a: Mechanism|slp
|move|p1a: Mechanism|Sleep Talk|p1a: Mechanism
|move|p1a: Mechanism|Rest|p1a: Mechanism|[from]Sleep Talk
|-fail|p1a: Mechanism
|move|p2a: Persian|Knock Off|p1a: Mechanism
|-damage|p1a: Mechanism|63/100 slp
|-enditem|p1a: Mechanism|Eviolite|[from] move: Knock Off|[of] p2a: Persian
|
|upkeep
|turn|35
|
|switch|p2a: Klang|Klang|83/100
|-curestatus|p1a: Mechanism|slp|[msg]
|move|p1a: Mechanism|Gear Grind|p2a: Klang
|-resisted|p2a: Klang
|-damage|p2a: Klang|69/100
|-resisted|p2a: Klang
|-damage|p2a: Klang|56/100
|-hitcount|p2a: Klang|2
|
|upkeep
|turn|36
|
|move|p1a: Mechanism|Gear Grind|p2a: Klang
|-resisted|p2a: Klang
|-damage|p2a: Klang|43/100
|-resisted|p2a: Klang
|-crit|p2a: Klang
|-damage|p2a: Klang|23/100
|-hitcount|p2a: Klang|2
|move|p2a: Klang|Bind|p1a: Mechanism
|-resisted|p1a: Mechanism
|-damage|p1a: Mechanism|62/100
|-activate|p1a: Mechanism|move: Bind|[of] p2a: Klang
|
|-damage|p1a: Mechanism|49/100|[from] move: Bind|[partiallytrapped]
|upkeep
|turn|37
|
|move|p1a: Mechanism|Rest|p1a: Mechanism
|-status|p1a: Mechanism|slp|[from] move: Rest
|-heal|p1a: Mechanism|100/100 slp|[silent]
|move|p2a: Klang|Discharge|p1a: Mechanism
|-damage|p1a: Mechanism|84/100 slp
|
|-damage|p1a: Mechanism|72/100 slp|[from] move: Bind|[partiallytrapped]
|upkeep
|turn|38
|
|cant|p1a: Mechanism|slp
|move|p1a: Mechanism|Sleep Talk|p1a: Mechanism
|move|p1a: Mechanism|Shift Gear|p1a: Mechanism|[from]Sleep Talk
|-boost|p1a: Mechanism|spe|0
|-boost|p1a: Mechanism|atk|1
|move|p2a: Klang|Discharge|p1a: Mechanism
|-damage|p1a: Mechanism|56/100 slp
|
|-damage|p1a: Mechanism|43/100 slp|[from] move: Bind|[partiallytrapped]
|upkeep
|turn|39
|
|cant|p1a: Mechanism|slp
|move|p1a: Mechanism|Sleep Talk|p1a: Mechanism
|move|p1a: Mechanism|Shift Gear|p1a: Mechanism|[from]Sleep Talk
|-boost|p1a: Mechanism|spe|0
|-boost|p1a: Mechanism|atk|1
|move|p2a: Klang|Discharge|p1a: Mechanism
|-damage|p1a: Mechanism|29/100 slp
|
|-damage|p1a: Mechanism|16/100 slp|[from] move: Bind|[partiallytrapped]
|upkeep
|turn|40
|
|-curestatus|p1a: Mechanism|slp|[msg]
|move|p1a: Mechanism|Gear Grind|p2a: Klang
|-resisted|p2a: Klang
|-crit|p2a: Klang
|-damage|p2a: Klang|0 fnt
|-hitcount|p2a: Klang|1
|faint|p2a: Klang
|
|-end|p1a: Mechanism|Bind|[partiallytrapped]
|upkeep
|
|switch|p2a: Persian|Persian, M|100/100
|turn|41
|
|move|p1a: Mechanism|Gear Grind|p2a: Persian
|-damage|p2a: Persian|13/100
|-damage|p2a: Persian|0 fnt
|-hitcount|p2a: Persian|2
|faint|p2a: Persian
|
|win|pabloaram
|raw|pabloaram's rating: 1267 &rarr; <strong>1298</strong><br />(+31 for winning)
|raw|TimBasedGod's rating: 1353 &rarr; <strong>1328</strong><br />(-25 for losing)
