|j|☆acluh1
|j|☆Insector84
|t:|1665264026
|gametype|singles
|player|p1|acluh1|karen|
|player|p2|Insector84|acetrainer-gen2|
|teamsize|p1|6
|teamsize|p2|6
|gen|8
|tier|[Gen 8] PU
|rule|Sleep Clause Mod: Limit one foe put to sleep
|rule|Species Clause: Limit one of each Pokémon
|rule|OHKO Clause: OHKO moves are banned
|rule|Evasion Items Clause: Evasion items are banned
|rule|Evasion Moves Clause: Evasion moves are banned
|rule|Endless Battle Clause: Forcing endless battles is banned
|rule|HP Percentage Mod: HP is shown in percentages
|rule|Dynamax Clause: You cannot dynamax
|clearpoke
|poke|p1|Charizard, M|
|poke|p1|Gigalith, M|
|poke|p1|Trevenant, M|
|poke|p1|Sandaconda, M|
|poke|p1|Whimsicott, F|
|poke|p1|Wishiwashi, M|
|poke|p2|Absol, F|
|poke|p2|Cofagrigus, M|
|poke|p2|Lanturn, M|
|poke|p2|Silvally-*|
|poke|p2|Jolteon, M|
|poke|p2|Cinccino, F|
|teampreview
|inactive|Battle timer is ON: inactive players will automatically lose when time's up. (requested by acluh1)
|c|☆Insector84|gl hf
|c|☆acluh1|gl
|inactive|acluh1 has 270 seconds left.
|inactive|Insector84 has 270 seconds left.
|
|t:|1665264074
|start
|switch|p1a: Wishiwashi|Wishiwashi, M, shiny|100/100
|switch|p2a: Cinccino|Cinccino, F|100/100
|-formechange|p1a: Wishiwashi|Wishiwashi-School||[from] ability: Schooling
|turn|1
|
|t:|1665264089
|move|p2a: Cinccino|Bullet Seed|p1a: Wishiwashi
|-supereffective|p1a: Wishiwashi
|-damage|p1a: Wishiwashi|84/100
|-supereffective|p1a: Wishiwashi
|-damage|p1a: Wishiwashi|68/100
|-supereffective|p1a: Wishiwashi
|-damage|p1a: Wishiwashi|53/100
|-supereffective|p1a: Wishiwashi
|-damage|p1a: Wishiwashi|37/100
|-supereffective|p1a: Wishiwashi
|-damage|p1a: Wishiwashi|22/100
|-hitcount|p1a: Wishiwashi|5
|move|p1a: Wishiwashi|U-turn|p2a: Cinccino
|-damage|p2a: Cinccino|64/100
|
|t:|1665264093
|switch|p1a: Whimsicott|Whimsicott, F, shiny|100/100|[from]move: U-turn
|
|upkeep
|turn|2
|
|t:|1665264108
|switch|p2a: Silvally|Silvally-Poison|100/100
|move|p1a: Whimsicott|Moonblast|p2a: Silvally
|-resisted|p2a: Silvally
|-damage|p2a: Silvally|79/100
|
|upkeep
|turn|3
|
|t:|1665264120
|switch|p1a: Sandaconda|Sandaconda, M, shiny|100/100
|move|p2a: Silvally|Parting Shot|p1a: Sandaconda
|-unboost|p1a: Sandaconda|atk|1
|-unboost|p1a: Sandaconda|spa|1
|
|t:|1665264140
|switch|p2a: Cinccino|Cinccino, F|64/100|[from]move: Parting Shot
|
|upkeep
|turn|4
|
|t:|1665264150
|switch|p1a: Trevenant|Trevenant, M, shiny|100/100
|move|p2a: Cinccino|U-turn|p1a: Trevenant
|-damage|p1a: Trevenant|63/100
|
|t:|1665264165
|switch|p2a: Absol|Absol, F|100/100|[from]move: U-turn
|
|upkeep
|turn|5
|
|t:|1665264176
|switch|p1a: Sandaconda|Sandaconda, M, shiny|100/100
|move|p2a: Absol|Knock Off|p1a: Sandaconda
|-damage|p1a: Sandaconda|63/100
|-damage|p2a: Absol|84/100|[from] item: Rocky Helmet|[of] p1a: Sandaconda
|-enditem|p1a: Sandaconda|Rocky Helmet|[from] move: Knock Off|[of] p2a: Absol
|
|upkeep
|turn|6
|inactive|Insector84 has 270 seconds left.
|inactive|acluh1 has 270 seconds left.
|
|t:|1665264224
|switch|p2a: Cofagrigus|Cofagrigus, M|100/100
|move|p1a: Sandaconda|Earthquake|p2a: Cofagrigus
|-damage|p2a: Cofagrigus|80/100
|
|-heal|p2a: Cofagrigus|86/100|[from] item: Leftovers
|upkeep
|turn|7
|
|t:|1665264239
|switch|p1a: Charizard|Charizard, M, shiny|100/100
|move|p2a: Cofagrigus|Shadow Ball|p1a: Charizard
|-damage|p1a: Charizard|72/100
|-unboost|p1a: Charizard|spd|1
|
|-heal|p2a: Cofagrigus|92/100|[from] item: Leftovers
|upkeep
|turn|8
|
|t:|1665264250
|move|p1a: Charizard|Toxic|p2a: Cofagrigus
|-status|p2a: Cofagrigus|tox
|move|p2a: Cofagrigus|Shadow Ball|p1a: Charizard
|-damage|p1a: Charizard|26/100
|
|-heal|p2a: Cofagrigus|98/100 tox|[from] item: Leftovers
|-damage|p2a: Cofagrigus|92/100 tox|[from] psn
|upkeep
|turn|9
|
|t:|1665264261
|switch|p1a: Gigalith|Gigalith, M, shiny|100/100
|-weather|Sandstorm|[from] ability: Sand Stream|[of] p1a: Gigalith
|move|p2a: Cofagrigus|Toxic Spikes|p1a: Gigalith
|-sidestart|p1: acluh1|move: Toxic Spikes
|
|-weather|Sandstorm|[upkeep]
|-damage|p2a: Cofagrigus|86/100 tox|[from] Sandstorm
|-heal|p2a: Cofagrigus|92/100 tox|[from] item: Leftovers
|-damage|p2a: Cofagrigus|80/100 tox|[from] psn
|upkeep
|turn|10
|inactive|Insector84 has 240 seconds left.
|
|t:|1665264291
|move|p2a: Cofagrigus|Body Press|p1a: Gigalith
|-supereffective|p1a: Gigalith
|-damage|p1a: Gigalith|54/100
|move|p1a: Gigalith|Stealth Rock|p2a: Cofagrigus
|-sidestart|p2: Insector84|move: Stealth Rock
|
|-weather|Sandstorm|[upkeep]
|-damage|p2a: Cofagrigus|73/100 tox|[from] Sandstorm
|-heal|p2a: Cofagrigus|80/100 tox|[from] item: Leftovers
|-heal|p1a: Gigalith|60/100|[from] item: Leftovers
|-damage|p2a: Cofagrigus|61/100 tox|[from] psn
|upkeep
|turn|11
|inactive|Insector84 has 240 seconds left.
|
|t:|1665264319
|move|p1a: Gigalith|Protect|p1a: Gigalith
|-singleturn|p1a: Gigalith|Protect
|move|p2a: Cofagrigus|Body Press|p1a: Gigalith
|-activate|p1a: Gigalith|move: Protect
|
|-weather|Sandstorm|[upkeep]
|-damage|p2a: Cofagrigus|55/100 tox|[from] Sandstorm
|-heal|p2a: Cofagrigus|61/100 tox|[from] item: Leftovers
|-heal|p1a: Gigalith|66/100|[from] item: Leftovers
|-damage|p2a: Cofagrigus|36/100 tox|[from] psn
|upkeep
|turn|12
|
|t:|1665264325
|move|p2a: Cofagrigus|Shadow Ball|p1a: Gigalith
|-damage|p1a: Gigalith|53/100
|move|p1a: Gigalith|Rock Blast|p2a: Cofagrigus
|-damage|p2a: Cofagrigus|29/100 tox
|-damage|p2a: Cofagrigus|22/100 tox
|-hitcount|p2a: Cofagrigus|2
|
|-weather|Sandstorm|[upkeep]
|-damage|p2a: Cofagrigus|16/100 tox|[from] Sandstorm
|-heal|p2a: Cofagrigus|22/100 tox|[from] item: Leftovers
|-heal|p1a: Gigalith|59/100|[from] item: Leftovers
|-damage|p2a: Cofagrigus|0 fnt|[from] psn
|faint|p2a: Cofagrigus
|upkeep
|inactive|Insector84 has 210 seconds left.
|
|t:|1665264356
|switch|p2a: Cinccino|Cinccino, F|64/100
|-damage|p2a: Cinccino|51/100|[from] Stealth Rock
|turn|13
|
|t:|1665264361
|move|p1a: Gigalith|Protect|p1a: Gigalith
|-singleturn|p1a: Gigalith|Protect
|move|p2a: Cinccino|Bullet Seed|p1a: Gigalith
|-activate|p1a: Gigalith|move: Protect
|
|-weather|none
|-heal|p1a: Gigalith|65/100|[from] item: Leftovers
|upkeep
|turn|14
|
|t:|1665264373
|switch|p1a: Trevenant|Trevenant, M, shiny|63/100
|-status|p1a: Trevenant|psn
|move|p2a: Cinccino|Bullet Seed|p1a: Trevenant
|-resisted|p1a: Trevenant
|-damage|p1a: Trevenant|56/100 psn
|-resisted|p1a: Trevenant
|-damage|p1a: Trevenant|49/100 psn
|-resisted|p1a: Trevenant
|-damage|p1a: Trevenant|42/100 psn
|-resisted|p1a: Trevenant
|-damage|p1a: Trevenant|35/100 psn
|-resisted|p1a: Trevenant
|-damage|p1a: Trevenant|27/100 psn
|-hitcount|p1a: Trevenant|5
|
|-damage|p1a: Trevenant|15/100 psn|[from] psn
|upkeep
|turn|15
|
|t:|1665264387
|move|p2a: Cinccino|Bullet Seed|p1a: Trevenant
|-resisted|p1a: Trevenant
|-crit|p1a: Trevenant
|-damage|p1a: Trevenant|4/100 psn
|-resisted|p1a: Trevenant
|-damage|p1a: Trevenant|0 fnt
|faint|p1a: Trevenant
|-hitcount|p1: Trevenant|2
|
|upkeep
|inactive|acluh1 has 270 seconds left.
|
|t:|1665264418
|switch|p1a: Charizard|Charizard, M, shiny|26/100
|turn|16
|
|t:|1665264425
|move|p2a: Cinccino|Bullet Seed|p1a: Charizard
|-resisted|p1a: Charizard
|-damage|p1a: Charizard|23/100
|-resisted|p1a: Charizard
|-crit|p1a: Charizard
|-damage|p1a: Charizard|19/100
|-resisted|p1a: Charizard
|-damage|p1a: Charizard|16/100
|-resisted|p1a: Charizard
|-damage|p1a: Charizard|13/100
|-resisted|p1a: Charizard
|-damage|p1a: Charizard|10/100
|-hitcount|p1a: Charizard|5
|move|p1a: Charizard|Defog|p2a: Cinccino
|-unboost|p2a: Cinccino|evasion|1
|-sideend|p2: Insector84|Stealth Rock|[from] move: Defog|[of] p1a: Charizard
|-sideend|p1: acluh1|Toxic Spikes|[from] move: Defog|[of] p1a: Charizard
|
|upkeep
|turn|17
|
|t:|1665264442
|switch|p1a: Whimsicott|Whimsicott, F, shiny|100/100
|move|p2a: Cinccino|Bullet Seed|p1a: Whimsicott
|-resisted|p1a: Whimsicott
|-damage|p1a: Whimsicott|92/100
|-resisted|p1a: Whimsicott
|-damage|p1a: Whimsicott|85/100
|-resisted|p1a: Whimsicott
|-damage|p1a: Whimsicott|77/100
|-resisted|p1a: Whimsicott
|-damage|p1a: Whimsicott|70/100
|-resisted|p1a: Whimsicott
|-damage|p1a: Whimsicott|63/100
|-hitcount|p1a: Whimsicott|5
|
|upkeep
|turn|18
|
|t:|1665264456
|switch|p2a: Silvally|Silvally-Poison|79/100
|move|p1a: Whimsicott|U-turn|p2a: Silvally
|-resisted|p2a: Silvally
|-damage|p2a: Silvally|75/100
|
|t:|1665264462
|switch|p1a: Sandaconda|Sandaconda, M, shiny|63/100|[from]move: U-turn
|
|upkeep
|turn|19
|
|t:|1665264478
|move|p2a: Silvally|Flamethrower|p1a: Sandaconda
|-damage|p1a: Sandaconda|38/100
|move|p1a: Sandaconda|Earthquake|p2a: Silvally
|-supereffective|p2a: Silvally
|-damage|p2a: Silvally|13/100
|
|upkeep
|turn|20
|
|t:|1665264497
|move|p2a: Silvally|Flamethrower|p1a: Sandaconda
|-damage|p1a: Sandaconda|16/100
|move|p1a: Sandaconda|Rest|p1a: Sandaconda
|-status|p1a: Sandaconda|slp|[from] move: Rest
|-heal|p1a: Sandaconda|100/100 slp|[silent]
|
|upkeep
|turn|21
|
|t:|1665264507
|switch|p2a: Lanturn|Lanturn, M|100/100
|cant|p1a: Sandaconda|slp
|
|upkeep
|turn|22
|
|t:|1665264515
|switch|p1a: Wishiwashi|Wishiwashi, M, shiny|22/100
|move|p2a: Lanturn|Scald|p1a: Wishiwashi
|-resisted|p1a: Wishiwashi
|-damage|p1a: Wishiwashi|0 fnt
|faint|p1a: Wishiwashi
|
|upkeep
|
|t:|1665264517
|switch|p1a: Whimsicott|Whimsicott, F, shiny|63/100
|turn|23
|inactive|Insector84 has 240 seconds left.
|
|t:|1665264527
|move|p2a: Lanturn|Protect|p2a: Lanturn
|-singleturn|p2a: Lanturn|Protect
|move|p1a: Whimsicott|Energy Ball|p2a: Lanturn
|-activate|p2a: Lanturn|move: Protect
|
|upkeep
|turn|24
|inactive|Insector84 has 240 seconds left.
|
|t:|1665264545
|move|p1a: Whimsicott|Energy Ball|p2a: Lanturn
|-supereffective|p2a: Lanturn
|-damage|p2a: Lanturn|33/100
|move|p2a: Lanturn|Toxic|p1a: Whimsicott
|-status|p1a: Whimsicott|tox
|
|-heal|p2a: Lanturn|39/100|[from] item: Leftovers
|-damage|p1a: Whimsicott|56/100 tox|[from] psn
|upkeep
|turn|25
|inactive|Insector84 has 240 seconds left.
|
|t:|1665264554
|move|p2a: Lanturn|Protect|p2a: Lanturn
|-singleturn|p2a: Lanturn|Protect
|move|p1a: Whimsicott|Energy Ball|p2a: Lanturn
|-activate|p2a: Lanturn|move: Protect
|
|-heal|p2a: Lanturn|45/100|[from] item: Leftovers
|-damage|p1a: Whimsicott|44/100 tox|[from] psn
|upkeep
|turn|26
|inactive|Insector84 has 240 seconds left.
|
|t:|1665264572
|switch|p2a: Silvally|Silvally-Poison|13/100
|move|p1a: Whimsicott|Energy Ball|p2a: Silvally
|-resisted|p2a: Silvally
|-damage|p2a: Silvally|0 fnt
|faint|p2a: Silvally
|
|-damage|p1a: Whimsicott|26/100 tox|[from] psn
|upkeep
|inactive|Insector84 has 240 seconds left.
|inactive|Insector84 has 210 seconds left.
|
|t:|1665264614
|switch|p2a: Cinccino|Cinccino, F|51/100
|turn|27
|
|t:|1665264620
|switch|p1a: Charizard|Charizard, M, shiny|10/100
|move|p2a: Cinccino|Bullet Seed|p1a: Charizard
|-resisted|p1a: Charizard
|-damage|p1a: Charizard|7/100
|-resisted|p1a: Charizard
|-damage|p1a: Charizard|4/100
|-resisted|p1a: Charizard
|-damage|p1a: Charizard|1/100
|-resisted|p1a: Charizard
|-damage|p1a: Charizard|0 fnt
|faint|p1a: Charizard
|-hitcount|p1: Charizard|4
|
|upkeep
|
|t:|1665264628
|switch|p1a: Whimsicott|Whimsicott, F, shiny|26/100 tox
|turn|28
|
|t:|1665264648
|switch|p2a: Jolteon|Jolteon, M|100/100
|move|p1a: Whimsicott|Moonblast|p2a: Jolteon
|-damage|p2a: Jolteon|36/100
|
|-damage|p1a: Whimsicott|20/100 tox|[from] psn
|upkeep
|turn|29
|inactive|Insector84 has 210 seconds left.
|
|t:|1665264663
|switch|p1a: Sandaconda|Sandaconda, M, shiny|100/100 slp
|move|p2a: Jolteon|Shadow Ball|p1a: Sandaconda
|-damage|p1a: Sandaconda|54/100 slp
|-unboost|p1a: Sandaconda|spd|1
|
|-activate|p1a: Sandaconda|ability: Shed Skin
|-curestatus|p1a: Sandaconda|slp|[msg]
|upkeep
|turn|30
|
|t:|1665264673
|switch|p1a: Gigalith|Gigalith, M, shiny|65/100
|-weather|Sandstorm|[from] ability: Sand Stream|[of] p1a: Gigalith
|move|p2a: Jolteon|Shadow Ball|p1a: Gigalith
|-damage|p1a: Gigalith|45/100
|-unboost|p1a: Gigalith|spd|1
|
|-weather|Sandstorm|[upkeep]
|-damage|p2a: Jolteon|30/100|[from] Sandstorm
|-heal|p1a: Gigalith|51/100|[from] item: Leftovers
|upkeep
|turn|31
|inactive|Insector84 has 210 seconds left.
|
|t:|1665264692
|move|p2a: Jolteon|Shadow Ball|p1a: Gigalith
|-damage|p1a: Gigalith|21/100
|move|p1a: Gigalith|Rock Blast|p2a: Jolteon
|-damage|p2a: Jolteon|9/100
|-damage|p2a: Jolteon|0 fnt
|faint|p2a: Jolteon
|-hitcount|p2: Jolteon|2
|
|-weather|Sandstorm|[upkeep]
|-heal|p1a: Gigalith|28/100|[from] item: Leftovers
|upkeep
|inactive|Insector84 has 210 seconds left.
|
|t:|1665264700
|switch|p2a: Cinccino|Cinccino, F|51/100
|turn|32
|
|t:|1665264703
|move|p1a: Gigalith|Protect|p1a: Gigalith
|-singleturn|p1a: Gigalith|Protect
|move|p2a: Cinccino|Bullet Seed|p1a: Gigalith
|-activate|p1a: Gigalith|move: Protect
|
|-weather|Sandstorm|[upkeep]
|-damage|p2a: Cinccino|45/100|[from] Sandstorm
|-heal|p1a: Gigalith|34/100|[from] item: Leftovers
|upkeep
|turn|33
|
|t:|1665264712
|move|p2a: Cinccino|Bullet Seed|p1a: Gigalith
|-supereffective|p1a: Gigalith
|-damage|p1a: Gigalith|19/100
|-supereffective|p1a: Gigalith
|-damage|p1a: Gigalith|5/100
|-supereffective|p1a: Gigalith
|-damage|p1a: Gigalith|0 fnt
|faint|p1a: Gigalith
|-hitcount|p1: Gigalith|3
|
|-weather|Sandstorm|[upkeep]
|-damage|p2a: Cinccino|39/100|[from] Sandstorm
|upkeep
|
|t:|1665264720
|switch|p1a: Whimsicott|Whimsicott, F, shiny|20/100 tox
|turn|34
|inactive|Insector84 has 240 seconds left.
|
|t:|1665264747
|move|p1a: Whimsicott|Energy Ball|p2a: Cinccino
|-damage|p2a: Cinccino|0 fnt
|faint|p2a: Cinccino
|
|-weather|none
|-damage|p1a: Whimsicott|14/100 tox|[from] psn
|upkeep
|inactive|Insector84 has 210 seconds left.
|inactive|Insector84 has 180 seconds left.
|
|t:|1665264816
|switch|p2a: Absol|Absol, F|84/100
|turn|35
|
|t:|1665264820
|switch|p1a: Sandaconda|Sandaconda, M, shiny|54/100
|move|p2a: Absol|Sucker Punch||[still]
|-fail|p2a: Absol
|
|upkeep
|turn|36
|
|t:|1665264827
|move|p2a: Absol|Swords Dance|p2a: Absol
|-boost|p2a: Absol|atk|2
|move|p1a: Sandaconda|Earthquake|p2a: Absol
|-damage|p2a: Absol|15/100
|
|upkeep
|turn|37
|inactive|Insector84 has 180 seconds left.
|j| Darksqde
|
|t:|1665264839
|move|p2a: Absol|Knock Off|p1a: Sandaconda
|-damage|p1a: Sandaconda|0 fnt
|faint|p1a: Sandaconda
|
|upkeep
|
|t:|1665264844
|switch|p1a: Whimsicott|Whimsicott, F, shiny|14/100 tox
|turn|38
|l| Darksqde
|
|t:|1665264853
|move|p2a: Absol|Sucker Punch|p1a: Whimsicott
|-resisted|p1a: Whimsicott
|-damage|p1a: Whimsicott|0 fnt
|faint|p1a: Whimsicott
|
|win|Insector84
|c|☆acluh1|gg
|c|☆Insector84|gg i played not safe at the end i think
|c|☆acluh1|also
|c|☆acluh1|was every shadow ball a spdef drop
|c|☆Insector84|yes sorry for this
|c|☆acluh1|lol
|c|☆acluh1|its fine
|c|☆acluh1|im just a little salty
|c|☆Insector84|i know...but the chance turn
|c|☆Insector84|tomorrow will be may be your turn !
|c|☆acluh1|maybe
|c|☆acluh1|hopefully
|c|☆Insector84|ty man
|c|☆acluh1|ty
|c|☆Insector84|see you a next time !
|c|☆acluh1|very fun teams
|c|☆acluh1|see ya
|l|☆acluh1
|c|☆Insector84|ty !
|j|☆acluh1
|player|p1|acluh1|karen
