|j|☆yassy slay
|j|☆zoowi
|t:|1653951729
|gametype|singles
|player|p1|yassy slay|1|1525
|player|p2|zoowi|burglar-gen2|1496
|teamsize|p1|6
|teamsize|p2|6
|gen|8
|tier|[Gen 8] PU
|rated|
|rule|Sleep Clause Mod: Limit one foe put to sleep
|rule|Species Clause: Limit one of each Pokémon
|rule|OHKO Clause: OHKO moves are banned
|rule|Evasion Moves Clause: Evasion moves are banned
|rule|Endless Battle Clause: Forcing endless battles is banned
|rule|HP Percentage Mod: HP is shown in percentages
|rule|Dynamax Clause: You cannot dynamax
|clearpoke
|poke|p1|Flapple, F|
|poke|p1|Archeops, M|
|poke|p1|Golduck, F|
|poke|p1|Ribombee, F|
|poke|p1|Sandaconda, M|
|poke|p1|Magneton|
|poke|p2|Cofagrigus, F|
|poke|p2|Silvally-*|
|poke|p2|Kangaskhan, F|
|poke|p2|Rhydon, F|
|poke|p2|Glastrier|
|poke|p2|Poliwrath, F|
|teampreview
|
|t:|1653951740
|start
|switch|p1a: Golduck|Golduck, F|100/100
|switch|p2a: Cofagrigus|Cofagrigus, F|100/100
|-ability|p1a: Golduck|Cloud Nine
|turn|1
|
|t:|1653951747
|move|p1a: Golduck|Substitute|p1a: Golduck
|-start|p1a: Golduck|Substitute
|-damage|p1a: Golduck|75/100
|move|p2a: Cofagrigus|Shadow Ball|p1a: Golduck
|-end|p1a: Golduck|Substitute
|
|-heal|p1a: Golduck|82/100|[from] item: Leftovers
|upkeep
|turn|2
|
|t:|1653951753
|move|p1a: Golduck|Calm Mind|p1a: Golduck
|-boost|p1a: Golduck|spa|1
|-boost|p1a: Golduck|spd|1
|move|p2a: Cofagrigus|Body Press|p1a: Golduck
|-damage|p1a: Golduck|46/100
|
|-heal|p1a: Golduck|52/100|[from] item: Leftovers
|upkeep
|turn|3
|
|t:|1653951769
|move|p1a: Golduck|Scald|p2a: Cofagrigus
|-damage|p2a: Cofagrigus|59/100
|-status|p2a: Cofagrigus|brn
|move|p2a: Cofagrigus|Body Press|p1a: Golduck
|-damage|p1a: Golduck|35/100
|
|-heal|p1a: Golduck|41/100|[from] item: Leftovers
|-damage|p2a: Cofagrigus|53/100 brn|[from] brn
|upkeep
|turn|4
|
|t:|1653951782
|switch|p2a: Kangaskhan|Kangaskhan, F|100/100
|move|p1a: Golduck|Substitute|p1a: Golduck
|-start|p1a: Golduck|Substitute
|-damage|p1a: Golduck|16/100
|
|-heal|p1a: Golduck|22/100|[from] item: Leftovers
|upkeep
|turn|5
|
|t:|1653951788
|move|p2a: Kangaskhan|Fake Out|p1a: Golduck
|-crit|p1a: Golduck
|-end|p1a: Golduck|Substitute
|move|p1a: Golduck|Scald|p2a: Kangaskhan
|-damage|p2a: Kangaskhan|54/100
|-status|p2a: Kangaskhan|brn
|
|-heal|p1a: Golduck|28/100|[from] item: Leftovers
|-damage|p2a: Kangaskhan|48/100 brn|[from] brn
|upkeep
|turn|6
|
|t:|1653951793
|switch|p1a: Sandaconda|Sandaconda, M|100/100
|move|p2a: Kangaskhan|Last Resort|p1a: Sandaconda
|-damage|p1a: Sandaconda|75/100
|-damage|p2a: Kangaskhan|31/100 brn|[from] item: Rocky Helmet|[of] p1a: Sandaconda
|
|-damage|p2a: Kangaskhan|25/100 brn|[from] brn
|upkeep
|turn|7
|
|t:|1653951796
|move|p2a: Kangaskhan|Last Resort|p1a: Sandaconda
|-damage|p1a: Sandaconda|48/100
|-damage|p2a: Kangaskhan|9/100 brn|[from] item: Rocky Helmet|[of] p1a: Sandaconda
|move|p1a: Sandaconda|Stealth Rock|p2a: Kangaskhan
|-sidestart|p2: zoowi|move: Stealth Rock
|
|-damage|p2a: Kangaskhan|3/100 brn|[from] brn
|upkeep
|turn|8
|
|t:|1653951800
|move|p2a: Kangaskhan|Last Resort|p1a: Sandaconda
|-damage|p1a: Sandaconda|23/100
|-damage|p2a: Kangaskhan|0 fnt|[from] item: Rocky Helmet|[of] p1a: Sandaconda
|faint|p2a: Kangaskhan
|move|p1a: Sandaconda|Rest|p1a: Sandaconda
|-status|p1a: Sandaconda|slp|[from] move: Rest
|-heal|p1a: Sandaconda|100/100 slp|[silent]
|
|upkeep
|
|t:|1653951802
|switch|p2a: Glastrier|Glastrier|100/100
|-damage|p2a: Glastrier|75/100|[from] Stealth Rock
|turn|9
|
|t:|1653951810
|switch|p1a: Golduck|Golduck, F|28/100
|-ability|p1a: Golduck|Cloud Nine
|move|p2a: Glastrier|Substitute|p2a: Glastrier
|-start|p2a: Glastrier|Substitute
|-damage|p2a: Glastrier|50/100
|
|-heal|p1a: Golduck|34/100|[from] item: Leftovers
|-heal|p2a: Glastrier|57/100|[from] item: Leftovers
|upkeep
|turn|10
|
|t:|1653951812
|move|p1a: Golduck|Scald|p2a: Glastrier
|-crit|p2a: Glastrier
|-end|p2a: Glastrier|Substitute
|move|p2a: Glastrier|Close Combat|p1a: Golduck
|-damage|p1a: Golduck|0 fnt
|-unboost|p2a: Glastrier|def|1
|-unboost|p2a: Glastrier|spd|1
|faint|p1a: Golduck
|-ability|p2a: Glastrier|Chilling Neigh|boost
|-boost|p2a: Glastrier|atk|1
|
|-heal|p2a: Glastrier|63/100|[from] item: Leftovers
|upkeep
|
|t:|1653951819
|switch|p1a: Magneton|Magneton|100/100
|turn|11
|
|t:|1653951834
|move|p1a: Magneton|Flash Cannon|p2a: Glastrier
|-supereffective|p2a: Glastrier
|-crit|p2a: Glastrier
|-damage|p2a: Glastrier|0 fnt
|faint|p2a: Glastrier
|
|upkeep
|
|t:|1653951844
|switch|p2a: Silvally|Silvally-Ghost|100/100
|-damage|p2a: Silvally|88/100|[from] Stealth Rock
|turn|12
|
|t:|1653951848
|move|p2a: Silvally|Multi-Attack|p1a: Magneton
|-damage|p1a: Magneton|65/100
|move|p1a: Magneton|Flash Cannon|p2a: Silvally
|-damage|p2a: Silvally|33/100
|
|upkeep
|turn|13
|
|t:|1653951856
|move|p2a: Silvally|Multi-Attack|p1a: Magneton
|-damage|p1a: Magneton|24/100
|move|p1a: Magneton|Flash Cannon|p2a: Silvally
|-damage|p2a: Silvally|0 fnt
|faint|p2a: Silvally
|
|upkeep
|
|t:|1653951858
|switch|p2a: Poliwrath|Poliwrath, F|100/100
|-damage|p2a: Poliwrath|94/100|[from] Stealth Rock
|turn|14
|
|t:|1653951862
|switch|p1a: Ribombee|Ribombee, F|100/100
|move|p2a: Poliwrath|Substitute|p2a: Poliwrath
|-start|p2a: Poliwrath|Substitute
|-damage|p2a: Poliwrath|70/100
|
|-heal|p2a: Poliwrath|76/100|[from] item: Leftovers
|upkeep
|turn|15
|
|t:|1653951874
|move|p1a: Ribombee|Moonblast|p2a: Poliwrath
|-supereffective|p2a: Poliwrath
|-end|p2a: Poliwrath|Substitute
|move|p2a: Poliwrath|Toxic|p1a: Ribombee
|-status|p1a: Ribombee|tox
|
|-heal|p2a: Poliwrath|82/100|[from] item: Leftovers
|-damage|p1a: Ribombee|94/100 tox|[from] psn
|upkeep
|turn|16
|
|t:|1653951908
|move|p1a: Ribombee|Moonblast|p2a: Poliwrath
|-supereffective|p2a: Poliwrath
|-damage|p2a: Poliwrath|10/100
|-unboost|p2a: Poliwrath|spa|1
|move|p2a: Poliwrath|Scald|p1a: Ribombee
|-damage|p1a: Ribombee|71/100 tox
|
|-heal|p2a: Poliwrath|16/100|[from] item: Leftovers
|-damage|p1a: Ribombee|59/100 tox|[from] psn
|upkeep
|turn|17
|
|t:|1653951916
|move|p1a: Ribombee|Moonblast|p2a: Poliwrath
|-supereffective|p2a: Poliwrath
|-damage|p2a: Poliwrath|0 fnt
|faint|p2a: Poliwrath
|
|-damage|p1a: Ribombee|40/100 tox|[from] psn
|upkeep
|
|t:|1653951976
|switch|p2a: Cofagrigus|Cofagrigus, F|53/100 brn
|-damage|p2a: Cofagrigus|40/100 brn|[from] Stealth Rock
|turn|18
|
|t:|1653951983
|move|p1a: Ribombee|Moonblast|p2a: Cofagrigus
|-damage|p2a: Cofagrigus|0 fnt
|faint|p2a: Cofagrigus
|
|-damage|p1a: Ribombee|16/100 tox|[from] psn
|upkeep
|
|t:|1653951999
|switch|p2a: Rhydon|Rhydon, F|100/100
|-damage|p2a: Rhydon|94/100|[from] Stealth Rock
|turn|19
|
|t:|1653952001
|move|p1a: Ribombee|Moonblast|p2a: Rhydon
|-damage|p2a: Rhydon|51/100
|move|p2a: Rhydon|Earthquake|p1a: Ribombee
|-resisted|p1a: Ribombee
|-damage|p1a: Ribombee|0 fnt
|faint|p1a: Ribombee
|
|upkeep
|
|t:|1653952003
|switch|p1a: Flapple|Flapple, F|100/100
|turn|20
|
|t:|1653952005
|move|p1a: Flapple|Grav Apple|p2a: Rhydon
|-supereffective|p2a: Rhydon
|-damage|p2a: Rhydon|0 fnt
|faint|p2a: Rhydon
|
|win|yassy slay
|raw|yassy slay's rating: 1525 &rarr; <strong>1543</strong><br />(+18 for winning)
|raw|zoowi's rating: 1496 &rarr; <strong>1478</strong><br />(-18 for losing)
|c|☆yassy slay|gg
|l|☆zoowi
