|j|☆UberSkitty❤
|j|☆Karrakarra
|player|p1|UberSkitty❤|preschoolerf|
|player|p2|Karrakarra|cyrus|
|teamsize|p1|6
|teamsize|p2|6
|gametype|singles
|gen|8
|tier|[Gen 8] PU
|rated|Tournament battle
|clearpoke
|poke|p1|Togetic, M|
|poke|p1|Thwackey, F|
|poke|p1|Dusknoir, M|
|poke|p1|Mawile, F|
|poke|p1|Kadabra, F|
|poke|p1|Vibrava, F|
|poke|p2|Mawile, M|
|poke|p2|Whiscash, F|
|poke|p2|Vespiquen, F|
|poke|p2|Glaceon, F|
|poke|p2|Dusknoir, M|
|poke|p2|Koffing, F|
|rule|Sleep Clause Mod: Limit one foe put to sleep
|rule|Species Clause: Limit one of each Pokémon
|rule|OHKO Clause: OHKO moves are banned
|rule|Evasion Moves Clause: Evasion moves are banned
|rule|Endless Battle Clause: Forcing endless battles is banned
|rule|HP Percentage Mod: HP is shown in percentages
|rule|Dynamax Clause: You cannot dynamax
|teampreview
|j|+bagoftrixx
|j| scarf lanturn
|c|☆UberSkitty❤|hf
|l|+bagoftrixx
|j| lost oblitus
|l| scarf lanturn
|
|start
|switch|p1a: Tooth Fairy|Mawile, F|100/100
|switch|p2a: Whiscash|Whiscash, F|100/100
|-ability|p1a: Tooth Fairy|Intimidate|boost
|-immune|p2a: Whiscash|[from] ability: Oblivious
|turn|1
|j|@SPECS
|
|move|p2a: Whiscash|Earth Power|p1a: Tooth Fairy
|-supereffective|p1a: Tooth Fairy
|-damage|p1a: Tooth Fairy|39/100
|move|p1a: Tooth Fairy|Stealth Rock|p2a: Whiscash
|-sidestart|p2: Karrakarra|move: Stealth Rock
|
|-heal|p1a: Tooth Fairy|46/100|[from] item: Leftovers
|upkeep
|turn|2
|
|switch|p1a: Curious|Thwackey, F|100/100
|-fieldstart|move: Grassy Terrain|[from] ability: Grassy Surge|[of] p1a: Curious
|move|p2a: Whiscash|Scald|p1a: Curious
|-resisted|p1a: Curious
|-damage|p1a: Curious|78/100
|
|-heal|p1a: Curious|84/100|[from] Grassy Terrain
|upkeep
|turn|3
|
|move|p2a: Whiscash|Protect|p2a: Whiscash
|-singleturn|p2a: Whiscash|Protect
|move|p1a: Curious|U-turn|p2a: Whiscash
|-activate|p2a: Whiscash|move: Protect
|
|-heal|p1a: Curious|91/100|[from] Grassy Terrain
|upkeep
|turn|4
|
|switch|p2a: Koffing|Koffing, F|100/100
|-damage|p2a: Koffing|88/100|[from] Stealth Rock
|move|p1a: Curious|U-turn|p2a: Koffing
|-resisted|p2a: Koffing
|-damage|p2a: Koffing|81/100
|-damage|p1a: Curious|74/100|[from] item: Rocky Helmet|[of] p2a: Koffing
|j| X-Vile 6900
|
|switch|p1a: Mustache|Kadabra, F|100/100|[from]move: U-turn
|
|upkeep
|turn|5
|
|switch|p2a: Vespiquen|Vespiquen, F|100/100
|-ability|p2a: Vespiquen|Pressure
|move|p1a: Mustache|Psychic|p2a: Vespiquen
|-damage|p2a: Vespiquen|69/100
|
|upkeep
|turn|6
|
|switch|p1a: Egg Head|Togetic, M|100/100
|move|p2a: Vespiquen|Defog|p1a: Egg Head
|-unboost|p1a: Egg Head|evasion|1
|-sideend|p2: Karrakarra|Stealth Rock|[from] move: Defog|[of] p2a: Vespiquen
|-fieldend|move: Grassy Terrain
|
|upkeep
|turn|7
|
|move|p1a: Egg Head|Fire Blast|p2a: Vespiquen|[miss]
|-miss|p1a: Egg Head|p2a: Vespiquen
|move|p2a: Vespiquen|U-turn|p1a: Egg Head
|-resisted|p1a: Egg Head
|-damage|p1a: Egg Head|94/100
|
|switch|p2a: Glaceon|Glaceon, F|100/100|[from]move: U-turn
|
|upkeep
|turn|8
|
|switch|p1a: Tooth Fairy|Mawile, F|46/100
|-ability|p1a: Tooth Fairy|Intimidate|boost
|-unboost|p2a: Glaceon|atk|1
|move|p2a: Glaceon|Ice Beam|p1a: Tooth Fairy
|-resisted|p1a: Tooth Fairy
|-damage|p1a: Tooth Fairy|0 fnt
|faint|p1a: Tooth Fairy
|
|upkeep
|j|+keppy ㋛
|
|switch|p1a: BIG DADDY|Dusknoir, M|100/100
|-item|p2a: Glaceon|Choice Specs|[from] ability: Frisk|[of] p1a: BIG DADDY|[identify]
|turn|9
|
|switch|p2a: Dusknoir|Dusknoir, M|100/100
|move|p1a: BIG DADDY|Poltergeist|p2a: Dusknoir
|-activate|p2a: Dusknoir|move: Poltergeist|Kasib Berry
|-supereffective|p2a: Dusknoir
|-enditem|p2a: Dusknoir|Kasib Berry|[eat]
|-enditem|p2a: Dusknoir|Kasib Berry|[weaken]
|-damage|p2a: Dusknoir|48/100
|
|upkeep
|turn|10
|
|move|p1a: BIG DADDY|Shadow Sneak|p2a: Dusknoir
|-supereffective|p2a: Dusknoir
|-damage|p2a: Dusknoir|4/100
|move|p2a: Dusknoir|Will-O-Wisp|p1a: BIG DADDY
|-status|p1a: BIG DADDY|brn
|
|-damage|p1a: BIG DADDY|95/100 brn|[from] brn
|upkeep
|turn|11
|c| X-Vile 6900|Poltergeist Dusknoir hype
|
|switch|p2a: Whiscash|Whiscash, F|100/100
|move|p1a: BIG DADDY|Shadow Sneak|p2a: Whiscash
|-damage|p2a: Whiscash|94/100
|
|-heal|p2a: Whiscash|99/100|[from] item: Leftovers
|-damage|p1a: BIG DADDY|89/100 brn|[from] brn
|upkeep
|turn|12
|
|move|p2a: Whiscash|Scald|p1a: BIG DADDY
|-damage|p1a: BIG DADDY|68/100 brn
|move|p1a: BIG DADDY|Will-O-Wisp|p2a: Whiscash
|-status|p2a: Whiscash|brn
|
|-heal|p2a: Whiscash|100/100 brn|[from] item: Leftovers
|-damage|p2a: Whiscash|94/100 brn|[from] brn
|-damage|p1a: BIG DADDY|62/100 brn|[from] brn
|upkeep
|turn|13
|
|switch|p1a: Curious|Thwackey, F|74/100
|-fieldstart|move: Grassy Terrain|[from] ability: Grassy Surge|[of] p1a: Curious
|move|p2a: Whiscash|Earth Power|p1a: Curious
|-resisted|p1a: Curious
|-damage|p1a: Curious|50/100
|
|-heal|p1a: Curious|56/100|[from] Grassy Terrain
|-heal|p2a: Whiscash|100/100 brn|[from] item: Leftovers
|-damage|p2a: Whiscash|94/100 brn|[from] brn
|upkeep
|turn|14
|
|move|p2a: Whiscash|Protect|p2a: Whiscash
|-singleturn|p2a: Whiscash|Protect
|move|p1a: Curious|Wood Hammer|p2a: Whiscash
|-activate|p2a: Whiscash|move: Protect
|
|-heal|p1a: Curious|62/100|[from] Grassy Terrain
|-heal|p2a: Whiscash|100/100 brn|[from] item: Leftovers
|-damage|p2a: Whiscash|94/100 brn|[from] brn
|upkeep
|turn|15
|
|switch|p2a: Vespiquen|Vespiquen, F|69/100
|-ability|p2a: Vespiquen|Pressure
|move|p1a: Curious|Wood Hammer|p2a: Vespiquen
|-resisted|p2a: Vespiquen
|-damage|p2a: Vespiquen|55/100
|-damage|p1a: Curious|56/100|[from] Recoil
|
|-heal|p1a: Curious|62/100|[from] Grassy Terrain
|upkeep
|turn|16
|
|switch|p1a: BIG DADDY|Dusknoir, M|62/100 brn
|-item|p2a: Vespiquen|Heavy-Duty Boots|[from] ability: Frisk|[of] p1a: BIG DADDY|[identify]
|move|p2a: Vespiquen|Roost|p2a: Vespiquen
|-heal|p2a: Vespiquen|100/100
|-singleturn|p2a: Vespiquen|move: Roost
|
|-heal|p1a: BIG DADDY|68/100 brn|[from] Grassy Terrain
|-damage|p1a: BIG DADDY|62/100 brn|[from] brn
|upkeep
|turn|17
|
|switch|p1a: Egg Head|Togetic, M|94/100
|move|p2a: Vespiquen|U-turn|p1a: Egg Head
|-resisted|p1a: Egg Head
|-damage|p1a: Egg Head|87/100
|
|switch|p2a: Glaceon|Glaceon, F|100/100|[from]move: U-turn
|
|-fieldend|move: Grassy Terrain
|upkeep
|turn|18
|
|switch|p1a: BIG DADDY|Dusknoir, M|62/100 brn
|-item|p2a: Glaceon|Choice Specs|[from] ability: Frisk|[of] p1a: BIG DADDY|[identify]
|move|p2a: Glaceon|Ice Beam|p1a: BIG DADDY
|-damage|p1a: BIG DADDY|0 fnt
|faint|p1a: BIG DADDY
|
|upkeep
|
|switch|p1a: Mustache|Kadabra, F|100/100
|turn|19
|
|switch|p2a: Vespiquen|Vespiquen, F|100/100
|-ability|p2a: Vespiquen|Pressure
|move|p1a: Mustache|Psychic|p2a: Vespiquen
|-damage|p2a: Vespiquen|70/100
|
|upkeep
|turn|20
|
|switch|p1a: Egg Head|Togetic, M|87/100
|move|p2a: Vespiquen|U-turn|p1a: Egg Head
|-resisted|p1a: Egg Head
|-damage|p1a: Egg Head|80/100
|
|switch|p2a: Glaceon|Glaceon, F|100/100|[from]move: U-turn
|
|upkeep
|turn|21
|
|switch|p1a: Buzz Buzz|Vibrava, F|100/100
|move|p2a: Glaceon|Ice Beam|p1a: Buzz Buzz
|-supereffective|p1a: Buzz Buzz
|-damage|p1a: Buzz Buzz|0 fnt
|faint|p1a: Buzz Buzz
|
|upkeep
|
|switch|p1a: Mustache|Kadabra, F|100/100
|turn|22
|l|+keppy ㋛
|
|move|p1a: Mustache|Psychic|p2a: Glaceon
|-damage|p2a: Glaceon|46/100
|move|p2a: Glaceon|Ice Beam|p1a: Mustache
|-enditem|p1a: Mustache|Focus Sash
|-damage|p1a: Mustache|1/100
|
|upkeep
|turn|23
|
|switch|p2a: Dusknoir|Dusknoir, M|4/100
|move|p1a: Mustache|Psychic|p2a: Dusknoir
|-damage|p2a: Dusknoir|0 fnt
|faint|p2a: Dusknoir
|
|upkeep
|
|switch|p2a: Vespiquen|Vespiquen, F|70/100
|-ability|p2a: Vespiquen|Pressure
|turn|24
|
|switch|p1a: Egg Head|Togetic, M|80/100
|move|p2a: Vespiquen|U-turn|p1a: Egg Head
|-resisted|p1a: Egg Head
|-damage|p1a: Egg Head|73/100
|
|switch|p2a: Mawile|Mawile, M|100/100|[from]move: U-turn
|
|upkeep
|turn|25
|
|move|p2a: Mawile|Iron Head|p1a: Egg Head
|-supereffective|p1a: Egg Head
|-damage|p1a: Egg Head|0 fnt
|faint|p1a: Egg Head
|
|upkeep
|
|switch|p1a: Curious|Thwackey, F|62/100
|-fieldstart|move: Grassy Terrain|[from] ability: Grassy Surge|[of] p1a: Curious
|turn|26
|c|☆UberSkitty❤|gg
|c|☆Karrakarra|gg
|
|move|p1a: Curious|Wood Hammer|p2a: Mawile
|-resisted|p2a: Mawile
|-damage|p2a: Mawile|54/100
|-damage|p1a: Curious|49/100|[from] Recoil
|move|p2a: Mawile|Iron Head|p1a: Curious
|-damage|p1a: Curious|0 fnt
|faint|p1a: Curious
|
|-heal|p2a: Mawile|61/100|[from] Grassy Terrain
|upkeep
|
|switch|p1a: Mustache|Kadabra, F|1/100
|turn|27
|
|move|p2a: Mawile|Sucker Punch|p1a: Mustache
|-supereffective|p1a: Mustache
|-damage|p1a: Mustache|0 fnt
|-damage|p2a: Mawile|51/100|[from] item: Life Orb
|faint|p1a: Mustache
|
|win|Karrakarra
