|raw|<div class="broadcast-blue"><strong>This battle is required to be public due to a player having a name starting with 'pult4c1'.</div>
|j|☆pult4c1 shane
|j|☆PULT4C1 Inder
|t:|1660653163
|gametype|singles
|player|p1|pult4c1 shane|veteran|1450
|player|p2|PULT4C1 Inder|lyra|1428
|teamsize|p1|6
|teamsize|p2|6
|gen|8
|tier|[Gen 8] PU
|rated|
|rule|Sleep Clause Mod: Limit one foe put to sleep
|rule|Species Clause: Limit one of each Pokémon
|rule|OHKO Clause: OHKO moves are banned
|rule|Evasion Items Clause: Evasion items are banned
|rule|Evasion Moves Clause: Evasion moves are banned
|rule|Endless Battle Clause: Forcing endless battles is banned
|rule|HP Percentage Mod: HP is shown in percentages
|rule|Dynamax Clause: You cannot dynamax
|clearpoke
|poke|p1|Sandslash, F|
|poke|p1|Gigalith, F|
|poke|p1|Eldegoss, F|
|poke|p1|Basculin, F|
|poke|p1|Scyther, F|
|poke|p1|Weezing, F|
|poke|p2|Doublade, F|
|poke|p2|Vikavolt, F|
|poke|p2|Archeops, M|
|poke|p2|Silvally-*|
|poke|p2|Turtonator, M|
|poke|p2|Druddigon, F|
|teampreview
|inactive|Battle timer is ON: inactive players will automatically lose when time's up. (requested by pult4c1 shane)
|inactive|PULT4C1 Inder also wants the timer to be on.
|c|☆pult4c1 shane|the goons
|c|☆pult4c1 shane|hf
|c|☆PULT4C1 Inder|the goons
|c|☆PULT4C1 Inder|hf
|j|+avarice
|j| Haffling
|inactive|pult4c1 shane has 120 seconds left.
|inactive|pult4c1 shane has 90 seconds left.
|
|t:|1660653253
|start
|switch|p1a: Scyther|Scyther, F|100/100
|switch|p2a: Druddigon|Druddigon, F|100/100
|-ability|p2a: Druddigon|Mold Breaker
|turn|1
|
|t:|1660653271
|move|p1a: Scyther|Dual Wingbeat|p2a: Druddigon|[miss]
|-miss|p1a: Scyther|p2a: Druddigon
|move|p2a: Druddigon|Stealth Rock|p1a: Scyther
|-sidestart|p1: pult4c1 shane|move: Stealth Rock
|
|upkeep
|turn|2
|
|t:|1660653277
|move|p1a: Scyther|U-turn|p2a: Druddigon
|-damage|p2a: Druddigon|58/100
|
|t:|1660653279
|switch|p1a: Eldegoss|Eldegoss, F|100/100|[from]move: U-turn
|-damage|p1a: Eldegoss|88/100|[from] Stealth Rock
|move|p2a: Druddigon|Scale Shot|p1a: Eldegoss
|-damage|p1a: Eldegoss|77/100
|-crit|p1a: Eldegoss
|-damage|p1a: Eldegoss|61/100
|-damage|p1a: Eldegoss|52/100
|-damage|p1a: Eldegoss|41/100
|-crit|p1a: Eldegoss
|-damage|p1a: Eldegoss|24/100
|-hitcount|p1a: Eldegoss|5
|-enditem|p1a: Eldegoss|Eject Button
|-unboost|p2a: Druddigon|def|1
|-boost|p2a: Druddigon|spe|1
|
|t:|1660653287
|switch|p1a: Scyther|Scyther, F|100/100
|
|upkeep
|turn|3
|
|t:|1660653314
|switch|p2a: Doublade|Doublade, F|100/100
|move|p1a: Scyther|Knock Off|p2a: Doublade
|-supereffective|p2a: Doublade
|-damage|p2a: Doublade|68/100
|-enditem|p2a: Doublade|Eviolite|[from] move: Knock Off|[of] p1a: Scyther
|
|upkeep
|turn|4
|j| PULT4C1 QiYu5
|
|t:|1660653321
|move|p1a: Scyther|U-turn|p2a: Doublade
|-resisted|p2a: Doublade
|-damage|p2a: Doublade|62/100
|
|t:|1660653324
|switch|p1a: Weezing|Weezing, F|100/100|[from]move: U-turn
|-ability|p1a: Weezing|Neutralizing Gas
|-damage|p1a: Weezing|88/100|[from] Stealth Rock
|move|p2a: Doublade|Shadow Claw|p1a: Weezing
|-damage|p1a: Weezing|66/100
|
|-heal|p1a: Weezing|72/100|[from] item: Black Sludge
|upkeep
|turn|5
|
|t:|1660653328
|switch|p2a: Druddigon|Druddigon, F|58/100
|move|p1a: Weezing|Toxic Spikes|p2a: Druddigon
|-sidestart|p2: PULT4C1 Inder|move: Toxic Spikes
|
|-heal|p1a: Weezing|78/100|[from] item: Black Sludge
|upkeep
|turn|6
|
|t:|1660653335
|move|p2a: Druddigon|Earthquake|p1a: Weezing
|-supereffective|p1a: Weezing
|-damage|p1a: Weezing|35/100
|move|p1a: Weezing|Will-O-Wisp|p2a: Druddigon
|-status|p2a: Druddigon|brn
|
|-heal|p1a: Weezing|41/100|[from] item: Black Sludge
|-damage|p2a: Druddigon|52/100 brn|[from] brn
|upkeep
|turn|7
|
|t:|1660653340
|-end|p1a: Weezing|ability: Neutralizing Gas
|-ability|p2a: Druddigon|Mold Breaker
|switch|p1a: Eldegoss|Eldegoss, F|57/100
|-damage|p1a: Eldegoss|45/100|[from] Stealth Rock
|move|p2a: Druddigon|Taunt|p1a: Eldegoss
|-start|p1a: Eldegoss|move: Taunt
|
|-damage|p2a: Druddigon|46/100 brn|[from] brn
|upkeep
|turn|8
|
|t:|1660653348
|move|p2a: Druddigon|Scale Shot|p1a: Eldegoss
|-damage|p1a: Eldegoss|40/100
|-damage|p1a: Eldegoss|34/100
|-crit|p1a: Eldegoss
|-damage|p1a: Eldegoss|26/100
|-damage|p1a: Eldegoss|21/100
|-damage|p1a: Eldegoss|17/100
|-hitcount|p1a: Eldegoss|5
|-unboost|p2a: Druddigon|def|1
|-boost|p2a: Druddigon|spe|1
|move|p1a: Eldegoss|Rapid Spin|p2a: Druddigon
|-damage|p2a: Druddigon|35/100 brn
|-boost|p1a: Eldegoss|spe|1
|-sideend|p1: pult4c1 shane|Stealth Rock|[from] move: Rapid Spin|[of] p1a: Eldegoss
|
|-damage|p2a: Druddigon|29/100 brn|[from] brn
|upkeep
|turn|9
|
|t:|1660653358
|switch|p2a: Doublade|Doublade, F|62/100
|move|p1a: Eldegoss|Rapid Spin|p2a: Doublade
|-immune|p2a: Doublade
|
|-end|p1a: Eldegoss|move: Taunt
|upkeep
|turn|10
|
|t:|1660653369
|move|p1a: Eldegoss|Sleep Powder|p2a: Doublade
|-status|p2a: Doublade|slp|[from] move: Sleep Powder
|cant|p2a: Doublade|slp
|
|upkeep
|turn|11
|l| PULT4C1 QiYu5
|inactive|pult4c1 shane has 120 seconds left.
|j| Carmin
|j| PULT4C1 QiYu5
|
|t:|1660653419
|switch|p1a: Sandslash|Sandslash, F|100/100
|-curestatus|p2a: Doublade|slp|[msg]
|move|p2a: Doublade|Shadow Claw|p1a: Sandslash
|-crit|p1a: Sandslash
|-damage|p1a: Sandslash|50/100
|
|upkeep
|turn|12
|
|t:|1660653425
|move|p1a: Sandslash|Earthquake|p2a: Doublade
|-supereffective|p2a: Doublade
|-damage|p2a: Doublade|0 fnt
|faint|p2a: Doublade
|-damage|p1a: Sandslash|40/100|[from] item: Life Orb
|
|upkeep
|
|t:|1660653430
|switch|p2a: Archeops|Archeops, M|100/100
|turn|13
|inactive|pult4c1 shane has 120 seconds left.
|
|t:|1660653443
|switch|p1a: Eldegoss|Eldegoss, F|50/100
|move|p2a: Archeops|Meteor Beam||[still]
|-prepare|p2a: Archeops|Meteor Beam
|-boost|p2a: Archeops|spa|1
|-enditem|p2a: Archeops|Power Herb
|-anim|p2a: Archeops|Meteor Beam|p1a: Eldegoss
|-damage|p1a: Eldegoss|0 fnt
|faint|p1a: Eldegoss
|
|upkeep
|
|t:|1660653447
|switch|p1a: Basculin|Basculin, F|100/100
|turn|14
|inactive|pult4c1 shane has 120 seconds left.
|
|t:|1660653463
|switch|p2a: Druddigon|Druddigon, F|29/100 brn
|-ability|p2a: Druddigon|Mold Breaker
|move|p1a: Basculin|Flip Turn|p2a: Druddigon
|-resisted|p2a: Druddigon
|-damage|p2a: Druddigon|5/100 brn
|inactive|pult4c1 shane has 120 seconds left.
|
|t:|1660653472
|switch|p1a: Scyther|Scyther, F|100/100|[from]move: Flip Turn
|
|-damage|p2a: Druddigon|0 fnt|[from] brn
|faint|p2a: Druddigon
|upkeep
|l| PULT4C1 QiYu5
|
|t:|1660653491
|switch|p2a: Vikavolt|Vikavolt, F|100/100
|turn|15
|inactive|pult4c1 shane has 120 seconds left.
|l| Carmin
|c|☆pult4c1 shane|shit gtg sorry
|c|☆pult4c1 shane|gg
|-message|pult4c1 shane forfeited.
|
|win|PULT4C1 Inder
|raw|pult4c1 shane's rating: 1450 &rarr; <strong>1429</strong><br />(-21 for losing)
|raw|PULT4C1 Inder's rating: 1428 &rarr; <strong>1449</strong><br />(+21 for winning)
|c|☆PULT4C1 Inder|oh no way
|c|☆PULT4C1 Inder|gg
|l|☆PULT4C1 Inder
||Ladder isn't responding, score probably updated but might not have (Request timeout).
|l| Haffling
