|j|☆AriaoftheStarstest
|j|☆Bigkevinm84
|t:|1623303868
|gametype|singles
|player|p1|AriaoftheStarstest|marley|1240
|player|p2|Bigkevinm84|acetrainer-gen4dp|1379
|teamsize|p1|6
|teamsize|p2|6
|gen|8
|tier|[Gen 8] PU
|rated|
|rule|Sleep Clause Mod: Limit one foe put to sleep
|rule|Species Clause: Limit one of each Pokémon
|rule|OHKO Clause: OHKO moves are banned
|rule|Evasion Moves Clause: Evasion moves are banned
|rule|Endless Battle Clause: Forcing endless battles is banned
|rule|HP Percentage Mod: HP is shown in percentages
|rule|Dynamax Clause: You cannot dynamax
|clearpoke
|poke|p1|Jynx, F|
|poke|p1|Ludicolo, M|
|poke|p1|Palossand, M|
|poke|p1|Togedemaru, F|
|poke|p1|Toxicroak, F|
|poke|p1|Jolteon, M|
|poke|p2|Togedemaru, L1, M|
|poke|p2|Gigalith, M|
|poke|p2|Sandslash, M|
|poke|p2|Qwilfish, M|
|poke|p2|Silvally-*|
|poke|p2|Exeggutor-Alola, F|
|teampreview
|inactive|Battle timer is ON: inactive players will automatically lose when time's up. (requested by Bigkevinm84)
|
|t:|1623303896
|start
|switch|p1a: Jolteon|Jolteon, M|100/100
|switch|p2a: Squilly|Qwilfish, M|100/100
|-ability|p2a: Squilly|Intimidate|boost
|-unboost|p1a: Jolteon|atk|1
|turn|1
|
|t:|1623303911
|switch|p2a: Baby Blue|Sandslash, M, shiny|100/100
|move|p1a: Jolteon|Rain Dance|p1a: Jolteon
|-weather|RainDance
|
|-weather|RainDance|[upkeep]
|upkeep
|turn|2
|
|t:|1623303921
|switch|p1a: Ludicolo|Ludicolo, M|100/100
|switch|p2a: Purple Majesty|Gigalith, M, shiny|100/100
|-weather|Sandstorm|[from] ability: Sand Stream|[of] p2a: Purple Majesty
|
|-weather|Sandstorm|[upkeep]
|-damage|p1a: Ludicolo|95/100|[from] Sandstorm
|upkeep
|turn|3
|
|t:|1623303929
|move|p1a: Ludicolo|Rain Dance|p1a: Ludicolo
|-weather|RainDance
|move|p2a: Purple Majesty|Toxic|p1a: Ludicolo
|-status|p1a: Ludicolo|tox
|
|-weather|RainDance|[upkeep]
|-damage|p1a: Ludicolo|89/100 tox|[from] psn
|upkeep
|turn|4
|
|t:|1623303936
|switch|p2a: Squilly|Qwilfish, M|100/100
|-ability|p2a: Squilly|Intimidate|boost
|-unboost|p1a: Ludicolo|atk|1
|move|p1a: Ludicolo|Hydro Pump|p2a: Squilly
|-resisted|p2a: Squilly
|-damage|p2a: Squilly|39/100
|
|-weather|RainDance|[upkeep]
|-heal|p2a: Squilly|45/100|[from] item: Black Sludge
|-damage|p1a: Ludicolo|77/100 tox|[from] psn
|upkeep
|turn|5
|
|t:|1623303961
|switch|p2a: Purple Majesty|Gigalith, M, shiny|100/100
|-weather|Sandstorm|[from] ability: Sand Stream|[of] p2a: Purple Majesty
|move|p1a: Ludicolo|Hydro Pump|p2a: Purple Majesty
|-supereffective|p2a: Purple Majesty
|-damage|p2a: Purple Majesty|54/100
|
|-weather|Sandstorm|[upkeep]
|-damage|p1a: Ludicolo|71/100 tox|[from] Sandstorm
|-damage|p1a: Ludicolo|53/100 tox|[from] psn
|upkeep
|turn|6
|
|t:|1623303974
|switch|p1a: Palossand|Palossand, M|100/100
|move|p2a: Purple Majesty|Stealth Rock|p1a: Palossand
|-sidestart|p1: AriaoftheStarstest|move: Stealth Rock
|
|-weather|Sandstorm|[upkeep]
|upkeep
|turn|7
|
|t:|1623303987
|move|p1a: Palossand|Toxic|p2a: Purple Majesty
|-status|p2a: Purple Majesty|tox
|move|p2a: Purple Majesty|Toxic|p1a: Palossand
|-status|p1a: Palossand|tox
|
|-weather|Sandstorm|[upkeep]
|-damage|p1a: Palossand|94/100 tox|[from] psn
|-damage|p2a: Purple Majesty|48/100 tox|[from] psn
|upkeep
|turn|8
|
|t:|1623303995
|switch|p2a: Long Girl|Exeggutor-Alola, F|100/100
|move|p1a: Palossand|Scorching Sands|p2a: Long Girl
|-resisted|p2a: Long Girl
|-damage|p2a: Long Girl|88/100
|-status|p2a: Long Girl|brn
|
|-weather|Sandstorm|[upkeep]
|-damage|p2a: Long Girl|82/100 brn|[from] Sandstorm
|-damage|p1a: Palossand|82/100 tox|[from] psn
|-damage|p2a: Long Girl|76/100 brn|[from] brn
|upkeep
|turn|9
|
|t:|1623304019
|switch|p1a: Jolteon|Jolteon, M|100/100
|-damage|p1a: Jolteon|88/100|[from] Stealth Rock
|move|p2a: Long Girl|Substitute|p2a: Long Girl
|-start|p2a: Long Girl|Substitute
|-damage|p2a: Long Girl|51/100 brn
|
|-weather|Sandstorm|[upkeep]
|-damage|p1a: Jolteon|82/100|[from] Sandstorm
|-damage|p2a: Long Girl|45/100 brn|[from] Sandstorm
|-enditem|p2a: Long Girl|Sitrus Berry|[eat]
|-heal|p2a: Long Girl|70/100 brn|[from] item: Sitrus Berry
|-damage|p2a: Long Girl|64/100 brn|[from] brn
|-item|p2a: Long Girl|Sitrus Berry|[from] ability: Harvest
|upkeep
|turn|10
|
|t:|1623304034
|move|p1a: Jolteon|Rain Dance|p1a: Jolteon
|-weather|RainDance
|move|p2a: Long Girl|Giga Drain|p1a: Jolteon
|-damage|p1a: Jolteon|43/100
|-heal|p2a: Long Girl|77/100 brn|[from] drain|[of] p1a: Jolteon
|
|-weather|RainDance|[upkeep]
|-damage|p2a: Long Girl|71/100 brn|[from] brn
|upkeep
|turn|11
|
|t:|1623304044
|move|p1a: Jolteon|Volt Switch|p2a: Long Girl
|-resisted|p2a: Long Girl
|-activate|p2a: Long Girl|move: Substitute|[damage]
|inactive|AriaoftheStarstest has 120 seconds left.
|
|t:|1623304066
|switch|p1a: Jynx|Jynx, F|100/100|[from]move: Volt Switch
|-damage|p1a: Jynx|76/100|[from] Stealth Rock
|move|p2a: Long Girl|Giga Drain|p1a: Jynx
|-damage|p1a: Jynx|31/100
|-heal|p2a: Long Girl|86/100 brn|[from] drain|[of] p1a: Jynx
|
|-weather|RainDance|[upkeep]
|-heal|p1a: Jynx|44/100|[from] ability: Dry Skin
|-damage|p2a: Long Girl|80/100 brn|[from] brn
|upkeep
|turn|12
|inactive|AriaoftheStarstest has 120 seconds left.
|
|t:|1623304077
|move|p1a: Jynx|Hyper Voice|p2a: Long Girl
|-damage|p2a: Long Girl|48/100 brn
|-enditem|p2a: Long Girl|Sitrus Berry|[eat]
|-heal|p2a: Long Girl|73/100 brn|[from] item: Sitrus Berry
|move|p2a: Long Girl|Giga Drain|p1a: Jynx
|-damage|p1a: Jynx|2/100
|-heal|p2a: Long Girl|87/100 brn|[from] drain|[of] p1a: Jynx
|
|-weather|RainDance|[upkeep]
|-heal|p1a: Jynx|14/100|[from] ability: Dry Skin
|-damage|p2a: Long Girl|81/100 brn|[from] brn
|upkeep
|turn|13
|inactive|AriaoftheStarstest has 120 seconds left.
|
|t:|1623304090
|move|p1a: Jynx|Hyper Voice|p2a: Long Girl
|-damage|p2a: Long Girl|49/100 brn
|move|p2a: Long Girl|Giga Drain|p1a: Jynx
|-damage|p1a: Jynx|0 fnt
|-heal|p2a: Long Girl|54/100 brn|[from] drain|[of] p1a: Jynx
|faint|p1a: Jynx
|
|-weather|RainDance|[upkeep]
|-damage|p2a: Long Girl|47/100 brn|[from] brn
|-item|p2a: Long Girl|Sitrus Berry|[from] ability: Harvest
|upkeep
|-enditem|p2a: Long Girl|Sitrus Berry|[eat]
|-heal|p2a: Long Girl|72/100 brn|[from] item: Sitrus Berry
|
|t:|1623304113
|switch|p1a: Toxicroak|Toxicroak, F|100/100
|-damage|p1a: Toxicroak|94/100|[from] Stealth Rock
|turn|14
|
|t:|1623304119
|move|p1a: Toxicroak|Drain Punch|p2a: Long Girl
|-crit|p2a: Long Girl
|-end|p2a: Long Girl|Substitute
|-heal|p1a: Toxicroak|100/100|[from] drain|[of] p2a: Long Girl
|-damage|p1a: Toxicroak|91/100|[from] item: Life Orb
|move|p2a: Long Girl|Dragon Tail|p1a: Toxicroak|[miss]
|-miss|p2a: Long Girl|p1a: Toxicroak
|
|-weather|RainDance|[upkeep]
|-heal|p1a: Toxicroak|100/100|[from] ability: Dry Skin
|-damage|p2a: Long Girl|66/100 brn|[from] brn
|-item|p2a: Long Girl|Sitrus Berry|[from] ability: Harvest
|upkeep
|turn|15
|
|t:|1623304131
|switch|p2a: Purple Majesty|Gigalith, M, shiny|48/100 tox
|-weather|Sandstorm|[from] ability: Sand Stream|[of] p2a: Purple Majesty
|move|p1a: Toxicroak|Gunk Shot|p2a: Purple Majesty
|-resisted|p2a: Purple Majesty
|-damage|p2a: Purple Majesty|21/100 tox
|-damage|p1a: Toxicroak|91/100|[from] item: Life Orb
|
|-weather|Sandstorm|[upkeep]
|-damage|p1a: Toxicroak|85/100|[from] Sandstorm
|-damage|p2a: Purple Majesty|15/100 tox|[from] psn
|upkeep
|turn|16
|
|t:|1623304142
|switch|p2a: Squilly|Qwilfish, M|45/100
|-ability|p2a: Squilly|Intimidate|boost
|-unboost|p1a: Toxicroak|atk|1
|move|p1a: Toxicroak|Drain Punch|p2a: Squilly
|-resisted|p2a: Squilly
|-damage|p2a: Squilly|29/100
|-heal|p1a: Toxicroak|94/100|[from] drain|[of] p2a: Squilly
|-damage|p1a: Toxicroak|84/100|[from] item: Life Orb
|
|-weather|Sandstorm|[upkeep]
|-damage|p1a: Toxicroak|78/100|[from] Sandstorm
|-damage|p2a: Squilly|23/100|[from] Sandstorm
|-heal|p2a: Squilly|29/100|[from] item: Black Sludge
|upkeep
|turn|17
|
|t:|1623304166
|switch|p1a: Togedemaru|Togedemaru, F|100/100
|-damage|p1a: Togedemaru|95/100|[from] Stealth Rock
|move|p2a: Squilly|Toxic Spikes|p1a: Togedemaru
|-sidestart|p1: AriaoftheStarstest|move: Toxic Spikes
|
|-weather|Sandstorm|[upkeep]
|-damage|p2a: Squilly|23/100|[from] Sandstorm
|-heal|p2a: Squilly|29/100|[from] item: Black Sludge
|upkeep
|turn|18
|
|t:|1623304175
|switch|p2a: Baby Blue|Sandslash, M, shiny|100/100
|move|p1a: Togedemaru|Nuzzle|p2a: Baby Blue
|-immune|p2a: Baby Blue
|
|-weather|Sandstorm|[upkeep]
|upkeep
|turn|19
|
|t:|1623304184
|switch|p1a: Palossand|Palossand, M|82/100 tox
|-damage|p1a: Palossand|76/100 tox|[from] Stealth Rock
|move|p2a: Baby Blue|Earthquake|p1a: Palossand
|-damage|p1a: Palossand|48/100 tox
|
|-weather|Sandstorm|[upkeep]
|-damage|p1a: Palossand|42/100 tox|[from] psn
|upkeep
|turn|20
|
|t:|1623304194
|move|p2a: Baby Blue|Swords Dance|p2a: Baby Blue
|-boost|p2a: Baby Blue|atk|2
|move|p1a: Palossand|Shore Up|p1a: Palossand
|-heal|p1a: Palossand|100/100 tox
|
|-weather|Sandstorm|[upkeep]
|-damage|p1a: Palossand|88/100 tox|[from] psn
|upkeep
|turn|21
|
|t:|1623304204
|move|p2a: Baby Blue|Knock Off|p1a: Palossand
|-supereffective|p1a: Palossand
|-enditem|p1a: Palossand|Colbur Berry|[eat]
|-enditem|p1a: Palossand|Colbur Berry|[weaken]
|-damage|p1a: Palossand|45/100 tox
|move|p1a: Palossand|Shadow Ball|p2a: Baby Blue
|-damage|p2a: Baby Blue|48/100
|
|-weather|Sandstorm|[upkeep]
|-damage|p1a: Palossand|27/100 tox|[from] psn
|upkeep
|turn|22
|
|t:|1623304215
|move|p2a: Baby Blue|Earthquake|p1a: Palossand
|-damage|p1a: Palossand|0 fnt
|faint|p1a: Palossand
|
|-weather|none
|upkeep
|
|t:|1623304222
|switch|p1a: Toxicroak|Toxicroak, F|78/100
|-sideend|p1: AriaoftheStarstest|move: Toxic Spikes|[of] p1a: Toxicroak
|-damage|p1a: Toxicroak|72/100|[from] Stealth Rock
|turn|23
|inactive|AriaoftheStarstest has 120 seconds left.
|
|t:|1623304230
|switch|p2a: Purple Majesty|Gigalith, M, shiny|15/100 tox
|-weather|Sandstorm|[from] ability: Sand Stream|[of] p2a: Purple Majesty
|move|p1a: Toxicroak|Drain Punch|p2a: Purple Majesty
|-supereffective|p2a: Purple Majesty
|-damage|p2a: Purple Majesty|0 fnt
|-heal|p1a: Toxicroak|81/100|[from] drain|[of] p2a: Purple Majesty
|faint|p2a: Purple Majesty
|-damage|p1a: Toxicroak|71/100|[from] item: Life Orb
|
|-weather|Sandstorm|[upkeep]
|-damage|p1a: Toxicroak|65/100|[from] Sandstorm
|upkeep
|
|t:|1623304237
|switch|p2a: Mecha-Mickey|Togedemaru, L1, M|100/100
|turn|24
|
|t:|1623304244
|switch|p1a: Togedemaru|Togedemaru, F|95/100
|-damage|p1a: Togedemaru|89/100|[from] Stealth Rock
|move|p2a: Mecha-Mickey|Endeavor|p1a: Togedemaru
|-damage|p1a: Togedemaru|4/100
|-damage|p2a: Mecha-Mickey|92/100|[from] ability: Iron Barbs|[of] p1a: Togedemaru
|-damage|p2a: Mecha-Mickey|75/100|[from] item: Rocky Helmet|[of] p1a: Togedemaru
|-heal|p2a: Mecha-Mickey|100/100|[from] item: Shell Bell|[of] p1a: Togedemaru
|
|-weather|Sandstorm|[upkeep]
|upkeep
|turn|25
|inactive|AriaoftheStarstest has 120 seconds left.
|
|t:|1623304268
|switch|p2a: Baby Blue|Sandslash, M, shiny|48/100
|move|p1a: Togedemaru|Spiky Shield||[still]
|-fail|p1a: Togedemaru
|
|-weather|Sandstorm|[upkeep]
|upkeep
|turn|26
|
|t:|1623304275
|move|p2a: Baby Blue|Earthquake|p1a: Togedemaru
|-supereffective|p1a: Togedemaru
|-damage|p1a: Togedemaru|0 fnt
|faint|p1a: Togedemaru
|
|-weather|Sandstorm|[upkeep]
|upkeep
|
|t:|1623304285
|switch|p1a: Ludicolo|Ludicolo, M|53/100 tox
|-damage|p1a: Ludicolo|41/100 tox|[from] Stealth Rock
|turn|27
|
|t:|1623304289
|move|p2a: Baby Blue|Knock Off|p1a: Ludicolo
|-damage|p1a: Ludicolo|0 fnt
|-enditem|p1a: Ludicolo|Damp Rock|[from] move: Knock Off|[of] p2a: Baby Blue
|faint|p1a: Ludicolo
|
|-weather|Sandstorm|[upkeep]
|upkeep
|
|t:|1623304296
|switch|p1a: Jolteon|Jolteon, M|43/100
|-damage|p1a: Jolteon|30/100|[from] Stealth Rock
|turn|28
|
|t:|1623304300
|move|p2a: Baby Blue|Earthquake|p1a: Jolteon
|-supereffective|p1a: Jolteon
|-damage|p1a: Jolteon|0 fnt
|faint|p1a: Jolteon
|
|-weather|Sandstorm|[upkeep]
|upkeep
|c|☆AriaoftheStarstest|gg
|
|t:|1623304308
|switch|p1a: Toxicroak|Toxicroak, F|65/100
|-damage|p1a: Toxicroak|58/100|[from] Stealth Rock
|turn|29
|
|t:|1623304313
|move|p1a: Toxicroak|Sucker Punch|p2a: Baby Blue
|-damage|p2a: Baby Blue|18/100
|-damage|p1a: Toxicroak|49/100|[from] item: Life Orb
|move|p2a: Baby Blue|Earthquake|p1a: Toxicroak
|-supereffective|p1a: Toxicroak
|-damage|p1a: Toxicroak|0 fnt
|faint|p1a: Toxicroak
|
|win|Bigkevinm84
|raw|AriaoftheStarstest's rating: 1240 &rarr; <strong>1225</strong><br />(-15 for losing)
|raw|Bigkevinm84's rating: 1379 &rarr; <strong>1391</strong><br />(+12 for winning)
|c|☆Bigkevinm84|gg
|l|☆AriaoftheStarstest
