|raw|<div class="broadcast-blue"><strong>This battle is required to be public due to a player having a name starting with 'pult4c1'.</div>
|j|☆PULT4C1 Redemption
|j|☆pult4c1 S1n
|t:|1660943126
|gametype|singles
|player|p1|PULT4C1 Redemption|#redemption|1273
|player|p2|pult4c1 S1n|#ho3nconfirm3d|1593
|teamsize|p1|6
|teamsize|p2|6
|gen|8
|tier|[Gen 8] PU
|rated|
|rule|Sleep Clause Mod: Limit one foe put to sleep
|rule|Species Clause: Limit one of each Pokémon
|rule|OHKO Clause: OHKO moves are banned
|rule|Evasion Items Clause: Evasion items are banned
|rule|Evasion Moves Clause: Evasion moves are banned
|rule|Endless Battle Clause: Forcing endless battles is banned
|rule|HP Percentage Mod: HP is shown in percentages
|rule|Dynamax Clause: You cannot dynamax
|clearpoke
|poke|p1|Archeops, M|
|poke|p1|Rapidash-Galar, F|
|poke|p1|Frosmoth, M|
|poke|p1|Doublade, M|
|poke|p1|Lycanroc, M|
|poke|p1|Charizard, M|
|poke|p2|Articuno-Galar|
|poke|p2|Garbodor, F|
|poke|p2|Eldegoss, F|
|poke|p2|Scrafty, M|
|poke|p2|Gigalith, F|
|poke|p2|Sandslash, M|
|teampreview
|j| Hoshibi
|j| PULT4C1 Carmin
|inactive|Battle timer is ON: inactive players will automatically lose when time's up. (requested by PULT4C1 Redemption)
|j| nuyb salt
|
|t:|1660943205
|start
|switch|p1a: Archeops|Archeops, M|100/100
|switch|p2a: Gigalith|Gigalith, F|100/100
|-weather|Sandstorm|[from] ability: Sand Stream|[of] p2a: Gigalith
|turn|1
|
|t:|1660943213
|move|p1a: Archeops|Stealth Rock|p2a: Gigalith
|-sidestart|p2: pult4c1 S1n|move: Stealth Rock
|move|p2a: Gigalith|Rock Blast|p1a: Archeops
|-supereffective|p1a: Archeops
|-damage|p1a: Archeops|65/100
|-supereffective|p1a: Archeops
|-damage|p1a: Archeops|30/100
|-hitcount|p1a: Archeops|2
|
|-weather|Sandstorm|[upkeep]
|upkeep
|turn|2
|
|t:|1660943224
|move|p1a: Archeops|Taunt|p2a: Gigalith
|-start|p2a: Gigalith|move: Taunt
|cant|p2a: Gigalith|move: Taunt|Stealth Rock
|
|-weather|Sandstorm|[upkeep]
|upkeep
|turn|3
|
|t:|1660943229
|move|p1a: Archeops|Earthquake|p2a: Gigalith
|-supereffective|p2a: Gigalith
|-damage|p2a: Gigalith|73/100
|move|p2a: Gigalith|Rock Blast|p1a: Archeops
|-supereffective|p1a: Archeops
|-damage|p1a: Archeops|0 fnt
|faint|p1a: Archeops
|-hitcount|p1: Archeops|1
|
|-weather|Sandstorm|[upkeep]
|-heal|p2a: Gigalith|79/100|[from] item: Leftovers
|upkeep
|inactive|PULT4C1 Redemption has 120 seconds left.
|
|t:|1660943287
|switch|p1a: Doublade|Doublade, M|100/100
|turn|4
|
|t:|1660943291
|switch|p2a: Eldegoss|Eldegoss, F|100/100
|move|p1a: Doublade|Swords Dance|p1a: Doublade
|-boost|p1a: Doublade|atk|2
|
|-weather|Sandstorm|[upkeep]
|-damage|p2a: Eldegoss|94/100|[from] Sandstorm
|upkeep
|turn|5
|
|t:|1660943296
|move|p2a: Eldegoss|Sleep Powder|p1a: Doublade
|-status|p1a: Doublade|slp|[from] move: Sleep Powder
|cant|p1a: Doublade|slp
|
|-weather|none
|upkeep
|turn|6
|
|t:|1660943299
|move|p2a: Eldegoss|Charm|p1a: Doublade
|-unboost|p1a: Doublade|atk|2
|cant|p1a: Doublade|slp
|
|upkeep
|turn|7
|
|t:|1660943308
|move|p2a: Eldegoss|Rapid Spin|p1a: Doublade
|-immune|p1a: Doublade
|-curestatus|p1a: Doublade|slp|[msg]
|move|p1a: Doublade|Swords Dance|p1a: Doublade
|-boost|p1a: Doublade|atk|2
|
|upkeep
|turn|8
|
|t:|1660943312
|move|p2a: Eldegoss|Charm|p1a: Doublade
|-unboost|p1a: Doublade|atk|2
|move|p1a: Doublade|Iron Head|p2a: Eldegoss
|-damage|p2a: Eldegoss|61/100
|
|upkeep
|turn|9
|
|t:|1660943317
|move|p2a: Eldegoss|Sleep Powder|p1a: Doublade
|-status|p1a: Doublade|slp|[from] move: Sleep Powder
|cant|p1a: Doublade|slp
|
|upkeep
|turn|10
|
|t:|1660943324
|move|p2a: Eldegoss|Giga Drain|p1a: Doublade
|-resisted|p1a: Doublade
|-damage|p1a: Doublade|87/100 slp
|-heal|p2a: Eldegoss|67/100|[from] drain|[of] p1a: Doublade
|-curestatus|p1a: Doublade|slp|[msg]
|move|p1a: Doublade|Swords Dance|p1a: Doublade
|-boost|p1a: Doublade|atk|2
|
|upkeep
|turn|11
|
|t:|1660943328
|move|p2a: Eldegoss|Sleep Powder|p1a: Doublade
|-status|p1a: Doublade|slp|[from] move: Sleep Powder
|cant|p1a: Doublade|slp
|
|upkeep
|turn|12
|
|t:|1660943341
|switch|p1a: Charizard|Charizard, M|100/100
|move|p2a: Eldegoss|Charm|p1a: Charizard
|-unboost|p1a: Charizard|atk|2
|
|upkeep
|turn|13
|
|t:|1660943349
|switch|p2a: Articuno|Articuno-Galar|100/100
|move|p1a: Charizard|Substitute|p1a: Charizard
|-start|p1a: Charizard|Substitute
|-damage|p1a: Charizard|75/100
|
|upkeep
|turn|14
|
|t:|1660943355
|move|p2a: Articuno|Hurricane|p1a: Charizard|[miss]
|-miss|p2a: Articuno|p1a: Charizard
|move|p1a: Charizard|Belly Drum|p1a: Charizard
|-damage|p1a: Charizard|25/100
|-setboost|p1a: Charizard|atk|6|[from] move: Belly Drum
|-enditem|p1a: Charizard|Salac Berry|[eat]
|-boost|p1a: Charizard|spe|1|[from] item: Salac Berry
|
|upkeep
|turn|15
|
|t:|1660943362
|switch|p2a: Garbodor|Garbodor, F|100/100
|-damage|p2a: Garbodor|88/100|[from] Stealth Rock
|move|p1a: Charizard|Flame Charge|p2a: Garbodor
|-damage|p2a: Garbodor|0 fnt
|-boost|p1a: Charizard|spe|1
|-damage|p1a: Charizard|0 fnt|[from] ability: Aftermath|[of] p2a: Garbodor
|faint|p2a: Garbodor
|faint|p1a: Charizard
|
|upkeep
|j| PULT4C1 Haffling
|
|t:|1660943385
|switch|p1a: Rapidash|Rapidash-Galar, F|100/100
|switch|p2a: Eldegoss|Eldegoss, F|100/100
|turn|16
|
|t:|1660943393
|move|p1a: Rapidash|Swords Dance|p1a: Rapidash
|-boost|p1a: Rapidash|atk|2
|move|p2a: Eldegoss|Rapid Spin|p1a: Rapidash
|-damage|p1a: Rapidash|90/100
|-boost|p2a: Eldegoss|spe|1
|-sideend|p2: pult4c1 S1n|Stealth Rock|[from] move: Rapid Spin|[of] p2a: Eldegoss
|
|upkeep
|turn|17
|
|t:|1660943401
|move|p1a: Rapidash|Play Rough|p2a: Eldegoss
|-damage|p2a: Eldegoss|19/100
|-damage|p1a: Rapidash|80/100|[from] item: Life Orb
|move|p2a: Eldegoss|Charm|p1a: Rapidash
|-unboost|p1a: Rapidash|atk|2
|
|upkeep
|turn|18
|
|t:|1660943413
|switch|p2a: Gigalith|Gigalith, F|79/100
|-weather|Sandstorm|[from] ability: Sand Stream|[of] p2a: Gigalith
|move|p1a: Rapidash|Swords Dance|p1a: Rapidash
|-boost|p1a: Rapidash|atk|2
|
|-weather|Sandstorm|[upkeep]
|-damage|p1a: Rapidash|74/100|[from] Sandstorm
|-heal|p2a: Gigalith|86/100|[from] item: Leftovers
|upkeep
|turn|19
|
|t:|1660943418
|move|p2a: Gigalith|Protect|p2a: Gigalith
|-singleturn|p2a: Gigalith|Protect
|move|p1a: Rapidash|High Horsepower|p2a: Gigalith
|-activate|p2a: Gigalith|move: Protect
|
|-weather|Sandstorm|[upkeep]
|-damage|p1a: Rapidash|68/100|[from] Sandstorm
|-heal|p2a: Gigalith|92/100|[from] item: Leftovers
|upkeep
|turn|20
|
|t:|1660943432
|switch|p2a: Articuno|Articuno-Galar|100/100
|move|p1a: Rapidash|High Horsepower|p2a: Articuno
|-immune|p2a: Articuno
|
|-weather|Sandstorm|[upkeep]
|-damage|p1a: Rapidash|62/100|[from] Sandstorm
|-damage|p2a: Articuno|94/100|[from] Sandstorm
|upkeep
|turn|21
|
|t:|1660943438
|move|p1a: Rapidash|Play Rough|p2a: Articuno
|-damage|p2a: Articuno|0 fnt
|faint|p2a: Articuno
|-damage|p1a: Rapidash|53/100|[from] item: Life Orb
|
|-weather|Sandstorm|[upkeep]
|-damage|p1a: Rapidash|47/100|[from] Sandstorm
|upkeep
|
|t:|1660943439
|switch|p2a: Sandslash|Sandslash, M|100/100
|turn|22
|inactive|PULT4C1 Redemption has 120 seconds left.
|
|t:|1660943490
|move|p2a: Sandslash|Earthquake|p1a: Rapidash
|-damage|p1a: Rapidash|0 fnt
|faint|p1a: Rapidash
|-damage|p2a: Sandslash|91/100|[from] item: Life Orb
|
|-weather|none
|upkeep
|
|t:|1660943493
|switch|p1a: Frosmoth|Frosmoth, M|100/100
|turn|23
|
|t:|1660943506
|switch|p2a: Gigalith|Gigalith, F|92/100
|-weather|Sandstorm|[from] ability: Sand Stream|[of] p2a: Gigalith
|move|p1a: Frosmoth|Giga Drain|p2a: Gigalith
|-supereffective|p2a: Gigalith
|-damage|p2a: Gigalith|65/100
|
|-weather|Sandstorm|[upkeep]
|-damage|p1a: Frosmoth|94/100|[from] Sandstorm
|-heal|p2a: Gigalith|72/100|[from] item: Leftovers
|upkeep
|turn|24
|j| pancreas prolapse
|
|t:|1660943515
|switch|p1a: Doublade|Doublade, M|87/100 slp
|move|p2a: Gigalith|Rock Blast|p1a: Doublade
|-resisted|p1a: Doublade
|-damage|p1a: Doublade|84/100 slp
|-resisted|p1a: Doublade
|-damage|p1a: Doublade|82/100 slp
|-hitcount|p1a: Doublade|2
|
|-weather|Sandstorm|[upkeep]
|-heal|p2a: Gigalith|78/100|[from] item: Leftovers
|upkeep
|turn|25
|
|t:|1660943524
|switch|p2a: Scrafty|Scrafty, M|100/100
|cant|p1a: Doublade|slp
|
|-weather|Sandstorm|[upkeep]
|-damage|p2a: Scrafty|95/100|[from] Sandstorm
|-heal|p2a: Scrafty|100/100|[from] item: Leftovers
|upkeep
|turn|26
|inactive|PULT4C1 Redemption has 120 seconds left.
|
|t:|1660943533
|move|p2a: Scrafty|Knock Off|p1a: Doublade
|-supereffective|p1a: Doublade
|-damage|p1a: Doublade|45/100 slp
|-enditem|p1a: Doublade|Eviolite|[from] move: Knock Off|[of] p2a: Scrafty
|-curestatus|p1a: Doublade|slp|[msg]
|move|p1a: Doublade|Close Combat|p2a: Scrafty
|-supereffective|p2a: Scrafty
|-damage|p2a: Scrafty|16/100
|-unboost|p1a: Doublade|def|1
|-unboost|p1a: Doublade|spd|1
|
|-weather|Sandstorm|[upkeep]
|-damage|p2a: Scrafty|10/100|[from] Sandstorm
|-heal|p2a: Scrafty|16/100|[from] item: Leftovers
|upkeep
|turn|27
|inactive|PULT4C1 Redemption has 120 seconds left.
|inactive|PULT4C1 Redemption has 90 seconds left.
|
|t:|1660943580
|move|p1a: Doublade|Shadow Sneak|p2a: Scrafty
|-resisted|p2a: Scrafty
|-damage|p2a: Scrafty|4/100
|move|p2a: Scrafty|Knock Off|p1a: Doublade
|-supereffective|p1a: Doublade
|-damage|p1a: Doublade|0 fnt
|faint|p1a: Doublade
|
|-weather|none
|-heal|p2a: Scrafty|10/100|[from] item: Leftovers
|upkeep
|inactive|PULT4C1 Redemption has 60 seconds left.
|inactive|PULT4C1 Redemption has 30 seconds left.
|
|t:|1660943644
|switch|p1a: Frosmoth|Frosmoth, M|94/100
|turn|28
|
|t:|1660943650
|move|p1a: Frosmoth|Giga Drain|p2a: Scrafty
|-damage|p2a: Scrafty|0 fnt
|-heal|p1a: Frosmoth|99/100|[from] drain|[of] p2a: Scrafty
|faint|p2a: Scrafty
|
|upkeep
|
|t:|1660943652
|switch|p2a: Gigalith|Gigalith, F|78/100
|-weather|Sandstorm|[from] ability: Sand Stream|[of] p2a: Gigalith
|turn|29
|
|t:|1660943654
|switch|p1a: Lycanroc|Lycanroc, M|100/100
|move|p2a: Gigalith|Rock Blast|p1a: Lycanroc
|-damage|p1a: Lycanroc|81/100
|-damage|p1a: Lycanroc|61/100
|-damage|p1a: Lycanroc|43/100
|-damage|p1a: Lycanroc|26/100
|-hitcount|p1a: Lycanroc|4
|
|-weather|Sandstorm|[upkeep]
|-heal|p2a: Gigalith|84/100|[from] item: Leftovers
|upkeep
|turn|30
|
|t:|1660943668
|move|p2a: Gigalith|Protect|p2a: Gigalith
|-singleturn|p2a: Gigalith|Protect
|move|p1a: Lycanroc|Close Combat|p2a: Gigalith
|-activate|p2a: Gigalith|move: Protect
|
|-weather|Sandstorm|[upkeep]
|-heal|p2a: Gigalith|90/100|[from] item: Leftovers
|upkeep
|turn|31
|
|t:|1660943693
|switch|p2a: Eldegoss|Eldegoss, F|53/100
|move|p1a: Lycanroc|Swords Dance|p1a: Lycanroc
|-boost|p1a: Lycanroc|atk|2
|
|-weather|Sandstorm|[upkeep]
|-damage|p2a: Eldegoss|46/100|[from] Sandstorm
|upkeep
|turn|32
|
|t:|1660943705
|move|p1a: Lycanroc|Close Combat|p2a: Eldegoss
|-damage|p2a: Eldegoss|0 fnt
|-unboost|p1a: Lycanroc|def|1
|-unboost|p1a: Lycanroc|spd|1
|faint|p2a: Eldegoss
|-damage|p1a: Lycanroc|16/100|[from] item: Life Orb
|
|-weather|Sandstorm|[upkeep]
|upkeep
|
|t:|1660943709
|switch|p2a: Sandslash|Sandslash, M|91/100
|turn|33
|
|t:|1660943724
|move|p1a: Lycanroc|Close Combat|p2a: Sandslash
|-damage|p2a: Sandslash|0 fnt
|-unboost|p1a: Lycanroc|def|1
|-unboost|p1a: Lycanroc|spd|1
|faint|p2a: Sandslash
|-damage|p1a: Lycanroc|6/100|[from] item: Life Orb
|
|-weather|none
|upkeep
|c|☆pult4c1 S1n|I thought i was faster LOL
|
|t:|1660943735
|switch|p2a: Gigalith|Gigalith, F|90/100
|-weather|Sandstorm|[from] ability: Sand Stream|[of] p2a: Gigalith
|turn|34
|
|t:|1660943738
|move|p2a: Gigalith|Protect|p2a: Gigalith
|-singleturn|p2a: Gigalith|Protect
|move|p1a: Lycanroc|Close Combat|p2a: Gigalith
|-activate|p2a: Gigalith|move: Protect
|
|-weather|Sandstorm|[upkeep]
|-heal|p2a: Gigalith|96/100|[from] item: Leftovers
|upkeep
|turn|35
|
|t:|1660943741
|move|p1a: Lycanroc|Close Combat|p2a: Gigalith
|-supereffective|p2a: Gigalith
|-damage|p2a: Gigalith|0 fnt
|-unboost|p1a: Lycanroc|def|1
|-unboost|p1a: Lycanroc|spd|1
|faint|p2a: Gigalith
|-damage|p1a: Lycanroc|0 fnt|[from] item: Life Orb
|faint|p1a: Lycanroc
|
|win|PULT4C1 Redemption
|raw|PULT4C1 Redemption's rating: 1273 &rarr; <strong>1316</strong><br />(+43 for winning)
|raw|pult4c1 S1n's rating: 1593 &rarr; <strong>1558</strong><br />(-35 for losing)
|l|☆pult4c1 S1n
|l| PULT4C1 Carmin
|l|☆PULT4C1 Redemption
|l| nuyb salt
|l| Hoshibi
||Ladder isn't responding, score probably updated but might not have (Request timeout).
|j| Hoshibi
|l| Hoshibi
|l| pancreas prolapse
|j| Inder
|l| Inder
|l| PULT4C1 Haffling
|j| turtledoggo1
|l| turtledoggo1
|j| turtledoggo1
|l| turtledoggo1
