|j|☆sugar ovens
|j|☆MAc3 ✝
|t:|1667692039
|gametype|singles
|player|p1|sugar ovens|twins|
|player|p2|MAc3 ✝|roxie|
|teamsize|p1|6
|teamsize|p2|6
|gen|8
|tier|[Gen 8] PU
|rated|Tournament battle
|rule|Sleep Clause Mod: Limit one foe put to sleep
|rule|Species Clause: Limit one of each Pokémon
|rule|OHKO Clause: OHKO moves are banned
|rule|Evasion Items Clause: Evasion items are banned
|rule|Evasion Moves Clause: Evasion moves are banned
|rule|Endless Battle Clause: Forcing endless battles is banned
|rule|HP Percentage Mod: HP is shown in percentages
|rule|Dynamax Clause: You cannot dynamax
|rule|Camomons Mod: Pokémon have their types set to match their first two moves.
|clearpoke
|poke|p1|Cinccino, F|
|poke|p1|Magneton|
|poke|p1|Marowak, M|
|poke|p1|Gigalith, M|
|poke|p1|Eldegoss, M|
|poke|p1|Ribombee, F|
|poke|p2|Audino, M|
|poke|p2|Altaria, M|
|poke|p2|Corsola, F|
|poke|p2|Articuno|
|poke|p2|Swoobat, F|
|poke|p2|Alcremie, F|
|teampreview
|j| gimicktest8
|j|%Haffling
|j| Kython
|
|t:|1667692060
|start
|switch|p1a: Magneton|Magneton|100/100
|switch|p2a: Corsola|Corsola, F|100/100
|-start|p1a: Magneton|typechange|Steel/Electric|[silent]
|-start|p2a: Corsola|typechange|Poison/Ground|[silent]
|-start|p1a: Magneton|typechange|Steel/Electric|[silent]
|-start|p2a: Corsola|typechange|Poison/Ground|[silent]
|turn|1
|
|t:|1667692087
|switch|p1a: Marowak|Marowak, M|100/100
|-start|p1a: Marowak|typechange|Ground/Dark|[silent]
|move|p2a: Corsola|Stealth Rock|p1a: Marowak
|-sidestart|p1: sugar ovens|move: Stealth Rock
|
|upkeep
|-start|p1a: Marowak|typechange|Ground/Dark|[silent]
|turn|2
|
|t:|1667692093
|switch|p2a: Articuno|Articuno|100/100
|-start|p2a: Articuno|typechange|Flying/Steel|[silent]
|-ability|p2a: Articuno|Pressure
|move|p1a: Marowak|Substitute|p1a: Marowak
|-start|p1a: Marowak|Substitute
|-damage|p1a: Marowak|76/100
|
|upkeep
|-start|p2a: Articuno|typechange|Flying/Steel|[silent]
|turn|3
|
|t:|1667692106
|move|p2a: Articuno|Steel Wing|p1a: Marowak
|-activate|p1a: Marowak|move: Substitute|[damage]
|move|p1a: Marowak|Fire Punch|p2a: Articuno
|-supereffective|p2a: Articuno
|-damage|p2a: Articuno|44/100
|
|-heal|p2a: Articuno|50/100|[from] item: Leftovers
|upkeep
|turn|4
|
|t:|1667692117
|switch|p2a: Altaria|Altaria, M|100/100
|-start|p2a: Altaria|typechange|Flying/Fire|[silent]
|move|p1a: Marowak|Fire Punch|p2a: Altaria
|-resisted|p2a: Altaria
|-damage|p2a: Altaria|81/100
|
|upkeep
|-start|p2a: Altaria|typechange|Flying/Fire|[silent]
|turn|5
|
|t:|1667692123
|move|p2a: Altaria|Fire Spin|p1a: Marowak
|-end|p1a: Marowak|Substitute
|move|p1a: Marowak|Knock Off|p2a: Altaria
|-damage|p2a: Altaria|2/100
|-enditem|p2a: Altaria|Heavy-Duty Boots|[from] move: Knock Off|[of] p1a: Marowak
|
|upkeep
|turn|6
|
|t:|1667692136
|move|p2a: Altaria|Roost|p2a: Altaria
|-heal|p2a: Altaria|52/100
|-singleturn|p2a: Altaria|move: Roost
|move|p1a: Marowak|Knock Off|p2a: Altaria
|-damage|p2a: Altaria|0 fnt
|faint|p2a: Altaria
|
|upkeep
|
|t:|1667692139
|switch|p2a: Swoobat|Swoobat, F|100/100
|-start|p2a: Swoobat|typechange|Electric/Flying|[silent]
|-start|p2a: Swoobat|typechange|Electric/Flying|[silent]
|turn|7
|l| gimicktest8
|
|t:|1667692151
|switch|p1a: Gigalith|Gigalith, M|100/100
|-start|p1a: Gigalith|typechange|Rock|[silent]
|-damage|p1a: Gigalith|88/100|[from] Stealth Rock
|-weather|Sandstorm|[from] ability: Sand Stream|[of] p1a: Gigalith
|move|p2a: Swoobat|Air Slash|p1a: Gigalith
|-resisted|p1a: Gigalith
|-damage|p1a: Gigalith|83/100
|
|-weather|Sandstorm|[upkeep]
|-damage|p2a: Swoobat|94/100|[from] Sandstorm
|-heal|p1a: Gigalith|89/100|[from] item: Leftovers
|upkeep
|turn|8
|
|t:|1667692159
|switch|p2a: Alcremie|Alcremie, F|100/100
|-start|p2a: Alcremie|typechange|Poison/Psychic|[silent]
|move|p1a: Gigalith|Stealth Rock|p2a: Alcremie
|-sidestart|p2: MAc3 ✝|move: Stealth Rock
|
|-weather|Sandstorm|[upkeep]
|-damage|p2a: Alcremie|95/100|[from] Sandstorm
|-heal|p2a: Alcremie|100/100|[from] item: Leftovers
|-heal|p1a: Gigalith|95/100|[from] item: Leftovers
|upkeep
|-start|p2a: Alcremie|typechange|Poison/Psychic|[silent]
|turn|9
|j|%zoowi
|
|t:|1667692164
|move|p2a: Alcremie|Acid Armor|p2a: Alcremie
|-boost|p2a: Alcremie|def|2
|move|p1a: Gigalith|Earthquake|p2a: Alcremie
|-supereffective|p2a: Alcremie
|-damage|p2a: Alcremie|72/100
|
|-weather|Sandstorm|[upkeep]
|-damage|p2a: Alcremie|66/100|[from] Sandstorm
|-heal|p2a: Alcremie|72/100|[from] item: Leftovers
|-heal|p1a: Gigalith|100/100|[from] item: Leftovers
|upkeep
|turn|10
|
|t:|1667692172
|switch|p1a: Cinccino|Cinccino, F|100/100
|-start|p1a: Cinccino|typechange|Ice/Grass|[silent]
|-damage|p1a: Cinccino|76/100|[from] Stealth Rock
|move|p2a: Alcremie|Acid Armor|p2a: Alcremie
|-boost|p2a: Alcremie|def|2
|
|-weather|Sandstorm|[upkeep]
|-damage|p1a: Cinccino|70/100|[from] Sandstorm
|-damage|p2a: Alcremie|66/100|[from] Sandstorm
|-heal|p2a: Alcremie|72/100|[from] item: Leftovers
|upkeep
|-start|p1a: Cinccino|typechange|Ice/Grass|[silent]
|turn|11
|
|t:|1667692179
|move|p1a: Cinccino|Encore|p2a: Alcremie
|-block|p2a: Alcremie|ability: Aroma Veil|[of] p2a: Alcremie
|move|p2a: Alcremie|Acid Armor|p2a: Alcremie
|-boost|p2a: Alcremie|def|2
|
|-weather|none
|-heal|p2a: Alcremie|78/100|[from] item: Leftovers
|upkeep
|turn|12
|c|%zoowi|gggg
|
|t:|1667692213
|move|p1a: Cinccino|U-turn|p2a: Alcremie
|-damage|p2a: Alcremie|73/100
|
|t:|1667692220
|switch|p1a: Marowak|Marowak, M|76/100|[from]move: U-turn
|-start|p1a: Marowak|typechange|Ground/Dark|[silent]
|-damage|p1a: Marowak|69/100|[from] Stealth Rock
|move|p2a: Alcremie|Calm Mind|p2a: Alcremie
|-boost|p2a: Alcremie|spa|1
|-boost|p2a: Alcremie|spd|1
|
|-heal|p2a: Alcremie|79/100|[from] item: Leftovers
|upkeep
|-start|p1a: Marowak|typechange|Ground/Dark|[silent]
|turn|13
|
|t:|1667692233
|switch|p2a: Audino|Audino, M|100/100
|-start|p2a: Audino|typechange|Dark/Poison|[silent]
|move|p1a: Marowak|Substitute|p1a: Marowak
|-start|p1a: Marowak|Substitute
|-damage|p1a: Marowak|45/100
|
|upkeep
|-start|p2a: Audino|typechange|Dark/Poison|[silent]
|turn|14
|
|t:|1667692239
|switch|p2a: Articuno|Articuno|50/100
|-start|p2a: Articuno|typechange|Flying/Steel|[silent]
|-damage|p2a: Articuno|37/100|[from] Stealth Rock
|-ability|p2a: Articuno|Pressure
|move|p1a: Marowak|Earthquake|p2a: Articuno
|-immune|p2a: Articuno
|
|-heal|p2a: Articuno|44/100|[from] item: Leftovers
|upkeep
|-start|p2a: Articuno|typechange|Flying/Steel|[silent]
|turn|15
|
|t:|1667692248
|move|p2a: Articuno|Roost|p2a: Articuno
|-heal|p2a: Articuno|94/100
|-singleturn|p2a: Articuno|move: Roost
|move|p1a: Marowak|Fire Punch|p2a: Articuno
|-supereffective|p2a: Articuno
|-damage|p2a: Articuno|38/100
|-status|p2a: Articuno|brn
|
|-heal|p2a: Articuno|44/100 brn|[from] item: Leftovers
|-damage|p2a: Articuno|38/100 brn|[from] brn
|upkeep
|turn|16
|
|t:|1667692257
|move|p2a: Articuno|Roost|p2a: Articuno
|-heal|p2a: Articuno|88/100 brn
|-singleturn|p2a: Articuno|move: Roost
|move|p1a: Marowak|Fire Punch|p2a: Articuno
|-supereffective|p2a: Articuno
|-damage|p2a: Articuno|38/100 brn
|
|-heal|p2a: Articuno|44/100 brn|[from] item: Leftovers
|-damage|p2a: Articuno|38/100 brn|[from] brn
|upkeep
|turn|17
|
|t:|1667692267
|move|p2a: Articuno|Roost|p2a: Articuno
|-heal|p2a: Articuno|88/100 brn
|-singleturn|p2a: Articuno|move: Roost
|move|p1a: Marowak|Knock Off|p2a: Articuno
|-damage|p2a: Articuno|32/100 brn
|-enditem|p2a: Articuno|Leftovers|[from] move: Knock Off|[of] p1a: Marowak
|
|-damage|p2a: Articuno|26/100 brn|[from] brn
|upkeep
|turn|18
|
|t:|1667692277
|move|p2a: Articuno|Roost|p2a: Articuno
|-heal|p2a: Articuno|76/100 brn
|-singleturn|p2a: Articuno|move: Roost
|move|p1a: Marowak|Fire Punch|p2a: Articuno
|-supereffective|p2a: Articuno
|-damage|p2a: Articuno|22/100 brn
|
|-damage|p2a: Articuno|16/100 brn|[from] brn
|upkeep
|turn|19
|
|t:|1667692281
|move|p2a: Articuno|Roost|p2a: Articuno
|-heal|p2a: Articuno|66/100 brn
|-singleturn|p2a: Articuno|move: Roost
|move|p1a: Marowak|Fire Punch|p2a: Articuno
|-supereffective|p2a: Articuno
|-damage|p2a: Articuno|14/100 brn
|
|-damage|p2a: Articuno|7/100 brn|[from] brn
|upkeep
|turn|20
|
|t:|1667692292
|move|p2a: Articuno|Roost|p2a: Articuno
|-heal|p2a: Articuno|57/100 brn
|-singleturn|p2a: Articuno|move: Roost
|move|p1a: Marowak|Fire Punch|p2a: Articuno
|-supereffective|p2a: Articuno
|-damage|p2a: Articuno|5/100 brn
|
|-damage|p2a: Articuno|0 fnt|[from] brn
|faint|p2a: Articuno
|upkeep
|
|t:|1667692296
|switch|p2a: Swoobat|Swoobat, F|94/100
|-start|p2a: Swoobat|typechange|Electric/Flying|[silent]
|-start|p2a: Swoobat|typechange|Electric/Flying|[silent]
|turn|21
|
|t:|1667692300
|move|p2a: Swoobat|Air Slash|p1a: Marowak
|-end|p1a: Marowak|Substitute
|move|p1a: Marowak|Knock Off|p2a: Swoobat
|-damage|p2a: Swoobat|0 fnt
|-enditem|p2a: Swoobat|Heavy-Duty Boots|[from] move: Knock Off|[of] p1a: Marowak
|faint|p2a: Swoobat
|
|upkeep
|c| Kython|doesn't roost removeflying type
|c|%Haffling|it does
|
|t:|1667692316
|switch|p2a: Corsola|Corsola, F|100/100
|-start|p2a: Corsola|typechange|Poison/Ground|[silent]
|-damage|p2a: Corsola|95/100|[from] Stealth Rock
|-start|p2a: Corsola|typechange|Poison/Ground|[silent]
|turn|22
|c|☆sugar ovens|it does but i didnt need to predict
|
|t:|1667692329
|move|p1a: Marowak|Earthquake|p2a: Corsola
|-supereffective|p2a: Corsola
|-damage|p2a: Corsola|0 fnt
|faint|p2a: Corsola
|
|upkeep
|
|t:|1667692332
|switch|p2a: Audino|Audino, M|100/100
|-start|p2a: Audino|typechange|Dark/Poison|[silent]
|-start|p2a: Audino|typechange|Dark/Poison|[silent]
|turn|23
|
|t:|1667692335
|move|p2a: Audino|Protect|p2a: Audino
|-singleturn|p2a: Audino|Protect
|move|p1a: Marowak|Earthquake|p2a: Audino
|-activate|p2a: Audino|move: Protect
|
|upkeep
|turn|24
|
|t:|1667692339
|move|p1a: Marowak|Earthquake|p2a: Audino
|-supereffective|p2a: Audino
|-damage|p2a: Audino|0 fnt
|faint|p2a: Audino
|
|upkeep
|
|t:|1667692341
|switch|p2a: Alcremie|Alcremie, F|79/100
|-start|p2a: Alcremie|typechange|Poison/Psychic|[silent]
|-damage|p2a: Alcremie|67/100|[from] Stealth Rock
|-start|p2a: Alcremie|typechange|Poison/Psychic|[silent]
|turn|25
|
|t:|1667692344
|move|p1a: Marowak|Earthquake|p2a: Alcremie
|-supereffective|p2a: Alcremie
|-damage|p2a: Alcremie|0 fnt
|faint|p2a: Alcremie
|
|win|sugar ovens
|n|☆sugar ovens|sugarovens
|n|☆MAc3 ✝|mac3
|n| Haffling|haffling
|n| Kython|kython
|n| zoowi|zoowi
