|j|☆The Pant Pooper
|j|☆BubblegumKraken
|t:|1615592338
|player|p1|The Pant Pooper|wicke|
|player|p2|BubblegumKraken|ingo|
|teamsize|p1|6
|teamsize|p2|6
|gametype|singles
|gen|8
|tier|[Gen 8] PU
|rated|Tournament battle
|clearpoke
|poke|p1|Lanturn, M|
|poke|p1|Toxicroak, M|
|poke|p1|Togedemaru, F|
|poke|p1|Whimsicott, M|
|poke|p1|Sandaconda, M|
|poke|p1|Scrafty, F|
|poke|p2|Aggron, F|
|poke|p2|Talonflame, F|
|poke|p2|Lanturn, M|
|poke|p2|Silvally-*|
|poke|p2|Vaporeon, F|
|poke|p2|Virizion|
|rule|Sleep Clause Mod: Limit one foe put to sleep
|rule|Species Clause: Limit one of each Pokémon
|rule|OHKO Clause: OHKO moves are banned
|rule|Evasion Moves Clause: Evasion moves are banned
|rule|Endless Battle Clause: Forcing endless battles is banned
|rule|HP Percentage Mod: HP is shown in percentages
|rule|Dynamax Clause: You cannot dynamax
|teampreview
|c|☆BubblegumKraken|glhf
|j| DiglettWasTaken
|j| zman0604
|c|☆The Pant Pooper|have fun
|j|+Heracross2.0
|l|+Heracross2.0
|
|t:|1615592380
|start
|switch|p1a: Whimsicott|Whimsicott, M|100/100
|switch|p2a: Gromph|Silvally-Ghost|100/100
|turn|1
|
|t:|1615592388
|move|p1a: Whimsicott|U-turn|p2a: Gromph
|-resisted|p2a: Gromph
|-damage|p2a: Gromph|94/100
|
|t:|1615592391
|switch|p1a: Sandaconda|Sandaconda, M|100/100|[from]move: U-turn
|move|p2a: Gromph|Parting Shot|p1a: Sandaconda
|-unboost|p1a: Sandaconda|atk|1
|-unboost|p1a: Sandaconda|spa|1
|
|t:|1615592406
|switch|p2a: Fletcher|Virizion|100/100|[from]move: Parting Shot
|
|upkeep
|turn|2
|inactive|Battle timer is ON: inactive players will automatically lose when time's up. (requested by The Pant Pooper)
|
|t:|1615592432
|switch|p1a: Togedemaru|Togedemaru, F|100/100
|move|p2a: Fletcher|Air Slash|p1a: Togedemaru
|-resisted|p1a: Togedemaru
|-damage|p1a: Togedemaru|94/100
|
|upkeep
|turn|3
|
|t:|1615592441
|switch|p2a: Bisque|Lanturn, M|100/100
|move|p1a: Togedemaru|U-turn|p2a: Bisque
|-damage|p2a: Bisque|84/100
|
|t:|1615592452
|switch|p1a: Toxicroak|Toxicroak, M|100/100|[from]move: U-turn
|
|-heal|p2a: Bisque|91/100|[from] item: Leftovers
|upkeep
|turn|4
|
|t:|1615592458
|move|p1a: Toxicroak|Sludge Bomb|p2a: Bisque
|-damage|p2a: Bisque|60/100
|move|p2a: Bisque|Volt Switch|p1a: Toxicroak
|-damage|p1a: Toxicroak|73/100
|
|t:|1615592476
|switch|p2a: Crisco|Talonflame, F|100/100|[from]move: Volt Switch
|
|-heal|p1a: Toxicroak|79/100|[from] item: Black Sludge
|upkeep
|turn|5
|
|t:|1615592487
|switch|p1a: Sandaconda|Sandaconda, M|100/100
|move|p2a: Crisco|U-turn|p1a: Sandaconda
|-damage|p1a: Sandaconda|90/100
|-damage|p2a: Crisco|84/100|[from] item: Rocky Helmet|[of] p1a: Sandaconda
|inactive|BubblegumKraken has 120 seconds left.
|
|t:|1615592511
|switch|p2a: Bisque|Lanturn, M|60/100|[from]move: U-turn
|
|-heal|p2a: Bisque|66/100|[from] item: Leftovers
|upkeep
|turn|6
|inactive|BubblegumKraken has 120 seconds left.
|
|t:|1615592526
|switch|p1a: Toxicroak|Toxicroak, M|79/100
|move|p2a: Bisque|Scald|p1a: Toxicroak
|-heal|p1a: Toxicroak|100/100|[from] ability: Dry Skin|[of] p2a: Bisque
|
|-heal|p2a: Bisque|72/100|[from] item: Leftovers
|upkeep
|turn|7
|inactive|BubblegumKraken has 120 seconds left.
|
|t:|1615592545
|move|p1a: Toxicroak|Sludge Bomb|p2a: Bisque
|-damage|p2a: Bisque|40/100
|-status|p2a: Bisque|psn
|move|p2a: Bisque|Volt Switch|p1a: Toxicroak
|-damage|p1a: Toxicroak|69/100
|inactive|BubblegumKraken has 120 seconds left.
|
|t:|1615592565
|switch|p2a: Fletcher|Virizion|100/100|[from]move: Volt Switch
|
|-heal|p1a: Toxicroak|75/100|[from] item: Black Sludge
|upkeep
|turn|8
|
|t:|1615592588
|move|p2a: Fletcher|Air Slash|p1a: Toxicroak|[miss]
|-miss|p2a: Fletcher|p1a: Toxicroak
|move|p1a: Toxicroak|Sludge Bomb|p2a: Fletcher
|-supereffective|p2a: Fletcher
|-damage|p2a: Fletcher|40/100
|
|-heal|p1a: Toxicroak|81/100|[from] item: Black Sludge
|upkeep
|turn|9
|inactive|The Pant Pooper has 120 seconds left.
|
|t:|1615592618
|switch|p2a: Tonton|Aggron, F|100/100
|move|p1a: Toxicroak|Sludge Bomb|p2a: Tonton
|-immune|p2a: Tonton
|
|-heal|p1a: Toxicroak|87/100|[from] item: Black Sludge
|upkeep
|turn|10
|
|t:|1615592625
|switch|p1a: Sandaconda|Sandaconda, M|90/100
|switch|p2a: Gromph|Silvally-Ghost|94/100
|
|upkeep
|turn|11
|
|t:|1615592630
|move|p2a: Gromph|Ice Beam|p1a: Sandaconda
|-supereffective|p1a: Sandaconda
|-damage|p1a: Sandaconda|32/100
|move|p1a: Sandaconda|Stealth Rock|p2a: Gromph
|-sidestart|p2: BubblegumKraken|move: Stealth Rock
|
|upkeep
|turn|12
|
|t:|1615592637
|switch|p1a: Scrafty|Scrafty, F|100/100
|move|p2a: Gromph|Parting Shot|p1a: Scrafty
|-unboost|p1a: Scrafty|atk|1
|-unboost|p1a: Scrafty|spa|1
|
|t:|1615592652
|switch|p2a: Fletcher|Virizion|40/100|[from]move: Parting Shot
|-damage|p2a: Fletcher|34/100|[from] Stealth Rock
|
|upkeep
|turn|13
|
|t:|1615592657
|switch|p1a: Whimsicott|Whimsicott, M|100/100
|move|p2a: Fletcher|Close Combat|p1a: Whimsicott
|-resisted|p1a: Whimsicott
|-damage|p1a: Whimsicott|72/100
|-unboost|p2a: Fletcher|def|1
|-unboost|p2a: Fletcher|spd|1
|
|upkeep
|turn|14
|j| EUOIA
|
|t:|1615592672
|move|p1a: Whimsicott|U-turn|p2a: Fletcher
|-damage|p2a: Fletcher|9/100
|
|t:|1615592684
|switch|p1a: Lanturn|Lanturn, M|100/100|[from]move: U-turn
|move|p2a: Fletcher|Air Slash|p1a: Lanturn
|-resisted|p1a: Lanturn
|-damage|p1a: Lanturn|94/100
|
|-heal|p1a: Lanturn|100/100|[from] item: Leftovers
|upkeep
|turn|15
|
|t:|1615592691
|switch|p1a: Whimsicott|Whimsicott, M|72/100
|move|p2a: Fletcher|Giga Drain|p1a: Whimsicott
|-resisted|p1a: Whimsicott
|-damage|p1a: Whimsicott|56/100
|-heal|p2a: Fletcher|17/100|[from] drain|[of] p1a: Whimsicott
|
|upkeep
|turn|16
|
|t:|1615592705
|switch|p2a: Crisco|Talonflame, F|84/100
|move|p1a: Whimsicott|U-turn|p2a: Crisco
|-resisted|p2a: Crisco
|-damage|p2a: Crisco|80/100
|
|t:|1615592710
|switch|p1a: Sandaconda|Sandaconda, M|32/100|[from]move: U-turn
|
|upkeep
|turn|17
|
|t:|1615592725
|move|p2a: Crisco|Flare Blitz|p1a: Sandaconda
|-damage|p1a: Sandaconda|3/100
|-status|p1a: Sandaconda|brn
|-damage|p2a: Crisco|63/100|[from] item: Rocky Helmet|[of] p1a: Sandaconda
|-damage|p2a: Crisco|52/100|[from] Recoil
|move|p1a: Sandaconda|Rest|p1a: Sandaconda
|-status|p1a: Sandaconda|slp|[from] move: Rest
|-heal|p1a: Sandaconda|100/100 slp|[silent]
|
|upkeep
|turn|18
|
|t:|1615592740
|move|p2a: Crisco|U-turn|p1a: Sandaconda
|-damage|p1a: Sandaconda|90/100 slp
|-damage|p2a: Crisco|36/100|[from] item: Rocky Helmet|[of] p1a: Sandaconda
|
|t:|1615592743
|switch|p2a: Wave|Vaporeon, F|100/100|[from]move: U-turn
|-damage|p2a: Wave|88/100|[from] Stealth Rock
|cant|p1a: Sandaconda|slp
|
|-heal|p2a: Wave|94/100|[from] item: Leftovers
|upkeep
|turn|19
|
|t:|1615592761
|switch|p1a: Toxicroak|Toxicroak, M|87/100
|move|p2a: Wave|Wish|p2a: Wave
|
|-heal|p1a: Toxicroak|94/100|[from] item: Black Sludge
|-heal|p2a: Wave|100/100|[from] item: Leftovers
|upkeep
|turn|20
|
|t:|1615592768
|switch|p2a: Tonton|Aggron, F|100/100
|-damage|p2a: Tonton|94/100|[from] Stealth Rock
|move|p1a: Toxicroak|Sludge Bomb|p2a: Tonton
|-immune|p2a: Tonton
|
|-heal|p2a: Tonton|100/100|[from] move: Wish|[wisher] Wave
|-heal|p1a: Toxicroak|99/100|[from] item: Black Sludge
|upkeep
|turn|21
|
|t:|1615592802
|switch|p1a: Sandaconda|Sandaconda, M|90/100 slp
|move|p2a: Tonton|Earthquake|p1a: Sandaconda
|-damage|p1a: Sandaconda|59/100 slp
|
|-activate|p1a: Sandaconda|ability: Shed Skin
|-curestatus|p1a: Sandaconda|slp|[msg]
|upkeep
|turn|22
|
|t:|1615592817
|switch|p2a: Crisco|Talonflame, F|36/100
|move|p1a: Sandaconda|Stone Edge|p2a: Crisco|[miss]
|-miss|p1a: Sandaconda|p2a: Crisco
|
|upkeep
|turn|23
|
|t:|1615592837
|switch|p2a: Wave|Vaporeon, F|100/100
|-damage|p2a: Wave|88/100|[from] Stealth Rock
|move|p1a: Sandaconda|Rest|p1a: Sandaconda
|-status|p1a: Sandaconda|slp|[from] move: Rest
|-heal|p1a: Sandaconda|100/100 slp|[silent]
|
|-heal|p2a: Wave|94/100|[from] item: Leftovers
|upkeep
|turn|24
|
|t:|1615592846
|switch|p1a: Toxicroak|Toxicroak, M|99/100
|move|p2a: Wave|Ice Beam|p1a: Toxicroak
|-crit|p1a: Toxicroak
|-damage|p1a: Toxicroak|43/100
|
|-heal|p1a: Toxicroak|49/100|[from] item: Black Sludge
|-heal|p2a: Wave|100/100|[from] item: Leftovers
|upkeep
|turn|25
|
|t:|1615592857
|switch|p1a: Lanturn|Lanturn, M|100/100
|move|p2a: Wave|Ice Beam|p1a: Lanturn
|-resisted|p1a: Lanturn
|-crit|p1a: Lanturn
|-damage|p1a: Lanturn|87/100
|
|-heal|p1a: Lanturn|93/100|[from] item: Leftovers
|upkeep
|turn|26
|
|t:|1615592870
|move|p2a: Wave|Protect|p2a: Wave
|-singleturn|p2a: Wave|Protect
|move|p1a: Lanturn|Toxic|p2a: Wave
|-activate|p2a: Wave|move: Protect
|
|-heal|p1a: Lanturn|99/100|[from] item: Leftovers
|upkeep
|turn|27
|inactive|BubblegumKraken has 120 seconds left.
|
|t:|1615592893
|move|p1a: Lanturn|Scald|p2a: Wave
|-immune|p2a: Wave|[from] ability: Water Absorb
|move|p2a: Wave|Wish|p2a: Wave
|
|-heal|p1a: Lanturn|100/100|[from] item: Leftovers
|upkeep
|turn|28
|
|t:|1615592922
|switch|p2a: Bisque|Lanturn, M|40/100 psn
|-damage|p2a: Bisque|28/100 psn|[from] Stealth Rock
|move|p1a: Lanturn|Toxic||[still]
|-fail|p1a: Lanturn
|
|-heal|p2a: Bisque|79/100 psn|[from] move: Wish|[wisher] Wave
|-heal|p2a: Bisque|85/100 psn|[from] item: Leftovers
|-damage|p2a: Bisque|73/100 psn|[from] psn
|upkeep
|turn|29
|
|t:|1615592932
|move|p1a: Lanturn|Protect|p1a: Lanturn
|-singleturn|p1a: Lanturn|Protect
|move|p2a: Bisque|Toxic|p1a: Lanturn
|-activate|p1a: Lanturn|move: Protect
|
|-heal|p2a: Bisque|79/100 psn|[from] item: Leftovers
|-damage|p2a: Bisque|66/100 psn|[from] psn
|upkeep
|turn|30
|
|t:|1615592942
|switch|p1a: Scrafty|Scrafty, F|100/100
|move|p2a: Bisque|Volt Switch|p1a: Scrafty
|-damage|p1a: Scrafty|87/100
|j|+Ambipom Unviable
|inactive|BubblegumKraken has 120 seconds left.
|
|t:|1615592963
|switch|p2a: Crisco|Talonflame, F|36/100|[from]move: Volt Switch
|
|-heal|p1a: Scrafty|93/100|[from] item: Leftovers
|upkeep
|turn|31
|inactive|BubblegumKraken has 120 seconds left.
|l|+Ambipom Unviable
|
|t:|1615592990
|switch|p1a: Sandaconda|Sandaconda, M|100/100 slp
|move|p2a: Crisco|Roost|p2a: Crisco
|-heal|p2a: Crisco|86/100
|-singleturn|p2a: Crisco|move: Roost
|
|upkeep
|turn|32
|
|t:|1615592997
|switch|p2a: Wave|Vaporeon, F|100/100
|-damage|p2a: Wave|88/100|[from] Stealth Rock
|cant|p1a: Sandaconda|slp
|
|-activate|p1a: Sandaconda|ability: Shed Skin
|-curestatus|p1a: Sandaconda|slp|[msg]
|-heal|p2a: Wave|94/100|[from] item: Leftovers
|upkeep
|turn|33
|inactive|BubblegumKraken has 90 seconds left.
|
|t:|1615593023
|switch|p1a: Scrafty|Scrafty, F|93/100
|move|p2a: Wave|Ice Beam|p1a: Scrafty
|-damage|p1a: Scrafty|78/100
|
|-heal|p2a: Wave|100/100|[from] item: Leftovers
|-heal|p1a: Scrafty|84/100|[from] item: Leftovers
|upkeep
|turn|34
|
|t:|1615593032
|move|p2a: Wave|Scald|p1a: Scrafty
|-damage|p1a: Scrafty|65/100
|move|p1a: Scrafty|Knock Off|p2a: Wave
|-damage|p2a: Wave|78/100
|-enditem|p2a: Wave|Leftovers|[from] move: Knock Off|[of] p1a: Scrafty
|
|-heal|p1a: Scrafty|71/100|[from] item: Leftovers
|upkeep
|turn|35
|
|t:|1615593043
|move|p2a: Wave|Scald|p1a: Scrafty
|-damage|p1a: Scrafty|50/100
|-status|p1a: Scrafty|brn
|move|p1a: Scrafty|Bulk Up|p1a: Scrafty
|-boost|p1a: Scrafty|atk|1
|-boost|p1a: Scrafty|def|1
|
|-heal|p1a: Scrafty|56/100 brn|[from] item: Leftovers
|-damage|p1a: Scrafty|50/100 brn|[from] brn
|upkeep
|turn|36
|inactive|BubblegumKraken has 90 seconds left.
|
|t:|1615593058
|move|p2a: Wave|Wish|p2a: Wave
|move|p1a: Scrafty|Rest|p1a: Scrafty
|-status|p1a: Scrafty|slp|[from] move: Rest
|-heal|p1a: Scrafty|100/100 slp|[silent]
|
|upkeep
|turn|37
|
|t:|1615593065
|switch|p2a: Fletcher|Virizion|17/100
|-damage|p2a: Fletcher|11/100|[from] Stealth Rock
|switch|p1a: Whimsicott|Whimsicott, M|56/100
|
|-heal|p2a: Fletcher|83/100|[from] move: Wish|[wisher] Wave
|upkeep
|turn|38
|
|t:|1615593074
|move|p1a: Whimsicott|Moonblast|p2a: Fletcher
|-supereffective|p2a: Fletcher
|-damage|p2a: Fletcher|39/100
|-unboost|p2a: Fletcher|spa|1
|move|p2a: Fletcher|Air Slash|p1a: Whimsicott
|-supereffective|p1a: Whimsicott
|-damage|p1a: Whimsicott|18/100
|
|upkeep
|turn|39
|
|t:|1615593084
|switch|p2a: Crisco|Talonflame, F|86/100
|move|p1a: Whimsicott|U-turn|p2a: Crisco
|-resisted|p2a: Crisco
|-damage|p2a: Crisco|82/100
|-status|p1a: Whimsicott|brn|[from] ability: Flame Body|[of] p2a: Crisco
|
|t:|1615593094
|switch|p1a: Togedemaru|Togedemaru, F|94/100|[from]move: U-turn
|
|upkeep
|turn|40
|
|t:|1615593107
|move|p1a: Togedemaru|U-turn|p2a: Crisco
|-resisted|p2a: Crisco
|-damage|p2a: Crisco|75/100
|
|t:|1615593110
|switch|p1a: Sandaconda|Sandaconda, M|100/100|[from]move: U-turn
|move|p2a: Crisco|Roost|p2a: Crisco
|-heal|p2a: Crisco|100/100
|-singleturn|p2a: Crisco|move: Roost
|
|upkeep
|turn|41
|inactive|BubblegumKraken has 120 seconds left.
|
|t:|1615593123
|switch|p2a: Wave|Vaporeon, F|78/100
|-damage|p2a: Wave|65/100|[from] Stealth Rock
|move|p1a: Sandaconda|Earthquake|p2a: Wave
|-damage|p2a: Wave|38/100
|
|upkeep
|turn|42
|inactive|BubblegumKraken has 120 seconds left.
|
|t:|1615593134
|switch|p1a: Scrafty|Scrafty, F|100/100 slp
|move|p2a: Wave|Wish|p2a: Wave
|
|upkeep
|turn|43
|
|t:|1615593148
|switch|p2a: Fletcher|Virizion|39/100
|-damage|p2a: Fletcher|33/100|[from] Stealth Rock
|switch|p1a: Togedemaru|Togedemaru, F|94/100
|
|-heal|p2a: Fletcher|100/100|[from] move: Wish|[wisher] Wave
|upkeep
|turn|44
|c|☆The Pant Pooper|i'm playing like shit
|inactive|BubblegumKraken has 120 seconds left.
|c|☆The Pant Pooper|keep giving vap free turns
|inactive|The Pant Pooper has 120 seconds left.
|
|t:|1615593191
|move|p1a: Togedemaru|U-turn|p2a: Fletcher
|-damage|p2a: Fletcher|70/100
|l| EUOIA
|
|t:|1615593204
|switch|p1a: Lanturn|Lanturn, M|100/100|[from]move: U-turn
|move|p2a: Fletcher|Close Combat|p1a: Lanturn
|-damage|p1a: Lanturn|55/100
|-unboost|p2a: Fletcher|def|1
|-unboost|p2a: Fletcher|spd|1
|
|-heal|p1a: Lanturn|61/100|[from] item: Leftovers
|upkeep
|turn|45
|
|t:|1615593212
|move|p2a: Fletcher|Giga Drain|p1a: Lanturn
|-supereffective|p1a: Lanturn
|-damage|p1a: Lanturn|16/100
|-heal|p2a: Fletcher|98/100|[from] drain|[of] p1a: Lanturn
|move|p1a: Lanturn|Volt Switch|p2a: Fletcher
|-resisted|p2a: Fletcher
|-damage|p2a: Fletcher|85/100
|
|t:|1615593218
|switch|p1a: Togedemaru|Togedemaru, F|94/100|[from]move: Volt Switch
|
|upkeep
|turn|46
|
|t:|1615593226
|switch|p2a: Bisque|Lanturn, M|66/100 psn
|-damage|p2a: Bisque|54/100 psn|[from] Stealth Rock
|move|p1a: Togedemaru|Iron Head|p2a: Bisque
|-resisted|p2a: Bisque
|-damage|p2a: Bisque|47/100 psn
|
|-heal|p2a: Bisque|54/100 psn|[from] item: Leftovers
|-damage|p2a: Bisque|41/100 psn|[from] psn
|upkeep
|turn|47
|j| Gva
|
|t:|1615593235
|switch|p1a: Scrafty|Scrafty, F|100/100 slp
|move|p2a: Bisque|Volt Switch|p1a: Scrafty
|-damage|p1a: Scrafty|89/100 slp
|
|t:|1615593243
|switch|p2a: Fletcher|Virizion|85/100|[from]move: Volt Switch
|-damage|p2a: Fletcher|79/100|[from] Stealth Rock
|
|-heal|p1a: Scrafty|95/100 slp|[from] item: Leftovers
|upkeep
|turn|48
|
|t:|1615593249
|switch|p1a: Lanturn|Lanturn, M|16/100
|move|p2a: Fletcher|Close Combat|p1a: Lanturn
|-damage|p1a: Lanturn|0 fnt
|-unboost|p2a: Fletcher|def|1
|-unboost|p2a: Fletcher|spd|1
|faint|p1a: Lanturn
|
|upkeep
|
|t:|1615593255
|switch|p1a: Whimsicott|Whimsicott, M|18/100 brn
|turn|49
|
|t:|1615593267
|switch|p2a: Crisco|Talonflame, F|100/100
|move|p1a: Whimsicott|Moonblast|p2a: Crisco
|-resisted|p2a: Crisco
|-damage|p2a: Crisco|81/100
|
|-damage|p1a: Whimsicott|12/100 brn|[from] brn
|upkeep
|turn|50
|
|t:|1615593276
|switch|p1a: Togedemaru|Togedemaru, F|94/100
|move|p2a: Crisco|U-turn|p1a: Togedemaru
|-resisted|p1a: Togedemaru
|-damage|p1a: Togedemaru|77/100
|
|t:|1615593285
|switch|p2a: Fletcher|Virizion|79/100|[from]move: U-turn
|-damage|p2a: Fletcher|73/100|[from] Stealth Rock
|
|upkeep
|turn|51
|
|t:|1615593295
|move|p1a: Togedemaru|U-turn|p2a: Fletcher
|-damage|p2a: Fletcher|41/100
|
|t:|1615593298
|switch|p1a: Sandaconda|Sandaconda, M|100/100|[from]move: U-turn
|move|p2a: Fletcher|Close Combat|p1a: Sandaconda
|-damage|p1a: Sandaconda|70/100
|-unboost|p2a: Fletcher|def|1
|-unboost|p2a: Fletcher|spd|1
|-damage|p2a: Fletcher|25/100|[from] item: Rocky Helmet|[of] p1a: Sandaconda
|
|upkeep
|turn|52
|
|t:|1615593306
|switch|p1a: Togedemaru|Togedemaru, F|77/100
|move|p2a: Fletcher|Giga Drain|p1a: Togedemaru
|-resisted|p1a: Togedemaru
|-damage|p1a: Togedemaru|55/100
|-heal|p2a: Fletcher|34/100|[from] drain|[of] p1a: Togedemaru
|
|upkeep
|turn|53
|
|t:|1615593318
|move|p1a: Togedemaru|U-turn|p2a: Fletcher
|-damage|p2a: Fletcher|0 fnt
|faint|p2a: Fletcher
|
|t:|1615593321
|switch|p1a: Scrafty|Scrafty, F|95/100 slp|[from]move: U-turn
|
|-heal|p1a: Scrafty|100/100 slp|[from] item: Leftovers
|upkeep
|
|t:|1615593333
|switch|p2a: Tonton|Aggron, F|100/100
|-damage|p2a: Tonton|94/100|[from] Stealth Rock
|turn|54
|
|t:|1615593341
|switch|p1a: Whimsicott|Whimsicott, M|12/100 brn
|move|p2a: Tonton|Body Press|p1a: Whimsicott
|-resisted|p1a: Whimsicott
|-damage|p1a: Whimsicott|0 fnt
|faint|p1a: Whimsicott
|
|upkeep
|j| PlasticStan
|
|t:|1615593344
|switch|p1a: Sandaconda|Sandaconda, M|70/100
|turn|55
|
|t:|1615593356
|switch|p2a: Gromph|Silvally-Ghost|94/100
|-damage|p2a: Gromph|82/100|[from] Stealth Rock
|move|p1a: Sandaconda|Earthquake|p2a: Gromph
|-damage|p2a: Gromph|35/100
|
|upkeep
|turn|56
|
|t:|1615593365
|move|p2a: Gromph|Ice Beam|p1a: Sandaconda
|-supereffective|p1a: Sandaconda
|-damage|p1a: Sandaconda|13/100
|move|p1a: Sandaconda|Earthquake|p2a: Gromph
|-damage|p2a: Gromph|0 fnt
|faint|p2a: Gromph
|
|upkeep
|
|t:|1615593375
|switch|p2a: Crisco|Talonflame, F|81/100
|turn|57
|
|t:|1615593378
|switch|p1a: Toxicroak|Toxicroak, M|49/100
|move|p2a: Crisco|Flare Blitz|p1a: Toxicroak
|-damage|p1a: Toxicroak|0 fnt
|-damage|p2a: Crisco|64/100|[from] Recoil
|faint|p1a: Toxicroak
|
|upkeep
|
|t:|1615593386
|switch|p1a: Togedemaru|Togedemaru, F|55/100
|turn|58
|
|t:|1615593416
|switch|p2a: Bisque|Lanturn, M|41/100 psn
|-damage|p2a: Bisque|29/100 psn|[from] Stealth Rock
|move|p1a: Togedemaru|Zing Zap|p2a: Bisque
|-heal|p2a: Bisque|54/100 psn|[from] ability: Volt Absorb|[of] p1a: Togedemaru
|
|-heal|p2a: Bisque|60/100 psn|[from] item: Leftovers
|-damage|p2a: Bisque|48/100 psn|[from] psn
|upkeep
|turn|59
|
|t:|1615593435
|switch|p1a: Scrafty|Scrafty, F|100/100 slp
|move|p2a: Bisque|Scald|p1a: Scrafty
|-damage|p1a: Scrafty|87/100 slp
|
|-heal|p2a: Bisque|54/100 psn|[from] item: Leftovers
|-heal|p1a: Scrafty|93/100 slp|[from] item: Leftovers
|-damage|p2a: Bisque|41/100 psn|[from] psn
|upkeep
|turn|60
|
|t:|1615593449
|switch|p2a: Tonton|Aggron, F|94/100
|-damage|p2a: Tonton|88/100|[from] Stealth Rock
|cant|p1a: Scrafty|slp
|
|-heal|p1a: Scrafty|99/100 slp|[from] item: Leftovers
|upkeep
|turn|61
|
|t:|1615593469
|switch|p1a: Togedemaru|Togedemaru, F|55/100
|move|p2a: Tonton|Body Press|p1a: Togedemaru
|-supereffective|p1a: Togedemaru
|-damage|p1a: Togedemaru|0 fnt
|faint|p1a: Togedemaru
|
|upkeep
|
|t:|1615593471
|switch|p1a: Sandaconda|Sandaconda, M|13/100
|turn|62
|
|t:|1615593478
|move|p1a: Sandaconda|Rest|p1a: Sandaconda
|-status|p1a: Sandaconda|slp|[from] move: Rest
|-heal|p1a: Sandaconda|100/100 slp|[silent]
|move|p2a: Tonton|Body Press|p1a: Sandaconda
|-damage|p1a: Sandaconda|72/100 slp
|-damage|p2a: Tonton|72/100|[from] item: Rocky Helmet|[of] p1a: Sandaconda
|
|upkeep
|turn|63
|
|t:|1615593489
|switch|p2a: Wave|Vaporeon, F|38/100
|-damage|p2a: Wave|25/100|[from] Stealth Rock
|cant|p1a: Sandaconda|slp
|
|-activate|p1a: Sandaconda|ability: Shed Skin
|-curestatus|p1a: Sandaconda|slp|[msg]
|upkeep
|turn|64
|l| Gva
|
|t:|1615593513
|switch|p1a: Scrafty|Scrafty, F|99/100 slp
|move|p2a: Wave|Scald|p1a: Scrafty
|-damage|p1a: Scrafty|78/100 slp
|
|-heal|p1a: Scrafty|84/100 slp|[from] item: Leftovers
|upkeep
|turn|65
|j| zippidydoodah
|
|t:|1615593531
|switch|p2a: Crisco|Talonflame, F|64/100
|cant|p1a: Scrafty|slp
|
|-heal|p1a: Scrafty|90/100 slp|[from] item: Leftovers
|upkeep
|turn|66
|
|t:|1615593539
|switch|p1a: Sandaconda|Sandaconda, M|72/100
|move|p2a: Crisco|Brave Bird|p1a: Sandaconda
|-damage|p1a: Sandaconda|42/100
|-damage|p2a: Crisco|48/100|[from] item: Rocky Helmet|[of] p1a: Sandaconda
|-damage|p2a: Crisco|36/100|[from] Recoil
|
|upkeep
|turn|67
|
|t:|1615593548
|move|p2a: Crisco|U-turn|p1a: Sandaconda
|-damage|p1a: Sandaconda|31/100
|-damage|p2a: Crisco|20/100|[from] item: Rocky Helmet|[of] p1a: Sandaconda
|
|t:|1615593559
|switch|p2a: Wave|Vaporeon, F|25/100|[from]move: U-turn
|-damage|p2a: Wave|13/100|[from] Stealth Rock
|move|p1a: Sandaconda|Stone Edge|p2a: Wave|[miss]
|-miss|p1a: Sandaconda|p2a: Wave
|
|upkeep
|turn|68
|
|t:|1615593579
|switch|p2a: Tonton|Aggron, F|72/100
|-damage|p2a: Tonton|66/100|[from] Stealth Rock
|move|p1a: Sandaconda|Earthquake|p2a: Tonton
|-supereffective|p2a: Tonton
|-damage|p2a: Tonton|0 fnt
|faint|p2a: Tonton
|
|upkeep
|
|t:|1615593587
|switch|p2a: Crisco|Talonflame, F|20/100
|turn|69
|
|t:|1615593592
|move|p2a: Crisco|Brave Bird|p1a: Sandaconda
|-damage|p1a: Sandaconda|3/100
|-damage|p2a: Crisco|3/100|[from] item: Rocky Helmet|[of] p1a: Sandaconda
|-damage|p2a: Crisco|0 fnt|[from] Recoil
|faint|p2a: Crisco
|move|p1a: Sandaconda|Rest|p1a: Sandaconda
|-status|p1a: Sandaconda|slp|[from] move: Rest
|-heal|p1a: Sandaconda|100/100 slp|[silent]
|
|upkeep
|j| EUOIA
|c|☆BubblegumKraken|gg
|-message|BubblegumKraken forfeited.
|
|win|The Pant Pooper
|n|☆The Pant Pooper|thepantpooper
|n|☆BubblegumKraken|bubblegumkraken
|n| DiglettWasTaken|diglettwastaken
|n| zman0604|zman0604
|n| PlasticStan|plasticstan
|n| zippidydoodah|zippidydoodah
|n| EUOIA|euoia
|l|☆BubblegumKraken
|c|☆The Pant Pooper|gg
|l| zippidydoodah
