|html|<div class="broadcast-blue"><strong>[Gen 8] PU is currently suspecting Drampa! For information on how to participate check out the <a href="https://www.smogon.com/forums/threads/np-pu-stage-7-i-hear-hyper-voices-in-my-head-drampa-suspect-test.3692992/">suspect thread</a>.</strong></div>
|j|☆k8ppy
|j|☆one of the bouys
|t:|1636231709
|gametype|singles
|player|p1|k8ppy|juggler|1494
|player|p2|one of the bouys|clown|1534
|teamsize|p1|6
|teamsize|p2|6
|gen|8
|tier|[Gen 8] PU
|rated|
|rule|Sleep Clause Mod: Limit one foe put to sleep
|rule|Species Clause: Limit one of each Pokémon
|rule|OHKO Clause: OHKO moves are banned
|rule|Evasion Moves Clause: Evasion moves are banned
|rule|Endless Battle Clause: Forcing endless battles is banned
|rule|HP Percentage Mod: HP is shown in percentages
|rule|Dynamax Clause: You cannot dynamax
|clearpoke
|poke|p1|Drampa, M|
|poke|p1|Gigalith, F|
|poke|p1|Weezing, F|
|poke|p1|Togedemaru, M|
|poke|p1|Whimsicott, F|
|poke|p1|Scrafty, M|
|poke|p2|Flapple, M|
|poke|p2|Drifblim, F|
|poke|p2|Sandaconda, F|
|poke|p2|Weezing, F|
|poke|p2|Cryogonal|
|poke|p2|Gigalith, F|
|teampreview
|
|t:|1636231753
|start
|switch|p1a: Togedemaru|Togedemaru, M|100/100
|switch|p2a: Drifblim|Drifblim, F|100/100
|turn|1
|
|t:|1636231758
|move|p1a: Togedemaru|U-turn|p2a: Drifblim
|-resisted|p2a: Drifblim
|-damage|p2a: Drifblim|96/100
|
|t:|1636231763
|switch|p1a: Drampa|Drampa, M|100/100|[from]move: U-turn
|-ability|p1a: Drampa|Cloud Nine
|move|p2a: Drifblim|Knock Off|p1a: Drampa
|-damage|p1a: Drampa|80/100
|-enditem|p1a: Drampa|Choice Specs|[from] move: Knock Off|[of] p2a: Drifblim
|
|upkeep
|turn|2
|
|t:|1636231773
|switch|p2a: Cryogonal|Cryogonal|100/100
|move|p1a: Drampa|Draco Meteor|p2a: Cryogonal
|-damage|p2a: Cryogonal|35/100
|-unboost|p1a: Drampa|spa|2
|
|upkeep
|turn|3
|c|☆k8ppy|lol
|
|t:|1636231781
|switch|p1a: Gigalith|Gigalith, F|100/100
|-weather|Sandstorm|[from] ability: Sand Stream|[of] p1a: Gigalith
|move|p2a: Cryogonal|Recover|p2a: Cryogonal
|-heal|p2a: Cryogonal|85/100
|
|-weather|Sandstorm|[upkeep]
|-damage|p2a: Cryogonal|79/100|[from] Sandstorm
|upkeep
|turn|4
|
|t:|1636231786
|switch|p2a: Flapple|Flapple, M|100/100
|move|p1a: Gigalith|Stealth Rock|p2a: Flapple
|-sidestart|p2: one of the bouys|move: Stealth Rock
|
|-weather|Sandstorm|[upkeep]
|-damage|p2a: Flapple|94/100|[from] Sandstorm
|upkeep
|turn|5
|
|t:|1636231793
|switch|p1a: Whimsicott|Whimsicott, F|100/100
|move|p2a: Flapple|Grav Apple|p1a: Whimsicott
|-resisted|p1a: Whimsicott
|-damage|p1a: Whimsicott|51/100
|-unboost|p1a: Whimsicott|def|1
|-damage|p2a: Flapple|84/100|[from] item: Life Orb
|
|-weather|Sandstorm|[upkeep]
|-damage|p1a: Whimsicott|45/100|[from] Sandstorm
|-damage|p2a: Flapple|78/100|[from] Sandstorm
|upkeep
|turn|6
|
|t:|1636231801
|switch|p2a: Cryogonal|Cryogonal|79/100
|move|p1a: Whimsicott|U-turn|p2a: Cryogonal
|-damage|p2a: Cryogonal|60/100
|inactive|Battle timer is ON: inactive players will automatically lose when time's up. (requested by k8ppy)
|
|t:|1636231812
|switch|p1a: Togedemaru|Togedemaru, M|100/100|[from]move: U-turn
|
|-weather|Sandstorm|[upkeep]
|-damage|p2a: Cryogonal|54/100|[from] Sandstorm
|upkeep
|turn|7
|
|t:|1636231815
|switch|p2a: Sandaconda|Sandaconda, F|100/100
|-damage|p2a: Sandaconda|94/100|[from] Stealth Rock
|move|p1a: Togedemaru|U-turn|p2a: Sandaconda
|-damage|p2a: Sandaconda|80/100
|-damage|p1a: Togedemaru|84/100|[from] item: Rocky Helmet|[of] p2a: Sandaconda
|
|t:|1636231822
|switch|p1a: Drampa|Drampa, M|80/100|[from]move: U-turn
|-ability|p1a: Drampa|Cloud Nine
|
|-weather|none
|upkeep
|turn|8
|
|t:|1636231841
|switch|p2a: Gigalith|Gigalith, F|100/100
|-damage|p2a: Gigalith|88/100|[from] Stealth Rock
|-weather|Sandstorm|[from] ability: Sand Stream|[of] p2a: Gigalith
|move|p1a: Drampa|Draco Meteor|p2a: Gigalith|[miss]
|-miss|p1a: Drampa|p2a: Gigalith
|
|-weather|Sandstorm|[upkeep]
|-heal|p2a: Gigalith|94/100|[from] item: Leftovers
|upkeep
|turn|9
|c|☆k8ppy|nice
|
|t:|1636231852
|move|p1a: Drampa|Energy Ball|p2a: Gigalith
|-supereffective|p2a: Gigalith
|-damage|p2a: Gigalith|41/100
|move|p2a: Gigalith|Stealth Rock|p1a: Drampa
|-sidestart|p1: k8ppy|move: Stealth Rock
|
|-weather|Sandstorm|[upkeep]
|-heal|p2a: Gigalith|47/100|[from] item: Leftovers
|upkeep
|turn|10
|
|t:|1636231860
|move|p1a: Drampa|Draco Meteor|p2a: Gigalith
|-damage|p2a: Gigalith|0 fnt
|-unboost|p1a: Drampa|spa|2
|faint|p2a: Gigalith
|
|-weather|Sandstorm|[upkeep]
|upkeep
|
|t:|1636231874
|switch|p2a: Flapple|Flapple, M|78/100
|-damage|p2a: Flapple|66/100|[from] Stealth Rock
|turn|11
|
|t:|1636231890
|switch|p1a: Weezing|Weezing, F|100/100
|-damage|p1a: Weezing|88/100|[from] Stealth Rock
|move|p2a: Flapple|Draco Meteor|p1a: Weezing
|-damage|p1a: Weezing|9/100
|-unboost|p2a: Flapple|spa|2
|-damage|p2a: Flapple|56/100|[from] item: Life Orb
|
|-weather|Sandstorm|[upkeep]
|-damage|p2a: Flapple|50/100|[from] Sandstorm
|-damage|p1a: Weezing|3/100|[from] Sandstorm
|-heal|p1a: Weezing|9/100|[from] item: Black Sludge
|upkeep
|turn|12
|
|t:|1636231897
|move|p2a: Flapple|Grav Apple|p1a: Weezing
|-resisted|p1a: Weezing
|-damage|p1a: Weezing|0 fnt
|faint|p1a: Weezing
|-damage|p2a: Flapple|40/100|[from] item: Life Orb
|
|-weather|none
|upkeep
|
|t:|1636231900
|switch|p1a: Togedemaru|Togedemaru, M|84/100
|-damage|p1a: Togedemaru|78/100|[from] Stealth Rock
|turn|13
|
|t:|1636231911
|switch|p2a: Sandaconda|Sandaconda, F|80/100
|-damage|p2a: Sandaconda|74/100|[from] Stealth Rock
|move|p1a: Togedemaru|U-turn|p2a: Sandaconda
|-damage|p2a: Sandaconda|60/100
|-damage|p1a: Togedemaru|61/100|[from] item: Rocky Helmet|[of] p2a: Sandaconda
|
|t:|1636231916
|switch|p1a: Drampa|Drampa, M|80/100|[from]move: U-turn
|-damage|p1a: Drampa|68/100|[from] Stealth Rock
|-ability|p1a: Drampa|Cloud Nine
|
|upkeep
|turn|14
|
|t:|1636231918
|move|p2a: Sandaconda|Body Press|p1a: Drampa
|-supereffective|p1a: Drampa
|-damage|p1a: Drampa|0 fnt
|faint|p1a: Drampa
|
|upkeep
|
|t:|1636231923
|switch|p1a: Whimsicott|Whimsicott, F|45/100
|turn|15
|
|t:|1636231930
|switch|p2a: Weezing|Weezing, F|100/100
|-ability|p2a: Weezing|Neutralizing Gas
|-damage|p2a: Weezing|88/100|[from] Stealth Rock
|move|p1a: Whimsicott|Moonblast|p2a: Weezing
|-resisted|p2a: Weezing
|-damage|p2a: Weezing|71/100
|-unboost|p2a: Weezing|spa|1
|
|upkeep
|turn|16
|
|t:|1636231940
|switch|p1a: Gigalith|Gigalith, F|100/100
|-damage|p1a: Gigalith|88/100|[from] Stealth Rock
|move|p2a: Weezing|Sludge Bomb|p1a: Gigalith
|-resisted|p1a: Gigalith
|-damage|p1a: Gigalith|82/100
|
|-heal|p1a: Gigalith|88/100|[from] item: Leftovers
|upkeep
|turn|17
|
|t:|1636231948
|switch|p1a: Scrafty|Scrafty, M|100/100
|-damage|p1a: Scrafty|94/100|[from] Stealth Rock
|move|p2a: Weezing|Will-O-Wisp|p1a: Scrafty
|-status|p1a: Scrafty|brn
|
|-heal|p1a: Scrafty|100/100 brn|[from] item: Leftovers
|-damage|p1a: Scrafty|94/100 brn|[from] brn
|upkeep
|turn|18
|
|t:|1636231954
|-end|p2a: Weezing|ability: Neutralizing Gas
|switch|p2a: Sandaconda|Sandaconda, F|60/100
|-damage|p2a: Sandaconda|54/100|[from] Stealth Rock
|move|p1a: Scrafty|Bulk Up|p1a: Scrafty
|-boost|p1a: Scrafty|atk|1
|-boost|p1a: Scrafty|def|1
|
|-activate|p1a: Scrafty|ability: Shed Skin
|-curestatus|p1a: Scrafty|brn|[msg]
|-heal|p1a: Scrafty|100/100|[from] item: Leftovers
|upkeep
|turn|19
|
|t:|1636231970
|move|p2a: Sandaconda|Coil|p2a: Sandaconda
|-boost|p2a: Sandaconda|atk|1
|-boost|p2a: Sandaconda|def|1
|-boost|p2a: Sandaconda|accuracy|1
|move|p1a: Scrafty|Bulk Up|p1a: Scrafty
|-boost|p1a: Scrafty|atk|1
|-boost|p1a: Scrafty|def|1
|
|upkeep
|turn|20
|
|t:|1636231975
|move|p2a: Sandaconda|Body Press|p1a: Scrafty
|-supereffective|p1a: Scrafty
|-damage|p1a: Scrafty|59/100
|move|p1a: Scrafty|Bulk Up|p1a: Scrafty
|-boost|p1a: Scrafty|atk|1
|-boost|p1a: Scrafty|def|1
|
|-heal|p1a: Scrafty|65/100|[from] item: Leftovers
|upkeep
|turn|21
|
|t:|1636231981
|move|p2a: Sandaconda|Coil|p2a: Sandaconda
|-boost|p2a: Sandaconda|atk|1
|-boost|p2a: Sandaconda|def|1
|-boost|p2a: Sandaconda|accuracy|1
|move|p1a: Scrafty|Drain Punch|p2a: Sandaconda
|-damage|p2a: Sandaconda|33/100
|-heal|p1a: Scrafty|76/100|[from] drain|[of] p2a: Sandaconda
|-damage|p1a: Scrafty|60/100|[from] item: Rocky Helmet|[of] p2a: Sandaconda
|
|-heal|p1a: Scrafty|66/100|[from] item: Leftovers
|upkeep
|turn|22
|
|t:|1636231988
|move|p2a: Sandaconda|Rest|p2a: Sandaconda
|-status|p2a: Sandaconda|slp|[from] move: Rest
|-heal|p2a: Sandaconda|100/100 slp|[silent]
|move|p1a: Scrafty|Knock Off|p2a: Sandaconda
|-damage|p2a: Sandaconda|77/100 slp
|-damage|p1a: Scrafty|49/100|[from] item: Rocky Helmet|[of] p2a: Sandaconda
|-enditem|p2a: Sandaconda|Rocky Helmet|[from] move: Knock Off|[of] p1a: Scrafty
|
|-heal|p1a: Scrafty|56/100|[from] item: Leftovers
|upkeep
|turn|23
|
|t:|1636231992
|cant|p2a: Sandaconda|slp
|move|p1a: Scrafty|Drain Punch|p2a: Sandaconda
|-damage|p2a: Sandaconda|57/100 slp
|-heal|p1a: Scrafty|66/100|[from] drain|[of] p2a: Sandaconda
|
|-heal|p1a: Scrafty|72/100|[from] item: Leftovers
|upkeep
|turn|24
|
|t:|1636231997
|cant|p2a: Sandaconda|slp
|move|p1a: Scrafty|Drain Punch|p2a: Sandaconda
|-damage|p2a: Sandaconda|38/100 slp
|-heal|p1a: Scrafty|83/100|[from] drain|[of] p2a: Sandaconda
|
|-heal|p1a: Scrafty|89/100|[from] item: Leftovers
|upkeep
|turn|25
|
|t:|1636232001
|-curestatus|p2a: Sandaconda|slp|[msg]
|move|p2a: Sandaconda|Coil|p2a: Sandaconda
|-boost|p2a: Sandaconda|atk|1
|-boost|p2a: Sandaconda|def|1
|-boost|p2a: Sandaconda|accuracy|1
|move|p1a: Scrafty|Bulk Up|p1a: Scrafty
|-boost|p1a: Scrafty|atk|1
|-boost|p1a: Scrafty|def|1
|
|-heal|p1a: Scrafty|95/100|[from] item: Leftovers
|upkeep
|turn|26
|
|t:|1636232004
|move|p2a: Sandaconda|Rest|p2a: Sandaconda
|-status|p2a: Sandaconda|slp|[from] move: Rest
|-heal|p2a: Sandaconda|100/100 slp|[silent]
|move|p1a: Scrafty|Bulk Up|p1a: Scrafty
|-boost|p1a: Scrafty|atk|1
|-boost|p1a: Scrafty|def|1
|
|-activate|p2a: Sandaconda|ability: Shed Skin
|-curestatus|p2a: Sandaconda|slp|[msg]
|-heal|p1a: Scrafty|100/100|[from] item: Leftovers
|upkeep
|turn|27
|
|t:|1636232009
|move|p2a: Sandaconda|Coil|p2a: Sandaconda
|-boost|p2a: Sandaconda|atk|1
|-boost|p2a: Sandaconda|def|1
|-boost|p2a: Sandaconda|accuracy|1
|move|p1a: Scrafty|Drain Punch|p2a: Sandaconda
|-crit|p2a: Sandaconda
|-damage|p2a: Sandaconda|25/100
|
|upkeep
|turn|28
|
|t:|1636232012
|move|p2a: Sandaconda|Rest|p2a: Sandaconda
|-status|p2a: Sandaconda|slp|[from] move: Rest
|-heal|p2a: Sandaconda|100/100 slp|[silent]
|move|p1a: Scrafty|Drain Punch|p2a: Sandaconda
|-damage|p2a: Sandaconda|83/100 slp
|
|upkeep
|turn|29
|
|t:|1636232015
|cant|p2a: Sandaconda|slp
|move|p1a: Scrafty|Drain Punch|p2a: Sandaconda
|-damage|p2a: Sandaconda|63/100 slp
|
|-activate|p2a: Sandaconda|ability: Shed Skin
|-curestatus|p2a: Sandaconda|slp|[msg]
|upkeep
|turn|30
|
|t:|1636232018
|move|p2a: Sandaconda|Body Press|p1a: Scrafty
|-supereffective|p1a: Scrafty
|-damage|p1a: Scrafty|57/100
|move|p1a: Scrafty|Drain Punch|p2a: Sandaconda
|-damage|p2a: Sandaconda|47/100
|-heal|p1a: Scrafty|66/100|[from] drain|[of] p2a: Sandaconda
|
|-heal|p1a: Scrafty|72/100|[from] item: Leftovers
|upkeep
|turn|31
|
|t:|1636232022
|move|p2a: Sandaconda|Body Press|p1a: Scrafty
|-supereffective|p1a: Scrafty
|-damage|p1a: Scrafty|29/100
|move|p1a: Scrafty|Drain Punch|p2a: Sandaconda
|-damage|p2a: Sandaconda|29/100
|-heal|p1a: Scrafty|39/100|[from] drain|[of] p2a: Sandaconda
|
|-heal|p1a: Scrafty|45/100|[from] item: Leftovers
|upkeep
|turn|32
|
|t:|1636232027
|move|p2a: Sandaconda|Body Press|p1a: Scrafty
|-supereffective|p1a: Scrafty
|-damage|p1a: Scrafty|4/100
|move|p1a: Scrafty|Drain Punch|p2a: Sandaconda
|-damage|p2a: Sandaconda|11/100
|-heal|p1a: Scrafty|13/100|[from] drain|[of] p2a: Sandaconda
|
|-heal|p1a: Scrafty|19/100|[from] item: Leftovers
|upkeep
|turn|33
|
|t:|1636232032
|move|p2a: Sandaconda|Body Press|p1a: Scrafty
|-supereffective|p1a: Scrafty
|-damage|p1a: Scrafty|0 fnt
|faint|p1a: Scrafty
|
|upkeep
|
|t:|1636232035
|switch|p1a: Whimsicott|Whimsicott, F|45/100
|turn|34
|
|t:|1636232039
|switch|p2a: Weezing|Weezing, F|71/100
|-ability|p2a: Weezing|Neutralizing Gas
|-damage|p2a: Weezing|59/100|[from] Stealth Rock
|move|p1a: Whimsicott|Moonblast|p2a: Weezing
|-resisted|p2a: Weezing
|-damage|p2a: Weezing|42/100
|
|upkeep
|turn|35
|
|t:|1636232049
|switch|p1a: Togedemaru|Togedemaru, M|61/100
|-damage|p1a: Togedemaru|55/100|[from] Stealth Rock
|move|p2a: Weezing|Sludge Bomb|p1a: Togedemaru
|-immune|p1a: Togedemaru
|
|upkeep
|turn|36
|
|t:|1636232055
|move|p1a: Togedemaru|Iron Head|p2a: Weezing
|-damage|p2a: Weezing|20/100
|-damage|p1a: Togedemaru|39/100|[from] item: Rocky Helmet|[of] p2a: Weezing
|move|p2a: Weezing|Will-O-Wisp|p1a: Togedemaru
|-status|p1a: Togedemaru|brn
|
|-damage|p1a: Togedemaru|33/100 brn|[from] brn
|upkeep
|turn|37
|
|t:|1636232061
|-end|p2a: Weezing|ability: Neutralizing Gas
|switch|p2a: Drifblim|Drifblim, F|96/100
|move|p1a: Togedemaru|Iron Head|p2a: Drifblim
|-damage|p2a: Drifblim|80/100
|
|-damage|p1a: Togedemaru|27/100 brn|[from] brn
|upkeep
|turn|38
|
|t:|1636232065
|switch|p1a: Gigalith|Gigalith, F|88/100
|-damage|p1a: Gigalith|75/100|[from] Stealth Rock
|-weather|Sandstorm|[from] ability: Sand Stream|[of] p1a: Gigalith
|move|p2a: Drifblim|Knock Off|p1a: Gigalith
|-damage|p1a: Gigalith|64/100
|-enditem|p1a: Gigalith|Leftovers|[from] move: Knock Off|[of] p2a: Drifblim
|
|-weather|Sandstorm|[upkeep]
|-damage|p2a: Drifblim|74/100|[from] Sandstorm
|upkeep
|turn|39
|
|t:|1636232069
|move|p2a: Drifblim|Will-O-Wisp|p1a: Gigalith
|-status|p1a: Gigalith|brn
|move|p1a: Gigalith|Toxic|p2a: Drifblim
|-status|p2a: Drifblim|tox
|
|-weather|Sandstorm|[upkeep]
|-damage|p2a: Drifblim|68/100 tox|[from] Sandstorm
|-damage|p2a: Drifblim|61/100 tox|[from] psn
|-damage|p1a: Gigalith|57/100 brn|[from] brn
|upkeep
|turn|40
|
|t:|1636232080
|move|p2a: Drifblim|Strength Sap|p1a: Gigalith
|-unboost|p1a: Gigalith|atk|1
|-heal|p2a: Drifblim|100/100 tox
|move|p1a: Gigalith|Rock Blast|p2a: Drifblim
|-supereffective|p2a: Drifblim
|-damage|p2a: Drifblim|92/100 tox
|-supereffective|p2a: Drifblim
|-damage|p2a: Drifblim|85/100 tox
|-supereffective|p2a: Drifblim
|-damage|p2a: Drifblim|77/100 tox
|-supereffective|p2a: Drifblim
|-damage|p2a: Drifblim|69/100 tox
|-supereffective|p2a: Drifblim
|-damage|p2a: Drifblim|62/100 tox
|-hitcount|p2a: Drifblim|5
|
|-weather|Sandstorm|[upkeep]
|-damage|p2a: Drifblim|56/100 tox|[from] Sandstorm
|-damage|p2a: Drifblim|44/100 tox|[from] psn
|-damage|p1a: Gigalith|51/100 brn|[from] brn
|upkeep
|turn|41
|
|t:|1636232085
|switch|p2a: Sandaconda|Sandaconda, F|11/100
|-damage|p2a: Sandaconda|5/100|[from] Stealth Rock
|move|p1a: Gigalith|Rock Blast|p2a: Sandaconda
|-resisted|p2a: Sandaconda
|-damage|p2a: Sandaconda|4/100
|-resisted|p2a: Sandaconda
|-damage|p2a: Sandaconda|3/100
|-hitcount|p2a: Sandaconda|2
|
|-weather|Sandstorm|[upkeep]
|-damage|p1a: Gigalith|45/100 brn|[from] brn
|upkeep
|turn|42
|
|t:|1636232091
|switch|p1a: Whimsicott|Whimsicott, F|45/100
|move|p2a: Sandaconda|Rest|p2a: Sandaconda
|-status|p2a: Sandaconda|slp|[from] move: Rest
|-heal|p2a: Sandaconda|100/100 slp|[silent]
|
|-weather|none
|-activate|p2a: Sandaconda|ability: Shed Skin
|-curestatus|p2a: Sandaconda|slp|[msg]
|upkeep
|turn|43
|c|☆k8ppy|lmao
|c|☆k8ppy|that thing is a joke
|-message|k8ppy forfeited.
|
|win|one of the bouys
|raw|k8ppy's rating: 1494 &rarr; <strong>1476</strong><br />(-18 for losing)
|raw|one of the bouys's rating: 1534 &rarr; <strong>1552</strong><br />(+18 for winning)
|l|☆k8ppy
