|j|☆tommy ege
|j|☆Lady Writer ❀
|t:|1655685673
|gametype|singles
|player|p1|tommy ege|1|
|player|p2|Lady Writer ❀|furisodegirl-black|
|teamsize|p1|6
|teamsize|p2|6
|gen|8
|tier|[Gen 8] PU
|rule|Sleep Clause Mod: Limit one foe put to sleep
|rule|Species Clause: Limit one of each Pokémon
|rule|OHKO Clause: OHKO moves are banned
|rule|Evasion Moves Clause: Evasion moves are banned
|rule|Endless Battle Clause: Forcing endless battles is banned
|rule|HP Percentage Mod: HP is shown in percentages
|rule|Dynamax Clause: You cannot dynamax
|clearpoke
|poke|p1|Sandaconda, F|
|poke|p1|Togedemaru, M|
|poke|p1|Shiftry, F|
|poke|p1|Archeops, F|
|poke|p1|Ribombee, F|
|poke|p1|Jellicent, F|
|poke|p2|Centiskorch, F|
|poke|p2|Lanturn, M|
|poke|p2|Aggron, M|
|poke|p2|Haunter, F|
|poke|p2|Eldegoss, M|
|poke|p2|Ribombee, M|
|teampreview
|inactive|Battle timer is ON: inactive players will automatically lose when time's up. (requested by Lady Writer ❀)
|c|☆tommy ege|hf
|c|☆Lady Writer ❀|u2
|j| Sakura❅Swirl
|j| cxzovno
|j| happy drain day
|inactive|tommy ege has 270 seconds left.
|inactive|Lady Writer ❀ has 270 seconds left.
|c| happy drain day|lgi tommy ege!!
|l| Sakura❅Swirl
|c| happy drain day|#VISHTANK
|inactive|Lady Writer ❀ has 240 seconds left.
|
|t:|1655685752
|start
|switch|p1a: Togedemaru|Togedemaru, M|100/100
|switch|p2a: Ribombee|Ribombee, M|100/100
|turn|1
|
|t:|1655685760
|switch|p2a: Aggron|Aggron, M|100/100
|move|p1a: Togedemaru|Iron Head|p2a: Aggron
|-damage|p2a: Aggron|83/100
|
|-heal|p2a: Aggron|89/100|[from] item: Leftovers
|upkeep
|turn|2
|
|t:|1655685776
|switch|p1a: Sandaconda|Sandaconda, F|100/100
|move|p2a: Aggron|Stealth Rock|p1a: Sandaconda
|-sidestart|p1: tommy ege|move: Stealth Rock
|
|-heal|p2a: Aggron|95/100|[from] item: Leftovers
|upkeep
|turn|3
|
|t:|1655685781
|switch|p2a: Eldegoss|Eldegoss, M|100/100
|move|p1a: Sandaconda|Stealth Rock|p2a: Eldegoss
|-sidestart|p2: Lady Writer ❀|move: Stealth Rock
|
|upkeep
|turn|4
|
|t:|1655685788
|move|p1a: Sandaconda|Glare|p2a: Eldegoss
|-status|p2a: Eldegoss|par
|cant|p2a: Eldegoss|par
|
|upkeep
|turn|5
|
|t:|1655685793
|switch|p1a: Shiftry|Shiftry, F|100/100
|cant|p2a: Eldegoss|par
|
|upkeep
|turn|6
|
|t:|1655685798
|move|p1a: Shiftry|Knock Off|p2a: Eldegoss
|-damage|p2a: Eldegoss|72/100 par
|-enditem|p2a: Eldegoss|Heavy-Duty Boots|[from] move: Knock Off|[of] p1a: Shiftry
|move|p2a: Eldegoss|Rapid Spin|p1a: Shiftry
|-damage|p1a: Shiftry|91/100
|-boost|p2a: Eldegoss|spe|1
|-sideend|p2: Lady Writer ❀|Stealth Rock|[from] move: Rapid Spin|[of] p2a: Eldegoss
|
|upkeep
|turn|7
|
|t:|1655685813
|move|p1a: Shiftry|Knock Off|p2a: Eldegoss
|-damage|p2a: Eldegoss|54/100 par
|cant|p2a: Eldegoss|par
|
|upkeep
|turn|8
|j| BALOOR
|j| avyrie
|
|t:|1655685818
|move|p1a: Shiftry|Heat Wave|p2a: Eldegoss
|-supereffective|p2a: Eldegoss
|-damage|p2a: Eldegoss|6/100 par
|cant|p2a: Eldegoss|par
|
|upkeep
|turn|9
|c|☆tommy ege|i am so good at this game
|
|t:|1655685833
|switch|p2a: Ribombee|Ribombee, M|100/100
|move|p1a: Shiftry|Knock Off|p2a: Ribombee
|-resisted|p2a: Ribombee
|-damage|p2a: Ribombee|69/100
|-enditem|p2a: Ribombee|Choice Specs|[from] move: Knock Off|[of] p1a: Shiftry
|
|upkeep
|turn|10
|
|t:|1655685838
|switch|p1a: Togedemaru|Togedemaru, M|100/100
|-damage|p1a: Togedemaru|95/100|[from] Stealth Rock
|move|p2a: Ribombee|Trick||[still]
|-fail|p2a: Ribombee
|
|upkeep
|turn|11
|j| lexrn
|
|t:|1655685849
|switch|p2a: Aggron|Aggron, M|95/100
|move|p1a: Togedemaru|U-turn|p2a: Aggron
|-resisted|p2a: Aggron
|-damage|p2a: Aggron|91/100
|
|t:|1655685851
|switch|p1a: Sandaconda|Sandaconda, F|100/100|[from]move: U-turn
|-damage|p1a: Sandaconda|94/100|[from] Stealth Rock
|
|-heal|p2a: Aggron|97/100|[from] item: Leftovers
|upkeep
|turn|12
|
|t:|1655685857
|switch|p2a: Eldegoss|Eldegoss, M|39/100 par
|move|p1a: Sandaconda|Earthquake|p2a: Eldegoss
|-resisted|p2a: Eldegoss
|-damage|p2a: Eldegoss|24/100 par
|
|upkeep
|turn|13
|j| halaman95
|
|t:|1655685879
|switch|p1a: Shiftry|Shiftry, F|91/100
|move|p2a: Eldegoss|Synthesis|p2a: Eldegoss
|-heal|p2a: Eldegoss|74/100 par
|
|upkeep
|turn|14
|inactive|Lady Writer ❀ has 270 seconds left.
|
|t:|1655685900
|switch|p2a: Haunter|Haunter, F|100/100
|move|p1a: Shiftry|Knock Off|p2a: Haunter
|-supereffective|p2a: Haunter
|-enditem|p2a: Haunter|Colbur Berry|[eat]
|-enditem|p2a: Haunter|Colbur Berry|[weaken]
|-damage|p2a: Haunter|12/100
|
|upkeep
|turn|15
|j| kythr
|inactive|tommy ege has 270 seconds left.
|j| Z Strats
|inactive|tommy ege has 240 seconds left.
|
|t:|1655685967
|move|p2a: Haunter|Shadow Ball|p1a: Shiftry
|-resisted|p1a: Shiftry
|-damage|p1a: Shiftry|58/100
|move|p1a: Shiftry|Knock Off|p2a: Haunter
|-supereffective|p2a: Haunter
|-damage|p2a: Haunter|0 fnt
|faint|p2a: Haunter
|
|upkeep
|
|t:|1655685971
|switch|p2a: Ribombee|Ribombee, M|69/100
|turn|16
|
|t:|1655685973
|switch|p2a: Centiskorch|Centiskorch, F|100/100
|switch|p1a: Togedemaru|Togedemaru, M|95/100
|-damage|p1a: Togedemaru|89/100|[from] Stealth Rock
|
|upkeep
|turn|17
|
|t:|1655685983
|switch|p1a: Sandaconda|Sandaconda, F|94/100
|-damage|p1a: Sandaconda|88/100|[from] Stealth Rock
|move|p2a: Centiskorch|Fire Lash|p1a: Sandaconda
|-damage|p1a: Sandaconda|61/100
|-unboost|p1a: Sandaconda|def|1
|-damage|p2a: Centiskorch|84/100|[from] item: Rocky Helmet|[of] p1a: Sandaconda
|
|upkeep
|turn|18
|
|t:|1655685992
|switch|p1a: Archeops|Archeops, F|100/100
|move|p2a: Centiskorch|Power Whip|p1a: Archeops
|-damage|p1a: Archeops|27/100
|
|upkeep
|turn|19
|j| LoSconosciuto
|inactive|Lady Writer ❀ has 270 seconds left.
|j| Ayax5
|j| Casual❊dot❊exe
|inactive|Lady Writer ❀ has 240 seconds left.
|
|t:|1655686056
|switch|p2a: Lanturn|Lanturn, M|100/100
|move|p1a: Archeops|U-turn|p2a: Lanturn
|-damage|p2a: Lanturn|86/100
|j| Ninja
|
|t:|1655686060
|switch|p1a: Shiftry|Shiftry, F|58/100|[from]move: U-turn
|
|-heal|p2a: Lanturn|92/100|[from] item: Leftovers
|upkeep
|turn|20
|l| Ayax5
|inactive|tommy ege has 270 seconds left.
|
|t:|1655686077
|switch|p2a: Ribombee|Ribombee, M|69/100
|move|p1a: Shiftry|Defog|p2a: Ribombee
|-unboost|p2a: Ribombee|evasion|1
|-sideend|p1: tommy ege|Stealth Rock|[from] move: Defog|[of] p1a: Shiftry
|
|upkeep
|turn|21
|
|t:|1655686083
|switch|p2a: Centiskorch|Centiskorch, F|84/100
|switch|p1a: Togedemaru|Togedemaru, M|89/100
|
|upkeep
|turn|22
|inactive|tommy ege has 270 seconds left.
|
|t:|1655686126
|move|p1a: Togedemaru|Spiky Shield|p1a: Togedemaru
|-singleturn|p1a: Togedemaru|move: Protect
|move|p2a: Centiskorch|Fire Lash|p1a: Togedemaru
|-activate|p1a: Togedemaru|move: Protect
|-damage|p2a: Centiskorch|72/100|[from] Spiky Shield|[of] p1a: Togedemaru
|
|upkeep
|turn|23
|j| Ayax5
|inactive|tommy ege has 240 seconds left.
|inactive|tommy ege has 210 seconds left.
|
|t:|1655686186
|move|p2a: Centiskorch|Fire Lash|p1a: Togedemaru
|-supereffective|p1a: Togedemaru
|-damage|p1a: Togedemaru|2/100
|-unboost|p1a: Togedemaru|def|1
|-damage|p2a: Centiskorch|59/100|[from] ability: Iron Barbs|[of] p1a: Togedemaru
|move|p1a: Togedemaru|Iron Head|p2a: Centiskorch
|-resisted|p2a: Centiskorch
|-damage|p2a: Centiskorch|41/100
|
|upkeep
|turn|24
|inactive|Lady Writer ❀ has 270 seconds left.
|
|t:|1655686206
|move|p1a: Togedemaru|Spiky Shield|p1a: Togedemaru
|-singleturn|p1a: Togedemaru|move: Protect
|move|p2a: Centiskorch|Leech Life|p1a: Togedemaru
|-activate|p1a: Togedemaru|move: Protect
|-damage|p2a: Centiskorch|29/100|[from] Spiky Shield|[of] p1a: Togedemaru
|
|upkeep
|turn|25
|j| guesot 2347
|
|t:|1655686219
|move|p2a: Centiskorch|Leech Life|p1a: Togedemaru
|-resisted|p1a: Togedemaru
|-damage|p1a: Togedemaru|0 fnt
|-heal|p2a: Centiskorch|30/100|[from] drain|[of] p1a: Togedemaru
|-damage|p2a: Centiskorch|18/100|[from] ability: Iron Barbs|[of] p1a: Togedemaru
|faint|p1a: Togedemaru
|
|upkeep
|inactive|tommy ege has 180 seconds left.
|
|t:|1655686239
|switch|p1a: Shiftry|Shiftry, F|58/100
|turn|26
|
|t:|1655686246
|switch|p2a: Ribombee|Ribombee, M|69/100
|move|p1a: Shiftry|Knock Off|p2a: Ribombee
|-resisted|p2a: Ribombee
|-damage|p2a: Ribombee|47/100
|
|upkeep
|turn|27
|inactive|tommy ege has 180 seconds left.
|
|t:|1655686264
|switch|p1a: Ribombee|Ribombee, F|100/100
|move|p2a: Ribombee|Roost|p2a: Ribombee
|-heal|p2a: Ribombee|97/100
|-singleturn|p2a: Ribombee|move: Roost
|
|upkeep
|turn|28
|j| DOOR MONEY
|
|t:|1655686273
|switch|p1a: Sandaconda|Sandaconda, F|61/100
|move|p2a: Ribombee|Moonblast|p1a: Sandaconda
|-damage|p1a: Sandaconda|5/100
|
|upkeep
|turn|29
|j| BoRida
|
|t:|1655686282
|move|p2a: Ribombee|Moonblast|p1a: Sandaconda
|-damage|p1a: Sandaconda|0 fnt
|faint|p1a: Sandaconda
|
|upkeep
|
|t:|1655686283
|switch|p1a: Ribombee|Ribombee, F|100/100
|turn|30
|
|t:|1655686287
|switch|p2a: Aggron|Aggron, M|97/100
|move|p1a: Ribombee|Quiver Dance|p1a: Ribombee
|-boost|p1a: Ribombee|spa|1
|-boost|p1a: Ribombee|spd|1
|-boost|p1a: Ribombee|spe|1
|
|-heal|p2a: Aggron|100/100|[from] item: Leftovers
|upkeep
|turn|31
|inactive|tommy ege has 210 seconds left.
|
|t:|1655686294
|switch|p1a: Jellicent|Jellicent, F|100/100
|move|p2a: Aggron|Stealth Rock|p1a: Jellicent
|-sidestart|p1: tommy ege|move: Stealth Rock
|
|upkeep
|turn|32
|
|t:|1655686298
|move|p2a: Aggron|Protect|p2a: Aggron
|-singleturn|p2a: Aggron|Protect
|move|p1a: Jellicent|Shadow Ball|p2a: Aggron
|-activate|p2a: Aggron|move: Protect
|
|upkeep
|turn|33
|j| Teres bahji
|
|t:|1655686301
|switch|p2a: Lanturn|Lanturn, M|92/100
|move|p1a: Jellicent|Shadow Ball|p2a: Lanturn
|-crit|p2a: Lanturn
|-damage|p2a: Lanturn|42/100
|
|-heal|p2a: Lanturn|48/100|[from] item: Leftovers
|upkeep
|turn|34
|
|t:|1655686306
|move|p1a: Jellicent|Shadow Ball|p2a: Lanturn
|-damage|p2a: Lanturn|15/100
|move|p2a: Lanturn|Volt Switch|p1a: Jellicent
|-supereffective|p1a: Jellicent
|-damage|p1a: Jellicent|60/100
|
|t:|1655686314
|switch|p2a: Centiskorch|Centiskorch, F|18/100|[from]move: Volt Switch
|
|upkeep
|turn|35
|c| Teres bahji|what is this
|c| Teres bahji|lel
|c| avyrie|blt
|
|t:|1655686320
|switch|p1a: Ribombee|Ribombee, F|100/100
|move|p2a: Centiskorch|Knock Off|p1a: Ribombee
|-resisted|p1a: Ribombee
|-damage|p1a: Ribombee|66/100
|-enditem|p1a: Ribombee|Heavy-Duty Boots|[from] move: Knock Off|[of] p2a: Centiskorch
|
|upkeep
|turn|36
|
|t:|1655686324
|switch|p2a: Aggron|Aggron, M|100/100
|move|p1a: Ribombee|Moonblast|p2a: Aggron
|-resisted|p2a: Aggron
|-damage|p2a: Aggron|80/100
|-unboost|p2a: Aggron|spa|1
|
|-heal|p2a: Aggron|86/100|[from] item: Leftovers
|upkeep
|turn|37
|
|t:|1655686332
|switch|p1a: Jellicent|Jellicent, F|60/100
|-damage|p1a: Jellicent|48/100|[from] Stealth Rock
|move|p2a: Aggron|Head Smash|p1a: Jellicent
|-damage|p1a: Jellicent|0 fnt
|faint|p1a: Jellicent
|
|-heal|p2a: Aggron|92/100|[from] item: Leftovers
|upkeep
|
|t:|1655686334
|switch|p1a: Shiftry|Shiftry, F|58/100
|turn|38
|c| Teres bahji|why wasnt i drafted
|c| Teres bahji|for blt
|c| Teres bahji|hm
|inactive|tommy ege has 270 seconds left.
|
|t:|1655686348
|move|p1a: Shiftry|Leaf Storm|p2a: Aggron
|-damage|p2a: Aggron|43/100
|-unboost|p1a: Shiftry|spa|2
|move|p2a: Aggron|Body Press|p1a: Shiftry
|-supereffective|p1a: Shiftry
|-damage|p1a: Shiftry|0 fnt
|faint|p1a: Shiftry
|
|-heal|p2a: Aggron|49/100|[from] item: Leftovers
|upkeep
|inactive|tommy ege has 270 seconds left.
|
|t:|1655686354
|switch|p1a: Archeops|Archeops, F|27/100
|turn|39
|
|t:|1655686362
|switch|p2a: Eldegoss|Eldegoss, M|100/100 par
|move|p1a: Archeops|Earthquake|p2a: Eldegoss
|-resisted|p2a: Eldegoss
|-damage|p2a: Eldegoss|93/100 par
|
|upkeep
|turn|40
|
|t:|1655686369
|move|p1a: Archeops|U-turn|p2a: Eldegoss
|-supereffective|p2a: Eldegoss
|-damage|p2a: Eldegoss|72/100 par
|
|t:|1655686371
|switch|p1a: Ribombee|Ribombee, F|66/100|[from]move: U-turn
|-damage|p1a: Ribombee|41/100|[from] Stealth Rock
|move|p2a: Eldegoss|Giga Drain|p1a: Ribombee
|-resisted|p1a: Ribombee
|-damage|p1a: Ribombee|23/100
|-heal|p2a: Eldegoss|79/100 par|[from] drain|[of] p1a: Ribombee
|
|upkeep
|turn|41
|
|t:|1655686377
|switch|p2a: Aggron|Aggron, M|49/100
|move|p1a: Ribombee|Roost|p1a: Ribombee
|-heal|p1a: Ribombee|73/100
|-singleturn|p1a: Ribombee|move: Roost
|
|-heal|p2a: Aggron|55/100|[from] item: Leftovers
|upkeep
|turn|42
|
|t:|1655686384
|move|p1a: Ribombee|Quiver Dance|p1a: Ribombee
|-boost|p1a: Ribombee|spa|1
|-boost|p1a: Ribombee|spd|1
|-boost|p1a: Ribombee|spe|1
|move|p2a: Aggron|Head Smash|p1a: Ribombee
|-supereffective|p1a: Ribombee
|-damage|p1a: Ribombee|0 fnt
|faint|p1a: Ribombee
|
|-heal|p2a: Aggron|62/100|[from] item: Leftovers
|upkeep
|j| OnArceus
|
|t:|1655686386
|switch|p1a: Archeops|Archeops, F|27/100
|turn|43
|
|t:|1655686388
|move|p1a: Archeops|Earthquake|p2a: Aggron
|-supereffective|p2a: Aggron
|-damage|p2a: Aggron|16/100
|move|p2a: Aggron|Body Press|p1a: Archeops
|-damage|p1a: Archeops|0 fnt
|faint|p1a: Archeops
|
|win|Lady Writer ❀
|c|☆tommy ege|gg
|c|☆Lady Writer ❀|gg
|l|☆tommy ege
|l| LoSconosciuto
|l| avyrie
|l| Ayax5
|l| OnArceus
|l| happy drain day
|l| BoRida
