|j|☆BizarreSlime
|j|☆Shacky125
|t:|1619321535
|gametype|singles
|player|p1|BizarreSlime|gambler|1407
|player|p2|Shacky125|clerk|1450
|teamsize|p1|6
|teamsize|p2|6
|gen|8
|tier|[Gen 8] PU
|rated|
|clearpoke
|poke|p1|Ditto|
|poke|p1|Magmortar, M|
|poke|p1|Dubwool, F|
|poke|p1|Palossand, M|
|poke|p1|Silvally-*|
|poke|p1|Sandaconda, M|
|poke|p2|Morpeko, F|
|poke|p2|Qwilfish, M|
|poke|p2|Ludicolo, F|
|poke|p2|Claydol|
|poke|p2|Drampa, M|
|poke|p2|Sneasel, F|
|rule|Sleep Clause Mod: Limit one foe put to sleep
|rule|Species Clause: Limit one of each Pokémon
|rule|OHKO Clause: OHKO moves are banned
|rule|Evasion Moves Clause: Evasion moves are banned
|rule|Endless Battle Clause: Forcing endless battles is banned
|rule|HP Percentage Mod: HP is shown in percentages
|rule|Dynamax Clause: You cannot dynamax
|teampreview
|
|t:|1619321552
|start
|switch|p1a: Magmortar|Magmortar, M|100/100
|switch|p2a: Claydol|Claydol|100/100
|turn|1
|
|t:|1619321562
|switch|p1a: Sandaconda|Sandaconda, M|100/100
|move|p2a: Claydol|Earth Power|p1a: Sandaconda
|-damage|p1a: Sandaconda|68/100
|
|upkeep
|turn|2
|
|t:|1619321571
|move|p2a: Claydol|Toxic|p1a: Sandaconda
|-status|p1a: Sandaconda|tox
|move|p1a: Sandaconda|Glare|p2a: Claydol
|-status|p2a: Claydol|par
|
|-damage|p1a: Sandaconda|62/100 tox|[from] psn
|upkeep
|turn|3
|
|t:|1619321575
|move|p1a: Sandaconda|Stealth Rock|p2a: Claydol
|-sidestart|p2: Shacky125|move: Stealth Rock
|move|p2a: Claydol|Rapid Spin|p1a: Sandaconda
|-damage|p1a: Sandaconda|59/100 tox
|-boost|p2a: Claydol|spe|1
|-damage|p2a: Claydol|84/100 par|[from] item: Rocky Helmet|[of] p1a: Sandaconda
|-sideend|p2: Shacky125|Stealth Rock|[from] move: Rapid Spin|[of] p2a: Claydol
|
|-activate|p1a: Sandaconda|ability: Shed Skin
|-curestatus|p1a: Sandaconda|tox|[msg]
|-heal|p2a: Claydol|90/100 par|[from] item: Leftovers
|upkeep
|turn|4
|
|t:|1619321588
|switch|p1a: Palossand|Palossand, M|100/100
|switch|p2a: Ludicolo|Ludicolo, F|100/100
|
|upkeep
|turn|5
|
|t:|1619321602
|move|p2a: Ludicolo|Toxic|p1a: Palossand
|-status|p1a: Palossand|tox
|move|p1a: Palossand|Shadow Ball|p2a: Ludicolo
|-damage|p2a: Ludicolo|74/100
|
|-heal|p2a: Ludicolo|80/100|[from] item: Leftovers
|-damage|p1a: Palossand|94/100 tox|[from] psn
|upkeep
|turn|6
|
|t:|1619321608
|switch|p1a: Silvally|Silvally-Poison|100/100
|move|p2a: Ludicolo|Leech Seed|p1a: Silvally
|-start|p1a: Silvally|move: Leech Seed
|
|-heal|p2a: Ludicolo|86/100|[from] item: Leftovers
|-damage|p1a: Silvally|88/100|[from] Leech Seed|[of] p2a: Ludicolo
|-heal|p2a: Ludicolo|99/100|[silent]
|upkeep
|turn|7
|
|t:|1619321617
|switch|p2a: Qwilfish|Qwilfish, M|100/100
|-ability|p2a: Qwilfish|Intimidate|boost
|-unboost|p1a: Silvally|atk|1
|move|p1a: Silvally|Parting Shot|p2a: Qwilfish
|-unboost|p2a: Qwilfish|atk|1
|-unboost|p2a: Qwilfish|spa|1
|
|t:|1619321621
|switch|p1a: Magmortar|Magmortar, M|100/100|[from]move: Parting Shot
|
|upkeep
|turn|8
|
|t:|1619321631
|move|p2a: Qwilfish|Spikes|p1a: Magmortar
|-sidestart|p1: BizarreSlime|Spikes
|move|p1a: Magmortar|Thunderbolt|p2a: Qwilfish
|-supereffective|p2a: Qwilfish
|-damage|p2a: Qwilfish|0 fnt
|faint|p2a: Qwilfish
|
|upkeep
|
|t:|1619321644
|switch|p2a: Drampa|Drampa, M|100/100
|turn|9
|
|t:|1619321662
|switch|p1a: Palossand|Palossand, M|94/100 tox
|-damage|p1a: Palossand|82/100 tox|[from] Spikes
|move|p2a: Drampa|Draco Meteor|p1a: Palossand
|-damage|p1a: Palossand|0 fnt
|-unboost|p2a: Drampa|spa|2
|faint|p1a: Palossand
|
|upkeep
|
|t:|1619321677
|switch|p1a: Magmortar|Magmortar, M|100/100
|turn|10
|
|t:|1619321687
|switch|p2a: Ludicolo|Ludicolo, F|99/100
|move|p1a: Magmortar|Fire Blast|p2a: Ludicolo
|-damage|p2a: Ludicolo|39/100
|
|-heal|p2a: Ludicolo|45/100|[from] item: Leftovers
|upkeep
|turn|11
|
|t:|1619321695
|switch|p2a: Drampa|Drampa, M|100/100
|move|p1a: Magmortar|Fire Blast|p2a: Drampa|[miss]
|-miss|p1a: Magmortar|p2a: Drampa
|
|upkeep
|turn|12
|
|t:|1619321699
|move|p1a: Magmortar|Focus Blast|p2a: Drampa|[miss]
|-miss|p1a: Magmortar|p2a: Drampa
|move|p2a: Drampa|Hyper Voice|p1a: Magmortar
|-damage|p1a: Magmortar|1/100
|
|upkeep
|turn|13
|
|t:|1619321711
|switch|p2a: Ludicolo|Ludicolo, F|45/100
|move|p1a: Magmortar|Focus Blast|p2a: Ludicolo
|-damage|p2a: Ludicolo|5/100
|
|-heal|p2a: Ludicolo|11/100|[from] item: Leftovers
|upkeep
|turn|14
|j| tangela wrangler
|
|t:|1619321718
|move|p1a: Magmortar|Scorching Sands|p2a: Ludicolo
|-resisted|p2a: Ludicolo
|-damage|p2a: Ludicolo|0 fnt
|faint|p2a: Ludicolo
|
|upkeep
|
|t:|1619321721
|switch|p2a: Sneasel|Sneasel, F|100/100
|turn|15
|
|t:|1619321727
|switch|p1a: Dubwool|Dubwool, F|100/100
|-damage|p1a: Dubwool|88/100|[from] Spikes
|move|p2a: Sneasel|Knock Off|p1a: Dubwool
|-damage|p1a: Dubwool|64/100
|-enditem|p1a: Dubwool|Leftovers|[from] move: Knock Off|[of] p2a: Sneasel
|
|upkeep
|turn|16
|
|t:|1619321736
|switch|p2a: Drampa|Drampa, M|100/100
|move|p1a: Dubwool|Body Press|p2a: Drampa
|-supereffective|p2a: Drampa
|-damage|p2a: Drampa|45/100
|
|upkeep
|turn|17
|
|t:|1619321743
|switch|p2a: Claydol|Claydol|90/100 par
|move|p1a: Dubwool|Body Press|p2a: Claydol
|-resisted|p2a: Claydol
|-damage|p2a: Claydol|76/100 par
|
|-heal|p2a: Claydol|83/100 par|[from] item: Leftovers
|upkeep
|turn|18
|
|t:|1619321753
|switch|p1a: Silvally|Silvally-Poison|88/100
|-damage|p1a: Silvally|76/100|[from] Spikes
|cant|p2a: Claydol|par
|
|-heal|p2a: Claydol|89/100 par|[from] item: Leftovers
|upkeep
|turn|19
|
|t:|1619321759
|move|p1a: Silvally|Defog|p2a: Claydol
|-unboost|p2a: Claydol|evasion|1
|-sideend|p1: BizarreSlime|Spikes|[from] move: Defog|[of] p1a: Silvally
|cant|p2a: Claydol|par
|
|-heal|p2a: Claydol|95/100 par|[from] item: Leftovers
|upkeep
|turn|20
|
|t:|1619321763
|move|p1a: Silvally|Parting Shot|p2a: Claydol
|-unboost|p2a: Claydol|atk|1
|-unboost|p2a: Claydol|spa|1
|
|t:|1619321767
|switch|p1a: Sandaconda|Sandaconda, M|59/100|[from]move: Parting Shot
|move|p2a: Claydol|Toxic|p1a: Sandaconda
|-status|p1a: Sandaconda|tox
|
|-heal|p2a: Claydol|100/100 par|[from] item: Leftovers
|-damage|p1a: Sandaconda|53/100 tox|[from] psn
|upkeep
|turn|21
|
|t:|1619321773
|switch|p2a: Drampa|Drampa, M|45/100
|move|p1a: Sandaconda|Rest|p1a: Sandaconda
|-status|p1a: Sandaconda|slp|[from] move: Rest
|-heal|p1a: Sandaconda|100/100 slp|[silent]
|
|-activate|p1a: Sandaconda|ability: Shed Skin
|-curestatus|p1a: Sandaconda|slp|[msg]
|upkeep
|turn|22
|
|t:|1619321775
|move|p1a: Sandaconda|Glare|p2a: Drampa
|-status|p2a: Drampa|par
|move|p2a: Drampa|Draco Meteor|p1a: Sandaconda
|-damage|p1a: Sandaconda|0 fnt
|-unboost|p2a: Drampa|spa|2
|faint|p1a: Sandaconda
|
|upkeep
|
|t:|1619321783
|switch|p1a: Silvally|Silvally-Poison|76/100
|turn|23
|
|t:|1619321786
|move|p1a: Silvally|Multi-Attack|p2a: Drampa
|-damage|p2a: Drampa|0 fnt
|faint|p2a: Drampa
|
|upkeep
|
|t:|1619321798
|switch|p2a: Sneasel|Sneasel, F|100/100
|turn|24
|
|t:|1619321804
|switch|p1a: Magmortar|Magmortar, M|1/100
|move|p2a: Sneasel|Triple Axel|p1a: Magmortar
|-resisted|p1a: Magmortar
|-damage|p1a: Magmortar|0 fnt
|-hitcount|p1a: Magmortar|1
|faint|p1a: Magmortar
|
|upkeep
|
|t:|1619321816
|switch|p1a: Dubwool|Dubwool, F|64/100
|turn|25
|
|t:|1619321820
|move|p2a: Sneasel|Triple Axel|p1a: Dubwool|[miss]
|-miss|p2a: Sneasel|p1a: Dubwool
|move|p1a: Dubwool|Cotton Guard|p1a: Dubwool
|-boost|p1a: Dubwool|def|3
|
|upkeep
|turn|26
|
|t:|1619321822
|move|p2a: Sneasel|Triple Axel|p1a: Dubwool
|-damage|p1a: Dubwool|62/100
|-damage|p1a: Dubwool|57/100
|-damage|p1a: Dubwool|51/100
|-hitcount|p1a: Dubwool|3
|move|p1a: Dubwool|Cotton Guard|p1a: Dubwool
|-boost|p1a: Dubwool|def|3
|
|upkeep
|turn|27
|
|t:|1619321829
|move|p2a: Sneasel|Triple Axel|p1a: Dubwool
|-damage|p1a: Dubwool|50/100
|-damage|p1a: Dubwool|47/100
|-damage|p1a: Dubwool|44/100
|-hitcount|p1a: Dubwool|3
|move|p1a: Dubwool|Body Press|p2a: Sneasel
|-supereffective|p2a: Sneasel
|-damage|p2a: Sneasel|0 fnt
|faint|p2a: Sneasel
|
|upkeep
|
|t:|1619321836
|switch|p2a: Claydol|Claydol|100/100 par
|turn|28
|
|t:|1619321838
|move|p1a: Dubwool|Rest|p1a: Dubwool
|-status|p1a: Dubwool|slp|[from] move: Rest
|-heal|p1a: Dubwool|100/100 slp|[silent]
|move|p2a: Claydol|Psychic|p1a: Dubwool
|-damage|p1a: Dubwool|71/100 slp
|-unboost|p1a: Dubwool|spd|1
|
|upkeep
|turn|29
|
|t:|1619321843
|switch|p1a: Ditto|Ditto|100/100
|-transform|p1a: Ditto|p2a: Claydol|[from] ability: Imposter
|cant|p2a: Claydol|par
|
|upkeep
|turn|30
|
|t:|1619321855
|move|p1a: Ditto|Psychic|p2a: Claydol
|-resisted|p2a: Claydol
|-damage|p2a: Claydol|92/100 par
|move|p2a: Claydol|Psychic|p1a: Ditto
|-resisted|p1a: Ditto
|-damage|p1a: Ditto|91/100
|
|-heal|p2a: Claydol|98/100 par|[from] item: Leftovers
|upkeep
|turn|31
|
|t:|1619321860
|switch|p1a: Silvally|Silvally-Poison|76/100
|move|p2a: Claydol|Psychic|p1a: Silvally
|-supereffective|p1a: Silvally
|-damage|p1a: Silvally|36/100
|
|-heal|p2a: Claydol|100/100 par|[from] item: Leftovers
|upkeep
|turn|32
|l| tangela wrangler
|
|t:|1619321871
|switch|p2a: Morpeko|Morpeko, F|100/100
|move|p1a: Silvally|Multi-Attack|p2a: Morpeko
|-damage|p2a: Morpeko|25/100
|
|-formechange|p2a: Morpeko|Morpeko-Hangry||[from] ability: Hunger Switch
|upkeep
|turn|33
|
|t:|1619321878
|move|p2a: Morpeko|Aura Wheel|p1a: Silvally
|-damage|p1a: Silvally|0 fnt
|-boost|p2a: Morpeko|spe|1
|faint|p1a: Silvally
|
|-formechange|p2a: Morpeko|Morpeko||[from] ability: Hunger Switch
|upkeep
|
|t:|1619321881
|switch|p1a: Ditto|Ditto|91/100
|-transform|p1a: Ditto|p2a: Morpeko|[from] ability: Imposter
|turn|34
|
|t:|1619321891
|move|p1a: Ditto|Aura Wheel|p2a: Morpeko
|-resisted|p2a: Morpeko
|-damage|p2a: Morpeko|0 fnt
|-boost|p1a: Ditto|spe|1
|faint|p2a: Morpeko
|
|upkeep
|
|t:|1619321896
|switch|p2a: Claydol|Claydol|100/100 par
|turn|35
|
|t:|1619321905
|move|p1a: Ditto|Aura Wheel|p2a: Claydol
|-immune|p2a: Claydol
|move|p2a: Claydol|Psychic|p1a: Ditto
|-immune|p1a: Ditto
|
|upkeep
|turn|36
|
|t:|1619321911
|switch|p1a: Dubwool|Dubwool, F|71/100 slp
|cant|p2a: Claydol|par
|
|upkeep
|turn|37
|
|t:|1619321915
|cant|p1a: Dubwool|slp
|move|p1a: Dubwool|Sleep Talk|p1a: Dubwool
|move|p1a: Dubwool|Cotton Guard|p1a: Dubwool|[from]move: Sleep Talk
|-boost|p1a: Dubwool|def|3
|move|p2a: Claydol|Earth Power|p1a: Dubwool
|-damage|p1a: Dubwool|44/100 slp
|
|upkeep
|turn|38
|
|t:|1619321918
|cant|p1a: Dubwool|slp
|move|p1a: Dubwool|Sleep Talk|p1a: Dubwool
|move|p1a: Dubwool|Cotton Guard|p1a: Dubwool|[from]move: Sleep Talk
|-boost|p1a: Dubwool|def|3
|move|p2a: Claydol|Earth Power|p1a: Dubwool
|-damage|p1a: Dubwool|15/100 slp
|
|upkeep
|turn|39
|
|t:|1619321923
|-curestatus|p1a: Dubwool|slp|[msg]
|move|p1a: Dubwool|Rest|p1a: Dubwool
|-status|p1a: Dubwool|slp|[from] move: Rest
|-heal|p1a: Dubwool|100/100 slp|[silent]
|move|p2a: Claydol|Earth Power|p1a: Dubwool
|-damage|p1a: Dubwool|71/100 slp
|
|upkeep
|turn|40
|
|t:|1619321937
|switch|p1a: Ditto|Ditto|91/100
|-transform|p1a: Ditto|p2a: Claydol|[from] ability: Imposter
|move|p2a: Claydol|Psychic|p1a: Ditto
|-resisted|p1a: Ditto
|-damage|p1a: Ditto|83/100
|
|upkeep
|turn|41
|
|t:|1619321950
|switch|p1a: Dubwool|Dubwool, F|71/100 slp
|move|p2a: Claydol|Rapid Spin|p1a: Dubwool
|-damage|p1a: Dubwool|69/100 slp
|-boost|p2a: Claydol|spe|1
|
|upkeep
|turn|42
|
|t:|1619321956
|cant|p1a: Dubwool|slp
|move|p1a: Dubwool|Sleep Talk|p1a: Dubwool
|move|p1a: Dubwool|Body Press|p2a: Claydol|[from]move: Sleep Talk
|-resisted|p2a: Claydol
|-damage|p2a: Claydol|87/100 par
|move|p2a: Claydol|Psychic|p1a: Dubwool
|-damage|p1a: Dubwool|44/100 slp
|
|-heal|p2a: Claydol|93/100 par|[from] item: Leftovers
|upkeep
|turn|43
|
|t:|1619321960
|cant|p1a: Dubwool|slp
|move|p1a: Dubwool|Sleep Talk|p1a: Dubwool
|move|p1a: Dubwool|Rest||[from]move: Sleep Talk|[still]
|-fail|p1a: Dubwool
|move|p2a: Claydol|Rapid Spin|p1a: Dubwool
|-damage|p1a: Dubwool|41/100 slp
|-boost|p2a: Claydol|spe|1
|
|-heal|p2a: Claydol|99/100 par|[from] item: Leftovers
|upkeep
|turn|44
|
|t:|1619321969
|-curestatus|p1a: Dubwool|slp|[msg]
|move|p1a: Dubwool|Rest|p1a: Dubwool
|-status|p1a: Dubwool|slp|[from] move: Rest
|-heal|p1a: Dubwool|100/100 slp|[silent]
|cant|p2a: Claydol|par
|
|-heal|p2a: Claydol|100/100 par|[from] item: Leftovers
|upkeep
|turn|45
|
|t:|1619321976
|cant|p1a: Dubwool|slp
|move|p1a: Dubwool|Sleep Talk|p1a: Dubwool
|move|p1a: Dubwool|Rest||[from]move: Sleep Talk|[still]
|-fail|p1a: Dubwool
|cant|p2a: Claydol|par
|
|upkeep
|turn|46
|
|t:|1619321985
|cant|p1a: Dubwool|slp
|move|p1a: Dubwool|Sleep Talk|p1a: Dubwool
|move|p1a: Dubwool|Cotton Guard|p1a: Dubwool|[from]move: Sleep Talk
|-boost|p1a: Dubwool|def|3
|move|p2a: Claydol|Rapid Spin|p1a: Dubwool
|-damage|p1a: Dubwool|99/100 slp
|-boost|p2a: Claydol|spe|1
|
|upkeep
|turn|47
|
|t:|1619321993
|-curestatus|p1a: Dubwool|slp|[msg]
|move|p1a: Dubwool|Cotton Guard|p1a: Dubwool
|-boost|p1a: Dubwool|def|3
|move|p2a: Claydol|Rapid Spin|p1a: Dubwool
|-damage|p1a: Dubwool|99/100
|-boost|p2a: Claydol|spe|1
|
|upkeep
|turn|48
|
|t:|1619321996
|move|p2a: Claydol|Psychic|p1a: Dubwool
|-damage|p1a: Dubwool|69/100
|move|p1a: Dubwool|Body Press|p2a: Claydol
|-resisted|p2a: Claydol
|-damage|p2a: Claydol|46/100 par
|
|-heal|p2a: Claydol|52/100 par|[from] item: Leftovers
|upkeep
|turn|49
|
|t:|1619322001
|cant|p2a: Claydol|par
|move|p1a: Dubwool|Body Press|p2a: Claydol
|-resisted|p2a: Claydol
|-damage|p2a: Claydol|0 fnt
|faint|p2a: Claydol
|
|win|BizarreSlime
|raw|BizarreSlime's rating: 1407 &rarr; <strong>1429</strong><br />(+22 for winning)
|raw|Shacky125's rating: 1450 &rarr; <strong>1428</strong><br />(-22 for losing)
|l|☆Shacky125
|c|☆BizarreSlime|ggs
