|html|<div class="broadcast-blue"><strong>[Gen 8] PU is currently suspecting Vanilluxe! For information on how to participate check out the <a href="https://www.smogon.com/forums/threads/np-ss-pu-stage-10-ice-cream-vanilluxe-suspect-test.3705646/">suspect thread</a>.</strong></div>
|raw|<div class="broadcast-blue"><strong>This battle is required to be public due to a player having a name starting with 'pult4c1'.</div>
|j|☆PULT4C1 shane
|j|☆PULT4C1 zoowi
|t:|1660520492
|gametype|singles
|player|p1|PULT4C1 shane|veteran|1121
|player|p2|PULT4C1 zoowi|burglar-gen2|1054
|teamsize|p1|6
|teamsize|p2|6
|gen|8
|tier|[Gen 8] PU
|rated|
|rule|Sleep Clause Mod: Limit one foe put to sleep
|rule|Species Clause: Limit one of each Pokémon
|rule|OHKO Clause: OHKO moves are banned
|rule|Evasion Items Clause: Evasion items are banned
|rule|Evasion Moves Clause: Evasion moves are banned
|rule|Endless Battle Clause: Forcing endless battles is banned
|rule|HP Percentage Mod: HP is shown in percentages
|rule|Dynamax Clause: You cannot dynamax
|clearpoke
|poke|p1|Charizard, M|
|poke|p1|Doublade, F|
|poke|p1|Gigalith, M|
|poke|p1|Poliwrath, F|
|poke|p1|Sandslash, M|
|poke|p1|Ribombee, F|
|poke|p2|Silvally-*|
|poke|p2|Gallade, M|
|poke|p2|Scrafty, F|
|poke|p2|Jolteon, M|
|poke|p2|Coalossal, M|
|poke|p2|Poliwrath, M|
|teampreview
|inactive|Battle timer is ON: inactive players will automatically lose when time's up. (requested by PULT4C1 shane)
|j| yogibears
|
|t:|1660520510
|start
|switch|p1a: carries 5 thoughts|Sandslash, M|100/100
|switch|p2a: Gallade|Gallade, M|100/100
|turn|1
|c|☆PULT4C1 zoowi|nice poli
|j| leoeoelle
|c|☆PULT4C1 shane|ty u2
|
|t:|1660520520
|move|p2a: Gallade|Knock Off|p1a: carries 5 thoughts
|-damage|p1a: carries 5 thoughts|71/100
|-damage|p2a: Gallade|84/100|[from] item: Rocky Helmet|[of] p1a: carries 5 thoughts
|-enditem|p1a: carries 5 thoughts|Rocky Helmet|[from] move: Knock Off|[of] p2a: Gallade
|-damage|p2a: Gallade|74/100|[from] item: Life Orb
|move|p1a: carries 5 thoughts|Earthquake|p2a: Gallade
|-damage|p2a: Gallade|17/100
|
|upkeep
|turn|2
|
|t:|1660520530
|move|p2a: Gallade|Close Combat|p1a: carries 5 thoughts
|-damage|p1a: carries 5 thoughts|13/100
|-unboost|p2a: Gallade|def|1
|-unboost|p2a: Gallade|spd|1
|-damage|p2a: Gallade|7/100|[from] item: Life Orb
|move|p1a: carries 5 thoughts|Spikes|p2a: Gallade
|-sidestart|p2: PULT4C1 zoowi|Spikes
|
|upkeep
|turn|3
|
|t:|1660520543
|move|p2a: Gallade|Knock Off|p1a: carries 5 thoughts
|-damage|p1a: carries 5 thoughts|0 fnt
|faint|p1a: carries 5 thoughts
|-damage|p2a: Gallade|0 fnt|[from] item: Life Orb
|faint|p2a: Gallade
|
|upkeep
|j|+chlo
|
|t:|1660520556
|switch|p2a: Scrafty|Scrafty, F|100/100
|switch|p1a: bzzzzzzzzz|Ribombee, F|100/100
|-damage|p2a: Scrafty|88/100|[from] Spikes
|turn|4
|
|t:|1660520562
|switch|p1a: uzumaki|Poliwrath, F|100/100
|switch|p2a: Coalossal|Coalossal, M|100/100
|
|upkeep
|turn|5
|
|t:|1660520566
|switch|p2a: Silvally|Silvally-Ghost|100/100
|-damage|p2a: Silvally|88/100|[from] Spikes
|move|p1a: uzumaki|Close Combat|p2a: Silvally
|-immune|p2a: Silvally
|
|upkeep
|turn|6
|inactive|PULT4C1 shane has 120 seconds left.
|j| PULT4C1 Nez
|
|t:|1660520610
|switch|p1a: dumb|Gigalith, M|100/100
|-weather|Sandstorm|[from] ability: Sand Stream|[of] p1a: dumb
|move|p2a: Silvally|Swords Dance|p2a: Silvally
|-boost|p2a: Silvally|atk|2
|
|-weather|Sandstorm|[upkeep]
|-damage|p2a: Silvally|82/100|[from] Sandstorm
|upkeep
|turn|7
|
|t:|1660520616
|move|p2a: Silvally|Multi-Attack|p1a: dumb
|-damage|p1a: dumb|24/100
|move|p1a: dumb|Stone Edge|p2a: Silvally
|-damage|p2a: Silvally|32/100
|
|-weather|Sandstorm|[upkeep]
|-damage|p2a: Silvally|26/100|[from] Sandstorm
|-heal|p1a: dumb|30/100|[from] item: Leftovers
|upkeep
|turn|8
|inactive|PULT4C1 shane has 120 seconds left.
|
|t:|1660520628
|move|p1a: dumb|Protect|p1a: dumb
|-singleturn|p1a: dumb|Protect
|move|p2a: Silvally|Multi-Attack|p1a: dumb
|-activate|p1a: dumb|move: Protect
|
|-weather|Sandstorm|[upkeep]
|-damage|p2a: Silvally|20/100|[from] Sandstorm
|-heal|p1a: dumb|37/100|[from] item: Leftovers
|upkeep
|turn|9
|inactive|PULT4C1 shane has 120 seconds left.
|
|t:|1660520660
|switch|p1a: rawrizard|Charizard, M|100/100
|move|p2a: Silvally|Multi-Attack|p1a: rawrizard
|-damage|p1a: rawrizard|0 fnt
|faint|p1a: rawrizard
|
|-weather|Sandstorm|[upkeep]
|-damage|p2a: Silvally|14/100|[from] Sandstorm
|upkeep
|
|t:|1660520667
|switch|p1a: broken|Doublade, F|100/100
|turn|10
|
|t:|1660520671
|switch|p2a: Coalossal|Coalossal, M|100/100
|move|p1a: broken|Shadow Sneak|p2a: Coalossal
|-damage|p2a: Coalossal|89/100
|-status|p1a: broken|brn|[from] ability: Flame Body|[of] p2a: Coalossal
|
|-weather|none
|-damage|p1a: broken|94/100 brn|[from] brn
|upkeep
|turn|11
|c|☆PULT4C1 shane|did you do that just to fish for a burn
|l| yogibears
|inactive|PULT4C1 shane has 90 seconds left.
|c|☆PULT4C1 zoowi|well i have flamethrower too
|inactive|PULT4C1 zoowi has 120 seconds left.
|c|☆PULT4C1 shane|yh but you lose to bee if you don't burn right?
|inactive|PULT4C1 shane has 60 seconds left.
|c|☆PULT4C1 zoowi|i get multipl chances at burn
|inactive|PULT4C1 zoowi has 90 seconds left.
|c|☆PULT4C1 zoowi|and i have rock blast for bee
|c|☆PULT4C1 zoowi|and another way of dealing with bee
|
|t:|1660520748
|move|p1a: broken|Close Combat|p2a: Coalossal
|-supereffective|p2a: Coalossal
|-damage|p2a: Coalossal|69/100
|-unboost|p1a: broken|def|1
|-unboost|p1a: broken|spd|1
|move|p2a: Coalossal|Flamethrower|p1a: broken
|-supereffective|p1a: broken
|-damage|p1a: broken|0 fnt
|faint|p1a: broken
|
|upkeep
|c|☆PULT4C1 zoowi|beyond that
|inactive|PULT4C1 shane has 60 seconds left.
|
|t:|1660520759
|switch|p1a: uzumaki|Poliwrath, F|100/100
|turn|12
|inactive|PULT4C1 shane has 60 seconds left.
|
|t:|1660520771
|switch|p1a: dumb|Gigalith, M|37/100
|-weather|Sandstorm|[from] ability: Sand Stream|[of] p1a: dumb
|move|p2a: Coalossal|Stealth Rock|p1a: dumb
|-sidestart|p1: PULT4C1 shane|move: Stealth Rock
|
|-weather|Sandstorm|[upkeep]
|-heal|p1a: dumb|43/100|[from] item: Leftovers
|upkeep
|turn|13
|inactive|PULT4C1 shane has 60 seconds left.
|
|t:|1660520783
|switch|p2a: Scrafty|Scrafty, F|88/100
|-damage|p2a: Scrafty|76/100|[from] Spikes
|move|p1a: dumb|Protect||[still]
|-fail|p1a: dumb
|
|-weather|Sandstorm|[upkeep]
|-damage|p2a: Scrafty|70/100|[from] Sandstorm
|-heal|p2a: Scrafty|76/100|[from] item: Leftovers
|-heal|p1a: dumb|49/100|[from] item: Leftovers
|upkeep
|turn|14
|inactive|PULT4C1 shane has 60 seconds left.
|
|t:|1660520799
|switch|p1a: bzzzzzzzzz|Ribombee, F|100/100
|-damage|p1a: bzzzzzzzzz|76/100|[from] Stealth Rock
|move|p2a: Scrafty|Knock Off|p1a: bzzzzzzzzz
|-resisted|p1a: bzzzzzzzzz
|-damage|p1a: bzzzzzzzzz|44/100
|-enditem|p1a: bzzzzzzzzz|Choice Specs|[from] move: Knock Off|[of] p2a: Scrafty
|
|-weather|Sandstorm|[upkeep]
|-damage|p1a: bzzzzzzzzz|38/100|[from] Sandstorm
|-damage|p2a: Scrafty|70/100|[from] Sandstorm
|-heal|p2a: Scrafty|76/100|[from] item: Leftovers
|upkeep
|turn|15
|
|t:|1660520806
|switch|p2a: Coalossal|Coalossal, M|69/100
|move|p1a: bzzzzzzzzz|Roost|p1a: bzzzzzzzzz
|-heal|p1a: bzzzzzzzzz|88/100
|-singleturn|p1a: bzzzzzzzzz|move: Roost
|
|-weather|Sandstorm|[upkeep]
|-damage|p1a: bzzzzzzzzz|82/100|[from] Sandstorm
|upkeep
|turn|16
|
|t:|1660520814
|switch|p1a: uzumaki|Poliwrath, F|100/100
|-damage|p1a: uzumaki|94/100|[from] Stealth Rock
|move|p2a: Coalossal|Rapid Spin|p1a: uzumaki
|-damage|p1a: uzumaki|83/100
|-boost|p2a: Coalossal|spe|1
|-sideend|p2: PULT4C1 zoowi|Spikes|[from] move: Rapid Spin|[of] p2a: Coalossal
|
|-weather|none
|upkeep
|turn|17
|
|t:|1660520826
|move|p1a: uzumaki|Close Combat|p2a: Coalossal
|-supereffective|p2a: Coalossal
|-damage|p2a: Coalossal|0 fnt
|-unboost|p1a: uzumaki|def|1
|-unboost|p1a: uzumaki|spd|1
|-status|p1a: uzumaki|brn|[from] ability: Flame Body|[of] p2a: Coalossal
|faint|p2a: Coalossal
|
|-damage|p1a: uzumaki|77/100 brn|[from] brn
|upkeep
|
|t:|1660520829
|switch|p2a: Silvally|Silvally-Ghost|14/100
|turn|18
|
|t:|1660520834
|switch|p1a: dumb|Gigalith, M|49/100
|-damage|p1a: dumb|37/100|[from] Stealth Rock
|-weather|Sandstorm|[from] ability: Sand Stream|[of] p1a: dumb
|move|p2a: Silvally|Multi-Attack|p1a: dumb
|-damage|p1a: dumb|0 fnt
|faint|p1a: dumb
|
|-weather|Sandstorm|[upkeep]
|-damage|p2a: Silvally|8/100|[from] Sandstorm
|upkeep
|
|t:|1660520841
|switch|p1a: bzzzzzzzzz|Ribombee, F|82/100
|-damage|p1a: bzzzzzzzzz|57/100|[from] Stealth Rock
|turn|19
|
|t:|1660520846
|move|p1a: bzzzzzzzzz|Moonblast|p2a: Silvally
|-crit|p2a: Silvally
|-damage|p2a: Silvally|0 fnt
|faint|p2a: Silvally
|
|-weather|Sandstorm|[upkeep]
|-damage|p1a: bzzzzzzzzz|51/100|[from] Sandstorm
|upkeep
|
|t:|1660520856
|switch|p2a: Jolteon|Jolteon, M|100/100
|turn|20
|
|t:|1660520862
|switch|p1a: uzumaki|Poliwrath, F|77/100 brn
|-damage|p1a: uzumaki|71/100 brn|[from] Stealth Rock
|move|p2a: Jolteon|Thunderbolt|p1a: uzumaki
|-supereffective|p1a: uzumaki
|-damage|p1a: uzumaki|0 fnt
|faint|p1a: uzumaki
|
|-weather|Sandstorm|[upkeep]
|-damage|p2a: Jolteon|95/100|[from] Sandstorm
|upkeep
|-message|PULT4C1 shane forfeited.
|
|win|PULT4C1 zoowi
|raw|PULT4C1 shane's rating: 1121 &rarr; <strong>1091</strong><br />(-30 for losing)
|raw|PULT4C1 zoowi's rating: 1054 &rarr; <strong>1092</strong><br />(+38 for winning)
|l|☆PULT4C1 shane
