|j|☆un vigoroth
|j|☆pokemonisfun(* ^
|t:|1596410850
|player|p1|un vigoroth|swimmer-gen4dp|1521
|player|p2|pokemonisfun(* ^|preschooler|1545
|teamsize|p1|6
|teamsize|p2|6
|gametype|singles
|gen|8
|tier|[Gen 8] PU
|rated|
|clearpoke
|poke|p1|Ludicolo, F|
|poke|p1|Kadabra, F|
|poke|p1|Stonjourner, M|
|poke|p1|Rapidash-Galar, F|
|poke|p1|Pawniard, M|
|poke|p1|Leafeon, M|
|poke|p2|Klinklang|
|poke|p2|Golduck, M|
|poke|p2|Stunfisk, F|
|poke|p2|Unfezant, M|
|poke|p2|Rapidash-Galar, F|
|poke|p2|Trevenant, F|
|rule|Sleep Clause Mod: Limit one foe put to sleep
|rule|Species Clause: Limit one of each Pokémon
|rule|OHKO Clause: OHKO moves are banned
|rule|Evasion Moves Clause: Evasion moves are banned
|rule|Endless Battle Clause: Forcing endless battles is banned
|rule|HP Percentage Mod: HP is shown in percentages
|rule|Dynamax Clause: You cannot dynamax
|teampreview
|c|☆un vigoroth|hf
|c|☆pokemonisfun(* ^|same
|
|t:|1596410873
|start
|switch|p1a: Rapidash|Rapidash-Galar, F|100/100
|switch|p2a: LOVE AGAIN|Unfezant, M|100/100
|turn|1
|
|t:|1596410882
|move|p1a: Rapidash|Swords Dance|p1a: Rapidash
|-boost|p1a: Rapidash|atk|2
|move|p2a: LOVE AGAIN|Brave Bird|p1a: Rapidash
|-damage|p1a: Rapidash|11/100
|-damage|p2a: LOVE AGAIN|74/100|[from] Recoil
|
|upkeep
|turn|2
|
|t:|1596410893
|switch|p2a: DON'T START NOW|Stunfisk, F|100/100
|move|p1a: Rapidash|Play Rough|p2a: DON'T START NOW
|-damage|p2a: DON'T START NOW|46/100
|-damage|p1a: Rapidash|0 fnt|[from] item: Rocky Helmet|[of] p2a: DON'T START NOW
|faint|p1a: Rapidash
|
|upkeep
|
|t:|1596410897
|switch|p1a: Leafeon|Leafeon, M|100/100
|turn|3
|
|t:|1596410920
|move|p1a: Leafeon|Swords Dance|p1a: Leafeon
|-boost|p1a: Leafeon|atk|2
|move|p2a: DON'T START NOW|Stealth Rock|p1a: Leafeon
|-sidestart|p1: un vigoroth|move: Stealth Rock
|
|upkeep
|turn|4
|
|t:|1596410941
|move|p1a: Leafeon|Leaf Blade|p2a: DON'T START NOW
|-supereffective|p2a: DON'T START NOW
|-damage|p2a: DON'T START NOW|0 fnt
|-damage|p1a: Leafeon|84/100|[from] item: Rocky Helmet|[of] p2a: DON'T START NOW
|faint|p2a: DON'T START NOW
|
|upkeep
|
|t:|1596410945
|switch|p2a: COOL|Golduck, M|100/100
|-ability|p2a: COOL|Cloud Nine
|turn|5
|
|t:|1596410950
|switch|p1a: Pawniard|Pawniard, M|100/100
|-damage|p1a: Pawniard|94/100|[from] Stealth Rock
|move|p2a: COOL|Ice Beam|p1a: Pawniard
|-resisted|p1a: Pawniard
|-damage|p1a: Pawniard|75/100
|
|upkeep
|turn|6
|
|t:|1596410962
|switch|p2a: LEVITATING|Klinklang|100/100
|move|p1a: Pawniard|Swords Dance|p1a: Pawniard
|-boost|p1a: Pawniard|atk|2
|
|upkeep
|turn|7
|
|t:|1596411002
|move|p2a: LEVITATING|Magnetic Flux|p2a: LEVITATING
|-boost|p2a: LEVITATING|def|1
|-boost|p2a: LEVITATING|spd|1
|move|p1a: Pawniard|Swords Dance|p1a: Pawniard
|-boost|p1a: Pawniard|atk|2
|
|upkeep
|turn|8
|
|t:|1596411008
|move|p2a: LEVITATING|Magnetic Flux|p2a: LEVITATING
|-boost|p2a: LEVITATING|def|1
|-boost|p2a: LEVITATING|spd|1
|move|p1a: Pawniard|Knock Off|p2a: LEVITATING
|-damage|p2a: LEVITATING|49/100
|-enditem|p2a: LEVITATING|Chesto Berry|[from] move: Knock Off|[of] p1a: Pawniard
|
|upkeep
|turn|9
|
|t:|1596411013
|move|p2a: LEVITATING|Magnetic Flux|p2a: LEVITATING
|-boost|p2a: LEVITATING|def|1
|-boost|p2a: LEVITATING|spd|1
|move|p1a: Pawniard|Knock Off|p2a: LEVITATING
|-damage|p2a: LEVITATING|21/100
|
|upkeep
|turn|10
|
|t:|1596411018
|move|p2a: LEVITATING|Magnetic Flux|p2a: LEVITATING
|-boost|p2a: LEVITATING|def|1
|-boost|p2a: LEVITATING|spd|1
|move|p1a: Pawniard|Swords Dance|p1a: Pawniard
|-boost|p1a: Pawniard|atk|2
|
|upkeep
|turn|11
|
|t:|1596411029
|move|p2a: LEVITATING|Rest|p2a: LEVITATING
|-status|p2a: LEVITATING|slp|[from] move: Rest
|-heal|p2a: LEVITATING|100/100 slp|[silent]
|move|p1a: Pawniard|Knock Off|p2a: LEVITATING
|-damage|p2a: LEVITATING|69/100 slp
|
|upkeep
|turn|12
|
|t:|1596411034
|cant|p2a: LEVITATING|slp
|move|p1a: Pawniard|Knock Off|p2a: LEVITATING
|-damage|p2a: LEVITATING|38/100 slp
|
|upkeep
|turn|13
|
|t:|1596411038
|cant|p2a: LEVITATING|slp
|move|p1a: Pawniard|Knock Off|p2a: LEVITATING
|-damage|p2a: LEVITATING|4/100 slp
|
|upkeep
|turn|14
|
|t:|1596411041
|-curestatus|p2a: LEVITATING|slp|[msg]
|move|p2a: LEVITATING|Rest|p2a: LEVITATING
|-status|p2a: LEVITATING|slp|[from] move: Rest
|-heal|p2a: LEVITATING|100/100 slp|[silent]
|move|p1a: Pawniard|Knock Off|p2a: LEVITATING
|-damage|p2a: LEVITATING|64/100 slp
|
|upkeep
|turn|15
|
|t:|1596411047
|cant|p2a: LEVITATING|slp
|move|p1a: Pawniard|Knock Off|p2a: LEVITATING
|-damage|p2a: LEVITATING|33/100 slp
|
|upkeep
|turn|16
|
|t:|1596411050
|cant|p2a: LEVITATING|slp
|move|p1a: Pawniard|Knock Off|p2a: LEVITATING
|-damage|p2a: LEVITATING|1/100 slp
|
|upkeep
|turn|17
|
|t:|1596411054
|-curestatus|p2a: LEVITATING|slp|[msg]
|move|p2a: LEVITATING|Rest|p2a: LEVITATING
|-status|p2a: LEVITATING|slp|[from] move: Rest
|-heal|p2a: LEVITATING|100/100 slp|[silent]
|move|p1a: Pawniard|Knock Off|p2a: LEVITATING
|-damage|p2a: LEVITATING|68/100 slp
|
|upkeep
|turn|18
|
|t:|1596411058
|cant|p2a: LEVITATING|slp
|move|p1a: Pawniard|Knock Off|p2a: LEVITATING
|-damage|p2a: LEVITATING|36/100 slp
|
|upkeep
|turn|19
|
|t:|1596411061
|cant|p2a: LEVITATING|slp
|move|p1a: Pawniard|Knock Off|p2a: LEVITATING
|-damage|p2a: LEVITATING|5/100 slp
|
|upkeep
|turn|20
|
|t:|1596411065
|-curestatus|p2a: LEVITATING|slp|[msg]
|move|p2a: LEVITATING|Rest|p2a: LEVITATING
|-status|p2a: LEVITATING|slp|[from] move: Rest
|-heal|p2a: LEVITATING|100/100 slp|[silent]
|move|p1a: Pawniard|Knock Off|p2a: LEVITATING
|-crit|p2a: LEVITATING
|-damage|p2a: LEVITATING|0 fnt
|faint|p2a: LEVITATING
|
|upkeep
|
|t:|1596411068
|switch|p2a: HALLUCINATE|Rapidash-Galar, F|100/100
|turn|21
|
|t:|1596411072
|move|p1a: Pawniard|Sucker Punch||[still]
|-fail|p1a: Pawniard
|move|p2a: HALLUCINATE|Morning Sun||[still]
|-fail|p2a: HALLUCINATE
|
|upkeep
|turn|22
|
|t:|1596411075
|move|p1a: Pawniard|Sucker Punch||[still]
|-fail|p1a: Pawniard
|move|p2a: HALLUCINATE|Morning Sun||[still]
|-fail|p2a: HALLUCINATE
|
|upkeep
|turn|23
|
|t:|1596411077
|move|p1a: Pawniard|Sucker Punch||[still]
|-fail|p1a: Pawniard
|move|p2a: HALLUCINATE|Morning Sun||[still]
|-fail|p2a: HALLUCINATE
|
|upkeep
|turn|24
|
|t:|1596411080
|move|p1a: Pawniard|Sucker Punch||[still]
|-fail|p1a: Pawniard
|move|p2a: HALLUCINATE|Morning Sun||[still]
|-fail|p2a: HALLUCINATE
|
|upkeep
|turn|25
|
|t:|1596411082
|move|p2a: HALLUCINATE|High Horsepower|p1a: Pawniard
|-supereffective|p1a: Pawniard
|-damage|p1a: Pawniard|0 fnt
|-damage|p2a: HALLUCINATE|91/100|[from] item: Life Orb
|faint|p1a: Pawniard
|
|upkeep
|c|☆un vigoroth|wow lol
|
|t:|1596411092
|switch|p1a: Stonjourner|Stonjourner, M|100/100
|-damage|p1a: Stonjourner|88/100|[from] Stealth Rock
|turn|26
|
|t:|1596411117
|move|p1a: Stonjourner|Stone Edge|p2a: HALLUCINATE
|-damage|p2a: HALLUCINATE|8/100
|move|p2a: HALLUCINATE|High Horsepower|p1a: Stonjourner
|-supereffective|p1a: Stonjourner
|-damage|p1a: Stonjourner|37/100
|-damage|p2a: HALLUCINATE|0 fnt|[from] item: Life Orb
|faint|p2a: HALLUCINATE
|
|upkeep
|
|t:|1596411125
|switch|p2a: COOL|Golduck, M|100/100
|-ability|p2a: COOL|Cloud Nine
|turn|27
|
|t:|1596411141
|switch|p1a: Leafeon|Leafeon, M|84/100
|-damage|p1a: Leafeon|71/100|[from] Stealth Rock
|move|p2a: COOL|Ice Beam|p1a: Leafeon
|-supereffective|p1a: Leafeon
|-damage|p1a: Leafeon|0 fnt
|faint|p1a: Leafeon
|
|upkeep
|
|t:|1596411143
|switch|p1a: Ludicolo|Ludicolo, F|100/100
|-damage|p1a: Ludicolo|88/100|[from] Stealth Rock
|turn|28
|
|t:|1596411156
|switch|p2a: PHYSICAL|Trevenant, F|100/100
|move|p1a: Ludicolo|Ice Beam|p2a: PHYSICAL
|-supereffective|p2a: PHYSICAL
|-damage|p2a: PHYSICAL|49/100
|-damage|p1a: Ludicolo|78/100|[from] item: Life Orb
|
|upkeep
|turn|29
|
|t:|1596411165
|move|p2a: PHYSICAL|Sucker Punch|p1a: Ludicolo
|-damage|p1a: Ludicolo|45/100
|move|p1a: Ludicolo|Ice Beam|p2a: PHYSICAL
|-supereffective|p2a: PHYSICAL
|-damage|p2a: PHYSICAL|0 fnt
|-damage|p1a: Ludicolo|35/100|[from] item: Life Orb
|faint|p2a: PHYSICAL
|
|upkeep
|
|t:|1596411171
|switch|p2a: LOVE AGAIN|Unfezant, M|74/100
|turn|30
|
|t:|1596411179
|switch|p1a: Stonjourner|Stonjourner, M|37/100
|-damage|p1a: Stonjourner|25/100|[from] Stealth Rock
|move|p2a: LOVE AGAIN|U-turn|p1a: Stonjourner
|-damage|p1a: Stonjourner|6/100
|
|t:|1596411182
|switch|p2a: COOL|Golduck, M|100/100|[from]move: U-turn
|-ability|p2a: COOL|Cloud Nine
|
|upkeep
|turn|31
|
|t:|1596411190
|move|p2a: COOL|Ice Beam|p1a: Stonjourner
|-damage|p1a: Stonjourner|0 fnt
|faint|p1a: Stonjourner
|
|upkeep
|
|t:|1596411196
|switch|p1a: Kadabra|Kadabra, F|100/100
|turn|32
|
|t:|1596411201
|move|p2a: COOL|Ice Beam|p1a: Kadabra
|-damage|p1a: Kadabra|44/100
|move|p1a: Kadabra|Psychic|p2a: COOL
|-damage|p2a: COOL|40/100
|
|upkeep
|turn|33
|
|t:|1596411206
|move|p2a: COOL|Ice Beam|p1a: Kadabra
|-damage|p1a: Kadabra|0 fnt
|faint|p1a: Kadabra
|
|upkeep
|
|t:|1596411208
|switch|p1a: Ludicolo|Ludicolo, F|35/100
|-damage|p1a: Ludicolo|22/100|[from] Stealth Rock
|turn|34
|
|t:|1596411210
|move|p2a: COOL|Ice Beam|p1a: Ludicolo
|-damage|p1a: Ludicolo|0 fnt
|faint|p1a: Ludicolo
|
|win|pokemonisfun(* ^
|c|☆pokemonisfun(* ^|gg
|c|☆un vigoroth|gg
|l|☆un vigoroth
