|j|☆bassy gay
|j|☆Leggings Enjoyer
|t:|1667905103
|gametype|singles
|player|p1|bassy gay|265|1612
|player|p2|Leggings Enjoyer|morgan|1368
|teamsize|p1|6
|teamsize|p2|6
|gen|8
|tier|[Gen 8] PU
|rated|
|rule|Sleep Clause Mod: Limit one foe put to sleep
|rule|Species Clause: Limit one of each Pokémon
|rule|OHKO Clause: OHKO moves are banned
|rule|Evasion Items Clause: Evasion items are banned
|rule|Evasion Moves Clause: Evasion moves are banned
|rule|Endless Battle Clause: Forcing endless battles is banned
|rule|HP Percentage Mod: HP is shown in percentages
|rule|Dynamax Clause: You cannot dynamax
|clearpoke
|poke|p1|Gourgeist-*, M|
|poke|p1|Comfey, M|
|poke|p1|Lunatone|
|poke|p1|Togedemaru, F|
|poke|p1|Scrafty, F|
|poke|p1|Charizard, M|
|poke|p2|Archeops, F|
|poke|p2|Aurorus, M|
|poke|p2|Qwilfish, M|
|poke|p2|Comfey, M|
|poke|p2|Doublade, F|
|poke|p2|Thwackey, F|
|teampreview
|
|t:|1667905146
|start
|switch|p1a: Lunatone|Lunatone|100/100
|switch|p2a: Qwilfish|Qwilfish, M|100/100
|-ability|p2a: Qwilfish|Intimidate|boost
|-unboost|p1a: Lunatone|atk|1
|turn|1
|
|t:|1667905160
|switch|p1a: Gourgeist|Gourgeist-Super, M|100/100
|-item|p2a: Qwilfish|Focus Sash|[from] ability: Frisk|[of] p1a: Gourgeist|[identify]
|move|p2a: Qwilfish|Waterfall|p1a: Gourgeist
|-resisted|p1a: Gourgeist
|-damage|p1a: Gourgeist|85/100
|
|upkeep
|turn|2
|
|t:|1667905166
|move|p2a: Qwilfish|Spikes|p1a: Gourgeist
|-sidestart|p1: bassy gay|Spikes
|move|p1a: Gourgeist|Poltergeist|p2a: Qwilfish
|-activate|p2a: Qwilfish|move: Poltergeist|Focus Sash
|-damage|p2a: Qwilfish|31/100
|
|upkeep
|turn|3
|
|t:|1667905173
|move|p2a: Qwilfish|Poison Jab|p1a: Gourgeist
|-damage|p1a: Gourgeist|56/100
|move|p1a: Gourgeist|Poltergeist|p2a: Qwilfish|[miss]
|-miss|p1a: Gourgeist|p2a: Qwilfish
|
|upkeep
|turn|4
|
|t:|1667905183
|move|p2a: Qwilfish|Spikes|p1a: Gourgeist
|-sidestart|p1: bassy gay|Spikes
|move|p1a: Gourgeist|Synthesis|p1a: Gourgeist
|-heal|p1a: Gourgeist|100/100
|
|upkeep
|turn|5
|
|t:|1667905187
|move|p2a: Qwilfish|Spikes|p1a: Gourgeist
|-sidestart|p1: bassy gay|Spikes
|move|p1a: Gourgeist|Poltergeist|p2a: Qwilfish
|-activate|p2a: Qwilfish|move: Poltergeist|Focus Sash
|-damage|p2a: Qwilfish|0 fnt
|faint|p2a: Qwilfish
|
|upkeep
|
|t:|1667905199
|switch|p2a: Archeops|Archeops, F|100/100
|turn|6
|
|t:|1667905207
|switch|p1a: Togedemaru|Togedemaru, F|100/100
|move|p2a: Archeops|Meteor Beam||[still]
|-prepare|p2a: Archeops|Meteor Beam
|-boost|p2a: Archeops|spa|1
|-enditem|p2a: Archeops|Power Herb
|-anim|p2a: Archeops|Meteor Beam|p1a: Togedemaru
|-resisted|p1a: Togedemaru
|-damage|p1a: Togedemaru|66/100
|
|upkeep
|turn|7
|
|t:|1667905217
|switch|p1a: Lunatone|Lunatone|100/100
|move|p2a: Archeops|Earth Power|p1a: Lunatone
|-immune|p1a: Lunatone|[from] ability: Levitate
|
|upkeep
|turn|8
|
|t:|1667905229
|switch|p2a: Thwackey|Thwackey, F|100/100
|-fieldstart|move: Grassy Terrain|[from] ability: Grassy Surge|[of] p2a: Thwackey
|move|p1a: Lunatone|Power Gem|p2a: Thwackey
|-damage|p2a: Thwackey|46/100
|
|-heal|p2a: Thwackey|52/100|[from] Grassy Terrain
|upkeep
|turn|9
|
|t:|1667905237
|switch|p2a: Aurorus|Aurorus, M|100/100
|switch|p1a: Charizard|Charizard, M|100/100
|
|upkeep
|turn|10
|
|t:|1667905246
|move|p1a: Charizard|Defog|p2a: Aurorus
|-unboost|p2a: Aurorus|evasion|1
|-sideend|p1: bassy gay|Spikes|[from] move: Defog|[of] p1a: Charizard
|-fieldend|move: Grassy Terrain
|move|p2a: Aurorus|Rock Polish|p2a: Aurorus
|-boost|p2a: Aurorus|spe|2
|
|upkeep
|turn|11
|
|t:|1667905266
|move|p2a: Aurorus|Meteor Beam||[still]
|-prepare|p2a: Aurorus|Meteor Beam
|-boost|p2a: Aurorus|spa|1
|-enditem|p2a: Aurorus|Power Herb
|-anim|p2a: Aurorus|Meteor Beam|p1a: Charizard
|-supereffective|p1a: Charizard
|-damage|p1a: Charizard|0 fnt
|faint|p1a: Charizard
|
|upkeep
|
|t:|1667905268
|switch|p1a: Scrafty|Scrafty, F|100/100
|turn|12
|
|t:|1667905281
|move|p2a: Aurorus|Hyper Voice|p1a: Scrafty
|-damage|p1a: Scrafty|27/100
|move|p1a: Scrafty|Close Combat|p2a: Aurorus
|-supereffective|p2a: Aurorus
|-damage|p2a: Aurorus|0 fnt
|-unboost|p1a: Scrafty|def|1
|-unboost|p1a: Scrafty|spd|1
|faint|p2a: Aurorus
|
|-heal|p1a: Scrafty|33/100|[from] item: Leftovers
|upkeep
|
|t:|1667905291
|switch|p2a: Archeops|Archeops, F|100/100
|turn|13
|
|t:|1667905293
|switch|p1a: Lunatone|Lunatone|100/100
|move|p2a: Archeops|Stealth Rock|p1a: Lunatone
|-sidestart|p1: bassy gay|move: Stealth Rock
|
|upkeep
|turn|14
|
|t:|1667905312
|move|p2a: Archeops|Taunt|p1a: Lunatone
|-start|p1a: Lunatone|move: Taunt
|move|p1a: Lunatone|Future Sight|p2a: Archeops
|-start|p1a: Lunatone|move: Future Sight
|
|upkeep
|turn|15
|
|t:|1667905330
|move|p2a: Archeops|Meteor Beam||[still]
|-prepare|p2a: Archeops|Meteor Beam
|-boost|p2a: Archeops|spa|1
|move|p1a: Lunatone|Power Gem|p2a: Archeops
|-supereffective|p2a: Archeops
|-damage|p2a: Archeops|0 fnt
|faint|p2a: Archeops
|
|upkeep
|
|t:|1667905347
|switch|p2a: Thwackey|Thwackey, F|52/100
|-fieldstart|move: Grassy Terrain|[from] ability: Grassy Surge|[of] p2a: Thwackey
|turn|16
|
|t:|1667905350
|switch|p2a: Doublade|Doublade, F|100/100
|switch|p1a: Gourgeist|Gourgeist-Super, M|100/100
|-damage|p1a: Gourgeist|88/100|[from] Stealth Rock
|-item|p2a: Doublade|Eviolite|[from] ability: Frisk|[of] p1a: Gourgeist|[identify]
|
|-end|p2a: Doublade|move: Future Sight
|-resisted|p2a: Doublade
|-damage|p2a: Doublade|69/100
|-heal|p1a: Gourgeist|94/100|[from] Grassy Terrain
|-heal|p2a: Doublade|75/100|[from] Grassy Terrain
|upkeep
|turn|17
|
|t:|1667905377
|move|p1a: Gourgeist|Poltergeist|p2a: Doublade
|-activate|p2a: Doublade|move: Poltergeist|Eviolite
|-supereffective|p2a: Doublade
|-damage|p2a: Doublade|19/100
|move|p2a: Doublade|Swords Dance|p2a: Doublade
|-boost|p2a: Doublade|atk|2
|
|-heal|p1a: Gourgeist|100/100|[from] Grassy Terrain
|-heal|p2a: Doublade|25/100|[from] Grassy Terrain
|upkeep
|turn|18
|
|t:|1667905381
|move|p2a: Doublade|Shadow Sneak|p1a: Gourgeist
|-supereffective|p1a: Gourgeist
|-damage|p1a: Gourgeist|31/100
|move|p1a: Gourgeist|Power Whip|p2a: Doublade
|-resisted|p2a: Doublade
|-damage|p2a: Doublade|4/100
|
|-heal|p1a: Gourgeist|38/100|[from] Grassy Terrain
|-heal|p2a: Doublade|10/100|[from] Grassy Terrain
|upkeep
|turn|19
|
|t:|1667905385
|move|p1a: Gourgeist|Shadow Sneak|p2a: Doublade
|-supereffective|p2a: Doublade
|-damage|p2a: Doublade|0 fnt
|faint|p2a: Doublade
|
|-heal|p1a: Gourgeist|44/100|[from] Grassy Terrain
|upkeep
|
|t:|1667905387
|switch|p2a: Comfey|Comfey, M|100/100
|-enditem|p2a: Comfey|Grassy Seed
|-boost|p2a: Comfey|def|1|[from] item: Grassy Seed
|turn|20
|
|t:|1667905396
|switch|p1a: Togedemaru|Togedemaru, F|66/100
|move|p2a: Comfey|Calm Mind|p2a: Comfey
|-boost|p2a: Comfey|spa|1
|-boost|p2a: Comfey|spd|1
|
|-heal|p1a: Togedemaru|72/100|[from] Grassy Terrain
|upkeep
|turn|21
|
|t:|1667905404
|move|p2a: Comfey|Calm Mind|p2a: Comfey
|-boost|p2a: Comfey|spa|1
|-boost|p2a: Comfey|spd|1
|move|p1a: Togedemaru|Iron Head|p2a: Comfey
|-supereffective|p2a: Comfey
|-damage|p2a: Comfey|55/100
|
|-heal|p2a: Comfey|61/100|[from] Grassy Terrain
|-heal|p1a: Togedemaru|78/100|[from] Grassy Terrain
|upkeep
|turn|22
|
|t:|1667905417
|move|p2a: Comfey|Draining Kiss|p1a: Togedemaru
|-resisted|p1a: Togedemaru
|-damage|p1a: Togedemaru|60/100
|-heal|p2a: Comfey|76/100|[from] drain|[of] p1a: Togedemaru
|-damage|p2a: Comfey|63/100|[from] ability: Iron Barbs|[of] p1a: Togedemaru
|move|p1a: Togedemaru|Iron Head|p2a: Comfey
|-supereffective|p2a: Comfey
|-damage|p2a: Comfey|17/100
|
|-heal|p2a: Comfey|23/100|[from] Grassy Terrain
|-heal|p1a: Togedemaru|66/100|[from] Grassy Terrain
|upkeep
|turn|23
|-message|Leggings Enjoyer forfeited.
|
|win|bassy gay
|raw|bassy gay's rating: 1612 &rarr; <strong>1620</strong><br />(+8 for winning)
|raw|Leggings Enjoyer's rating: 1368 &rarr; <strong>1360</strong><br />(-8 for losing)
|l|☆Leggings Enjoyer
