|j|☆JoJo Reference #11
|j|☆BigDaddyAddy
|t:|1667708780
|gametype|singles
|player|p1|JoJo Reference #11|266|1492
|player|p2|BigDaddyAddy|striker|1373
|teamsize|p1|6
|teamsize|p2|6
|gen|8
|tier|[Gen 8] PU
|rated|
|rule|Sleep Clause Mod: Limit one foe put to sleep
|rule|Species Clause: Limit one of each Pokémon
|rule|OHKO Clause: OHKO moves are banned
|rule|Evasion Items Clause: Evasion items are banned
|rule|Evasion Moves Clause: Evasion moves are banned
|rule|Endless Battle Clause: Forcing endless battles is banned
|rule|HP Percentage Mod: HP is shown in percentages
|rule|Dynamax Clause: You cannot dynamax
|clearpoke
|poke|p1|Aurorus, M|
|poke|p1|Scrafty, M|
|poke|p1|Eldegoss, F|
|poke|p1|Duosion, M|
|poke|p1|Silvally-*|
|poke|p1|Lanturn, M|
|poke|p2|Pikachu, F|
|poke|p2|Gigalith, M|
|poke|p2|Sandslash, M|
|poke|p2|Ninjask, F|
|poke|p2|Whimsicott, F|
|poke|p2|Silvally-*|
|teampreview
|
|t:|1667708793
|start
|switch|p1a: Silvally|Silvally-Steel|100/100
|switch|p2a: Petraphobia|Ninjask, F|100/100
|turn|1
|
|t:|1667708798
|move|p2a: Petraphobia|U-turn|p1a: Silvally
|-resisted|p1a: Silvally
|-damage|p1a: Silvally|80/100
|
|t:|1667708807
|switch|p2a: Charger|Silvally-Steel, shiny|100/100|[from]move: U-turn
|move|p1a: Silvally|Multi-Attack|p2a: Charger
|-resisted|p2a: Charger
|-damage|p2a: Charger|77/100
|
|upkeep
|turn|2
|
|t:|1667708812
|move|p2a: Charger|Parting Shot|p1a: Silvally
|-unboost|p1a: Silvally|atk|1
|-unboost|p1a: Silvally|spa|1
|
|t:|1667708819
|switch|p2a: Chad|Gigalith, M|100/100|[from]move: Parting Shot
|-weather|Sandstorm|[from] ability: Sand Stream|[of] p2a: Chad
|move|p1a: Silvally|Multi-Attack|p2a: Chad
|-supereffective|p2a: Chad
|-damage|p2a: Chad|60/100
|
|-weather|Sandstorm|[upkeep]
|upkeep
|turn|3
|
|t:|1667708830
|switch|p1a: Eldegoss|Eldegoss, F|100/100
|move|p2a: Chad|Earthquake|p1a: Eldegoss
|-resisted|p1a: Eldegoss
|-damage|p1a: Eldegoss|78/100
|
|-weather|Sandstorm|[upkeep]
|-damage|p1a: Eldegoss|72/100|[from] Sandstorm
|upkeep
|turn|4
|
|t:|1667708834
|switch|p2a: J'aime <3|Whimsicott, F|100/100
|move|p1a: Eldegoss|Sleep Powder|p2a: J'aime <3
|-immune|p2a: J'aime <3
|
|-weather|Sandstorm|[upkeep]
|-damage|p2a: J'aime <3|94/100|[from] Sandstorm
|-damage|p1a: Eldegoss|66/100|[from] Sandstorm
|-heal|p2a: J'aime <3|100/100|[from] item: Leftovers
|upkeep
|turn|5
|
|t:|1667708841
|switch|p1a: Duosion|Duosion, M|100/100
|move|p2a: J'aime <3|Stun Spore|p1a: Duosion|[miss]
|-miss|p2a: J'aime <3|p1a: Duosion
|
|-weather|Sandstorm|[upkeep]
|-damage|p2a: J'aime <3|94/100|[from] Sandstorm
|-heal|p2a: J'aime <3|100/100|[from] item: Leftovers
|upkeep
|turn|6
|
|t:|1667708849
|move|p2a: J'aime <3|Taunt|p1a: Duosion
|-start|p1a: Duosion|move: Taunt
|move|p1a: Duosion|Night Shade|p2a: J'aime <3
|-damage|p2a: J'aime <3|62/100
|
|-weather|Sandstorm|[upkeep]
|-damage|p2a: J'aime <3|56/100|[from] Sandstorm
|-heal|p2a: J'aime <3|62/100|[from] item: Leftovers
|upkeep
|turn|7
|
|t:|1667708864
|switch|p2a: Chad|Gigalith, M|60/100
|move|p1a: Duosion|Night Shade|p2a: Chad
|-damage|p2a: Chad|34/100
|
|-weather|Sandstorm|[upkeep]
|upkeep
|turn|8
|
|t:|1667708867
|switch|p1a: Eldegoss|Eldegoss, F|99/100
|move|p2a: Chad|Stealth Rock|p1a: Eldegoss
|-sidestart|p1: JoJo Reference #11|move: Stealth Rock
|
|-weather|Sandstorm|[upkeep]
|-damage|p1a: Eldegoss|93/100|[from] Sandstorm
|upkeep
|turn|9
|
|t:|1667708872
|move|p1a: Eldegoss|Rapid Spin|p2a: Chad
|-resisted|p2a: Chad
|-damage|p2a: Chad|31/100
|-boost|p1a: Eldegoss|spe|1
|-sideend|p1: JoJo Reference #11|Stealth Rock|[from] move: Rapid Spin|[of] p1a: Eldegoss
|move|p2a: Chad|Toxic|p1a: Eldegoss
|-status|p1a: Eldegoss|tox
|
|-weather|none
|-damage|p1a: Eldegoss|87/100 tox|[from] psn
|upkeep
|turn|10
|
|t:|1667708877
|switch|p2a: J'aime <3|Whimsicott, F|62/100
|move|p1a: Eldegoss|Sleep Powder|p2a: J'aime <3
|-immune|p2a: J'aime <3
|
|-heal|p2a: J'aime <3|68/100|[from] item: Leftovers
|-damage|p1a: Eldegoss|74/100 tox|[from] psn
|upkeep
|turn|11
|
|t:|1667708890
|switch|p1a: Silvally|Silvally-Steel|80/100
|move|p2a: J'aime <3|Stun Spore|p1a: Silvally
|-status|p1a: Silvally|par
|
|-heal|p2a: J'aime <3|74/100|[from] item: Leftovers
|upkeep
|turn|12
|
|t:|1667708905
|switch|p2a: Charger|Silvally-Steel, shiny|77/100
|move|p1a: Silvally|Rest|p1a: Silvally
|-status|p1a: Silvally|slp|[from] move: Rest
|-heal|p1a: Silvally|100/100 slp|[silent]
|
|upkeep
|turn|13
|
|t:|1667708907
|move|p2a: Charger|Parting Shot|p1a: Silvally
|-unboost|p1a: Silvally|atk|1
|-unboost|p1a: Silvally|spa|1
|
|t:|1667708910
|switch|p2a: Chad|Gigalith, M|31/100|[from]move: Parting Shot
|-weather|Sandstorm|[from] ability: Sand Stream|[of] p2a: Chad
|cant|p1a: Silvally|slp
|move|p1a: Silvally|Sleep Talk|p1a: Silvally
|move|p1a: Silvally|Swords Dance|p1a: Silvally|[from]move: Sleep Talk
|-boost|p1a: Silvally|atk|2
|
|-weather|Sandstorm|[upkeep]
|upkeep
|turn|14
|
|t:|1667708913
|cant|p1a: Silvally|slp
|move|p1a: Silvally|Sleep Talk|p1a: Silvally
|move|p1a: Silvally|Rest||[from]move: Sleep Talk|[still]
|-fail|p1a: Silvally
|move|p2a: Chad|Stealth Rock|p1a: Silvally
|-sidestart|p1: JoJo Reference #11|move: Stealth Rock
|
|-weather|Sandstorm|[upkeep]
|upkeep
|turn|15
|
|t:|1667708920
|switch|p2a: Brad|Sandslash, M|100/100
|-curestatus|p1a: Silvally|slp|[msg]
|move|p1a: Silvally|Multi-Attack|p2a: Brad
|-damage|p2a: Brad|32/100
|
|-weather|Sandstorm|[upkeep]
|-heal|p2a: Brad|39/100|[from] item: Leftovers
|upkeep
|turn|16
|
|t:|1667708923
|switch|p1a: Eldegoss|Eldegoss, F|100/100 tox
|move|p2a: Brad|Earthquake|p1a: Eldegoss
|-resisted|p1a: Eldegoss
|-damage|p1a: Eldegoss|73/100 tox
|
|-weather|Sandstorm|[upkeep]
|-damage|p1a: Eldegoss|67/100 tox|[from] Sandstorm
|-heal|p2a: Brad|45/100|[from] item: Leftovers
|-damage|p1a: Eldegoss|61/100 tox|[from] psn
|upkeep
|turn|17
|
|t:|1667708937
|move|p2a: Brad|Knock Off|p1a: Eldegoss
|-damage|p1a: Eldegoss|25/100 tox
|-enditem|p1a: Eldegoss|Heavy-Duty Boots|[from] move: Knock Off|[of] p2a: Brad
|move|p1a: Eldegoss|Giga Drain|p2a: Brad
|-supereffective|p2a: Brad
|-damage|p2a: Brad|0 fnt
|-heal|p1a: Eldegoss|45/100 tox|[from] drain|[of] p2a: Brad
|faint|p2a: Brad
|
|-weather|Sandstorm|[upkeep]
|-damage|p1a: Eldegoss|38/100 tox|[from] Sandstorm
|-damage|p1a: Eldegoss|26/100 tox|[from] psn
|upkeep
|
|t:|1667708945
|switch|p2a: Petraphobia|Ninjask, F|100/100
|turn|18
|
|t:|1667708949
|switch|p1a: Silvally|Silvally-Steel|100/100
|-damage|p1a: Silvally|94/100|[from] Stealth Rock
|move|p2a: Petraphobia|U-turn|p1a: Silvally
|-resisted|p1a: Silvally
|-damage|p1a: Silvally|74/100
|
|t:|1667708959
|switch|p2a: Chikapu|Pikachu, F|100/100|[from]move: U-turn
|
|-weather|Sandstorm|[upkeep]
|-damage|p2a: Chikapu|94/100|[from] Sandstorm
|upkeep
|turn|19
|
|t:|1667708961
|switch|p1a: Lanturn|Lanturn, M|100/100
|-damage|p1a: Lanturn|88/100|[from] Stealth Rock
|move|p2a: Chikapu|Volt Tackle|p1a: Lanturn
|-heal|p1a: Lanturn|100/100|[from] ability: Volt Absorb|[of] p2a: Chikapu
|
|-weather|Sandstorm|[upkeep]
|-damage|p2a: Chikapu|88/100|[from] Sandstorm
|-damage|p1a: Lanturn|94/100|[from] Sandstorm
|-heal|p1a: Lanturn|100/100|[from] item: Leftovers
|upkeep
|turn|20
|
|t:|1667708965
|switch|p2a: J'aime <3|Whimsicott, F|74/100
|move|p1a: Lanturn|Scald|p2a: J'aime <3
|-resisted|p2a: J'aime <3
|-damage|p2a: J'aime <3|54/100
|
|-weather|none
|-heal|p2a: J'aime <3|60/100|[from] item: Leftovers
|upkeep
|turn|21
|
|t:|1667708968
|move|p2a: J'aime <3|Giga Drain|p1a: Lanturn
|-supereffective|p1a: Lanturn
|-damage|p1a: Lanturn|54/100
|-heal|p2a: J'aime <3|100/100|[from] drain|[of] p1a: Lanturn
|move|p1a: Lanturn|Volt Switch|p2a: J'aime <3
|-resisted|p2a: J'aime <3
|-damage|p2a: J'aime <3|83/100
|
|t:|1667708971
|switch|p1a: Eldegoss|Eldegoss, F|59/100 tox|[from]move: Volt Switch
|-damage|p1a: Eldegoss|47/100 tox|[from] Stealth Rock
|
|-heal|p2a: J'aime <3|89/100|[from] item: Leftovers
|-damage|p1a: Eldegoss|41/100 tox|[from] psn
|upkeep
|turn|22
|
|t:|1667708975
|move|p2a: J'aime <3|Moonblast|p1a: Eldegoss
|-damage|p1a: Eldegoss|13/100 tox
|move|p1a: Eldegoss|Rapid Spin|p2a: J'aime <3
|-crit|p2a: J'aime <3
|-damage|p2a: J'aime <3|75/100
|-boost|p1a: Eldegoss|spe|1
|-sideend|p1: JoJo Reference #11|Stealth Rock|[from] move: Rapid Spin|[of] p1a: Eldegoss
|
|-heal|p2a: J'aime <3|81/100|[from] item: Leftovers
|-damage|p1a: Eldegoss|1/100 tox|[from] psn
|upkeep
|turn|23
|
|t:|1667708981
|switch|p1a: Silvally|Silvally-Steel|74/100
|move|p2a: J'aime <3|Giga Drain|p1a: Silvally
|-resisted|p1a: Silvally
|-damage|p1a: Silvally|65/100
|-heal|p2a: J'aime <3|88/100|[from] drain|[of] p1a: Silvally
|
|-heal|p2a: J'aime <3|94/100|[from] item: Leftovers
|upkeep
|turn|24
|
|t:|1667708987
|switch|p2a: Charger|Silvally-Steel, shiny|77/100
|switch|p1a: Eldegoss|Eldegoss, F|34/100 tox
|
|-damage|p1a: Eldegoss|28/100 tox|[from] psn
|upkeep
|turn|25
|
|t:|1667708990
|switch|p1a: Silvally|Silvally-Steel|65/100
|move|p2a: Charger|Ice Beam|p1a: Silvally
|-resisted|p1a: Silvally
|-damage|p1a: Silvally|55/100
|
|upkeep
|turn|26
|
|t:|1667708993
|switch|p1a: Lanturn|Lanturn, M|54/100
|move|p2a: Charger|Parting Shot|p1a: Lanturn
|-unboost|p1a: Lanturn|atk|1
|-unboost|p1a: Lanturn|spa|1
|
|t:|1667709005
|switch|p2a: Chad|Gigalith, M|31/100|[from]move: Parting Shot
|-weather|Sandstorm|[from] ability: Sand Stream|[of] p2a: Chad
|
|-weather|Sandstorm|[upkeep]
|-damage|p1a: Lanturn|48/100|[from] Sandstorm
|-heal|p1a: Lanturn|54/100|[from] item: Leftovers
|upkeep
|turn|27
|
|t:|1667709007
|switch|p1a: Eldegoss|Eldegoss, F|61/100 tox
|move|p2a: Chad|Stealth Rock|p1a: Eldegoss
|-sidestart|p1: JoJo Reference #11|move: Stealth Rock
|
|-weather|Sandstorm|[upkeep]
|-damage|p1a: Eldegoss|55/100 tox|[from] Sandstorm
|-damage|p1a: Eldegoss|49/100 tox|[from] psn
|upkeep
|turn|28
|
|t:|1667709019
|switch|p2a: Petraphobia|Ninjask, F|100/100
|move|p1a: Eldegoss|Aromatherapy|p1a: Eldegoss
|-activate|p1a: Eldegoss|move: Aromatherapy
|-curestatus|p1a: Eldegoss|tox|[msg]
|
|-weather|Sandstorm|[upkeep]
|-damage|p2a: Petraphobia|94/100|[from] Sandstorm
|-damage|p1a: Eldegoss|43/100|[from] Sandstorm
|upkeep
|turn|29
|
|t:|1667709026
|switch|p1a: Silvally|Silvally-Steel|55/100
|-damage|p1a: Silvally|49/100|[from] Stealth Rock
|move|p2a: Petraphobia|U-turn|p1a: Silvally
|-resisted|p1a: Silvally
|-damage|p1a: Silvally|27/100
|
|t:|1667709031
|switch|p2a: Chikapu|Pikachu, F|88/100|[from]move: U-turn
|
|-weather|Sandstorm|[upkeep]
|-damage|p2a: Chikapu|82/100|[from] Sandstorm
|upkeep
|turn|30
|
|t:|1667709035
|move|p2a: Chikapu|Knock Off|p1a: Silvally
|-damage|p1a: Silvally|2/100
|move|p1a: Silvally|Rest|p1a: Silvally
|-status|p1a: Silvally|slp|[from] move: Rest
|-heal|p1a: Silvally|100/100 slp|[silent]
|
|-weather|Sandstorm|[upkeep]
|-damage|p2a: Chikapu|76/100|[from] Sandstorm
|upkeep
|turn|31
|
|t:|1667709043
|switch|p2a: Chad|Gigalith, M|31/100
|switch|p1a: Lanturn|Lanturn, M|54/100
|-damage|p1a: Lanturn|41/100|[from] Stealth Rock
|
|-weather|Sandstorm|[upkeep]
|-damage|p1a: Lanturn|35/100|[from] Sandstorm
|-heal|p1a: Lanturn|41/100|[from] item: Leftovers
|upkeep
|turn|32
|
|t:|1667709048
|move|p1a: Lanturn|Volt Switch|p2a: Chad
|-damage|p2a: Chad|15/100
|
|t:|1667709050
|switch|p1a: Eldegoss|Eldegoss, F|76/100|[from]move: Volt Switch
|-damage|p1a: Eldegoss|64/100|[from] Stealth Rock
|move|p2a: Chad|Earthquake|p1a: Eldegoss
|-resisted|p1a: Eldegoss
|-damage|p1a: Eldegoss|43/100
|
|-weather|Sandstorm|[upkeep]
|-damage|p1a: Eldegoss|37/100|[from] Sandstorm
|upkeep
|turn|33
|
|t:|1667709055
|move|p1a: Eldegoss|Rapid Spin|p2a: Chad
|-resisted|p2a: Chad
|-damage|p2a: Chad|13/100
|-boost|p1a: Eldegoss|spe|1
|-sideend|p1: JoJo Reference #11|Stealth Rock|[from] move: Rapid Spin|[of] p1a: Eldegoss
|move|p2a: Chad|Rock Blast|p1a: Eldegoss
|-damage|p1a: Eldegoss|21/100
|-damage|p1a: Eldegoss|5/100
|-damage|p1a: Eldegoss|0 fnt
|faint|p1a: Eldegoss
|-hitcount|p1: Eldegoss|3
|
|-weather|none
|upkeep
|
|t:|1667709058
|switch|p1a: Aurorus|Aurorus, M|100/100
|-weather|Hail|[from] ability: Snow Warning|[of] p1a: Aurorus
|turn|34
|
|t:|1667709073
|switch|p2a: Charger|Silvally-Steel, shiny|77/100
|move|p1a: Aurorus|Blizzard|p2a: Charger
|-resisted|p2a: Charger
|-damage|p2a: Charger|37/100
|
|-weather|Hail|[upkeep]
|-damage|p2a: Charger|31/100|[from] Hail
|upkeep
|turn|35
|
|t:|1667709079
|switch|p1a: Lanturn|Lanturn, M|41/100
|move|p2a: Charger|Flash Cannon|p1a: Lanturn
|-resisted|p1a: Lanturn
|-damage|p1a: Lanturn|35/100
|
|-weather|Hail|[upkeep]
|-damage|p2a: Charger|25/100|[from] Hail
|-damage|p1a: Lanturn|29/100|[from] Hail
|-heal|p1a: Lanturn|35/100|[from] item: Leftovers
|upkeep
|turn|36
|
|t:|1667709082
|move|p2a: Charger|Parting Shot|p1a: Lanturn
|-unboost|p1a: Lanturn|atk|1
|-unboost|p1a: Lanturn|spa|1
|
|t:|1667709085
|switch|p2a: J'aime <3|Whimsicott, F|94/100|[from]move: Parting Shot
|move|p1a: Lanturn|Rest|p1a: Lanturn
|-status|p1a: Lanturn|slp|[from] move: Rest
|-heal|p1a: Lanturn|100/100 slp|[silent]
|
|-weather|Hail|[upkeep]
|-damage|p2a: J'aime <3|88/100|[from] Hail
|-damage|p1a: Lanturn|94/100 slp|[from] Hail
|-heal|p2a: J'aime <3|94/100|[from] item: Leftovers
|-heal|p1a: Lanturn|100/100 slp|[from] item: Leftovers
|upkeep
|turn|37
|
|t:|1667709092
|switch|p2a: Chad|Gigalith, M|13/100
|-weather|Sandstorm|[from] ability: Sand Stream|[of] p2a: Chad
|switch|p1a: Silvally|Silvally-Steel|100/100 slp
|
|-weather|Sandstorm|[upkeep]
|upkeep
|turn|38
|
|t:|1667709094
|cant|p1a: Silvally|slp
|move|p1a: Silvally|Sleep Talk|p1a: Silvally
|move|p1a: Silvally|Multi-Attack|p2a: Chad|[from]move: Sleep Talk
|-supereffective|p2a: Chad
|-damage|p2a: Chad|0 fnt
|faint|p2a: Chad
|
|-weather|Sandstorm|[upkeep]
|upkeep
|
|t:|1667709107
|switch|p2a: Chikapu|Pikachu, F|76/100
|turn|39
|
|t:|1667709117
|switch|p1a: Duosion|Duosion, M|100/100
|move|p2a: Chikapu|Fake Out|p1a: Duosion
|-damage|p1a: Duosion|88/100
|
|-weather|Sandstorm|[upkeep]
|-damage|p2a: Chikapu|70/100|[from] Sandstorm
|upkeep
|turn|40
|
|t:|1667709120
|move|p2a: Chikapu|Knock Off|p1a: Duosion
|-supereffective|p1a: Duosion
|-damage|p1a: Duosion|27/100
|-enditem|p1a: Duosion|Eviolite|[from] move: Knock Off|[of] p2a: Chikapu
|move|p1a: Duosion|Night Shade|p2a: Chikapu
|-damage|p2a: Chikapu|22/100
|
|-weather|Sandstorm|[upkeep]
|-damage|p2a: Chikapu|16/100|[from] Sandstorm
|upkeep
|turn|41
|
|t:|1667709129
|move|p2a: Chikapu|Knock Off|p1a: Duosion
|-supereffective|p1a: Duosion
|-damage|p1a: Duosion|0 fnt
|faint|p1a: Duosion
|
|-weather|Sandstorm|[upkeep]
|-damage|p2a: Chikapu|10/100|[from] Sandstorm
|upkeep
|
|t:|1667709133
|switch|p1a: Lanturn|Lanturn, M|100/100 slp
|turn|42
|
|t:|1667709137
|switch|p2a: J'aime <3|Whimsicott, F|94/100
|cant|p1a: Lanturn|slp
|
|-weather|Sandstorm|[upkeep]
|-damage|p2a: J'aime <3|88/100|[from] Sandstorm
|-damage|p1a: Lanturn|94/100 slp|[from] Sandstorm
|-heal|p2a: J'aime <3|94/100|[from] item: Leftovers
|-heal|p1a: Lanturn|100/100 slp|[from] item: Leftovers
|upkeep
|turn|43
|
|t:|1667709150
|switch|p2a: Petraphobia|Ninjask, F|94/100
|switch|p1a: Silvally|Silvally-Steel|100/100 slp
|
|-weather|Sandstorm|[upkeep]
|-damage|p2a: Petraphobia|88/100|[from] Sandstorm
|upkeep
|turn|44
|
|t:|1667709158
|move|p2a: Petraphobia|Night Slash|p1a: Silvally
|-damage|p1a: Silvally|76/100 slp
|cant|p1a: Silvally|slp
|move|p1a: Silvally|Sleep Talk|p1a: Silvally
|move|p1a: Silvally|Swords Dance|p1a: Silvally|[from]move: Sleep Talk
|-boost|p1a: Silvally|atk|2
|
|-weather|none
|-ability|p2a: Petraphobia|Speed Boost|boost
|-boost|p2a: Petraphobia|spe|1
|upkeep
|turn|45
|
|t:|1667709170
|switch|p2a: Charger|Silvally-Steel, shiny|25/100
|-curestatus|p1a: Silvally|slp|[msg]
|move|p1a: Silvally|Multi-Attack|p2a: Charger
|-resisted|p2a: Charger
|-damage|p2a: Charger|0 fnt
|faint|p2a: Charger
|
|upkeep
|
|t:|1667709172
|switch|p2a: Chikapu|Pikachu, F|10/100
|turn|46
|
|t:|1667709181
|switch|p1a: Lanturn|Lanturn, M|100/100 slp
|move|p2a: Chikapu|Fake Out|p1a: Lanturn
|-damage|p1a: Lanturn|81/100 slp
|
|-heal|p1a: Lanturn|87/100 slp|[from] item: Leftovers
|upkeep
|turn|47
|
|t:|1667709187
|switch|p1a: Aurorus|Aurorus, M|100/100
|-weather|Hail|[from] ability: Snow Warning|[of] p1a: Aurorus
|move|p2a: Chikapu|Extreme Speed|p1a: Aurorus
|-resisted|p1a: Aurorus
|-damage|p1a: Aurorus|81/100
|
|-weather|Hail|[upkeep]
|-damage|p2a: Chikapu|4/100|[from] Hail
|upkeep
|turn|48
|
|t:|1667709191
|switch|p1a: Lanturn|Lanturn, M|87/100 slp
|move|p2a: Chikapu|Volt Tackle|p1a: Lanturn
|-heal|p1a: Lanturn|100/100 slp|[from] ability: Volt Absorb|[of] p2a: Chikapu
|
|-weather|Hail|[upkeep]
|-damage|p2a: Chikapu|0 fnt|[from] Hail
|-damage|p1a: Lanturn|94/100 slp|[from] Hail
|faint|p2a: Chikapu
|-heal|p1a: Lanturn|100/100 slp|[from] item: Leftovers
|upkeep
|
|t:|1667709207
|switch|p2a: Petraphobia|Ninjask, F|88/100
|turn|49
|
|t:|1667709209
|switch|p1a: Silvally|Silvally-Steel|76/100
|move|p2a: Petraphobia|U-turn|p1a: Silvally
|-resisted|p1a: Silvally
|-damage|p1a: Silvally|57/100
|
|t:|1667709211
|switch|p2a: J'aime <3|Whimsicott, F|94/100|[from]move: U-turn
|
|-weather|Hail|[upkeep]
|-damage|p2a: J'aime <3|88/100|[from] Hail
|-damage|p1a: Silvally|51/100|[from] Hail
|-heal|p2a: J'aime <3|94/100|[from] item: Leftovers
|upkeep
|turn|50
|
|t:|1667709221
|move|p2a: J'aime <3|Taunt|p1a: Silvally
|-start|p1a: Silvally|move: Taunt
|move|p1a: Silvally|Multi-Attack|p2a: J'aime <3
|-supereffective|p2a: J'aime <3
|-damage|p2a: J'aime <3|0 fnt
|faint|p2a: J'aime <3
|
|-weather|Hail|[upkeep]
|-damage|p1a: Silvally|45/100|[from] Hail
|upkeep
|
|t:|1667709223
|switch|p2a: Petraphobia|Ninjask, F|88/100
|turn|51
|
|t:|1667709231
|move|p2a: Petraphobia|Leech Life|p1a: Silvally
|-resisted|p1a: Silvally
|-damage|p1a: Silvally|23/100
|-heal|p2a: Petraphobia|100/100|[from] drain|[of] p1a: Silvally
|move|p1a: Silvally|Multi-Attack|p2a: Petraphobia
|-damage|p2a: Petraphobia|0 fnt
|faint|p2a: Petraphobia
|
|win|JoJo Reference #11
|raw|JoJo Reference #11's rating: 1492 &rarr; <strong>1505</strong><br />(+13 for winning)
|raw|BigDaddyAddy's rating: 1373 &rarr; <strong>1360</strong><br />(-13 for losing)
|c|☆JoJo Reference #11|gg
|c|☆BigDaddyAddy|gg
|l|☆BigDaddyAddy
||Ladder isn't responding, score probably updated but might not have (Request timeout).
