|j|☆busken
|j|☆TimBasedGod
|player|p1|busken|101|1000
|player|p2|TimBasedGod|preschooler|1231
|teamsize|p1|6
|teamsize|p2|6
|gametype|singles
|gen|8
|tier|[Gen 8] PU
|rated|
|clearpoke
|poke|p1|Throh, M|
|poke|p1|Kangaskhan, F|
|poke|p1|Meowstic-F, F|
|poke|p1|Mawile, F|
|poke|p1|Sandslash, F|
|poke|p1|Drifblim, F|
|poke|p2|Gloom, F|
|poke|p2|Mr. Rime, M|
|poke|p2|Raboot, F|
|poke|p2|Lickilicky, M|
|poke|p2|Boltund, F|
|poke|p2|Kangaskhan, F|
|rule|Sleep Clause Mod: Limit one foe put to sleep
|rule|Species Clause: Limit one of each Pokémon
|rule|OHKO Clause: OHKO moves are banned
|rule|Evasion Moves Clause: Evasion moves are banned
|rule|Endless Battle Clause: Forcing endless battles is banned
|rule|HP Percentage Mod: HP is shown in percentages
|rule|Dynamax Clause: You cannot dynamax
|teampreview
|
|start
|switch|p1a: LADIES|Kangaskhan, F|100/100
|switch|p2a: Raboot|Raboot, F|100/100
|turn|1
|inactive|Battle timer is ON: inactive players will automatically lose when time's up. (requested by TimBasedGod)
|
|switch|p2a: Gloom|Gloom, F|100/100
|move|p1a: LADIES|Fake Out|p2a: Gloom
|-damage|p2a: Gloom|86/100
|
|upkeep
|turn|2
|
|move|p1a: LADIES|Double-Edge|p2a: Gloom
|-damage|p2a: Gloom|46/100
|-damage|p1a: LADIES|88/100|[from] Recoil
|move|p2a: Gloom|Infestation|p1a: LADIES
|-crit|p1a: LADIES
|-damage|p1a: LADIES|81/100
|-activate|p1a: LADIES|move: Infestation|[of] p2a: Gloom
|
|-damage|p1a: LADIES|69/100|[from] move: Infestation|[partiallytrapped]
|upkeep
|turn|3
|
|move|p1a: LADIES|Double-Edge|p2a: Gloom
|-damage|p2a: Gloom|2/100
|-damage|p1a: LADIES|55/100|[from] Recoil
|move|p2a: Gloom|Strength Sap|p1a: LADIES
|-unboost|p1a: LADIES|atk|1
|-heal|p2a: Gloom|91/100
|
|-damage|p1a: LADIES|43/100|[from] move: Infestation|[partiallytrapped]
|upkeep
|turn|4
|c|☆busken|oh wow thats cool
|
|move|p1a: LADIES|Double-Edge|p2a: Gloom
|-damage|p2a: Gloom|63/100
|-damage|p1a: LADIES|34/100|[from] Recoil
|move|p2a: Gloom|Strength Sap|p1a: LADIES
|-unboost|p1a: LADIES|atk|1
|-heal|p2a: Gloom|100/100
|
|-damage|p1a: LADIES|22/100|[from] move: Infestation|[partiallytrapped]
|upkeep
|turn|5
|
|move|p1a: LADIES|Double-Edge|p2a: Gloom
|-damage|p2a: Gloom|78/100
|-damage|p1a: LADIES|15/100|[from] Recoil
|move|p2a: Gloom|Leech Seed|p1a: LADIES
|-start|p1a: LADIES|move: Leech Seed
|
|-damage|p1a: LADIES|3/100|[from] Leech Seed|[of] p2a: Gloom
|-heal|p2a: Gloom|92/100|[silent]
|-damage|p1a: LADIES|0 fnt|[from] move: Infestation|[partiallytrapped]
|faint|p1a: LADIES
|upkeep
|
|switch|p1a: COSMONAUTS|Meowstic-F, F|100/100
|turn|6
|
|switch|p2a: Lickilicky|Lickilicky, M|100/100
|move|p1a: COSMONAUTS|Psychic|p2a: Lickilicky
|-damage|p2a: Lickilicky|67/100
|
|-heal|p2a: Lickilicky|73/100|[from] item: Leftovers
|upkeep
|turn|7
|
|switch|p1a: RELAY|Throh, M|100/100
|move|p2a: Lickilicky|Knock Off|p1a: RELAY
|-resisted|p1a: RELAY
|-damage|p1a: RELAY|92/100
|-enditem|p1a: RELAY|Leftovers|[from] move: Knock Off|[of] p2a: Lickilicky
|
|-heal|p2a: Lickilicky|79/100|[from] item: Leftovers
|upkeep
|turn|8
|
|switch|p2a: Gloom|Gloom, F|92/100
|move|p1a: RELAY|Knock Off|p2a: Gloom
|-damage|p2a: Gloom|76/100
|-enditem|p2a: Gloom|Eviolite|[from] move: Knock Off|[of] p1a: RELAY
|
|upkeep
|turn|9
|
|switch|p1a: COSMONAUTS|Meowstic-F, F|100/100
|move|p2a: Gloom|Infestation|p1a: COSMONAUTS
|-supereffective|p1a: COSMONAUTS
|-damage|p1a: COSMONAUTS|89/100
|-activate|p1a: COSMONAUTS|move: Infestation|[of] p2a: Gloom
|
|-damage|p1a: COSMONAUTS|77/100|[from] move: Infestation|[partiallytrapped]
|upkeep
|turn|10
|
|switch|p2a: Lickilicky|Lickilicky, M|79/100
|move|p1a: COSMONAUTS|Trick|p2a: Lickilicky
|-activate|p1a: COSMONAUTS|move: Trick|[of] p2a: Lickilicky
|-item|p2a: Lickilicky|Choice Specs|[from] move: Trick
|-item|p1a: COSMONAUTS|Leftovers|[from] move: Trick
|
|-heal|p1a: COSMONAUTS|83/100|[from] item: Leftovers
|-end|p1a: COSMONAUTS|Infestation|[partiallytrapped]|[silent]
|upkeep
|turn|11
|
|switch|p1a: ON I GO|Mawile, F|100/100
|-ability|p1a: ON I GO|Intimidate|boost
|-immune|p2a: Lickilicky|[from] ability: Oblivious
|move|p2a: Lickilicky|Toxic|p1a: ON I GO
|-immune|p1a: ON I GO
|
|upkeep
|turn|12
|
|switch|p2a: Gloom|Gloom, F|76/100
|move|p1a: ON I GO|Stealth Rock|p2a: Gloom
|-sidestart|p2: TimBasedGod|move: Stealth Rock
|
|upkeep
|turn|13
|
|switch|p1a: COSMONAUTS|Meowstic-F, F|83/100
|move|p2a: Gloom|Leech Seed|p1a: COSMONAUTS
|-start|p1a: COSMONAUTS|move: Leech Seed
|
|-heal|p1a: COSMONAUTS|89/100|[from] item: Leftovers
|-damage|p1a: COSMONAUTS|77/100|[from] Leech Seed|[of] p2a: Gloom
|-heal|p2a: Gloom|87/100|[silent]
|upkeep
|turn|14
|
|switch|p2a: Lickilicky|Lickilicky, M|79/100
|-damage|p2a: Lickilicky|67/100|[from] Stealth Rock
|move|p1a: COSMONAUTS|Psychic|p2a: Lickilicky
|-damage|p2a: Lickilicky|45/100
|
|-heal|p1a: COSMONAUTS|83/100|[from] item: Leftovers
|-damage|p1a: COSMONAUTS|71/100|[from] Leech Seed|[of] p2a: Lickilicky
|-heal|p2a: Lickilicky|53/100|[silent]
|upkeep
|turn|15
|
|switch|p1a: RELAY|Throh, M|92/100
|move|p2a: Lickilicky|Toxic|p1a: RELAY
|-status|p1a: RELAY|tox
|
|-damage|p1a: RELAY|86/100 tox|[from] psn
|upkeep
|turn|16
|
|switch|p2a: Gloom|Gloom, F|87/100
|-damage|p2a: Gloom|75/100|[from] Stealth Rock
|move|p1a: RELAY|Circle Throw|p2a: Gloom|[miss]
|-miss|p1a: RELAY|p2a: Gloom
|
|-damage|p1a: RELAY|73/100 tox|[from] psn
|upkeep
|turn|17
|
|switch|p1a: HEAVY BALLOON|Drifblim, F|100/100
|move|p2a: Gloom|Sludge Bomb|p1a: HEAVY BALLOON
|-resisted|p1a: HEAVY BALLOON
|-damage|p1a: HEAVY BALLOON|85/100
|
|upkeep
|turn|18
|
|switch|p2a: Kangaskhan|Kangaskhan, F|100/100
|-damage|p2a: Kangaskhan|88/100|[from] Stealth Rock
|move|p1a: HEAVY BALLOON|Substitute|p1a: HEAVY BALLOON
|-start|p1a: HEAVY BALLOON|Substitute
|-damage|p1a: HEAVY BALLOON|60/100
|
|upkeep
|turn|19
|
|move|p1a: HEAVY BALLOON|Thunder|p2a: Kangaskhan
|-damage|p2a: Kangaskhan|54/100
|-status|p2a: Kangaskhan|par
|cant|p2a: Kangaskhan|par
|
|upkeep
|turn|20
|
|move|p1a: HEAVY BALLOON|Thunder|p2a: Kangaskhan|[miss]
|-miss|p1a: HEAVY BALLOON|p2a: Kangaskhan
|move|p2a: Kangaskhan|Body Slam|p1a: HEAVY BALLOON
|-end|p1a: HEAVY BALLOON|Substitute
|-damage|p2a: Kangaskhan|44/100 par|[from] item: Life Orb
|
|upkeep
|turn|21
|
|switch|p1a: RELAY|Throh, M|73/100 tox
|move|p2a: Kangaskhan|Body Slam|p1a: RELAY
|-damage|p1a: RELAY|28/100 tox
|-damage|p2a: Kangaskhan|35/100 par|[from] item: Life Orb
|
|-damage|p1a: RELAY|22/100 tox|[from] psn
|upkeep
|turn|22
|
|switch|p2a: Gloom|Gloom, F|75/100
|-damage|p2a: Gloom|63/100|[from] Stealth Rock
|move|p1a: RELAY|Rest|p1a: RELAY
|-status|p1a: RELAY|slp|[from] move: Rest
|-heal|p1a: RELAY|100/100 slp|[silent]
|
|upkeep
|turn|23
|
|cant|p1a: RELAY|slp
|move|p1a: RELAY|Sleep Talk|p1a: RELAY
|move|p1a: RELAY|Knock Off|p2a: Gloom|[from]Sleep Talk
|-damage|p2a: Gloom|39/100
|move|p2a: Gloom|Infestation|p1a: RELAY
|-resisted|p1a: RELAY
|-damage|p1a: RELAY|99/100 slp
|-activate|p1a: RELAY|move: Infestation|[of] p2a: Gloom
|
|-damage|p1a: RELAY|87/100 slp|[from] move: Infestation|[partiallytrapped]
|upkeep
|turn|24
|
|cant|p1a: RELAY|slp
|move|p1a: RELAY|Sleep Talk|p1a: RELAY
|move|p1a: RELAY|Rest|p1a: RELAY|[from]Sleep Talk
|-fail|p1a: RELAY
|move|p2a: Gloom|Strength Sap|p1a: RELAY
|-unboost|p1a: RELAY|atk|1
|-heal|p2a: Gloom|100/100
|
|-damage|p1a: RELAY|74/100 slp|[from] move: Infestation|[partiallytrapped]
|upkeep
|turn|25
|
|move|p2a: Gloom|Leech Seed|p1a: RELAY
|-start|p1a: RELAY|move: Leech Seed
|-curestatus|p1a: RELAY|slp|[msg]
|move|p1a: RELAY|Circle Throw|p2a: Gloom
|-resisted|p2a: Gloom
|-damage|p2a: Gloom|94/100
|drag|p2a: Mr. Rime|Mr. Rime, M|100/100
|
|-damage|p1a: RELAY|62/100|[from] Leech Seed|[of] p2a: Mr. Rime
|-end|p1a: RELAY|Infestation|[partiallytrapped]|[silent]
|upkeep
|turn|26
|inactive|busken has 120 seconds left.
|
|move|p2a: Mr. Rime|Rapid Spin|p1a: RELAY
|-damage|p1a: RELAY|55/100
|-boost|p2a: Mr. Rime|spe|1
|-sideend|p2: TimBasedGod|Stealth Rock|[from] move: Rapid Spin|[of] p2a: Mr. Rime
|move|p1a: RELAY|Knock Off|p2a: Mr. Rime
|-supereffective|p2a: Mr. Rime
|-damage|p2a: Mr. Rime|56/100
|-enditem|p2a: Mr. Rime|Heavy-Duty Boots|[from] move: Knock Off|[of] p1a: RELAY
|
|-damage|p1a: RELAY|43/100|[from] Leech Seed|[of] p2a: Mr. Rime
|-heal|p2a: Mr. Rime|74/100|[silent]
|upkeep
|turn|27
|inactive|busken has 120 seconds left.
|inactive|TimBasedGod has 120 seconds left.
|
|switch|p1a: ON I GO|Mawile, F|100/100
|-ability|p1a: ON I GO|Intimidate|boost
|-unboost|p2a: Mr. Rime|atk|1
|move|p2a: Mr. Rime|Psychic|p1a: ON I GO
|-resisted|p1a: ON I GO
|-damage|p1a: ON I GO|76/100
|
|-heal|p1a: ON I GO|82/100|[from] item: Leftovers
|upkeep
|turn|28
|inactive|TimBasedGod has 120 seconds left.
|inactive|busken has 120 seconds left.
|
|move|p2a: Mr. Rime|Shadow Ball|p1a: ON I GO
|-damage|p1a: ON I GO|51/100
|-unboost|p1a: ON I GO|spd|1
|move|p1a: ON I GO|Iron Head|p2a: Mr. Rime
|-supereffective|p2a: Mr. Rime
|-damage|p2a: Mr. Rime|0 fnt
|faint|p2a: Mr. Rime
|
|-heal|p1a: ON I GO|58/100|[from] item: Leftovers
|upkeep
|
|switch|p2a: Raboot|Raboot, F|100/100
|turn|29
|inactive|busken has 120 seconds left.
|
|switch|p1a: SHAMEIKA|Sandslash, F|100/100
|move|p2a: Raboot|Flare Blitz|p1a: SHAMEIKA
|-damage|p1a: SHAMEIKA|61/100
|-damage|p2a: Raboot|83/100|[from] Recoil
|
|upkeep
|turn|30
|inactive|busken has 120 seconds left.
|inactive|TimBasedGod has 120 seconds left.
|
|switch|p2a: Gloom|Gloom, F|94/100
|move|p1a: SHAMEIKA|Spikes|p2a: Gloom
|-sidestart|p2: TimBasedGod|Spikes
|
|upkeep
|turn|31
|
|switch|p1a: COSMONAUTS|Meowstic-F, F|71/100
|move|p2a: Gloom|Infestation|p1a: COSMONAUTS
|-supereffective|p1a: COSMONAUTS
|-damage|p1a: COSMONAUTS|59/100
|-activate|p1a: COSMONAUTS|move: Infestation|[of] p2a: Gloom
|
|-heal|p1a: COSMONAUTS|65/100|[from] item: Leftovers
|-damage|p1a: COSMONAUTS|53/100|[from] move: Infestation|[partiallytrapped]
|upkeep
|turn|32
|
|switch|p2a: Lickilicky|Lickilicky, M|53/100
|-damage|p2a: Lickilicky|41/100|[from] Spikes
|move|p1a: COSMONAUTS|Psychic|p2a: Lickilicky
|-damage|p2a: Lickilicky|19/100
|
|-heal|p1a: COSMONAUTS|59/100|[from] item: Leftovers
|-end|p1a: COSMONAUTS|Infestation|[partiallytrapped]|[silent]
|upkeep
|turn|33
|inactive|busken has 120 seconds left.
|
|move|p1a: COSMONAUTS|Psychic|p2a: Lickilicky
|-damage|p2a: Lickilicky|0 fnt
|faint|p2a: Lickilicky
|
|-heal|p1a: COSMONAUTS|65/100|[from] item: Leftovers
|upkeep
|
|switch|p2a: Raboot|Raboot, F|83/100
|-damage|p2a: Raboot|71/100|[from] Spikes
|turn|34
|inactive|busken has 120 seconds left.
|
|switch|p1a: SHAMEIKA|Sandslash, F|61/100
|move|p2a: Raboot|U-turn|p1a: SHAMEIKA
|-start|p2a: Raboot|typechange|Bug|[from] ability: Libero
|-damage|p1a: SHAMEIKA|38/100
|
|switch|p2a: Gloom|Gloom, F|94/100|[from]move: U-turn
|-damage|p2a: Gloom|82/100|[from] Spikes
|
|upkeep
|turn|35
|inactive|busken has 120 seconds left.
|
|move|p1a: SHAMEIKA|Knock Off|p2a: Gloom
|-damage|p2a: Gloom|64/100
|move|p2a: Gloom|Sludge Bomb|p1a: SHAMEIKA
|-resisted|p1a: SHAMEIKA
|-damage|p1a: SHAMEIKA|17/100
|-status|p1a: SHAMEIKA|psn
|
|-damage|p1a: SHAMEIKA|5/100 psn|[from] psn
|upkeep
|turn|36
|
|move|p1a: SHAMEIKA|Spikes|p2a: Gloom
|-sidestart|p2: TimBasedGod|Spikes
|move|p2a: Gloom|Strength Sap|p1a: SHAMEIKA
|-unboost|p1a: SHAMEIKA|atk|1
|-heal|p2a: Gloom|100/100
|
|-damage|p1a: SHAMEIKA|0 fnt|[from] psn
|faint|p1a: SHAMEIKA
|upkeep
|inactive|busken has 120 seconds left.
|
|switch|p1a: COSMONAUTS|Meowstic-F, F|65/100
|turn|37
|
|switch|p2a: Kangaskhan|Kangaskhan, F|35/100 par
|-damage|p2a: Kangaskhan|18/100 par|[from] Spikes
|move|p1a: COSMONAUTS|Psychic|p2a: Kangaskhan
|-damage|p2a: Kangaskhan|0 fnt
|faint|p2a: Kangaskhan
|
|-heal|p1a: COSMONAUTS|71/100|[from] item: Leftovers
|upkeep
|
|switch|p2a: Raboot|Raboot, F|71/100
|-damage|p2a: Raboot|54/100|[from] Spikes
|turn|38
|
|switch|p1a: ON I GO|Mawile, F|58/100
|-ability|p1a: ON I GO|Intimidate|boost
|-unboost|p2a: Raboot|atk|1
|move|p2a: Raboot|Flare Blitz|p1a: ON I GO
|-supereffective|p1a: ON I GO
|-damage|p1a: ON I GO|0 fnt
|-damage|p2a: Raboot|33/100|[from] Recoil
|faint|p1a: ON I GO
|
|upkeep
|
|switch|p1a: RELAY|Throh, M|43/100
|turn|39
|
|switch|p2a: Gloom|Gloom, F|100/100
|-damage|p2a: Gloom|84/100|[from] Spikes
|move|p1a: RELAY|Circle Throw|p2a: Gloom
|-resisted|p2a: Gloom
|-damage|p2a: Gloom|73/100
|drag|p2a: Boltund|Boltund, F|100/100
|-damage|p2a: Boltund|84/100|[from] Spikes
|
|upkeep
|turn|40
|
|move|p2a: Boltund|Volt Switch|p1a: RELAY
|-damage|p1a: RELAY|30/100
|
|switch|p2a: Gloom|Gloom, F|73/100|[from]move: Volt Switch
|-damage|p2a: Gloom|56/100|[from] Spikes
|move|p1a: RELAY|Rest|p1a: RELAY
|-status|p1a: RELAY|slp|[from] move: Rest
|-heal|p1a: RELAY|100/100 slp|[silent]
|
|upkeep
|turn|41
|inactive|busken has 120 seconds left.
|
|cant|p1a: RELAY|slp
|move|p1a: RELAY|Sleep Talk|p1a: RELAY
|move|p1a: RELAY|Circle Throw|p2a: Gloom|[from]Sleep Talk
|-resisted|p2a: Gloom
|-crit|p2a: Gloom
|-damage|p2a: Gloom|31/100
|drag|p2a: Raboot|Raboot, F|33/100
|-damage|p2a: Raboot|17/100|[from] Spikes
|
|upkeep
|turn|42
|inactive|busken has 120 seconds left.
|
|move|p2a: Raboot|High Jump Kick|p1a: RELAY
|-start|p2a: Raboot|typechange|Fighting|[from] ability: Libero
|-damage|p1a: RELAY|53/100 slp
|cant|p1a: RELAY|slp
|move|p1a: RELAY|Sleep Talk|p1a: RELAY
|move|p1a: RELAY|Knock Off|p2a: Raboot|[from]Sleep Talk
|-resisted|p2a: Raboot
|-damage|p2a: Raboot|0 fnt
|-enditem|p2a: Raboot|Choice Scarf|[from] move: Knock Off|[of] p1a: RELAY
|faint|p2a: Raboot
|
|upkeep
|
|switch|p2a: Gloom|Gloom, F|31/100
|-damage|p2a: Gloom|15/100|[from] Spikes
|turn|43
|inactive|busken has 120 seconds left.
|inactive|busken has 90 seconds left.
|
|-curestatus|p1a: RELAY|slp|[msg]
|move|p1a: RELAY|Knock Off|p2a: Gloom
|-damage|p2a: Gloom|0 fnt
|faint|p2a: Gloom
|
|upkeep
|
|switch|p2a: Boltund|Boltund, F|84/100
|-damage|p2a: Boltund|68/100|[from] Spikes
|turn|44
|inactive|busken has 90 seconds left.
|
|move|p2a: Boltund|Thunder Fang|p1a: RELAY
|-damage|p1a: RELAY|20/100
|move|p1a: RELAY|Circle Throw|p2a: Boltund
|-damage|p2a: Boltund|26/100
|
|upkeep
|turn|45
|inactive|busken has 90 seconds left.
|
|move|p2a: Boltund|Thunder Fang|p1a: RELAY
|-damage|p1a: RELAY|0 fnt
|faint|p1a: RELAY
|
|upkeep
|
|switch|p1a: COSMONAUTS|Meowstic-F, F|71/100
|turn|46
|
|move|p2a: Boltund|Crunch|p1a: COSMONAUTS
|-supereffective|p1a: COSMONAUTS
|-damage|p1a: COSMONAUTS|0 fnt
|faint|p1a: COSMONAUTS
|
|upkeep
|c|☆busken|wow
|c|☆busken|shouldve rested
|c|☆busken|hh
|c|☆busken|*gg
|
|switch|p1a: HEAVY BALLOON|Drifblim, F|60/100
|turn|47
|
|move|p2a: Boltund|Thunder Fang|p1a: HEAVY BALLOON
|-supereffective|p1a: HEAVY BALLOON
|-crit|p1a: HEAVY BALLOON
|-damage|p1a: HEAVY BALLOON|0 fnt
|faint|p1a: HEAVY BALLOON
|
|win|TimBasedGod
|c|☆TimBasedGod|gg
|raw|busken's rating: 1000 &rarr; <strong>1000</strong><br />(+0 for losing)
|raw|TimBasedGod's rating: 1231 &rarr; <strong>1242</strong><br />(+11 for winning)
|l|☆TimBasedGod
|l|☆busken
|j|☆busken
|player|p1|busken|101
