|j|☆timid ludicolo
|j|☆Joke sets
|player|p1|timid ludicolo|jasmine|1226
|player|p2|Joke sets|beauty-gen2jp|1311
|teamsize|p1|6
|teamsize|p2|6
|gametype|singles
|gen|8
|tier|[Gen 8] PU
|rated|
|clearpoke
|poke|p1|Frillish, M|
|poke|p1|Mr. Rime, F|
|poke|p1|Gloom, F|
|poke|p1|Mawile, F|
|poke|p1|Vibrava, F|
|poke|p1|Stonjourner, F|
|poke|p2|Stunfisk, M|
|poke|p2|Hitmonchan, M|
|poke|p2|Lapras, M|
|poke|p2|Mr. Mime, F|
|poke|p2|Klinklang|
|poke|p2|Ninjask, M|
|rule|Sleep Clause Mod: Limit one foe put to sleep
|rule|Species Clause: Limit one of each Pokémon
|rule|OHKO Clause: OHKO moves are banned
|rule|Evasion Moves Clause: Evasion moves are banned
|rule|Endless Battle Clause: Forcing endless battles is banned
|rule|HP Percentage Mod: HP is shown in percentages
|rule|Dynamax Clause: You cannot dynamax
|teampreview
|
|start
|switch|p1a: Frillish|Frillish, M|100/100
|switch|p2a: Lapras|Lapras, M|100/100
|turn|1
|
|switch|p1a: Mr. Rime|Mr. Rime, F|100/100
|move|p2a: Lapras|Protect||[still]
|-fail|p2a: Lapras
|
|upkeep
|turn|2
|
|move|p2a: Lapras|Protect|p2a: Lapras
|-singleturn|p2a: Lapras|Protect
|move|p1a: Mr. Rime|Psychic|p2a: Lapras
|-activate|p2a: Lapras|move: Protect
|
|upkeep
|turn|3
|
|switch|p1a: Stonjourner|Stonjourner, F|100/100
|switch|p2a: Klinklang|Klinklang|100/100
|
|upkeep
|turn|4
|
|move|p2a: Klinklang|Magnetic Flux|p2a: Klinklang
|-boost|p2a: Klinklang|def|1
|-boost|p2a: Klinklang|spd|1
|move|p1a: Stonjourner|Heat Crash|p2a: Klinklang
|-supereffective|p2a: Klinklang
|-damage|p2a: Klinklang|18/100
|
|-heal|p2a: Klinklang|24/100|[from] item: Leftovers
|upkeep
|turn|5
|
|move|p2a: Klinklang|Gear Grind|p1a: Stonjourner
|-supereffective|p1a: Stonjourner
|-damage|p1a: Stonjourner|74/100
|-supereffective|p1a: Stonjourner
|-damage|p1a: Stonjourner|44/100
|-hitcount|p1a: Stonjourner|2
|move|p1a: Stonjourner|Heat Crash|p2a: Klinklang
|-supereffective|p2a: Klinklang
|-damage|p2a: Klinklang|0 fnt
|faint|p2a: Klinklang
|
|upkeep
|
|switch|p2a: Hitmonchan|Hitmonchan, M|100/100
|turn|6
|
|switch|p1a: Mawile|Mawile, F|100/100
|-ability|p1a: Mawile|Intimidate|boost
|-unboost|p2a: Hitmonchan|atk|1
|-enditem|p2a: Hitmonchan|Eject Pack
|
|switch|p2a: Lapras|Lapras, M|100/100
|
|upkeep
|turn|7
|
|move|p2a: Lapras|Future Sight|p1a: Mawile
|-start|p2a: Lapras|move: Future Sight
|move|p1a: Mawile|Stealth Rock|p2a: Lapras
|-sidestart|p2: Joke sets|move: Stealth Rock
|
|upkeep
|turn|8
|
|move|p2a: Lapras|Hydro Pump|p1a: Mawile
|-damage|p1a: Mawile|21/100
|move|p1a: Mawile|Toxic|p2a: Lapras
|-status|p2a: Lapras|tox
|
|-damage|p2a: Lapras|94/100 tox|[from] psn
|upkeep
|turn|9
|
|switch|p1a: Mr. Rime|Mr. Rime, F|100/100
|move|p2a: Lapras|Freeze-Dry|p1a: Mr. Rime
|-resisted|p1a: Mr. Rime
|-damage|p1a: Mr. Rime|85/100
|
|-end|p1a: Mr. Rime|move: Future Sight
|-resisted|p1a: Mr. Rime
|-damage|p1a: Mr. Rime|65/100
|-heal|p2a: Lapras|100/100 tox|[from] item: Leftovers
|-damage|p2a: Lapras|88/100 tox|[from] psn
|upkeep
|turn|10
|
|move|p1a: Mr. Rime|Psychic|p2a: Lapras
|-damage|p2a: Lapras|36/100 tox
|move|p2a: Lapras|Hydro Pump|p1a: Mr. Rime
|-damage|p1a: Mr. Rime|11/100
|
|-heal|p2a: Lapras|42/100 tox|[from] item: Leftovers
|-damage|p2a: Lapras|23/100 tox|[from] psn
|upkeep
|turn|11
|
|switch|p2a: Mr. Mime|Mr. Mime, F|100/100
|-damage|p2a: Mr. Mime|88/100|[from] Stealth Rock
|move|p1a: Mr. Rime|Psychic|p2a: Mr. Mime
|-resisted|p2a: Mr. Mime
|-damage|p2a: Mr. Mime|48/100
|
|upkeep
|turn|12
|
|switch|p1a: Frillish|Frillish, M|100/100
|move|p2a: Mr. Mime|Dazzling Gleam|p1a: Frillish
|-damage|p1a: Frillish|79/100
|
|upkeep
|turn|13
|
|switch|p2a: Stunfisk|Stunfisk, M|100/100
|-damage|p2a: Stunfisk|94/100|[from] Stealth Rock
|move|p1a: Frillish|Hex|p2a: Stunfisk
|-damage|p2a: Stunfisk|82/100
|
|upkeep
|turn|14
|
|move|p1a: Frillish|Scald|p2a: Stunfisk
|-supereffective|p2a: Stunfisk
|-crit|p2a: Stunfisk
|-damage|p2a: Stunfisk|28/100
|move|p2a: Stunfisk|Toxic|p1a: Frillish
|-status|p1a: Frillish|tox
|
|-damage|p1a: Frillish|73/100 tox|[from] psn
|upkeep
|turn|15
|
|switch|p1a: Mr. Rime|Mr. Rime, F|11/100
|move|p2a: Stunfisk|Stealth Rock|p1a: Mr. Rime
|-sidestart|p1: timid ludicolo|move: Stealth Rock
|
|upkeep
|turn|16
|
|move|p1a: Mr. Rime|Freeze-Dry|p2a: Stunfisk
|-supereffective|p2a: Stunfisk
|-damage|p2a: Stunfisk|0 fnt
|faint|p2a: Stunfisk
|
|upkeep
|
|switch|p2a: Hitmonchan|Hitmonchan, M|100/100
|-damage|p2a: Hitmonchan|94/100|[from] Stealth Rock
|turn|17
|
|move|p2a: Hitmonchan|Rapid Spin|p1a: Mr. Rime
|-damage|p1a: Mr. Rime|0 fnt
|-boost|p2a: Hitmonchan|spe|1
|-sideend|p2: Joke sets|Stealth Rock|[from] move: Rapid Spin|[of] p2a: Hitmonchan
|faint|p1a: Mr. Rime
|
|upkeep
|
|switch|p1a: Gloom|Gloom, F|100/100
|-damage|p1a: Gloom|88/100|[from] Stealth Rock
|turn|18
|
|move|p2a: Hitmonchan|Ice Punch|p1a: Gloom
|-supereffective|p1a: Gloom
|-damage|p1a: Gloom|49/100
|move|p1a: Gloom|Sludge Bomb|p2a: Hitmonchan
|-damage|p2a: Hitmonchan|56/100
|
|upkeep
|turn|19
|
|switch|p2a: Ninjask|Ninjask, M|100/100
|move|p1a: Gloom|Strength Sap|p2a: Ninjask
|-unboost|p2a: Ninjask|atk|1
|-heal|p1a: Gloom|100/100
|
|upkeep
|turn|20
|
|switch|p1a: Mawile|Mawile, F|21/100
|-damage|p1a: Mawile|15/100|[from] Stealth Rock
|-ability|p1a: Mawile|Intimidate|boost
|-unboost|p2a: Ninjask|atk|1
|move|p2a: Ninjask|Swords Dance|p2a: Ninjask
|-boost|p2a: Ninjask|atk|2
|
|-ability|p2a: Ninjask|Speed Boost|boost
|-boost|p2a: Ninjask|spe|1
|upkeep
|turn|21
|
|move|p2a: Ninjask|Acrobatics|p1a: Mawile
|-resisted|p1a: Mawile
|-damage|p1a: Mawile|0 fnt
|-damage|p2a: Ninjask|84/100|[from] item: Rocky Helmet|[of] p1a: Mawile
|faint|p1a: Mawile
|
|-ability|p2a: Ninjask|Speed Boost|boost
|-boost|p2a: Ninjask|spe|1
|upkeep
|
|switch|p1a: Stonjourner|Stonjourner, F|44/100
|-damage|p1a: Stonjourner|31/100|[from] Stealth Rock
|turn|22
|j| shedinjanjoe
|
|move|p2a: Ninjask|Protect|p2a: Ninjask
|-singleturn|p2a: Ninjask|Protect
|move|p1a: Stonjourner|Heat Crash|p2a: Ninjask
|-activate|p2a: Ninjask|move: Protect
|
|-ability|p2a: Ninjask|Speed Boost|boost
|-boost|p2a: Ninjask|spe|1
|upkeep
|turn|23
|
|switch|p2a: Lapras|Lapras, M|23/100 tox
|move|p1a: Stonjourner|Heat Crash|p2a: Lapras
|-damage|p2a: Lapras|0 fnt
|faint|p2a: Lapras
|
|upkeep
|
|switch|p2a: Mr. Mime|Mr. Mime, F|48/100
|turn|24
|
|move|p2a: Mr. Mime|Psychic|p1a: Stonjourner
|-damage|p1a: Stonjourner|0 fnt
|faint|p1a: Stonjourner
|
|upkeep
|
|switch|p1a: Vibrava|Vibrava, F|100/100
|-damage|p1a: Vibrava|94/100|[from] Stealth Rock
|turn|25
|
|switch|p2a: Ninjask|Ninjask, M|84/100
|move|p1a: Vibrava|U-turn|p2a: Ninjask
|-resisted|p2a: Ninjask
|-damage|p2a: Ninjask|65/100
|
|switch|p1a: Frillish|Frillish, M|73/100 tox|[from]move: U-turn
|-damage|p1a: Frillish|61/100 tox|[from] Stealth Rock
|
|-damage|p1a: Frillish|55/100 tox|[from] psn
|upkeep
|turn|26
|
|move|p2a: Ninjask|Acrobatics|p1a: Frillish
|-damage|p1a: Frillish|0 fnt
|faint|p1a: Frillish
|
|-ability|p2a: Ninjask|Speed Boost|boost
|-boost|p2a: Ninjask|spe|1
|upkeep
|
|switch|p1a: Gloom|Gloom, F|100/100
|-damage|p1a: Gloom|88/100|[from] Stealth Rock
|turn|27
|
|move|p2a: Ninjask|Acrobatics|p1a: Gloom
|-supereffective|p1a: Gloom
|-damage|p1a: Gloom|20/100
|move|p1a: Gloom|Sludge Bomb|p2a: Ninjask
|-damage|p2a: Ninjask|3/100
|
|-ability|p2a: Ninjask|Speed Boost|boost
|-boost|p2a: Ninjask|spe|1
|upkeep
|turn|28
|
|move|p2a: Ninjask|Acrobatics|p1a: Gloom
|-supereffective|p1a: Gloom
|-damage|p1a: Gloom|0 fnt
|faint|p1a: Gloom
|
|-ability|p2a: Ninjask|Speed Boost|boost
|-boost|p2a: Ninjask|spe|1
|upkeep
|
|switch|p1a: Vibrava|Vibrava, F|94/100
|-damage|p1a: Vibrava|88/100|[from] Stealth Rock
|turn|29
|
|move|p2a: Ninjask|Acrobatics|p1a: Vibrava
|-damage|p1a: Vibrava|0 fnt
|faint|p1a: Vibrava
|
|win|Joke sets
|c|☆timid ludicolo|gg
|raw|timid ludicolo's rating: 1226 &rarr; <strong>1207</strong><br />(-19 for losing)
|raw|Joke sets's rating: 1312 &rarr; <strong>1327</strong><br />(+15 for winning)
|l|☆timid ludicolo
