|html|<div class="broadcast-blue"><strong>[Gen 8] PU is currently suspecting Exeggutor-Alola! For information on how to participate check out the <a href="https://www.smogon.com/forums/threads/np-pu-stage-6-hate-to-see-you-k-o-love-to-watch-you-leaf-storm.3686048/">suspect thread</a>.</strong></div>
|j|☆one of the bouys
|j|☆FNC_Urgot
|t:|1624528378
|gametype|singles
|player|p1|one of the bouys|266|1575
|player|p2|FNC_Urgot|170|1495
|teamsize|p1|6
|teamsize|p2|6
|gen|8
|tier|[Gen 8] PU
|rated|
|rule|Sleep Clause Mod: Limit one foe put to sleep
|rule|Species Clause: Limit one of each Pokémon
|rule|OHKO Clause: OHKO moves are banned
|rule|Evasion Moves Clause: Evasion moves are banned
|rule|Endless Battle Clause: Forcing endless battles is banned
|rule|HP Percentage Mod: HP is shown in percentages
|rule|Dynamax Clause: You cannot dynamax
|clearpoke
|poke|p1|Scyther, F|
|poke|p1|Morpeko, M|
|poke|p1|Lunatone|
|poke|p1|Poliwrath, M|
|poke|p1|Weezing, F|
|poke|p1|Stunfisk-Galar, F|
|poke|p2|Togedemaru, F|
|poke|p2|Altaria, M|
|poke|p2|Eldegoss, M|
|poke|p2|Miltank, F|
|poke|p2|Pyukumuku, F|
|poke|p2|Tangela, M|
|teampreview
|j| Meujeuh
|
|t:|1624528419
|start
|switch|p1a: Scyther|Scyther, F|100/100
|switch|p2a: Altaria|Altaria, M|100/100
|turn|1
|
|t:|1624528436
|move|p1a: Scyther|Knock Off|p2a: Altaria
|-damage|p2a: Altaria|77/100
|-enditem|p2a: Altaria|Heavy-Duty Boots|[from] move: Knock Off|[of] p1a: Scyther
|move|p2a: Altaria|Fire Spin|p1a: Scyther
|-supereffective|p1a: Scyther
|-damage|p1a: Scyther|82/100
|-activate|p1a: Scyther|move: Fire Spin|[of] p2a: Altaria
|
|-damage|p1a: Scyther|70/100|[from] move: Fire Spin|[partiallytrapped]
|upkeep
|turn|2
|
|t:|1624528443
|move|p1a: Scyther|U-turn|p2a: Altaria
|-resisted|p2a: Altaria
|-damage|p2a: Altaria|64/100
|inactive|Battle timer is ON: inactive players will automatically lose when time's up. (requested by FNC_Urgot)
|
|t:|1624528466
|switch|p1a: Stunfisk|Stunfisk-Galar, F|100/100|[from]move: U-turn
|move|p2a: Altaria|Roost|p2a: Altaria
|-heal|p2a: Altaria|100/100
|-singleturn|p2a: Altaria|move: Roost
|
|upkeep
|turn|3
|
|t:|1624528494
|switch|p2a: Eldegoss|Eldegoss, M|100/100
|move|p1a: Stunfisk|Stealth Rock|p2a: Eldegoss
|-sidestart|p2: FNC_Urgot|move: Stealth Rock
|
|upkeep
|turn|4
|
|t:|1624528513
|switch|p1a: Scyther|Scyther, F|70/100
|move|p2a: Eldegoss|Leech Seed|p1a: Scyther
|-start|p1a: Scyther|move: Leech Seed
|
|-damage|p1a: Scyther|57/100|[from] Leech Seed|[of] p2a: Eldegoss
|upkeep
|turn|5
|
|t:|1624528525
|switch|p2a: Pyukumuku|Pyukumuku, F|100/100
|-damage|p2a: Pyukumuku|88/100|[from] Stealth Rock
|move|p1a: Scyther|U-turn|p2a: Pyukumuku
|-damage|p2a: Pyukumuku|67/100
|
|t:|1624528536
|switch|p1a: Morpeko|Morpeko, M|100/100|[from]move: U-turn
|
|-heal|p2a: Pyukumuku|73/100|[from] item: Leftovers
|-formechange|p1a: Morpeko|Morpeko-Hangry||[from] ability: Hunger Switch
|upkeep
|turn|6
|
|t:|1624528541
|move|p1a: Morpeko|Aura Wheel|p2a: Pyukumuku
|-damage|p2a: Pyukumuku|45/100
|-boost|p1a: Morpeko|spe|1
|move|p2a: Pyukumuku|Reflect|p2a: Pyukumuku
|-sidestart|p2: FNC_Urgot|Reflect
|
|-heal|p2a: Pyukumuku|51/100|[from] item: Leftovers
|-formechange|p1a: Morpeko|Morpeko||[from] ability: Hunger Switch
|upkeep
|turn|7
|
|t:|1624528548
|switch|p2a: Togedemaru|Togedemaru, F|100/100
|-damage|p2a: Togedemaru|95/100|[from] Stealth Rock
|move|p1a: Morpeko|Aura Wheel|p2a: Togedemaru
|-ability|p2a: Togedemaru|Lightning Rod|boost
|-boost|p2a: Togedemaru|spa|1
|
|-heal|p2a: Togedemaru|100/100|[from] item: Leftovers
|-formechange|p1a: Morpeko|Morpeko-Hangry||[from] ability: Hunger Switch
|upkeep
|turn|8
|
|t:|1624528556
|move|p1a: Morpeko|Parting Shot|p2a: Togedemaru
|-unboost|p2a: Togedemaru|atk|1
|-unboost|p2a: Togedemaru|spa|1
|
|t:|1624528558
|switch|p1a: Weezing|Weezing, F|100/100|[from]move: Parting Shot
|-ability|p1a: Weezing|Neutralizing Gas
|move|p2a: Togedemaru|Toxic|p1a: Weezing
|-immune|p1a: Weezing
|
|upkeep
|turn|9
|
|t:|1624528566
|move|p2a: Togedemaru|U-turn|p1a: Weezing
|-resisted|p1a: Weezing
|-damage|p1a: Weezing|97/100
|
|t:|1624528570
|switch|p2a: Altaria|Altaria, M|100/100|[from]move: U-turn
|-damage|p2a: Altaria|76/100|[from] Stealth Rock
|move|p1a: Weezing|Sludge Bomb|p2a: Altaria
|-damage|p2a: Altaria|50/100
|
|-heal|p1a: Weezing|100/100|[from] item: Black Sludge
|upkeep
|turn|10
|
|t:|1624528581
|-end|p1a: Weezing|ability: Neutralizing Gas
|switch|p1a: Scyther|Scyther, F|57/100
|move|p2a: Altaria|Defog|p1a: Scyther
|-unboost|p1a: Scyther|evasion|1
|-sideend|p2: FNC_Urgot|Stealth Rock|[from] move: Defog|[of] p2a: Altaria
|
|-sideend|p2: FNC_Urgot|Reflect
|upkeep
|turn|11
|
|t:|1624528595
|move|p1a: Scyther|Dual Wingbeat|p2a: Altaria
|-damage|p2a: Altaria|29/100
|-damage|p2a: Altaria|8/100
|-hitcount|p2a: Altaria|2
|move|p2a: Altaria|Roost|p2a: Altaria
|-heal|p2a: Altaria|58/100
|-singleturn|p2a: Altaria|move: Roost
|
|upkeep
|turn|12
|
|t:|1624528600
|move|p1a: Scyther|U-turn|p2a: Altaria
|-resisted|p2a: Altaria
|-damage|p2a: Altaria|46/100
|
|t:|1624528602
|switch|p1a: Stunfisk|Stunfisk-Galar, F|100/100|[from]move: U-turn
|move|p2a: Altaria|Roost|p2a: Altaria
|-heal|p2a: Altaria|96/100
|-singleturn|p2a: Altaria|move: Roost
|
|upkeep
|turn|13
|
|t:|1624528613
|switch|p2a: Eldegoss|Eldegoss, M|100/100
|move|p1a: Stunfisk|Stealth Rock|p2a: Eldegoss
|-sidestart|p2: FNC_Urgot|move: Stealth Rock
|
|upkeep
|turn|14
|
|t:|1624528620
|switch|p1a: Scyther|Scyther, F|57/100
|move|p2a: Eldegoss|Rapid Spin|p1a: Scyther
|-damage|p1a: Scyther|49/100
|-boost|p2a: Eldegoss|spe|1
|-sideend|p2: FNC_Urgot|Stealth Rock|[from] move: Rapid Spin|[of] p2a: Eldegoss
|
|upkeep
|turn|15
|
|t:|1624528627
|switch|p2a: Altaria|Altaria, M|96/100
|move|p1a: Scyther|Knock Off|p2a: Altaria
|-damage|p2a: Altaria|80/100
|
|upkeep
|turn|16
|
|t:|1624528631
|move|p1a: Scyther|Roost|p1a: Scyther
|-heal|p1a: Scyther|99/100
|-singleturn|p1a: Scyther|move: Roost
|move|p2a: Altaria|Fire Spin|p1a: Scyther
|-supereffective|p1a: Scyther
|-damage|p1a: Scyther|82/100
|-activate|p1a: Scyther|move: Fire Spin|[of] p2a: Altaria
|
|-damage|p1a: Scyther|69/100|[from] move: Fire Spin|[partiallytrapped]
|upkeep
|turn|17
|
|t:|1624528636
|move|p1a: Scyther|U-turn|p2a: Altaria
|-resisted|p2a: Altaria
|-damage|p2a: Altaria|68/100
|
|t:|1624528641
|switch|p1a: Morpeko|Morpeko, M|100/100|[from]move: U-turn
|move|p2a: Altaria|Fire Spin|p1a: Morpeko
|-damage|p1a: Morpeko|87/100
|-activate|p1a: Morpeko|move: Fire Spin|[of] p2a: Altaria
|
|-damage|p1a: Morpeko|75/100|[from] move: Fire Spin|[partiallytrapped]
|-formechange|p1a: Morpeko|Morpeko-Hangry||[from] ability: Hunger Switch
|upkeep
|turn|18
|
|t:|1624528647
|move|p1a: Morpeko|Parting Shot|p2a: Altaria
|-unboost|p2a: Altaria|atk|1
|-unboost|p2a: Altaria|spa|1
|
|t:|1624528660
|switch|p1a: Stunfisk|Stunfisk-Galar, F|100/100|[from]move: Parting Shot
|move|p2a: Altaria|Roost|p2a: Altaria
|-heal|p2a: Altaria|100/100
|-singleturn|p2a: Altaria|move: Roost
|
|upkeep
|turn|19
|
|t:|1624528672
|switch|p2a: Tangela|Tangela, M|100/100
|move|p1a: Stunfisk|Stealth Rock|p2a: Tangela
|-sidestart|p2: FNC_Urgot|move: Stealth Rock
|
|upkeep
|turn|20
|
|t:|1624528691
|switch|p1a: Weezing|Weezing, F|100/100
|-ability|p1a: Weezing|Neutralizing Gas
|move|p2a: Tangela|Sleep Powder|p1a: Weezing
|-status|p1a: Weezing|slp|[from] move: Sleep Powder
|
|upkeep
|turn|21
|l| Meujeuh
|
|t:|1624528711
|switch|p2a: Eldegoss|Eldegoss, M|100/100
|cant|p1a: Weezing|slp
|
|upkeep
|turn|22
|
|t:|1624528713
|cant|p1a: Weezing|slp
|move|p2a: Eldegoss|Rapid Spin|p1a: Weezing
|-damage|p1a: Weezing|97/100 slp
|-boost|p2a: Eldegoss|spe|1
|-sideend|p2: FNC_Urgot|Stealth Rock|[from] move: Rapid Spin|[of] p2a: Eldegoss
|
|-heal|p1a: Weezing|100/100 slp|[from] item: Black Sludge
|upkeep
|turn|23
|
|t:|1624528719
|move|p2a: Eldegoss|Leech Seed|p1a: Weezing
|-start|p1a: Weezing|move: Leech Seed
|-curestatus|p1a: Weezing|slp|[msg]
|move|p1a: Weezing|Sludge Bomb|p2a: Eldegoss
|-supereffective|p2a: Eldegoss
|-damage|p2a: Eldegoss|65/100
|
|-damage|p1a: Weezing|88/100|[from] Leech Seed|[of] p2a: Eldegoss
|-heal|p2a: Eldegoss|77/100|[silent]
|upkeep
|turn|24
|
|t:|1624528727
|switch|p2a: Togedemaru|Togedemaru, F|100/100
|move|p1a: Weezing|Toxic Spikes|p2a: Togedemaru
|-sidestart|p2: FNC_Urgot|move: Toxic Spikes
|
|-heal|p1a: Weezing|94/100|[from] item: Black Sludge
|-damage|p1a: Weezing|82/100|[from] Leech Seed|[of] p2a: Togedemaru
|upkeep
|turn|25
|
|t:|1624528748
|-end|p1a: Weezing|ability: Neutralizing Gas
|switch|p1a: Stunfisk|Stunfisk-Galar, F|100/100
|move|p2a: Togedemaru|Wish|p2a: Togedemaru
|
|upkeep
|turn|26
|
|t:|1624528759
|move|p2a: Togedemaru|U-turn|p1a: Stunfisk
|-resisted|p1a: Stunfisk
|-damage|p1a: Stunfisk|94/100
|
|t:|1624528762
|switch|p2a: Eldegoss|Eldegoss, M|77/100|[from]move: U-turn
|move|p1a: Stunfisk|Yawn|p2a: Eldegoss
|-start|p2a: Eldegoss|move: Yawn|[of] p1a: Stunfisk
|
|-heal|p2a: Eldegoss|100/100|[from] move: Wish|[wisher] Togedemaru
|-heal|p1a: Stunfisk|99/100|[from] item: Leftovers
|upkeep
|turn|27
|
|t:|1624528768
|switch|p2a: Altaria|Altaria, M|100/100
|move|p1a: Stunfisk|Stealth Rock|p2a: Altaria
|-sidestart|p2: FNC_Urgot|move: Stealth Rock
|
|-heal|p1a: Stunfisk|100/100|[from] item: Leftovers
|upkeep
|turn|28
|
|t:|1624528793
|switch|p1a: Scyther|Scyther, F|69/100
|move|p2a: Altaria|Defog|p1a: Scyther
|-unboost|p1a: Scyther|evasion|1
|-sideend|p2: FNC_Urgot|Toxic Spikes|[from] move: Defog|[of] p2a: Altaria
|-sideend|p2: FNC_Urgot|Stealth Rock|[from] move: Defog|[of] p2a: Altaria
|
|upkeep
|turn|29
|
|t:|1624528808
|switch|p2a: Miltank|Miltank, F|100/100
|move|p1a: Scyther|Knock Off|p2a: Miltank
|-damage|p2a: Miltank|77/100
|-enditem|p2a: Miltank|Leftovers|[from] move: Knock Off|[of] p1a: Scyther
|
|upkeep
|turn|30
|
|t:|1624528812
|move|p1a: Scyther|U-turn|p2a: Miltank
|-damage|p2a: Miltank|50/100
|
|t:|1624528815
|switch|p1a: Lunatone|Lunatone|100/100|[from]move: U-turn
|move|p2a: Miltank|Stealth Rock|p1a: Lunatone
|-sidestart|p1: one of the bouys|move: Stealth Rock
|
|upkeep
|turn|31
|
|t:|1624528823
|switch|p2a: Eldegoss|Eldegoss, M|100/100
|move|p1a: Lunatone|Future Sight|p2a: Eldegoss
|-start|p1a: Lunatone|move: Future Sight
|
|upkeep
|turn|32
|
|t:|1624528834
|switch|p1a: Scyther|Scyther, F|69/100
|switch|p2a: Togedemaru|Togedemaru, F|100/100
|
|upkeep
|turn|33
|
|t:|1624528841
|switch|p1a: Stunfisk|Stunfisk-Galar, F|100/100
|-damage|p1a: Stunfisk|97/100|[from] Stealth Rock
|move|p2a: Togedemaru|Spiky Shield||[still]
|-fail|p2a: Togedemaru
|
|-end|p2a: Togedemaru|move: Future Sight
|-resisted|p2a: Togedemaru
|-damage|p2a: Togedemaru|78/100
|-heal|p2a: Togedemaru|84/100|[from] item: Leftovers
|-heal|p1a: Stunfisk|100/100|[from] item: Leftovers
|upkeep
|turn|34
|
|t:|1624528847
|move|p2a: Togedemaru|U-turn|p1a: Stunfisk
|-resisted|p1a: Stunfisk
|-damage|p1a: Stunfisk|94/100
|
|t:|1624528850
|switch|p2a: Tangela|Tangela, M|100/100|[from]move: U-turn
|move|p1a: Stunfisk|Stealth Rock|p2a: Tangela
|-sidestart|p2: FNC_Urgot|move: Stealth Rock
|
|-heal|p1a: Stunfisk|99/100|[from] item: Leftovers
|upkeep
|turn|35
|
|t:|1624528855
|switch|p1a: Weezing|Weezing, F|82/100
|-ability|p1a: Weezing|Neutralizing Gas
|-damage|p1a: Weezing|70/100|[from] Stealth Rock
|move|p2a: Tangela|Knock Off|p1a: Weezing
|-damage|p1a: Weezing|61/100
|-enditem|p1a: Weezing|Black Sludge|[from] move: Knock Off|[of] p2a: Tangela
|
|upkeep
|turn|36
|
|t:|1624528865
|switch|p2a: Togedemaru|Togedemaru, F|84/100
|-damage|p2a: Togedemaru|78/100|[from] Stealth Rock
|move|p1a: Weezing|Sludge Bomb|p2a: Togedemaru
|-immune|p2a: Togedemaru
|
|-heal|p2a: Togedemaru|84/100|[from] item: Leftovers
|upkeep
|turn|37
|
|t:|1624528874
|move|p2a: Togedemaru|Wish|p2a: Togedemaru
|move|p1a: Weezing|Sludge Bomb|p2a: Togedemaru
|-immune|p2a: Togedemaru
|
|-heal|p2a: Togedemaru|90/100|[from] item: Leftovers
|upkeep
|turn|38
|
|t:|1624528878
|move|p2a: Togedemaru|U-turn|p1a: Weezing
|-resisted|p1a: Weezing
|-damage|p1a: Weezing|56/100
|
|t:|1624528881
|switch|p2a: Eldegoss|Eldegoss, M|100/100|[from]move: U-turn
|move|p1a: Weezing|Sludge Bomb|p2a: Eldegoss
|-supereffective|p2a: Eldegoss
|-damage|p2a: Eldegoss|65/100
|-status|p2a: Eldegoss|psn
|
|-heal|p2a: Eldegoss|100/100 psn|[from] move: Wish|[wisher] Togedemaru
|-damage|p2a: Eldegoss|88/100 psn|[from] psn
|upkeep
|turn|39
|
|t:|1624528886
|move|p2a: Eldegoss|Rapid Spin|p1a: Weezing
|-damage|p1a: Weezing|52/100
|-boost|p2a: Eldegoss|spe|1
|-sideend|p2: FNC_Urgot|Stealth Rock|[from] move: Rapid Spin|[of] p2a: Eldegoss
|move|p1a: Weezing|Sludge Bomb|p2a: Eldegoss
|-supereffective|p2a: Eldegoss
|-damage|p2a: Eldegoss|49/100 psn
|
|-damage|p2a: Eldegoss|36/100 psn|[from] psn
|upkeep
|turn|40
|
|t:|1624528893
|switch|p2a: Altaria|Altaria, M|100/100
|move|p1a: Weezing|Toxic Spikes|p2a: Altaria
|-sidestart|p2: FNC_Urgot|move: Toxic Spikes
|
|upkeep
|turn|41
|
|t:|1624528901
|-end|p1a: Weezing|ability: Neutralizing Gas
|switch|p1a: Lunatone|Lunatone|100/100
|-damage|p1a: Lunatone|88/100|[from] Stealth Rock
|move|p2a: Altaria|Defog|p1a: Lunatone
|-unboost|p1a: Lunatone|evasion|1
|-sideend|p1: one of the bouys|Stealth Rock|[from] move: Defog|[of] p2a: Altaria
|-sideend|p2: FNC_Urgot|Toxic Spikes|[from] move: Defog|[of] p2a: Altaria
|
|-heal|p1a: Lunatone|94/100|[from] item: Leftovers
|upkeep
|turn|42
|
|t:|1624528910
|switch|p2a: Miltank|Miltank, F|50/100
|move|p1a: Lunatone|Future Sight|p2a: Miltank
|-start|p1a: Lunatone|move: Future Sight
|
|-heal|p1a: Lunatone|100/100|[from] item: Leftovers
|upkeep
|turn|43
|
|t:|1624528914
|move|p2a: Miltank|Milk Drink|p2a: Miltank
|-heal|p2a: Miltank|100/100
|move|p1a: Lunatone|Power Gem|p2a: Miltank
|-damage|p2a: Miltank|74/100
|
|upkeep
|turn|44
|
|t:|1624528919
|move|p2a: Miltank|Milk Drink|p2a: Miltank
|-heal|p2a: Miltank|100/100
|move|p1a: Lunatone|Power Gem|p2a: Miltank
|-damage|p2a: Miltank|71/100
|
|-end|p2a: Miltank|move: Future Sight
|-damage|p2a: Miltank|27/100
|upkeep
|turn|45
|
|t:|1624528922
|move|p2a: Miltank|Milk Drink|p2a: Miltank
|-heal|p2a: Miltank|77/100
|move|p1a: Lunatone|Future Sight|p2a: Miltank
|-start|p1a: Lunatone|move: Future Sight
|
|upkeep
|turn|46
|
|t:|1624528929
|switch|p1a: Poliwrath|Poliwrath, M|100/100
|move|p2a: Miltank|Stealth Rock|p1a: Poliwrath
|-sidestart|p1: one of the bouys|move: Stealth Rock
|
|upkeep
|turn|47
|
|t:|1624528936
|switch|p2a: Altaria|Altaria, M|100/100
|move|p1a: Poliwrath|Circle Throw|p2a: Altaria
|-resisted|p2a: Altaria
|-damage|p2a: Altaria|92/100
|drag|p2a: Pyukumuku|Pyukumuku, F|51/100
|
|-end|p2a: Pyukumuku|move: Future Sight
|-damage|p2a: Pyukumuku|2/100
|-heal|p2a: Pyukumuku|8/100|[from] item: Leftovers
|upkeep
|turn|48
|
|t:|1624528944
|switch|p2a: Tangela|Tangela, M|100/100
|move|p1a: Poliwrath|Scald|p2a: Tangela
|-resisted|p2a: Tangela
|-damage|p2a: Tangela|86/100
|
|upkeep
|turn|49
|
|t:|1624528952
|move|p2a: Tangela|Sleep Powder|p1a: Poliwrath
|-status|p1a: Poliwrath|slp|[from] move: Sleep Powder
|cant|p1a: Poliwrath|slp
|
|upkeep
|turn|50
|
|t:|1624528962
|cant|p1a: Poliwrath|slp
|move|p1a: Poliwrath|Sleep Talk|p1a: Poliwrath
|move|p1a: Poliwrath|Circle Throw|p2a: Tangela|[from]move: Sleep Talk
|-damage|p2a: Tangela|77/100
|drag|p2a: Pyukumuku|Pyukumuku, F|8/100
|
|-heal|p2a: Pyukumuku|15/100|[from] item: Leftovers
|upkeep
|turn|51
|
|t:|1624528969
|cant|p1a: Poliwrath|slp
|move|p2a: Pyukumuku|Recover|p2a: Pyukumuku
|-heal|p2a: Pyukumuku|65/100
|
|-heal|p2a: Pyukumuku|71/100|[from] item: Leftovers
|upkeep
|turn|52
|
|t:|1624528983
|-curestatus|p1a: Poliwrath|slp|[msg]
|move|p1a: Poliwrath|Scald|p2a: Pyukumuku
|-resisted|p2a: Pyukumuku
|-damage|p2a: Pyukumuku|62/100
|move|p2a: Pyukumuku|Reflect|p2a: Pyukumuku
|-sidestart|p2: FNC_Urgot|Reflect
|
|-heal|p2a: Pyukumuku|68/100|[from] item: Leftovers
|upkeep
|turn|53
|
|t:|1624529002
|switch|p1a: Morpeko|Morpeko, M|75/100
|move|p2a: Pyukumuku|Recover|p2a: Pyukumuku
|-heal|p2a: Pyukumuku|100/100
|
|-formechange|p1a: Morpeko|Morpeko-Hangry||[from] ability: Hunger Switch
|upkeep
|turn|54
|
|t:|1624529010
|switch|p2a: Tangela|Tangela, M|100/100
|move|p1a: Morpeko|Rapid Spin|p2a: Tangela
|-damage|p2a: Tangela|97/100
|-boost|p1a: Morpeko|spe|1
|-sideend|p1: one of the bouys|Stealth Rock|[from] move: Rapid Spin|[of] p1a: Morpeko
|
|-formechange|p1a: Morpeko|Morpeko||[from] ability: Hunger Switch
|upkeep
|turn|55
|
|t:|1624529019
|move|p1a: Morpeko|Parting Shot|p2a: Tangela
|-unboost|p2a: Tangela|atk|1
|-unboost|p2a: Tangela|spa|1
|
|t:|1624529021
|switch|p1a: Poliwrath|Poliwrath, M|100/100|[from]move: Parting Shot
|move|p2a: Tangela|Infestation|p1a: Poliwrath
|-resisted|p1a: Poliwrath
|-damage|p1a: Poliwrath|99/100
|-activate|p1a: Poliwrath|move: Infestation|[of] p2a: Tangela
|
|-heal|p1a: Poliwrath|100/100|[from] item: Leftovers
|-damage|p1a: Poliwrath|88/100|[from] move: Infestation|[partiallytrapped]
|upkeep
|turn|56
|
|t:|1624529027
|move|p2a: Tangela|Knock Off|p1a: Poliwrath
|-resisted|p1a: Poliwrath
|-damage|p1a: Poliwrath|85/100
|-enditem|p1a: Poliwrath|Leftovers|[from] move: Knock Off|[of] p2a: Tangela
|move|p1a: Poliwrath|Circle Throw|p2a: Tangela
|-damage|p2a: Tangela|93/100
|drag|p2a: Miltank|Miltank, F|77/100
|
|-end|p1a: Poliwrath|Infestation|[partiallytrapped]|[silent]
|-sideend|p2: FNC_Urgot|Reflect
|upkeep
|turn|57
|
|t:|1624529033
|switch|p2a: Tangela|Tangela, M|100/100
|switch|p1a: Lunatone|Lunatone|100/100
|
|upkeep
|turn|58
|
|t:|1624529039
|move|p1a: Lunatone|Future Sight|p2a: Tangela
|-start|p1a: Lunatone|move: Future Sight
|move|p2a: Tangela|Knock Off|p1a: Lunatone
|-supereffective|p1a: Lunatone
|-damage|p1a: Lunatone|68/100
|-enditem|p1a: Lunatone|Leftovers|[from] move: Knock Off|[of] p2a: Tangela
|
|upkeep
|turn|59
|
|t:|1624529046
|move|p1a: Lunatone|Earth Power|p2a: Tangela
|-resisted|p2a: Tangela
|-damage|p2a: Tangela|80/100
|move|p2a: Tangela|Leech Seed|p1a: Lunatone
|-start|p1a: Lunatone|move: Leech Seed
|
|-damage|p1a: Lunatone|56/100|[from] Leech Seed|[of] p2a: Tangela
|-heal|p2a: Tangela|94/100|[silent]
|upkeep
|turn|60
|
|t:|1624529052
|switch|p2a: Pyukumuku|Pyukumuku, F|100/100
|move|p1a: Lunatone|Power Gem|p2a: Pyukumuku
|-damage|p2a: Pyukumuku|68/100
|
|-end|p2a: Pyukumuku|move: Future Sight
|-damage|p2a: Pyukumuku|19/100
|-heal|p2a: Pyukumuku|25/100|[from] item: Leftovers
|-damage|p1a: Lunatone|43/100|[from] Leech Seed|[of] p2a: Pyukumuku
|-heal|p2a: Pyukumuku|41/100|[silent]
|upkeep
|turn|61
|
|t:|1624529056
|move|p1a: Lunatone|Moonlight|p1a: Lunatone
|-heal|p1a: Lunatone|93/100
|move|p2a: Pyukumuku|Recover|p2a: Pyukumuku
|-heal|p2a: Pyukumuku|91/100
|
|-heal|p2a: Pyukumuku|97/100|[from] item: Leftovers
|-damage|p1a: Lunatone|81/100|[from] Leech Seed|[of] p2a: Pyukumuku
|-heal|p2a: Pyukumuku|100/100|[silent]
|upkeep
|turn|62
|
|t:|1624529068
|switch|p1a: Scyther|Scyther, F|69/100
|switch|p2a: Miltank|Miltank, F|77/100
|
|upkeep
|turn|63
|
|t:|1624529075
|move|p1a: Scyther|U-turn|p2a: Miltank
|-damage|p2a: Miltank|50/100
|
|t:|1624529077
|switch|p1a: Lunatone|Lunatone|81/100|[from]move: U-turn
|move|p2a: Miltank|Body Slam|p1a: Lunatone
|-resisted|p1a: Lunatone
|-damage|p1a: Lunatone|66/100
|
|upkeep
|turn|64
|
|t:|1624529086
|move|p2a: Miltank|Heal Bell|p2a: Miltank
|-activate|p2a: Miltank|move: Heal Bell
|-curestatus|p2: Eldegoss|psn|[msg]
|move|p1a: Lunatone|Future Sight|p2a: Miltank
|-start|p1a: Lunatone|move: Future Sight
|
|upkeep
|turn|65
|
|t:|1624529116
|switch|p1a: Poliwrath|Poliwrath, M|85/100
|move|p2a: Miltank|Milk Drink|p2a: Miltank
|-heal|p2a: Miltank|99/100
|
|upkeep
|turn|66
|
|t:|1624529131
|move|p2a: Miltank|Body Slam|p1a: Poliwrath
|-damage|p1a: Poliwrath|67/100
|move|p1a: Poliwrath|Scald|p2a: Miltank
|-damage|p2a: Miltank|83/100
|
|-end|p2a: Miltank|move: Future Sight
|-damage|p2a: Miltank|39/100
|upkeep
|turn|67
|
|t:|1624529137
|switch|p1a: Lunatone|Lunatone|66/100
|move|p2a: Miltank|Milk Drink|p2a: Miltank
|-heal|p2a: Miltank|89/100
|
|upkeep
|turn|68
|
|t:|1624529148
|switch|p2a: Pyukumuku|Pyukumuku, F|100/100
|move|p1a: Lunatone|Future Sight|p2a: Pyukumuku
|-start|p1a: Lunatone|move: Future Sight
|
|upkeep
|turn|69
|
|t:|1624529167
|switch|p1a: Poliwrath|Poliwrath, M|67/100
|move|p2a: Pyukumuku|Block|p1a: Poliwrath
|-activate|p1a: Poliwrath|trapped
|
|upkeep
|turn|70
|
|t:|1624529173
|move|p2a: Pyukumuku|Reflect|p2a: Pyukumuku
|-sidestart|p2: FNC_Urgot|Reflect
|move|p1a: Poliwrath|Circle Throw|p2a: Pyukumuku
|-damage|p2a: Pyukumuku|94/100
|drag|p2a: Togedemaru|Togedemaru, F|90/100
|
|-end|p2a: Togedemaru|move: Future Sight
|-resisted|p2a: Togedemaru
|-damage|p2a: Togedemaru|66/100
|-heal|p2a: Togedemaru|72/100|[from] item: Leftovers
|upkeep
|turn|71
|
|t:|1624529181
|move|p2a: Togedemaru|Toxic|p1a: Poliwrath
|-status|p1a: Poliwrath|tox
|move|p1a: Poliwrath|Scald|p2a: Togedemaru
|-damage|p2a: Togedemaru|54/100
|
|-heal|p2a: Togedemaru|60/100|[from] item: Leftovers
|-damage|p1a: Poliwrath|61/100 tox|[from] psn
|upkeep
|turn|72
|
|t:|1624529188
|move|p2a: Togedemaru|Spiky Shield|p2a: Togedemaru
|-singleturn|p2a: Togedemaru|move: Protect
|move|p1a: Poliwrath|Rest|p1a: Poliwrath
|-status|p1a: Poliwrath|slp|[from] move: Rest
|-heal|p1a: Poliwrath|100/100 slp|[silent]
|
|-heal|p2a: Togedemaru|66/100|[from] item: Leftovers
|upkeep
|turn|73
|
|t:|1624529194
|move|p2a: Togedemaru|Wish|p2a: Togedemaru
|cant|p1a: Poliwrath|slp
|move|p1a: Poliwrath|Sleep Talk|p1a: Poliwrath
|move|p1a: Poliwrath|Circle Throw|p2a: Togedemaru|[from]move: Sleep Talk
|-supereffective|p2a: Togedemaru
|-damage|p2a: Togedemaru|37/100
|drag|p2a: Eldegoss|Eldegoss, M|36/100
|
|upkeep
|turn|74
|
|t:|1624529206
|switch|p1a: Weezing|Weezing, F|52/100
|-ability|p1a: Weezing|Neutralizing Gas
|move|p2a: Eldegoss|Synthesis|p2a: Eldegoss
|-heal|p2a: Eldegoss|86/100
|
|-heal|p2a: Eldegoss|100/100|[from] move: Wish|[wisher] Togedemaru
|-sideend|p2: FNC_Urgot|Reflect
|upkeep
|turn|75
|
|t:|1624529215
|move|p2a: Eldegoss|Leech Seed|p1a: Weezing
|-start|p1a: Weezing|move: Leech Seed
|move|p1a: Weezing|Sludge Bomb|p2a: Eldegoss
|-supereffective|p2a: Eldegoss
|-damage|p2a: Eldegoss|67/100
|-status|p2a: Eldegoss|psn
|
|-damage|p1a: Weezing|40/100|[from] Leech Seed|[of] p2a: Eldegoss
|-heal|p2a: Eldegoss|80/100 psn|[silent]
|-damage|p2a: Eldegoss|67/100 psn|[from] psn
|upkeep
|turn|76
|
|t:|1624529220
|switch|p2a: Togedemaru|Togedemaru, F|37/100
|move|p1a: Weezing|Pain Split|p2a: Togedemaru
|-sethp|p2a: Togedemaru|39/100|[from] move: Pain Split|[silent]
|-sethp|p1a: Weezing|39/100|[from] move: Pain Split
|
|-heal|p2a: Togedemaru|45/100|[from] item: Leftovers
|-damage|p1a: Weezing|26/100|[from] Leech Seed|[of] p2a: Togedemaru
|-heal|p2a: Togedemaru|57/100|[silent]
|upkeep
|turn|77
|
|t:|1624529235
|-end|p1a: Weezing|ability: Neutralizing Gas
|switch|p1a: Stunfisk|Stunfisk-Galar, F|99/100
|move|p2a: Togedemaru|Spiky Shield||[still]
|-fail|p2a: Togedemaru
|
|-heal|p2a: Togedemaru|63/100|[from] item: Leftovers
|-heal|p1a: Stunfisk|100/100|[from] item: Leftovers
|upkeep
|turn|78
|
|t:|1624529240
|move|p2a: Togedemaru|U-turn|p1a: Stunfisk
|-resisted|p1a: Stunfisk
|-damage|p1a: Stunfisk|94/100
|
|t:|1624529242
|switch|p2a: Tangela|Tangela, M|100/100|[from]move: U-turn
|move|p1a: Stunfisk|Stealth Rock|p2a: Tangela
|-sidestart|p2: FNC_Urgot|move: Stealth Rock
|
|-heal|p1a: Stunfisk|99/100|[from] item: Leftovers
|upkeep
|turn|79
|
|t:|1624529249
|switch|p1a: Poliwrath|Poliwrath, M|100/100 slp
|move|p2a: Tangela|Infestation|p1a: Poliwrath
|-resisted|p1a: Poliwrath
|-damage|p1a: Poliwrath|98/100 slp
|-activate|p1a: Poliwrath|move: Infestation|[of] p2a: Tangela
|
|-damage|p1a: Poliwrath|86/100 slp|[from] move: Infestation|[partiallytrapped]
|upkeep
|turn|80
|
|t:|1624529254
|cant|p1a: Poliwrath|slp
|move|p1a: Poliwrath|Sleep Talk|p1a: Poliwrath
|move|p1a: Poliwrath|Rest||[from]move: Sleep Talk|[still]
|-fail|p1a: Poliwrath
|move|p2a: Tangela|Leech Seed|p1a: Poliwrath
|-start|p1a: Poliwrath|move: Leech Seed
|
|-damage|p1a: Poliwrath|73/100 slp|[from] Leech Seed|[of] p2a: Tangela
|-damage|p1a: Poliwrath|61/100 slp|[from] move: Infestation|[partiallytrapped]
|upkeep
|turn|81
|
|t:|1624529263
|move|p2a: Tangela|Sleep Powder|p1a: Poliwrath
|-fail|p1a: Poliwrath|slp
|-curestatus|p1a: Poliwrath|slp|[msg]
|move|p1a: Poliwrath|Circle Throw|p2a: Tangela
|-damage|p2a: Tangela|92/100
|drag|p2a: Togedemaru|Togedemaru, F|63/100
|-damage|p2a: Togedemaru|57/100|[from] Stealth Rock
|
|-heal|p2a: Togedemaru|63/100|[from] item: Leftovers
|-damage|p1a: Poliwrath|48/100|[from] Leech Seed|[of] p2a: Togedemaru
|-heal|p2a: Togedemaru|77/100|[silent]
|-end|p1a: Poliwrath|Infestation|[partiallytrapped]|[silent]
|upkeep
|turn|82
|
|t:|1624529277
|switch|p1a: Weezing|Weezing, F|26/100
|-ability|p1a: Weezing|Neutralizing Gas
|move|p2a: Togedemaru|U-turn|p1a: Weezing
|-resisted|p1a: Weezing
|-damage|p1a: Weezing|21/100
|
|t:|1624529283
|switch|p2a: Altaria|Altaria, M|92/100|[from]move: U-turn
|-damage|p2a: Altaria|67/100|[from] Stealth Rock
|
|upkeep
|turn|83
|
|t:|1624529295
|-end|p1a: Weezing|ability: Neutralizing Gas
|switch|p1a: Stunfisk|Stunfisk-Galar, F|99/100
|move|p2a: Altaria|Fire Spin|p1a: Stunfisk
|-supereffective|p1a: Stunfisk
|-damage|p1a: Stunfisk|92/100
|-activate|p1a: Stunfisk|move: Fire Spin|[of] p2a: Altaria
|
|-heal|p1a: Stunfisk|98/100|[from] item: Leftovers
|-damage|p1a: Stunfisk|86/100|[from] move: Fire Spin|[partiallytrapped]
|upkeep
|turn|84
|
|t:|1624529302
|move|p2a: Altaria|Defog|p1a: Stunfisk
|-unboost|p1a: Stunfisk|evasion|1
|-sideend|p2: FNC_Urgot|Stealth Rock|[from] move: Defog|[of] p2a: Altaria
|move|p1a: Stunfisk|Snap Trap|p2a: Altaria
|-resisted|p2a: Altaria
|-damage|p2a: Altaria|66/100
|-activate|p2a: Altaria|move: Snap Trap|[of] p1a: Stunfisk
|
|-heal|p1a: Stunfisk|92/100|[from] item: Leftovers
|-damage|p2a: Altaria|54/100|[from] move: Snap Trap|[partiallytrapped]
|-damage|p1a: Stunfisk|80/100|[from] move: Fire Spin|[partiallytrapped]
|upkeep
|turn|85
|
|t:|1624529310
|move|p2a: Altaria|Roost|p2a: Altaria
|-heal|p2a: Altaria|100/100
|-singleturn|p2a: Altaria|move: Roost
|move|p1a: Stunfisk|Stealth Rock|p2a: Altaria
|-sidestart|p2: FNC_Urgot|move: Stealth Rock
|
|-heal|p1a: Stunfisk|86/100|[from] item: Leftovers
|-damage|p2a: Altaria|88/100|[from] move: Snap Trap|[partiallytrapped]
|-damage|p1a: Stunfisk|74/100|[from] move: Fire Spin|[partiallytrapped]
|upkeep
|turn|86
|
|t:|1624529315
|move|p2a: Altaria|Fire Spin|p1a: Stunfisk
|-supereffective|p1a: Stunfisk
|-damage|p1a: Stunfisk|65/100
|move|p1a: Stunfisk|Yawn|p2a: Altaria
|-start|p2a: Altaria|move: Yawn|[of] p1a: Stunfisk
|
|-heal|p1a: Stunfisk|71/100|[from] item: Leftovers
|-damage|p2a: Altaria|76/100|[from] move: Snap Trap|[partiallytrapped]
|-damage|p1a: Stunfisk|59/100|[from] move: Fire Spin|[partiallytrapped]
|upkeep
|turn|87
|
|t:|1624529320
|move|p2a: Altaria|Defog|p1a: Stunfisk
|-unboost|p1a: Stunfisk|evasion|1
|-sideend|p2: FNC_Urgot|Stealth Rock|[from] move: Defog|[of] p2a: Altaria
|move|p1a: Stunfisk|Stealth Rock|p2a: Altaria
|-sidestart|p2: FNC_Urgot|move: Stealth Rock
|
|-heal|p1a: Stunfisk|65/100|[from] item: Leftovers
|-damage|p2a: Altaria|63/100|[from] move: Snap Trap|[partiallytrapped]
|-damage|p1a: Stunfisk|53/100|[from] move: Fire Spin|[partiallytrapped]
|-end|p2a: Altaria|move: Yawn|[silent]
|-status|p2a: Altaria|slp
|upkeep
|turn|88
|
|t:|1624529325
|cant|p2a: Altaria|slp
|move|p1a: Stunfisk|Snap Trap|p2a: Altaria
|-resisted|p2a: Altaria
|-damage|p2a: Altaria|62/100 slp
|
|-heal|p1a: Stunfisk|59/100|[from] item: Leftovers
|-end|p2a: Altaria|Snap Trap|[partiallytrapped]
|-end|p1a: Stunfisk|Fire Spin|[partiallytrapped]
|upkeep
|turn|89
|
|t:|1624529332
|switch|p1a: Lunatone|Lunatone|66/100
|cant|p2a: Altaria|slp
|
|upkeep
|turn|90
|
|t:|1624529343
|switch|p2a: Pyukumuku|Pyukumuku, F|94/100
|-damage|p2a: Pyukumuku|82/100|[from] Stealth Rock
|move|p1a: Lunatone|Power Gem|p2a: Pyukumuku
|-damage|p2a: Pyukumuku|51/100
|
|-heal|p2a: Pyukumuku|57/100|[from] item: Leftovers
|upkeep
|turn|91
|
|t:|1624529350
|switch|p1a: Scyther|Scyther, F|69/100
|move|p2a: Pyukumuku|Recover|p2a: Pyukumuku
|-heal|p2a: Pyukumuku|100/100
|
|upkeep
|turn|92
|
|t:|1624529359
|switch|p2a: Miltank|Miltank, F|89/100
|-damage|p2a: Miltank|77/100|[from] Stealth Rock
|move|p1a: Scyther|U-turn|p2a: Miltank
|-crit|p2a: Miltank
|-damage|p2a: Miltank|36/100
|
|t:|1624529370
|switch|p1a: Lunatone|Lunatone|66/100|[from]move: U-turn
|
|upkeep
|turn|93
|
|t:|1624529379
|move|p2a: Miltank|Milk Drink|p2a: Miltank
|-heal|p2a: Miltank|86/100
|move|p1a: Lunatone|Future Sight|p2a: Miltank
|-start|p1a: Lunatone|move: Future Sight
|
|upkeep
|turn|94
|
|t:|1624529402
|move|p2a: Miltank|Stealth Rock|p1a: Lunatone
|-sidestart|p1: one of the bouys|move: Stealth Rock
|move|p1a: Lunatone|Power Gem|p2a: Miltank
|-damage|p2a: Miltank|58/100
|
|upkeep
|turn|95
|
|t:|1624529408
|move|p2a: Miltank|Milk Drink|p2a: Miltank
|-heal|p2a: Miltank|100/100
|move|p1a: Lunatone|Power Gem|p2a: Miltank
|-damage|p2a: Miltank|74/100
|
|-end|p2a: Miltank|move: Future Sight
|-damage|p2a: Miltank|30/100
|upkeep
|turn|96
|
|t:|1624529414
|move|p2a: Miltank|Milk Drink|p2a: Miltank
|-heal|p2a: Miltank|80/100
|move|p1a: Lunatone|Future Sight|p2a: Miltank
|-start|p1a: Lunatone|move: Future Sight
|
|upkeep
|turn|97
|
|t:|1624529418
|move|p2a: Miltank|Heal Bell|p2a: Miltank
|-activate|p2a: Miltank|move: Heal Bell
|-curestatus|p2: Eldegoss|psn|[msg]
|move|p1a: Lunatone|Power Gem|p2a: Miltank
|-damage|p2a: Miltank|50/100
|
|upkeep
|turn|98
|
|t:|1624529423
|move|p2a: Miltank|Milk Drink|p2a: Miltank
|-heal|p2a: Miltank|99/100
|move|p1a: Lunatone|Power Gem|p2a: Miltank
|-crit|p2a: Miltank
|-damage|p2a: Miltank|57/100
|
|-end|p2a: Miltank|move: Future Sight
|-damage|p2a: Miltank|11/100
|upkeep
|turn|99
|
|t:|1624529434
|move|p2a: Miltank|Milk Drink|p2a: Miltank
|-heal|p2a: Miltank|61/100
|move|p1a: Lunatone|Future Sight|p2a: Miltank
|-start|p1a: Lunatone|move: Future Sight
|
|upkeep
|turn|100
|
|t:|1624529440
|switch|p2a: Eldegoss|Eldegoss, M|67/100
|move|p1a: Lunatone|Earth Power|p2a: Eldegoss
|-resisted|p2a: Eldegoss
|-damage|p2a: Eldegoss|59/100
|-unboost|p2a: Eldegoss|spd|1
|
|upkeep
|turn|101
|
|t:|1624529446
|switch|p2a: Pyukumuku|Pyukumuku, F|100/100
|-damage|p2a: Pyukumuku|88/100|[from] Stealth Rock
|move|p1a: Lunatone|Power Gem|p2a: Pyukumuku
|-damage|p2a: Pyukumuku|57/100
|
|-end|p2a: Pyukumuku|move: Future Sight
|-damage|p2a: Pyukumuku|7/100
|-heal|p2a: Pyukumuku|13/100|[from] item: Leftovers
|upkeep
|turn|102
|
|t:|1624529460
|switch|p2a: Eldegoss|Eldegoss, M|92/100
|move|p1a: Lunatone|Power Gem|p2a: Eldegoss
|-damage|p2a: Eldegoss|67/100
|
|upkeep
|turn|103
|
|t:|1624529466
|move|p1a: Lunatone|Future Sight|p2a: Eldegoss
|-start|p1a: Lunatone|move: Future Sight
|move|p2a: Eldegoss|Rapid Spin|p1a: Lunatone
|-resisted|p1a: Lunatone
|-damage|p1a: Lunatone|62/100
|-boost|p2a: Eldegoss|spe|1
|-sideend|p2: FNC_Urgot|Stealth Rock|[from] move: Rapid Spin|[of] p2a: Eldegoss
|
|upkeep
|turn|104
|
|t:|1624529479
|switch|p1a: Scyther|Scyther, F|69/100
|move|p2a: Eldegoss|Leech Seed|p1a: Scyther
|-start|p1a: Scyther|move: Leech Seed
|
|-damage|p1a: Scyther|57/100|[from] Leech Seed|[of] p2a: Eldegoss
|-heal|p2a: Eldegoss|78/100|[silent]
|upkeep
|turn|105
|
|t:|1624529495
|switch|p2a: Togedemaru|Togedemaru, F|77/100
|move|p1a: Scyther|U-turn|p2a: Togedemaru
|-resisted|p2a: Togedemaru
|-damage|p2a: Togedemaru|53/100
|
|t:|1624529500
|switch|p1a: Stunfisk|Stunfisk-Galar, F|59/100|[from]move: U-turn
|-damage|p1a: Stunfisk|56/100|[from] Stealth Rock
|
|-end|p2a: Togedemaru|move: Future Sight
|-resisted|p2a: Togedemaru
|-damage|p2a: Togedemaru|27/100
|-heal|p2a: Togedemaru|33/100|[from] item: Leftovers
|-heal|p1a: Stunfisk|62/100|[from] item: Leftovers
|upkeep
|turn|106
|
|t:|1624529507
|move|p2a: Togedemaru|Wish|p2a: Togedemaru
|move|p1a: Stunfisk|Earthquake|p2a: Togedemaru
|-supereffective|p2a: Togedemaru
|-damage|p2a: Togedemaru|0 fnt
|faint|p2a: Togedemaru
|
|-heal|p1a: Stunfisk|68/100|[from] item: Leftovers
|upkeep
|
|t:|1624529514
|switch|p2a: Tangela|Tangela, M|100/100
|turn|107
|
|t:|1624529527
|switch|p1a: Poliwrath|Poliwrath, M|48/100
|-damage|p1a: Poliwrath|42/100|[from] Stealth Rock
|move|p2a: Tangela|Sleep Powder|p1a: Poliwrath
|-status|p1a: Poliwrath|slp|[from] move: Sleep Powder
|
|upkeep
|turn|108
|
|t:|1624529548
|switch|p1a: Morpeko|Morpeko, M|75/100
|move|p2a: Tangela|Infestation|p1a: Morpeko
|-supereffective|p1a: Morpeko
|-damage|p1a: Morpeko|55/100
|-activate|p1a: Morpeko|move: Infestation|[of] p2a: Tangela
|
|-damage|p1a: Morpeko|43/100|[from] move: Infestation|[partiallytrapped]
|-formechange|p1a: Morpeko|Morpeko-Hangry||[from] ability: Hunger Switch
|upkeep
|turn|109
|
|t:|1624529557
|move|p1a: Morpeko|Rapid Spin|p2a: Tangela
|-damage|p2a: Tangela|94/100
|-boost|p1a: Morpeko|spe|1
|-sideend|p1: one of the bouys|Stealth Rock|[from] move: Rapid Spin|[of] p1a: Morpeko
|-end|p1a: Morpeko|Infestation|[partiallytrapped]
|move|p2a: Tangela|Infestation|p1a: Morpeko
|-supereffective|p1a: Morpeko
|-damage|p1a: Morpeko|22/100
|-activate|p1a: Morpeko|move: Infestation|[of] p2a: Tangela
|
|-damage|p1a: Morpeko|9/100|[from] move: Infestation|[partiallytrapped]
|-formechange|p1a: Morpeko|Morpeko||[from] ability: Hunger Switch
|upkeep
|turn|110
|
|t:|1624529568
|move|p1a: Morpeko|Parting Shot|p2a: Tangela
|-unboost|p2a: Tangela|atk|1
|-unboost|p2a: Tangela|spa|1
|
|t:|1624529575
|switch|p1a: Weezing|Weezing, F|21/100|[from]move: Parting Shot
|-ability|p1a: Weezing|Neutralizing Gas
|move|p2a: Tangela|Knock Off|p1a: Weezing
|-damage|p1a: Weezing|17/100
|
|upkeep
|turn|111
|-message|FNC_Urgot forfeited.
|
|win|one of the bouys
|raw|one of the bouys's rating: 1575 &rarr; <strong>1590</strong><br />(+15 for winning)
|raw|FNC_Urgot's rating: 1495 &rarr; <strong>1480</strong><br />(-15 for losing)
|l|☆FNC_Urgot
