|j|☆HJAD
|j|☆Skipkan
|player|p1|HJAD|lance-gen2|
|player|p2|Skipkan|twins|
|teamsize|p1|6
|teamsize|p2|6
|gametype|singles
|gen|8
|tier|[Gen 8] PU
|clearpoke
|poke|p1|Ninjask, M|
|poke|p1|Silvally-*|
|poke|p1|Solrock|
|poke|p1|Hattrem, F|
|poke|p1|Roselia, M|
|poke|p1|Vibrava, F|
|poke|p2|Silvally-*|
|poke|p2|Liepard, F|
|poke|p2|Mawile, F|
|poke|p2|Vibrava, M|
|poke|p2|Lapras, F|
|poke|p2|Ninjask, F|
|rule|Sleep Clause Mod: Limit one foe put to sleep
|rule|Species Clause: Limit one of each Pokémon
|rule|OHKO Clause: OHKO moves are banned
|rule|Evasion Moves Clause: Evasion moves are banned
|rule|Endless Battle Clause: Forcing endless battles is banned
|rule|HP Percentage Mod: HP is shown in percentages
|rule|Dynamax Clause: You cannot dynamax
|teampreview
|c|☆Skipkan|gl, hf
|c|☆HJAD|u2 fam
|
|start
|switch|p1a: Vibrava|Vibrava, F|100/100
|switch|p2a: Ninjask|Ninjask, F|100/100
|turn|1
|j| kelly ㋛ kafka
|
|move|p2a: Ninjask|U-turn|p1a: Vibrava
|-damage|p1a: Vibrava|75/100
|
|switch|p2a: Mawile|Mawile, F|100/100|[from]move: U-turn
|-ability|p2a: Mawile|Intimidate|boost
|-unboost|p1a: Vibrava|atk|1
|move|p1a: Vibrava|U-turn|p2a: Mawile
|-resisted|p2a: Mawile
|-damage|p2a: Mawile|99/100
|-damage|p1a: Vibrava|58/100|[from] item: Rocky Helmet|[of] p2a: Mawile
|c| kelly ㋛ kafka|you mind if i link?
|c| kelly ㋛ kafka|nvm lol
|j|+Specs Jigglypuff
|c|☆HJAD|absolutely link away
|c| kelly ㋛ kafka|https://play.pokemonshowdown.com/battle-gen8pu-1081409674
|j| Lobissa
|j|+tjay
|j| R!sque Biscuit
|
|switch|p1a: Hattrem|Hattrem, F|100/100|[from]move: U-turn
|
|upkeep
|turn|2
|j| rw
|l| R!sque Biscuit
|j| FakeTlenit1
|
|switch|p2a: Lapras|Lapras, F|100/100
|move|p1a: Hattrem|Mystical Fire|p2a: Lapras
|-damage|p2a: Lapras|89/100
|-unboost|p2a: Lapras|spa|1
|
|upkeep
|turn|3
|j| Lockjaw
|
|move|p2a: Lapras|Ice Beam|p1a: Hattrem
|-damage|p1a: Hattrem|64/100
|move|p1a: Hattrem|Nuzzle|p2a: Lapras
|-supereffective|p2a: Lapras
|-damage|p2a: Lapras|85/100
|-status|p2a: Lapras|par
|
|upkeep
|turn|4
|
|move|p1a: Hattrem|Giga Drain|p2a: Lapras
|-supereffective|p2a: Lapras
|-damage|p2a: Lapras|64/100 par
|-heal|p1a: Hattrem|80/100|[from] drain|[of] p2a: Lapras
|move|p2a: Lapras|Ice Beam|p1a: Hattrem
|-damage|p1a: Hattrem|46/100
|
|upkeep
|turn|5
|
|move|p1a: Hattrem|Giga Drain|p2a: Lapras
|-supereffective|p2a: Lapras
|-damage|p2a: Lapras|39/100 par
|-heal|p1a: Hattrem|64/100|[from] drain|[of] p2a: Lapras
|move|p2a: Lapras|Ice Beam|p1a: Hattrem
|-damage|p1a: Hattrem|29/100
|
|upkeep
|turn|6
|j| uwuette
|
|move|p1a: Hattrem|Giga Drain|p2a: Lapras
|-supereffective|p2a: Lapras
|-damage|p2a: Lapras|15/100 par
|-heal|p1a: Hattrem|47/100|[from] drain|[of] p2a: Lapras
|move|p2a: Lapras|Ice Beam|p1a: Hattrem
|-damage|p1a: Hattrem|10/100
|
|upkeep
|turn|7
|j| Stratis
|
|switch|p2a: Vibrava|Vibrava, M|100/100
|move|p1a: Hattrem|Giga Drain|p2a: Vibrava
|-damage|p2a: Vibrava|80/100
|-heal|p1a: Hattrem|20/100|[from] drain|[of] p2a: Vibrava
|
|upkeep
|turn|8
|
|switch|p1a: Ninjask|Ninjask, M|100/100
|move|p2a: Vibrava|U-turn|p1a: Ninjask
|-resisted|p1a: Ninjask
|-damage|p1a: Ninjask|86/100
|
|switch|p2a: Mawile|Mawile, F|99/100|[from]move: U-turn
|-ability|p2a: Mawile|Intimidate|boost
|-unboost|p1a: Ninjask|atk|1
|
|upkeep
|turn|9
|
|switch|p1a: Silvally|Silvally-Bug|100/100
|move|p2a: Mawile|Play Rough|p1a: Silvally
|-damage|p1a: Silvally|71/100
|
|upkeep
|turn|10
|j| hamhamhamham
|c|+tjay|nobody beats the
|
|switch|p2a: Silvally|Silvally-Flying|100/100
|move|p1a: Silvally|Flamethrower|p2a: Silvally
|-damage|p2a: Silvally|80/100
|
|upkeep
|turn|11
|
|switch|p1a: Solrock|Solrock|100/100
|move|p2a: Silvally|Surf|p1a: Solrock
|-supereffective|p1a: Solrock
|-damage|p1a: Solrock|52/100
|
|-heal|p1a: Solrock|58/100|[from] item: Leftovers
|upkeep
|turn|12
|j| Oathkeepre
|
|move|p2a: Silvally|Parting Shot|p1a: Solrock
|-unboost|p1a: Solrock|atk|1
|-unboost|p1a: Solrock|spa|1
|
|switch|p2a: Liepard|Liepard, F|100/100|[from]move: Parting Shot
|move|p1a: Solrock|Morning Sun|p1a: Solrock
|-heal|p1a: Solrock|100/100
|
|upkeep
|turn|13
|
|move|p2a: Liepard|Dark Pulse|p1a: Solrock
|-supereffective|p1a: Solrock
|-damage|p1a: Solrock|0 fnt
|faint|p1a: Solrock
|
|upkeep
|
|switch|p1a: Roselia|Roselia, M|100/100
|turn|14
|
|move|p2a: Liepard|Dark Pulse|p1a: Roselia
|-damage|p1a: Roselia|75/100
|move|p1a: Roselia|Spikes|p2a: Liepard
|-sidestart|p2: Skipkan|Spikes
|
|upkeep
|turn|15
|
|switch|p1a: Silvally|Silvally-Bug|71/100
|move|p2a: Liepard|Encore||[still]
|-fail|p2a: Liepard
|
|upkeep
|turn|16
|
|switch|p2a: Mawile|Mawile, F|99/100
|-damage|p2a: Mawile|86/100|[from] Spikes
|-ability|p2a: Mawile|Intimidate|boost
|-unboost|p1a: Silvally|atk|1
|move|p1a: Silvally|U-turn|p2a: Mawile
|-resisted|p2a: Mawile
|-damage|p2a: Mawile|81/100
|-damage|p1a: Silvally|55/100|[from] item: Rocky Helmet|[of] p2a: Mawile
|
|switch|p1a: Hattrem|Hattrem, F|20/100|[from]move: U-turn
|
|upkeep
|turn|17
|
|switch|p1a: Silvally|Silvally-Bug|55/100
|move|p2a: Mawile|Play Rough|p1a: Silvally
|-damage|p1a: Silvally|27/100
|
|upkeep
|turn|18
|j| Electric win
|
|switch|p2a: Lapras|Lapras, F|15/100 par
|-damage|p2a: Lapras|2/100 par|[from] Spikes
|move|p1a: Silvally|Flamethrower|p2a: Lapras
|-damage|p2a: Lapras|0 fnt
|faint|p2a: Lapras
|
|upkeep
|
|switch|p2a: Ninjask|Ninjask, F|100/100
|turn|19
|l| Electric win
|
|switch|p1a: Hattrem|Hattrem, F|20/100
|move|p2a: Ninjask|Acrobatics|p1a: Hattrem
|-damage|p1a: Hattrem|0 fnt
|faint|p1a: Hattrem
|
|-ability|p2a: Ninjask|Speed Boost|boost
|-boost|p2a: Ninjask|spe|1
|upkeep
|c|☆HJAD|well someone beats the bug
|-message|HJAD forfeited.
|
|win|Skipkan
|l|☆HJAD
