|raw|<div class="broadcast-blue"><strong>This battle is required to be public due to a player having a name starting with 'pult4c1'.</div>
|j|☆Frampoo 1
|j|☆pult4c1 shane
|t:|1660910291
|gametype|singles
|player|p1|Frampoo 1|rood|1323
|player|p2|pult4c1 shane|veteran|1606
|teamsize|p1|6
|teamsize|p2|6
|gen|8
|tier|[Gen 8] PU
|rated|
|rule|Sleep Clause Mod: Limit one foe put to sleep
|rule|Species Clause: Limit one of each Pokémon
|rule|OHKO Clause: OHKO moves are banned
|rule|Evasion Items Clause: Evasion items are banned
|rule|Evasion Moves Clause: Evasion moves are banned
|rule|Endless Battle Clause: Forcing endless battles is banned
|rule|HP Percentage Mod: HP is shown in percentages
|rule|Dynamax Clause: You cannot dynamax
|clearpoke
|poke|p1|Metang|
|poke|p1|Comfey, M|
|poke|p1|Lanturn, F|
|poke|p1|Gourgeist-*, M|
|poke|p1|Centiskorch, F|
|poke|p1|Persian-Alola, F|
|poke|p2|Scyther, F|
|poke|p2|Hattrem, F|
|poke|p2|Rhydon, F|
|poke|p2|Flareon, F|
|poke|p2|Jellicent, F|
|poke|p2|Silvally-*|
|teampreview
|inactive|Battle timer is ON: inactive players will automatically lose when time's up. (requested by pult4c1 shane)
|
|t:|1660910320
|start
|switch|p1a: Persian|Persian-Alola, F|100/100
|switch|p2a: Scyther|Scyther, F|100/100
|turn|1
|
|t:|1660910331
|switch|p2a: Silvally|Silvally-Fairy|100/100
|move|p1a: Persian|Power Gem|p2a: Silvally
|-damage|p2a: Silvally|74/100
|
|upkeep
|turn|2
|
|t:|1660910346
|switch|p1a: Metang|Metang|100/100
|move|p2a: Silvally|Multi-Attack|p1a: Metang
|-resisted|p1a: Metang
|-damage|p1a: Metang|89/100
|
|upkeep
|turn|3
|j| LivarUpp
|
|t:|1660910355
|switch|p2a: Hattrem|Hattrem, F|100/100
|move|p1a: Metang|Stealth Rock|p2a: Hattrem
|move|p2a: Hattrem|Stealth Rock|p1a: Metang|[from]ability: Magic Bounce
|-sidestart|p1: Frampoo 1|move: Stealth Rock
|
|upkeep
|turn|4
|
|t:|1660910368
|move|p1a: Metang|Meteor Mash|p2a: Hattrem
|-damage|p2a: Hattrem|78/100
|move|p2a: Hattrem|Psychic|p1a: Metang
|-resisted|p1a: Metang
|-damage|p1a: Metang|83/100
|
|upkeep
|turn|5
|
|t:|1660910383
|move|p1a: Metang|Meteor Mash|p2a: Hattrem
|-damage|p2a: Hattrem|57/100
|move|p2a: Hattrem|Psychic|p1a: Metang
|-resisted|p1a: Metang
|-damage|p1a: Metang|77/100
|
|upkeep
|turn|6
|
|t:|1660910390
|move|p1a: Metang|Meteor Mash|p2a: Hattrem
|-damage|p2a: Hattrem|34/100
|move|p2a: Hattrem|Psychic|p1a: Metang
|-resisted|p1a: Metang
|-damage|p1a: Metang|71/100
|
|upkeep
|turn|7
|
|t:|1660910397
|move|p1a: Metang|Meteor Mash|p2a: Hattrem
|-damage|p2a: Hattrem|10/100
|move|p2a: Hattrem|Rest|p2a: Hattrem
|-status|p2a: Hattrem|slp|[from] move: Rest
|-heal|p2a: Hattrem|100/100 slp|[silent]
|
|upkeep
|turn|8
|
|t:|1660910417
|switch|p1a: Persian|Persian-Alola, F|100/100
|-damage|p1a: Persian|88/100|[from] Stealth Rock
|switch|p2a: Jellicent|Jellicent, F|100/100
|
|upkeep
|turn|9
|
|t:|1660910425
|switch|p2a: Silvally|Silvally-Fairy|74/100
|move|p1a: Persian|Dark Pulse|p2a: Silvally
|-resisted|p2a: Silvally
|-damage|p2a: Silvally|53/100
|
|upkeep
|turn|10
|j| PULT4C1 Inder
|
|t:|1660910433
|switch|p1a: Metang|Metang|71/100
|-damage|p1a: Metang|65/100|[from] Stealth Rock
|move|p2a: Silvally|Rest|p2a: Silvally
|-status|p2a: Silvally|slp|[from] move: Rest
|-heal|p2a: Silvally|100/100 slp|[silent]
|
|upkeep
|turn|11
|
|t:|1660910450
|switch|p2a: Hattrem|Hattrem, F|100/100 slp
|move|p1a: Metang|Meteor Mash|p2a: Hattrem
|-crit|p2a: Hattrem
|-damage|p2a: Hattrem|69/100 slp
|
|upkeep
|turn|12
|
|t:|1660910461
|switch|p1a: Centiskorch|Centiskorch, F|100/100
|switch|p2a: Jellicent|Jellicent, F|100/100
|
|upkeep
|turn|13
|
|t:|1660910471
|switch|p1a: Lanturn|Lanturn, F|100/100
|-damage|p1a: Lanturn|88/100|[from] Stealth Rock
|move|p2a: Jellicent|Surf|p1a: Lanturn
|-resisted|p1a: Lanturn
|-damage|p1a: Lanturn|68/100
|
|-heal|p1a: Lanturn|74/100|[from] item: Leftovers
|upkeep
|turn|14
|
|t:|1660910484
|switch|p2a: Flareon|Flareon, F|100/100
|move|p1a: Lanturn|Toxic|p2a: Flareon
|-status|p2a: Flareon|tox
|
|-heal|p1a: Lanturn|80/100|[from] item: Leftovers
|-damage|p2a: Flareon|95/100 tox|[from] psn
|upkeep
|turn|15
|j| PULT4C1 eifo
|j| thequarefellow
|
|t:|1660910504
|move|p1a: Lanturn|Scald|p2a: Flareon
|-supereffective|p2a: Flareon
|-damage|p2a: Flareon|62/100 tox
|move|p2a: Flareon|Heal Bell|p2a: Flareon
|-activate|p2a: Flareon|move: Heal Bell
|-curestatus|p2a: Flareon|tox|[msg]
|-curestatus|p2: Hattrem|slp|[msg]
|-curestatus|p2: Silvally|slp|[msg]
|
|-heal|p1a: Lanturn|86/100|[from] item: Leftovers
|-heal|p2a: Flareon|68/100|[from] item: Leftovers
|upkeep
|turn|16
|c| PULT4C1 Inder|GOGO SHANE
|
|t:|1660910517
|move|p2a: Flareon|Protect|p2a: Flareon
|-singleturn|p2a: Flareon|Protect
|move|p1a: Lanturn|Toxic|p2a: Flareon
|-activate|p2a: Flareon|move: Protect
|
|-heal|p1a: Lanturn|92/100|[from] item: Leftovers
|-heal|p2a: Flareon|74/100|[from] item: Leftovers
|upkeep
|turn|17
|c|☆pult4c1 shane|:D
|
|t:|1660910526
|switch|p2a: Hattrem|Hattrem, F|69/100
|move|p1a: Lanturn|Volt Switch|p2a: Hattrem
|-damage|p2a: Hattrem|51/100
|
|t:|1660910537
|switch|p1a: Centiskorch|Centiskorch, F|100/100|[from]move: Volt Switch
|
|upkeep
|turn|18
|
|t:|1660910553
|switch|p2a: Rhydon|Rhydon, F|100/100
|move|p1a: Centiskorch|Knock Off|p2a: Rhydon
|-damage|p2a: Rhydon|83/100
|-enditem|p2a: Rhydon|Eviolite|[from] move: Knock Off|[of] p1a: Centiskorch
|
|upkeep
|turn|19
|c| thequarefellow|GO GO FRAMPOOOOOO
|
|t:|1660910562
|switch|p2a: Scyther|Scyther, F|100/100
|move|p1a: Centiskorch|Power Whip|p2a: Scyther
|-resisted|p2a: Scyther
|-damage|p2a: Scyther|86/100
|
|upkeep
|turn|20
|c| PULT4C1 Inder|:(
|
|t:|1660910580
|switch|p1a: Lanturn|Lanturn, F|92/100
|-damage|p1a: Lanturn|80/100|[from] Stealth Rock
|move|p2a: Scyther|Dual Wingbeat|p1a: Lanturn
|-resisted|p1a: Lanturn
|-damage|p1a: Lanturn|62/100
|-resisted|p1a: Lanturn
|-damage|p1a: Lanturn|45/100
|-hitcount|p1a: Lanturn|2
|-damage|p2a: Scyther|76/100|[from] item: Life Orb
|
|-heal|p1a: Lanturn|51/100|[from] item: Leftovers
|upkeep
|turn|21
|
|t:|1660910593
|move|p2a: Scyther|U-turn|p1a: Lanturn
|-damage|p1a: Lanturn|9/100
|-damage|p2a: Scyther|66/100|[from] item: Life Orb
|
|t:|1660910602
|switch|p2a: Silvally|Silvally-Fairy|100/100|[from]move: U-turn
|move|p1a: Lanturn|Volt Switch|p2a: Silvally
|-damage|p2a: Silvally|84/100
|j| PULT4C1 Haffling
|
|t:|1660910612
|switch|p1a: Centiskorch|Centiskorch, F|100/100|[from]move: Volt Switch
|
|upkeep
|turn|22
|
|t:|1660910620
|switch|p2a: Flareon|Flareon, F|74/100
|move|p1a: Centiskorch|Fire Lash|p2a: Flareon
|-start|p2a: Flareon|ability: Flash Fire
|
|-heal|p2a: Flareon|80/100|[from] item: Leftovers
|upkeep
|turn|23
|inactive|pult4c1 shane has 120 seconds left.
|
|t:|1660910659
|-end|p2a: Flareon|ability: Flash Fire|[silent]
|switch|p2a: Scyther|Scyther, F|66/100
|move|p1a: Centiskorch|Knock Off|p2a: Scyther
|-damage|p2a: Scyther|13/100
|-enditem|p2a: Scyther|Life Orb|[from] move: Knock Off|[of] p1a: Centiskorch
|
|upkeep
|turn|24
|inactive|pult4c1 shane has 120 seconds left.
|
|t:|1660910672
|switch|p1a: Lanturn|Lanturn, F|9/100
|-damage|p1a: Lanturn|0 fnt|[from] Stealth Rock
|faint|p1a: Lanturn
|move|p2a: Scyther|Roost|p2a: Scyther
|-heal|p2a: Scyther|63/100
|-singleturn|p2a: Scyther|move: Roost
|
|upkeep
|
|t:|1660910681
|switch|p1a: Persian|Persian-Alola, F|88/100
|-damage|p1a: Persian|76/100|[from] Stealth Rock
|turn|25
|
|t:|1660910689
|switch|p2a: Silvally|Silvally-Fairy|84/100
|move|p1a: Persian|Parting Shot|p2a: Silvally
|-unboost|p2a: Silvally|atk|1
|-unboost|p2a: Silvally|spa|1
|
|t:|1660910702
|switch|p1a: Metang|Metang|65/100|[from]move: Parting Shot
|-damage|p1a: Metang|59/100|[from] Stealth Rock
|
|upkeep
|turn|26
|j| H.M.N.I.P
|
|t:|1660910720
|switch|p2a: Jellicent|Jellicent, F|100/100
|move|p1a: Metang|Meteor Mash|p2a: Jellicent
|-resisted|p2a: Jellicent
|-damage|p2a: Jellicent|77/100
|
|upkeep
|turn|27
|
|t:|1660910737
|move|p2a: Jellicent|Shadow Ball|p1a: Metang
|-supereffective|p1a: Metang
|-damage|p1a: Metang|0 fnt
|faint|p1a: Metang
|
|upkeep
|
|t:|1660910748
|switch|p1a: Centiskorch|Centiskorch, F|100/100
|turn|28
|
|t:|1660910760
|switch|p2a: Hattrem|Hattrem, F|51/100
|move|p1a: Centiskorch|Fire Lash|p2a: Hattrem
|-damage|p2a: Hattrem|24/100
|-unboost|p2a: Hattrem|def|1
|
|upkeep
|turn|29
|
|t:|1660910768
|move|p1a: Centiskorch|Knock Off|p2a: Hattrem
|-supereffective|p2a: Hattrem
|-damage|p2a: Hattrem|0 fnt
|-enditem|p2a: Hattrem|Eviolite|[from] move: Knock Off|[of] p1a: Centiskorch
|faint|p2a: Hattrem
|
|upkeep
|
|t:|1660910778
|switch|p2a: Scyther|Scyther, F|63/100
|turn|30
|
|t:|1660910786
|switch|p1a: Comfey|Comfey, M|100/100
|-damage|p1a: Comfey|88/100|[from] Stealth Rock
|move|p2a: Scyther|Dual Wingbeat|p1a: Comfey
|-damage|p1a: Comfey|65/100
|-damage|p1a: Comfey|42/100
|-hitcount|p1a: Comfey|2
|
|-heal|p1a: Comfey|48/100|[from] item: Leftovers
|upkeep
|turn|31
|
|t:|1660910799
|move|p1a: Comfey|Draining Kiss|p2a: Scyther
|-damage|p2a: Scyther|39/100
|-heal|p1a: Comfey|65/100|[from] drain|[of] p2a: Scyther
|move|p2a: Scyther|Knock Off|p1a: Comfey
|-resisted|p1a: Comfey
|-damage|p1a: Comfey|52/100
|-enditem|p1a: Comfey|Leftovers|[from] move: Knock Off|[of] p2a: Scyther
|
|upkeep
|turn|32
|
|t:|1660910813
|move|p1a: Comfey|Draining Kiss|p2a: Scyther
|-damage|p2a: Scyther|16/100
|-heal|p1a: Comfey|68/100|[from] drain|[of] p2a: Scyther
|move|p2a: Scyther|Roost|p2a: Scyther
|-heal|p2a: Scyther|66/100
|-singleturn|p2a: Scyther|move: Roost
|
|upkeep
|turn|33
|
|t:|1660910822
|move|p2a: Scyther|Dual Wingbeat|p1a: Comfey
|-damage|p1a: Comfey|44/100
|-damage|p1a: Comfey|18/100
|-hitcount|p1a: Comfey|2
|move|p1a: Comfey|Calm Mind|p1a: Comfey
|-boost|p1a: Comfey|spa|1
|-boost|p1a: Comfey|spd|1
|
|upkeep
|turn|34
|
|t:|1660910833
|move|p1a: Comfey|Draining Kiss|p2a: Scyther
|-damage|p2a: Scyther|35/100
|-heal|p1a: Comfey|39/100|[from] drain|[of] p2a: Scyther
|move|p2a: Scyther|Dual Wingbeat|p1a: Comfey
|-damage|p1a: Comfey|13/100
|-damage|p1a: Comfey|0 fnt
|faint|p1a: Comfey
|-hitcount|p1: Comfey|2
|
|upkeep
|
|t:|1660910844
|switch|p1a: Persian|Persian-Alola, F|76/100
|-damage|p1a: Persian|64/100|[from] Stealth Rock
|turn|35
|
|t:|1660910857
|switch|p2a: Silvally|Silvally-Fairy|84/100
|move|p1a: Persian|Parting Shot|p2a: Silvally
|-unboost|p2a: Silvally|atk|1
|-unboost|p2a: Silvally|spa|1
|
|t:|1660910864
|switch|p1a: Centiskorch|Centiskorch, F|100/100|[from]move: Parting Shot
|
|upkeep
|turn|36
|
|t:|1660910873
|switch|p2a: Rhydon|Rhydon, F|83/100
|move|p1a: Centiskorch|Fire Lash|p2a: Rhydon
|-resisted|p2a: Rhydon
|-damage|p2a: Rhydon|68/100
|-unboost|p2a: Rhydon|def|1
|
|upkeep
|turn|37
|
|t:|1660910884
|move|p1a: Centiskorch|Power Whip|p2a: Rhydon|[miss]
|-miss|p1a: Centiskorch|p2a: Rhydon
|move|p2a: Rhydon|Rock Blast|p1a: Centiskorch
|-supereffective|p1a: Centiskorch
|-damage|p1a: Centiskorch|43/100
|-supereffective|p1a: Centiskorch
|-damage|p1a: Centiskorch|0 fnt
|faint|p1a: Centiskorch
|-hitcount|p1: Centiskorch|2
|
|upkeep
|c|☆pult4c1 shane|sorry
|-message|Frampoo 1 forfeited.
|
|win|pult4c1 shane
|raw|Frampoo 1's rating: 1323 &rarr; <strong>1316</strong><br />(-7 for losing)
|raw|pult4c1 shane's rating: 1606 &rarr; <strong>1613</strong><br />(+7 for winning)
|l|☆Frampoo 1
